  <div class='ocr_page' id='page_1' title='image "/cluster/home/n/w/nwhite01/storage/ocr_20150623/115:no.2/coo.31924054870195/235.png"; bbox 0 0 3994 6432; ppageno 0'>
   <div class='ocr_carea' id='block_1_1' title="bbox 350 372 458 445">
    <p class='ocr_par' dir='ltr' id='par_1_1' title="bbox 350 372 458 445">
     <span class='ocr_line' id='line_1_1' title="bbox 350 372 458 445; baseline -0.074 0"><span class='ocrx_word' id='word_1_1' title='bbox 350 372 458 445; x_wconf 69' lang='grc'><strong>455</strong></span> 
     </span>
    </p>
   </div>
   <div class='ocr_carea' id='block_1_2' title="bbox 1674 369 2292 436">
    <p class='ocr_par' dir='ltr' id='par_1_2' title="bbox 1674 369 2292 436">
     <span class='ocr_line' id='line_1_2' title="bbox 1674 369 2292 436; baseline -0.008 -2"><span class='ocrx_word' id='word_1_2' title='bbox 1674 371 1957 436; x_wconf 83' lang='lat' dir='ltr'><strong>MENSIS</strong></span> <span class='ocrx_word' id='word_1_3' title='bbox 1996 369 2292 432; x_wconf 73' lang='lat' dir='ltr'><strong>IULIUS.</strong></span> 
     </span>
    </p>
   </div>
   <div class='ocr_carea' id='block_1_3' title="bbox 3523 369 3632 432">
    <p class='ocr_par' dir='ltr' id='par_1_3' title="bbox 3523 369 3632 432">
     <span class='ocr_line' id='line_1_3' title="bbox 3523 369 3632 432; baseline 0 0"><span class='ocrx_word' id='word_1_4' title='bbox 3523 369 3632 432; x_wconf 77' lang='grc'><strong>456</strong></span> 
     </span>
    </p>
   </div>
   <div class='ocr_carea' id='block_1_4' title="bbox 352 479 1967 556">
    <p class='ocr_par' dir='ltr' id='par_1_4' title="bbox 352 484 1953 556">
     <span class='ocr_line' id='line_1_4' title="bbox 352 484 1953 556; baseline -0.003 -12"><span class='ocrx_word' id='word_1_5' title='bbox 352 502 528 552; x_wconf 84' lang='lat' dir='ltr'><strong>mens.</strong></span> <span class='ocrx_word' id='word_1_6' title='bbox 557 488 690 541; x_wconf 79' lang='lat' dir='ltr'><strong>Cum</strong></span> <span class='ocrx_word' id='word_1_7' title='bbox 721 491 900 541; x_wconf 83' lang='lat' dir='ltr'><strong>autem</strong></span> <span class='ocrx_word' id='word_1_8' title='bbox 944 484 1166 540; x_wconf 67' lang='lat' dir='ltr'><strong>vidisset</strong></span> <span class='ocrx_word' id='word_1_9' title='bbox 1193 499 1421 552; x_wconf 67' lang='lat' dir='ltr'><strong>cmcum,</strong></span> <span class='ocrx_word' id='word_1_10' title='bbox 1452 484 1663 556; x_wconf 77' lang='lat' dir='ltr'><strong>rogavit</strong></span> <span class='ocrx_word' id='word_1_11' title='bbox 1714 499 1953 555; x_wconf 86' lang='lat' dir='ltr'><strong>quonam</strong></span> 
     </span>
    </p>
   </div>
   <div class='ocr_carea' id='block_1_5' title="bbox 2075 479 3649 556">
    <p class='ocr_par' dir='ltr' id='par_1_5' title="bbox 2075 479 3649 554">
     <span class='ocr_line' id='line_1_5' title="bbox 2075 479 3649 554; baseline 0.003 -21"><span class='ocrx_word' id='word_1_12' title='bbox 2075 481 2206 553; x_wconf 81' lang='grc' dir='ltr'>;ξῄει</span> <span class='ocrx_word' id='word_1_13' title='bbox 2233 482 2333 551; x_wconf 84' lang='grc' dir='ltr'><strong>τῆς</strong></span> <span class='ocrx_word' id='word_1_14' title='bbox 2356 480 2613 552; x_wconf 76' lang='grc' dir='ltr'><strong>σπουδῆς,</strong></span> <span class='ocrx_word' id='word_1_15' title='bbox 2639 479 2977 551; x_wconf 79' lang='grc' dir='ltr'>παραλαϐὼν</span> <span class='ocrx_word' id='word_1_16' title='bbox 3007 482 3122 552; x_wconf 77' lang='grc' dir='ltr'><strong>ἃμα</strong></span> <span class='ocrx_word' id='word_1_17' title='bbox 3169 482 3261 534; x_wconf 67' lang='grc' dir='ltr'>καὶ</span> <span class='ocrx_word' id='word_1_18' title='bbox 3294 484 3386 535; x_wconf 64' lang='grc' dir='ltr'>τὸν</span> <span class='ocrx_word' id='word_1_19' title='bbox 3407 485 3649 554; x_wconf 86' lang='grc' dir='ltr'>πατέρα,</span> 
     </span>
    </p>
   </div>
   <div class='ocr_carea' id='block_1_6' title="bbox 349 576 1951 650">
    <p class='ocr_par' dir='ltr' id='par_1_6' title="bbox 349 576 1951 650">
     <span class='ocr_line' id='line_1_6' title="bbox 349 576 1951 650; baseline -0.003 -15"><span class='ocrx_word' id='word_1_20' title='bbox 349 594 489 650; x_wconf 83' lang='lat' dir='ltr'><strong>opus</strong></span> <span class='ocrx_word' id='word_1_21' title='bbox 555 579 804 633; x_wconf 82' lang='lat' dir='ltr'><strong>haberet.</strong></span> <span class='ocrx_word' id='word_1_22' title='bbox 859 576 956 631; x_wconf 83' lang='lat' dir='ltr'><strong>Ille</strong></span> <span class='ocrx_word' id='word_1_23' title='bbox 1005 592 1179 631; x_wconf 89' lang='lat' dir='ltr'><strong>vero:</strong></span> <span class='ocrx_word' id='word_1_24' title='bbox 1217 576 1384 642; x_wconf 86' lang='lat' dir='ltr'><strong>Luce,</strong></span> <span class='ocrx_word' id='word_1_25' title='bbox 1433 577 1633 648; x_wconf 80' lang='lat' dir='ltr'><strong>inquit,</strong></span> <span class='ocrx_word' id='word_1_26' title='bbox 1684 593 1790 649; x_wconf 90' lang='lat' dir='ltr'><strong>qua</strong></span> <span class='ocrx_word' id='word_1_27' title='bbox 1829 592 1951 632; x_wconf 91' lang='lat' dir='ltr'><strong>sum</strong></span> 
     </span>
    </p>
   </div>
   <div class='ocr_carea' id='block_1_7' title="bbox 352 668 1951 743">
    <p class='ocr_par' dir='ltr' id='par_1_7' title="bbox 352 668 1951 743">
     <span class='ocr_line' id='line_1_7' title="bbox 352 668 1951 743; baseline -0.001 -17"><span class='ocrx_word' id='word_1_28' title='bbox 352 674 619 743; x_wconf 87' lang='lat' dir='ltr'><strong>privatus,</strong></span> <span class='ocrx_word' id='word_1_29' title='bbox 672 680 728 726; x_wconf 88' lang='lat' dir='ltr'><strong>ot</strong></span> <span class='ocrx_word' id='word_1_30' title='bbox 775 684 881 739; x_wconf 86' lang='lat' dir='ltr'><strong>qun</strong></span> <span class='ocrx_word' id='word_1_31' title='bbox 929 668 1068 723; x_wconf 85' lang='lat' dir='ltr'><strong>nihil</strong></span> <span class='ocrx_word' id='word_1_32' title='bbox 1127 679 1211 724; x_wconf 88' lang='lat' dir='ltr'><strong>est</strong></span> <span class='ocrx_word' id='word_1_33' title='bbox 1263 669 1580 724; x_wconf 88' lang='lat' dir='ltr'><strong>hominibus</strong></span> <span class='ocrx_word' id='word_1_34' title='bbox 1631 669 1951 740; x_wconf 86' lang='lat' dir='ltr'><strong>jucundius.</strong></span> 
     </span>
    </p>
   </div>
   <div class='ocr_carea' id='block_1_8' title="bbox 351 762 1956 834">
    <p class='ocr_par' dir='ltr' id='par_1_8' title="bbox 351 762 1956 834">
     <span class='ocr_line' id='line_1_8' title="bbox 351 762 1956 834; baseline -0.001 -15"><span class='ocrx_word' id='word_1_35' title='bbox 351 762 719 820; x_wconf 81' lang='lat' dir='ltr'><strong>Misericordia</strong></span> <span class='ocrx_word' id='word_1_36' title='bbox 752 777 882 834; x_wconf 82' lang='lat' dir='ltr'><strong>ergo</strong></span> <span class='ocrx_word' id='word_1_37' title='bbox 913 773 1100 818; x_wconf 92' lang='lat' dir='ltr'><strong>motus</strong></span> <span class='ocrx_word' id='word_1_38' title='bbox 1155 777 1291 817; x_wconf 68' lang='lat' dir='ltr'><strong>mere</strong></span> <span class='ocrx_word' id='word_1_39' title='bbox 1342 763 1692 829; x_wconf 77' lang='lat' dir='ltr'><strong>calamitatis,</strong></span> <span class='ocrx_word' id='word_1_40' title='bbox 1737 763 1828 830; x_wconf 91' lang='lat' dir='ltr'><strong>da,</strong></span> <span class='ocrx_word' id='word_1_41' title='bbox 1883 779 1956 818; x_wconf 89' lang='lat' dir='ltr'><strong>ne</strong></span> 
     </span>
    </p>
   </div>
   <div class='ocr_carea' id='block_1_9' title="bbox 352 854 1957 923">
    <p class='ocr_par' dir='ltr' id='par_1_9' title="bbox 352 854 1957 923">
     <span class='ocr_line' id='line_1_9' title="bbox 352 854 1957 923; baseline 0.001 -15"><span class='ocrx_word' id='word_1_42' title='bbox 352 856 433 909; x_wconf 87' lang='lat' dir='ltr'><strong>sic</strong></span> <span class='ocrx_word' id='word_1_43' title='bbox 490 855 665 909; x_wconf 84' lang='lat' dir='ltr'><strong>vivam</strong></span> <span class='ocrx_word' id='word_1_44' title='bbox 726 854 1069 923; x_wconf 79' lang='lat' dir='ltr'><strong>imperfecte,</strong></span> <span class='ocrx_word' id='word_1_45' title='bbox 1125 863 1180 909; x_wconf 91' lang='lat' dir='ltr'><strong>et</strong></span> <span class='ocrx_word' id='word_1_46' title='bbox 1229 855 1394 908; x_wconf 88' lang='lat' dir='ltr'><strong>veluti</strong></span> <span class='ocrx_word' id='word_1_47' title='bbox 1425 871 1490 910; x_wconf 87' lang='lat' dir='ltr'><strong>ex</strong></span> <span class='ocrx_word' id='word_1_48' title='bbox 1545 855 1824 913; x_wconf 87' lang='lat' dir='ltr'><strong>dimidio:</strong></span> <span class='ocrx_word' id='word_1_49' title='bbox 1859 857 1957 911; x_wconf 84' lang='lat' dir='ltr'><strong>sed</strong></span> 
     </span>
    </p>
   </div>
   <div class='ocr_carea' id='block_1_10' title="bbox 355 945 1958 1016">
    <p class='ocr_par' dir='ltr' id='par_1_10' title="bbox 355 945 1958 1016">
     <span class='ocr_line' id='line_1_10' title="bbox 355 945 1958 1016; baseline 0.002 -16"><span class='ocrx_word' id='word_1_50' title='bbox 355 947 562 1000; x_wconf 86' lang='lat' dir='ltr'><strong>videam</strong></span> <span class='ocrx_word' id='word_1_51' title='bbox 596 946 786 1010; x_wconf 88' lang='lat' dir='ltr'><strong>solem,</strong></span> <span class='ocrx_word' id='word_1_52' title='bbox 825 947 1035 1000; x_wconf 87' lang='lat' dir='ltr'><strong>videam</strong></span> <span class='ocrx_word' id='word_1_53' title='bbox 1071 947 1291 1001; x_wconf 86' lang='lat' dir='ltr'><strong>coelum.</strong></span> <span class='ocrx_word' id='word_1_54' title='bbox 1321 945 1454 1000; x_wconf 86' lang='lat' dir='ltr'><strong>Nam</strong></span> <span class='ocrx_word' id='word_1_55' title='bbox 1494 963 1595 1002; x_wconf 87' lang='lat' dir='ltr'><strong>nos</strong></span> <span class='ocrx_word' id='word_1_56' title='bbox 1624 947 1844 1016; x_wconf 86' lang='lat' dir='ltr'><strong>quidem</strong></span> <span class='ocrx_word' id='word_1_57' title='bbox 1877 949 1958 1004; x_wconf 89' lang='lat' dir='ltr'><strong>sic</strong></span> 
     </span>
    </p>
   </div>
   <div class='ocr_carea' id='block_1_11' title="bbox 355 1034 1960 1106">
    <p class='ocr_par' dir='ltr' id='par_1_11' title="bbox 355 1034 1960 1106">
     <span class='ocr_line' id='line_1_11' title="bbox 355 1034 1960 1106; baseline 0.001 -17"><span class='ocrx_word' id='word_1_58' title='bbox 355 1036 622 1101; x_wconf 84' lang='lat' dir='ltr'><strong>viventes,</strong></span> <span class='ocrx_word' id='word_1_59' title='bbox 652 1035 791 1089; x_wconf 85' lang='lat' dir='ltr'><strong>nihil</strong></span> <span class='ocrx_word' id='word_1_60' title='bbox 814 1034 1129 1091; x_wconf 78' lang='lat' dir='ltr'><strong>differimus</strong></span> <span class='ocrx_word' id='word_1_61' title='bbox 1164 1036 1233 1090; x_wconf 87' lang='lat' dir='ltr'><strong>ab</strong></span> <span class='ocrx_word' id='word_1_62' title='bbox 1262 1035 1328 1090; x_wconf 91' lang='lat' dir='ltr'><strong>iis</strong></span> <span class='ocrx_word' id='word_1_63' title='bbox 1355 1037 1446 1105; x_wconf 89' lang='lat' dir='ltr'><strong>qui</strong></span> <span class='ocrx_word' id='word_1_64' title='bbox 1473 1043 1601 1090; x_wconf 86' lang='lat' dir='ltr'><strong>sunt</strong></span> <span class='ocrx_word' id='word_1_65' title='bbox 1636 1036 1781 1106; x_wconf 89' lang='lat' dir='ltr'><strong>apud</strong></span> <span class='ocrx_word' id='word_1_66' title='bbox 1821 1037 1960 1090; x_wconf 87' lang='lat' dir='ltr'><strong>infe-</strong></span> 
     </span>
    </p>
   </div>
   <div class='ocr_carea' id='block_1_12' title="bbox 359 1117 1962 1202">
    <p class='ocr_par' dir='ltr' id='par_1_12' title="bbox 359 1117 1962 1202">
     <span class='ocr_line' id='line_1_12' title="bbox 359 1117 1962 1202; baseline 0.002 -22"><span class='ocrx_word' id='word_1_67' title='bbox 359 1143 470 1183; x_wconf 86' lang='lat' dir='ltr'><strong>ros.</strong></span> <span class='ocrx_word' id='word_1_68' title='bbox 529 1129 752 1182; x_wconf 86' lang='lat' dir='ltr'><strong>Etcum</strong></span> <span class='ocrx_word' id='word_1_69' title='bbox 821 1127 1112 1183; x_wconf 83' lang='lat' dir='ltr'><strong>facultates</strong></span> <span class='ocrx_word' id='word_1_70' title='bbox 1167 1143 1360 1183; x_wconf 88' lang='lat' dir='ltr'><strong>omnes</strong></span> <span class='ocrx_word' id='word_1_71' title='bbox 1419 1128 1649 1184; x_wconf 88' lang='lat' dir='ltr'><strong>medicis</strong></span> <span class='ocrx_word' id='word_1_72' title='bbox 1683 1117 1962 1202; x_wconf 62' lang='lat' dir='ltr'><strong>praebue-</strong></span> 
     </span>
    </p>
   </div>
   <div class='ocr_carea' id='block_1_13' title="bbox 359 1221 1961 1293">
    <p class='ocr_par' dir='ltr' id='par_1_13' title="bbox 359 1221 1961 1293">
     <span class='ocr_line' id='line_1_13' title="bbox 359 1221 1961 1293; baseline 0.002 -19"><span class='ocrx_word' id='word_1_73' title='bbox 359 1221 554 1285; x_wconf 87' lang='lat' dir='ltr'><strong>rimus,</strong></span> <span class='ocrx_word' id='word_1_74' title='bbox 606 1221 882 1276; x_wconf 88' lang='lat' dir='ltr'><strong>modicum</strong></span> <span class='ocrx_word' id='word_1_75' title='bbox 914 1237 1133 1292; x_wconf 89' lang='lat' dir='ltr'><strong>quoque</strong></span> <span class='ocrx_word' id='word_1_76' title='bbox 1183 1221 1392 1293; x_wconf 78' lang='lat' dir='ltr'><strong>lumen,</strong></span> <span class='ocrx_word' id='word_1_77' title='bbox 1446 1223 1592 1292; x_wconf 90' lang='lat' dir='ltr'><strong>quod</strong></span> <span class='ocrx_word' id='word_1_78' title='bbox 1640 1232 1760 1278; x_wconf 90' lang='lat' dir='ltr'><strong>erat</strong></span> <span class='ocrx_word' id='word_1_79' title='bbox 1805 1223 1961 1278; x_wconf 88' lang='lat' dir='ltr'><strong>nobis</strong></span> 
     </span>
    </p>
   </div>
   <div class='ocr_carea' id='block_1_14' title="bbox 360 1313 1963 1384">
    <p class='ocr_par' dir='ltr' id='par_1_14' title="bbox 360 1313 1963 1384">
     <span class='ocr_line' id='line_1_14' title="bbox 360 1313 1963 1384; baseline 0.001 -18"><span class='ocrx_word' id='word_1_80' title='bbox 360 1313 659 1383; x_wconf 88' lang='lat' dir='ltr'><strong>reliquum,</strong></span> <span class='ocrx_word' id='word_1_81' title='bbox 715 1314 1000 1368; x_wconf 88' lang='lat' dir='ltr'><strong>amisimus</strong></span> <span class='ocrx_word' id='word_1_82' title='bbox 1033 1332 1047 1369; x_wconf 89' lang='lat'><strong>:</strong></span> <span class='ocrx_word' id='word_1_83' title='bbox 1078 1315 1185 1369; x_wconf 89' lang='lat' dir='ltr'><strong>hoc</strong></span> <span class='ocrx_word' id='word_1_84' title='bbox 1245 1314 1422 1377; x_wconf 81' lang='lat' dir='ltr'><strong>solum</strong></span> <span class='ocrx_word' id='word_1_85' title='bbox 1452 1329 1482 1378; x_wconf 85' lang='lat' dir='ltr'><strong>a</strong></span> <span class='ocrx_word' id='word_1_86' title='bbox 1515 1314 1791 1384; x_wconf 84' lang='lat' dir='ltr'><strong>praeclaris</strong></span> <span class='ocrx_word' id='word_1_87' title='bbox 1856 1315 1963 1369; x_wconf 88' lang='lat' dir='ltr'><strong>illis</strong></span> 
     </span>
    </p>
   </div>
   <div class='ocr_carea' id='block_1_15' title="bbox 361 1405 1964 1476">
    <p class='ocr_par' dir='ltr' id='par_1_15' title="bbox 361 1405 1964 1476">
     <span class='ocr_line' id='line_1_15' title="bbox 361 1405 1964 1476; baseline 0.002 -19"><span class='ocrx_word' id='word_1_88' title='bbox 361 1405 590 1460; x_wconf 89' lang='lat' dir='ltr'><strong>medicis</strong></span> <span class='ocrx_word' id='word_1_89' title='bbox 617 1406 879 1469; x_wconf 83' lang='lat' dir='ltr'><strong>assecuti,</strong></span> <span class='ocrx_word' id='word_1_90' title='bbox 906 1407 1052 1475; x_wconf 89' lang='lat' dir='ltr'><strong>quod</strong></span> <span class='ocrx_word' id='word_1_91' title='bbox 1079 1421 1203 1462; x_wconf 89' lang='lat' dir='ltr'><strong>cum</strong></span> <span class='ocrx_word' id='word_1_92' title='bbox 1260 1405 1609 1460; x_wconf 87' lang='lat' dir='ltr'><strong>facultatibus</strong></span> <span class='ocrx_word' id='word_1_93' title='bbox 1645 1406 1767 1461; x_wconf 89' lang='lat' dir='ltr'><strong>luce</strong></span> <span class='ocrx_word' id='word_1_94' title='bbox 1821 1421 1964 1476; x_wconf 79' lang='lat' dir='ltr'><strong>quo—</strong></span> 
     </span>
    </p>
   </div>
   <div class='ocr_carea' id='block_1_16' title="bbox 361 1497 1962 1570">
    <p class='ocr_par' dir='ltr' id='par_1_16' title="bbox 361 1497 1962 1570">
     <span class='ocr_line' id='line_1_16' title="bbox 361 1497 1962 1570; baseline -0.001 -16"><span class='ocrx_word' id='word_1_95' title='bbox 361 1514 468 1568; x_wconf 87' lang='lat' dir='ltr'><strong>que</strong></span> <span class='ocrx_word' id='word_1_96' title='bbox 497 1500 670 1554; x_wconf 90' lang='lat' dir='ltr'><strong>simus</strong></span> <span class='ocrx_word' id='word_1_97' title='bbox 728 1500 950 1570; x_wconf 81' lang='lat' dir='ltr'><strong>privati.</strong></span> <span class='ocrx_word' id='word_1_98' title='bbox 1010 1498 1312 1554; x_wconf 90' lang='lat' dir='ltr'><strong>P-antoleon</strong></span> <span class='ocrx_word' id='word_1_99' title='bbox 1367 1497 1765 1553; x_wconf 85' lang='lat' dir='ltr'><strong>autem:Cum</strong></span> <span class='ocrx_word' id='word_1_100' title='bbox 1818 1498 1962 1564; x_wconf 90' lang='lat' dir='ltr'><strong>aliis,</strong></span> 
     </span>
    </p>
   </div>
   <div class='ocr_carea' id='block_1_17' title="bbox 363 1587 1963 1656">
    <p class='ocr_par' dir='ltr' id='par_1_17' title="bbox 363 1587 1963 1656">
     <span class='ocr_line' id='line_1_17' title="bbox 363 1587 1963 1656; baseline 0.003 -17"><span class='ocrx_word' id='word_1_101' title='bbox 363 1587 564 1656; x_wconf 84' lang='lat' dir='ltr'><strong>inquit,</strong></span> <span class='ocrx_word' id='word_1_102' title='bbox 595 1588 824 1643; x_wconf 90' lang='lat' dir='ltr'><strong>medicis</strong></span> <span class='ocrx_word' id='word_1_103' title='bbox 855 1599 976 1643; x_wconf 87' lang='lat' dir='ltr'><strong>tuas</strong></span> <span class='ocrx_word' id='word_1_104' title='bbox 1006 1589 1222 1644; x_wconf 83' lang='lat' dir='ltr'><strong>dederis</strong></span> <span class='ocrx_word' id='word_1_105' title='bbox 1285 1589 1595 1654; x_wconf 86' lang='lat' dir='ltr'><strong>facultates,</strong></span> <span class='ocrx_word' id='word_1_106' title='bbox 1645 1599 1701 1645; x_wconf 90' lang='lat' dir='ltr'><strong>et</strong></span> <span class='ocrx_word' id='word_1_107' title='bbox 1754 1590 1963 1644; x_wconf 91' lang='lat' dir='ltr'><strong>nullam</strong></span> 
     </span>
    </p>
   </div>
   <div class='ocr_carea' id='block_1_18' title="bbox 364 1681 1966 1754">
    <p class='ocr_par' dir='ltr' id='par_1_18' title="bbox 364 1681 1966 1754">
     <span class='ocr_line' id='line_1_18' title="bbox 364 1681 1966 1754; baseline 0.004 -22"><span class='ocrx_word' id='word_1_108' title='bbox 364 1682 644 1748; x_wconf 83' lang='lat' dir='ltr'><strong>acceperis</strong></span> <span class='ocrx_word' id='word_1_109' title='bbox 669 1681 980 1746; x_wconf 85' lang='lat' dir='ltr'><strong>utilitatem,</strong></span> <span class='ocrx_word' id='word_1_110' title='bbox 1006 1681 1051 1734; x_wconf 91' lang='lat' dir='ltr'><strong>si</strong></span> <span class='ocrx_word' id='word_1_111' title='bbox 1080 1696 1268 1737; x_wconf 86' lang='lat' dir='ltr'><strong>rursus</strong></span> <span class='ocrx_word' id='word_1_112' title='bbox 1307 1683 1608 1752; x_wconf 80' lang='lat' dir='ltr'><strong>aspexeris,</strong></span> <span class='ocrx_word' id='word_1_113' title='bbox 1639 1683 1773 1754; x_wconf 87' lang='lat' dir='ltr'><strong>quid</strong></span> <span class='ocrx_word' id='word_1_114' title='bbox 1826 1683 1966 1738; x_wconf 89' lang='lat' dir='ltr'><strong>mihi</strong></span> 
     </span>
    </p>
   </div>
   <div class='ocr_carea' id='block_1_19' title="bbox 365 1771 1968 1844">
    <p class='ocr_par' dir='ltr' id='par_1_19' title="bbox 365 1771 1968 1844">
     <span class='ocr_line' id='line_1_19' title="bbox 365 1771 1968 1844; baseline 0.004 -20"><span class='ocrx_word' id='word_1_115' title='bbox 365 1771 558 1825; x_wconf 87' lang='lat' dir='ltr'><strong>dabis?</strong></span> <span class='ocrx_word' id='word_1_116' title='bbox 587 1771 682 1825; x_wconf 89' lang='lat' dir='ltr'><strong>Ille</strong></span> <span class='ocrx_word' id='word_1_117' title='bbox 713 1786 843 1826; x_wconf 82' lang='lat' dir='ltr'><strong>vero</strong></span> <span class='ocrx_word' id='word_1_118' title='bbox 875 1789 892 1826; x_wconf 83' lang='lat'><strong>:</strong></span> <span class='ocrx_word' id='word_1_119' title='bbox 921 1772 1051 1837; x_wconf 66' lang='lat' dir='ltr'><strong>Quae</strong></span> <span class='ocrx_word' id='word_1_120' title='bbox 1085 1785 1231 1838; x_wconf 89' lang='lat' dir='ltr'><strong>sunt,</strong></span> <span class='ocrx_word' id='word_1_121' title='bbox 1263 1774 1461 1844; x_wconf 87' lang='lat' dir='ltr'><strong>inquit,</strong></span> <span class='ocrx_word' id='word_1_122' title='bbox 1493 1775 1702 1844; x_wconf 78' lang='lat' dir='ltr'><strong>reliqua</strong></span> <span class='ocrx_word' id='word_1_123' title='bbox 1733 1790 1802 1830; x_wconf 77' lang='lat' dir='ltr'><strong>ex</strong></span> <span class='ocrx_word' id='word_1_124' title='bbox 1829 1775 1968 1831; x_wconf 86' lang='lat' dir='ltr'><strong>meis</strong></span> 
     </span>
    </p>
   </div>
   <div class='ocr_carea' id='block_1_20' title="bbox 364 1863 1966 1937">
    <p class='ocr_par' dir='ltr' id='par_1_20' title="bbox 364 1863 1966 1937">
     <span class='ocr_line' id='line_1_20' title="bbox 364 1863 1966 1937; baseline 0.003 -20"><span class='ocrx_word' id='word_1_125' title='bbox 364 1863 738 1928; x_wconf 81' lang='lat' dir='ltr'><strong>facultatibus,</strong></span> <span class='ocrx_word' id='word_1_126' title='bbox 791 1865 1070 1920; x_wconf 82' lang='lat' dir='ltr'><strong>exsolvam</strong></span> <span class='ocrx_word' id='word_1_127' title='bbox 1113 1874 1369 1937; x_wconf 89' lang='lat' dir='ltr'><strong>prompto</strong></span> <span class='ocrx_word' id='word_1_128' title='bbox 1417 1873 1476 1921; x_wconf 90' lang='lat' dir='ltr'><strong>et</strong></span> <span class='ocrx_word' id='word_1_129' title='bbox 1522 1867 1688 1924; x_wconf 87' lang='lat' dir='ltr'><strong>alacri</strong></span> <span class='ocrx_word' id='word_1_130' title='bbox 1761 1869 1966 1924; x_wconf 88' lang='lat' dir='ltr'><strong>animo.</strong></span> 
     </span>
    </p>
   </div>
   <div class='ocr_carea' id='block_1_21' title="bbox 368 1951 1970 2030">
    <p class='ocr_par' dir='ltr' id='par_1_21' title="bbox 368 1951 1970 2030">
     <span class='ocr_line' id='line_1_21' title="bbox 368 1951 1970 2030; baseline 0.006 -25"><span class='ocrx_word' id='word_1_131' title='bbox 368 1951 574 2007; x_wconf 86' lang='lat' dir='ltr'><strong>Deinde</strong></span> <span class='ocrx_word' id='word_1_132' title='bbox 624 1952 921 2010; x_wconf 88' lang='lat' dir='ltr'><strong>Pantoleon</strong></span> <span class='ocrx_word' id='word_1_133' title='bbox 953 1969 971 2007; x_wconf 85' lang='lat'><strong>:</strong></span> <span class='ocrx_word' id='word_1_134' title='bbox 1007 1955 1218 2010; x_wconf 79' lang='lat' dir='ltr'><strong>Donum</strong></span> <span class='ocrx_word' id='word_1_135' title='bbox 1272 1957 1517 2027; x_wconf 88' lang='lat' dir='ltr'><strong>quidem,</strong></span> <span class='ocrx_word' id='word_1_136' title='bbox 1575 1959 1773 2030; x_wconf 86' lang='lat' dir='ltr'><strong>inquit,</strong></span> <span class='ocrx_word' id='word_1_137' title='bbox 1829 1961 1970 2016; x_wconf 89' lang='lat' dir='ltr'><strong>lucis</strong></span> 
     </span>
    </p>
   </div>
   <div class='ocr_carea' id='block_1_22' title="bbox 365 2047 1972 2125">
    <p class='ocr_par' dir='ltr' id='par_1_22' title="bbox 365 2047 1972 2125">
     <span class='ocr_line' id='line_1_22' title="bbox 365 2047 1972 2125; baseline 0.007 -28"><span class='ocrx_word' id='word_1_138' title='bbox 365 2059 465 2114; x_wconf 86' lang='lat' dir='ltr'><strong>per</strong></span> <span class='ocrx_word' id='word_1_139' title='bbox 489 2061 591 2100; x_wconf 92' lang='lat' dir='ltr'><strong>nos</strong></span> <span class='ocrx_word' id='word_1_140' title='bbox 618 2047 716 2101; x_wconf 90' lang='lat' dir='ltr'><strong>tibi</strong></span> <span class='ocrx_word' id='word_1_141' title='bbox 741 2047 889 2103; x_wconf 87' lang='lat' dir='ltr'><strong>dabit</strong></span> <span class='ocrx_word' id='word_1_142' title='bbox 942 2049 1102 2103; x_wconf 85' lang='lat' dir='ltr'><strong>Pater</strong></span> <span class='ocrx_word' id='word_1_143' title='bbox 1133 2047 1409 2105; x_wconf 90' lang='lat' dir='ltr'><strong>luminum</strong></span> <span class='ocrx_word' id='word_1_144' title='bbox 1445 2069 1459 2107; x_wconf 80' lang='grc' dir='ltr'><strong>ι</strong></span> <span class='ocrx_word' id='word_1_145' title='bbox 1488 2061 1546 2106; x_wconf 81' lang='grc' dir='ltr'><strong>ιιι</strong></span> <span class='ocrx_word' id='word_1_146' title='bbox 1597 2062 1802 2118; x_wconf 87' lang='lat' dir='ltr'><strong>autem,</strong></span> <span class='ocrx_word' id='word_1_147' title='bbox 1850 2068 1972 2125; x_wconf 73' lang='lat' dir='ltr'><strong>qua:</strong></span> 
     </span>
    </p>
   </div>
   <div class='ocr_carea' id='block_1_23' title="bbox 367 2137 1666 2214">
    <p class='ocr_par' dir='ltr' id='par_1_23' title="bbox 367 2137 1666 2214">
     <span class='ocr_line' id='line_1_23' title="bbox 367 2137 1666 2214; baseline 0.008 -25"><span class='ocrx_word' id='word_1_148' title='bbox 367 2137 500 2191; x_wconf 88' lang='lat' dir='ltr'><strong>mihi</strong></span> <span class='ocrx_word' id='word_1_149' title='bbox 533 2153 594 2193; x_wconf 91' lang='lat' dir='ltr'><strong>es</strong></span> <span class='ocrx_word' id='word_1_150' title='bbox 621 2139 919 2209; x_wconf 87' lang='lat' dir='ltr'><strong>pollicitus,</strong></span> <span class='ocrx_word' id='word_1_151' title='bbox 950 2141 1109 2200; x_wconf 88' lang='lat' dir='ltr'><strong>vade.</strong></span> <span class='ocrx_word' id='word_1_152' title='bbox 1139 2153 1197 2197; x_wconf 88' lang='lat' dir='ltr'><strong>et</strong></span> <span class='ocrx_word' id='word_1_153' title='bbox 1219 2142 1285 2196; x_wconf 90' lang='lat' dir='ltr'><strong>da</strong></span> <span class='ocrx_word' id='word_1_154' title='bbox 1311 2145 1666 2214; x_wconf 86' lang='lat' dir='ltr'><strong>pauperibus.</strong></span> 
     </span>
    </p>
   </div>
   <div class='ocr_carea' id='block_1_24' title="bbox 438 2230 1972 2310">
    <p class='ocr_par' dir='ltr' id='par_1_24' title="bbox 438 2230 1972 2310">
     <span class='ocr_line' id='line_1_24' title="bbox 438 2230 1972 2310; baseline 0.008 -26"><span class='ocrx_word' id='word_1_155' title='bbox 438 2230 580 2285; x_wconf 81' lang='lat' dir='ltr'><strong>Vlll.</strong></span> <span class='ocrx_word' id='word_1_156' title='bbox 644 2231 770 2287; x_wconf 69' lang='grc' dir='ltr'><strong>ΙΙωο</strong></span> <span class='ocrx_word' id='word_1_157' title='bbox 808 2249 933 2288; x_wconf 90' lang='lat' dir='ltr'><strong>cum</strong></span> <span class='ocrx_word' id='word_1_158' title='bbox 998 2235 1262 2291; x_wconf 90' lang='lat' dir='ltr'><strong>audiisset</strong></span> <span class='ocrx_word' id='word_1_159' title='bbox 1307 2245 1480 2306; x_wconf 87' lang='lat' dir='ltr'><strong>pater.</strong></span> <span class='ocrx_word' id='word_1_160' title='bbox 1536 2253 1661 2293; x_wconf 92' lang='lat' dir='ltr'><strong>eum</strong></span> <span class='ocrx_word' id='word_1_161' title='bbox 1713 2253 1745 2300; x_wconf 85' lang='lat' dir='ltr'><strong>a</strong></span> <span class='ocrx_word' id='word_1_162' title='bbox 1791 2249 1972 2310; x_wconf 83' lang='lat' dir='ltr'><strong>coepto</strong></span> 
     </span>
    </p>
   </div>
   <div class='ocr_carea' id='block_1_25' title="bbox 368 2322 1969 2396">
    <p class='ocr_par' dir='ltr' id='par_1_25' title="bbox 368 2322 1969 2396">
     <span class='ocr_line' id='line_1_25' title="bbox 368 2322 1969 2396; baseline 0.007 -21"><span class='ocrx_word' id='word_1_163' title='bbox 368 2322 671 2379; x_wconf 85' lang='lat' dir='ltr'><strong>abducebat</strong></span> <span class='ocrx_word' id='word_1_164' title='bbox 705 2343 719 2379; x_wconf 92' lang='lat'><strong>:</strong></span> <span class='ocrx_word' id='word_1_165' title='bbox 767 2324 908 2392; x_wconf 86' lang='lat' dir='ltr'><strong>Noli,</strong></span> <span class='ocrx_word' id='word_1_166' title='bbox 942 2327 1154 2394; x_wconf 89' lang='lat' dir='ltr'><strong>dicens,</strong></span> <span class='ocrx_word' id='word_1_167' title='bbox 1177 2343 1209 2382; x_wconf 95' lang='lat' dir='ltr'><strong>o</strong></span> <span class='ocrx_word' id='word_1_168' title='bbox 1233 2329 1578 2396; x_wconf 89' lang='lat' dir='ltr'><strong>charissime,</strong></span> <span class='ocrx_word' id='word_1_169' title='bbox 1609 2347 1680 2387; x_wconf 90' lang='lat' dir='ltr'><strong>ne</strong></span> <span class='ocrx_word' id='word_1_170' title='bbox 1718 2339 1775 2387; x_wconf 91' lang='lat' dir='ltr'><strong>tu</strong></span> <span class='ocrx_word' id='word_1_171' title='bbox 1803 2333 1969 2387; x_wconf 89' lang='lat' dir='ltr'><strong>etiam</strong></span> 
     </span>
    </p>
   </div>
   <div class='ocr_carea' id='block_1_26' title="bbox 368 2413 1970 2495">
    <p class='ocr_par' dir='ltr' id='par_1_26' title="bbox 368 2413 1970 2495">
     <span class='ocr_line' id='line_1_26' title="bbox 368 2413 1970 2495; baseline 0.009 -30"><span class='ocrx_word' id='word_1_172' title='bbox 368 2413 670 2471; x_wconf 85' lang='lat' dir='ltr'><strong>irridearis.</strong></span> <span class='ocrx_word' id='word_1_173' title='bbox 702 2416 844 2482; x_wconf 81' lang='lat' dir='ltr'><strong>Quid</strong></span> <span class='ocrx_word' id='word_1_174' title='bbox 896 2421 1043 2474; x_wconf 89' lang='lat' dir='ltr'><strong>enim</strong></span> <span class='ocrx_word' id='word_1_175' title='bbox 1095 2422 1219 2491; x_wconf 88' lang='lat' dir='ltr'><strong>plus</strong></span> <span class='ocrx_word' id='word_1_176' title='bbox 1271 2422 1494 2492; x_wconf 88' lang='lat' dir='ltr'><strong>poteris,</strong></span> <span class='ocrx_word' id='word_1_177' title='bbox 1545 2437 1707 2492; x_wconf 89' lang='lat' dir='ltr'><strong>quam</strong></span> <span class='ocrx_word' id='word_1_178' title='bbox 1761 2425 1970 2495; x_wconf 82' lang='lat' dir='ltr'><strong>priores</strong></span> 
     </span>
    </p>
   </div>
   <div class='ocr_carea' id='block_1_27' title="bbox 367 2507 1972 2586">
    <p class='ocr_par' dir='ltr' id='par_1_27' title="bbox 367 2507 1972 2586">
     <span class='ocr_line' id='line_1_27' title="bbox 367 2507 1972 2586; baseline 0.008 -26"><span class='ocrx_word' id='word_1_179' title='bbox 367 2507 610 2563; x_wconf 82' lang='lat' dir='ltr'><strong>medici?</strong></span> <span class='ocrx_word' id='word_1_180' title='bbox 655 2509 958 2566; x_wconf 86' lang='lat' dir='ltr'><strong>Pantoleon</strong></span> <span class='ocrx_word' id='word_1_181' title='bbox 994 2523 1199 2568; x_wconf 75' lang='lat' dir='ltr'><strong>.autcm</strong></span> <span class='ocrx_word' id='word_1_182' title='bbox 1241 2513 1476 2582; x_wconf 82' lang='lat' dir='ltr'><strong>:Nemo,</strong></span> <span class='ocrx_word' id='word_1_183' title='bbox 1525 2516 1722 2586; x_wconf 88' lang='lat' dir='ltr'><strong>inquit,</strong></span> <span class='ocrx_word' id='word_1_184' title='bbox 1762 2532 1826 2572; x_wconf 78' lang='lat' dir='ltr'><strong>ex</strong></span> <span class='ocrx_word' id='word_1_185' title='bbox 1853 2518 1972 2573; x_wconf 88' lang='lat' dir='ltr'><strong>aliis</strong></span> 
     </span>
    </p>
   </div>
   <div class='ocr_carea' id='block_1_28' title="bbox 367 2601 1968 2681">
    <p class='ocr_par' dir='ltr' id='par_1_28' title="bbox 367 2601 1968 2681">
     <span class='ocr_line' id='line_1_28' title="bbox 367 2601 1968 2681; baseline 0.007 -27"><span class='ocrx_word' id='word_1_186' title='bbox 367 2601 598 2656; x_wconf 83' lang='lat' dir='ltr'><strong>medicis</strong></span> <span class='ocrx_word' id='word_1_187' title='bbox 628 2602 732 2657; x_wconf 83' lang='lat' dir='ltr'><strong>scit</strong></span> <span class='ocrx_word' id='word_1_188' title='bbox 782 2603 931 2658; x_wconf 89' lang='lat' dir='ltr'><strong>hunc</strong></span> <span class='ocrx_word' id='word_1_189' title='bbox 976 2604 1255 2660; x_wconf 85' lang='lat' dir='ltr'><strong>hominem</strong></span> <span class='ocrx_word' id='word_1_190' title='bbox 1292 2615 1547 2674; x_wconf 79' lang='lat' dir='ltr'><strong>tractare,</strong></span> <span class='ocrx_word' id='word_1_191' title='bbox 1593 2619 1654 2664; x_wconf 90' lang='lat' dir='ltr'><strong>ut</strong></span> <span class='ocrx_word' id='word_1_192' title='bbox 1699 2624 1800 2681; x_wconf 91' lang='lat' dir='ltr'><strong>ego</strong></span> <span class='ocrx_word' id='word_1_193' title='bbox 1847 2625 1968 2665; x_wconf 90' lang='lat' dir='ltr'><strong>sum</strong></span> 
     </span>
    </p>
   </div>
   <div class='ocr_carea' id='block_1_29' title="bbox 371 2695 1968 2769">
    <p class='ocr_par' dir='ltr' id='par_1_29' title="bbox 371 2695 1968 2769">
     <span class='ocr_line' id='line_1_29' title="bbox 371 2695 1968 2769; baseline 0.008 -22"><span class='ocrx_word' id='word_1_194' title='bbox 371 2701 725 2750; x_wconf 83' lang='lat' dir='ltr'><strong>tractaturus.</strong></span> <span class='ocrx_word' id='word_1_195' title='bbox 749 2695 976 2751; x_wconf 79' lang='lat' dir='ltr'><strong>Multum</strong></span> <span class='ocrx_word' id='word_1_196' title='bbox 1002 2698 1150 2751; x_wconf 90' lang='lat' dir='ltr'><strong>enim</strong></span> <span class='ocrx_word' id='word_1_197' title='bbox 1183 2698 1411 2754; x_wconf 87' lang='lat' dir='ltr'><strong>interest</strong></span> <span class='ocrx_word' id='word_1_198' title='bbox 1446 2701 1592 2756; x_wconf 87' lang='lat' dir='ltr'><strong>inter</strong></span> <span class='ocrx_word' id='word_1_199' title='bbox 1615 2715 1732 2769; x_wconf 89' lang='lat' dir='ltr'><strong>eos,</strong></span> <span class='ocrx_word' id='word_1_200' title='bbox 1760 2711 1816 2758; x_wconf 92' lang='lat' dir='ltr'><strong>et</strong></span> <span class='ocrx_word' id='word_1_201' title='bbox 1843 2719 1968 2759; x_wconf 87' lang='lat' dir='ltr'><strong>eum</strong></span> 
     </span>
    </p>
   </div>
   <div class='ocr_carea' id='block_1_30' title="bbox 370 2785 1972 2864">
    <p class='ocr_par' dir='ltr' id='par_1_30' title="bbox 370 2785 1972 2864">
     <span class='ocr_line' id='line_1_30' title="bbox 370 2785 1972 2864; baseline 0.009 -26"><span class='ocrx_word' id='word_1_202' title='bbox 370 2785 462 2854; x_wconf 88' lang='lat' dir='ltr'><strong>qui</strong></span> <span class='ocrx_word' id='word_1_203' title='bbox 497 2801 599 2840; x_wconf 90' lang='lat' dir='ltr'><strong>nos</strong></span> <span class='ocrx_word' id='word_1_204' title='bbox 621 2787 827 2842; x_wconf 89' lang='lat' dir='ltr'><strong>docuit.</strong></span> <span class='ocrx_word' id='word_1_205' title='bbox 858 2787 995 2844; x_wconf 89' lang='lat' dir='ltr'><strong>Cum</strong></span> <span class='ocrx_word' id='word_1_206' title='bbox 1021 2797 1270 2860; x_wconf 84' lang='lat' dir='ltr'><strong>putasset</strong></span> <span class='ocrx_word' id='word_1_207' title='bbox 1301 2801 1483 2847; x_wconf 92' lang='lat' dir='ltr'><strong>autem</strong></span> <span class='ocrx_word' id='word_1_208' title='bbox 1516 2803 1672 2864; x_wconf 89' lang='lat' dir='ltr'><strong>pater</strong></span> <span class='ocrx_word' id='word_1_209' title='bbox 1701 2810 1826 2850; x_wconf 91' lang='lat' dir='ltr'><strong>eum</strong></span> <span class='ocrx_word' id='word_1_210' title='bbox 1857 2797 1972 2852; x_wconf 64' lang='lat' dir='ltr'><strong>haec</strong></span> 
     </span>
    </p>
   </div>
   <div class='ocr_carea' id='block_1_31' title="bbox 373 2875 1969 2955">
    <p class='ocr_par' dir='ltr' id='par_1_31' title="bbox 373 2875 1969 2955">
     <span class='ocr_line' id='line_1_31' title="bbox 373 2875 1969 2955; baseline 0.007 -25"><span class='ocrx_word' id='word_1_211' title='bbox 373 2875 574 2933; x_wconf 82' lang='lat' dir='ltr'><strong>dixisse</strong></span> <span class='ocrx_word' id='word_1_212' title='bbox 596 2878 665 2933; x_wconf 92' lang='lat' dir='ltr'><strong>de</strong></span> <span class='ocrx_word' id='word_1_213' title='bbox 693 2879 1094 2952; x_wconf 74' lang='lat' dir='ltr'><strong>Euphrosyne;</strong></span> <span class='ocrx_word' id='word_1_214' title='bbox 1139 2881 1291 2937; x_wconf 91' lang='lat' dir='ltr'><strong>illum</strong></span> <span class='ocrx_word' id='word_1_215' title='bbox 1317 2899 1559 2954; x_wconf 91' lang='lat' dir='ltr'><strong>quoque,</strong></span> <span class='ocrx_word' id='word_1_216' title='bbox 1615 2885 1820 2955; x_wconf 82' lang='lat' dir='ltr'><strong>inquit,</strong></span> <span class='ocrx_word' id='word_1_217' title='bbox 1869 2886 1969 2952; x_wconf 82' lang='lat' dir='ltr'><strong>fili,</strong></span> 
     </span>
    </p>
   </div>
   <div class='ocr_carea' id='block_1_32' title="bbox 369 2969 1963 3048">
    <p class='ocr_par' dir='ltr' id='par_1_32' title="bbox 369 2969 1963 3048">
     <span class='ocr_line' id='line_1_32' title="bbox 369 2969 1963 3048; baseline 0.008 -26"><span class='ocrx_word' id='word_1_218' title='bbox 369 2969 534 3024; x_wconf 86' lang='lat' dir='ltr'><strong>audio</strong></span> <span class='ocrx_word' id='word_1_219' title='bbox 557 2969 612 3022; x_wconf 90' lang='lat' dir='ltr'><strong>in</strong></span> <span class='ocrx_word' id='word_1_220' title='bbox 639 2970 742 3026; x_wconf 89' lang='lat' dir='ltr'><strong>hoc</strong></span> <span class='ocrx_word' id='word_1_221' title='bbox 773 2972 1018 3027; x_wconf 91' lang='lat' dir='ltr'><strong>curando</strong></span> <span class='ocrx_word' id='word_1_222' title='bbox 1049 2987 1206 3028; x_wconf 90' lang='lat' dir='ltr'><strong>suam</strong></span> <span class='ocrx_word' id='word_1_223' title='bbox 1247 2974 1566 3031; x_wconf 85' lang='lat' dir='ltr'><strong>adhibuisse</strong></span> <span class='ocrx_word' id='word_1_224' title='bbox 1600 2977 1963 3048; x_wconf 82' lang='lat' dir='ltr'><strong>diligentiam,</strong></span> 
     </span>
    </p>
   </div>
   <div class='ocr_carea' id='block_1_33' title="bbox 370 3057 1972 3138">
    <p class='ocr_par' dir='ltr' id='par_1_33' title="bbox 370 3057 1972 3138">
     <span class='ocr_line' id='line_1_33' title="bbox 370 3057 1972 3138; baseline 0.01 -27"><span class='ocrx_word' id='word_1_225' title='bbox 370 3064 428 3111; x_wconf 85' lang='lat' dir='ltr'><strong>et</strong></span> <span class='ocrx_word' id='word_1_226' title='bbox 484 3057 622 3110; x_wconf 89' lang='lat' dir='ltr'><strong>nihil</strong></span> <span class='ocrx_word' id='word_1_227' title='bbox 643 3059 964 3128; x_wconf 87' lang='lat' dir='ltr'><strong>profecisse.</strong></span> <span class='ocrx_word' id='word_1_228' title='bbox 999 3062 1302 3119; x_wconf 77' lang='lat' dir='ltr'><strong>Pan’toleon</strong></span> <span class='ocrx_word' id='word_1_229' title='bbox 1345 3080 1477 3122; x_wconf 89' lang='lat' dir='ltr'><strong>vero</strong></span> <span class='ocrx_word' id='word_1_230' title='bbox 1509 3083 1524 3121; x_wconf 89' lang='lat'><strong>:</strong></span> <span class='ocrx_word' id='word_1_231' title='bbox 1554 3067 1840 3138; x_wconf 82' lang='lat' dir='ltr'><strong>Exspecta,</strong></span> <span class='ocrx_word' id='word_1_232' title='bbox 1884 3071 1972 3126; x_wconf 84' lang='lat' dir='ltr'><strong>in-</strong></span> 
     </span>
    </p>
   </div>
   <div class='ocr_carea' id='block_1_34' title="bbox 2067 568 3651 644">
    <p class='ocr_par' dir='ltr' id='par_1_34' title="bbox 2067 568 3651 644">
     <span class='ocr_line' id='line_1_34' title="bbox 2067 568 3651 644; baseline 0.001 -17"><span class='ocrx_word' id='word_1_233' title='bbox 2067 573 2215 628; x_wconf 83' lang='grc' dir='ltr'>ἰδὼν</span> <span class='ocrx_word' id='word_1_234' title='bbox 2243 568 2339 627; x_wconf 78' lang='grc' dir='ltr'>οὖν</span> <span class='ocrx_word' id='word_1_235' title='bbox 2371 572 2462 627; x_wconf 73' lang='grc' dir='ltr'><strong>τὸν</strong></span> <span class='ocrx_word' id='word_1_236' title='bbox 2499 573 2705 641; x_wconf 70' lang='grc' dir='ltr'>τυφλὸν</span> <span class='ocrx_word' id='word_1_237' title='bbox 2761 573 2886 625; x_wconf 76' lang='grc' dir='ltr'>ὅτου</span> <span class='ocrx_word' id='word_1_238' title='bbox 2945 574 3119 626; x_wconf 85' lang='grc' dir='ltr'>δέοιτο</span> <span class='ocrx_word' id='word_1_239' title='bbox 3149 573 3434 644; x_wconf 77' lang='grc' dir='ltr'><strong>ἐπηρώτα.</strong></span> <span class='ocrx_word' id='word_1_240' title='bbox 3469 573 3530 628; x_wconf 81' lang='grc'><strong>⁸0</strong></span> <span class='ocrx_word' id='word_1_241' title='bbox 3551 574 3612 629; x_wconf 76' lang='grc' dir='ltr'><strong>δέ</strong></span> <span class='ocrx_word' id='word_1_242' title='bbox 3634 590 3651 606; x_wconf 80' lang='grc'><strong><em>⁸</em></strong></span> 
     </span>
    </p>
   </div>
   <div class='ocr_carea' id='block_1_35' title="bbox 2056 658 3660 737">
    <p class='ocr_par' dir='ltr' id='par_1_35' title="bbox 2056 658 3660 737">
     <span class='ocr_line' id='line_1_35' title="bbox 2056 658 3660 737; baseline 0.001 -18"><span class='ocrx_word' id='word_1_243' title='bbox 2056 659 2132 719; x_wconf 78' lang='grc' dir='ltr'><strong>Οὗ</strong></span> <span class='ocrx_word' id='word_1_244' title='bbox 2161 664 2465 737; x_wconf 77' lang='grc' dir='ltr'><strong>ἐστέρημαι</strong></span> <span class='ocrx_word' id='word_1_245' title='bbox 2497 665 2697 734; x_wconf 73' lang='grc' dir='ltr'>φωτὸς,</span> <span class='ocrx_word' id='word_1_246' title='bbox 2743 664 2918 733; x_wconf 75' lang='grc' dir='ltr'>ἔλεγε,</span> <span class='ocrx_word' id='word_1_247' title='bbox 2942 669 3039 718; x_wconf 71' lang='grc' dir='ltr'><strong>καὶ</strong></span> <span class='ocrx_word' id='word_1_248' title='bbox 3068 658 3130 718; x_wconf 78' lang='grc' dir='ltr'>οὗ</span> <span class='ocrx_word' id='word_1_249' title='bbox 3162 665 3330 736; x_wconf 78' lang='grc' dir='ltr'>μηδὲν</span> <span class='ocrx_word' id='word_1_250' title='bbox 3358 665 3514 737; x_wconf 81' lang='grc' dir='ltr'>ἥδιον</span> <span class='ocrx_word' id='word_1_251' title='bbox 3559 667 3660 719; x_wconf 82' lang='grc' dir='ltr'>άν-</span> 
     </span>
    </p>
   </div>
   <div class='ocr_carea' id='block_1_36' title="bbox 2057 756 3659 829">
    <p class='ocr_par' dir='ltr' id='par_1_36' title="bbox 2057 756 3659 829">
     <span class='ocr_line' id='line_1_36' title="bbox 2057 756 3659 829; baseline 0 -19"><span class='ocrx_word' id='word_1_252' title='bbox 2057 756 2298 828; x_wconf 85' lang='grc' dir='ltr'>θρώποις</span> <span class='ocrx_word' id='word_1_253' title='bbox 2325 773 2342 789; x_wconf 79' lang='grc' dir='ltr'>ο</span> <span class='ocrx_word' id='word_1_254' title='bbox 2367 757 2514 809; x_wconf 80' lang='grc' dir='ltr'>ἐλεον</span> <span class='ocrx_word' id='word_1_255' title='bbox 2537 760 2720 810; x_wconf 92' lang='grc' dir='ltr'>τοίνυν</span> <span class='ocrx_word' id='word_1_256' title='bbox 2753 756 2934 811; x_wconf 86' lang='grc' dir='ltr'>λαϐών</span> <span class='ocrx_word' id='word_1_257' title='bbox 2967 775 3071 827; x_wconf 90' lang='grc' dir='ltr'><strong>μου</strong></span> <span class='ocrx_word' id='word_1_258' title='bbox 3105 762 3207 829; x_wconf 74' lang='grc' dir='ltr'>τῆς</span> <span class='ocrx_word' id='word_1_259' title='bbox 3239 761 3546 829; x_wconf 76' lang='grc' dir='ltr'>συμφορᾶς,</span> <span class='ocrx_word' id='word_1_260' title='bbox 3565 758 3659 821; x_wconf 79' lang='grc' dir='ltr'><strong>δδς</strong></span> 
     </span>
    </p>
   </div>
   <div class='ocr_carea' id='block_1_37' title="bbox 2056 844 3660 924">
    <p class='ocr_par' dir='ltr' id='par_1_37' title="bbox 2056 844 3660 924">
     <span class='ocr_line' id='line_1_37' title="bbox 2056 844 3660 924; baseline 0 -20"><span class='ocrx_word' id='word_1_261' title='bbox 2056 851 2200 905; x_wconf 71' lang='grc' dir='ltr'>οὕτω</span> <span class='ocrx_word' id='word_1_262' title='bbox 2237 850 2312 922; x_wconf 86' lang='grc' dir='ltr'>μὴ</span> <span class='ocrx_word' id='word_1_263' title='bbox 2341 850 2550 914; x_wconf 81' lang='grc' dir='ltr'><strong>ἀτελῶς</strong></span> <span class='ocrx_word' id='word_1_264' title='bbox 2583 850 2682 921; x_wconf 70' lang='grc' dir='ltr'><strong>ζῇν</strong></span> <span class='ocrx_word' id='word_1_265' title='bbox 2711 852 2805 904; x_wconf 79' lang='grc' dir='ltr'><strong>καὶ</strong></span> <span class='ocrx_word' id='word_1_266' title='bbox 2833 844 2945 904; x_wconf 73' lang='grc' dir='ltr'>οἷον</span> <span class='ocrx_word' id='word_1_267' title='bbox 2985 850 3046 916; x_wconf 83' lang='grc' dir='ltr'>ἐξ</span> <span class='ocrx_word' id='word_1_268' title='bbox 3070 851 3351 921; x_wconf 86' lang='grc' dir='ltr'>ἡμισείας,</span> <span class='ocrx_word' id='word_1_269' title='bbox 3370 853 3488 904; x_wconf 82' lang='grc' dir='ltr'>ἀλλ’</span> <span class='ocrx_word' id='word_1_270' title='bbox 3516 853 3660 924; x_wconf 83' lang='grc' dir='ltr'>δρᾷν</span> 
     </span>
    </p>
   </div>
   <div class='ocr_carea' id='block_1_38' title="bbox 2057 942 3663 1017">
    <p class='ocr_par' dir='ltr' id='par_1_38' title="bbox 2057 942 3663 1017">
     <span class='ocr_line' id='line_1_38' title="bbox 2057 942 3663 1017; baseline 0.001 -21"><span class='ocrx_word' id='word_1_271' title='bbox 2057 944 2233 1014; x_wconf 81' lang='grc' dir='ltr'>ἥλιον,</span> <span class='ocrx_word' id='word_1_272' title='bbox 2265 943 2342 1007; x_wconf 83' lang='grc' dir='ltr'>ὡς</span> <span class='ocrx_word' id='word_1_273' title='bbox 2367 942 2461 998; x_wconf 91' lang='grc' dir='ltr'><strong>νῦν</strong></span> <span class='ocrx_word' id='word_1_274' title='bbox 2495 959 2555 1012; x_wconf 89' lang='grc' dir='ltr'><strong>γε</strong></span> <span class='ocrx_word' id='word_1_275' title='bbox 2583 943 2738 996; x_wconf 65' lang='grc' dir='ltr'>οὐδὲν</span> <span class='ocrx_word' id='word_1_276' title='bbox 2766 943 2969 1007; x_wconf 75' lang='grc' dir='ltr'>ζῶντες</span> <span class='ocrx_word' id='word_1_277' title='bbox 2997 945 3161 1014; x_wconf 81' lang='grc' dir='ltr'>ἡμεῖς</span> <span class='ocrx_word' id='word_1_278' title='bbox 3181 944 3291 996; x_wconf 89' lang='grc' dir='ltr'><strong>τῶν</strong></span> <span class='ocrx_word' id='word_1_279' title='bbox 3315 945 3372 995; x_wconf 88' lang='grc' dir='ltr'><strong>ἐν</strong></span> <span class='ocrx_word' id='word_1_280' title='bbox 3393 943 3496 1017; x_wconf 77' lang='grc' dir='ltr'>ᾅδῃ</span> <span class='ocrx_word' id='word_1_281' title='bbox 3515 944 3663 997; x_wconf 86' lang='grc' dir='ltr'>διεν-</span> 
     </span>
    </p>
   </div>
   <div class='ocr_carea' id='block_1_39' title="bbox 2059 1035 3665 1110">
    <p class='ocr_par' dir='ltr' id='par_1_39' title="bbox 2059 1035 3665 1110">
     <span class='ocr_line' id='line_1_39' title="bbox 2059 1035 3665 1110; baseline -0.002 -20"><span class='ocrx_word' id='word_1_282' title='bbox 2059 1037 2360 1108; x_wconf 87' lang='grc' dir='ltr'>ηνόχαμεν.</span> <span class='ocrx_word' id='word_1_283' title='bbox 2387 1036 2574 1090; x_wconf 82' lang='grc' dir='ltr'><strong>Πάντα</strong></span> <span class='ocrx_word' id='word_1_284' title='bbox 2627 1035 2740 1110; x_wconf 84' lang='grc' dir='ltr'><strong>γὰρ</strong></span> <span class='ocrx_word' id='word_1_285' title='bbox 2769 1035 2840 1099; x_wconf 80' lang='grc' dir='ltr'>τὰ</span> <span class='ocrx_word' id='word_1_286' title='bbox 2874 1035 3004 1089; x_wconf 69' lang='grc' dir='ltr'>ὄντα</span> <span class='ocrx_word' id='word_1_287' title='bbox 3041 1037 3251 1108; x_wconf 79' lang='grc' dir='ltr'>ίατροῖς</span> <span class='ocrx_word' id='word_1_288' title='bbox 3277 1036 3665 1109; x_wconf 76' lang='grc' dir='ltr'><strong>παρασχόντες</strong></span> 
     </span>
    </p>
   </div>
   <div class='ocr_carea' id='block_1_40' title="bbox 2060 1127 3662 1200">
    <p class='ocr_par' dir='ltr' id='par_1_40' title="bbox 2060 1127 3662 1200">
     <span class='ocr_line' id='line_1_40' title="bbox 2060 1127 3662 1200; baseline -0.002 -17"><span class='ocrx_word' id='word_1_289' title='bbox 2060 1129 2154 1189; x_wconf 71' lang='grc' dir='ltr'><strong>καὶ</strong></span> <span class='ocrx_word' id='word_1_290' title='bbox 2185 1129 2221 1199; x_wconf 75' lang='grc' dir='ltr'>ἢ</span> <span class='ocrx_word' id='word_1_291' title='bbox 2255 1128 2605 1200; x_wconf 87' lang='grc' dir='ltr'>περιελίπετο</span> <span class='ocrx_word' id='word_1_292' title='bbox 2646 1128 2850 1198; x_wconf 84' lang='grc' dir='ltr'>μᾶλλον</span> <span class='ocrx_word' id='word_1_293' title='bbox 2913 1127 3143 1198; x_wconf 79' lang='grc' dir='ltr'>μετρίαν</span> <span class='ocrx_word' id='word_1_294' title='bbox 3178 1127 3355 1198; x_wconf 74' lang='grc' dir='ltr'>αὐγὴν</span> <span class='ocrx_word' id='word_1_295' title='bbox 3379 1127 3662 1182; x_wconf 82' lang='grc' dir='ltr'>ἀπολέσα-</span> 
     </span>
    </p>
   </div>
   <div class='ocr_carea' id='block_1_41' title="bbox 2065 1219 3663 1293">
    <p class='ocr_par' dir='ltr' id='par_1_41' title="bbox 2065 1219 3663 1293">
     <span class='ocr_line' id='line_1_41' title="bbox 2065 1219 3663 1293; baseline 0 -19"><span class='ocrx_word' id='word_1_296' title='bbox 2065 1239 2186 1293; x_wconf 89' lang='grc' dir='ltr'>μεν.</span> <span class='ocrx_word' id='word_1_297' title='bbox 2205 1221 2380 1274; x_wconf 81' lang='grc' dir='ltr'>Τοῦτο</span> <span class='ocrx_word' id='word_1_298' title='bbox 2407 1219 2518 1274; x_wconf 82' lang='grc' dir='ltr'><strong>τῶν</strong></span> <span class='ocrx_word' id='word_1_299' title='bbox 2553 1221 2737 1274; x_wconf 89' lang='grc' dir='ltr'>καλῶν</span> <span class='ocrx_word' id='word_1_300' title='bbox 2783 1221 3011 1283; x_wconf 76' lang='grc' dir='ltr'>ἐκείνων</span> <span class='ocrx_word' id='word_1_301' title='bbox 3064 1221 3271 1292; x_wconf 78' lang='grc' dir='ltr'>ἰατρῶν</span> <span class='ocrx_word' id='word_1_302' title='bbox 3313 1222 3663 1290; x_wconf 80' lang='grc' dir='ltr'>ἀπονάμενοι</span> 
     </span>
    </p>
   </div>
   <div class='ocr_carea' id='block_1_42' title="bbox 2061 1311 3662 1386">
    <p class='ocr_par' dir='ltr' id='par_1_42' title="bbox 2061 1311 3662 1386">
     <span class='ocr_line' id='line_1_42' title="bbox 2061 1311 3662 1386; baseline -0.002 -18"><span class='ocrx_word' id='word_1_303' title='bbox 2061 1315 2123 1368; x_wconf 81' lang='grc' dir='ltr'><strong>τὸ</strong></span> <span class='ocrx_word' id='word_1_304' title='bbox 2168 1313 2499 1386; x_wconf 76' lang='grc' dir='ltr'>στερηθῆναι</span> <span class='ocrx_word' id='word_1_305' title='bbox 2541 1315 2640 1384; x_wconf 81' lang='grc' dir='ltr'>τῆς</span> <span class='ocrx_word' id='word_1_306' title='bbox 2691 1313 2888 1376; x_wconf 82' lang='grc' dir='ltr'>οὐσίας</span> <span class='ocrx_word' id='word_1_307' title='bbox 2950 1312 3092 1385; x_wconf 81' lang='grc' dir='ltr'>μετὰ</span> <span class='ocrx_word' id='word_1_308' title='bbox 3123 1312 3218 1366; x_wconf 87' lang='grc' dir='ltr'><strong>τοῦ</strong></span> <span class='ocrx_word' id='word_1_309' title='bbox 3271 1311 3662 1383; x_wconf 72' lang='grc' dir='ltr'>φωτός.Καὶὸ</span> 
     </span>
    </p>
   </div>
   <div class='ocr_carea' id='block_1_43' title="bbox 2065 1389 3666 1483">
    <p class='ocr_par' dir='ltr' id='par_1_43' title="bbox 2065 1389 3666 1483">
     <span class='ocr_line' id='line_1_43' title="bbox 2065 1389 3666 1483; baseline -0.003 -23"><span class='ocrx_word' id='word_1_310' title='bbox 2065 1406 2384 1460; x_wconf 73' lang='grc' dir='ltr'>Πανταλέων</span> <span class='ocrx_word' id='word_1_311' title='bbox 2411 1421 2423 1436; x_wconf 92' lang='grc'><strong>·</strong></span> <span class='ocrx_word' id='word_1_312' title='bbox 2448 1404 2576 1470; x_wconf 82' lang='grc' dir='ltr'>Τοῖς</span> <span class='ocrx_word' id='word_1_313' title='bbox 2619 1405 2718 1475; x_wconf 82' lang='grc' dir='ltr'>μὲν</span> <span class='ocrx_word' id='word_1_314' title='bbox 2748 1405 2934 1469; x_wconf 79' lang='grc' dir='ltr'>ἄλλοις</span> <span class='ocrx_word' id='word_1_315' title='bbox 2960 1389 3210 1474; x_wconf 71' lang='grc' dir='ltr'>ίατροῖς,</span> <span class='ocrx_word' id='word_1_316' title='bbox 3252 1391 3380 1483; x_wconf 58' lang='lat' dir='ltr'><strong>tim,</strong></span> <span class='ocrx_word' id='word_1_317' title='bbox 3420 1404 3490 1458; x_wconf 77' lang='grc' dir='ltr'><strong>τά</strong></span> <span class='ocrx_word' id='word_1_318' title='bbox 3523 1404 3666 1467; x_wconf 73' lang='grc' dir='ltr'>ὄντα</span> 
     </span>
    </p>
   </div>
   <div class='ocr_carea' id='block_1_44' title="bbox 2063 1494 3664 1569">
    <p class='ocr_par' dir='ltr' id='par_1_44' title="bbox 2063 1494 3664 1569">
     <span class='ocr_line' id='line_1_44' title="bbox 2063 1494 3664 1569; baseline -0.003 -18"><span class='ocrx_word' id='word_1_319' title='bbox 2063 1498 2188 1561; x_wconf 78' lang='grc' dir='ltr'>δοὺς</span> <span class='ocrx_word' id='word_1_320' title='bbox 2239 1497 2498 1569; x_wconf 74' lang='grc' dir='ltr'>οὐδεμιᾶς</span> <span class='ocrx_word' id='word_1_321' title='bbox 2547 1495 2867 1561; x_wconf 80' lang='grc' dir='ltr'>ἀπελαύσας</span> <span class='ocrx_word' id='word_1_322' title='bbox 2898 1496 3194 1567; x_wconf 78' lang='grc' dir='ltr'>ὠφελείας,</span> <span class='ocrx_word' id='word_1_323' title='bbox 3237 1497 3362 1567; x_wconf 71' lang='grc' dir='ltr'>ἐμοὶ</span> <span class='ocrx_word' id='word_1_324' title='bbox 3398 1496 3456 1549; x_wconf 82' lang='grc' dir='ltr'>δὲ</span> <span class='ocrx_word' id='word_1_325' title='bbox 3505 1495 3559 1546; x_wconf 91' lang='grc' dir='ltr'><strong>τί</strong></span> <span class='ocrx_word' id='word_1_326' title='bbox 3588 1494 3664 1547; x_wconf 79' lang='grc' dir='ltr'><strong>ἂν</strong></span> 
     </span>
    </p>
   </div>
   <div class='ocr_carea' id='block_1_45' title="bbox 2066 1588 3661 1665">
    <p class='ocr_par' dir='ltr' id='par_1_45' title="bbox 2066 1588 3661 1665">
     <span class='ocr_line' id='line_1_45' title="bbox 2066 1588 3661 1665; baseline -0.006 -15"><span class='ocrx_word' id='word_1_327' title='bbox 2066 1594 2380 1664; x_wconf 77' lang='grc' dir='ltr'>ἀναϐλέψας</span> <span class='ocrx_word' id='word_1_328' title='bbox 2437 1592 2791 1665; x_wconf 79' lang='grc' dir='ltr'>παράσχοιςς</span> <span class='ocrx_word' id='word_1_329' title='bbox 2823 1592 2937 1646; x_wconf 67' lang='grc' dir='ltr'>Καὶ</span> <span class='ocrx_word' id='word_1_330' title='bbox 2964 1591 3048 1658; x_wconf 82' lang='grc' dir='ltr'>ὃς,</span> <span class='ocrx_word' id='word_1_331' title='bbox 3095 1592 3178 1644; x_wconf 73' lang='grc' dir='ltr'>Τά</span> <span class='ocrx_word' id='word_1_332' title='bbox 3211 1588 3661 1662; x_wconf 79' lang='grc' dir='ltr'>περιλειφθέντα,</span> 
     </span>
    </p>
   </div>
   <div class='ocr_carea' id='block_1_46' title="bbox 2069 1679 3660 1757">
    <p class='ocr_par' dir='ltr' id='par_1_46' title="bbox 2069 1679 3660 1757">
     <span class='ocr_line' id='line_1_46' title="bbox 2069 1679 3660 1757; baseline -0.003 -17"><span class='ocrx_word' id='word_1_333' title='bbox 2069 1684 2211 1753; x_wconf 82' lang='grc' dir='ltr'>εἷπε,</span> <span class='ocrx_word' id='word_1_334' title='bbox 2237 1688 2338 1757; x_wconf 85' lang='grc' dir='ltr'>τῆς</span> <span class='ocrx_word' id='word_1_335' title='bbox 2361 1686 2553 1750; x_wconf 78' lang='grc' dir='ltr'>οὐσίας</span> <span class='ocrx_word' id='word_1_336' title='bbox 2601 1685 2900 1757; x_wconf 82' lang='grc' dir='ltr'>προθύμως</span> <span class='ocrx_word' id='word_1_337' title='bbox 2948 1685 3261 1740; x_wconf 83' lang='grc' dir='ltr'>καταϐαλῶ.</span> <span class='ocrx_word' id='word_1_338' title='bbox 3294 1679 3429 1737; x_wconf 83' lang='grc' dir='ltr'>Εἶτα</span> <span class='ocrx_word' id='word_1_339' title='bbox 3453 1685 3480 1736; x_wconf 87' lang='grc' dir='ltr'>ὁ</span> <span class='ocrx_word' id='word_1_340' title='bbox 3504 1683 3660 1736; x_wconf 84' lang='grc' dir='ltr'>Παν-</span> 
     </span>
    </p>
   </div>
   <div class='ocr_carea' id='block_1_47' title="bbox 2070 1777 3660 1852">
    <p class='ocr_par' dir='ltr' id='par_1_47' title="bbox 2070 1777 3660 1852">
     <span class='ocr_line' id='line_1_47' title="bbox 2070 1777 3660 1852; baseline -0.004 -16"><span class='ocrx_word' id='word_1_341' title='bbox 2070 1783 2304 1836; x_wconf 86' lang='grc' dir='ltr'>τολέων·</span> <span class='ocrx_word' id='word_1_342' title='bbox 2359 1781 2470 1852; x_wconf 83' lang='grc' dir='ltr'>Τὴν</span> <span class='ocrx_word' id='word_1_343' title='bbox 2522 1780 2621 1851; x_wconf 81' lang='grc' dir='ltr'><strong>μὲν</strong></span> <span class='ocrx_word' id='word_1_344' title='bbox 2668 1779 2766 1833; x_wconf 90' lang='grc' dir='ltr'><strong>τοῦ</strong></span> <span class='ocrx_word' id='word_1_345' title='bbox 2841 1780 3044 1849; x_wconf 66' lang='grc' dir='ltr'>φωτὸς,</span> <span class='ocrx_word' id='word_1_346' title='bbox 3089 1778 3215 1850; x_wconf 79' lang='grc' dir='ltr'>ἔφη,</span> <span class='ocrx_word' id='word_1_347' title='bbox 3240 1777 3452 1848; x_wconf 77' lang='grc' dir='ltr'>δωρεὰν</span> <span class='ocrx_word' id='word_1_348' title='bbox 3480 1777 3508 1830; x_wconf 84' lang='grc' dir='ltr'><strong>ό</strong></span> <span class='ocrx_word' id='word_1_349' title='bbox 3544 1777 3660 1830; x_wconf 81' lang='grc' dir='ltr'><strong>τῶν</strong></span> 
     </span>
    </p>
   </div>
   <div class='ocr_carea' id='block_1_48' title="bbox 2075 1872 3660 1948">
    <p class='ocr_par' dir='ltr' id='par_1_48' title="bbox 2075 1872 3660 1948">
     <span class='ocr_line' id='line_1_48' title="bbox 2075 1872 3660 1948; baseline -0.002 -20"><span class='ocrx_word' id='word_1_350' title='bbox 2075 1876 2268 1948; x_wconf 81' lang='grc' dir='ltr'>φώτων</span> <span class='ocrx_word' id='word_1_351' title='bbox 2297 1876 2493 1946; x_wconf 78' lang='grc' dir='ltr'>Πατὴρ</span> <span class='ocrx_word' id='word_1_352' title='bbox 2515 1875 2648 1937; x_wconf 84' lang='grc' dir='ltr'>Θεδς</span> <span class='ocrx_word' id='word_1_353' title='bbox 2675 1874 2742 1927; x_wconf 81' lang='grc' dir='ltr'>δι’</span> <span class='ocrx_word' id='word_1_354' title='bbox 2771 1873 2932 1944; x_wconf 83' lang='grc' dir='ltr'>ἡμῶν</span> <span class='ocrx_word' id='word_1_355' title='bbox 2961 1873 3116 1927; x_wconf 84' lang='grc' dir='ltr'>ἐσται</span> <span class='ocrx_word' id='word_1_356' title='bbox 3147 1891 3232 1927; x_wconf 91' lang='grc' dir='ltr'><strong>σοι</strong></span> <span class='ocrx_word' id='word_1_357' title='bbox 3253 1872 3615 1945; x_wconf 78' lang='grc' dir='ltr'>χαριούμενος</span> <span class='ocrx_word' id='word_1_358' title='bbox 3641 1887 3660 1903; x_wconf 80' lang='grc' dir='ltr'><strong><em>ο</em></strong></span> 
     </span>
    </p>
   </div>
   <div class='ocr_carea' id='block_1_49' title="bbox 2075 1963 3664 2046">
    <p class='ocr_par' dir='ltr' id='par_1_49' title="bbox 2075 1963 3664 2046">
     <span class='ocr_line' id='line_1_49' title="bbox 2075 1963 3664 2046; baseline 0 -26"><span class='ocrx_word' id='word_1_359' title='bbox 2075 1969 2139 2021; x_wconf 78' lang='grc' dir='ltr'><strong>σὺ</strong></span> <span class='ocrx_word' id='word_1_360' title='bbox 2169 1967 2246 2034; x_wconf 81' lang='grc' dir='ltr'><strong>δὲ,</strong></span> <span class='ocrx_word' id='word_1_361' title='bbox 2271 1968 2304 2023; x_wconf 66' lang='grc' dir='ltr'>ἃ</span> <span class='ocrx_word' id='word_1_362' title='bbox 2343 1968 2468 2038; x_wconf 72' lang='grc' dir='ltr'>ἐμοὶ</span> <span class='ocrx_word' id='word_1_363' title='bbox 2508 1966 2848 2046; x_wconf 83' lang='grc' dir='ltr'>ἐπηγγείλω,</span> <span class='ocrx_word' id='word_1_364' title='bbox 2881 1966 3174 2046; x_wconf 80' lang='grc' dir='ltr'>πορευθεὶς</span> <span class='ocrx_word' id='word_1_365' title='bbox 3219 1968 3418 2036; x_wconf 75' lang='grc' dir='ltr'>πένησι</span> <span class='ocrx_word' id='word_1_366' title='bbox 3470 1963 3664 2036; x_wconf 57' lang='lat' dir='ltr'><strong>«sapae</strong></span> 
     </span>
    </p>
   </div>
   <div class='ocr_carea' id='block_1_50' title="bbox 2075 2077 2228 2132">
    <p class='ocr_par' dir='ltr' id='par_1_50' title="bbox 2075 2077 2228 2132">
     <span class='ocr_line' id='line_1_50' title="bbox 2075 2077 2228 2132; baseline 0.02 -19"><span class='ocrx_word' id='word_1_367' title='bbox 2075 2077 2228 2132; x_wconf 84' lang='grc' dir='ltr'>σχου.</span> 
     </span>
    </p>
   </div>
   <div class='ocr_carea' id='block_1_51' title="bbox 2145 2219 3663 2293">
    <p class='ocr_par' dir='ltr' id='par_1_51' title="bbox 2145 2219 3663 2293">
     <span class='ocr_line' id='line_1_51' title="bbox 2145 2219 3663 2293; baseline 0 -19"><span class='ocrx_word' id='word_1_368' title='bbox 2145 2223 2229 2276; x_wconf 74' lang='grc' dir='ltr'><strong>η’.</strong></span> <span class='ocrx_word' id='word_1_369' title='bbox 2265 2219 2488 2275; x_wconf 83' lang='grc' dir='ltr'>Τούτων</span> <span class='ocrx_word' id='word_1_370' title='bbox 2530 2223 2559 2274; x_wconf 83' lang='grc' dir='ltr'><strong>δ</strong></span> <span class='ocrx_word' id='word_1_371' title='bbox 2595 2225 2780 2293; x_wconf 81' lang='grc' dir='ltr'>πατὴρ</span> <span class='ocrx_word' id='word_1_372' title='bbox 2829 2220 3069 2286; x_wconf 75' lang='grc' dir='ltr'>ἀκούων,</span> <span class='ocrx_word' id='word_1_373' title='bbox 3114 2220 3330 2289; x_wconf 78' lang='grc' dir='ltr'>ἀπῆγεν</span> <span class='ocrx_word' id='word_1_374' title='bbox 3360 2219 3525 2273; x_wconf 79' lang='grc' dir='ltr'>αὐτὸν</span> <span class='ocrx_word' id='word_1_375' title='bbox 3558 2221 3663 2274; x_wconf 79' lang='grc' dir='ltr'><strong>τοῦ</strong></span> 
     </span>
    </p>
   </div>
   <div class='ocr_carea' id='block_1_52' title="bbox 2074 2313 3670 2388">
    <p class='ocr_par' dir='ltr' id='par_1_52' title="bbox 2074 2313 3670 2388">
     <span class='ocr_line' id='line_1_52' title="bbox 2074 2313 3670 2388; baseline -0.001 -20"><span class='ocrx_word' id='word_1_376' title='bbox 2074 2317 2522 2388; x_wconf 82' lang='grc' dir='ltr'>ἐγχειρήματος·</span> <span class='ocrx_word' id='word_1_377' title='bbox 2572 2316 2667 2386; x_wconf 87' lang='grc' dir='ltr'><strong>Μὴ</strong></span> <span class='ocrx_word' id='word_1_378' title='bbox 2713 2315 2870 2383; x_wconf 84' lang='grc' dir='ltr'>σύγε,</span> <span class='ocrx_word' id='word_1_379' title='bbox 2915 2315 3163 2384; x_wconf 76' lang='grc' dir='ltr'>φίλτατε,</span> <span class='ocrx_word' id='word_1_380' title='bbox 3211 2313 3410 2382; x_wconf 84' lang='grc' dir='ltr'>λέγων,</span> <span class='ocrx_word' id='word_1_381' title='bbox 3461 2313 3535 2384; x_wconf 83' lang='grc' dir='ltr'>μὴ</span> <span class='ocrx_word' id='word_1_382' title='bbox 3567 2315 3670 2368; x_wconf 71' lang='grc' dir='ltr'><strong>καὶ</strong></span> 
     </span>
    </p>
   </div>
   <div class='ocr_carea' id='block_1_53' title="bbox 2073 2406 3668 2478">
    <p class='ocr_par' dir='ltr' id='par_1_53' title="bbox 2073 2406 3668 2478">
     <span class='ocr_line' id='line_1_53' title="bbox 2073 2406 3668 2478; baseline -0.002 -16"><span class='ocrx_word' id='word_1_383' title='bbox 2073 2409 2288 2477; x_wconf 86' lang='grc' dir='ltr'>γέλωτα</span> <span class='ocrx_word' id='word_1_384' title='bbox 2321 2407 2529 2475; x_wconf 81' lang='grc' dir='ltr'>δφλοις.</span> <span class='ocrx_word' id='word_1_385' title='bbox 2571 2408 2638 2460; x_wconf 86' lang='grc' dir='ltr'>Τί</span> <span class='ocrx_word' id='word_1_386' title='bbox 2676 2407 2786 2478; x_wconf 87' lang='grc' dir='ltr'>γὰρ</span> <span class='ocrx_word' id='word_1_387' title='bbox 2817 2406 2884 2460; x_wconf 82' lang='grc' dir='ltr'><strong>ἂν</strong></span> <span class='ocrx_word' id='word_1_388' title='bbox 2921 2407 3086 2461; x_wconf 80' lang='grc' dir='ltr'>πλέον</span> <span class='ocrx_word' id='word_1_389' title='bbox 3121 2406 3231 2460; x_wconf 87' lang='grc' dir='ltr'><strong>τῶν</strong></span> <span class='ocrx_word' id='word_1_390' title='bbox 3271 2406 3668 2476; x_wconf 83' lang='grc' dir='ltr'>προλαϐόντων</span> 
     </span>
    </p>
   </div>
   <div class='ocr_carea' id='block_1_54' title="bbox 2077 2497 3670 2570">
    <p class='ocr_par' dir='ltr' id='par_1_54' title="bbox 2077 2497 3670 2570">
     <span class='ocr_line' id='line_1_54' title="bbox 2077 2497 3670 2570; baseline -0.001 -18"><span class='ocrx_word' id='word_1_391' title='bbox 2077 2498 2279 2570; x_wconf 81' lang='grc' dir='ltr'>ἰατρῶν</span> <span class='ocrx_word' id='word_1_392' title='bbox 2317 2499 2483 2562; x_wconf 85' lang='grc' dir='ltr'>αὐτὸς</span> <span class='ocrx_word' id='word_1_393' title='bbox 2515 2499 2774 2570; x_wconf 80' lang='grc' dir='ltr'><strong>δυνηθῇς.</strong></span> <span class='ocrx_word' id='word_1_394' title='bbox 2816 2499 2926 2552; x_wconf 70' lang='grc' dir='ltr'>Καὶ</span> <span class='ocrx_word' id='word_1_395' title='bbox 2957 2501 2984 2552; x_wconf 84' lang='grc' dir='ltr'>ὁ</span> <span class='ocrx_word' id='word_1_396' title='bbox 3020 2498 3342 2552; x_wconf 74' lang='grc' dir='ltr'>Παντολέων</span> <span class='ocrx_word' id='word_1_397' title='bbox 3369 2515 3383 2529; x_wconf 77' lang='grc'><strong>⁸</strong></span> <span class='ocrx_word' id='word_1_398' title='bbox 3425 2498 3516 2562; x_wconf 81' lang='grc' dir='ltr'>Ὠς</span> <span class='ocrx_word' id='word_1_399' title='bbox 3548 2497 3670 2566; x_wconf 87' lang='grc' dir='ltr'><strong>ἐγὼ</strong></span> 
     </span>
    </p>
   </div>
   <div class='ocr_carea' id='block_1_55' title="bbox 2074 2589 3668 2662">
    <p class='ocr_par' dir='ltr' id='par_1_55' title="bbox 2074 2589 3668 2662">
     <span class='ocr_line' id='line_1_55' title="bbox 2074 2589 3668 2662; baseline -0.003 -17"><span class='ocrx_word' id='word_1_400' title='bbox 2074 2592 2362 2662; x_wconf 84' lang='grc' dir='ltr'>βούλομαι,</span> <span class='ocrx_word' id='word_1_401' title='bbox 2419 2590 2548 2661; x_wconf 82' lang='grc' dir='ltr'>ἐφη,</span> <span class='ocrx_word' id='word_1_402' title='bbox 2588 2590 2668 2661; x_wconf 83' lang='grc' dir='ltr'>τῷ</span> <span class='ocrx_word' id='word_1_403' title='bbox 2700 2591 2858 2659; x_wconf 77' lang='grc' dir='ltr'>ἀνδρὶ</span> <span class='ocrx_word' id='word_1_404' title='bbox 2894 2590 3031 2661; x_wconf 80' lang='grc' dir='ltr'>τῷδε</span> <span class='ocrx_word' id='word_1_405' title='bbox 3075 2589 3412 2661; x_wconf 74' lang='grc' dir='ltr'>χρήσασθαι,</span> <span class='ocrx_word' id='word_1_406' title='bbox 3478 2589 3668 2651; x_wconf 73' lang='grc' dir='ltr'>οὐδεὶς</span> 
     </span>
    </p>
   </div>
   <div class='ocr_carea' id='block_1_56' title="bbox 2072 2683 3663 2756">
    <p class='ocr_par' dir='ltr' id='par_1_56' title="bbox 2072 2683 3663 2756">
     <span class='ocr_line' id='line_1_56' title="bbox 2072 2683 3663 2756; baseline -0.001 -19"><span class='ocrx_word' id='word_1_407' title='bbox 2072 2684 2182 2737; x_wconf 79' lang='grc' dir='ltr'><strong>τῶν</strong></span> <span class='ocrx_word' id='word_1_408' title='bbox 2219 2683 2396 2738; x_wconf 81' lang='grc' dir='ltr'>ἄλλων</span> <span class='ocrx_word' id='word_1_409' title='bbox 2439 2683 2733 2738; x_wconf 80' lang='grc' dir='ltr'>ἐπίσταται</span> <span class='ocrx_word' id='word_1_410' title='bbox 2766 2684 3006 2755; x_wconf 79' lang='grc' dir='ltr'>ἰατρῶν·</span> <span class='ocrx_word' id='word_1_411' title='bbox 3051 2685 3190 2738; x_wconf 79' lang='grc' dir='ltr'>πολὺ</span> <span class='ocrx_word' id='word_1_412' title='bbox 3233 2684 3346 2756; x_wconf 81' lang='grc' dir='ltr'>γὰρ</span> <span class='ocrx_word' id='word_1_413' title='bbox 3387 2684 3448 2736; x_wconf 79' lang='grc' dir='ltr'><strong>τὸ</strong></span> <span class='ocrx_word' id='word_1_414' title='bbox 3489 2683 3663 2753; x_wconf 80' lang='grc' dir='ltr'>μέσον</span> 
     </span>
    </p>
   </div>
   <div class='ocr_carea' id='block_1_57' title="bbox 2074 2780 3664 2853">
    <p class='ocr_par' dir='ltr' id='par_1_57' title="bbox 2074 2780 3664 2853">
     <span class='ocr_line' id='line_1_57' title="bbox 2074 2780 3664 2853; baseline -0.001 -18"><span class='ocrx_word' id='word_1_415' title='bbox 2074 2782 2255 2836; x_wconf 72' lang='grc' dir='ltr'>αὐτῶν</span> <span class='ocrx_word' id='word_1_416' title='bbox 2289 2799 2350 2836; x_wconf 90' lang='grc' dir='ltr'><strong>τε</strong></span> <span class='ocrx_word' id='word_1_417' title='bbox 2394 2783 2489 2835; x_wconf 70' lang='grc' dir='ltr'><strong>καὶ</strong></span> <span class='ocrx_word' id='word_1_418' title='bbox 2530 2783 2626 2835; x_wconf 88' lang='grc' dir='ltr'><strong>τοῦ</strong></span> <span class='ocrx_word' id='word_1_419' title='bbox 2675 2783 2825 2852; x_wconf 82' lang='grc' dir='ltr'>ἡμᾶς</span> <span class='ocrx_word' id='word_1_420' title='bbox 2865 2781 3338 2853; x_wconf 80' lang='grc' dir='ltr'>μαθητεύσαντος.</span> <span class='ocrx_word' id='word_1_421' title='bbox 3387 2780 3560 2841; x_wconf 74' lang='grc' dir='ltr'>Δόξαν</span> <span class='ocrx_word' id='word_1_422' title='bbox 3601 2780 3664 2834; x_wconf 70' lang='grc' dir='ltr'>δὲ</span> 
     </span>
    </p>
   </div>
   <div class='ocr_carea' id='block_1_58' title="bbox 2072 2873 3662 2946">
    <p class='ocr_par' dir='ltr' id='par_1_58' title="bbox 2072 2873 3662 2946">
     <span class='ocr_line' id='line_1_58' title="bbox 2072 2873 3662 2946; baseline -0.002 -18"><span class='ocrx_word' id='word_1_423' title='bbox 2072 2875 2151 2945; x_wconf 80' lang='grc' dir='ltr'>τῷ</span> <span class='ocrx_word' id='word_1_424' title='bbox 2192 2875 2362 2946; x_wconf 75' lang='grc' dir='ltr'>πατρὶ</span> <span class='ocrx_word' id='word_1_425' title='bbox 2387 2873 2552 2928; x_wconf 84' lang='grc' dir='ltr'>αὐτοῦ</span> <span class='ocrx_word' id='word_1_426' title='bbox 2578 2876 2708 2946; x_wconf 81' lang='grc' dir='ltr'>περὶ</span> <span class='ocrx_word' id='word_1_427' title='bbox 2737 2874 3096 2945; x_wconf 78' lang='grc' dir='ltr'>Εὐφροσόνου</span> <span class='ocrx_word' id='word_1_428' title='bbox 3136 2874 3312 2928; x_wconf 88' lang='grc' dir='ltr'>ταῦτα</span> <span class='ocrx_word' id='word_1_429' title='bbox 3342 2873 3662 2946; x_wconf 72' lang='grc' dir='ltr'>εἰρηκέναιο</span> 
     </span>
    </p>
   </div>
   <div class='ocr_carea' id='block_1_59' title="bbox 2073 2962 3656 3042">
    <p class='ocr_par' dir='ltr' id='par_1_59' title="bbox 2073 2962 3656 3042">
     <span class='ocr_line' id='line_1_59' title="bbox 2073 2962 3656 3042; baseline -0.001 -22"><span class='ocrx_word' id='word_1_430' title='bbox 2073 2969 2368 3034; x_wconf 62' lang='grc' dir='ltr'>Κάκεῖνον,</span> <span class='ocrx_word' id='word_1_431' title='bbox 2401 2962 2576 3033; x_wconf 69' lang='grc' dir='ltr'>εἶπεν,</span> <span class='ocrx_word' id='word_1_432' title='bbox 2606 2968 2843 3042; x_wconf 78' lang='grc' dir='ltr'><strong>ἀκήκοα,</strong></span> <span class='ocrx_word' id='word_1_433' title='bbox 2876 2968 3096 3034; x_wconf 87' lang='grc' dir='ltr'>τέκνον,</span> <span class='ocrx_word' id='word_1_434' title='bbox 3131 2967 3451 3038; x_wconf 86' lang='grc' dir='ltr'>ἐπιμελείας</span> <span class='ocrx_word' id='word_1_435' title='bbox 3497 2965 3656 3032; x_wconf 68' lang='grc' dir='ltr'>ἀξιῶ-υ</span> 
     </span>
    </p>
   </div>
   <div class='ocr_carea' id='block_1_60' title="bbox 2077 3059 3662 3132">
    <p class='ocr_par' dir='ltr' id='par_1_60' title="bbox 2077 3059 3662 3132">
     <span class='ocr_line' id='line_1_60' title="bbox 2077 3059 3662 3132; baseline 0 -19"><span class='ocrx_word' id='word_1_436' title='bbox 2077 3077 2171 3114; x_wconf 88' lang='grc' dir='ltr'><strong>σαι</strong></span> <span class='ocrx_word' id='word_1_437' title='bbox 2197 3062 2290 3113; x_wconf 79' lang='grc' dir='ltr'><strong>τὸν</strong></span> <span class='ocrx_word' id='word_1_438' title='bbox 2321 3059 2494 3131; x_wconf 79' lang='grc' dir='ltr'>ἄνδρα</span> <span class='ocrx_word' id='word_1_439' title='bbox 2526 3060 2620 3114; x_wconf 75' lang='grc' dir='ltr'>καὶ</span> <span class='ocrx_word' id='word_1_440' title='bbox 2651 3060 2822 3131; x_wconf 80' lang='grc' dir='ltr'>μηδὲν</span> <span class='ocrx_word' id='word_1_441' title='bbox 2858 3061 3020 3114; x_wconf 84' lang='grc' dir='ltr'>πλέον</span> <span class='ocrx_word' id='word_1_442' title='bbox 3053 3063 3272 3132; x_wconf 80' lang='grc' dir='ltr'>ὀνῆσαι.</span> <span class='ocrx_word' id='word_1_443' title='bbox 3319 3062 3378 3114; x_wconf 89' lang='lat'><strong>&#39;0</strong></span> <span class='ocrx_word' id='word_1_444' title='bbox 3418 3062 3476 3114; x_wconf 85' lang='grc' dir='ltr'><strong>δέ</strong></span> <span class='ocrx_word' id='word_1_445' title='bbox 3511 3063 3662 3115; x_wconf 84' lang='grc' dir='ltr'>Παν-</span> 
     </span>
    </p>
   </div>
   <div class='ocr_carea' id='block_1_61' title="bbox 370 3149 1967 3236">
    <p class='ocr_par' dir='ltr' id='par_1_61' title="bbox 370 3149 1967 3228">
     <span class='ocr_line' id='line_1_61' title="bbox 370 3149 1967 3228; baseline 0.011 -26"><span class='ocrx_word' id='word_1_446' title='bbox 370 3149 512 3218; x_wconf 92' lang='lat' dir='ltr'><strong>quit,</strong></span> <span class='ocrx_word' id='word_1_447' title='bbox 545 3163 723 3220; x_wconf 89' lang='lat' dir='ltr'><strong>pater,</strong></span> <span class='ocrx_word' id='word_1_448' title='bbox 755 3161 812 3207; x_wconf 90' lang='lat' dir='ltr'><strong>et</strong></span> <span class='ocrx_word' id='word_1_449' title='bbox 842 3154 959 3223; x_wconf 87' lang='lat' dir='ltr'><strong>ipsa</strong></span> <span class='ocrx_word' id='word_1_450' title='bbox 986 3169 1074 3209; x_wconf 90' lang='lat' dir='ltr'><strong>res</strong></span> <span class='ocrx_word' id='word_1_451' title='bbox 1107 3155 1391 3211; x_wconf 89' lang='lat' dir='ltr'><strong>indicabit.</strong></span> <span class='ocrx_word' id='word_1_452' title='bbox 1422 3155 1547 3213; x_wconf 66' lang='lat' dir='ltr'><strong>Haec</strong></span> <span class='ocrx_word' id='word_1_453' title='bbox 1573 3174 1696 3214; x_wconf 92' lang='lat' dir='ltr'><strong>cum</strong></span> <span class='ocrx_word' id='word_1_454' title='bbox 1727 3161 1967 3228; x_wconf 76' lang='lat' dir='ltr'><strong>dixisset,</strong></span> 
     </span>
    </p>
   </div>
   <div class='ocr_carea' id='block_1_62' title="bbox 2075 3149 3667 3236">
    <p class='ocr_par' dir='ltr' id='par_1_62' title="bbox 2078 3151 3667 3224">
     <span class='ocr_line' id='line_1_62' title="bbox 2078 3151 3667 3224; baseline -0.002 -18"><span class='ocrx_word' id='word_1_455' title='bbox 2078 3153 2319 3208; x_wconf 76' lang='grc' dir='ltr'>τολέωνο</span> <span class='ocrx_word' id='word_1_456' title='bbox 2354 3152 2692 3224; x_wconf 84' lang='grc' dir='ltr'>Ἐπίμεινον,</span> <span class='ocrx_word' id='word_1_457' title='bbox 2721 3153 2847 3224; x_wconf 69' lang='grc' dir='ltr'>ἔφη,</span> <span class='ocrx_word' id='word_1_458' title='bbox 2877 3155 3075 3224; x_wconf 76' lang='grc' dir='ltr'>πάτερ,</span> <span class='ocrx_word' id='word_1_459' title='bbox 3107 3155 3204 3207; x_wconf 72' lang='grc' dir='ltr'><strong>καὶ</strong></span> <span class='ocrx_word' id='word_1_460' title='bbox 3247 3153 3380 3206; x_wconf 73' lang='grc' dir='ltr'>αὐτὸ</span> <span class='ocrx_word' id='word_1_461' title='bbox 3409 3151 3574 3216; x_wconf 80' lang='grc' dir='ltr'>δείξει</span> <span class='ocrx_word' id='word_1_462' title='bbox 3604 3151 3667 3204; x_wconf 72' lang='grc' dir='ltr'>τὸ</span> 
     </span>
    </p>
   </div>
   <div class='ocr_carea' id='block_1_63' title="bbox 372 3242 1967 3320">
    <p class='ocr_par' dir='ltr' id='par_1_63' title="bbox 372 3242 1967 3320">
     <span class='ocr_line' id='line_1_63' title="bbox 372 3242 1967 3320; baseline 0.01 -25"><span class='ocrx_word' id='word_1_463' title='bbox 372 3249 430 3296; x_wconf 88' lang='lat' dir='ltr'><strong>et</strong></span> <span class='ocrx_word' id='word_1_464' title='bbox 459 3242 587 3296; x_wconf 68' lang='lat' dir='ltr'><strong>caici</strong></span> <span class='ocrx_word' id='word_1_465' title='bbox 616 3245 806 3300; x_wconf 91' lang='lat' dir='ltr'><strong>oculos</strong></span> <span class='ocrx_word' id='word_1_466' title='bbox 835 3245 1122 3317; x_wconf 83' lang='lat' dir='ltr'><strong>tetigisset,</strong></span> <span class='ocrx_word' id='word_1_467' title='bbox 1165 3256 1220 3303; x_wconf 91' lang='lat' dir='ltr'><strong>et</strong></span> <span class='ocrx_word' id='word_1_468' title='bbox 1259 3264 1515 3320; x_wconf 88' lang='lat' dir='ltr'><strong>magnum</strong></span> <span class='ocrx_word' id='word_1_469' title='bbox 1538 3251 1747 3308; x_wconf 88' lang='lat' dir='ltr'><strong>Christi</strong></span> <span class='ocrx_word' id='word_1_470' title='bbox 1773 3269 1967 3311; x_wconf 89' lang='lat' dir='ltr'><strong>nomen</strong></span> 
     </span>
    </p>
   </div>
   <div class='ocr_carea' id='block_1_64' title="bbox 2075 3242 3668 3320">
    <p class='ocr_par' dir='ltr' id='par_1_64' title="bbox 2081 3245 3668 3317">
     <span class='ocr_line' id='line_1_64' title="bbox 2081 3245 3668 3317; baseline 0 -19"><span class='ocrx_word' id='word_1_471' title='bbox 2081 3248 2338 3317; x_wconf 82' lang='grc' dir='ltr'>πρᾶγμα.</span> <span class='ocrx_word' id='word_1_472' title='bbox 2375 3245 2562 3299; x_wconf 87' lang='grc' dir='ltr'>Ταῦτα</span> <span class='ocrx_word' id='word_1_473' title='bbox 2596 3245 2768 3298; x_wconf 75' lang='grc' dir='ltr'>εἰπὼν</span> <span class='ocrx_word' id='word_1_474' title='bbox 2791 3245 2886 3299; x_wconf 73' lang='grc' dir='ltr'><strong>καὶ</strong></span> <span class='ocrx_word' id='word_1_475' title='bbox 2914 3247 3026 3298; x_wconf 84' lang='grc' dir='ltr'><strong>τῶν</strong></span> <span class='ocrx_word' id='word_1_476' title='bbox 3051 3245 3353 3316; x_wconf 83' lang='grc' dir='ltr'>ὀφθαλμῶν</span> <span class='ocrx_word' id='word_1_477' title='bbox 3382 3245 3668 3315; x_wconf 68' lang='grc' dir='ltr'>ἁψάμενος</span> 
     </span>
    </p>
   </div>
   <div class='ocr_carea' id='block_1_65' title="bbox 372 3339 1976 3413">
    <p class='ocr_par' dir='ltr' id='par_1_65' title="bbox 372 3339 1976 3413">
     <span class='ocr_line' id='line_1_65' title="bbox 372 3339 1976 3413; baseline 0.011 -26"><span class='ocrx_word' id='word_1_478' title='bbox 372 3344 644 3402; x_wconf 83' lang='lat' dir='ltr'><strong>vocasset,</strong></span> <span class='ocrx_word' id='word_1_479' title='bbox 677 3347 733 3393; x_wconf 90' lang='lat' dir='ltr'><strong>et</strong></span> <span class='ocrx_word' id='word_1_480' title='bbox 757 3339 825 3394; x_wconf 91' lang='lat' dir='ltr'><strong>ab</strong></span> <span class='ocrx_word' id='word_1_481' title='bbox 849 3340 968 3410; x_wconf 91' lang='lat' dir='ltr'><strong>ipso</strong></span> <span class='ocrx_word' id='word_1_482' title='bbox 991 3339 1246 3410; x_wconf 89' lang='lat' dir='ltr'><strong>precibus</strong></span> <span class='ocrx_word' id='word_1_483' title='bbox 1270 3342 1519 3413; x_wconf 88' lang='lat' dir='ltr'><strong>petiisset</strong></span> <span class='ocrx_word' id='word_1_484' title='bbox 1552 3344 1696 3400; x_wconf 91' lang='lat' dir='ltr'><strong>illius</strong></span> <span class='ocrx_word' id='word_1_485' title='bbox 1735 3349 1976 3404; x_wconf 86' lang='lat' dir='ltr'><strong>curatio-</strong></span> 
     </span>
    </p>
   </div>
   <div class='ocr_carea' id='block_1_66' title="bbox 375 3433 1973 3512">
    <p class='ocr_par' dir='ltr' id='par_1_66' title="bbox 375 3433 1973 3512">
     <span class='ocr_line' id='line_1_66' title="bbox 375 3433 1973 3512; baseline 0.009 -30"><span class='ocrx_word' id='word_1_486' title='bbox 375 3444 528 3495; x_wconf 88' lang='lat' dir='ltr'><strong>nem,</strong></span> <span class='ocrx_word' id='word_1_487' title='bbox 561 3433 746 3488; x_wconf 86' lang='lat' dir='ltr'><strong>statim</strong></span> <span class='ocrx_word' id='word_1_488' title='bbox 801 3434 880 3488; x_wconf 88' lang='lat' dir='ltr'><strong>illi</strong></span> <span class='ocrx_word' id='word_1_489' title='bbox 934 3434 1154 3503; x_wconf 88' lang='lat' dir='ltr'><strong>quidem</strong></span> <span class='ocrx_word' id='word_1_490' title='bbox 1212 3436 1521 3506; x_wconf 83' lang='lat' dir='ltr'><strong>oculorum,</strong></span> <span class='ocrx_word' id='word_1_491' title='bbox 1590 3440 1732 3512; x_wconf 89' lang='lat' dir='ltr'><strong>patri</strong></span> <span class='ocrx_word' id='word_1_492' title='bbox 1789 3449 1973 3498; x_wconf 91' lang='lat' dir='ltr'><strong>autem</strong></span> 
     </span>
    </p>
   </div>
   <div class='ocr_carea' id='block_1_67' title="bbox 375 3523 1968 3602">
    <p class='ocr_par' dir='ltr' id='par_1_67' title="bbox 375 3523 1968 3602">
     <span class='ocr_line' id='line_1_67' title="bbox 375 3523 1968 3602; baseline 0.007 -25"><span class='ocrx_word' id='word_1_493' title='bbox 375 3523 541 3578; x_wconf 85' lang='lat' dir='ltr'><strong>solvit</strong></span> <span class='ocrx_word' id='word_1_494' title='bbox 604 3525 860 3579; x_wconf 85' lang='lat' dir='ltr'><strong>tenebras</strong></span> <span class='ocrx_word' id='word_1_495' title='bbox 922 3526 1240 3596; x_wconf 87' lang='lat' dir='ltr'><strong>impietatis,</strong></span> <span class='ocrx_word' id='word_1_496' title='bbox 1303 3535 1359 3582; x_wconf 86' lang='lat' dir='ltr'><strong>et</strong></span> <span class='ocrx_word' id='word_1_497' title='bbox 1413 3528 1594 3584; x_wconf 74' lang='lat' dir='ltr'><strong>effecit</strong></span> <span class='ocrx_word' id='word_1_498' title='bbox 1652 3540 1713 3585; x_wconf 88' lang='lat' dir='ltr'><strong>ut</strong></span> <span class='ocrx_word' id='word_1_499' title='bbox 1777 3540 1968 3602; x_wconf 90' lang='lat' dir='ltr'><strong>aperte</strong></span> 
     </span>
    </p>
   </div>
   <div class='ocr_carea' id='block_1_68' title="bbox 375 3615 1959 3694">
    <p class='ocr_par' dir='ltr' id='par_1_68' title="bbox 375 3615 1959 3694">
     <span class='ocr_line' id='line_1_68' title="bbox 375 3615 1959 3694; baseline 0.008 -25"><span class='ocrx_word' id='word_1_500' title='bbox 375 3615 737 3670; x_wconf 79' lang='lat' dir='ltr'><strong>confiteretur</strong></span> <span class='ocrx_word' id='word_1_501' title='bbox 778 3619 1035 3687; x_wconf 86' lang='lat' dir='ltr'><strong>pietatem</strong></span> <span class='ocrx_word' id='word_1_502' title='bbox 1069 3634 1084 3672; x_wconf 92' lang='lat'>:</span> <span class='ocrx_word' id='word_1_503' title='bbox 1118 3619 1202 3674; x_wconf 91' lang='lat' dir='ltr'><strong>vel</strong></span> <span class='ocrx_word' id='word_1_504' title='bbox 1256 3620 1442 3690; x_wconf 90' lang='lat' dir='ltr'><strong>potius</strong></span> <span class='ocrx_word' id='word_1_505' title='bbox 1475 3635 1620 3677; x_wconf 66' lang='lat' dir='ltr'><strong>casco</strong></span> <span class='ocrx_word' id='word_1_506' title='bbox 1681 3622 1959 3694; x_wconf 90' lang='lat' dir='ltr'><strong>duplicem</strong></span> 
     </span>
    </p>
   </div>
   <div class='ocr_carea' id='block_1_69' title="bbox 381 3706 1968 3774">
    <p class='ocr_par' dir='ltr' id='par_1_69' title="bbox 381 3706 1968 3774">
     <span class='ocr_line' id='line_1_69' title="bbox 381 3706 1968 3774; baseline 0.008 -12"><span class='ocrx_word' id='word_1_507' title='bbox 381 3706 534 3762; x_wconf 88' lang='lat' dir='ltr'><strong>dedit</strong></span> <span class='ocrx_word' id='word_1_508' title='bbox 563 3708 854 3764; x_wconf 83' lang='lat' dir='ltr'><strong>medelam.</strong></span> <span class='ocrx_word' id='word_1_509' title='bbox 887 3711 1080 3767; x_wconf 90' lang='lat' dir='ltr'><strong>Carnis</strong></span> <span class='ocrx_word' id='word_1_510' title='bbox 1116 3712 1264 3766; x_wconf 89' lang='lat' dir='ltr'><strong>enim</strong></span> <span class='ocrx_word' id='word_1_511' title='bbox 1317 3723 1373 3769; x_wconf 92' lang='lat' dir='ltr'><strong>et</strong></span> <span class='ocrx_word' id='word_1_512' title='bbox 1406 3715 1602 3770; x_wconf 72' lang='lat' dir='ltr'><strong>animm</strong></span> <span class='ocrx_word' id='word_1_513' title='bbox 1644 3719 1968 3774; x_wconf 72' lang='lat' dir='ltr'><strong>czecutiebat</strong></span> 
     </span>
    </p>
   </div>
   <div class='ocr_carea' id='block_1_70' title="bbox 375 3793 1969 3876">
    <p class='ocr_par' dir='ltr' id='par_1_70' title="bbox 375 3793 1969 3876">
     <span class='ocr_line' id='line_1_70' title="bbox 375 3793 1969 3876; baseline 0.011 -29"><span class='ocrx_word' id='word_1_514' title='bbox 375 3793 572 3860; x_wconf 77' lang='lat' dir='ltr'><strong>oculis,</strong></span> <span class='ocrx_word' id='word_1_515' title='bbox 613 3805 672 3849; x_wconf 87' lang='lat' dir='ltr'><strong>ut</strong></span> <span class='ocrx_word' id='word_1_516' title='bbox 700 3796 791 3866; x_wconf 90' lang='lat' dir='ltr'><strong>qui</strong></span> <span class='ocrx_word' id='word_1_517' title='bbox 821 3800 1240 3856; x_wconf 89' lang='lat' dir='ltr'><strong>essetadorator</strong></span> <span class='ocrx_word' id='word_1_518' title='bbox 1261 3802 1554 3870; x_wconf 90' lang='lat' dir='ltr'><strong>idolorum,</strong></span> <span class='ocrx_word' id='word_1_519' title='bbox 1587 3813 1643 3859; x_wconf 90' lang='lat' dir='ltr'><strong>et</strong></span> <span class='ocrx_word' id='word_1_520' title='bbox 1669 3821 1765 3876; x_wconf 90' lang='lat' dir='ltr'><strong>per</strong></span> <span class='ocrx_word' id='word_1_521' title='bbox 1788 3808 1969 3864; x_wconf 90' lang='lat' dir='ltr'><strong>lucem</strong></span> 
     </span>
    </p>
   </div>
   <div class='ocr_carea' id='block_1_71' title="bbox 372 3886 1970 3959">
    <p class='ocr_par' dir='ltr' id='par_1_71' title="bbox 372 3886 1970 3959">
     <span class='ocr_line' id='line_1_71' title="bbox 372 3886 1970 3959; baseline 0.012 -22"><span class='ocrx_word' id='word_1_522' title='bbox 372 3886 484 3958; x_wconf 83' lang='lat' dir='ltr'><strong>jam</strong></span> <span class='ocrx_word' id='word_1_523' title='bbox 541 3902 858 3958; x_wconf 90' lang='lat' dir='ltr'><strong>corpoream</strong></span> <span class='ocrx_word' id='word_1_524' title='bbox 916 3901 1137 3959; x_wconf 85' lang='lat' dir='ltr'><strong>apertos</strong></span> <span class='ocrx_word' id='word_1_525' title='bbox 1193 3895 1375 3950; x_wconf 89' lang='lat' dir='ltr'><strong>cordis</strong></span> <span class='ocrx_word' id='word_1_526' title='bbox 1420 3896 1700 3953; x_wconf 87' lang='lat' dir='ltr'><strong>habuisset</strong></span> <span class='ocrx_word' id='word_1_527' title='bbox 1760 3899 1970 3956; x_wconf 91' lang='lat' dir='ltr'><strong>oculos.</strong></span> 
     </span>
    </p>
   </div>
   <div class='ocr_carea' id='block_1_72' title="bbox 383 3979 1974 4065">
    <p class='ocr_par' dir='ltr' id='par_1_72' title="bbox 383 3979 1974 4065">
     <span class='ocr_line' id='line_1_72' title="bbox 383 3979 1974 4065; baseline 0.009 -31"><span class='ocrx_word' id='word_1_528' title='bbox 383 3979 587 4034; x_wconf 78' lang='lat' dir='ltr'><strong>Ambos</strong></span> <span class='ocrx_word' id='word_1_529' title='bbox 644 3995 794 4052; x_wconf 91' lang='lat' dir='ltr'><strong>ergo,</strong></span> <span class='ocrx_word' id='word_1_530' title='bbox 849 3998 974 4037; x_wconf 91' lang='lat' dir='ltr'><strong>cum</strong></span> <span class='ocrx_word' id='word_1_531' title='bbox 1031 3985 1416 4055; x_wconf 84' lang='lat' dir='ltr'><strong>credidissent,</strong></span> <span class='ocrx_word' id='word_1_532' title='bbox 1471 3989 1662 4046; x_wconf 84' lang='lat' dir='ltr'><strong>divino</strong></span> <span class='ocrx_word' id='word_1_533' title='bbox 1719 3992 1974 4065; x_wconf 89' lang='lat' dir='ltr'><strong>dignatur</strong></span> 
     </span>
    </p>
   </div>
   <div class='ocr_carea' id='block_1_73' title="bbox 376 4070 1973 4142">
    <p class='ocr_par' dir='ltr' id='par_1_73' title="bbox 376 4070 1973 4142">
     <span class='ocr_line' id='line_1_73' title="bbox 376 4070 1973 4142; baseline 0.009 -16"><span class='ocrx_word' id='word_1_534' title='bbox 376 4070 725 4142; x_wconf 86' lang='lat' dir='ltr'><strong>baptismate,</strong></span> <span class='ocrx_word' id='word_1_535' title='bbox 758 4082 813 4129; x_wconf 90' lang='lat' dir='ltr'><strong>et</strong></span> <span class='ocrx_word' id='word_1_536' title='bbox 870 4075 1040 4132; x_wconf 88' lang='lat' dir='ltr'><strong>refert</strong></span> <span class='ocrx_word' id='word_1_537' title='bbox 1070 4078 1127 4131; x_wconf 90' lang='lat' dir='ltr'><strong>in</strong></span> <span class='ocrx_word' id='word_1_538' title='bbox 1179 4095 1483 4134; x_wconf 90' lang='lat' dir='ltr'><strong>numerum</strong></span> <span class='ocrx_word' id='word_1_539' title='bbox 1547 4082 1811 4139; x_wconf 82' lang='lat' dir='ltr'><strong>ﬁdelium.</strong></span> <span class='ocrx_word' id='word_1_540' title='bbox 1864 4085 1973 4141; x_wconf 87' lang='lat' dir='ltr'><strong>Sed</strong></span> 
     </span>
    </p>
   </div>
   <div class='ocr_carea' id='block_1_74' title="bbox 377 4166 1976 4249">
    <p class='ocr_par' dir='ltr' id='par_1_74' title="bbox 377 4166 1976 4249">
     <span class='ocr_line' id='line_1_74' title="bbox 377 4166 1976 4249; baseline 0.009 -30"><span class='ocrx_word' id='word_1_541' title='bbox 377 4177 489 4226; x_wconf 87' lang='lat' dir='ltr'><strong>non</strong></span> <span class='ocrx_word' id='word_1_542' title='bbox 519 4177 585 4218; x_wconf 91' lang='lat' dir='ltr'><strong>eo</strong></span> <span class='ocrx_word' id='word_1_543' title='bbox 611 4179 785 4236; x_wconf 89' lang='lat' dir='ltr'><strong>usque</strong></span> <span class='ocrx_word' id='word_1_544' title='bbox 815 4166 934 4222; x_wconf 89' lang='lat' dir='ltr'><strong>sisti</strong></span> <span class='ocrx_word' id='word_1_545' title='bbox 979 4178 1198 4239; x_wconf 85' lang='lat' dir='ltr'><strong>poterat</strong></span> <span class='ocrx_word' id='word_1_546' title='bbox 1261 4171 1532 4246; x_wconf 85' lang='lat' dir='ltr'><strong>Eustorgii</strong></span> <span class='ocrx_word' id='word_1_547' title='bbox 1585 4176 1826 4232; x_wconf 91' lang='lat' dir='ltr'><strong>studium</strong></span> <span class='ocrx_word' id='word_1_548' title='bbox 1859 4179 1976 4249; x_wconf 90' lang='lat' dir='ltr'><strong>pie-</strong></span> 
     </span>
    </p>
   </div>
   <div class='ocr_carea' id='block_1_75' title="bbox 378 4259 1974 4339">
    <p class='ocr_par' dir='ltr' id='par_1_75' title="bbox 378 4259 1974 4339">
     <span class='ocr_line' id='line_1_75' title="bbox 378 4259 1974 4339; baseline 0.01 -25"><span class='ocrx_word' id='word_1_549' title='bbox 378 4259 528 4324; x_wconf 86' lang='lat' dir='ltr'><strong>tatis,</strong></span> <span class='ocrx_word' id='word_1_550' title='bbox 580 4269 640 4315; x_wconf 92' lang='lat' dir='ltr'><strong>ut</strong></span> <span class='ocrx_word' id='word_1_551' title='bbox 687 4263 778 4331; x_wconf 91' lang='lat' dir='ltr'><strong>qui</strong></span> <span class='ocrx_word' id='word_1_552' title='bbox 817 4272 960 4318; x_wconf 87' lang='lat' dir='ltr'><strong>esset</strong></span> <span class='ocrx_word' id='word_1_553' title='bbox 993 4273 1149 4335; x_wconf 89' lang='lat' dir='ltr'><strong>pater</strong></span> <span class='ocrx_word' id='word_1_554' title='bbox 1203 4268 1390 4339; x_wconf 87' lang='lat' dir='ltr'><strong>magni</strong></span> <span class='ocrx_word' id='word_1_555' title='bbox 1419 4267 1771 4328; x_wconf 89' lang='lat' dir='ltr'><strong>Pantoleonis</strong></span> <span class='ocrx_word' id='word_1_556' title='bbox 1805 4289 1823 4328; x_wconf 80' lang='grc' dir='ltr'><strong>ι</strong></span> <span class='ocrx_word' id='word_1_557' title='bbox 1867 4259 1974 4329; x_wconf 68' lang='grc' dir='ltr'>ἐεὰ</span> 
     </span>
    </p>
   </div>
   <div class='ocr_carea' id='block_1_76' title="bbox 376 4351 1972 4430">
    <p class='ocr_par' dir='ltr' id='par_1_76' title="bbox 376 4351 1972 4430">
     <span class='ocr_line' id='line_1_76' title="bbox 376 4351 1972 4430; baseline 0.01 -26"><span class='ocrx_word' id='word_1_558' title='bbox 376 4351 722 4420; x_wconf 83' lang='lat' dir='ltr'><strong>apertissime</strong></span> <span class='ocrx_word' id='word_1_559' title='bbox 737 4354 1035 4412; x_wconf 84' lang='lat' dir='ltr'><strong>ostendens</strong></span> <span class='ocrx_word' id='word_1_560' title='bbox 1064 4371 1123 4411; x_wconf 90' lang='lat' dir='ltr'><strong>se</strong></span> <span class='ocrx_word' id='word_1_561' title='bbox 1158 4373 1403 4416; x_wconf 84' lang='lat' dir='ltr'><strong>errorem</strong></span> <span class='ocrx_word' id='word_1_562' title='bbox 1438 4361 1642 4417; x_wconf 88' lang='lat' dir='ltr'><strong>habere</strong></span> <span class='ocrx_word' id='word_1_563' title='bbox 1671 4363 1818 4430; x_wconf 90' lang='lat' dir='ltr'><strong>odio,</strong></span> <span class='ocrx_word' id='word_1_564' title='bbox 1847 4380 1972 4420; x_wconf 89' lang='lat' dir='ltr'><strong>cum</strong></span> 
     </span>
    </p>
   </div>
   <div class='ocr_carea' id='block_1_77' title="bbox 379 4444 1974 4528">
    <p class='ocr_par' dir='ltr' id='par_1_77' title="bbox 379 4444 1974 4528">
     <span class='ocr_line' id='line_1_77' title="bbox 379 4444 1974 4528; baseline 0.01 -31"><span class='ocrx_word' id='word_1_565' title='bbox 379 4444 735 4501; x_wconf 87' lang='lat' dir='ltr'><strong>contrivisset</strong></span> <span class='ocrx_word' id='word_1_566' title='bbox 763 4447 905 4502; x_wconf 92' lang='lat' dir='ltr'><strong>idola</strong></span> <span class='ocrx_word' id='word_1_567' title='bbox 954 4465 1074 4518; x_wconf 83' lang='lat' dir='ltr'><strong>quae</strong></span> <span class='ocrx_word' id='word_1_568' title='bbox 1108 4460 1267 4506; x_wconf 89' lang='lat' dir='ltr'><strong>erant</strong></span> <span class='ocrx_word' id='word_1_569' title='bbox 1322 4451 1378 4506; x_wconf 91' lang='lat' dir='ltr'><strong>in</strong></span> <span class='ocrx_word' id='word_1_570' title='bbox 1413 4454 1690 4524; x_wconf 88' lang='lat' dir='ltr'><strong>cubiculo,</strong></span> <span class='ocrx_word' id='word_1_571' title='bbox 1721 4471 1784 4512; x_wconf 92' lang='lat' dir='ltr'><strong>ea</strong></span> <span class='ocrx_word' id='word_1_572' title='bbox 1841 4458 1974 4528; x_wconf 89' lang='lat' dir='ltr'><strong>jacit</strong></span> 
     </span>
    </p>
   </div>
   <div class='ocr_carea' id='block_1_78' title="bbox 2076 3336 3671 3410">
    <p class='ocr_par' dir='ltr' id='par_1_78' title="bbox 2076 3336 3671 3410">
     <span class='ocr_line' id='line_1_78' title="bbox 2076 3336 3671 3410; baseline -0.002 -18"><span class='ocrx_word' id='word_1_573' title='bbox 2076 3339 2170 3392; x_wconf 84' lang='grc' dir='ltr'><strong>τοῦ</strong></span> <span class='ocrx_word' id='word_1_574' title='bbox 2202 3338 2430 3408; x_wconf 81' lang='grc' dir='ltr'>τυφλοῦ,</span> <span class='ocrx_word' id='word_1_575' title='bbox 2461 3342 2523 3392; x_wconf 74' lang='grc' dir='ltr'><strong>τὸ</strong></span> <span class='ocrx_word' id='word_1_576' title='bbox 2558 3339 2704 3409; x_wconf 90' lang='grc' dir='ltr'>μέγα</span> <span class='ocrx_word' id='word_1_577' title='bbox 2738 3357 2798 3392; x_wconf 86' lang='grc' dir='ltr'><strong>τε</strong></span> <span class='ocrx_word' id='word_1_578' title='bbox 2831 3339 3003 3410; x_wconf 73' lang='grc' dir='ltr'>ὄνομα</span> <span class='ocrx_word' id='word_1_579' title='bbox 3036 3339 3130 3392; x_wconf 90' lang='grc' dir='ltr'><strong>τοῦ</strong></span> <span class='ocrx_word' id='word_1_580' title='bbox 3155 3338 3392 3410; x_wconf 76' lang='grc' dir='ltr'>Χριστοῦ</span> <span class='ocrx_word' id='word_1_581' title='bbox 3425 3336 3671 3399; x_wconf 75' lang='grc' dir='ltr'>καλέσας</span> 
     </span>
    </p>
   </div>
   <div class='ocr_carea' id='block_1_79' title="bbox 2086 3414 3672 3500">
    <p class='ocr_par' dir='ltr' id='par_1_79' title="bbox 2086 3414 3672 3500">
     <span class='ocr_line' id='line_1_79' title="bbox 2086 3414 3672 3500; baseline -0.002 -18"><span class='ocrx_word' id='word_1_582' title='bbox 2086 3429 2183 3482; x_wconf 81' lang='grc' dir='ltr'>καὶ</span> <span class='ocrx_word' id='word_1_583' title='bbox 2218 3430 2350 3500; x_wconf 89' lang='grc' dir='ltr'>παρ’</span> <span class='ocrx_word' id='word_1_584' title='bbox 2399 3429 2567 3484; x_wconf 82' lang='grc' dir='ltr'>αὐτοῦ</span> <span class='ocrx_word' id='word_1_585' title='bbox 2619 3431 2766 3484; x_wconf 71' lang='lat' dir='ltr'><strong>tactv</strong></span> <span class='ocrx_word' id='word_1_586' title='bbox 2817 3431 3218 3499; x_wconf 77' lang='grc' dir='ltr'>ἐπευξάμενος,</span> <span class='ocrx_word' id='word_1_587' title='bbox 3255 3414 3418 3493; x_wconf 80' lang='grc' dir='ltr'>εὐθὺς</span> <span class='ocrx_word' id='word_1_588' title='bbox 3465 3427 3672 3496; x_wconf 80' lang='grc' dir='ltr'>ἐκείνῳ</span> 
     </span>
    </p>
   </div>
   <div class='ocr_carea' id='block_1_80' title="bbox 2078 3519 3672 3594">
    <p class='ocr_par' dir='ltr' id='par_1_80' title="bbox 2078 3519 3672 3594">
     <span class='ocr_line' id='line_1_80' title="bbox 2078 3519 3672 3594; baseline -0.001 -22"><span class='ocrx_word' id='word_1_589' title='bbox 2078 3519 2180 3590; x_wconf 71' lang='grc' dir='ltr'>μὲν</span> <span class='ocrx_word' id='word_1_590' title='bbox 2211 3521 2272 3573; x_wconf 86' lang='grc' dir='ltr'><strong>τὸ</strong></span> <span class='ocrx_word' id='word_1_591' title='bbox 2311 3521 2420 3574; x_wconf 88' lang='grc' dir='ltr'><strong>τῶν</strong></span> <span class='ocrx_word' id='word_1_592' title='bbox 2458 3521 2777 3592; x_wconf 80' lang='grc' dir='ltr'>ὀφθαλμῶν,</span> <span class='ocrx_word' id='word_1_593' title='bbox 2827 3521 2907 3594; x_wconf 84' lang='grc' dir='ltr'>τῷ</span> <span class='ocrx_word' id='word_1_594' title='bbox 2952 3524 3124 3593; x_wconf 73' lang='grc' dir='ltr'>πατρὶ</span> <span class='ocrx_word' id='word_1_595' title='bbox 3166 3522 3225 3576; x_wconf 78' lang='grc' dir='ltr'>δὲ</span> <span class='ocrx_word' id='word_1_596' title='bbox 3280 3521 3341 3574; x_wconf 82' lang='grc' dir='ltr'><strong>τὸ</strong></span> <span class='ocrx_word' id='word_1_597' title='bbox 3393 3521 3495 3589; x_wconf 71' lang='grc' dir='ltr'>τῆς</span> <span class='ocrx_word' id='word_1_598' title='bbox 3536 3521 3672 3572; x_wconf 85' lang='grc' dir='ltr'>ἀσε-</span> 
     </span>
    </p>
   </div>
   <div class='ocr_carea' id='block_1_81' title="bbox 2085 3595 3670 3694">
    <p class='ocr_par' dir='ltr' id='par_1_81' title="bbox 2085 3595 3670 3694">
     <span class='ocr_line' id='line_1_81' title="bbox 2085 3595 3670 3694; baseline 0.001 -30"><span class='ocrx_word' id='word_1_599' title='bbox 2085 3613 2239 3677; x_wconf 79' lang='grc' dir='ltr'>ϐείας</span> <span class='ocrx_word' id='word_1_600' title='bbox 2284 3613 2446 3668; x_wconf 74' lang='grc' dir='ltr'>ἔλυσε</span> <span class='ocrx_word' id='word_1_601' title='bbox 2503 3616 2696 3678; x_wconf 83' lang='grc' dir='ltr'>σκότος</span> <span class='ocrx_word' id='word_1_602' title='bbox 2725 3595 2842 3668; x_wconf 53' lang='grc' dir='ltr'>’καὶ</span> <span class='ocrx_word' id='word_1_603' title='bbox 2895 3615 3112 3694; x_wconf 66' lang='grc' dir='ltr'>τρανῶς</span> <span class='ocrx_word' id='word_1_604' title='bbox 3157 3614 3442 3685; x_wconf 83' lang='grc' dir='ltr'>ὁμολογεῖν</span> <span class='ocrx_word' id='word_1_605' title='bbox 3488 3630 3670 3682; x_wconf 82' lang='grc' dir='ltr'>παρε-</span> 
     </span>
    </p>
   </div>
   <div class='ocr_carea' id='block_1_82' title="bbox 2077 3702 3670 3778">
    <p class='ocr_par' dir='ltr' id='par_1_82' title="bbox 2077 3702 3670 3778">
     <span class='ocr_line' id='line_1_82' title="bbox 2077 3702 3670 3778; baseline 0 -22"><span class='ocrx_word' id='word_1_606' title='bbox 2077 3702 2347 3758; x_wconf 79' lang='grc' dir='ltr'>σκεύασεν</span> <span class='ocrx_word' id='word_1_607' title='bbox 2367 3704 2467 3776; x_wconf 87' lang='grc' dir='ltr'>τὴν</span> <span class='ocrx_word' id='word_1_608' title='bbox 2491 3705 2805 3772; x_wconf 70' lang='grc' dir='ltr'>εὐσέϐειαν,</span> <span class='ocrx_word' id='word_1_609' title='bbox 2842 3706 3046 3776; x_wconf 76' lang='grc' dir='ltr'>μᾶλλον</span> <span class='ocrx_word' id='word_1_610' title='bbox 3070 3707 3127 3762; x_wconf 83' lang='grc' dir='ltr'>δὲ</span> <span class='ocrx_word' id='word_1_611' title='bbox 3153 3708 3232 3778; x_wconf 82' lang='grc' dir='ltr'>τῷ</span> <span class='ocrx_word' id='word_1_612' title='bbox 3257 3707 3441 3777; x_wconf 75' lang='grc' dir='ltr'>τυφλῷ</span> <span class='ocrx_word' id='word_1_613' title='bbox 3463 3705 3670 3775; x_wconf 80' lang='grc' dir='ltr'>διπλῆν</span> 
     </span>
    </p>
   </div>
   <div class='ocr_carea' id='block_1_83' title="bbox 2077 3794 3669 3872">
    <p class='ocr_par' dir='ltr' id='par_1_83' title="bbox 2077 3794 3669 3872">
     <span class='ocr_line' id='line_1_83' title="bbox 2077 3794 3669 3872; baseline 0.001 -24"><span class='ocrx_word' id='word_1_614' title='bbox 2077 3795 2311 3867; x_wconf 83' lang='grc' dir='ltr'>παρέχει</span> <span class='ocrx_word' id='word_1_615' title='bbox 2341 3797 2441 3866; x_wconf 79' lang='grc' dir='ltr'>τὴν</span> <span class='ocrx_word' id='word_1_616' title='bbox 2478 3799 2624 3853; x_wconf 82' lang='grc' dir='ltr'>ἴασιν</span> <span class='ocrx_word' id='word_1_617' title='bbox 2646 3815 2659 3828; x_wconf 91' lang='grc'><strong>·</strong></span> <span class='ocrx_word' id='word_1_618' title='bbox 2697 3794 2766 3870; x_wconf 83' lang='grc' dir='ltr'>ἦν</span> <span class='ocrx_word' id='word_1_619' title='bbox 2803 3800 2913 3870; x_wconf 83' lang='grc' dir='ltr'>γὰρ</span> <span class='ocrx_word' id='word_1_620' title='bbox 2951 3802 3050 3854; x_wconf 73' lang='grc' dir='ltr'><strong>καὶ</strong></span> <span class='ocrx_word' id='word_1_621' title='bbox 3081 3802 3286 3872; x_wconf 70' lang='grc' dir='ltr'>σαρκὸς</span> <span class='ocrx_word' id='word_1_622' title='bbox 3313 3801 3539 3870; x_wconf 77' lang='grc' dir='ltr'>ὄμματα</span> <span class='ocrx_word' id='word_1_623' title='bbox 3566 3801 3669 3851; x_wconf 67' lang='grc' dir='ltr'><strong>καὶ⁹</strong></span> 
     </span>
    </p>
   </div>
   <div class='ocr_carea' id='block_1_84' title="bbox 2073 3889 3668 3962">
    <p class='ocr_par' dir='ltr' id='par_1_84' title="bbox 2073 3889 3668 3962">
     <span class='ocr_line' id='line_1_84' title="bbox 2073 3889 3668 3962; baseline 0 -18"><span class='ocrx_word' id='word_1_624' title='bbox 2073 3889 2256 3962; x_wconf 73' lang='grc' dir='ltr'>ψυχῆς</span> <span class='ocrx_word' id='word_1_625' title='bbox 2301 3891 2654 3959; x_wconf 80' lang='grc' dir='ltr'>τυφλώττων,</span> <span class='ocrx_word' id='word_1_626' title='bbox 2708 3893 2804 3947; x_wconf 76' lang='grc' dir='ltr'>ἅτε</span> <span class='ocrx_word' id='word_1_627' title='bbox 2857 3894 2953 3946; x_wconf 71' lang='grc' dir='ltr'>καὶ</span> <span class='ocrx_word' id='word_1_628' title='bbox 3004 3893 3167 3956; x_wconf 74' lang='grc' dir='ltr'>αὐτὸς</span> <span class='ocrx_word' id='word_1_629' title='bbox 3209 3893 3444 3946; x_wconf 78' lang='grc' dir='ltr'>εἰδώλων</span> <span class='ocrx_word' id='word_1_630' title='bbox 3491 3909 3668 3962; x_wconf 83' lang='grc' dir='ltr'>προσ-</span> 
     </span>
    </p>
   </div>
   <div class='ocr_carea' id='block_1_85' title="bbox 2077 3979 3669 4053">
    <p class='ocr_par' dir='ltr' id='par_1_85' title="bbox 2077 3979 3669 4053">
     <span class='ocr_line' id='line_1_85' title="bbox 2077 3979 3669 4053; baseline -0.003 -20"><span class='ocrx_word' id='word_1_631' title='bbox 2077 3982 2324 4053; x_wconf 74' lang='grc' dir='ltr'>κυνητὴς</span> <span class='ocrx_word' id='word_1_632' title='bbox 2349 3981 2442 4036; x_wconf 80' lang='grc' dir='ltr'><strong>ὢν.</strong></span> <span class='ocrx_word' id='word_1_633' title='bbox 2478 3981 2587 4035; x_wconf 78' lang='grc' dir='ltr'>Καὶ</span> <span class='ocrx_word' id='word_1_634' title='bbox 2617 3980 2706 4035; x_wconf 74' lang='grc' dir='ltr'>διὰ</span> <span class='ocrx_word' id='word_1_635' title='bbox 2735 3981 2830 4035; x_wconf 89' lang='grc' dir='ltr'><strong>τοῦ</strong></span> <span class='ocrx_word' id='word_1_636' title='bbox 2860 3982 3182 4052; x_wconf 82' lang='grc' dir='ltr'>σωματικοῦ</span> <span class='ocrx_word' id='word_1_637' title='bbox 3207 3980 3384 4050; x_wconf 81' lang='grc' dir='ltr'>φωτὸς</span> <span class='ocrx_word' id='word_1_638' title='bbox 3414 3979 3506 4032; x_wconf 76' lang='grc' dir='ltr'><strong>καὶ</strong></span> <span class='ocrx_word' id='word_1_639' title='bbox 3533 3980 3669 4041; x_wconf 82' lang='grc' dir='ltr'>τοὺς</span> 
     </span>
    </p>
   </div>
   <div class='ocr_carea' id='block_1_86' title="bbox 2074 4073 3670 4146">
    <p class='ocr_par' dir='ltr' id='par_1_86' title="bbox 2074 4073 3670 4146">
     <span class='ocr_line' id='line_1_86' title="bbox 2074 4073 3670 4146; baseline -0.003 -17"><span class='ocrx_word' id='word_1_640' title='bbox 2074 4076 2173 4145; x_wconf 85' lang='grc' dir='ltr'><strong>τῆς</strong></span> <span class='ocrx_word' id='word_1_641' title='bbox 2221 4076 2452 4146; x_wconf 78' lang='grc' dir='ltr'>καρδίας</span> <span class='ocrx_word' id='word_1_642' title='bbox 2505 4077 2797 4145; x_wconf 81' lang='grc' dir='ltr'>διανοιγεὶς</span> <span class='ocrx_word' id='word_1_643' title='bbox 2851 4076 3212 4145; x_wconf 71' lang='grc' dir='ltr'>ὀφθαλμούς·</span> <span class='ocrx_word' id='word_1_644' title='bbox 3262 4073 3670 4136; x_wconf 80' lang='grc' dir='ltr'>πιστεύσαντας</span> 
     </span>
    </p>
   </div>
   <div class='ocr_carea' id='block_1_87' title="bbox 2077 4165 3666 4240">
    <p class='ocr_par' dir='ltr' id='par_1_87' title="bbox 2077 4165 3666 4240">
     <span class='ocr_line' id='line_1_87' title="bbox 2077 4165 3666 4240; baseline -0.004 -17"><span class='ocrx_word' id='word_1_645' title='bbox 2077 4169 2426 4238; x_wconf 76' lang='grc' dir='ltr'>ἀμφοτέρους</span> <span class='ocrx_word' id='word_1_646' title='bbox 2479 4169 2575 4223; x_wconf 87' lang='grc' dir='ltr'><strong>τοῦ</strong></span> <span class='ocrx_word' id='word_1_647' title='bbox 2635 4170 2779 4224; x_wconf 85' lang='grc' dir='ltr'>θείου</span> <span class='ocrx_word' id='word_1_648' title='bbox 2834 4169 3215 4240; x_wconf 86' lang='grc' dir='ltr'>βαπτίσματος</span> <span class='ocrx_word' id='word_1_649' title='bbox 3265 4166 3410 4232; x_wconf 80' lang='grc' dir='ltr'>ἀξιοῖ</span> <span class='ocrx_word' id='word_1_650' title='bbox 3460 4165 3554 4219; x_wconf 83' lang='grc' dir='ltr'><strong>καὶ</strong></span> <span class='ocrx_word' id='word_1_651' title='bbox 3596 4168 3666 4236; x_wconf 80' lang='grc' dir='ltr'>τῇ</span> 
     </span>
    </p>
   </div>
   <div class='ocr_carea' id='block_1_88' title="bbox 2075 4260 3669 4334">
    <p class='ocr_par' dir='ltr' id='par_1_88' title="bbox 2075 4260 3669 4334">
     <span class='ocr_line' id='line_1_88' title="bbox 2075 4260 3669 4334; baseline -0.001 -21"><span class='ocrx_word' id='word_1_652' title='bbox 2075 4261 2187 4315; x_wconf 89' lang='grc' dir='ltr'><strong>τῶν</strong></span> <span class='ocrx_word' id='word_1_653' title='bbox 2227 4261 2441 4315; x_wconf 84' lang='grc' dir='ltr'>πιστῶν</span> <span class='ocrx_word' id='word_1_654' title='bbox 2477 4262 2657 4334; x_wconf 85' lang='grc' dir='ltr'>μερίδι</span> <span class='ocrx_word' id='word_1_655' title='bbox 2687 4263 2998 4318; x_wconf 83' lang='grc' dir='ltr'>συντάττει.</span> <span class='ocrx_word' id='word_1_656' title='bbox 3036 4264 3148 4316; x_wconf 71' lang='grc' dir='ltr'><strong>Καὶ</strong></span> <span class='ocrx_word' id='word_1_657' title='bbox 3180 4260 3241 4315; x_wconf 86' lang='grc' dir='ltr'>οὐ</span> <span class='ocrx_word' id='word_1_658' title='bbox 3281 4260 3444 4332; x_wconf 88' lang='grc' dir='ltr'>μέχρι</span> <span class='ocrx_word' id='word_1_659' title='bbox 3469 4260 3669 4313; x_wconf 84' lang='grc' dir='ltr'>τούτου</span> 
     </span>
    </p>
   </div>
   <div class='ocr_carea' id='block_1_89' title="bbox 2075 4349 3672 4426">
    <p class='ocr_par' dir='ltr' id='par_1_89' title="bbox 2075 4349 3672 4426">
     <span class='ocr_line' id='line_1_89' title="bbox 2075 4349 3672 4426; baseline -0.001 -21"><span class='ocrx_word' id='word_1_660' title='bbox 2075 4351 2168 4405; x_wconf 77' lang='grc' dir='ltr'><strong>τὸν</strong></span> <span class='ocrx_word' id='word_1_661' title='bbox 2215 4354 2552 4424; x_wconf 83' lang='grc' dir='ltr'>Εὑστόργιον</span> <span class='ocrx_word' id='word_1_662' title='bbox 2603 4356 2800 4426; x_wconf 81' lang='grc' dir='ltr'>στῆσαι</span> <span class='ocrx_word' id='word_1_663' title='bbox 2855 4357 2916 4410; x_wconf 78' lang='grc' dir='ltr'>τὸ</span> <span class='ocrx_word' id='word_1_664' title='bbox 2965 4353 3289 4424; x_wconf 78' lang='grc' dir='ltr'>φιλευσεϐἐς</span> <span class='ocrx_word' id='word_1_665' title='bbox 3328 4349 3420 4424; x_wconf 80' lang='grc' dir='ltr'>ἦν,</span> <span class='ocrx_word' id='word_1_666' title='bbox 3461 4354 3672 4405; x_wconf 85' lang='grc' dir='ltr'>Παντο-</span> 
     </span>
    </p>
   </div>
   <div class='ocr_carea' id='block_1_90' title="bbox 2077 4444 3671 4520">
    <p class='ocr_par' dir='ltr' id='par_1_90' title="bbox 2077 4444 3671 4520">
     <span class='ocr_line' id='line_1_90' title="bbox 2077 4444 3671 4520; baseline 0.001 -22"><span class='ocrx_word' id='word_1_667' title='bbox 2077 4444 2295 4508; x_wconf 85' lang='grc' dir='ltr'>λέοντός</span> <span class='ocrx_word' id='word_1_668' title='bbox 2316 4462 2378 4514; x_wconf 89' lang='grc' dir='ltr'><strong>γε</strong></span> <span class='ocrx_word' id='word_1_669' title='bbox 2400 4445 2532 4500; x_wconf 74' lang='grc' dir='ltr'>ὄντα</span> <span class='ocrx_word' id='word_1_670' title='bbox 2555 4449 2650 4500; x_wconf 88' lang='grc' dir='ltr'><strong>τοῦ</strong></span> <span class='ocrx_word' id='word_1_671' title='bbox 2686 4449 2927 4519; x_wconf 83' lang='grc' dir='ltr'>μεγάλου</span> <span class='ocrx_word' id='word_1_672' title='bbox 2950 4454 3167 4520; x_wconf 82' lang='grc' dir='ltr'>πατέρα</span> <span class='ocrx_word' id='word_1_673' title='bbox 3185 4465 3200 4482; x_wconf 77' lang='grc' dir='ltr'><strong>ο</strong></span> <span class='ocrx_word' id='word_1_674' title='bbox 3225 4448 3368 4502; x_wconf 81' lang='grc' dir='ltr'>ἀλλὰ</span> <span class='ocrx_word' id='word_1_675' title='bbox 3387 4447 3671 4520; x_wconf 77' lang='grc' dir='ltr'>πρόδειξιν</span> 
     </span>
    </p>
   </div>
   <div class='ocr_carea' id='block_1_91' title="bbox 379 4521 1967 4620">
    <p class='ocr_par' dir='ltr' id='par_1_91' title="bbox 379 4521 1967 4620">
     <span class='ocr_line' id='line_1_91' title="bbox 379 4521 1967 4620; baseline 0.012 -31"><span class='ocrx_word' id='word_1_676' title='bbox 379 4533 438 4590; x_wconf 91' lang='lat' dir='ltr'><strong>in</strong></span> <span class='ocrx_word' id='word_1_677' title='bbox 499 4535 731 4606; x_wconf 90' lang='lat' dir='ltr'><strong>fossam,</strong></span> <span class='ocrx_word' id='word_1_678' title='bbox 786 4549 848 4594; x_wconf 89' lang='lat' dir='ltr'><strong>ut</strong></span> <span class='ocrx_word' id='word_1_679' title='bbox 887 4556 1009 4612; x_wconf 73' lang='lat' dir='ltr'><strong>quze</strong></span> <span class='ocrx_word' id='word_1_680' title='bbox 1043 4553 1231 4600; x_wconf 85' lang='lat' dir='ltr'><strong>essent</strong></span> <span class='ocrx_word' id='word_1_681' title='bbox 1264 4544 1536 4614; x_wconf 87' lang='lat' dir='ltr'><strong>oblivione</strong></span> <span class='ocrx_word' id='word_1_682' title='bbox 1586 4553 1644 4603; x_wconf 91' lang='lat' dir='ltr'><strong>et</strong></span> <span class='ocrx_word' id='word_1_683' title='bbox 1676 4521 1967 4620; x_wconf 72' lang='lat' dir='ltr'><strong>profundo</strong></span> 
     </span>
    </p>
   </div>
   <div class='ocr_carea' id='block_1_92' title="bbox 2075 4521 3671 4620">
    <p class='ocr_par' dir='ltr' id='par_1_92' title="bbox 2081 4538 3671 4612">
     <span class='ocr_line' id='line_1_92' title="bbox 2081 4538 3671 4612; baseline 0 -22"><span class='ocrx_word' id='word_1_684' title='bbox 2081 4539 2289 4603; x_wconf 83' lang='grc' dir='ltr'>ἐκεῖνος</span> <span class='ocrx_word' id='word_1_685' title='bbox 2330 4538 2426 4592; x_wconf 85' lang='grc' dir='ltr'><strong>τοῦ</strong></span> <span class='ocrx_word' id='word_1_686' title='bbox 2470 4541 2703 4608; x_wconf 73' lang='grc' dir='ltr'>μισῆσαι</span> <span class='ocrx_word' id='word_1_687' title='bbox 2747 4541 2848 4612; x_wconf 84' lang='grc' dir='ltr'>τὴν</span> <span class='ocrx_word' id='word_1_688' title='bbox 2902 4543 3118 4612; x_wconf 82' lang='grc' dir='ltr'>πλάνην</span> <span class='ocrx_word' id='word_1_689' title='bbox 3165 4541 3370 4612; x_wconf 80' lang='grc' dir='ltr'>ἀκριεῆ</span> <span class='ocrx_word' id='word_1_690' title='bbox 3405 4541 3671 4610; x_wconf 79' lang='grc' dir='ltr'>παρέχων</span> 
     </span>
    </p>
   </div>
   <div class='ocr_carea' id='block_1_93' title="bbox 344 4631 726 4703">
    <p class='ocr_par' dir='ltr' id='par_1_93' title="bbox 344 4631 726 4703">
     <span class='ocr_line' id='line_1_93' title="bbox 344 4631 726 4703; baseline 0.008 -17"><span class='ocrx_word' id='word_1_691' title='bbox 344 4692 346 4695; x_wconf 56' lang='grc'><strong>,</strong></span> <span class='ocrx_word' id='word_1_692' title='bbox 377 4644 509 4686; x_wconf 79' lang='lat' dir='ltr'><strong>vere</strong></span> <span class='ocrx_word' id='word_1_693' title='bbox 540 4631 726 4703; x_wconf 83' lang='lat' dir='ltr'><strong>digna.</strong></span> 
     </span>
    </p>
   </div>
   <div class='ocr_carea' id='block_1_94' title="bbox 445 4807 1970 4890">
    <p class='ocr_par' dir='ltr' id='par_1_94' title="bbox 445 4807 1970 4890">
     <span class='ocr_line' id='line_1_94' title="bbox 445 4807 1970 4890; baseline 0.009 -26"><span class='ocrx_word' id='word_1_694' title='bbox 445 4807 540 4865; x_wconf 81' lang='lat' dir='ltr'><strong>IX.</strong></span> <span class='ocrx_word' id='word_1_695' title='bbox 570 4808 728 4866; x_wconf 86' lang='lat' dir='ltr'><strong>Haud</strong></span> <span class='ocrx_word' id='word_1_696' title='bbox 758 4811 830 4867; x_wconf 90' lang='lat' dir='ltr'><strong>ita</strong></span> <span class='ocrx_word' id='word_1_697' title='bbox 863 4818 1116 4886; x_wconf 87' lang='lat' dir='ltr'><strong>magnum</strong></span> <span class='ocrx_word' id='word_1_698' title='bbox 1148 4815 1439 4874; x_wconf 84' lang='lat' dir='ltr'><strong>intercedit</strong></span> <span class='ocrx_word' id='word_1_699' title='bbox 1468 4819 1724 4890; x_wconf 88' lang='lat' dir='ltr'><strong>spatium,</strong></span> <span class='ocrx_word' id='word_1_700' title='bbox 1754 4829 1812 4877; x_wconf 92' lang='lat' dir='ltr'><strong>et</strong></span> <span class='ocrx_word' id='word_1_701' title='bbox 1849 4837 1970 4878; x_wconf 88' lang='lat' dir='ltr'><strong>mo-</strong></span> 
     </span>
    </p>
   </div>
   <div class='ocr_carea' id='block_1_95' title="bbox 374 4903 1972 4974">
    <p class='ocr_par' dir='ltr' id='par_1_95' title="bbox 374 4903 1972 4974">
     <span class='ocr_line' id='line_1_95' title="bbox 374 4903 1972 4974; baseline 0.007 -16"><span class='ocrx_word' id='word_1_702' title='bbox 374 4904 514 4958; x_wconf 89' lang='lat' dir='ltr'><strong>ritur</strong></span> <span class='ocrx_word' id='word_1_703' title='bbox 543 4913 698 4974; x_wconf 86' lang='lat' dir='ltr'><strong>pater</strong></span> <span class='ocrx_word' id='word_1_704' title='bbox 726 4903 1096 4962; x_wconf 87' lang='lat' dir='ltr'><strong>Pantoleonis.</strong></span> <span class='ocrx_word' id='word_1_705' title='bbox 1135 4907 1366 4964; x_wconf 83' lang='lat' dir='ltr'><strong>Moritur</strong></span> <span class='ocrx_word' id='word_1_706' title='bbox 1390 4920 1574 4966; x_wconf 88' lang='lat' dir='ltr'><strong>autem</strong></span> <span class='ocrx_word' id='word_1_707' title='bbox 1639 4922 1816 4969; x_wconf 90' lang='lat' dir='ltr'><strong>morte</strong></span> <span class='ocrx_word' id='word_1_708' title='bbox 1847 4929 1972 4969; x_wconf 78' lang='lat' dir='ltr'><strong>cor-</strong></span> 
     </span>
    </p>
   </div>
   <div class='ocr_carea' id='block_1_96' title="bbox 375 4994 1966 5070">
    <p class='ocr_par' dir='ltr' id='par_1_96' title="bbox 375 4994 1966 5070">
     <span class='ocr_line' id='line_1_96' title="bbox 375 4994 1966 5070; baseline 0.006 -20"><span class='ocrx_word' id='word_1_709' title='bbox 375 4994 524 5064; x_wconf 86' lang='lat' dir='ltr'><strong>poris</strong></span> <span class='ocrx_word' id='word_1_710' title='bbox 557 5008 572 5054; x_wconf 89' lang='lat'><strong>:</strong></span> <span class='ocrx_word' id='word_1_711' title='bbox 604 5012 729 5050; x_wconf 91' lang='lat' dir='ltr'><strong>nam</strong></span> <span class='ocrx_word' id='word_1_712' title='bbox 760 5011 791 5051; x_wconf 90' lang='lat' dir='ltr'><strong>a</strong></span> <span class='ocrx_word' id='word_1_713' title='bbox 817 5007 994 5053; x_wconf 87' lang='lat' dir='ltr'><strong>morte</strong></span> <span class='ocrx_word' id='word_1_714' title='bbox 1022 4999 1222 5054; x_wconf 65' lang='lat' dir='ltr'><strong>animat</strong></span> <span class='ocrx_word' id='word_1_715' title='bbox 1256 5002 1366 5070; x_wconf 84' lang='lat' dir='ltr'><strong>jam</strong></span> <span class='ocrx_word' id='word_1_716' title='bbox 1399 5009 1518 5056; x_wconf 86' lang='lat' dir='ltr'><strong>erat</strong></span> <span class='ocrx_word' id='word_1_717' title='bbox 1542 5004 1768 5059; x_wconf 91' lang='lat' dir='ltr'><strong>omnino</strong></span> <span class='ocrx_word' id='word_1_718' title='bbox 1825 5004 1966 5061; x_wconf 87' lang='lat' dir='ltr'><strong>libe-</strong></span> 
     </span>
    </p>
   </div>
   <div class='ocr_carea' id='block_1_97' title="bbox 375 5087 1971 5163">
    <p class='ocr_par' dir='ltr' id='par_1_97' title="bbox 375 5087 1971 5163">
     <span class='ocr_line' id='line_1_97' title="bbox 375 5087 1971 5163; baseline 0.009 -25"><span class='ocrx_word' id='word_1_719' title='bbox 375 5093 529 5139; x_wconf 88' lang='lat' dir='ltr'><strong>ratus</strong></span> <span class='ocrx_word' id='word_1_720' title='bbox 556 5102 656 5157; x_wconf 87' lang='lat' dir='ltr'><strong>per</strong></span> <span class='ocrx_word' id='word_1_721' title='bbox 704 5087 866 5143; x_wconf 82' lang='lat' dir='ltr'><strong>fidem</strong></span> <span class='ocrx_word' id='word_1_722' title='bbox 921 5098 977 5144; x_wconf 90' lang='lat' dir='ltr'><strong>et</strong></span> <span class='ocrx_word' id='word_1_723' title='bbox 1044 5091 1286 5147; x_wconf 86' lang='lat' dir='ltr'><strong>divinum</strong></span> <span class='ocrx_word' id='word_1_724' title='bbox 1318 5091 1670 5163; x_wconf 89' lang='lat' dir='ltr'><strong>baptismum.</strong></span> <span class='ocrx_word' id='word_1_725' title='bbox 1704 5095 1971 5160; x_wconf 83' lang='lat' dir='ltr'><strong>Quocirca</strong></span> 
     </span>
    </p>
   </div>
   <div class='ocr_carea' id='block_1_98' title="bbox 374 5175 1973 5258">
    <p class='ocr_par' dir='ltr' id='par_1_98' title="bbox 374 5175 1973 5258">
     <span class='ocr_line' id='line_1_98' title="bbox 374 5175 1973 5258; baseline 0.009 -27"><span class='ocrx_word' id='word_1_726' title='bbox 374 5175 674 5233; x_wconf 88' lang='lat' dir='ltr'><strong>Pantoleon</strong></span> <span class='ocrx_word' id='word_1_727' title='bbox 703 5195 828 5236; x_wconf 90' lang='lat' dir='ltr'><strong>cum</strong></span> <span class='ocrx_word' id='word_1_728' title='bbox 886 5183 1185 5240; x_wconf 83' lang='lat' dir='ltr'><strong>invenisset</strong></span> <span class='ocrx_word' id='word_1_729' title='bbox 1244 5195 1460 5256; x_wconf 86' lang='lat' dir='ltr'><strong>tempus</strong></span> <span class='ocrx_word' id='word_1_730' title='bbox 1506 5203 1667 5258; x_wconf 89' lang='lat' dir='ltr'><strong>opem</strong></span> <span class='ocrx_word' id='word_1_731' title='bbox 1705 5186 1849 5246; x_wconf 83' lang='lat' dir='ltr'><strong>ferre</strong></span> <span class='ocrx_word' id='word_1_732' title='bbox 1875 5207 1973 5246; x_wconf 83' lang='lat' dir='ltr'><strong>vo-</strong></span> 
     </span>
    </p>
   </div>
   <div class='ocr_carea' id='block_1_99' title="bbox 375 5269 1977 5347">
    <p class='ocr_par' dir='ltr' id='par_1_99' title="bbox 375 5269 1977 5347">
     <span class='ocr_line' id='line_1_99' title="bbox 375 5269 1977 5347; baseline 0.009 -24"><span class='ocrx_word' id='word_1_733' title='bbox 375 5269 598 5338; x_wconf 89' lang='lat' dir='ltr'><strong>luntati,</strong></span> <span class='ocrx_word' id='word_1_734' title='bbox 655 5271 894 5330; x_wconf 86' lang='lat' dir='ltr'><strong>famulos</strong></span> <span class='ocrx_word' id='word_1_735' title='bbox 932 5277 1153 5346; x_wconf 87' lang='lat' dir='ltr'><strong>quidem</strong></span> <span class='ocrx_word' id='word_1_736' title='bbox 1187 5277 1440 5333; x_wconf 89' lang='lat' dir='ltr'><strong>liberata</strong></span> <span class='ocrx_word' id='word_1_737' title='bbox 1488 5281 1772 5347; x_wconf 89' lang='lat' dir='ltr'><strong>servitute,</strong></span> <span class='ocrx_word' id='word_1_738' title='bbox 1805 5292 1862 5338; x_wconf 89' lang='lat' dir='ltr'><strong>et</strong></span> <span class='ocrx_word' id='word_1_739' title='bbox 1892 5284 1977 5338; x_wconf 91' lang='lat' dir='ltr'><strong>eis</strong></span> 
     </span>
    </p>
   </div>
   <div class='ocr_carea' id='block_1_100' title="bbox 376 5353 1970 5435">
    <p class='ocr_par' dir='ltr' id='par_1_100' title="bbox 376 5353 1970 5435">
     <span class='ocr_line' id='line_1_100' title="bbox 376 5353 1970 5435; baseline 0.008 -18"><span class='ocrx_word' id='word_1_740' title='bbox 376 5361 510 5419; x_wconf 81' lang='lat' dir='ltr'><strong>satis</strong></span> <span class='ocrx_word' id='word_1_741' title='bbox 535 5363 685 5419; x_wconf 87' lang='lat' dir='ltr'><strong>dedit</strong></span> <span class='ocrx_word' id='word_1_742' title='bbox 721 5367 1006 5435; x_wconf 70' lang='lat' dir='ltr'><strong>pecuniae:</strong></span> <span class='ocrx_word' id='word_1_743' title='bbox 1065 5353 1170 5424; x_wconf 86' lang='lat' dir='ltr'><strong>alia</strong></span> <span class='ocrx_word' id='word_1_744' title='bbox 1207 5379 1390 5425; x_wconf 88' lang='lat' dir='ltr'><strong>autem</strong></span> <span class='ocrx_word' id='word_1_745' title='bbox 1429 5371 1736 5427; x_wconf 76' lang='lat' dir='ltr'><strong>habuerunt</strong></span> <span class='ocrx_word' id='word_1_746' title='bbox 1773 5389 1970 5430; x_wconf 88' lang='lat' dir='ltr'><strong>manus</strong></span> 
     </span>
    </p>
   </div>
   <div class='ocr_carea' id='block_1_101' title="bbox 376 5449 1968 5533">
    <p class='ocr_par' dir='ltr' id='par_1_101' title="bbox 376 5449 1968 5533">
     <span class='ocr_line' id='line_1_101' title="bbox 376 5449 1968 5533; baseline 0.009 -26"><span class='ocrx_word' id='word_1_747' title='bbox 376 5449 700 5524; x_wconf 77' lang='lat' dir='ltr'><strong>pauperum.</strong></span> <span class='ocrx_word' id='word_1_748' title='bbox 721 5455 925 5513; x_wconf 89' lang='lat' dir='ltr'><strong>Deinde</strong></span> <span class='ocrx_word' id='word_1_749' title='bbox 941 5474 1037 5515; x_wconf 92' lang='lat' dir='ltr'><strong>eos</strong></span> <span class='ocrx_word' id='word_1_750' title='bbox 1059 5461 1246 5528; x_wconf 86' lang='lat' dir='ltr'><strong>etiam,</strong></span> <span class='ocrx_word' id='word_1_751' title='bbox 1267 5463 1361 5533; x_wconf 79' lang='lat' dir='ltr'><strong>qui</strong></span> <span class='ocrx_word' id='word_1_752' title='bbox 1384 5473 1542 5518; x_wconf 87' lang='lat' dir='ltr'><strong>erant</strong></span> <span class='ocrx_word' id='word_1_753' title='bbox 1562 5463 1616 5519; x_wconf 90' lang='lat' dir='ltr'><strong>in</strong></span> <span class='ocrx_word' id='word_1_754' title='bbox 1633 5467 1968 5532; x_wconf 81' lang='lat' dir='ltr'><strong>carceribus,</strong></span> 
     </span>
    </p>
   </div>
   <div class='ocr_carea' id='block_1_102' title="bbox 377 5545 1974 5622">
    <p class='ocr_par' dir='ltr' id='par_1_102' title="bbox 377 5545 1974 5622">
     <span class='ocr_line' id='line_1_102' title="bbox 377 5545 1974 5622; baseline 0.009 -23"><span class='ocrx_word' id='word_1_755' title='bbox 377 5552 434 5603; x_wconf 82' lang='lat' dir='ltr'><strong>et</strong></span> <span class='ocrx_word' id='word_1_756' title='bbox 462 5545 556 5614; x_wconf 92' lang='lat' dir='ltr'><strong>qui</strong></span> <span class='ocrx_word' id='word_1_757' title='bbox 591 5551 879 5605; x_wconf 88' lang='lat' dir='ltr'><strong>tormentis</strong></span> <span class='ocrx_word' id='word_1_758' title='bbox 907 5551 1246 5607; x_wconf 81' lang='lat' dir='ltr'><strong>vexabantur</strong></span> <span class='ocrx_word' id='word_1_759' title='bbox 1289 5562 1346 5608; x_wconf 88' lang='lat' dir='ltr'><strong>et</strong></span> <span class='ocrx_word' id='word_1_760' title='bbox 1377 5554 1605 5620; x_wconf 91' lang='lat' dir='ltr'><strong>morbis,</strong></span> <span class='ocrx_word' id='word_1_761' title='bbox 1641 5556 1974 5622; x_wconf 86' lang='lat' dir='ltr'><strong>circumiens</strong></span> 
     </span>
    </p>
   </div>
   <div class='ocr_carea' id='block_1_103' title="bbox 379 5639 1971 5718">
    <p class='ocr_par' dir='ltr' id='par_1_103' title="bbox 379 5639 1971 5718">
     <span class='ocr_line' id='line_1_103' title="bbox 379 5639 1971 5718; baseline 0.011 -29"><span class='ocrx_word' id='word_1_762' title='bbox 379 5639 629 5706; x_wconf 78' lang='lat' dir='ltr'><strong>curabat,</strong></span> <span class='ocrx_word' id='word_1_763' title='bbox 657 5651 714 5696; x_wconf 90' lang='lat' dir='ltr'><strong>et</strong></span> <span class='ocrx_word' id='word_1_764' title='bbox 739 5657 803 5698; x_wconf 88' lang='lat' dir='ltr'><strong>ea</strong></span> <span class='ocrx_word' id='word_1_765' title='bbox 824 5645 1109 5714; x_wconf 70' lang='lat' dir='ltr'><strong>praebens,</strong></span> <span class='ocrx_word' id='word_1_766' title='bbox 1146 5663 1268 5718; x_wconf 75' lang='lat' dir='ltr'><strong>quae</strong></span> <span class='ocrx_word' id='word_1_767' title='bbox 1306 5657 1464 5703; x_wconf 90' lang='lat' dir='ltr'><strong>erant</strong></span> <span class='ocrx_word' id='word_1_768' title='bbox 1522 5652 1836 5708; x_wconf 86' lang='lat' dir='ltr'><strong>necessaria</strong></span> <span class='ocrx_word' id='word_1_769' title='bbox 1865 5669 1878 5706; x_wconf 91' lang='lat'><strong>:</strong></span> <span class='ocrx_word' id='word_1_770' title='bbox 1914 5663 1971 5706; x_wconf 93' lang='lat' dir='ltr'><strong>ut</strong></span> 
     </span>
    </p>
   </div>
   <div class='ocr_carea' id='block_1_104' title="bbox 383 5732 1973 5806">
    <p class='ocr_par' dir='ltr' id='par_1_104' title="bbox 383 5732 1973 5806">
     <span class='ocr_line' id='line_1_104' title="bbox 383 5732 1973 5806; baseline 0.014 -30"><span class='ocrx_word' id='word_1_771' title='bbox 383 5739 492 5778; x_wconf 89' lang='lat' dir='ltr'><strong>non</strong></span> <span class='ocrx_word' id='word_1_772' title='bbox 555 5732 730 5786; x_wconf 87' lang='lat' dir='ltr'><strong>solum</strong></span> <span class='ocrx_word' id='word_1_773' title='bbox 776 5737 953 5790; x_wconf 87' lang='lat' dir='ltr'><strong>morbi</strong></span> <span class='ocrx_word' id='word_1_774' title='bbox 985 5737 1263 5793; x_wconf 82' lang='lat' dir='ltr'><strong>videretur</strong></span> <span class='ocrx_word' id='word_1_775' title='bbox 1327 5743 1595 5806; x_wconf 79' lang='lat' dir='ltr'><strong>medicus,</strong></span> <span class='ocrx_word' id='word_1_776' title='bbox 1649 5743 1744 5799; x_wconf 90' lang='lat' dir='ltr'><strong>sed</strong></span> <span class='ocrx_word' id='word_1_777' title='bbox 1809 5745 1973 5800; x_wconf 89' lang='lat' dir='ltr'><strong>etiam</strong></span> 
     </span>
    </p>
   </div>
   <div class='ocr_carea' id='block_1_105' title="bbox 383 5819 1973 5908">
    <p class='ocr_par' dir='ltr' id='par_1_105' title="bbox 383 5819 1973 5908">
     <span class='ocr_line' id='line_1_105' title="bbox 383 5819 1973 5908; baseline 0.025 -43"><span class='ocrx_word' id='word_1_778' title='bbox 383 5819 663 5883; x_wconf 77' lang='lat' dir='ltr'><strong>egestatis.</strong></span> <span class='ocrx_word' id='word_1_779' title='bbox 721 5823 835 5900; x_wconf 80' lang='lat' dir='ltr'><strong>Qua</strong></span> <span class='ocrx_word' id='word_1_780' title='bbox 896 5841 962 5881; x_wconf 77' lang='lat' dir='ltr'><strong>ex</strong></span> <span class='ocrx_word' id='word_1_781' title='bbox 1019 5844 1078 5884; x_wconf 85' lang='lat' dir='ltr'><strong>re</strong></span> <span class='ocrx_word' id='word_1_782' title='bbox 1125 5831 1383 5908; x_wconf 86' lang='lat' dir='ltr'><strong>quidnam</strong></span> <span class='ocrx_word' id='word_1_783' title='bbox 1435 5834 1672 5904; x_wconf 78' lang='lat' dir='ltr'><strong>accidit?</strong></span> <span class='ocrx_word' id='word_1_784' title='bbox 1708 5834 1973 5903; x_wconf 66' lang='lat' dir='ltr'><strong>universa</strong></span> 
     </span>
    </p>
   </div>
   <div class='ocr_carea' id='block_1_106' title="bbox 2075 4629 3673 4704">
    <p class='ocr_par' dir='ltr' id='par_1_106' title="bbox 2075 4629 3673 4704">
     <span class='ocr_line' id='line_1_106' title="bbox 2075 4629 3673 4704; baseline -0.001 -18"><span class='ocrx_word' id='word_1_785' title='bbox 2075 4629 2145 4686; x_wconf 76' lang='grc' dir='ltr'>τὰ</span> <span class='ocrx_word' id='word_1_786' title='bbox 2190 4631 2246 4684; x_wconf 83' lang='grc' dir='ltr'><strong>ἐν</strong></span> <span class='ocrx_word' id='word_1_787' title='bbox 2285 4630 2362 4702; x_wconf 86' lang='grc' dir='ltr'>τῷ</span> <span class='ocrx_word' id='word_1_788' title='bbox 2397 4632 2618 4685; x_wconf 90' lang='grc' dir='ltr'>κοιτῶνι</span> <span class='ocrx_word' id='word_1_789' title='bbox 2668 4633 2970 4704; x_wconf 73' lang='grc' dir='ltr'>συντρίψας</span> <span class='ocrx_word' id='word_1_790' title='bbox 2999 4633 3218 4697; x_wconf 72' lang='grc' dir='ltr'>εἴδωλα,</span> <span class='ocrx_word' id='word_1_791' title='bbox 3247 4630 3326 4703; x_wconf 78' lang='grc' dir='ltr'><strong>τῷ</strong></span> <span class='ocrx_word' id='word_1_792' title='bbox 3359 4630 3539 4701; x_wconf 83' lang='grc' dir='ltr'>βόθρῳ</span> <span class='ocrx_word' id='word_1_793' title='bbox 3587 4629 3673 4684; x_wconf 59' lang='lat'><strong>5&#39;3.-</strong></span> 
     </span>
    </p>
   </div>
   <div class='ocr_carea' id='block_1_107' title="bbox 2073 4707 3464 4797">
    <p class='ocr_par' dir='ltr' id='par_1_107' title="bbox 2073 4707 3464 4797">
     <span class='ocr_line' id='line_1_107' title="bbox 2073 4707 3464 4797; baseline 0.004 -19"><span class='ocrx_word' id='word_1_794' title='bbox 2073 4724 2229 4788; x_wconf 84' lang='grc' dir='ltr'>δωσι,</span> <span class='ocrx_word' id='word_1_795' title='bbox 2258 4723 2327 4776; x_wconf 83' lang='grc' dir='ltr'>τὰ</span> <span class='ocrx_word' id='word_1_796' title='bbox 2348 4724 2520 4796; x_wconf 79' lang='grc' dir='ltr'>λήθης</span> <span class='ocrx_word' id='word_1_797' title='bbox 2549 4725 2719 4790; x_wconf 77' lang='grc' dir='ltr'>ὅντως</span> <span class='ocrx_word' id='word_1_798' title='bbox 2748 4728 2842 4782; x_wconf 73' lang='grc' dir='ltr'>καὶ</span> <span class='ocrx_word' id='word_1_799' title='bbox 2867 4725 3032 4797; x_wconf 82' lang='grc' dir='ltr'>βυθοῦ</span> <span class='ocrx_word' id='word_1_800' title='bbox 3057 4726 3204 4791; x_wconf 79' lang='grc' dir='ltr'>ἄξια.</span> <span class='ocrx_word' id='word_1_801' title='bbox 3457 4707 3464 4715; x_wconf 37' lang='grc' dir='ltr'><strong>Ι</strong></span> 
     </span>
    </p>
   </div>
   <div class='ocr_carea' id='block_1_108' title="bbox 2147 4817 3675 4896">
    <p class='ocr_par' dir='ltr' id='par_1_108' title="bbox 2147 4817 3675 4896">
     <span class='ocr_line' id='line_1_108' title="bbox 2147 4817 3675 4896; baseline 0.004 -26"><span class='ocrx_word' id='word_1_802' title='bbox 2147 4817 2225 4874; x_wconf 86' lang='grc' dir='ltr'><strong>Θ’.</strong></span> <span class='ocrx_word' id='word_1_803' title='bbox 2277 4819 2351 4872; x_wconf 81' lang='grc' dir='ltr'>Οὐ</span> <span class='ocrx_word' id='word_1_804' title='bbox 2381 4818 2518 4872; x_wconf 83' lang='grc' dir='ltr'>πολὺ</span> <span class='ocrx_word' id='word_1_805' title='bbox 2550 4818 2611 4871; x_wconf 84' lang='grc' dir='ltr'><strong>τὸ</strong></span> <span class='ocrx_word' id='word_1_806' title='bbox 2659 4823 2717 4872; x_wconf 85' lang='grc' dir='ltr'><strong>ἐν</strong></span> <span class='ocrx_word' id='word_1_807' title='bbox 2753 4820 2903 4890; x_wconf 82' lang='grc' dir='ltr'>μέσῳ</span> <span class='ocrx_word' id='word_1_808' title='bbox 2931 4821 3026 4874; x_wconf 79' lang='grc' dir='ltr'>καὶ</span> <span class='ocrx_word' id='word_1_809' title='bbox 3069 4821 3098 4873; x_wconf 78' lang='grc' dir='ltr'><strong>ό</strong></span> <span class='ocrx_word' id='word_1_810' title='bbox 3137 4821 3234 4874; x_wconf 87' lang='grc' dir='ltr'><strong>τοῦ</strong></span> <span class='ocrx_word' id='word_1_811' title='bbox 3267 4821 3675 4896; x_wconf 83' lang='grc' dir='ltr'>Παντολέοντος</span> 
     </span>
    </p>
   </div>
   <div class='ocr_carea' id='block_1_109' title="bbox 2076 4905 3675 4984">
    <p class='ocr_par' dir='ltr' id='par_1_109' title="bbox 2076 4905 3675 4984">
     <span class='ocr_line' id='line_1_109' title="bbox 2076 4905 3675 4984; baseline 0.003 -20"><span class='ocrx_word' id='word_1_812' title='bbox 2076 4905 2232 4975; x_wconf 74' lang='grc' dir='ltr'>οὗτος</span> <span class='ocrx_word' id='word_1_813' title='bbox 2265 4914 2447 4982; x_wconf 84' lang='grc' dir='ltr'>πατὴρ</span> <span class='ocrx_word' id='word_1_814' title='bbox 2479 4911 2728 4981; x_wconf 82' lang='grc' dir='ltr'>θνήσκει,</span> <span class='ocrx_word' id='word_1_815' title='bbox 2759 4911 2983 4982; x_wconf 85' lang='grc' dir='ltr'>θνήσκει</span> <span class='ocrx_word' id='word_1_816' title='bbox 3005 4913 3061 4966; x_wconf 85' lang='grc' dir='ltr'>δὲ</span> <span class='ocrx_word' id='word_1_817' title='bbox 3094 4913 3330 4968; x_wconf 85' lang='grc' dir='ltr'>θάνατον</span> <span class='ocrx_word' id='word_1_818' title='bbox 3357 4915 3451 4968; x_wconf 71' lang='grc' dir='ltr'><strong>τδν</strong></span> <span class='ocrx_word' id='word_1_819' title='bbox 3479 4932 3675 4984; x_wconf 82' lang='grc' dir='ltr'>σωμα-</span> 
     </span>
    </p>
   </div>
   <div class='ocr_carea' id='block_1_110' title="bbox 2077 5002 3676 5077">
    <p class='ocr_par' dir='ltr' id='par_1_110' title="bbox 2077 5002 3676 5077">
     <span class='ocr_line' id='line_1_110' title="bbox 2077 5002 3676 5077; baseline 0.002 -20"><span class='ocrx_word' id='word_1_820' title='bbox 2077 5005 2253 5067; x_wconf 84' lang='grc' dir='ltr'>τικὸν,</span> <span class='ocrx_word' id='word_1_821' title='bbox 2285 5003 2410 5057; x_wconf 77' lang='grc' dir='ltr'>ἐπεὶ</span> <span class='ocrx_word' id='word_1_822' title='bbox 2450 5002 2545 5055; x_wconf 91' lang='grc' dir='ltr'><strong>τοῦ</strong></span> <span class='ocrx_word' id='word_1_823' title='bbox 2585 5005 2687 5072; x_wconf 82' lang='grc' dir='ltr'>τῆς</span> <span class='ocrx_word' id='word_1_824' title='bbox 2719 5004 2897 5074; x_wconf 80' lang='grc' dir='ltr'>ψυχῆς</span> <span class='ocrx_word' id='word_1_825' title='bbox 2923 5003 3015 5057; x_wconf 83' lang='grc' dir='ltr'>διὰ</span> <span class='ocrx_word' id='word_1_826' title='bbox 3039 5007 3140 5077; x_wconf 78' lang='grc' dir='ltr'><strong>τῆς</strong></span> <span class='ocrx_word' id='word_1_827' title='bbox 3179 5006 3419 5070; x_wconf 85' lang='grc' dir='ltr'>πίστεως</span> <span class='ocrx_word' id='word_1_828' title='bbox 3446 5007 3676 5069; x_wconf 84' lang='grc' dir='ltr'>πάντως</span> 
     </span>
    </p>
   </div>
   <div class='ocr_carea' id='block_1_111' title="bbox 2042 5094 3675 5166">
    <p class='ocr_par' dir='ltr' id='par_1_111' title="bbox 2042 5094 3675 5166">
     <span class='ocr_line' id='line_1_111' title="bbox 2042 5094 3675 5166; baseline -0.004 -16"><span class='ocrx_word' id='word_1_829' title='bbox 2042 5105 2046 5109; x_wconf 73' lang='grc'><em>’</em></span> <span class='ocrx_word' id='word_1_830' title='bbox 2079 5095 2297 5166; x_wconf 82' lang='grc' dir='ltr'>ἀνείθη,</span> <span class='ocrx_word' id='word_1_831' title='bbox 2340 5094 2437 5148; x_wconf 75' lang='grc' dir='ltr'><strong>καὶ</strong></span> <span class='ocrx_word' id='word_1_832' title='bbox 2477 5095 2571 5147; x_wconf 81' lang='grc' dir='ltr'><strong>τοῦ</strong></span> <span class='ocrx_word' id='word_1_833' title='bbox 2620 5095 2769 5147; x_wconf 85' lang='grc' dir='ltr'>θείου</span> <span class='ocrx_word' id='word_1_834' title='bbox 2803 5095 3208 5164; x_wconf 83' lang='grc' dir='ltr'>βαπτίσματος.</span> <span class='ocrx_word' id='word_1_835' title='bbox 3244 5096 3415 5152; x_wconf 88' lang='grc' dir='ltr'>Ὅθεν</span> <span class='ocrx_word' id='word_1_836' title='bbox 3458 5099 3484 5148; x_wconf 85' lang='grc' dir='ltr'>ὁ</span> <span class='ocrx_word' id='word_1_837' title='bbox 3517 5098 3675 5151; x_wconf 63' lang='lat' dir='ltr'><strong>Hau-</strong></span> 
     </span>
    </p>
   </div>
   <div class='ocr_carea' id='block_1_112' title="bbox 2087 5183 3674 5260">
    <p class='ocr_par' dir='ltr' id='par_1_112' title="bbox 2087 5183 3674 5260">
     <span class='ocr_line' id='line_1_112' title="bbox 2087 5183 3674 5260; baseline 0.001 -21"><span class='ocrx_word' id='word_1_838' title='bbox 2087 5186 2289 5249; x_wconf 82' lang='grc' dir='ltr'>τολέων</span> <span class='ocrx_word' id='word_1_839' title='bbox 2322 5185 2415 5239; x_wconf 79' lang='grc' dir='ltr'><strong>τὸν</strong></span> <span class='ocrx_word' id='word_1_840' title='bbox 2462 5189 2658 5256; x_wconf 62' lang='grc' dir='ltr'>καιρὸν</span> <span class='ocrx_word' id='word_1_841' title='bbox 2695 5183 2875 5258; x_wconf 78' lang='grc' dir='ltr'>εὑρὼν</span> <span class='ocrx_word' id='word_1_842' title='bbox 2922 5188 3352 5260; x_wconf 80' lang='grc' dir='ltr'>συμπράττοντα</span> <span class='ocrx_word' id='word_1_843' title='bbox 3393 5189 3472 5258; x_wconf 84' lang='grc' dir='ltr'>τῷ</span> <span class='ocrx_word' id='word_1_844' title='bbox 3505 5188 3674 5260; x_wconf 75' lang='grc' dir='ltr'>θελή-</span> 
     </span>
    </p>
   </div>
   <div class='ocr_carea' id='block_1_113' title="bbox 2086 5277 3673 5351">
    <p class='ocr_par' dir='ltr' id='par_1_113' title="bbox 2086 5277 3673 5351">
     <span class='ocr_line' id='line_1_113' title="bbox 2086 5277 3673 5351; baseline 0.002 -18"><span class='ocrx_word' id='word_1_845' title='bbox 2086 5297 2240 5351; x_wconf 87' lang='grc' dir='ltr'>ματι,</span> <span class='ocrx_word' id='word_1_846' title='bbox 2271 5279 2400 5342; x_wconf 75' lang='grc' dir='ltr'>τοὺς</span> <span class='ocrx_word' id='word_1_847' title='bbox 2437 5277 2537 5346; x_wconf 73' lang='grc' dir='ltr'>μὲν</span> <span class='ocrx_word' id='word_1_848' title='bbox 2577 5279 2799 5342; x_wconf 82' lang='grc' dir='ltr'>οἰκέτας</span> <span class='ocrx_word' id='word_1_849' title='bbox 2833 5279 3030 5349; x_wconf 75' lang='grc' dir='ltr'>ἀφίησι</span> <span class='ocrx_word' id='word_1_850' title='bbox 3062 5281 3161 5350; x_wconf 85' lang='grc' dir='ltr'>τῆς</span> <span class='ocrx_word' id='word_1_851' title='bbox 3191 5280 3459 5346; x_wconf 74' lang='grc' dir='ltr'>δουλείας,</span> <span class='ocrx_word' id='word_1_852' title='bbox 3504 5281 3673 5337; x_wconf 65' lang='grc' dir='ltr'>ἱκανὰ</span> 
     </span>
    </p>
   </div>
   <div class='ocr_carea' id='block_1_114' title="bbox 2082 5368 3674 5444">
    <p class='ocr_par' dir='ltr' id='par_1_114' title="bbox 2082 5368 3674 5444">
     <span class='ocr_line' id='line_1_114' title="bbox 2082 5368 3674 5444; baseline -0.001 -18"><span class='ocrx_word' id='word_1_853' title='bbox 2082 5373 2349 5444; x_wconf 83' lang='grc' dir='ltr'>χρήματα</span> <span class='ocrx_word' id='word_1_854' title='bbox 2397 5373 2852 5442; x_wconf 84' lang='grc' dir='ltr'>παρασχόμενος,</span> <span class='ocrx_word' id='word_1_855' title='bbox 2909 5371 3078 5425; x_wconf 78' lang='grc' dir='ltr'>τᾶλλα</span> <span class='ocrx_word' id='word_1_856' title='bbox 3151 5372 3208 5424; x_wconf 74' lang='grc' dir='ltr'>δὲ</span> <span class='ocrx_word' id='word_1_857' title='bbox 3269 5375 3451 5442; x_wconf 86' lang='grc' dir='ltr'>χεῖρες</span> <span class='ocrx_word' id='word_1_858' title='bbox 3517 5368 3674 5443; x_wconf 71' lang='grc' dir='ltr'>εἶχον</span> 
     </span>
    </p>
   </div>
   <div class='ocr_carea' id='block_1_115' title="bbox 2085 5460 3676 5534">
    <p class='ocr_par' dir='ltr' id='par_1_115' title="bbox 2085 5460 3676 5534">
     <span class='ocr_line' id='line_1_115' title="bbox 2085 5460 3676 5534; baseline 0 -18"><span class='ocrx_word' id='word_1_859' title='bbox 2085 5464 2363 5534; x_wconf 76' lang='grc' dir='ltr'>πενήτων.</span> <span class='ocrx_word' id='word_1_860' title='bbox 2401 5460 2535 5516; x_wconf 71' lang='grc' dir='ltr'>Εἶτα</span> <span class='ocrx_word' id='word_1_861' title='bbox 2567 5464 2663 5517; x_wconf 75' lang='grc' dir='ltr'><strong>καὶ</strong></span> <span class='ocrx_word' id='word_1_862' title='bbox 2695 5465 2823 5527; x_wconf 83' lang='grc' dir='ltr'>τοὺς</span> <span class='ocrx_word' id='word_1_863' title='bbox 2856 5465 2915 5516; x_wconf 92' lang='grc' dir='ltr'><strong>ἐν</strong></span> <span class='ocrx_word' id='word_1_864' title='bbox 2947 5462 3217 5532; x_wconf 78' lang='grc' dir='ltr'>φυλακαῖς</span> <span class='ocrx_word' id='word_1_865' title='bbox 3265 5465 3360 5517; x_wconf 82' lang='grc' dir='ltr'><strong>καὶ</strong></span> <span class='ocrx_word' id='word_1_866' title='bbox 3406 5463 3676 5534; x_wconf 71' lang='grc' dir='ltr'>βασάνοις</span> 
     </span>
    </p>
   </div>
   <div class='ocr_carea' id='block_1_116' title="bbox 2082 5553 3673 5626">
    <p class='ocr_par' dir='ltr' id='par_1_116' title="bbox 2082 5553 3673 5626">
     <span class='ocr_line' id='line_1_116' title="bbox 2082 5553 3673 5626; baseline 0 -18"><span class='ocrx_word' id='word_1_867' title='bbox 2082 5556 2318 5625; x_wconf 83' lang='grc' dir='ltr'>περιὼν,</span> <span class='ocrx_word' id='word_1_868' title='bbox 2363 5553 2672 5625; x_wconf 74' lang='grc' dir='ltr'>ἐθεράπευε</span> <span class='ocrx_word' id='word_1_869' title='bbox 2715 5553 2786 5608; x_wconf 74' lang='grc' dir='ltr'>τὰ</span> <span class='ocrx_word' id='word_1_870' title='bbox 2830 5555 3118 5626; x_wconf 82' lang='grc' dir='ltr'>ἐπιτήδεια</span> <span class='ocrx_word' id='word_1_871' title='bbox 3165 5555 3546 5624; x_wconf 85' lang='grc' dir='ltr'>παρεχόμενος</span> <span class='ocrx_word' id='word_1_872' title='bbox 3575 5557 3673 5608; x_wconf 72' lang='grc' dir='ltr'><strong>καὶ</strong></span> 
     </span>
    </p>
   </div>
   <div class='ocr_carea' id='block_1_117' title="bbox 2082 5645 3672 5718">
    <p class='ocr_par' dir='ltr' id='par_1_117' title="bbox 2082 5645 3672 5718">
     <span class='ocr_line' id='line_1_117' title="bbox 2082 5645 3672 5718; baseline -0.002 -16"><span class='ocrx_word' id='word_1_873' title='bbox 2082 5647 2260 5708; x_wconf 84' lang='grc' dir='ltr'>διδοὺς</span> <span class='ocrx_word' id='word_1_874' title='bbox 2297 5645 2440 5718; x_wconf 84' lang='grc' dir='ltr'>μετὰ</span> <span class='ocrx_word' id='word_1_875' title='bbox 2473 5646 2576 5716; x_wconf 85' lang='grc' dir='ltr'>τῆς</span> <span class='ocrx_word' id='word_1_876' title='bbox 2625 5645 2841 5716; x_wconf 81' lang='grc' dir='ltr'>ὑγιείας</span> <span class='ocrx_word' id='word_1_877' title='bbox 2873 5646 2967 5699; x_wconf 77' lang='grc' dir='ltr'>καὶ</span> <span class='ocrx_word' id='word_1_878' title='bbox 3001 5647 3101 5716; x_wconf 79' lang='grc' dir='ltr'>τὴν</span> <span class='ocrx_word' id='word_1_879' title='bbox 3143 5645 3237 5699; x_wconf 90' lang='grc' dir='ltr'><strong>τοῦ</strong></span> <span class='ocrx_word' id='word_1_880' title='bbox 3277 5648 3353 5716; x_wconf 78' lang='grc' dir='ltr'>μὴ</span> <span class='ocrx_word' id='word_1_881' title='bbox 3403 5646 3672 5700; x_wconf 86' lang='grc' dir='ltr'>πένεσθαι</span> 
     </span>
    </p>
   </div>
   <div class='ocr_carea' id='block_1_118' title="bbox 2084 5737 3678 5811">
    <p class='ocr_par' dir='ltr' id='par_1_118' title="bbox 2084 5737 3678 5811">
     <span class='ocr_line' id='line_1_118' title="bbox 2084 5737 3678 5811; baseline 0.001 -21"><span class='ocrx_word' id='word_1_882' title='bbox 2084 5737 2409 5811; x_wconf 88' lang='grc' dir='ltr'>θεραπείαν,</span> <span class='ocrx_word' id='word_1_883' title='bbox 2433 5737 2510 5802; x_wconf 83' lang='grc' dir='ltr'>ὡς</span> <span class='ocrx_word' id='word_1_884' title='bbox 2545 5737 2748 5809; x_wconf 82' lang='grc' dir='ltr'>μικροῦ</span> <span class='ocrx_word' id='word_1_885' title='bbox 2778 5740 2962 5792; x_wconf 84' lang='grc' dir='ltr'>πᾶσαν</span> <span class='ocrx_word' id='word_1_886' title='bbox 2987 5739 3090 5808; x_wconf 84' lang='grc' dir='ltr'><strong>τὴν</strong></span> <span class='ocrx_word' id='word_1_887' title='bbox 3126 5738 3283 5803; x_wconf 80' lang='grc' dir='ltr'>πόλιν</span> <span class='ocrx_word' id='word_1_888' title='bbox 3323 5739 3526 5810; x_wconf 56' lang='grc' dir='ltr'>ἰατροῖς</span> <span class='ocrx_word' id='word_1_889' title='bbox 3556 5742 3678 5802; x_wconf 66' lang='grc' dir='ltr'>τοῖς</span> 
     </span>
    </p>
   </div>
   <div class='ocr_carea' id='block_1_119' title="bbox 2082 5818 3673 5914">
    <p class='ocr_par' dir='ltr' id='par_1_119' title="bbox 2082 5818 3673 5914">
     <span class='ocr_line' id='line_1_119' title="bbox 2082 5818 3673 5914; baseline -0.003 -25"><span class='ocrx_word' id='word_1_890' title='bbox 2082 5834 2268 5896; x_wconf 81' lang='grc' dir='ltr'>ἄλλοις</span> <span class='ocrx_word' id='word_1_891' title='bbox 2301 5830 2515 5914; x_wconf 58' lang='grc' dir='ltr'>χαίρειν</span> <span class='ocrx_word' id='word_1_892' title='bbox 2544 5831 2824 5900; x_wconf 77' lang='grc' dir='ltr'>ιίπόντας,</span> <span class='ocrx_word' id='word_1_893' title='bbox 2868 5831 2947 5900; x_wconf 86' lang='grc' dir='ltr'>τῷ</span> <span class='ocrx_word' id='word_1_894' title='bbox 2982 5833 3342 5899; x_wconf 80' lang='grc' dir='ltr'>Παντολέοντι</span> <span class='ocrx_word' id='word_1_895' title='bbox 3373 5818 3673 5896; x_wconf 68' lang='grc' dir='ltr'>προσιέναι</span> 
     </span>
    </p>
   </div>
  </div>
