3994 6448
514 343 623 409 459

1806 343 2088 405 MENSIS
2125 342 2425 404 IULIUS.

3664 343 3769 406 ιω

531 470 694 528 quam
721 466 904 509 cacus
934 449 1216 522 Evangelii
1249 466 1265 505 :
1298 448 1401 514 Tu,
1434 447 1632 520 inquit,
1666 458 1720 505 te
1745 449 1910 505 stulte
1939 449 2093 521 geris,

2208 452 2391 517 γελίου
2439 447 2638 520 τυφλὸν
2686 449 2929 522 ἀτεχνῶς
2963 447 3482 522 παρρησιασάμενος
3503 464 3515 479 ⁸
3552 452 3625 506 Συ
3659 473 3776 524 μω-

519 552 611 618 qui
661 563 756 604 eos
791 545 890 616 qui
937 551 1064 599 sunt
1090 541 1216 597 caeci
1253 558 1417 597 vocas
1449 539 1669 598 datores
1697 542 1856 606 lucis,
1891 542 2092 612 quibus

519 640 876 696 consimiliter
925 647 982 691 tu
1022 651 1237 706 quoque
1269 651 1448 691 caecus
1495 650 1806 706 permanes,
1839 635 1930 704 qui
1967 634 2092 688 talia

519 734 780 805 opinaris,
821 742 876 785 et
910 744 1019 784 non
1053 737 1212 798 potes
1257 728 1459 782 intueri
1496 729 1563 782 ad
1599 728 1777 782 lucem
1824 727 2088 782 veritatis.

520 829 747 896 Propter
783 824 896 877 hzcc
932 831 1196 893 tyrannus
1236 819 1338 874 fuit
1369 821 1449 874 ira
1487 820 1768 874 incitatus.
1807 819 2092 887 Quomodo

516 919 662 974 enim
691 917 917 972 omnino
947 931 1128 977 aures,
1163 931 1282 984 quae
1311 926 1698 968 emarcuerunt
1727 923 1781 968 et
1824 920 2092 982 corrupta:

514 1023 647 1069 sunt
677 1008 1162 1070 assentatiouibus,
1199 1007 1560 1077 asperiorem.
1597 1023 1716 1076 qua:
1767 1023 1828 1062 ex
1861 1007 2092 1061 veritate

516 1105 739 1164 dicitur,
795 1099 1158 1154 sustinuerint
1213 1097 1565 1152 orationem?
1606 1097 1911 1166 Statimque
1964 1110 2090 1149 vera
2140 1093 2144 1096 ’

511 1211 640 1251 esse
671 1193 948 1263 judicans,
996 1206 1118 1259 quae
1151 1189 1200 1243 ei
1235 1192 1389 1259 prius
1422 1188 1566 1244 dicta
1604 1187 1821 1242 fuerant
1852 1201 1882 1240 a
1915 1183 2088 1239 medi-

509 1289 616 1352 cis.
664 1285 820 1356 Iubet
872 1283 1034 1336 amici
1089 1281 1290 1336 Christi
1345 1289 1510 1349 caput
1535 1278 1829 1349 amputari,
1872 1291 2089 1346 poenam

517 1377 760 1433 veritatis
787 1375 834 1429 ei
868 1384 1099 1427 mortem
1135 1373 1401 1436 inferens,
1445 1380 1500 1424 et
1527 1369 1733 1424 invitus
1763 1368 2092 1431 eliicicns,ut

511 1469 777 1540 pulchras
821 1465 1038 1520 Christo
1077 1462 1310 1537 reierrct
1349 1463 1576 1533 gratias,
1629 1461 1720 1530 qui
1757 1476 1879 1513 eum
1931 1474 2093 1513 cura-

519 1570 691 1625 verat,
743 1572 943 1627 nempe
973 1556 1402 1611 confessionem.
1447 1553 1629 1607 Bonus
1667 1562 1848 1606 autem
1889 1551 2090 1604 Panto-

516 1655 640 1708 leon
671 1667 739 1706 ne
777 1652 858 1704 sic
892 1649 1110 1718 quidem
1142 1647 1382 1718 neglexit
1414 1662 1475 1700 ea
1529 1645 1732 1706 facere,
1779 1659 1900 1713 qua:
1957 1651 2091 1696 tem-

518 1744 635 1815 pori
672 1752 727 1797 et
748 1741 912 1796 rebus
941 1737 1371 1800 conveniebant;
1403 1737 1497 1790 sed
1530 1751 1652 1790 cum
1685 1734 1939 1805 martyris
1965 1749 2086 1788 cor-

2205 548 2432 621 ραίνεις,
2472 545 2601 615 ἔφη,
2644 543 2821 613 φωτὸς
2855 544 3109 614 δωτῆρας
3136 545 3263 605 τοὺς
3293 545 3532 614 τυφλοὺς
3565 547 3774 618 ὀνομά-

2195 641 2323 705 ζων,
2351 633 2433 702 οἷς
2465 638 2560 692 καὶ
2591 638 2755 702 αὐτὸς
2800 639 3004 708 ὁμοίως
3052 637 3388 708 τυφλώττων
3417 636 3488 706 εῐ,
3537 641 3775 696 τοιαῦτα

2194 729 2432 798 δοξάζων
2461 732 2557 784 καὶ
2596 729 2735 800 πρὸς
2763 729 2822 782 τὸ
2859 730 2974 799 φῶς
3001 730 3102 798 τῆς
3138 729 3401 798 ἄληθείας
3443 733 3660 786 ἀπιδεῖν
3696 733 3777 804 μὴ

2193 822 2519 892 δυνάμενος.
2555 819 2749 889 Θυμὸς
2798 821 2894 872 ἐπὶ
2919 819 3132 881 τούτοις
3173 816 3288 890 εἶχε
3329 821 3418 873 τὸν
3462 821 3730 893 τύραννον
3759 861 3776 876 .

2194 913 2305 969 Ποῦ
2339 915 2449 982 γὰρ
2494 912 2616 974 ὅλος
2648 911 2966 974 κολακείαις
3018 910 3328 980 ὑπόσαθρος
3376 911 3470 964 καὶ
3515 912 3782 984 διεφθαρ-

2149 1072 2167 1091 l
2196 1005 2330 1075 μένη
2383 1003 2533 1075 ψυχὴ
2573 1004 2756 1072 λόγων
2805 1002 2897 1056 ὑπ’
2929 1002 3194 1070 ἀληθείας
3251 1003 3600 1074 δριμυτέρων
3633 1005 3776 1058 ἀνά-

2195 1115 2404 1168 σχοιντο
2437 1096 2502 1150 ἄν
2533 1114 2548 1164 ;
2582 1098 2677 1150 καὶ⁸
2711 1096 2912 1157 εὐθέως
2948 1097 3158 1166 ἀψευδῆ
3189 1097 3384 1166 κρίνας
3420 1097 3488 1149 τά
3523 1097 3628 1150 ὑπὸ
3663 1096 3783 1150 τῶν

2201 1189 2405 1258 ἰατρῶν
2461 1190 2689 1242 ἐκείνων
2747 1188 3031 1258 λεχθέντα,
3089 1188 3302 1241 κελεύει
3362 1189 3467 1258 τὴν
3526 1189 3783 1260 κεφαλὴν

2193 1283 2502 1352 ἐκκοπῆναι
2564 1281 2660 1334 τοῦ
2714 1281 3094 1351 φιλοχρίστου,
3151 1281 3430 1348 ἐπιτίμιον
3479 1281 3629 1350 αὐτῷ
3672 1281 3782 1350 τῆς

2192 1374 2450 1443 ἀληθείας
2497 1372 2814 1441 ὲπ;νεγκὼν
2861 1375 2954 1426 τὸν
2987 1374 3220 1426 θάνατον
3268 1374 3364 1426 καὶ
3395 1372 3546 1426 ἄκων
3590 1389 3784 1443 παρα-

2194 1468 2488 1530 σκευάσας,
2542 1466 2717 1528 καλάς
2761 1466 2931 1518 αὑτὸν
2959 1463 3264 1518 ἀποδοῦναι
3310 1465 3543 1535 χάριτας
3570 1467 3649 1536 τῷ
3681 1481 3781 1517 τε·

2193 1559 2554 1630 θεραπευκότι
2618 1558 2838 1628 Χριστῷ
2880 1559 2993 1627 ’τὴν
3058 1557 3391 1628 μαρτυρίαν.
3459 1560 3518 1612 ’0
3583 1561 3780 1629 μέντοι

2193 1651 2512 1708 Παντολέων
2557 1651 2680 1704 οὐδὲ
2713 1649 2889 1712 οὕτως
2935 1649 3130 1722 ἡμέλει
3181 1652 3360 1704 ταῦτα
3421 1654 3779 1722 προσήκοντα

2195 1744 2271 1814 τῷ
2305 1744 2478 1816 καιρῴ
2508 1743 2604 1796 καὶ
2637 1745 2745 1806 τοῖς
2779 1743 3074 1813 πράγμασι
3110 1746 3286 1797 ποιεῖν
3315 1760 3330 1776 ο
3381 1742 3518 1798 ἀλλὰ
3549 1745 3775 1816 χρηρίἆ-

517 1805 620 1907 pus
660 1834 885 1890 emisset
924 1832 992 1884 ab
1029 1830 1094 1884 iis
1123 1829 1215 1900 qui
1253 1829 1640 1892 interfuerant,
1687 1827 1740 1880 id
1775 1842 1899 1881 cum
1938 1837 2090 1896 patre

2199 1856 2302 1892 των
2343 1838 2686 1908 δνησάμενος
2720 1839 2873 1909 παρὰ
2920 1837 3030 1888 τῶν
3061 1838 3368 1890 ἀνελόντων
3396 1839 3458 1890 τὸ
3490 1840 3651 1907 σῶμα
3675 1838 3778 1891 τοῦ

517 1945 617 1985 suo
651 1927 866 1998 sepelit,
905 1935 962 1979 ut
993 1925 1085 1994 qui
1131 1940 1230 1994 per
1261 1940 1414 1978 suam
1444 1923 1499 1976 in
1546 1921 1826 1977 Christum
1873 1920 2092 1976 confes-

513 2023 748 2086 sionem,
793 2034 919 2074 eum
951 2017 1053 2071 sibi
1106 2016 1389 2085 proprium
1433 2029 1558 2069 esse
1601 2015 1870 2076 duxisset,
1903 2021 1958 2066 et
2001 2027 2094 2066 eo-

517 2113 776 2185 gnatione
825 2109 1109 2178 sanguinis
1146 2122 1274 2162 eum
1321 2114 1631 2176 reputasset
1664 2105 1824 2177 longe
1861 2105 2092 2174 conjun-

518 2207 770 2262 ctiort-m.

587 2315 704 2371 XII.
741 2313 946 2368 Deinde
980 2311 1278 2381 imperator
1309 2307 1378 2362 ad
1415 2322 1474 2362 se
1513 2307 1766 2362 accersiit
1797 2307 2092 2362 Pantoleo-

521 2427 670 2466 nem.
715 2408 809 2462 Ille
865 2420 996 2462 vero
1041 2420 1165 2458 cum
1212 2403 1604 2466 abduceretur,
1646 2400 1816 2454 labris
1856 2400 2094 2454 canebat

519 2505 790 2574 psalmum
839 2498 1074 2569 tempori
1123 2495 1542 2551 convenientem
1582 2509 1598 2550 :
1650 2492 1812 2558 Deus,
1879 2491 2090 2554 dicens,

516 2597 726 2650 laudem
779 2607 950 2645 meam
983 2605 1046 2642 ne
1097 2587 1324 2642 tacueris
1365 2601 1384 2639 :
1419 2586 1670 2657 quoniam
1715 2601 1772 2637 os
1803 2583 2092 2653 peccatoris

516 2700 566 2742 et
596 2687 765 2741 dolosi
802 2687 858 2739 in
896 2699 977 2737 me
1021 2692 1268 2749 apertum
1301 2689 1398 2734 est.
1433 2679 1617 2733 Loculi
1647 2686 1768 2731 sunt
1810 2680 2092 2730 aduersum

516 2797 598 2835 me
629 2780 811 2849 lingua
845 2775 1050 2840 dolosa,
1087 2785 1134 2827 et
1163 2772 1333 2826 verbis
1361 2772 1468 2825 odii
1495 2771 1953 2824 circumdederunt
1986 2785 2087 2830 me,

515 2881 564 2925 et
613 2875 1053 2941 Oppugnaverunt
1090 2879 1170 2917 me
1209 2862 1398 2932 gratis.
1445 2861 1554 2915 Pro
1594 2878 1653 2914 eo
1699 2870 1754 2914 ut
1788 2877 1868 2913 me
1894 2860 2088 2930 dilige-

517 2969 654 3025 rent,
689 2956 1156 3012 calumniabantur
1192 2968 1331 3022 :ego
1365 2964 1540 3006 autem
1583 2953 1822 3005 orabam.
1859 2950 1927 3004 Et
1967 2952 2090 3004 red-

522 3052 771 3104 diderunt
835 3049 962 3101 mihi
1027 3045 1173 3098 mala
1244 3061 1338 3112 iro
1409 3044 1576 3108 bonis,
1635 3054 1682 3096 et
1743 3045 1920 3098 odium
1994 3060 2088 3112 pro

2197 1932 2498 2002 μάρτυρος,
2527 1929 2603 2000 τῷ
2640 1933 2811 2001 πατρὶ
2841 1931 3137 1985 συνθάπτει
3167 1930 3242 2001 τῷ
3271 1931 3490 1996 ἑαυτοῦ,
3519 1931 3778 2000 καθάπερ

2193 2026 2282 2078 διὰ
2305 2026 2402 2094 τῆς
2433 2027 2511 2086 είς
2537 2026 2772 2095 Χριστὸν
2794 2025 3091 2092 ὁμολογίας
3120 2026 3282 2077 αὐτὸν
3307 2023 3730 2094 ἐξιδιωσάμενος
3751 2037 3773 2053 ⁶

2195 2119 2288 2169 καὶ
2315 2117 2492 2187 πολλῷ
2523 2119 2620 2186 τῆς
2651 2116 2715 2169 δι’
2736 2116 2967 2185 αἵματος
2999 2118 3322 2185 συγγενείας
3353 2117 3542 2171 τοῦτον
3574 2115 3778 2170 οἰκειό-

2195 2224 2355 2279 τερον
2385 2210 2462 2281 τῷ
2493 2208 2671 2278 ἑαυτῷ
2701 2208 3084 2278 λογισάμε.ος.

2266 2299 2368 2354 lB’.
2403 2298 2536 2354 Εἶτα
2567 2304 2594 2354 ὁ
2621 2301 2877 2370 βασιλεὺς
2908 2300 2998 2353 τὸν
3025 2297 3402 2353 Πανταλέοντα
3427 2300 3610 2355 ἐκάλει
3635 2301 3780 2372 πρὸς

2197 2393 2413 2459 ἑαυτὸν,
2455 2395 2546 2447 καὶ
2597 2394 2656 2457 ὃς
2690 2394 3043 2463 ἀπαγόμενος
3094 2395 3298 2446 οἰκεῖον
3331 2394 3406 2464 τῷ
3439 2394 3617 2464 καιρῷ
3662 2396 3778 2455 τοῖς

2195 2487 2400 2554 χείλεσι
2429 2487 2644 2558 ψαλμὸν
2679 2484 2806 2562 ᾖδεν
2828 2505 2840 2517 ·
2891 2488 2954 2540 '0
3004 2487 3172 2554 Θεὸς,
3204 2487 3320 2555 τὴν
3355 2489 3595 2540 αἵνεσίν
3630 2504 3777 2554 μου,

2192 2578 2366 2649 λέγων
2392 2620 2402 2641 ,
2441 2580 2526 2650 μὴ
2551 2582 3054 2651 παρασιωπήσῃς,
3089 2581 3177 2634 ὅτι
3198 2583 3396 2649 στόμα
3422 2579 3777 2648 ἀμαρτωλοῦ

2193 2674 2292 2726 καὶ
2340 2675 2535 2742 στόμα
2581 2674 2796 2728 δολίου
2839 2675 2932 2727 ἐπ’
2967 2675 3074 2743 ἐμὲ
3111 2675 3402 2743 ἠνοίχθη·
3458 2674 3780 2740 ἐλάλησαν

2194 2768 2323 2818 κατ’
2384 2766 2530 2835 ἐμοῦ
2591 2770 2844 2836 γλώσσῃ
2899 2766 3105 2834 δολίῃ,
3169 2769 3268 2820 καί
3305 2766 3512 2836 λόγοις
3556 2767 3776 2833 μίσους

2193 2857 2548 2912 ἐκύκλωσαν
2582 2859 2795 2927 με,καί
2837 2858 3228 2926 ἐπολέμησαν
3263 2874 3338 2927 με
3361 2856 3609 2925 δωρεὰν,
3639 2855 3774 2910 ἀντὶ

2193 2947 2298 3001 τοῦ
2328 2946 2572 3017 ἀγαπᾷν
2603 2964 2702 3017 με,
2743 2947 3138 3001 ἐνδιέὄαλνῑόν
3181 2965 3287 3017 με,
3335 2947 3452 3017 ἐ;ὼ
3492 2947 3559 3001 δὲ
3583 2961 3766 3015 προσ-

2191 3042 2491 3112 ηυχόμην,
2527 3042 2624 3094 καὶ
2666 3042 2872 3094 ἔθεντο
2908 3041 3038 3094 κατ’
3086 3039 3234 3108 ἐμοῦ
3271 3040 3426 3093 κακὰ
3465 3039 3599 3094 ἀντὶ
3627 3040 3767 3107 dra-

520 3142 797 3196 dilecuone
829 3154 965 3192 mea.
1017 3136 1124 3192 Sed
1169 3135 1250 3204 fer
1281 3136 1410 3188 mihi
1452 3151 1626 3203 opem,
1675 3135 1897 3188 Domine
1947 3136 2088 3189 l)eus

2199 3134 2313 3188 θῶν
2343 3135 2439 3187 καὶ
2482 3135 2659 3204 μίσος
2700 3133 2835 3186 ἀντὶ
2873 3131 2981 3202 τῆς
3029 3132 3391 3202 ἀγαπήσεως
3419 3146 3576 3202 μου⁶
3616 3131 3779 3186 ἀλλὰ

520 3249 687 3294 meus,
729 3243 776 3284 et
815 3229 1022 3283 salvum
1059 3244 1140 3281 me
1174 3229 1261 3298 fac
1288 3227 1575 3280 secundum
1609 3237 1754 3280 tuam
1790 3223 2087 3280 misericor-

521 3325 690 3377 diam.
713 3321 1038 3382 Induantur,
1083 3319 1171 3381 qui
1201 3335 1280 3371 me
1307 3317 1731 3382 calumniantur,
1765 3320 2087 3389 confusione,

517 3425 568 3469 et
619 3414 970 3478 amiciuntur,
1023 3422 1282 3480 tanquam
1321 3409 1572 3480 diploide,
1617 3411 1907 3480 ignominia
1941 3427 2036 3463 sua
2070 3425 2089 3463 :

520 3522 704 3560 servus
763 3514 944 3558 autem
995 3515 1116 3556 tuus
1158 3502 1430 3556 (relabitur
1477 3504 1535 3555 in
1585 3513 1632 3555 te
1680 3502 1720 3558 ³.
1761 3503 1897 3558 Cum
1936 3502 2090 3557 ﬁnita

517 3610 701 3654 autem
738 3609 882 3653 esset
914 3596 1038 3666 ejus
1069 3596 1335 3667 precatio,
1373 3597 1527 3650 stetit
1557 3611 1740 3650 coram
1791 3611 1939 3666 rege,
1974 3606 2088 3658 aut,

520 3701 580 3746 ut
626 3690 830 3746 melius
863 3691 1065 3756 dicam,
1112 3704 1220 3744 non
1255 3704 1441 3742 coram
1486 3688 1600 3751 illo,
1643 3688 1740 3743 sed
1776 3704 1959 3743 coram
1991 3689 2092 3742 im-

517 3785 764 3847 mortali,
819 3789 875 3836 et
927 3797 994 3836 eo
1051 3781 1139 3850 qui
1194 3791 1278 3835 est
1333 3779 1390 3834 in
1461 3788 1755 3834 aeternum.
1799 3779 1994 3834 Coram
2027 3795 2094 3835 eo

518 3873 665 3927 enim
700 3886 828 3926 vere
868 3874 1071 3933 stabat,
1105 3878 1160 3923 et
1192 3877 1376 3923 mente
1408 3865 1968 3922 eonversabatur.Cui
2001 3867 2092 3920 ille

518 3963 760 4034 primum
808 3959 1017 4032 placide
1067 3967 1124 4013 et
1177 3956 1461 4026 benigne:
1517 3955 1635 4009 Non
1680 3955 1824 4011 bona
1858 3965 2004 4018 sunt,
2061 3970 2094 4010 0

519 4056 846 4117 Pantoleon,
885 4068 950 4106 ea
996 4068 1118 4121 quae
1147 4054 1212 4104 de
1244 4059 1297 4104 te
1327 4050 1655 4114 audivimus,
1690 4065 1719 4103 a
1757 4057 1808 4102 te
1839 4064 2093 4120 magnum

519 4149 739 4219 quidem
790 4160 909 4199 esse
953 4145 1288 4212 contemptui
1332 4143 1573 4198 habitum
1612 4141 2009 4211 IEsculapium,
2041 4150 2096 4195 et

491 4241 679 4302 .alios,
721 4239 813 4309 qui
856 4247 985 4292 sunt
1031 4237 1171 4306 apud
1207 4247 1280 4301 te,
1329 4236 1462 4291 deos
1513 4254 1524 4289 :
1578 4236 1632 4290 iu
1683 4237 1836 4290 illum
1910 4244 2094 4289 autem

518 4332 824 4395 Christum,
859 4329 950 4398 qui
981 4328 1121 4382 male
1155 4328 1339 4397 periit,
1375 4337 1428 4382 te
1463 4337 1608 4381 tuam
1641 4343 1792 4396 spem
1823 4329 2090 4396 posuisse,

517 4431 574 4476 et
620 4435 744 4474 eum
802 4417 978 4473 solum
1032 4417 1202 4471 Deum
1256 4418 1562 4472 nominare.
1613 4419 1935 4487 Quanquam
1981 4433 2090 4471 non

519 4515 736 4584 ignoras
785 4510 1032 4570 omnino,
1078 4527 1241 4578 quam
1274 4518 1372 4580 ego
1403 4521 1456 4565 te
1500 4511 1753 4581 benignis
1785 4510 2094 4580 aspexerim

465 4590 476 4602 ’
520 4605 718 4668 oculis,
769 4612 825 4657 et
873 4602 1359 4670 quemadmodum,
1407 4619 1529 4659 cum
1581 4617 1682 4672 ego
1731 4613 1782 4655 te
1826 4605 1881 4655 in
1914 4617 2092 4656 meam

518 4695 873 4752 adscivissem
907 4695 1192 4758 familiam,
1241 4695 1563 4764 praeceptori
1609 4705 1702 4748 tuo
1732 4694 2098 4765 Euphrosyno

521 4787 814 4859 diligenter
850 4785 1248 4852 mandaverim,
1282 4796 1338 4840 ut
1371 4795 1425 4841 te
1456 4786 1862 4855 quamprimum
1896 4786 2100 4841 faceret

516 4879 577 4932 in
632 4877 910 4933 medicina
955 4878 1497 4951 praestantissimum,
1550 4887 1613 4932 ut
1661 4878 1795 4931 mihi
1843 4893 1906 4933 ea
1948 4880 2002 4932 in
2038 4894 2098 4934 re

521 4984 714 5041 posses
739 4984 865 5025 esse
898 4971 1037 5023 usui.
1075 4966 1154 5023 Tu
1187 4968 1554 5024 antem...Sed
1587 4969 1814 5025 omnino
1843 4970 2100 5026 homines

520 5063 693 5118 multa
749 5060 885 5116 falsa
934 5062 1174 5116 dixerint
1228 5071 1284 5117 et
1319 5063 1526 5117 inania.
1589 5063 1655 5118 Et
1718 5065 1844 5119 ideo
1904 5074 1956 5120 te
2016 5082 2100 5120 ac-

518 5154 743 5221 cersiri,
798 5163 860 5209 ut
889 5154 980 5209 illa
1014 5170 1135 5225 quae
1163 5171 1194 5209 a
1254 5171 1338 5210 nte
1387 5165 1516 5210 sunt
1549 5157 1756 5222 audita,
1801 5169 2102 5232 arguantur

517 5264 642 5306 esse
661 5264 817 5312 vana,
834 5249 1206 5305 etinvidorum
1218 5252 1417 5321 alioqui
1436 5251 1721 5307 hominum
1737 5254 2097 5309 calumniam:

517 5347 574 5392 et
606 5337 859 5392 maximis
885 5337 1012 5403 diis,
1033 5348 1090 5392 ut
1119 5355 1218 5409 par
1243 5351 1346 5406 est,
1363 5341 1562 5396 oﬂ‘eras
1578 5345 1931 5399 sacritieium.

583 5428 814 5483 -Xlll.Ad
856 5429 972 5484 hzcc
1018 5429 1319 5487 Pantaleon
1352 5451 1366 5488 :
1395 5434 1583 5501 Facta,
1617 5435 1820 5506 inquit,
1857 5453 1891 5493 ο
1922 5439 2098 5510 impe-

517 5531 692 5586 rator,
734 5532 864 5575 sunt
902 5524 1087 5578 Verbis
1126 5527 1300 5597 magis
1349 5527 1632 5584 credibilia
1683 5539 1741 5583 et
1784 5528 2098 5599 fortiol'a,et

519 5623 646 5670 ante
688 5627 883 5670 omnes
933 5616 1154 5686 quidem
1200 5633 1289 5672 res
1335 5619 1472 5675 alias
1518 5621 1831 5691 praecedere
1875 5634 2094 5694 oportet

523 5768 547 5800 ⁸
569 5769 708 5823 l‘sal.
739 5785 887 5839 cvm,
915 5772 1028 5839 1-5,
1061 5773 1145 5842 26,
1189 5774 1281 5843 28,
1302 5776 1394 5834 29.

2187 3225 2508 3294 ,ῥόήθησόν
2533 3244 2663 3294 μοι,
2698 3228 2871 3293 Κύριε
2906 3229 2939 3279 ό
2981 3227 3126 3290 86d;-
3169 3243 3310 3291 μου,
3334 3227 3431 3278 καὶ
3463 3223 3676 3278 σῶσόν
3700 3241 3778 3293 με

2193 3316 2344 3369 κατὰ
2392 3318 2456 3369 τὸ
2511 3317 2682 3382 ἔλεός
2717 3334 2834 3371 σου
2856 3333 2870 3346 ·
2926 3317 3415 3372 ἑνδυσὰσθωσαν
3451 3319 3506 3370 οί
3541 3315 3777 3370 διαϐάλ-

2192 3409 2406 3474 λοντές
2455 3425 2531 3478 με
2578 3408 2902 3475 ἐντροπὴν,
2953 3409 3052 3462 καί
3099 3409 3651 3475 ,περιϐαλόσθωσαν
3684 3407 3778 3479 ,ὡς

2192 3499 2471 3555 διπλοΐδα
2525 3501 2830 3568 αἰσχύνην
2885 3500 3123 3554 αὐτῶν·
3177 3504 3212 3554 ὁ
3261 3500 3330 3553 δὲ
3380 3499 3608 3566 δοῦλός
3653 3515 3775 3552 σου

2192 3593 2675 3660 εὐφρανθήσεται
2723 3593 2824 3646 ἐπὶ
2883 3595 3009 3651 σοί.
3063 3594 3177 3647 Καὶ
3230 3594 3330 3662 τῆς
3390 3593 3558 3663 εὐχῆς
3627 3590 3780 3662 αὐτῷ

2194 3680 2456 3752 ληξάσης.
2496 3683 2741 3751 εἱστήκει
2779 3683 2875 3736 τοῦ
2908 3683 3180 3754 βασιλέως
3204 3685 3464 3750 ἐνώπιον,
3501 3685 3534 3755 ἢ
3574 3683 3781 3754 μᾶλλον

2195 3776 2395 3842 εἰπεῖν,
2423 3775 2525 3828 οὐκ
2549 3776 2786 3841 ἐκείνου,
2817 3776 2910 3829 τοῦ
2938 3776 3212 3831 ἀθανάτου
3241 3777 3296 3830 δὲ
3320 3779 3414 3831 καὶ⁸
3447 3775 3782 3839 διαιωνίζονο

2195 3883 2310 3931 τος.
2346 3867 2508 3938 Δὺτῷ
2541 3870 2650 3938 γάρ
2682 3865 2751 3939 ἦν
2788 3870 3202 3941 παριστάμενος
3233 3872 3457 3942 άληθῶς
3484 3871 3627 3924 κατὰ
3652 3869 3781 3924 νοῦν

2196 3961 2246 4014 οἱ
2283 3962 2698 4032 συγγινόμενος,
2736 3963 2796 4015 ὃν
2826 3965 3035 4028 ἐκεῖνος
3077 3965 3304 4036 ὁμαλῶς
3342 3967 3411 4019 τά
3447 3965 3642 4036 πρῶτα
3681 3966 3783 4019 καὶ

2199 4053 2320 4107 λίαν
2359 4054 2559 4124 ἠπίως·
2593 4056 2707 4108 υὺκ
2730 4055 2935 4121 ἀγαθά,
2969 4057 3177 4126 ἔλεγεν,
3223 4051 3269 4111 ὦ
3302 4058 3620 4121 Πανεόλεον,
3649 4056 3684 4110 ἃ
3713 4057 3780 4124 δὴ

2199 4149 2329 4216 περὶ
2358 4146 2453 4199 σοῦ
2496 4148 2844 4216 ἀκηκόαμεν,
2885 4149 2961 4212 ὼς
2993 4150 3306 4219 ἠμελῆσθαι
3349 4150 3449 4220 μὲν
3481 4151 3572 4202 τὸν
3603 4149 3779 4219 μέγαν

2213 4235 2543 4306 ’Δσκληπιὶν
2582 4240 2677 4290 καὶ
2715 4239 2841 4299 τοὺς
2889 4237 3082 4300 ἄλλους
3137 4239 3291 4310 παρὰ
3335 4243 3420 4292 σοὶ
3466 4240 3644 4300 θεοὺς,
3682 4239 3779 4290 ἐπὶ

2200 4327 2440 4400 Χριστὸν
2464 4327 2521 4380 δὲ
2555 4331 2761 4382 ἐκεῖνον
2789 4329 2878 4382 τὸν
2903 4330 3229 4386 ἀπολωλότα
3258 4332 3446 4394 κακῶς
3472 4333 3568 4386 ἀνα
3581 4332 3780 4402 ρτῆσαί

2205 4437 2262 4473 σε
2289 4421 2387 4484 τὰς
2412 4421 2636 4484 ἐλπίδας
2664 4421 2758 4473 καὶ
2785 4421 2974 4474 τοῦτον
3003 4424 3164 4492 μόνον
3179 4424 3467 4494 ὀνομάζειν
3487 4425 3638 4491 θεὸν,
3658 4423 3754 4476 καί
3772 4448 3786 4462 ο

2204 4530 2350 4581 τοιγε
2383 4513 2484 4566 οὐκ
2512 4514 2789 4585 ἠγνόησας
2815 4515 2886 4567 τά
2912 4515 3021 4585 ὲμά
3047 4517 3385 4579 πάντως,καὶ
3399 4511 3508 4570 οἷον
3531 4517 3781 4588 εὐμενῶς

2205 4609 2392 4678 ἑώρων
2425 4608 2560 4678 πρὸς
2591 4608 2650 4659 σὲ
2697 4609 2788 4661 καὶ
2850 4610 2998 4672 ὅπως
3027 4609 3460 4680 ἐξοικειούμενός
3495 4627 3553 4663 σε
3610 4610 3784 4663 πολλά

2205 4697 2280 4768 τῷ
2320 4699 2629 4770 διδασκάλῳ
2682 4717 2777 4754 σου
2810 4701 3148 4772 Εὑςρροσύνῳ
3196 4704 3525 4772 ἐπήγγειλα.
3560 4704 3788 4772 ἄριστόν

2206 4805 2264 4840 σε
2302 4789 2399 4858 τὴν
2451 4792 2704 4863 ἰατρικὴν
2753 4792 2829 4856 ὡς
2877 4794 3110 4864 τάχιστα
3143 4795 3454 4860 ἀποδείξαι,
3493 4794 3640 4848 ὥστε
3696 4812 3789 4864 μοι

2204 4880 2276 4934 τά
2320 4883 2456 4953 πρὸς
2487 4883 2661 4956 τούτῳ
2695 4884 2998 4956 εὔχρηστον
3028 4882 3190 4942 εἶναι.
3225 4887 3298 4940 Σὺ
3329 4887 3406 4954 δὲ,
3441 4887 3582 4941 ἀλλὰ
3615 4887 3790 4940 πολλὰ

2206 4973 2426 5036 πάντως
2459 4972 2668 5026 εἴποιεν
2699 4974 2980 5045 ἄνθρωποι
3013 4975 3228 5045 ψευδῶς
3251 4979 3345 5028 καὶ
3380 4975 3651 5046 ματαίως,
3689 4979 3791 5031 καὶ

2205 5066 2292 5119 διὰ
2321 5066 2481 5120 τοῦτό
2514 5084 2574 5122 σε
2609 5069 3058 5140 προσκέκλημαι,
3095 5069 3239 5123 ὥστε
3271 5071 3505 5124 κάκεῖνα
3538 5071 3682 5142 άπερ
3717 5071 3787 5142 δὴ

2207 5163 2305 5215 καὶ
2343 5163 2592 5233 ἠκούσθη
2629 5181 2742 5234 μοι,
2778 5165 2912 5218 κενά
2941 5165 3116 5236 δήπου
3163 5165 3260 5218 καὶ
3289 5163 3581 5234 βασκάνων
3613 5164 3794 5229 άλλως

2205 5254 2566 5323 συκοφαντίαν
2615 5255 3027 5328 ἀπελεγχθῆναι
3074 5258 3170 5310 καὶ
3222 5258 3283 5312 σὲ
3338 5260 3451 5321 τοῖς
3500 5257 3790 5330 μεγίσωις

2208 5344 2371 5414 θεοῖς,
2397 5346 2474 5410 ὡς
2502 5347 2771 5417 προσῆκε,
2805 5347 3001 5401 θυσίαν
3031 5351 3454 5420 προσενεγκεῖν,

2281 5440 2380 5495 1Γ’.
2443 5439 2589 5511 Πρὸς
2641 5440 2818 5495 ταῦτα
2867 5444 2894 5496 ὁ
2947 5443 3302 5512 Παγκλέων
3337 5431 3520 5504 Ἐργα
3579 5436 3791 5506 λόγων.

2211 5530 2456 5602 βασιλεῦ,
2510 5534 2637 5604 ἔφη,
2670 5535 2971 5598 πιστότερά
3025 5540 3084 5580 τε
3119 5527 3211 5580 καὶ
3285 5529 3650 5601 ίσχυρότερα,
3693 5531 3800 5584 καὶ

2205 5624 2423 5680 πάντων
2447 5626 2549 5691 μὲν
2587 5624 2682 5673 καὶ⁵
2711 5605 2819 5675 τῶν
2843 5619 3022 5674 ἄλλων
3051 5621 3398 5692 πραγμάτων
3429 5625 3613 5678 πίστιν
3653 5642 3789 5695 προ-

3602 5753 3617 5780 Ι
