  <div class='ocr_page' id='page_1' title='image "/cluster/home/n/w/nwhite01/storage/ocr_20150623/115:no.2/coo.31924054870195/239.png"; bbox 0 0 3994 6444; ppageno 0'>
   <div class='ocr_carea' id='block_1_1' title="bbox 439 314 606 416">
    <p class='ocr_par' dir='ltr' id='par_1_1' title="bbox 439 314 606 416">
     <span class='ocr_line' id='line_1_1' title="bbox 439 314 606 416; baseline 0.048 -8"><span class='ocrx_word' id='word_1_1' title='bbox 439 314 444 316; x_wconf 58' lang='grc'>⁷</span> <span class='ocrx_word' id='word_1_2' title='bbox 497 346 606 416; x_wconf 70' lang='lat' dir='ltr'><strong>tos</strong></span> 
     </span>
    </p>
   </div>
   <div class='ocr_carea' id='block_1_2' title="bbox 1821 359 2442 426">
    <p class='ocr_par' dir='ltr' id='par_1_2' title="bbox 1821 359 2442 426">
     <span class='ocr_line' id='line_1_2' title="bbox 1821 359 2442 426; baseline 0.01 -6"><span class='ocrx_word' id='word_1_3' title='bbox 1821 359 2106 421; x_wconf 79' lang='lat' dir='ltr'><strong>MENSIS</strong></span> <span class='ocrx_word' id='word_1_4' title='bbox 2145 360 2442 426; x_wconf 74' lang='lat' dir='ltr'><strong>IULIUS.</strong></span> 
     </span>
    </p>
   </div>
   <div class='ocr_carea' id='block_1_3' title="bbox 3657 368 3768 432">
    <p class='ocr_par' dir='ltr' id='par_1_3' title="bbox 3657 368 3768 432">
     <span class='ocr_line' id='line_1_3' title="bbox 3657 368 3768 432; baseline 0 -1"><span class='ocrx_word' id='word_1_5' title='bbox 3657 368 3768 432; x_wconf 67' lang='grc'><strong>464</strong></span> 
     </span>
    </p>
   </div>
   <div class='ocr_carea' id='block_1_4' title="bbox 495 468 2048 552">
    <p class='ocr_par' dir='ltr' id='par_1_4' title="bbox 495 468 2048 541">
     <span class='ocr_line' id='line_1_4' title="bbox 495 468 2048 541; baseline 0.001 -17"><span class='ocrx_word' id='word_1_6' title='bbox 495 468 593 524; x_wconf 74' lang='lat' dir='ltr'><strong>sed</strong></span> <span class='ocrx_word' id='word_1_7' title='bbox 636 468 754 538; x_wconf 86' lang='lat' dir='ltr'><strong>ipse</strong></span> <span class='ocrx_word' id='word_1_8' title='bbox 797 469 1014 540; x_wconf 86' lang='lat' dir='ltr'><strong>quidem</strong></span> <span class='ocrx_word' id='word_1_9' title='bbox 1051 484 1304 541; x_wconf 89' lang='lat' dir='ltr'><strong>corpore,</strong></span> <span class='ocrx_word' id='word_1_10' title='bbox 1352 473 1511 528; x_wconf 90' lang='lat' dir='ltr'><strong>multi</strong></span> <span class='ocrx_word' id='word_1_11' title='bbox 1541 482 1724 528; x_wconf 83' lang='lat' dir='ltr'><strong>autem</strong></span> <span class='ocrx_word' id='word_1_12' title='bbox 1764 473 1855 529; x_wconf 91' lang='lat' dir='ltr'><strong>alii</strong></span> <span class='ocrx_word' id='word_1_13' title='bbox 1890 475 2048 529; x_wconf 69' lang='lat' dir='ltr'><strong>animi</strong></span> 
     </span>
    </p>
   </div>
   <div class='ocr_carea' id='block_1_5' title="bbox 2155 468 3768 552">
    <p class='ocr_par' dir='ltr' id='par_1_5' title="bbox 2178 473 3768 552">
     <span class='ocr_line' id='line_1_5' title="bbox 2178 473 3768 552; baseline 0.005 -25"><span class='ocrx_word' id='word_1_14' title='bbox 2178 474 2341 527; x_wconf 67' lang='grc' dir='ltr'>αὐτον</span> <span class='ocrx_word' id='word_1_15' title='bbox 2381 475 2480 544; x_wconf 78' lang='grc' dir='ltr'>μὲν</span> <span class='ocrx_word' id='word_1_16' title='bbox 2517 473 2657 528; x_wconf 83' lang='grc' dir='ltr'><strong>κατά</strong></span> <span class='ocrx_word' id='word_1_17' title='bbox 2692 475 2876 546; x_wconf 80' lang='grc' dir='ltr'>σῶμα,</span> <span class='ocrx_word' id='word_1_18' title='bbox 2912 475 3099 530; x_wconf 78' lang='grc' dir='ltr'>πολλοὶ</span> <span class='ocrx_word' id='word_1_19' title='bbox 3129 476 3188 531; x_wconf 72' lang='grc' dir='ltr'><strong>δέ</strong></span> <span class='ocrx_word' id='word_1_20' title='bbox 3241 477 3390 533; x_wconf 74' lang='grc' dir='ltr'>ἄλλοι</span> <span class='ocrx_word' id='word_1_21' title='bbox 3438 483 3768 552; x_wconf 72' lang='grc' dir='ltr'><strong>παρειμένοι</strong></span> 
     </span>
    </p>
   </div>
   <div class='ocr_carea' id='block_1_6' title="bbox 495 563 2068 636">
    <p class='ocr_par' dir='ltr' id='par_1_6' title="bbox 495 563 2068 636">
     <span class='ocr_line' id='line_1_6' title="bbox 495 563 2068 636; baseline 0.005 -21"><span class='ocrx_word' id='word_1_22' title='bbox 495 563 805 634; x_wconf 83' lang='lat' dir='ltr'><strong>paralytici.</strong></span> <span class='ocrx_word' id='word_1_23' title='bbox 842 572 898 617; x_wconf 89' lang='lat' dir='ltr'><strong>et</strong></span> <span class='ocrx_word' id='word_1_24' title='bbox 942 563 1133 618; x_wconf 88' lang='lat' dir='ltr'><strong>morbo</strong></span> <span class='ocrx_word' id='word_1_25' title='bbox 1173 564 1473 636; x_wconf 80' lang='lat' dir='ltr'><strong>impietatis</strong></span> <span class='ocrx_word' id='word_1_26' title='bbox 1519 568 1786 633; x_wconf 78' lang='lat' dir='ltr'><strong>enervati,</strong></span> <span class='ocrx_word' id='word_1_27' title='bbox 1831 584 1956 624; x_wconf 92' lang='lat' dir='ltr'><strong>cum</strong></span> <span class='ocrx_word' id='word_1_28' title='bbox 1991 569 2068 623; x_wconf 85' lang='lat' dir='ltr'><strong>vi-</strong></span> 
     </span>
    </p>
   </div>
   <div class='ocr_carea' id='block_1_7' title="bbox 492 656 2070 726">
    <p class='ocr_par' dir='ltr' id='par_1_7' title="bbox 492 656 2070 726">
     <span class='ocr_line' id='line_1_7' title="bbox 492 656 2070 726; baseline 0.003 -14"><span class='ocrx_word' id='word_1_29' title='bbox 492 657 704 712; x_wconf 89' lang='lat' dir='ltr'><strong>disseiit</strong></span> <span class='ocrx_word' id='word_1_30' title='bbox 729 657 876 726; x_wconf 89' lang='lat' dir='ltr'><strong>quod</strong></span> <span class='ocrx_word' id='word_1_31' title='bbox 911 656 1112 712; x_wconf 87' lang='lat' dir='ltr'><strong>factum</strong></span> <span class='ocrx_word' id='word_1_32' title='bbox 1155 657 1358 726; x_wconf 89' lang='lat' dir='ltr'><strong>fuerat,</strong></span> <span class='ocrx_word' id='word_1_33' title='bbox 1411 674 1773 716; x_wconf 80' lang='lat' dir='ltr'><strong>surrexerunt</strong></span> <span class='ocrx_word' id='word_1_34' title='bbox 1816 671 1872 716; x_wconf 92' lang='lat' dir='ltr'><strong>et</strong></span> <span class='ocrx_word' id='word_1_35' title='bbox 1902 663 2070 718; x_wconf 78' lang='lat' dir='ltr'><strong>erecti</strong></span> 
     </span>
    </p>
   </div>
   <div class='ocr_carea' id='block_1_8' title="bbox 479 752 2072 822">
    <p class='ocr_par' dir='ltr' id='par_1_8' title="bbox 479 752 2072 822">
     <span class='ocr_line' id='line_1_8' title="bbox 479 752 2072 822; baseline 0.004 -18"><span class='ocrx_word' id='word_1_36' title='bbox 479 758 622 804; x_wconf 72' lang='lat' dir='ltr'><strong>sunt</strong></span> <span class='ocrx_word' id='word_1_37' title='bbox 669 765 682 803; x_wconf 92' lang='lat'><strong>:</strong></span> <span class='ocrx_word' id='word_1_38' title='bbox 715 756 770 804; x_wconf 88' lang='lat' dir='ltr'><strong>et</strong></span> <span class='ocrx_word' id='word_1_39' title='bbox 806 759 1084 819; x_wconf 88' lang='lat' dir='ltr'><strong>postremo</strong></span> <span class='ocrx_word' id='word_1_40' title='bbox 1115 752 1285 822; x_wconf 86' lang='lat' dir='ltr'><strong>priori</strong></span> <span class='ocrx_word' id='word_1_41' title='bbox 1323 768 1511 808; x_wconf 90' lang='lat' dir='ltr'><strong>errore</strong></span> <span class='ocrx_word' id='word_1_42' title='bbox 1545 755 1933 820; x_wconf 82' lang='lat' dir='ltr'><strong>condemnato,</strong></span> <span class='ocrx_word' id='word_1_43' title='bbox 1977 773 2072 811; x_wconf 87' lang='lat' dir='ltr'><strong>ve-</strong></span> 
     </span>
    </p>
   </div>
   <div class='ocr_carea' id='block_1_9' title="bbox 481 840 2071 903">
    <p class='ocr_par' dir='ltr' id='par_1_9' title="bbox 481 840 2071 903">
     <span class='ocr_line' id='line_1_9' title="bbox 481 840 2071 903; baseline 0.005 -8"><span class='ocrx_word' id='word_1_44' title='bbox 481 857 612 895; x_wconf 74' lang='lat' dir='ltr'><strong>rum</strong></span> <span class='ocrx_word' id='word_1_45' title='bbox 654 841 825 894; x_wconf 88' lang='lat' dir='ltr'><strong>Deum</strong></span> <span class='ocrx_word' id='word_1_46' title='bbox 875 840 1186 896; x_wconf 89' lang='lat' dir='ltr'><strong>coluerunt.</strong></span> <span class='ocrx_word' id='word_1_47' title='bbox 1236 843 1328 898; x_wconf 87' lang='lat' dir='ltr'><strong>Sic</strong></span> <span class='ocrx_word' id='word_1_48' title='bbox 1364 845 1510 898; x_wconf 87' lang='lat' dir='ltr'><strong>enim</strong></span> <span class='ocrx_word' id='word_1_49' title='bbox 1548 846 1813 901; x_wconf 89' lang='lat' dir='ltr'><strong>Dominus</strong></span> <span class='ocrx_word' id='word_1_50' title='bbox 1856 856 1912 902; x_wconf 90' lang='lat' dir='ltr'><strong>et</strong></span> <span class='ocrx_word' id='word_1_51' title='bbox 1950 848 2071 903; x_wconf 87' lang='lat' dir='ltr'><strong>illu-</strong></span> 
     </span>
    </p>
   </div>
   <div class='ocr_carea' id='block_1_10' title="bbox 488 935 2072 1011">
    <p class='ocr_par' dir='ltr' id='par_1_10' title="bbox 488 935 2072 1011">
     <span class='ocr_line' id='line_1_10' title="bbox 488 935 2072 1011; baseline 0.006 -22"><span class='ocrx_word' id='word_1_52' title='bbox 488 937 659 989; x_wconf 88' lang='lat' dir='ltr'><strong>minat</strong></span> <span class='ocrx_word' id='word_1_53' title='bbox 690 949 884 997; x_wconf 62' lang='lat' dir='ltr'><strong>caecos,</strong></span> <span class='ocrx_word' id='word_1_54' title='bbox 919 945 975 989; x_wconf 91' lang='lat' dir='ltr'><strong>et</strong></span> <span class='ocrx_word' id='word_1_55' title='bbox 1007 935 1111 990; x_wconf 91' lang='lat' dir='ltr'><strong>scit</strong></span> <span class='ocrx_word' id='word_1_56' title='bbox 1139 937 1350 1007; x_wconf 81' lang='lat' dir='ltr'><strong>erigere</strong></span> <span class='ocrx_word' id='word_1_57' title='bbox 1382 939 1713 997; x_wconf 86' lang='lat' dir='ltr'><strong>confractus.</strong></span> <span class='ocrx_word' id='word_1_58' title='bbox 1744 942 1922 1011; x_wconf 82' lang='lat' dir='ltr'><strong>Atque</strong></span> <span class='ocrx_word' id='word_1_59' title='bbox 1953 958 2072 997; x_wconf 89' lang='lat' dir='ltr'><strong>sce-</strong></span> 
     </span>
    </p>
   </div>
   <div class='ocr_carea' id='block_1_11' title="bbox 473 1025 2070 1104">
    <p class='ocr_par' dir='ltr' id='par_1_11' title="bbox 473 1025 2070 1104">
     <span class='ocr_line' id='line_1_11' title="bbox 473 1025 2070 1104; baseline 0.008 -26"><span class='ocrx_word' id='word_1_60' title='bbox 473 1025 689 1079; x_wconf 64' lang='lat' dir='ltr'><strong>deratos</strong></span> <span class='ocrx_word' id='word_1_61' title='bbox 740 1025 962 1095; x_wconf 88' lang='lat' dir='ltr'><strong>quidem</strong></span> <span class='ocrx_word' id='word_1_62' title='bbox 1015 1028 1333 1083; x_wconf 76' lang='lat' dir='ltr'><strong>sacerdotes</strong></span> <span class='ocrx_word' id='word_1_63' title='bbox 1384 1039 1439 1084; x_wconf 91' lang='lat' dir='ltr'><strong>et</strong></span> <span class='ocrx_word' id='word_1_64' title='bbox 1490 1031 1755 1094; x_wconf 88' lang='lat' dir='ltr'><strong>medicos,</strong></span> <span class='ocrx_word' id='word_1_65' title='bbox 1817 1034 1910 1104; x_wconf 88' lang='lat' dir='ltr'><strong>qui</strong></span> <span class='ocrx_word' id='word_1_66' title='bbox 1971 1050 2070 1090; x_wconf 89' lang='lat' dir='ltr'><strong>sua</strong></span> 
     </span>
    </p>
   </div>
   <div class='ocr_carea' id='block_1_12' title="bbox 486 1122 2058 1190">
    <p class='ocr_par' dir='ltr' id='par_1_12' title="bbox 486 1122 2058 1190">
     <span class='ocr_line' id='line_1_12' title="bbox 486 1122 2058 1190; baseline 0.007 -14"><span class='ocrx_word' id='word_1_67' title='bbox 486 1130 681 1190; x_wconf 73' lang='lat' dir='ltr'><strong>Sponte</strong></span> <span class='ocrx_word' id='word_1_68' title='bbox 717 1131 876 1176; x_wconf 90' lang='lat' dir='ltr'><strong>erant</strong></span> <span class='ocrx_word' id='word_1_69' title='bbox 911 1122 1366 1187; x_wconf 83' lang='lat' dir='ltr'><strong>immedicabiles,</strong></span> <span class='ocrx_word' id='word_1_70' title='bbox 1405 1142 1516 1181; x_wconf 86' lang='lat' dir='ltr'><strong>nun</strong></span> <span class='ocrx_word' id='word_1_71' title='bbox 1553 1129 1725 1184; x_wconf 83' lang='lat' dir='ltr'><strong>subiit</strong></span> <span class='ocrx_word' id='word_1_72' title='bbox 1755 1131 1940 1184; x_wconf 84' lang='lat' dir='ltr'><strong>lumen</strong></span> <span class='ocrx_word' id='word_1_73' title='bbox 1971 1146 2058 1186; x_wconf 85' lang='lat' dir='ltr'><strong>ve-</strong></span> 
     </span>
    </p>
   </div>
   <div class='ocr_carea' id='block_1_13' title="bbox 470 1213 2065 1292">
    <p class='ocr_par' dir='ltr' id='par_1_13' title="bbox 470 1213 2065 1292">
     <span class='ocr_line' id='line_1_13' title="bbox 470 1213 2065 1292; baseline 0.006 -25"><span class='ocrx_word' id='word_1_74' title='bbox 470 1213 661 1267; x_wconf 77' lang='lat' dir='ltr'><strong>‘ritatis</strong></span> <span class='ocrx_word' id='word_1_75' title='bbox 685 1231 698 1266; x_wconf 91' lang='lat'><strong>:</strong></span> <span class='ocrx_word' id='word_1_76' title='bbox 724 1214 821 1268; x_wconf 84' lang='lat' dir='ltr'><strong>sed</strong></span> <span class='ocrx_word' id='word_1_77' title='bbox 843 1230 967 1269; x_wconf 88' lang='lat' dir='ltr'><strong>cum</strong></span> <span class='ocrx_word' id='word_1_78' title='bbox 991 1231 1021 1268; x_wconf 93' lang='lat' dir='ltr'><strong>a</strong></span> <span class='ocrx_word' id='word_1_79' title='bbox 1052 1217 1207 1272; x_wconf 90' lang='lat' dir='ltr'><strong>malis</strong></span> <span class='ocrx_word' id='word_1_80' title='bbox 1239 1217 1406 1272; x_wconf 80' lang='lat' dir='ltr'><strong>rebus</strong></span> <span class='ocrx_word' id='word_1_81' title='bbox 1431 1219 1652 1275; x_wconf 88' lang='lat' dir='ltr'><strong>liberari</strong></span> <span class='ocrx_word' id='word_1_82' title='bbox 1680 1237 1789 1275; x_wconf 90' lang='lat' dir='ltr'><strong>non</strong></span> <span class='ocrx_word' id='word_1_83' title='bbox 1817 1232 2065 1292; x_wconf 84' lang='lat' dir='ltr'><strong>possent,</strong></span> 
     </span>
    </p>
   </div>
   <div class='ocr_carea' id='block_1_14' title="bbox 475 1305 2065 1376">
    <p class='ocr_par' dir='ltr' id='par_1_14' title="bbox 475 1305 2065 1376">
     <span class='ocr_line' id='line_1_14' title="bbox 475 1305 2065 1376; baseline 0.008 -18"><span class='ocrx_word' id='word_1_84' title='bbox 475 1314 543 1358; x_wconf 65' lang='lat' dir='ltr'><strong>ait</strong></span> <span class='ocrx_word' id='word_1_85' title='bbox 581 1305 671 1374; x_wconf 76' lang='lat' dir='ltr'><strong>qiii</strong></span> <span class='ocrx_word' id='word_1_86' title='bbox 722 1316 908 1360; x_wconf 82' lang='lat' dir='ltr'><strong>essent</strong></span> <span class='ocrx_word' id='word_1_87' title='bbox 953 1307 1019 1361; x_wconf 89' lang='lat' dir='ltr'><strong>iis</strong></span> <span class='ocrx_word' id='word_1_88' title='bbox 1051 1309 1142 1361; x_wconf 91' lang='lat' dir='ltr'><strong>diu</strong></span> <span class='ocrx_word' id='word_1_89' title='bbox 1213 1311 1531 1376; x_wconf 75' lang='lat' dir='ltr'><strong>assuefacti,</strong></span> <span class='ocrx_word' id='word_1_90' title='bbox 1613 1315 1940 1370; x_wconf 78' lang='lat' dir='ltr'><strong>accedentes</strong></span> <span class='ocrx_word' id='word_1_91' title='bbox 1997 1319 2065 1370; x_wconf 89' lang='lat' dir='ltr'><strong>ad</strong></span> 
     </span>
    </p>
   </div>
   <div class='ocr_carea' id='block_1_15' title="bbox 481 1393 2066 1471">
    <p class='ocr_par' dir='ltr' id='par_1_15' title="bbox 481 1393 2066 1471">
     <span class='ocr_line' id='line_1_15' title="bbox 481 1393 2066 1471; baseline 0.008 -20"><span class='ocrx_word' id='word_1_92' title='bbox 481 1393 892 1462; x_wconf 79' lang='lat' dir='ltr'><strong>Maximianuni,</strong></span> <span class='ocrx_word' id='word_1_93' title='bbox 958 1400 1026 1455; x_wconf 89' lang='lat' dir='ltr'><strong>ad</strong></span> <span class='ocrx_word' id='word_1_94' title='bbox 1091 1401 1432 1457; x_wconf 84' lang='lat' dir='ltr'><strong>iracundiam</strong></span> <span class='ocrx_word' id='word_1_95' title='bbox 1498 1418 1870 1471; x_wconf 83' lang='lat' dir='ltr'><strong>provocarunt</strong></span> <span class='ocrx_word' id='word_1_96' title='bbox 1937 1423 2066 1463; x_wconf 87' lang='lat' dir='ltr'><strong>eum</strong></span> 
     </span>
    </p>
   </div>
   <div class='ocr_carea' id='block_1_16' title="bbox 480 1489 2063 1561">
    <p class='ocr_par' dir='ltr' id='par_1_16' title="bbox 480 1489 2063 1561">
     <span class='ocr_line' id='line_1_16' title="bbox 480 1489 2063 1561; baseline 0.007 -18"><span class='ocrx_word' id='word_1_97' title='bbox 480 1489 748 1546; x_wconf 75' lang='lat' dir='ltr'><strong>adversus</strong></span> <span class='ocrx_word' id='word_1_98' title='bbox 790 1501 1062 1547; x_wconf 90' lang='lat' dir='ltr'><strong>sanctum.</strong></span> <span class='ocrx_word' id='word_1_99' title='bbox 1125 1491 1182 1546; x_wconf 84' lang='lat' dir='ltr'><strong>Si</strong></span> <span class='ocrx_word' id='word_1_100' title='bbox 1222 1495 1604 1559; x_wconf 82' lang='lat' dir='ltr'><strong>siverisillum</strong></span> <span class='ocrx_word' id='word_1_101' title='bbox 1650 1498 1854 1561; x_wconf 78' lang='lat' dir='ltr'><strong>vivere,</strong></span> <span class='ocrx_word' id='word_1_102' title='bbox 1910 1499 2063 1554; x_wconf 86' lang='lat' dir='ltr'><strong>dice-</strong></span> 
     </span>
    </p>
   </div>
   <div class='ocr_carea' id='block_1_17' title="bbox 479 1581 2066 1656">
    <p class='ocr_par' dir='ltr' id='par_1_17' title="bbox 479 1581 2066 1656">
     <span class='ocr_line' id='line_1_17' title="bbox 479 1581 2066 1656; baseline 0.006 -18"><span class='ocrx_word' id='word_1_103' title='bbox 479 1581 633 1646; x_wconf 86' lang='lat' dir='ltr'><strong>bant,</strong></span> <span class='ocrx_word' id='word_1_104' title='bbox 686 1593 743 1638; x_wconf 91' lang='lat' dir='ltr'><strong>et</strong></span> <span class='ocrx_word' id='word_1_105' title='bbox 785 1583 859 1636; x_wconf 90' lang='lat' dir='ltr'><strong>dii</strong></span> <span class='ocrx_word' id='word_1_106' title='bbox 909 1585 1071 1638; x_wconf 83' lang='lat' dir='ltr'><strong>simul</strong></span> <span class='ocrx_word' id='word_1_107' title='bbox 1119 1585 1217 1639; x_wconf 88' lang='lat' dir='ltr'><strong>tibi</strong></span> <span class='ocrx_word' id='word_1_108' title='bbox 1263 1587 1522 1656; x_wconf 84' lang='lat' dir='ltr'><strong>peribunt</strong></span> <span class='ocrx_word' id='word_1_109' title='bbox 1555 1598 1611 1644; x_wconf 91' lang='lat' dir='ltr'><strong>ct</strong></span> <span class='ocrx_word' id='word_1_110' title='bbox 1657 1591 1925 1647; x_wconf 82' lang='lat' dir='ltr'><strong>sacrificia</strong></span> <span class='ocrx_word' id='word_1_111' title='bbox 1963 1611 1976 1646; x_wconf 91' lang='lat'><strong>:</strong></span> <span class='ocrx_word' id='word_1_112' title='bbox 2009 1601 2066 1648; x_wconf 86' lang='lat' dir='ltr'><strong>et</strong></span> 
     </span>
    </p>
   </div>
   <div class='ocr_carea' id='block_1_18' title="bbox 479 1676 2062 1754">
    <p class='ocr_par' dir='ltr' id='par_1_18' title="bbox 479 1676 2062 1754">
     <span class='ocr_line' id='line_1_18' title="bbox 479 1676 2062 1754; baseline 0.007 -26"><span class='ocrx_word' id='word_1_113' title='bbox 479 1685 668 1743; x_wconf 88' lang='lat' dir='ltr'><strong>aperte</strong></span> <span class='ocrx_word' id='word_1_114' title='bbox 725 1676 907 1729; x_wconf 87' lang='lat' dir='ltr'><strong>faliula</strong></span> <span class='ocrx_word' id='word_1_115' title='bbox 962 1689 1148 1730; x_wconf 86' lang='lat' dir='ltr'><strong>nostra</strong></span> <span class='ocrx_word' id='word_1_116' title='bbox 1227 1680 1506 1734; x_wconf 79' lang='lat' dir='ltr'><strong>videbitur</strong></span> <span class='ocrx_word' id='word_1_117' title='bbox 1561 1682 1751 1754; x_wconf 73' lang='lat' dir='ltr'><strong>religio</strong></span> <span class='ocrx_word' id='word_1_118' title='bbox 1799 1692 1854 1738; x_wconf 90' lang='lat' dir='ltr'><strong>et</strong></span> <span class='ocrx_word' id='word_1_119' title='bbox 1906 1700 2062 1740; x_wconf 88' lang='lat' dir='ltr'><strong>saera</strong></span> 
     </span>
    </p>
   </div>
   <div class='ocr_carea' id='block_1_19' title="bbox 477 1766 2060 1843">
    <p class='ocr_par' dir='ltr' id='par_1_19' title="bbox 477 1766 2060 1843">
     <span class='ocr_line' id='line_1_19' title="bbox 477 1766 2060 1843; baseline 0.01 -25"><span class='ocrx_word' id='word_1_120' title='bbox 477 1768 667 1838; x_wconf 75' lang='lat' dir='ltr'><strong>orgia:</strong></span> <span class='ocrx_word' id='word_1_121' title='bbox 709 1766 1012 1822; x_wconf 84' lang='lat' dir='ltr'><strong>Christiani</strong></span> <span class='ocrx_word' id='word_1_122' title='bbox 1064 1778 1248 1823; x_wconf 89' lang='lat' dir='ltr'><strong>autem</strong></span> <span class='ocrx_word' id='word_1_123' title='bbox 1301 1787 1402 1825; x_wconf 86' lang='lat' dir='ltr'><strong>nos</strong></span> <span class='ocrx_word' id='word_1_124' title='bbox 1439 1774 1659 1843; x_wconf 77' lang='lat' dir='ltr'><strong>profuse</strong></span> <span class='ocrx_word' id='word_1_125' title='bbox 1693 1778 1970 1839; x_wconf 81' lang='lat' dir='ltr'><strong>ridebunt.</strong></span> <span class='ocrx_word' id='word_1_126' title='bbox 2007 1788 2060 1834; x_wconf 90' lang='lat' dir='ltr'><strong>et</strong></span> 
     </span>
    </p>
   </div>
   <div class='ocr_carea' id='block_1_20' title="bbox 473 1853 2056 1929">
    <p class='ocr_par' dir='ltr' id='par_1_20' title="bbox 473 1853 2056 1929">
     <span class='ocr_line' id='line_1_20' title="bbox 473 1853 2056 1929; baseline 0.009 -19"><span class='ocrx_word' id='word_1_127' title='bbox 473 1866 565 1911; x_wconf 73' lang='lat' dir='ltr'><strong>res</strong></span> <span class='ocrx_word' id='word_1_128' title='bbox 590 1853 824 1911; x_wconf 85' lang='lat' dir='ltr'><strong>illorum</strong></span> <span class='ocrx_word' id='word_1_129' title='bbox 847 1859 1020 1929; x_wconf 77' lang='lat' dir='ltr'><strong>magis</strong></span> <span class='ocrx_word' id='word_1_130' title='bbox 1045 1859 1340 1922; x_wconf 79' lang='lat' dir='ltr'><strong>ﬂorebunt.</strong></span> <span class='ocrx_word' id='word_1_131' title='bbox 1372 1871 1427 1918; x_wconf 91' lang='lat' dir='ltr'><strong>et</strong></span> <span class='ocrx_word' id='word_1_132' title='bbox 1457 1877 1621 1919; x_wconf 85' lang='lat' dir='ltr'><strong>erunt</strong></span> <span class='ocrx_word' id='word_1_133' title='bbox 1651 1868 1857 1923; x_wconf 86' lang='lat' dir='ltr'><strong>nostris</strong></span> <span class='ocrx_word' id='word_1_134' title='bbox 1884 1868 2056 1924; x_wconf 86' lang='lat' dir='ltr'><strong>multo</strong></span> 
     </span>
    </p>
   </div>
   <div class='ocr_carea' id='block_1_21' title="bbox 475 1949 2057 2021">
    <p class='ocr_par' dir='ltr' id='par_1_21' title="bbox 475 1949 2057 2021">
     <span class='ocr_line' id='line_1_21' title="bbox 475 1949 2057 2021; baseline 0.008 -17"><span class='ocrx_word' id='word_1_135' title='bbox 475 1949 794 2006; x_wconf 76' lang='lat' dir='ltr'><strong>validiores.</strong></span> <span class='ocrx_word' id='word_1_136' title='bbox 853 1951 978 2006; x_wconf 62' lang='lat' dir='ltr'><strong>llaec</strong></span> <span class='ocrx_word' id='word_1_137' title='bbox 1033 1969 1158 2006; x_wconf 87' lang='lat' dir='ltr'><strong>cuni</strong></span> <span class='ocrx_word' id='word_1_138' title='bbox 1208 1953 1502 2021; x_wconf 72' lang='lat' dir='ltr'><strong>dixissent,</strong></span> <span class='ocrx_word' id='word_1_139' title='bbox 1561 1959 1652 2012; x_wconf 90' lang='lat' dir='ltr'><strong>ille</strong></span> <span class='ocrx_word' id='word_1_140' title='bbox 1707 1960 1923 2015; x_wconf 77' lang='lat' dir='ltr'><strong>facilem</strong></span> <span class='ocrx_word' id='word_1_141' title='bbox 1975 1963 2057 2017; x_wconf 81' lang='lat' dir='ltr'><strong>eis</strong></span> 
     </span>
    </p>
   </div>
   <div class='ocr_carea' id='block_1_22' title="bbox 475 2044 2056 2121">
    <p class='ocr_par' dir='ltr' id='par_1_22' title="bbox 475 2044 2056 2121">
     <span class='ocr_line' id='line_1_22' title="bbox 475 2044 2056 2121; baseline 0.008 -23"><span class='ocrx_word' id='word_1_142' title='bbox 475 2056 661 2098; x_wconf 80' lang='lat' dir='ltr'><strong>aurem</strong></span> <span class='ocrx_word' id='word_1_143' title='bbox 701 2044 959 2114; x_wconf 67' lang='lat' dir='ltr'><strong>praebuit,</strong></span> <span class='ocrx_word' id='word_1_144' title='bbox 987 2056 1043 2099; x_wconf 91' lang='lat' dir='ltr'><strong>et</strong></span> <span class='ocrx_word' id='word_1_145' title='bbox 1072 2047 1270 2115; x_wconf 89' lang='lat' dir='ltr'><strong>paruit.</strong></span> <span class='ocrx_word' id='word_1_146' title='bbox 1306 2048 1567 2104; x_wconf 82' lang='lat' dir='ltr'><strong>Sanctum</strong></span> <span class='ocrx_word' id='word_1_147' title='bbox 1607 2051 1789 2121; x_wconf 85' lang='lat' dir='ltr'><strong>itaque</strong></span> <span class='ocrx_word' id='word_1_148' title='bbox 1823 2056 2056 2110; x_wconf 83' lang='lat' dir='ltr'><strong>accersit</strong></span> 
     </span>
    </p>
   </div>
   <div class='ocr_carea' id='block_1_23' title="bbox 475 2138 2057 2214">
    <p class='ocr_par' dir='ltr' id='par_1_23' title="bbox 475 2138 2057 2214">
     <span class='ocr_line' id='line_1_23' title="bbox 475 2138 2057 2214; baseline 0.001 -24"><span class='ocrx_word' id='word_1_149' title='bbox 475 2138 797 2206; x_wconf 88' lang='lat' dir='ltr'><strong>imperator.</strong></span> <span class='ocrx_word' id='word_1_150' title='bbox 831 2147 887 2191; x_wconf 89' lang='lat' dir='ltr'><strong>et</strong></span> <span class='ocrx_word' id='word_1_151' title='bbox 915 2147 1173 2207; x_wconf 84' lang='lat' dir='ltr'><strong>tanquam</strong></span> <span class='ocrx_word' id='word_1_152' title='bbox 1205 2154 1384 2192; x_wconf 86' lang='lat' dir='ltr'><strong>escam</strong></span> <span class='ocrx_word' id='word_1_153' title='bbox 1417 2141 1773 2210; x_wconf 67' lang='lat' dir='ltr'><strong>benignitatis</strong></span> <span class='ocrx_word' id='word_1_154' title='bbox 1804 2145 1852 2197; x_wconf 90' lang='lat' dir='ltr'><strong>ei</strong></span> <span class='ocrx_word' id='word_1_155' title='bbox 1883 2145 2057 2214; x_wconf 79' lang='lat' dir='ltr'><strong>impe.</strong></span> 
     </span>
    </p>
   </div>
   <div class='ocr_carea' id='block_1_24' title="bbox 475 2229 2052 2304">
    <p class='ocr_par' dir='ltr' id='par_1_24' title="bbox 475 2229 2052 2304">
     <span class='ocr_line' id='line_1_24' title="bbox 475 2229 2052 2304; baseline 0.004 -23"><span class='ocrx_word' id='word_1_156' title='bbox 475 2237 622 2284; x_wconf 76' lang='lat' dir='ltr'><strong>rator</strong></span> <span class='ocrx_word' id='word_1_157' title='bbox 651 2229 932 2300; x_wconf 66' lang='lat' dir='ltr'><strong>porrigens</strong></span> <span class='ocrx_word' id='word_1_158' title='bbox 961 2229 1390 2284; x_wconf 84' lang='lat' dir='ltr'><strong>admonitionem</strong></span> <span class='ocrx_word' id='word_1_159' title='bbox 1416 2249 1429 2285; x_wconf 89' lang='lat'><strong>:</strong></span> <span class='ocrx_word' id='word_1_160' title='bbox 1457 2234 1629 2287; x_wconf 71' lang='lat' dir='ltr'><strong>Crede</strong></span> <span class='ocrx_word' id='word_1_161' title='bbox 1661 2234 1819 2299; x_wconf 83' lang='lat' dir='ltr'><strong>mihi,</strong></span> <span class='ocrx_word' id='word_1_162' title='bbox 1851 2235 2052 2304; x_wconf 84' lang='lat' dir='ltr'><strong>inquit,</strong></span> 
     </span>
    </p>
   </div>
   <div class='ocr_carea' id='block_1_25' title="bbox 473 2319 2053 2391">
    <p class='ocr_par' dir='ltr' id='par_1_25' title="bbox 473 2319 2053 2391">
     <span class='ocr_line' id='line_1_25' title="bbox 473 2319 2053 2391; baseline 0.006 -17"><span class='ocrx_word' id='word_1_163' title='bbox 473 2319 796 2382; x_wconf 85' lang='lat' dir='ltr'><strong>Pantoleon,</strong></span> <span class='ocrx_word' id='word_1_164' title='bbox 830 2332 887 2376; x_wconf 89' lang='lat' dir='ltr'><strong>et</strong></span> <span class='ocrx_word' id='word_1_165' title='bbox 920 2322 1026 2376; x_wconf 89' lang='lat' dir='ltr'><strong>diis</strong></span> <span class='ocrx_word' id='word_1_166' title='bbox 1053 2321 1188 2375; x_wconf 78' lang='lat' dir='ltr'><strong>otl‘er</strong></span> <span class='ocrx_word' id='word_1_167' title='bbox 1218 2324 1570 2379; x_wconf 78' lang='lat' dir='ltr'><strong>sacriﬁcium.</strong></span> <span class='ocrx_word' id='word_1_168' title='bbox 1605 2329 1691 2378; x_wconf 78' lang='lat' dir='ltr'><strong>An</strong></span> <span class='ocrx_word' id='word_1_169' title='bbox 1723 2341 1830 2380; x_wconf 88' lang='lat' dir='ltr'><strong>non</strong></span> <span class='ocrx_word' id='word_1_170' title='bbox 1873 2329 2053 2391; x_wconf 81' lang='lat' dir='ltr'><strong>vides,</strong></span> 
     </span>
    </p>
   </div>
   <div class='ocr_carea' id='block_1_26' title="bbox 473 2413 2052 2484">
    <p class='ocr_par' dir='ltr' id='par_1_26' title="bbox 473 2413 2052 2484">
     <span class='ocr_line' id='line_1_26' title="bbox 473 2413 2052 2484; baseline 0.005 -17"><span class='ocrx_word' id='word_1_171' title='bbox 473 2413 618 2484; x_wconf 87' lang='lat' dir='ltr'><strong>quod</strong></span> <span class='ocrx_word' id='word_1_172' title='bbox 646 2415 1068 2484; x_wconf 75' lang='lat' dir='ltr'><strong>quibuscunque</strong></span> <span class='ocrx_word' id='word_1_173' title='bbox 1100 2430 1208 2467; x_wconf 88' lang='lat' dir='ltr'><strong>non</strong></span> <span class='ocrx_word' id='word_1_174' title='bbox 1232 2426 1313 2467; x_wconf 85' lang='lat' dir='ltr'><strong>est</strong></span> <span class='ocrx_word' id='word_1_175' title='bbox 1347 2431 1688 2482; x_wconf 83' lang='lat' dir='ltr'><strong>persuasum,</strong></span> <span class='ocrx_word' id='word_1_176' title='bbox 1723 2428 1780 2472; x_wconf 90' lang='lat' dir='ltr'><strong>ut</strong></span> <span class='ocrx_word' id='word_1_177' title='bbox 1811 2419 2052 2475; x_wconf 88' lang='lat' dir='ltr'><strong>facerent</strong></span> 
     </span>
    </p>
   </div>
   <div class='ocr_carea' id='block_1_27' title="bbox 471 2506 2049 2577">
    <p class='ocr_par' dir='ltr' id='par_1_27' title="bbox 471 2506 2049 2577">
     <span class='ocr_line' id='line_1_27' title="bbox 471 2506 2049 2577; baseline 0.004 -17"><span class='ocrx_word' id='word_1_178' title='bbox 471 2506 619 2577; x_wconf 84' lang='lat' dir='ltr'><strong>quod</strong></span> <span class='ocrx_word' id='word_1_179' title='bbox 651 2507 857 2560; x_wconf 89' lang='lat' dir='ltr'><strong>dictum</strong></span> <span class='ocrx_word' id='word_1_180' title='bbox 890 2506 1086 2570; x_wconf 79' lang='lat' dir='ltr'><strong>fuerat,</strong></span> <span class='ocrx_word' id='word_1_181' title='bbox 1117 2507 1149 2560; x_wconf 89' lang='lat' dir='ltr'><strong>ii</strong></span> <span class='ocrx_word' id='word_1_182' title='bbox 1182 2508 1508 2576; x_wconf 72' lang='lat' dir='ltr'><strong>gravissima</strong></span> <span class='ocrx_word' id='word_1_183' title='bbox 1534 2509 1802 2577; x_wconf 81' lang='lat' dir='ltr'><strong>supplicia</strong></span> <span class='ocrx_word' id='word_1_184' title='bbox 1825 2523 1880 2565; x_wconf 88' lang='lat' dir='ltr'><strong>et</strong></span> <span class='ocrx_word' id='word_1_185' title='bbox 1901 2525 2049 2566; x_wconf 86' lang='lat' dir='ltr'><strong>mor-</strong></span> 
     </span>
    </p>
   </div>
   <div class='ocr_carea' id='block_1_28' title="bbox 473 2599 2052 2658">
    <p class='ocr_par' dir='ltr' id='par_1_28' title="bbox 473 2599 2052 2658">
     <span class='ocr_line' id='line_1_28' title="bbox 473 2599 2052 2658; baseline 0.003 -5"><span class='ocrx_word' id='word_1_186' title='bbox 473 2610 586 2654; x_wconf 86' lang='lat' dir='ltr'><strong>tem</strong></span> <span class='ocrx_word' id='word_1_187' title='bbox 651 2599 967 2654; x_wconf 83' lang='lat' dir='ltr'><strong>liabueruut</strong></span> <span class='ocrx_word' id='word_1_188' title='bbox 1029 2599 1430 2655; x_wconf 79' lang='lat' dir='ltr'><strong>incredulitatis</strong></span> <span class='ocrx_word' id='word_1_189' title='bbox 1506 2603 2052 2658; x_wconf 75' lang='lat' dir='ltr'><strong>reaiuiierationeiiil</strong></span> 
     </span>
    </p>
   </div>
   <div class='ocr_carea' id='block_1_29' title="bbox 471 2691 2052 2764">
    <p class='ocr_par' dir='ltr' id='par_1_29' title="bbox 471 2691 2052 2764">
     <span class='ocr_line' id='line_1_29' title="bbox 471 2691 2052 2764; baseline 0.003 -18"><span class='ocrx_word' id='word_1_190' title='bbox 471 2691 676 2746; x_wconf 79' lang='lat' dir='ltr'><strong>Horum</strong></span> <span class='ocrx_word' id='word_1_191' title='bbox 707 2699 794 2745; x_wconf 91' lang='lat' dir='ltr'><strong>est</strong></span> <span class='ocrx_word' id='word_1_192' title='bbox 838 2691 1013 2754; x_wconf 89' lang='lat' dir='ltr'><strong>testis,</strong></span> <span class='ocrx_word' id='word_1_193' title='bbox 1059 2693 1149 2760; x_wconf 83' lang='lat' dir='ltr'><strong>qui</strong></span> <span class='ocrx_word' id='word_1_194' title='bbox 1194 2707 1372 2761; x_wconf 85' lang='lat' dir='ltr'><strong>nuper</strong></span> <span class='ocrx_word' id='word_1_195' title='bbox 1414 2692 1616 2748; x_wconf 83' lang='lat' dir='ltr'><strong>misere</strong></span> <span class='ocrx_word' id='word_1_196' title='bbox 1649 2699 1760 2748; x_wconf 86' lang='lat' dir='ltr'><strong>vita</strong></span> <span class='ocrx_word' id='word_1_197' title='bbox 1805 2700 2052 2764; x_wconf 79' lang='lat' dir='ltr'><strong>privatus</strong></span> 
     </span>
    </p>
   </div>
   <div class='ocr_carea' id='block_1_30' title="bbox 469 2785 2052 2860">
    <p class='ocr_par' dir='ltr' id='par_1_30' title="bbox 469 2785 2052 2860">
     <span class='ocr_line' id='line_1_30' title="bbox 469 2785 2052 2860; baseline 0.003 -20"><span class='ocrx_word' id='word_1_198' title='bbox 469 2795 575 2848; x_wconf 84' lang='lat' dir='ltr'><strong>est,</strong></span> <span class='ocrx_word' id='word_1_199' title='bbox 609 2785 901 2838; x_wconf 85' lang='lat' dir='ltr'><strong>Antliinius</strong></span> <span class='ocrx_word' id='word_1_200' title='bbox 953 2785 1042 2838; x_wconf 89' lang='lat' dir='ltr'><strong>ille</strong></span> <span class='ocrx_word' id='word_1_201' title='bbox 1087 2801 1274 2840; x_wconf 80' lang='lat' dir='ltr'><strong>senex.</strong></span> <span class='ocrx_word' id='word_1_202' title='bbox 1321 2785 1431 2853; x_wconf 72' lang='lat' dir='ltr'><strong>Ego</strong></span> <span class='ocrx_word' id='word_1_203' title='bbox 1477 2796 1660 2840; x_wconf 77' lang='lat' dir='ltr'><strong>autem</strong></span> <span class='ocrx_word' id='word_1_204' title='bbox 1697 2804 1884 2842; x_wconf 78' lang='lat' dir='ltr'><strong>curaui</strong></span> <span class='ocrx_word' id='word_1_205' title='bbox 1920 2806 2052 2860; x_wconf 74' lang='lat' dir='ltr'><strong>gero</strong></span> 
     </span>
    </p>
   </div>
   <div class='ocr_carea' id='block_1_31' title="bbox 471 2876 2046 2950">
    <p class='ocr_par' dir='ltr' id='par_1_31' title="bbox 471 2876 2046 2950">
     <span class='ocr_line' id='line_1_31' title="bbox 471 2876 2046 2950; baseline 0.003 -20"><span class='ocrx_word' id='word_1_206' title='bbox 471 2887 577 2930; x_wconf 72' lang='lat' dir='ltr'><strong>tuae</strong></span> <span class='ocrx_word' id='word_1_207' title='bbox 624 2876 955 2945; x_wconf 82' lang='lat' dir='ltr'><strong>juveiitutis,</strong></span> <span class='ocrx_word' id='word_1_208' title='bbox 1009 2891 1187 2942; x_wconf 85' lang='lat' dir='ltr'><strong>neque</strong></span> <span class='ocrx_word' id='word_1_209' title='bbox 1242 2878 1365 2930; x_wconf 80' lang='lat' dir='ltr'><strong>volo</strong></span> <span class='ocrx_word' id='word_1_210' title='bbox 1407 2885 1457 2930; x_wconf 87' lang='lat' dir='ltr'><strong>te</strong></span> <span class='ocrx_word' id='word_1_211' title='bbox 1500 2887 1606 2930; x_wconf 89' lang='lat' dir='ltr'><strong>tam</strong></span> <span class='ocrx_word' id='word_1_212' title='bbox 1650 2881 1792 2933; x_wconf 83' lang='lat' dir='ltr'><strong>male</strong></span> <span class='ocrx_word' id='word_1_213' title='bbox 1843 2882 2046 2950; x_wconf 85' lang='lat' dir='ltr'><strong>perire.</strong></span> 
     </span>
    </p>
   </div>
   <div class='ocr_carea' id='block_1_32' title="bbox 473 2967 2050 3041">
    <p class='ocr_par' dir='ltr' id='par_1_32' title="bbox 473 2967 2050 3041">
     <span class='ocr_line' id='line_1_32' title="bbox 473 2967 2050 3041; baseline 0.005 -21"><span class='ocrx_word' id='word_1_214' title='bbox 473 2969 624 3021; x_wconf 69' lang='lat' dir='ltr'><strong>Scito</strong></span> <span class='ocrx_word' id='word_1_215' title='bbox 671 2967 840 3030; x_wconf 89' lang='lat' dir='ltr'><strong>enim,</strong></span> <span class='ocrx_word' id='word_1_216' title='bbox 890 2967 1007 3020; x_wconf 91' lang='lat' dir='ltr'><strong>fore</strong></span> <span class='ocrx_word' id='word_1_217' title='bbox 1045 2976 1102 3020; x_wconf 90' lang='lat' dir='ltr'><strong>ut</strong></span> <span class='ocrx_word' id='word_1_218' title='bbox 1142 2978 1191 3020; x_wconf 94' lang='lat' dir='ltr'><strong>te</strong></span> <span class='ocrx_word' id='word_1_219' title='bbox 1231 2967 1398 3021; x_wconf 88' lang='lat' dir='ltr'><strong>multa</strong></span> <span class='ocrx_word' id='word_1_220' title='bbox 1446 2977 1502 3023; x_wconf 90' lang='lat' dir='ltr'><strong>et</strong></span> <span class='ocrx_word' id='word_1_221' title='bbox 1542 2972 1726 3038; x_wconf 64' lang='lat' dir='ltr'><strong>grai-ia</strong></span> <span class='ocrx_word' id='word_1_222' title='bbox 1768 2973 2050 3041; x_wconf 77' lang='lat' dir='ltr'><strong>excipiant</strong></span> 
     </span>
    </p>
   </div>
   <div class='ocr_carea' id='block_1_33' title="bbox 470 3056 1882 3127">
    <p class='ocr_par' dir='ltr' id='par_1_33' title="bbox 470 3056 1882 3127">
     <span class='ocr_line' id='line_1_33' title="bbox 470 3056 1882 3127; baseline 0.002 -15"><span class='ocrx_word' id='word_1_223' title='bbox 470 3056 761 3127; x_wconf 81' lang='lat' dir='ltr'><strong>supplicia,</strong></span> <span class='ocrx_word' id='word_1_224' title='bbox 797 3056 840 3108; x_wconf 92' lang='lat' dir='ltr'><strong>si</strong></span> <span class='ocrx_word' id='word_1_225' title='bbox 877 3059 1126 3110; x_wconf 78' lang='lat' dir='ltr'><strong>eamdem</strong></span> <span class='ocrx_word' id='word_1_226' title='bbox 1159 3061 1406 3124; x_wconf 79' lang='lat' dir='ltr'><strong>sequaris</strong></span> <span class='ocrx_word' id='word_1_227' title='bbox 1437 3059 1882 3115; x_wconf 88' lang='lat' dir='ltr'><strong>iiiobedientiaiii.</strong></span> 
     </span>
    </p>
   </div>
   <div class='ocr_carea' id='block_1_34' title="bbox 538 3147 2049 3218">
    <p class='ocr_par' dir='ltr' id='par_1_34' title="bbox 538 3147 2049 3218">
     <span class='ocr_line' id='line_1_34' title="bbox 538 3147 2049 3218; baseline 0.003 -15"><span class='ocrx_word' id='word_1_228' title='bbox 538 3147 679 3203; x_wconf 73' lang='grc' dir='ltr'><strong>ΧΗ.</strong></span> <span class='ocrx_word' id='word_1_229' title='bbox 715 3149 1012 3202; x_wconf 81' lang='lat' dir='ltr'><strong>Pantaleon</strong></span> <span class='ocrx_word' id='word_1_230' title='bbox 1051 3165 1198 3212; x_wconf 81' lang='lat' dir='ltr'><strong>vero,</strong></span> <span class='ocrx_word' id='word_1_231' title='bbox 1252 3151 1426 3202; x_wconf 78' lang='lat' dir='ltr'><strong>vitans</strong></span> <span class='ocrx_word' id='word_1_232' title='bbox 1471 3151 1692 3218; x_wconf 85' lang='lat' dir='ltr'><strong>quidem</strong></span> <span class='ocrx_word' id='word_1_233' title='bbox 1721 3153 2049 3208; x_wconf 85' lang='lat' dir='ltr'><strong>admonitio—</strong></span> 
     </span>
    </p>
   </div>
   <div class='ocr_carea' id='block_1_35' title="bbox 467 3240 2051 3310">
    <p class='ocr_par' dir='ltr' id='par_1_35' title="bbox 467 3240 2051 3310">
     <span class='ocr_line' id='line_1_35' title="bbox 467 3240 2051 3310; baseline 0.001 -12"><span class='ocrx_word' id='word_1_234' title='bbox 467 3257 586 3304; x_wconf 80' lang='lat' dir='ltr'><strong>nes,</strong></span> <span class='ocrx_word' id='word_1_235' title='bbox 631 3251 886 3310; x_wconf 83' lang='lat' dir='ltr'><strong>tanquam</strong></span> <span class='ocrx_word' id='word_1_236' title='bbox 925 3251 1165 3307; x_wconf 83' lang='lat' dir='ltr'><strong>apertam</strong></span> <span class='ocrx_word' id='word_1_237' title='bbox 1201 3240 1468 3308; x_wconf 84' lang='lat' dir='ltr'><strong>fraudein,</strong></span> <span class='ocrx_word' id='word_1_238' title='bbox 1501 3245 1677 3298; x_wconf 88' lang='lat' dir='ltr'><strong>iiiiiias</strong></span> <span class='ocrx_word' id='word_1_239' title='bbox 1704 3255 1886 3299; x_wconf 90' lang='lat' dir='ltr'><strong>autem</strong></span> <span class='ocrx_word' id='word_1_240' title='bbox 1920 3263 2051 3301; x_wconf 82' lang='lat' dir='ltr'><strong>con-</strong></span> 
     </span>
    </p>
   </div>
   <div class='ocr_carea' id='block_1_36' title="bbox 467 3335 2048 3404">
    <p class='ocr_par' dir='ltr' id='par_1_36' title="bbox 467 3335 2048 3404">
     <span class='ocr_line' id='line_1_36' title="bbox 467 3335 2048 3404; baseline 0.003 -14"><span class='ocrx_word' id='word_1_241' title='bbox 467 3347 742 3397; x_wconf 78' lang='lat' dir='ltr'><strong>temnens,</strong></span> <span class='ocrx_word' id='word_1_242' title='bbox 784 3346 1040 3403; x_wconf 90' lang='lat' dir='ltr'><strong>taiiquam</strong></span> <span class='ocrx_word' id='word_1_243' title='bbox 1075 3335 1208 3404; x_wconf 81' lang='lat' dir='ltr'><strong>ipsis</strong></span> <span class='ocrx_word' id='word_1_244' title='bbox 1245 3337 1475 3389; x_wconf 83' lang='lat' dir='ltr'><strong>somniis</strong></span> <span class='ocrx_word' id='word_1_245' title='bbox 1506 3337 1898 3392; x_wconf 76' lang='lat' dir='ltr'><strong>inibecnliores</strong></span> <span class='ocrx_word' id='word_1_246' title='bbox 1927 3356 1939 3392; x_wconf 89' lang='lat'><strong>:</strong></span> <span class='ocrx_word' id='word_1_247' title='bbox 1971 3338 2048 3394; x_wconf 74' lang='lat' dir='ltr'><strong>Ne</strong></span> 
     </span>
    </p>
   </div>
   <div class='ocr_carea' id='block_1_37' title="bbox 466 3428 2047 3499">
    <p class='ocr_par' dir='ltr' id='par_1_37' title="bbox 466 3428 2047 3499">
     <span class='ocr_line' id='line_1_37' title="bbox 466 3428 2047 3499; baseline 0.002 -17"><span class='ocrx_word' id='word_1_248' title='bbox 466 3430 769 3482; x_wconf 74' lang='lat' dir='ltr'><strong>existimes.</strong></span> <span class='ocrx_word' id='word_1_249' title='bbox 805 3428 1004 3495; x_wconf 86' lang='lat' dir='ltr'><strong>inquit,</strong></span> <span class='ocrx_word' id='word_1_250' title='bbox 1038 3442 1070 3479; x_wconf 92' lang='grc' dir='ltr'><strong>ο</strong></span> <span class='ocrx_word' id='word_1_251' title='bbox 1103 3431 1423 3496; x_wconf 87' lang='lat' dir='ltr'><strong>imperator,</strong></span> <span class='ocrx_word' id='word_1_252' title='bbox 1457 3429 1573 3483; x_wconf 86' lang='lat' dir='ltr'><strong>fore</strong></span> <span class='ocrx_word' id='word_1_253' title='bbox 1607 3439 1664 3482; x_wconf 91' lang='lat' dir='ltr'><strong>ut</strong></span> <span class='ocrx_word' id='word_1_254' title='bbox 1695 3448 1781 3484; x_wconf 92' lang='lat' dir='ltr'><strong>me</strong></span> <span class='ocrx_word' id='word_1_255' title='bbox 1816 3448 2047 3499; x_wconf 83' lang='lat' dir='ltr'><strong>persua-</strong></span> 
     </span>
    </p>
   </div>
   <div class='ocr_carea' id='block_1_38' title="bbox 462 3518 2040 3584">
    <p class='ocr_par' dir='ltr' id='par_1_38' title="bbox 462 3518 2040 3584">
     <span class='ocr_line' id='line_1_38' title="bbox 462 3518 2040 3584; baseline 0.004 -11"><span class='ocrx_word' id='word_1_256' title='bbox 462 3520 595 3573; x_wconf 84' lang='lat' dir='ltr'><strong>deas</strong></span> <span class='ocrx_word' id='word_1_257' title='bbox 645 3518 1138 3584; x_wconf 83' lang='lat' dir='ltr'><strong>admonitionibus,</strong></span> <span class='ocrx_word' id='word_1_258' title='bbox 1200 3533 1302 3573; x_wconf 91' lang='lat' dir='ltr'><strong>iicc</strong></span> <span class='ocrx_word' id='word_1_259' title='bbox 1360 3529 1417 3573; x_wconf 93' lang='lat' dir='ltr'><strong>ut</strong></span> <span class='ocrx_word' id='word_1_260' title='bbox 1451 3536 1536 3575; x_wconf 89' lang='lat' dir='ltr'><strong>ine</strong></span> <span class='ocrx_word' id='word_1_261' title='bbox 1592 3522 1760 3576; x_wconf 85' lang='lat' dir='ltr'><strong>minis</strong></span> <span class='ocrx_word' id='word_1_262' title='bbox 1813 3533 2040 3579; x_wconf 89' lang='lat' dir='ltr'><strong>terreas.</strong></span> 
     </span>
    </p>
   </div>
   <div class='ocr_carea' id='block_1_39' title="bbox 465 3611 2048 3683">
    <p class='ocr_par' dir='ltr' id='par_1_39' title="bbox 465 3611 2048 3683">
     <span class='ocr_line' id='line_1_39' title="bbox 465 3611 2048 3683; baseline 0 -19"><span class='ocrx_word' id='word_1_263' title='bbox 465 3611 602 3678; x_wconf 70' lang='lat' dir='ltr'><strong>Quid</strong></span> <span class='ocrx_word' id='word_1_264' title='bbox 635 3611 779 3663; x_wconf 73' lang='lat' dir='ltr'><strong>enini</strong></span> <span class='ocrx_word' id='word_1_265' title='bbox 812 3625 900 3664; x_wconf 86' lang='lat' dir='ltr'><strong>me</strong></span> <span class='ocrx_word' id='word_1_266' title='bbox 940 3611 1020 3664; x_wconf 67' lang='lat' dir='ltr'><strong>vel</strong></span> <span class='ocrx_word' id='word_1_267' title='bbox 1055 3627 1123 3663; x_wconf 77' lang='lat' dir='ltr'><strong>ex</strong></span> <span class='ocrx_word' id='word_1_268' title='bbox 1157 3611 1314 3664; x_wconf 89' lang='lat' dir='ltr'><strong>bonis</strong></span> <span class='ocrx_word' id='word_1_269' title='bbox 1345 3613 1532 3666; x_wconf 89' lang='lat' dir='ltr'><strong>mundi</strong></span> <span class='ocrx_word' id='word_1_270' title='bbox 1569 3617 1768 3683; x_wconf 75' lang='lat' dir='ltr'><strong>rapiet,</strong></span> <span class='ocrx_word' id='word_1_271' title='bbox 1805 3617 1889 3668; x_wconf 90' lang='lat' dir='ltr'><strong>vel</strong></span> <span class='ocrx_word' id='word_1_272' title='bbox 1939 3625 2048 3668; x_wconf 63' lang='lat' dir='ltr'><strong>tero</strong></span> 
     </span>
    </p>
   </div>
   <div class='ocr_carea' id='block_1_40' title="bbox 463 3701 2044 3771">
    <p class='ocr_par' dir='ltr' id='par_1_40' title="bbox 463 3701 2044 3771">
     <span class='ocr_line' id='line_1_40' title="bbox 463 3701 2044 3771; baseline 0.002 -15"><span class='ocrx_word' id='word_1_273' title='bbox 463 3703 606 3756; x_wconf 68' lang='lat' dir='ltr'><strong>uebit</strong></span> <span class='ocrx_word' id='word_1_274' title='bbox 638 3718 702 3755; x_wconf 75' lang='lat' dir='ltr'><strong>ex</strong></span> <span class='ocrx_word' id='word_1_275' title='bbox 735 3702 897 3756; x_wconf 78' lang='lat' dir='ltr'><strong>rebus</strong></span> <span class='ocrx_word' id='word_1_276' title='bbox 929 3701 1291 3766; x_wconf 86' lang='lat' dir='ltr'><strong>terribiLbus,</strong></span> <span class='ocrx_word' id='word_1_277' title='bbox 1321 3705 1412 3771; x_wconf 84' lang='lat' dir='ltr'><strong>qui</strong></span> <span class='ocrx_word' id='word_1_278' title='bbox 1444 3719 1550 3756; x_wconf 91' lang='lat' dir='ltr'><strong>non</strong></span> <span class='ocrx_word' id='word_1_279' title='bbox 1587 3706 1764 3758; x_wconf 84' lang='lat' dir='ltr'><strong>solum</strong></span> <span class='ocrx_word' id='word_1_280' title='bbox 1810 3717 2044 3759; x_wconf 85' lang='lat' dir='ltr'><strong>mortem</strong></span> 
     </span>
    </p>
   </div>
   <div class='ocr_carea' id='block_1_41' title="bbox 461 3795 2042 3866">
    <p class='ocr_par' dir='ltr' id='par_1_41' title="bbox 461 3795 2042 3866">
     <span class='ocr_line' id='line_1_41' title="bbox 461 3795 2042 3866; baseline 0.001 -17"><span class='ocrx_word' id='word_1_281' title='bbox 461 3807 779 3858; x_wconf 82' lang='lat' dir='ltr'><strong>contemno,</strong></span> <span class='ocrx_word' id='word_1_282' title='bbox 812 3795 908 3848; x_wconf 82' lang='lat' dir='ltr'><strong>sed</strong></span> <span class='ocrx_word' id='word_1_283' title='bbox 937 3809 1056 3847; x_wconf 84' lang='lat' dir='ltr'><strong>eam</strong></span> <span class='ocrx_word' id='word_1_284' title='bbox 1098 3795 1258 3848; x_wconf 85' lang='lat' dir='ltr'><strong>etiam</strong></span> <span class='ocrx_word' id='word_1_285' title='bbox 1301 3797 1596 3863; x_wconf 86' lang='lat' dir='ltr'><strong>optandam</strong></span> <span class='ocrx_word' id='word_1_286' title='bbox 1631 3798 1868 3850; x_wconf 84' lang='lat' dir='ltr'><strong>arbitror</strong></span> <span class='ocrx_word' id='word_1_287' title='bbox 1911 3814 2042 3866; x_wconf 86' lang='lat' dir='ltr'><strong>pro-</strong></span> 
     </span>
    </p>
   </div>
   <div class='ocr_carea' id='block_1_42' title="bbox 463 3886 2046 3956">
    <p class='ocr_par' dir='ltr' id='par_1_42' title="bbox 463 3886 2046 3956">
     <span class='ocr_line' id='line_1_42' title="bbox 463 3886 2046 3956; baseline 0.003 -17"><span class='ocrx_word' id='word_1_288' title='bbox 463 3900 582 3956; x_wconf 80' lang='lat' dir='ltr'><strong>pter</strong></span> <span class='ocrx_word' id='word_1_289' title='bbox 629 3888 956 3944; x_wconf 81' lang='lat' dir='ltr'><strong>Cliriswni?</strong></span> <span class='ocrx_word' id='word_1_290' title='bbox 1001 3886 1108 3941; x_wconf 86' lang='lat' dir='ltr'><strong>Pro</strong></span> <span class='ocrx_word' id='word_1_291' title='bbox 1148 3904 1212 3942; x_wconf 89' lang='lat' dir='ltr'><strong>eo</strong></span> <span class='ocrx_word' id='word_1_292' title='bbox 1262 3898 1772 3944; x_wconf 72' lang='grc' dir='ltr'><strong>ιιυιυιιι,ιοι·ιι;ριιιιι</strong></span> <span class='ocrx_word' id='word_1_293' title='bbox 1831 3897 2046 3944; x_wconf 90' lang='lat' dir='ltr'><strong>tantum</strong></span> 
     </span>
    </p>
   </div>
   <div class='ocr_carea' id='block_1_43' title="bbox 461 3981 2041 4049">
    <p class='ocr_par' dir='ltr' id='par_1_43' title="bbox 461 3981 2041 4049">
     <span class='ocr_line' id='line_1_43' title="bbox 461 3981 2041 4049; baseline 0.002 -15"><span class='ocrx_word' id='word_1_294' title='bbox 461 3981 620 4036; x_wconf 83' lang='lat' dir='ltr'><strong>abest</strong></span> <span class='ocrx_word' id='word_1_295' title='bbox 663 3989 723 4034; x_wconf 86' lang='lat' dir='ltr'><strong>ut</strong></span> <span class='ocrx_word' id='word_1_296' title='bbox 763 3981 1138 4042; x_wconf 82' lang='lat' dir='ltr'><strong>extimescam,</strong></span> <span class='ocrx_word' id='word_1_297' title='bbox 1178 3989 1238 4034; x_wconf 89' lang='lat' dir='ltr'><strong>ut</strong></span> <span class='ocrx_word' id='word_1_298' title='bbox 1275 3983 1440 4033; x_wconf 91' lang='lat' dir='ltr'><strong>ctiam</strong></span> <span class='ocrx_word' id='word_1_299' title='bbox 1482 3997 1740 4049; x_wconf 70' lang='lat' dir='ltr'><strong>tiiagnuiii</strong></span> <span class='ocrx_word' id='word_1_300' title='bbox 1782 3981 2041 4037; x_wconf 88' lang='lat' dir='ltr'><strong>damnum</strong></span> 
     </span>
    </p>
   </div>
   <div class='ocr_carea' id='block_1_44' title="bbox 460 4071 2043 4142">
    <p class='ocr_par' dir='ltr' id='par_1_44' title="bbox 460 4071 2043 4142">
     <span class='ocr_line' id='line_1_44' title="bbox 460 4071 2043 4142; baseline 0 -15"><span class='ocrx_word' id='word_1_301' title='bbox 460 4072 796 4133; x_wconf 74' lang='lat' dir='ltr'><strong>existimem,</strong></span> <span class='ocrx_word' id='word_1_302' title='bbox 848 4073 892 4126; x_wconf 92' lang='lat' dir='ltr'><strong>si</strong></span> <span class='ocrx_word' id='word_1_303' title='bbox 923 4087 1032 4124; x_wconf 91' lang='lat' dir='ltr'><strong>non</strong></span> <span class='ocrx_word' id='word_1_304' title='bbox 1084 4071 1195 4124; x_wconf 89' lang='lat' dir='ltr'><strong>sint</strong></span> <span class='ocrx_word' id='word_1_305' title='bbox 1231 4072 1383 4140; x_wconf 84' lang='lat' dir='ltr'><strong>plura</strong></span> <span class='ocrx_word' id='word_1_306' title='bbox 1431 4082 1486 4124; x_wconf 90' lang='lat' dir='ltr'><strong>et</strong></span> <span class='ocrx_word' id='word_1_307' title='bbox 1526 4074 1872 4142; x_wconf 75' lang='lat' dir='ltr'><strong>gravissima,</strong></span> <span class='ocrx_word' id='word_1_308' title='bbox 1906 4087 1960 4128; x_wconf 91' lang='lat' dir='ltr'><strong>ct</strong></span> <span class='ocrx_word' id='word_1_309' title='bbox 1988 4076 2043 4128; x_wconf 91' lang='lat' dir='ltr'><strong>in</strong></span> 
     </span>
    </p>
   </div>
   <div class='ocr_carea' id='block_1_45' title="bbox 461 4162 2042 4235">
    <p class='ocr_par' dir='ltr' id='par_1_45' title="bbox 461 4162 2042 4235">
     <span class='ocr_line' id='line_1_45' title="bbox 461 4162 2042 4235; baseline 0.002 -18"><span class='ocrx_word' id='word_1_310' title='bbox 461 4165 529 4218; x_wconf 84' lang='lat' dir='ltr'><strong>iis</strong></span> <span class='ocrx_word' id='word_1_311' title='bbox 583 4162 937 4218; x_wconf 86' lang='lat' dir='ltr'><strong>clementiam</strong></span> <span class='ocrx_word' id='word_1_312' title='bbox 980 4164 1176 4232; x_wconf 85' lang='lat' dir='ltr'><strong>quavis</strong></span> <span class='ocrx_word' id='word_1_313' title='bbox 1206 4163 1531 4218; x_wconf 79' lang='lat' dir='ltr'><strong>crudeLtate</strong></span> <span class='ocrx_word' id='word_1_314' title='bbox 1562 4168 1703 4219; x_wconf 81' lang='lat' dir='ltr'><strong>duco</strong></span> <span class='ocrx_word' id='word_1_315' title='bbox 1751 4181 1872 4220; x_wconf 88' lang='lat' dir='ltr'><strong>esse</strong></span> <span class='ocrx_word' id='word_1_316' title='bbox 1917 4182 2042 4235; x_wconf 72' lang='lat' dir='ltr'><strong>gra—</strong></span> 
     </span>
    </p>
   </div>
   <div class='ocr_carea' id='block_1_46' title="bbox 459 4256 2040 4328">
    <p class='ocr_par' dir='ltr' id='par_1_46' title="bbox 459 4256 2040 4328">
     <span class='ocr_line' id='line_1_46' title="bbox 459 4256 2040 4328; baseline 0.002 -18"><span class='ocrx_word' id='word_1_317' title='bbox 459 4259 691 4311; x_wconf 81' lang='lat' dir='ltr'><strong>viorem.</strong></span> <span class='ocrx_word' id='word_1_318' title='bbox 760 4256 1052 4328; x_wconf 70' lang='lat' dir='ltr'><strong>Egregium</strong></span> <span class='ocrx_word' id='word_1_319' title='bbox 1097 4265 1246 4310; x_wconf 85' lang='lat' dir='ltr'><strong>certe</strong></span> <span class='ocrx_word' id='word_1_320' title='bbox 1311 4257 1662 4322; x_wconf 83' lang='lat' dir='ltr'><strong>Antliimuin,</strong></span> <span class='ocrx_word' id='word_1_321' title='bbox 1716 4273 1828 4312; x_wconf 87' lang='lat' dir='ltr'><strong>non</strong></span> <span class='ocrx_word' id='word_1_322' title='bbox 1893 4269 1952 4312; x_wconf 92' lang='lat' dir='ltr'><strong>ut</strong></span> <span class='ocrx_word' id='word_1_323' title='bbox 1984 4269 2040 4314; x_wconf 92' lang='lat' dir='ltr'><strong>tu</strong></span> 
     </span>
    </p>
   </div>
   <div class='ocr_carea' id='block_1_47' title="bbox 458 4348 2039 4419">
    <p class='ocr_par' dir='ltr' id='par_1_47' title="bbox 458 4348 2039 4419">
     <span class='ocr_line' id='line_1_47' title="bbox 458 4348 2039 4419; baseline 0.001 -15"><span class='ocrx_word' id='word_1_324' title='bbox 458 4350 747 4414; x_wconf 84' lang='lat' dir='ltr'><strong>miserum,</strong></span> <span class='ocrx_word' id='word_1_325' title='bbox 797 4348 896 4403; x_wconf 87' lang='lat' dir='ltr'><strong>sed</strong></span> <span class='ocrx_word' id='word_1_326' title='bbox 951 4348 1108 4401; x_wconf 80' lang='lat' dir='ltr'><strong>valde</strong></span> <span class='ocrx_word' id='word_1_327' title='bbox 1168 4349 1334 4402; x_wconf 76' lang='lat' dir='ltr'><strong>etiam</strong></span> <span class='ocrx_word' id='word_1_328' title='bbox 1388 4349 1606 4404; x_wconf 88' lang='lat' dir='ltr'><strong>beatum</strong></span> <span class='ocrx_word' id='word_1_329' title='bbox 1653 4365 1776 4404; x_wconf 82' lang='lat' dir='ltr'><strong>esse</strong></span> <span class='ocrx_word' id='word_1_330' title='bbox 1825 4351 2039 4419; x_wconf 84' lang='lat' dir='ltr'><strong>judico,</strong></span> 
     </span>
    </p>
   </div>
   <div class='ocr_carea' id='block_1_48' title="bbox 456 4439 2036 4511">
    <p class='ocr_par' dir='ltr' id='par_1_48' title="bbox 456 4439 2036 4511">
     <span class='ocr_line' id='line_1_48' title="bbox 456 4439 2036 4511; baseline 0.003 -18"><span class='ocrx_word' id='word_1_331' title='bbox 456 4452 515 4496; x_wconf 78' lang='lat' dir='ltr'><strong>i-t</strong></span> <span class='ocrx_word' id='word_1_332' title='bbox 559 4441 679 4509; x_wconf 78' lang='lat' dir='ltr'><strong>ejus</strong></span> <span class='ocrx_word' id='word_1_333' title='bbox 729 4451 960 4494; x_wconf 81' lang='lat' dir='ltr'><strong>mortem</strong></span> <span class='ocrx_word' id='word_1_334' title='bbox 1009 4439 1183 4493; x_wconf 83' lang='lat' dir='ltr'><strong>cuivis</strong></span> <span class='ocrx_word' id='word_1_335' title='bbox 1246 4439 1366 4493; x_wconf 68' lang='lat' dir='ltr'><strong>vita:</strong></span> <span class='ocrx_word' id='word_1_336' title='bbox 1407 4441 1668 4510; x_wconf 68' lang='lat' dir='ltr'><strong>praefero,</strong></span> <span class='ocrx_word' id='word_1_337' title='bbox 1737 4445 1882 4511; x_wconf 87' lang='lat' dir='ltr'><strong>quod</strong></span> <span class='ocrx_word' id='word_1_338' title='bbox 1945 4443 2036 4497; x_wconf 82' lang='lat' dir='ltr'><strong>tali</strong></span> 
     </span>
    </p>
   </div>
   <div class='ocr_carea' id='block_1_49' title="bbox 2177 565 3771 644">
    <p class='ocr_par' dir='ltr' id='par_1_49' title="bbox 2177 565 3771 644">
     <span class='ocr_line' id='line_1_49' title="bbox 2177 565 3771 644; baseline 0.005 -26"><span class='ocrx_word' id='word_1_339' title='bbox 2177 567 2269 619; x_wconf 66' lang='grc' dir='ltr'>καὶ</span> <span class='ocrx_word' id='word_1_340' title='bbox 2291 565 2468 637; x_wconf 77' lang='grc' dir='ltr'>ψυχὴν</span> <span class='ocrx_word' id='word_1_341' title='bbox 2497 569 2592 620; x_wconf 71' lang='grc' dir='ltr'><strong>καὶ</strong></span> <span class='ocrx_word' id='word_1_342' title='bbox 2617 567 2876 632; x_wconf 85' lang='grc' dir='ltr'>ἀσεϐείας</span> <span class='ocrx_word' id='word_1_343' title='bbox 2903 570 3064 624; x_wconf 85' lang='grc' dir='ltr'>πάθει</span> <span class='ocrx_word' id='word_1_344' title='bbox 3093 573 3536 643; x_wconf 74' lang='grc' dir='ltr'>κατερῤαγμένοι</span> <span class='ocrx_word' id='word_1_345' title='bbox 3575 576 3636 627; x_wconf 67' lang='grc' dir='ltr'>τὸ</span> <span class='ocrx_word' id='word_1_346' title='bbox 3669 592 3771 644; x_wconf 60' lang='grc' dir='ltr'>γεω</span> 
     </span>
    </p>
   </div>
   <div class='ocr_carea' id='block_1_50' title="bbox 2174 657 3765 736">
    <p class='ocr_par' dir='ltr' id='par_1_50' title="bbox 2174 657 3765 736">
     <span class='ocr_line' id='line_1_50' title="bbox 2174 657 3765 736; baseline 0.005 -26"><span class='ocrx_word' id='word_1_347' title='bbox 2174 659 2330 726; x_wconf 72' lang='grc' dir='ltr'>γονὸς</span> <span class='ocrx_word' id='word_1_348' title='bbox 2362 657 2713 728; x_wconf 84' lang='grc' dir='ltr'>θεασάμενοι,</span> <span class='ocrx_word' id='word_1_349' title='bbox 2749 661 3059 732; x_wconf 80' lang='grc' dir='ltr'>ἀνέστησάν</span> <span class='ocrx_word' id='word_1_350' title='bbox 3095 679 3155 715; x_wconf 87' lang='grc' dir='ltr'><strong>τε</strong></span> <span class='ocrx_word' id='word_1_351' title='bbox 3197 667 3289 716; x_wconf 78' lang='grc' dir='ltr'><strong>καὶ</strong></span> <span class='ocrx_word' id='word_1_352' title='bbox 3327 664 3765 736; x_wconf 76' lang='grc' dir='ltr'>ἀνωρθώθησαν,</span> 
     </span>
    </p>
   </div>
   <div class='ocr_carea' id='block_1_51' title="bbox 2175 752 3766 827">
    <p class='ocr_par' dir='ltr' id='par_1_51' title="bbox 2175 752 3766 827">
     <span class='ocr_line' id='line_1_51' title="bbox 2175 752 3766 827; baseline 0.006 -23"><span class='ocrx_word' id='word_1_353' title='bbox 2175 752 2269 805; x_wconf 80' lang='grc' dir='ltr'><strong>καὶ</strong></span> <span class='ocrx_word' id='word_1_354' title='bbox 2315 753 2413 822; x_wconf 85' lang='grc' dir='ltr'>τῆς</span> <span class='ocrx_word' id='word_1_355' title='bbox 2470 755 2750 826; x_wconf 78' lang='grc' dir='ltr'><strong>προτέρας</strong></span> <span class='ocrx_word' id='word_1_356' title='bbox 2801 754 3011 826; x_wconf 77' lang='grc' dir='ltr'><strong>πλάνης</strong></span> <span class='ocrx_word' id='word_1_357' title='bbox 3046 756 3220 812; x_wconf 82' lang='grc' dir='ltr'>πολλὰ</span> <span class='ocrx_word' id='word_1_358' title='bbox 3271 760 3637 827; x_wconf 84' lang='grc' dir='ltr'>καταγνόντες</span> <span class='ocrx_word' id='word_1_359' title='bbox 3667 761 3766 814; x_wconf 87' lang='grc' dir='ltr'>τδν</span> 
     </span>
    </p>
   </div>
   <div class='ocr_carea' id='block_1_52' title="bbox 2173 841 3773 920">
    <p class='ocr_par' dir='ltr' id='par_1_52' title="bbox 2173 841 3773 920">
     <span class='ocr_line' id='line_1_52' title="bbox 2173 841 3773 920; baseline 0.008 -27"><span class='ocrx_word' id='word_1_360' title='bbox 2173 841 2380 911; x_wconf 76' lang='grc' dir='ltr'>ἀψευδῆ</span> <span class='ocrx_word' id='word_1_361' title='bbox 2442 841 2574 896; x_wconf 66' lang='grc' dir='ltr'>Θεὸν</span> <span class='ocrx_word' id='word_1_362' title='bbox 2617 844 3019 915; x_wconf 83' lang='grc' dir='ltr'>ἐσεϐάσθησαν.</span> <span class='ocrx_word' id='word_1_363' title='bbox 3058 846 3182 912; x_wconf 85' lang='grc' dir='ltr'><strong>Τοῖς</strong></span> <span class='ocrx_word' id='word_1_364' title='bbox 3242 853 3463 918; x_wconf 79' lang='grc' dir='ltr'>μιαροῖς</span> <span class='ocrx_word' id='word_1_365' title='bbox 3520 852 3619 920; x_wconf 83' lang='grc' dir='ltr'><strong>μὲν</strong></span> <span class='ocrx_word' id='word_1_366' title='bbox 3669 851 3773 905; x_wconf 73' lang='grc' dir='ltr'><strong>οὖν</strong></span> 
     </span>
    </p>
   </div>
   <div class='ocr_carea' id='block_1_53' title="bbox 2176 931 3764 1007">
    <p class='ocr_par' dir='ltr' id='par_1_53' title="bbox 2176 931 3764 1007">
     <span class='ocr_line' id='line_1_53' title="bbox 2176 931 3764 1007; baseline 0.005 -23"><span class='ocrx_word' id='word_1_367' title='bbox 2176 931 2382 1002; x_wconf 72' lang='grc' dir='ltr'>ἱερεῦσι</span> <span class='ocrx_word' id='word_1_368' title='bbox 2413 935 2508 985; x_wconf 76' lang='grc' dir='ltr'>καὶ</span> <span class='ocrx_word' id='word_1_369' title='bbox 2537 934 2774 997; x_wconf 69' lang='grc' dir='ltr'>ἀνιάτως</span> <span class='ocrx_word' id='word_1_370' title='bbox 2819 934 3038 1005; x_wconf 78' lang='grc' dir='ltr'>ἔχουσιν</span> <span class='ocrx_word' id='word_1_371' title='bbox 3073 939 3280 1007; x_wconf 85' lang='grc' dir='ltr'>ίατροίς</span> <span class='ocrx_word' id='word_1_372' title='bbox 3329 938 3764 994; x_wconf 80' lang='grc' dir='ltr'>ἐθελοκακοῦσιν</span> 
     </span>
    </p>
   </div>
   <div class='ocr_carea' id='block_1_54' title="bbox 2171 1025 3768 1096">
    <p class='ocr_par' dir='ltr' id='par_1_54' title="bbox 2171 1025 3768 1096">
     <span class='ocr_line' id='line_1_54' title="bbox 2171 1025 3768 1096; baseline 0.006 -21"><span class='ocrx_word' id='word_1_373' title='bbox 2171 1025 2270 1076; x_wconf 83' lang='grc' dir='ltr'><strong>οὐκ</strong></span> <span class='ocrx_word' id='word_1_374' title='bbox 2303 1025 2481 1076; x_wconf 72' lang='grc' dir='ltr'>εἰσεδυ</span> <span class='ocrx_word' id='word_1_375' title='bbox 2529 1026 2590 1078; x_wconf 82' lang='grc' dir='ltr'><strong>τὸ</strong></span> <span class='ocrx_word' id='word_1_376' title='bbox 2626 1027 2831 1094; x_wconf 73' lang='grc' dir='ltr'>φέγγος</span> <span class='ocrx_word' id='word_1_377' title='bbox 2859 1027 2958 1096; x_wconf 77' lang='grc' dir='ltr'>τῆς</span> <span class='ocrx_word' id='word_1_378' title='bbox 2987 1029 3293 1094; x_wconf 80' lang='grc' dir='ltr'>εὐσεϐείας,</span> <span class='ocrx_word' id='word_1_379' title='bbox 3318 1029 3457 1084; x_wconf 84' lang='grc' dir='ltr'><strong>άλλά</strong></span> <span class='ocrx_word' id='word_1_380' title='bbox 3481 1032 3768 1084; x_wconf 81' lang='grc' dir='ltr'>δυσαπαλ-</span> 
     </span>
    </p>
   </div>
   <div class='ocr_carea' id='block_1_55' title="bbox 2169 1112 3763 1190">
    <p class='ocr_par' dir='ltr' id='par_1_55' title="bbox 2169 1112 3763 1190">
     <span class='ocr_line' id='line_1_55' title="bbox 2169 1112 3763 1190; baseline 0.006 -22"><span class='ocrx_word' id='word_1_381' title='bbox 2169 1116 2383 1180; x_wconf 83' lang='grc' dir='ltr'>λάκτως</span> <span class='ocrx_word' id='word_1_382' title='bbox 2419 1112 2567 1187; x_wconf 78' lang='grc' dir='ltr'>εἶχον</span> <span class='ocrx_word' id='word_1_383' title='bbox 2623 1119 2733 1170; x_wconf 86' lang='grc' dir='ltr'><strong>τῶν</strong></span> <span class='ocrx_word' id='word_1_384' title='bbox 2770 1119 3082 1190; x_wconf 82' lang='grc' dir='ltr'><strong>μοχθηρῶν,</strong></span> <span class='ocrx_word' id='word_1_385' title='bbox 3112 1121 3189 1184; x_wconf 86' lang='grc' dir='ltr'><strong>ὼς</strong></span> <span class='ocrx_word' id='word_1_386' title='bbox 3235 1123 3301 1176; x_wconf 80' lang='grc' dir='ltr'>ἂν</span> <span class='ocrx_word' id='word_1_387' title='bbox 3335 1124 3430 1176; x_wconf 80' lang='grc' dir='ltr'>ἐπὶ</span> <span class='ocrx_word' id='word_1_388' title='bbox 3462 1123 3596 1176; x_wconf 79' lang='grc' dir='ltr'>πολὺ</span> <span class='ocrx_word' id='word_1_389' title='bbox 3628 1126 3763 1179; x_wconf 60' lang='grc' dir='ltr'>τού-</span> 
     </span>
    </p>
   </div>
   <div class='ocr_carea' id='block_1_56' title="bbox 2168 1209 3762 1288">
    <p class='ocr_par' dir='ltr' id='par_1_56' title="bbox 2168 1209 3762 1288">
     <span class='ocr_line' id='line_1_56' title="bbox 2168 1209 3762 1288; baseline 0.006 -26"><span class='ocrx_word' id='word_1_390' title='bbox 2168 1226 2295 1272; x_wconf 89' lang='grc' dir='ltr'>τους</span> <span class='ocrx_word' id='word_1_391' title='bbox 2323 1209 2751 1280; x_wconf 69' lang='grc' dir='ltr'><strong>συνειθισμένοι,</strong></span> <span class='ocrx_word' id='word_1_392' title='bbox 2778 1213 2899 1264; x_wconf 78' lang='grc' dir='ltr'>ὅθεν</span> <span class='ocrx_word' id='word_1_393' title='bbox 2928 1214 3023 1266; x_wconf 78' lang='grc' dir='ltr'><strong>καὶ</strong></span> <span class='ocrx_word' id='word_1_394' title='bbox 3054 1214 3130 1284; x_wconf 83' lang='grc' dir='ltr'><strong>τῷ</strong></span> <span class='ocrx_word' id='word_1_395' title='bbox 3155 1215 3485 1287; x_wconf 77' lang='grc' dir='ltr'>Μαξιμιανῷ</span> <span class='ocrx_word' id='word_1_396' title='bbox 3522 1218 3762 1288; x_wconf 79' lang='grc' dir='ltr'>προσειλ-</span> 
     </span>
    </p>
   </div>
   <div class='ocr_carea' id='block_1_57' title="bbox 2171 1301 3766 1380">
    <p class='ocr_par' dir='ltr' id='par_1_57' title="bbox 2171 1301 3766 1380">
     <span class='ocr_line' id='line_1_57' title="bbox 2171 1301 3766 1380; baseline 0.003 -24"><span class='ocrx_word' id='word_1_397' title='bbox 2171 1303 2376 1368; x_wconf 81' lang='grc' dir='ltr'>θόντες,</span> <span class='ocrx_word' id='word_1_398' title='bbox 2408 1301 2708 1372; x_wconf 75' lang='grc' dir='ltr'>ἐξώργιζον</span> <span class='ocrx_word' id='word_1_399' title='bbox 2736 1304 2902 1358; x_wconf 76' lang='grc' dir='ltr'>αὐτὸν</span> <span class='ocrx_word' id='word_1_400' title='bbox 2936 1307 3077 1358; x_wconf 86' lang='grc' dir='ltr'><strong>κατά</strong></span> <span class='ocrx_word' id='word_1_401' title='bbox 3109 1305 3202 1359; x_wconf 83' lang='grc' dir='ltr'>τοῦ</span> <span class='ocrx_word' id='word_1_402' title='bbox 3239 1308 3399 1376; x_wconf 81' lang='grc' dir='ltr'>ἁγίου</span> <span class='ocrx_word' id='word_1_403' title='bbox 3430 1309 3548 1374; x_wconf 81' lang='grc' dir='ltr'>καὶ,</span> <span class='ocrx_word' id='word_1_404' title='bbox 3571 1310 3630 1362; x_wconf 81' lang='lat' dir='ltr'><strong>Ei</strong></span> <span class='ocrx_word' id='word_1_405' title='bbox 3655 1310 3766 1380; x_wconf 80' lang='grc' dir='ltr'><strong>ζῇν</strong></span> 
     </span>
    </p>
   </div>
   <div class='ocr_carea' id='block_1_58' title="bbox 2168 1395 3766 1467">
    <p class='ocr_par' dir='ltr' id='par_1_58' title="bbox 2168 1395 3766 1467">
     <span class='ocr_line' id='line_1_58' title="bbox 2168 1395 3766 1467; baseline 0.004 -20"><span class='ocrx_word' id='word_1_406' title='bbox 2168 1395 2376 1447; x_wconf 82' lang='grc' dir='ltr'>ἐκεῖνον</span> <span class='ocrx_word' id='word_1_407' title='bbox 2402 1397 2604 1458; x_wconf 79' lang='grc' dir='ltr'><strong>ἐάσεις,</strong></span> <span class='ocrx_word' id='word_1_408' title='bbox 2640 1395 2845 1463; x_wconf 81' lang='grc' dir='ltr'>ἔλεγον,</span> <span class='ocrx_word' id='word_1_409' title='bbox 2884 1398 3094 1467; x_wconf 79' lang='grc' dir='ltr'>οἴχεταί</span> <span class='ocrx_word' id='word_1_410' title='bbox 3127 1415 3208 1450; x_wconf 86' lang='grc' dir='ltr'><strong>σοι</strong></span> <span class='ocrx_word' id='word_1_411' title='bbox 3239 1399 3378 1467; x_wconf 83' lang='grc' dir='ltr'>μετὰ</span> <span class='ocrx_word' id='word_1_412' title='bbox 3414 1403 3521 1452; x_wconf 82' lang='grc' dir='ltr'>τῶν</span> <span class='ocrx_word' id='word_1_413' title='bbox 3551 1399 3766 1454; x_wconf 75' lang='grc' dir='ltr'>θυσιῶν</span> 
     </span>
    </p>
   </div>
   <div class='ocr_carea' id='block_1_59' title="bbox 2167 1487 3760 1562">
    <p class='ocr_par' dir='ltr' id='par_1_59' title="bbox 2167 1487 3760 1562">
     <span class='ocr_line' id='line_1_59' title="bbox 2167 1487 3760 1562; baseline 0.002 -21"><span class='ocrx_word' id='word_1_414' title='bbox 2167 1489 2260 1541; x_wconf 72' lang='grc' dir='ltr'>καὶ</span> <span class='ocrx_word' id='word_1_415' title='bbox 2297 1489 2363 1542; x_wconf 79' lang='grc' dir='ltr'><strong>τά</strong></span> <span class='ocrx_word' id='word_1_416' title='bbox 2383 1487 2545 1554; x_wconf 81' lang='grc' dir='ltr'>θεῶν,</span> <span class='ocrx_word' id='word_1_417' title='bbox 2583 1489 2678 1541; x_wconf 70' lang='grc' dir='ltr'>καὶ</span> <span class='ocrx_word' id='word_1_418' title='bbox 2712 1488 2880 1558; x_wconf 80' lang='grc' dir='ltr'>μῦθος</span> <span class='ocrx_word' id='word_1_419' title='bbox 2910 1489 3173 1560; x_wconf 80' lang='grc' dir='ltr'>ἄντικρυς</span> <span class='ocrx_word' id='word_1_420' title='bbox 3213 1491 3355 1553; x_wconf 72' lang='grc' dir='ltr'>δόξει</span> <span class='ocrx_word' id='word_1_421' title='bbox 3386 1491 3655 1562; x_wconf 80' lang='grc' dir='ltr'>θρησκεία</span> <span class='ocrx_word' id='word_1_422' title='bbox 3694 1509 3760 1544; x_wconf 75' lang='grc' dir='ltr'>τι</span> 
     </span>
    </p>
   </div>
   <div class='ocr_carea' id='block_1_60' title="bbox 2167 1580 3755 1652">
    <p class='ocr_par' dir='ltr' id='par_1_60' title="bbox 2167 1580 3755 1652">
     <span class='ocr_line' id='line_1_60' title="bbox 2167 1580 3755 1652; baseline 0.004 -22"><span class='ocrx_word' id='word_1_423' title='bbox 2167 1581 2412 1650; x_wconf 73' lang='grc' dir='ltr'>ἡμετέρα</span> <span class='ocrx_word' id='word_1_424' title='bbox 2445 1582 2538 1631; x_wconf 74' lang='grc' dir='ltr'><strong>καὶ</strong></span> <span class='ocrx_word' id='word_1_425' title='bbox 2571 1580 2692 1649; x_wconf 86' lang='grc' dir='ltr'>ἱερά</span> <span class='ocrx_word' id='word_1_426' title='bbox 2725 1580 2907 1650; x_wconf 71' lang='grc' dir='ltr'>ὄργια,</span> <span class='ocrx_word' id='word_1_427' title='bbox 2943 1581 3264 1650; x_wconf 74' lang='grc' dir='ltr'>Χριστιανοὶ</span> <span class='ocrx_word' id='word_1_428' title='bbox 3291 1582 3346 1634; x_wconf 80' lang='grc' dir='ltr'><strong>δὲ</strong></span> <span class='ocrx_word' id='word_1_429' title='bbox 3386 1584 3556 1635; x_wconf 77' lang='grc' dir='ltr'>πλατὺ</span> <span class='ocrx_word' id='word_1_430' title='bbox 3584 1584 3755 1652; x_wconf 84' lang='grc' dir='ltr'>γελά-</span> 
     </span>
    </p>
   </div>
   <div class='ocr_carea' id='block_1_61' title="bbox 2167 1671 3757 1742">
    <p class='ocr_par' dir='ltr' id='par_1_61' title="bbox 2167 1671 3757 1742">
     <span class='ocr_line' id='line_1_61' title="bbox 2167 1671 3757 1742; baseline 0.004 -20"><span class='ocrx_word' id='word_1_431' title='bbox 2167 1687 2319 1723; x_wconf 82' lang='grc' dir='ltr'>σουσι</span> <span class='ocrx_word' id='word_1_432' title='bbox 2357 1671 2480 1723; x_wconf 76' lang='grc' dir='ltr'>καθ’</span> <span class='ocrx_word' id='word_1_433' title='bbox 2517 1672 2674 1741; x_wconf 83' lang='grc' dir='ltr'>ήμῶν</span> <span class='ocrx_word' id='word_1_434' title='bbox 2712 1674 2806 1724; x_wconf 79' lang='grc' dir='ltr'>καὶ</span> <span class='ocrx_word' id='word_1_435' title='bbox 2839 1671 3141 1742; x_wconf 74' lang='grc' dir='ltr'>ἰσχύσουσι,</span> <span class='ocrx_word' id='word_1_436' title='bbox 3179 1677 3274 1726; x_wconf 86' lang='grc' dir='ltr'><strong>καὶ</strong></span> <span class='ocrx_word' id='word_1_437' title='bbox 3315 1673 3603 1727; x_wconf 71' lang='grc' dir='ltr'>τάάὑτῶν</span> <span class='ocrx_word' id='word_1_438' title='bbox 3652 1677 3757 1729; x_wconf 70' lang='grc' dir='ltr'><strong>ἀν⁴</strong></span> 
     </span>
    </p>
   </div>
   <div class='ocr_carea' id='block_1_62' title="bbox 2166 1763 3758 1838">
    <p class='ocr_par' dir='ltr' id='par_1_62' title="bbox 2166 1763 3758 1838">
     <span class='ocr_line' id='line_1_62' title="bbox 2166 1763 3758 1838; baseline 0.002 -20"><span class='ocrx_word' id='word_1_439' title='bbox 2166 1765 2321 1834; x_wconf 83' lang='grc' dir='ltr'>θήσει</span> <span class='ocrx_word' id='word_1_440' title='bbox 2357 1763 2581 1835; x_wconf 77' lang='grc' dir='ltr'>μᾶλλον,</span> <span class='ocrx_word' id='word_1_441' title='bbox 2614 1766 2708 1817; x_wconf 83' lang='grc' dir='ltr'><strong>καὶ</strong></span> <span class='ocrx_word' id='word_1_442' title='bbox 2741 1766 2878 1818; x_wconf 78' lang='grc' dir='ltr'>πολὺ</span> <span class='ocrx_word' id='word_1_443' title='bbox 2941 1767 3096 1819; x_wconf 86' lang='grc' dir='ltr'>ἐσται</span> <span class='ocrx_word' id='word_1_444' title='bbox 3137 1766 3246 1818; x_wconf 80' lang='grc' dir='ltr'>τῶν</span> <span class='ocrx_word' id='word_1_445' title='bbox 3277 1769 3570 1838; x_wconf 79' lang='grc' dir='ltr'><strong>ἡμετέρων</strong></span> <span class='ocrx_word' id='word_1_446' title='bbox 3627 1771 3758 1822; x_wconf 80' lang='grc' dir='ltr'>ἐπι-</span> 
     </span>
    </p>
   </div>
   <div class='ocr_carea' id='block_1_63' title="bbox 2096 1839 3766 1930">
    <p class='ocr_par' dir='ltr' id='par_1_63' title="bbox 2096 1839 3766 1930">
     <span class='ocr_line' id='line_1_63' title="bbox 2096 1839 3766 1930; baseline 0.002 -19"><span class='ocrx_word' id='word_1_447' title='bbox 2096 1839 2135 1893; x_wconf 68' lang='lat' dir='ltr'>B</span> <span class='ocrx_word' id='word_1_448' title='bbox 2163 1859 2527 1928; x_wconf 77' lang='grc' dir='ltr'>κρατέστερα.</span> <span class='ocrx_word' id='word_1_449' title='bbox 2561 1858 2752 1911; x_wconf 82' lang='grc' dir='ltr'>Ταῦτα</span> <span class='ocrx_word' id='word_1_450' title='bbox 2801 1858 3076 1922; x_wconf 81' lang='grc' dir='ltr'><strong>εἰπόντες,</strong></span> <span class='ocrx_word' id='word_1_451' title='bbox 3105 1859 3402 1922; x_wconf 83' lang='grc' dir='ltr'>ἀκούοντος</span> <span class='ocrx_word' id='word_1_452' title='bbox 3432 1862 3624 1930; x_wconf 77' lang='grc' dir='ltr'>ἔτυχον</span> <span class='ocrx_word' id='word_1_453' title='bbox 3653 1853 3766 1914; x_wconf 63' lang='grc' dir='ltr'>καὶ</span> 
     </span>
    </p>
   </div>
   <div class='ocr_carea' id='block_1_64' title="bbox 2166 1950 3757 2021">
    <p class='ocr_par' dir='ltr' id='par_1_64' title="bbox 2166 1950 3757 2021">
     <span class='ocr_line' id='line_1_64' title="bbox 2166 1950 3757 2021; baseline 0.002 -18"><span class='ocrx_word' id='word_1_454' title='bbox 2166 1968 2234 2003; x_wconf 88' lang='grc' dir='ltr'><strong>πε</strong></span> <span class='ocrx_word' id='word_1_455' title='bbox 2264 1950 2495 2019; x_wconf 83' lang='grc' dir='ltr'>θομένου</span> <span class='ocrx_word' id='word_1_456' title='bbox 2525 1955 2638 2013; x_wconf 76' lang='grc' dir='ltr'>τοῖς</span> <span class='ocrx_word' id='word_1_457' title='bbox 2683 1951 3022 2021; x_wconf 80' lang='grc' dir='ltr'>λεγομένοις.</span> <span class='ocrx_word' id='word_1_458' title='bbox 3064 1953 3476 2006; x_wconf 82' lang='grc' dir='ltr'>Μετακαλεῖται</span> <span class='ocrx_word' id='word_1_459' title='bbox 3515 1955 3698 2007; x_wconf 73' lang='grc' dir='ltr'>τοίνυν</span> <span class='ocrx_word' id='word_1_460' title='bbox 3725 1953 3757 2006; x_wconf 80' lang='grc' dir='ltr'><strong>θ</strong></span> 
     </span>
    </p>
   </div>
   <div class='ocr_carea' id='block_1_65' title="bbox 2165 2042 3758 2114">
    <p class='ocr_par' dir='ltr' id='par_1_65' title="bbox 2165 2042 3758 2114">
     <span class='ocr_line' id='line_1_65' title="bbox 2165 2042 3758 2114; baseline 0.002 -18"><span class='ocrx_word' id='word_1_461' title='bbox 2165 2042 2423 2112; x_wconf 78' lang='grc' dir='ltr'>βασιλεὺς</span> <span class='ocrx_word' id='word_1_462' title='bbox 2468 2043 2559 2095; x_wconf 78' lang='grc' dir='ltr'>τὸν</span> <span class='ocrx_word' id='word_1_463' title='bbox 2591 2043 2962 2096; x_wconf 80' lang='grc' dir='ltr'>Παντολεοντα</span> <span class='ocrx_word' id='word_1_464' title='bbox 2992 2046 3086 2097; x_wconf 69' lang='grc' dir='ltr'><strong>καὶ</strong></span> <span class='ocrx_word' id='word_1_465' title='bbox 3124 2047 3288 2097; x_wconf 85' lang='grc' dir='ltr'>οἱονεὶ</span> <span class='ocrx_word' id='word_1_466' title='bbox 3331 2046 3525 2113; x_wconf 80' lang='grc' dir='ltr'>δέλεαρ</span> <span class='ocrx_word' id='word_1_467' title='bbox 3556 2050 3758 2114; x_wconf 57' lang='grc' dir='ltr'>φιλανθ</span> 
     </span>
    </p>
   </div>
   <div class='ocr_carea' id='block_1_66' title="bbox 2164 2131 3754 2206">
    <p class='ocr_par' dir='ltr' id='par_1_66' title="bbox 2164 2131 3754 2206">
     <span class='ocr_line' id='line_1_66' title="bbox 2164 2131 3754 2206; baseline 0.005 -22"><span class='ocrx_word' id='word_1_468' title='bbox 2164 2131 2414 2202; x_wconf 83' lang='grc' dir='ltr'>θρωπίας</span> <span class='ocrx_word' id='word_1_469' title='bbox 2453 2137 2553 2202; x_wconf 74' lang='grc' dir='ltr'><strong>την</strong></span> <span class='ocrx_word' id='word_1_470' title='bbox 2583 2134 2905 2202; x_wconf 65' lang='grc' dir='ltr'>παραίνεσιν</span> <span class='ocrx_word' id='word_1_471' title='bbox 2941 2134 3091 2204; x_wconf 79' lang='grc' dir='ltr'>αὐτῷ</span> <span class='ocrx_word' id='word_1_472' title='bbox 3130 2136 3456 2204; x_wconf 73' lang='grc' dir='ltr'>προτείνωνδ</span> <span class='ocrx_word' id='word_1_473' title='bbox 3486 2136 3754 2206; x_wconf 73' lang='grc' dir='ltr'>Πείσθητι</span> 
     </span>
    </p>
   </div>
   <div class='ocr_carea' id='block_1_67' title="bbox 2166 2227 3754 2298">
    <p class='ocr_par' dir='ltr' id='par_1_67' title="bbox 2166 2227 3754 2298">
     <span class='ocr_line' id='line_1_67' title="bbox 2166 2227 3754 2298; baseline 0.002 -21"><span class='ocrx_word' id='word_1_474' title='bbox 2166 2243 2280 2296; x_wconf 86' lang='grc' dir='ltr'>μοι,</span> <span class='ocrx_word' id='word_1_475' title='bbox 2312 2227 2486 2294; x_wconf 84' lang='grc' dir='ltr'>ἐλεγε,</span> <span class='ocrx_word' id='word_1_476' title='bbox 2520 2227 2850 2293; x_wconf 80' lang='grc' dir='ltr'>Παντόλεον,</span> <span class='ocrx_word' id='word_1_477' title='bbox 2885 2229 2980 2278; x_wconf 80' lang='grc' dir='ltr'><strong>καὶ</strong></span> <span class='ocrx_word' id='word_1_478' title='bbox 3015 2227 3207 2279; x_wconf 83' lang='grc' dir='ltr'>θυσίαν</span> <span class='ocrx_word' id='word_1_479' title='bbox 3246 2229 3582 2298; x_wconf 83' lang='grc' dir='ltr'>προσένεγκε</span> <span class='ocrx_word' id='word_1_480' title='bbox 3635 2232 3754 2293; x_wconf 84' lang='grc' dir='ltr'>τοῖς</span> 
     </span>
    </p>
   </div>
   <div class='ocr_carea' id='block_1_68' title="bbox 2163 2316 3763 2390">
    <p class='ocr_par' dir='ltr' id='par_1_68' title="bbox 2163 2316 3763 2390">
     <span class='ocr_line' id='line_1_68' title="bbox 2163 2316 3763 2390; baseline 0.003 -22"><span class='ocrx_word' id='word_1_481' title='bbox 2163 2317 2395 2386; x_wconf 86' lang='grc' dir='ltr'>θεοῖς·.ῆ</span> <span class='ocrx_word' id='word_1_482' title='bbox 2428 2319 2526 2386; x_wconf 76' lang='grc' dir='ltr'><strong>οὐχ</strong></span> <span class='ocrx_word' id='word_1_483' title='bbox 2553 2319 2712 2387; x_wconf 71' lang='grc' dir='ltr'>ὁρᾷς,</span> <span class='ocrx_word' id='word_1_484' title='bbox 2773 2317 2854 2370; x_wconf 81' lang='grc' dir='ltr'>ὃτι</span> <span class='ocrx_word' id='word_1_485' title='bbox 2892 2318 3008 2371; x_wconf 83' lang='grc' dir='ltr'>ὅσοι</span> <span class='ocrx_word' id='word_1_486' title='bbox 3041 2316 3202 2371; x_wconf 66' lang='grc' dir='ltr'>τοῦτο</span> <span class='ocrx_word' id='word_1_487' title='bbox 3234 2319 3458 2388; x_wconf 76' lang='grc' dir='ltr'>ποιῆσαι</span> <span class='ocrx_word' id='word_1_488' title='bbox 3511 2319 3763 2390; x_wconf 72' lang='grc' dir='ltr'>ἠπειθηά</span> 
     </span>
    </p>
   </div>
   <div class='ocr_carea' id='block_1_69' title="bbox 2163 2408 3756 2482">
    <p class='ocr_par' dir='ltr' id='par_1_69' title="bbox 2163 2408 3756 2482">
     <span class='ocr_line' id='line_1_69' title="bbox 2163 2408 3756 2482; baseline 0.002 -21"><span class='ocrx_word' id='word_1_489' title='bbox 2163 2425 2282 2475; x_wconf 91' lang='grc' dir='ltr'>σαν,</span> <span class='ocrx_word' id='word_1_490' title='bbox 2345 2408 2658 2480; x_wconf 77' lang='grc' dir='ltr'>βαρυτάτας</span> <span class='ocrx_word' id='word_1_491' title='bbox 2697 2409 2948 2473; x_wconf 74' lang='grc' dir='ltr'>κολάσεις</span> <span class='ocrx_word' id='word_1_492' title='bbox 2985 2413 3079 2463; x_wconf 73' lang='grc' dir='ltr'><strong>καὶ</strong></span> <span class='ocrx_word' id='word_1_493' title='bbox 3128 2410 3360 2464; x_wconf 85' lang='grc' dir='ltr'>θάνατον</span> <span class='ocrx_word' id='word_1_494' title='bbox 3420 2411 3580 2480; x_wconf 78' lang='grc' dir='ltr'>ἔσχον</span> <span class='ocrx_word' id='word_1_495' title='bbox 3645 2411 3756 2482; x_wconf 79' lang='grc' dir='ltr'>τῆς</span> 
     </span>
    </p>
   </div>
   <div class='ocr_carea' id='block_1_70' title="bbox 2161 2503 3755 2574">
    <p class='ocr_par' dir='ltr' id='par_1_70' title="bbox 2161 2503 3755 2574">
     <span class='ocr_line' id='line_1_70' title="bbox 2161 2503 3755 2574; baseline 0.001 -19"><span class='ocrx_word' id='word_1_496' title='bbox 2161 2503 2444 2565; x_wconf 82' lang='grc' dir='ltr'>ἀπειθείας</span> <span class='ocrx_word' id='word_1_497' title='bbox 2486 2504 2778 2568; x_wconf 82' lang='grc' dir='ltr'>άντίδοσιν;</span> <span class='ocrx_word' id='word_1_498' title='bbox 2815 2503 2911 2555; x_wconf 64' lang='lat' dir='ltr'><strong>ml.</strong></span> <span class='ocrx_word' id='word_1_499' title='bbox 2969 2505 3181 2574; x_wconf 83' lang='grc' dir='ltr'>μάρτυς</span> <span class='ocrx_word' id='word_1_500' title='bbox 3238 2503 3429 2556; x_wconf 81' lang='grc' dir='ltr'>τούτου</span> <span class='ocrx_word' id='word_1_501' title='bbox 3458 2505 3485 2556; x_wconf 81' lang='grc' dir='ltr'>ὁ</span> <span class='ocrx_word' id='word_1_502' title='bbox 3516 2503 3623 2573; x_wconf 85' lang='grc' dir='ltr'><strong>πρὸ</strong></span> <span class='ocrx_word' id='word_1_503' title='bbox 3653 2521 3755 2573; x_wconf 78' lang='grc' dir='ltr'>μι-</span> 
     </span>
    </p>
   </div>
   <div class='ocr_carea' id='block_1_71' title="bbox 2161 2595 3756 2667">
    <p class='ocr_par' dir='ltr' id='par_1_71' title="bbox 2161 2595 3756 2667">
     <span class='ocr_line' id='line_1_71' title="bbox 2161 2595 3756 2667; baseline -0.001 -18"><span class='ocrx_word' id='word_1_504' title='bbox 2161 2596 2298 2664; x_wconf 79' lang='grc' dir='ltr'>κροῦ</span> <span class='ocrx_word' id='word_1_505' title='bbox 2339 2595 2540 2658; x_wconf 79' lang='grc' dir='ltr'><strong>ἀθλίως</strong></span> <span class='ocrx_word' id='word_1_506' title='bbox 2595 2595 2691 2647; x_wconf 78' lang='grc' dir='ltr'><strong>τοῦ</strong></span> <span class='ocrx_word' id='word_1_507' title='bbox 2740 2596 2842 2666; x_wconf 77' lang='grc' dir='ltr'><strong>ζῇν</strong></span> <span class='ocrx_word' id='word_1_508' title='bbox 2894 2596 3234 2667; x_wconf 46' lang='lat' dir='ltr'><strong>nomine;</strong></span> <span class='ocrx_word' id='word_1_509' title='bbox 3272 2597 3592 2664; x_wconf 78' lang='grc' dir='ltr'>Ἀνθιμοςό</span> <span class='ocrx_word' id='word_1_510' title='bbox 3649 2595 3756 2662; x_wconf 72' lang='grc' dir='ltr'><strong>γέ-</strong></span> 
     </span>
    </p>
   </div>
   <div class='ocr_carea' id='block_1_72' title="bbox 2163 2687 3756 2760">
    <p class='ocr_par' dir='ltr' id='par_1_72' title="bbox 2163 2687 3756 2760">
     <span class='ocr_line' id='line_1_72' title="bbox 2163 2687 3756 2760; baseline 0.001 -19"><span class='ocrx_word' id='word_1_511' title='bbox 2163 2707 2294 2760; x_wconf 78' lang='grc' dir='ltr'>ρων.</span> <span class='ocrx_word' id='word_1_512' title='bbox 2335 2689 2475 2758; x_wconf 82' lang='grc' dir='ltr'>Ἐγὼ</span> <span class='ocrx_word' id='word_1_513' title='bbox 2504 2689 2562 2741; x_wconf 80' lang='grc' dir='ltr'><strong>δέ</strong></span> <span class='ocrx_word' id='word_1_514' title='bbox 2598 2707 2692 2741; x_wconf 89' lang='grc' dir='ltr'><strong>σου</strong></span> <span class='ocrx_word' id='word_1_515' title='bbox 2725 2691 2962 2758; x_wconf 76' lang='grc' dir='ltr'>κηδομαι</span> <span class='ocrx_word' id='word_1_516' title='bbox 2997 2690 3096 2758; x_wconf 78' lang='grc' dir='ltr'><strong>τῆς</strong></span> <span class='ocrx_word' id='word_1_517' title='bbox 3129 2691 3382 2759; x_wconf 78' lang='grc' dir='ltr'>νεότητος</span> <span class='ocrx_word' id='word_1_518' title='bbox 3406 2690 3502 2741; x_wconf 77' lang='grc' dir='ltr'>καὶ</span> <span class='ocrx_word' id='word_1_519' title='bbox 3526 2689 3588 2741; x_wconf 79' lang='grc' dir='ltr'><strong>οὐ</strong></span> <span class='ocrx_word' id='word_1_520' title='bbox 3617 2687 3756 2758; x_wconf 57' lang='lat'><strong>$06-</strong></span> 
     </span>
    </p>
   </div>
   <div class='ocr_carea' id='block_1_73' title="bbox 2159 2780 3758 2851">
    <p class='ocr_par' dir='ltr' id='par_1_73' title="bbox 2159 2780 3758 2851">
     <span class='ocr_line' id='line_1_73' title="bbox 2159 2780 3758 2851; baseline 0 -17"><span class='ocrx_word' id='word_1_521' title='bbox 2159 2782 2321 2850; x_wconf 80' lang='grc' dir='ltr'>λομαι</span> <span class='ocrx_word' id='word_1_522' title='bbox 2361 2782 2532 2842; x_wconf 69' lang='grc' dir='ltr'>οὕτως</span> <span class='ocrx_word' id='word_1_523' title='bbox 2564 2780 2750 2843; x_wconf 80' lang='grc' dir='ltr'>κακῶς</span> <span class='ocrx_word' id='word_1_524' title='bbox 2787 2781 3107 2836; x_wconf 79' lang='grc' dir='ltr'>ἀπολέσθαι.</span> <span class='ocrx_word' id='word_1_525' title='bbox 3150 2781 3290 2834; x_wconf 87' lang='grc' dir='ltr'>Ἰσθι</span> <span class='ocrx_word' id='word_1_526' title='bbox 3331 2785 3462 2851; x_wconf 86' lang='grc' dir='ltr'>γάρ,</span> <span class='ocrx_word' id='word_1_527' title='bbox 3489 2781 3571 2834; x_wconf 68' lang='grc' dir='ltr'><strong>ὅτι</strong></span> <span class='ocrx_word' id='word_1_528' title='bbox 3617 2780 3758 2834; x_wconf 78' lang='grc' dir='ltr'>πολ-</span> 
     </span>
    </p>
   </div>
   <div class='ocr_carea' id='block_1_74' title="bbox 2159 2872 3748 2944">
    <p class='ocr_par' dir='ltr' id='par_1_74' title="bbox 2159 2872 3748 2944">
     <span class='ocr_line' id='line_1_74' title="bbox 2159 2872 3748 2944; baseline 0.001 -20"><span class='ocrx_word' id='word_1_529' title='bbox 2159 2873 2246 2925; x_wconf 83' lang='grc' dir='ltr'><strong>λαί</strong></span> <span class='ocrx_word' id='word_1_530' title='bbox 2283 2889 2343 2924; x_wconf 86' lang='grc' dir='ltr'><strong>σε</strong></span> <span class='ocrx_word' id='word_1_531' title='bbox 2383 2874 2479 2924; x_wconf 75' lang='grc' dir='ltr'><strong>καὶ</strong></span> <span class='ocrx_word' id='word_1_532' title='bbox 2540 2873 2774 2942; x_wconf 65' lang='grc' dir='ltr'>χαλεπαὶ</span> <span class='ocrx_word' id='word_1_533' title='bbox 2810 2873 3140 2936; x_wconf 72' lang='grc' dir='ltr'>διαδέξονται</span> <span class='ocrx_word' id='word_1_534' title='bbox 3201 2873 3424 2944; x_wconf 81' lang='grc' dir='ltr'>βάσανοι</span> <span class='ocrx_word' id='word_1_535' title='bbox 3483 2872 3584 2944; x_wconf 76' lang='grc' dir='ltr'><strong>τῆς</strong></span> <span class='ocrx_word' id='word_1_536' title='bbox 3642 2874 3748 2926; x_wconf 80' lang='grc' dir='ltr'>αὑ-</span> 
     </span>
    </p>
   </div>
   <div class='ocr_carea' id='block_1_75' title="bbox 2156 2962 2889 3033">
    <p class='ocr_par' dir='ltr' id='par_1_75' title="bbox 2156 2962 2889 3033">
     <span class='ocr_line' id='line_1_75' title="bbox 2156 2962 2889 3033; baseline -0.001 -18"><span class='ocrx_word' id='word_1_537' title='bbox 2156 2962 2259 3032; x_wconf 79' lang='grc' dir='ltr'>τῆς</span> <span class='ocrx_word' id='word_1_538' title='bbox 2295 2963 2556 3033; x_wconf 82' lang='grc' dir='ltr'>ἐχόμενον</span> <span class='ocrx_word' id='word_1_539' title='bbox 2582 2962 2889 3026; x_wconf 86' lang='grc' dir='ltr'>ἀπειθείας.</span> 
     </span>
    </p>
   </div>
   <div class='ocr_carea' id='block_1_76' title="bbox 2227 3145 3749 3219">
    <p class='ocr_par' dir='ltr' id='par_1_76' title="bbox 2227 3145 3749 3219">
     <span class='ocr_line' id='line_1_76' title="bbox 2227 3145 3749 3219; baseline 0.024 -21"><span class='ocrx_word' id='word_1_540' title='bbox 2227 3146 2352 3212; x_wconf 61' lang='grc' dir='ltr'><strong>ἶς’.</strong></span> <span class='ocrx_word' id='word_1_541' title='bbox 2377 3146 2484 3199; x_wconf 71' lang='grc' dir='ltr'>Καὶ</span> <span class='ocrx_word' id='word_1_542' title='bbox 2508 3145 2531 3197; x_wconf 69' lang='grc' dir='ltr'><strong>οξ</strong></span> <span class='ocrx_word' id='word_1_543' title='bbox 2557 3145 2879 3199; x_wconf 84' lang='grc' dir='ltr'>Παντολέων</span> <span class='ocrx_word' id='word_1_544' title='bbox 2895 3145 2994 3208; x_wconf 81' lang='grc' dir='ltr'>τὰς</span> <span class='ocrx_word' id='word_1_545' title='bbox 3026 3146 3125 3216; x_wconf 74' lang='grc' dir='ltr'><strong>μὲν</strong></span> <span class='ocrx_word' id='word_1_546' title='bbox 3155 3149 3510 3218; x_wconf 61' lang='grc' dir='ltr'><strong>παρωνέσεις</strong></span> <span class='ocrx_word' id='word_1_547' title='bbox 3532 3148 3607 3212; x_wconf 53' lang='grc' dir='ltr'><strong>ὡς</strong></span> <span class='ocrx_word' id='word_1_548' title='bbox 3639 3165 3749 3219; x_wconf 67' lang='grc' dir='ltr'><strong>φ²’</strong></span> 
     </span>
    </p>
   </div>
   <div class='ocr_carea' id='block_1_77' title="bbox 2154 3238 3749 3309">
    <p class='ocr_par' dir='ltr' id='par_1_77' title="bbox 2154 3238 3749 3309">
     <span class='ocr_line' id='line_1_77' title="bbox 2154 3238 3749 3309; baseline 0.004 -21"><span class='ocrx_word' id='word_1_549' title='bbox 2154 3241 2318 3309; x_wconf 73' lang='grc' dir='ltr'>νερὰν</span> <span class='ocrx_word' id='word_1_550' title='bbox 2352 3239 2568 3307; x_wconf 88' lang='grc' dir='ltr'>ἀπάτην</span> <span class='ocrx_word' id='word_1_551' title='bbox 2597 3238 2884 3300; x_wconf 81' lang='grc' dir='ltr'>ἐκκλίνων,</span> <span class='ocrx_word' id='word_1_552' title='bbox 2915 3240 3014 3300; x_wconf 87' lang='grc' dir='ltr'><strong>τάς</strong></span> <span class='ocrx_word' id='word_1_553' title='bbox 3042 3239 3271 3298; x_wconf 83' lang='grc' dir='ltr'>ἀπειλάς</span> <span class='ocrx_word' id='word_1_554' title='bbox 3300 3241 3355 3292; x_wconf 83' lang='grc' dir='ltr'><strong>δὲ</strong></span> <span class='ocrx_word' id='word_1_555' title='bbox 3385 3240 3461 3303; x_wconf 80' lang='grc' dir='ltr'><strong>ὡς</strong></span> <span class='ocrx_word' id='word_1_556' title='bbox 3513 3241 3749 3295; x_wconf 78' lang='grc' dir='ltr'>ἀσθενε·</span> 
     </span>
    </p>
   </div>
   <div class='ocr_carea' id='block_1_78' title="bbox 2155 3331 3753 3404">
    <p class='ocr_par' dir='ltr' id='par_1_78' title="bbox 2155 3331 3753 3404">
     <span class='ocr_line' id='line_1_78' title="bbox 2155 3331 3753 3404; baseline 0.004 -22"><span class='ocrx_word' id='word_1_557' title='bbox 2155 3333 2351 3398; x_wconf 80' lang='grc' dir='ltr'>στέρας</span> <span class='ocrx_word' id='word_1_558' title='bbox 2382 3333 2478 3383; x_wconf 72' lang='grc' dir='ltr'><strong>καὶ</strong></span> <span class='ocrx_word' id='word_1_559' title='bbox 2531 3331 2828 3399; x_wconf 75' lang='grc' dir='ltr'>ὀνειράτων</span> <span class='ocrx_word' id='word_1_560' title='bbox 2868 3332 3238 3402; x_wconf 60' lang='grc' dir='ltr'>περιφρονῶν</span> <span class='ocrx_word' id='word_1_561' title='bbox 3273 3333 3425 3401; x_wconf 76' lang='grc' dir='ltr'>Μηδὲ</span> <span class='ocrx_word' id='word_1_562' title='bbox 3471 3335 3753 3404; x_wconf 61' lang='grc' dir='ltr'>παραινέω</span> 
     </span>
    </p>
   </div>
   <div class='ocr_carea' id='block_1_79' title="bbox 2153 3421 3753 3498">
    <p class='ocr_par' dir='ltr' id='par_1_79' title="bbox 2153 3421 3753 3498">
     <span class='ocr_line' id='line_1_79' title="bbox 2153 3421 3753 3498; baseline 0.003 -24"><span class='ocrx_word' id='word_1_563' title='bbox 2153 3439 2321 3484; x_wconf 85' lang='grc' dir='ltr'>σεσιν,</span> <span class='ocrx_word' id='word_1_564' title='bbox 2344 3421 2734 3492; x_wconf 63' lang='grc' dir='ltr'>ξφη,βασιλεῦ,</span> <span class='ocrx_word' id='word_1_565' title='bbox 2761 3423 2874 3474; x_wconf 78' lang='grc' dir='ltr'>οἴου</span> <span class='ocrx_word' id='word_1_566' title='bbox 2908 3441 2976 3492; x_wconf 88' lang='grc' dir='ltr'><strong>με</strong></span> <span class='ocrx_word' id='word_1_567' title='bbox 3009 3424 3248 3489; x_wconf 60' lang='grc' dir='ltr'>πείσειν,</span> <span class='ocrx_word' id='word_1_568' title='bbox 3283 3432 3418 3494; x_wconf 81' lang='grc' dir='ltr'>μήτε</span> <span class='ocrx_word' id='word_1_569' title='bbox 3453 3426 3753 3498; x_wconf 73' lang='grc' dir='ltr'>κλταπλή-</span> 
     </span>
    </p>
   </div>
   <div class='ocr_carea' id='block_1_80' title="bbox 2155 3514 3754 3587">
    <p class='ocr_par' dir='ltr' id='par_1_80' title="bbox 2155 3514 3754 3587">
     <span class='ocr_line' id='line_1_80' title="bbox 2155 3514 3754 3587; baseline 0.008 -24"><span class='ocrx_word' id='word_1_570' title='bbox 2155 3514 2268 3578; x_wconf 82' lang='grc' dir='ltr'>ξειν</span> <span class='ocrx_word' id='word_1_571' title='bbox 2294 3517 2410 3576; x_wconf 87' lang='grc' dir='ltr'>ταῖς</span> <span class='ocrx_word' id='word_1_572' title='bbox 2437 3515 2712 3577; x_wconf 76' lang='grc' dir='ltr'>ἀπειλαῖς.</span> <span class='ocrx_word' id='word_1_573' title='bbox 2737 3517 2804 3568; x_wconf 85' lang='grc' dir='ltr'>Τί</span> <span class='ocrx_word' id='word_1_574' title='bbox 2831 3518 2939 3587; x_wconf 74' lang='grc' dir='ltr'>γὰρ</span> <span class='ocrx_word' id='word_1_575' title='bbox 2969 3518 3000 3582; x_wconf 75' lang='grc' dir='ltr'>ἢ</span> <span class='ocrx_word' id='word_1_576' title='bbox 3029 3519 3136 3568; x_wconf 81' lang='grc' dir='ltr'><strong>τῶν</strong></span> <span class='ocrx_word' id='word_1_577' title='bbox 3157 3517 3252 3569; x_wconf 76' lang='grc' dir='ltr'>τοῦ</span> <span class='ocrx_word' id='word_1_578' title='bbox 3281 3519 3492 3584; x_wconf 79' lang='grc' dir='ltr'>κόσμου</span> <span class='ocrx_word' id='word_1_579' title='bbox 3513 3520 3754 3586; x_wconf 73' lang='grc' dir='ltr'>ἀγαθῶν</span> 
     </span>
    </p>
   </div>
   <div class='ocr_carea' id='block_1_81' title="bbox 2151 3605 3749 3678">
    <p class='ocr_par' dir='ltr' id='par_1_81' title="bbox 2151 3605 3749 3678">
     <span class='ocr_line' id='line_1_81' title="bbox 2151 3605 3749 3678; baseline 0.004 -22"><span class='ocrx_word' id='word_1_580' title='bbox 2151 3605 2457 3675; x_wconf 72' lang='grc' dir='ltr'>αἱρήσει,ἢ</span> <span class='ocrx_word' id='word_1_581' title='bbox 2508 3607 2615 3656; x_wconf 75' lang='grc' dir='ltr'>τῶν</span> <span class='ocrx_word' id='word_1_582' title='bbox 2648 3607 2896 3674; x_wconf 77' lang='grc' dir='ltr'>φοϐερῶν</span> <span class='ocrx_word' id='word_1_583' title='bbox 2927 3607 3191 3672; x_wconf 76' lang='grc' dir='ltr'>δεδίξεται</span> <span class='ocrx_word' id='word_1_584' title='bbox 3240 3607 3335 3658; x_wconf 80' lang='grc' dir='ltr'><strong>τὸν</strong></span> <span class='ocrx_word' id='word_1_585' title='bbox 3389 3611 3487 3678; x_wconf 71' lang='grc' dir='ltr'>οὐχ</span> <span class='ocrx_word' id='word_1_586' title='bbox 3544 3609 3749 3671; x_wconf 81' lang='grc' dir='ltr'>ἁπλῶς</span> 
     </span>
    </p>
   </div>
   <div class='ocr_carea' id='block_1_82' title="bbox 2150 3697 3752 3772">
    <p class='ocr_par' dir='ltr' id='par_1_82' title="bbox 2150 3697 3752 3772">
     <span class='ocr_line' id='line_1_82' title="bbox 2150 3697 3752 3772; baseline 0.006 -24"><span class='ocrx_word' id='word_1_587' title='bbox 2150 3697 2388 3749; x_wconf 85' lang='grc' dir='ltr'>θανάτου</span> <span class='ocrx_word' id='word_1_588' title='bbox 2425 3699 2898 3768; x_wconf 74' lang='grc' dir='ltr'>καταφρονοῦντα,</span> <span class='ocrx_word' id='word_1_589' title='bbox 2933 3701 3071 3752; x_wconf 76' lang='grc' dir='ltr'>ἀλλὰ</span> <span class='ocrx_word' id='word_1_590' title='bbox 3112 3704 3203 3753; x_wconf 77' lang='grc' dir='ltr'><strong>καὶ</strong></span> <span class='ocrx_word' id='word_1_591' title='bbox 3237 3702 3511 3772; x_wconf 75' lang='grc' dir='ltr'>μακάριον</span> <span class='ocrx_word' id='word_1_592' title='bbox 3539 3703 3752 3758; x_wconf 73' lang='grc' dir='ltr'>τοῦτον</span> 
     </span>
    </p>
   </div>
   <div class='ocr_carea' id='block_1_83' title="bbox 2149 3789 3744 3864">
    <p class='ocr_par' dir='ltr' id='par_1_83' title="bbox 2149 3789 3744 3864">
     <span class='ocr_line' id='line_1_83' title="bbox 2149 3789 3744 3864; baseline 0.005 -22"><span class='ocrx_word' id='word_1_593' title='bbox 2149 3792 2244 3842; x_wconf 69' lang='grc' dir='ltr'>καὶ</span> <span class='ocrx_word' id='word_1_594' title='bbox 2273 3791 2539 3860; x_wconf 63' lang='grc' dir='ltr'>ἐράσμιον</span> <span class='ocrx_word' id='word_1_595' title='bbox 2572 3789 2713 3843; x_wconf 79' lang='grc' dir='ltr'>εἶναι</span> <span class='ocrx_word' id='word_1_596' title='bbox 2749 3792 2839 3845; x_wconf 78' lang='grc' dir='ltr'><strong>διὰ</strong></span> <span class='ocrx_word' id='word_1_597' title='bbox 2877 3791 3113 3862; x_wconf 72' lang='grc' dir='ltr'>Χριστὸν</span> <span class='ocrx_word' id='word_1_598' title='bbox 3141 3794 3519 3864; x_wconf 71' lang='grc' dir='ltr'>λογιζόμενονς</span> <span class='ocrx_word' id='word_1_599' title='bbox 3555 3797 3655 3858; x_wconf 81' lang='grc' dir='ltr'><strong>τάς</strong></span> <span class='ocrx_word' id='word_1_600' title='bbox 3675 3797 3744 3850; x_wconf 72' lang='grc' dir='ltr'>δὲ</span> 
     </span>
    </p>
   </div>
   <div class='ocr_carea' id='block_1_84' title="bbox 2148 3882 3749 3958">
    <p class='ocr_par' dir='ltr' id='par_1_84' title="bbox 2148 3882 3749 3958">
     <span class='ocr_line' id='line_1_84' title="bbox 2148 3882 3749 3958; baseline 0.004 -25"><span class='ocrx_word' id='word_1_601' title='bbox 2148 3882 2290 3951; x_wconf 81' lang='grc' dir='ltr'>ὑπὲρ</span> <span class='ocrx_word' id='word_1_602' title='bbox 2321 3883 2486 3934; x_wconf 78' lang='grc' dir='ltr'>αὑτοῦ</span> <span class='ocrx_word' id='word_1_603' title='bbox 2542 3882 2809 3952; x_wconf 79' lang='grc' dir='ltr'>βασάνους</span> <span class='ocrx_word' id='word_1_604' title='bbox 2864 3885 3120 3938; x_wconf 74' lang='grc' dir='ltr'>τοσοῦτον</span> <span class='ocrx_word' id='word_1_605' title='bbox 3169 3889 3361 3958; x_wconf 85' lang='grc' dir='ltr'>ἀπέχω</span> <span class='ocrx_word' id='word_1_606' title='bbox 3408 3889 3749 3958; x_wconf 60' lang='grc' dir='ltr'>δεδοικέναι,</span> 
     </span>
    </p>
   </div>
   <div class='ocr_carea' id='block_1_85' title="bbox 2147 3972 3742 4051">
    <p class='ocr_par' dir='ltr' id='par_1_85' title="bbox 2147 3972 3742 4051">
     <span class='ocr_line' id='line_1_85' title="bbox 2147 3972 3742 4051; baseline 0.006 -27"><span class='ocrx_word' id='word_1_607' title='bbox 2147 3972 2290 4025; x_wconf 84' lang='grc' dir='ltr'>ὥστε</span> <span class='ocrx_word' id='word_1_608' title='bbox 2318 3975 2411 4026; x_wconf 75' lang='grc' dir='ltr'><strong>καὶ</strong></span> <span class='ocrx_word' id='word_1_609' title='bbox 2448 3976 2655 4044; x_wconf 77' lang='grc' dir='ltr'>ζημίαν</span> <span class='ocrx_word' id='word_1_610' title='bbox 2707 3977 2768 4028; x_wconf 82' lang='grc' dir='ltr'><strong>οὐ</strong></span> <span class='ocrx_word' id='word_1_611' title='bbox 2807 3981 3014 4047; x_wconf 78' lang='grc' dir='ltr'>μικράν</span> <span class='ocrx_word' id='word_1_612' title='bbox 3048 3979 3285 4049; x_wconf 72' lang='grc' dir='ltr'>ἥγημαι,</span> <span class='ocrx_word' id='word_1_613' title='bbox 3325 3982 3374 4032; x_wconf 83' lang='grc' dir='ltr'><strong>εί</strong></span> <span class='ocrx_word' id='word_1_614' title='bbox 3407 3982 3482 4051; x_wconf 82' lang='grc' dir='ltr'>μὴ</span> <span class='ocrx_word' id='word_1_615' title='bbox 3513 3982 3742 4045; x_wconf 82' lang='grc' dir='ltr'>πλείους</span> 
     </span>
    </p>
   </div>
   <div class='ocr_carea' id='block_1_86' title="bbox 2147 4065 3751 4144">
    <p class='ocr_par' dir='ltr' id='par_1_86' title="bbox 2147 4065 3751 4144">
     <span class='ocr_line' id='line_1_86' title="bbox 2147 4065 3751 4144; baseline 0.007 -26"><span class='ocrx_word' id='word_1_616' title='bbox 2147 4065 2260 4120; x_wconf 84' lang='grc' dir='ltr'>εἷεν</span> <span class='ocrx_word' id='word_1_617' title='bbox 2287 4069 2379 4120; x_wconf 74' lang='grc' dir='ltr'><strong>καὶ</strong></span> <span class='ocrx_word' id='word_1_618' title='bbox 2409 4069 2795 4138; x_wconf 76' lang='grc' dir='ltr'>χαλεπώταται</span> <span class='ocrx_word' id='word_1_619' title='bbox 2856 4072 2951 4124; x_wconf 75' lang='grc' dir='ltr'>καὶ</span> <span class='ocrx_word' id='word_1_620' title='bbox 2989 4073 3087 4141; x_wconf 74' lang='grc' dir='ltr'>τὴν</span> <span class='ocrx_word' id='word_1_621' title='bbox 3133 4078 3262 4144; x_wconf 74' lang='grc' dir='ltr'>περὶ</span> <span class='ocrx_word' id='word_1_622' title='bbox 3302 4077 3503 4138; x_wconf 76' lang='grc' dir='ltr'>ταυτας</span> <span class='ocrx_word' id='word_1_623' title='bbox 3538 4077 3751 4144; x_wconf 77' lang='grc' dir='ltr'>φιλαν-</span> 
     </span>
    </p>
   </div>
   <div class='ocr_carea' id='block_1_87' title="bbox 2147 4161 3742 4240">
    <p class='ocr_par' dir='ltr' id='par_1_87' title="bbox 2147 4161 3742 4240">
     <span class='ocr_line' id='line_1_87' title="bbox 2147 4161 3742 4240; baseline 0.007 -29"><span class='ocrx_word' id='word_1_624' title='bbox 2147 4161 2398 4230; x_wconf 89' lang='grc' dir='ltr'>θρωπίαν</span> <span class='ocrx_word' id='word_1_625' title='bbox 2426 4164 2608 4231; x_wconf 80' lang='grc' dir='ltr'>πάσης</span> <span class='ocrx_word' id='word_1_626' title='bbox 2633 4163 2922 4234; x_wconf 79' lang='grc' dir='ltr'>ὠμότητος</span> <span class='ocrx_word' id='word_1_627' title='bbox 2953 4165 3178 4236; x_wconf 86' lang='grc' dir='ltr'>τίθεμαι</span> <span class='ocrx_word' id='word_1_628' title='bbox 3234 4168 3561 4239; x_wconf 74' lang='grc' dir='ltr'>βαρυτέραν*</span> <span class='ocrx_word' id='word_1_629' title='bbox 3591 4171 3742 4240; x_wconf 77' lang='grc' dir='ltr'>ἀμέ-</span> 
     </span>
    </p>
   </div>
   <div class='ocr_carea' id='block_1_88' title="bbox 2146 4252 3745 4332">
    <p class='ocr_par' dir='ltr' id='par_1_88' title="bbox 2146 4252 3745 4332">
     <span class='ocr_line' id='line_1_88' title="bbox 2146 4252 3745 4332; baseline 0.007 -27"><span class='ocrx_word' id='word_1_630' title='bbox 2146 4252 2227 4307; x_wconf 86' lang='grc' dir='ltr'><strong>λει</strong></span> <span class='ocrx_word' id='word_1_631' title='bbox 2279 4257 2378 4308; x_wconf 80' lang='grc' dir='ltr'>καὶ</span> <span class='ocrx_word' id='word_1_632' title='bbox 2436 4257 2703 4325; x_wconf 80' lang='grc' dir='ltr'>Ἀνθιμον</span> <span class='ocrx_word' id='word_1_633' title='bbox 2785 4259 2879 4312; x_wconf 83' lang='grc' dir='ltr'><strong>τὸν</strong></span> <span class='ocrx_word' id='word_1_634' title='bbox 2921 4260 3106 4326; x_wconf 81' lang='grc' dir='ltr'>καλὸν,</span> <span class='ocrx_word' id='word_1_635' title='bbox 3141 4262 3240 4332; x_wconf 82' lang='grc' dir='ltr'>οὐχ</span> <span class='ocrx_word' id='word_1_636' title='bbox 3287 4262 3363 4325; x_wconf 83' lang='grc' dir='ltr'>ὡς</span> <span class='ocrx_word' id='word_1_637' title='bbox 3419 4263 3485 4314; x_wconf 79' lang='grc' dir='ltr'><strong>σὺ</strong></span> <span class='ocrx_word' id='word_1_638' title='bbox 3521 4261 3745 4326; x_wconf 78' lang='grc' dir='ltr'>ἄθλιον..</span> 
     </span>
    </p>
   </div>
   <div class='ocr_carea' id='block_1_89' title="bbox 2146 4346 3734 4428">
    <p class='ocr_par' dir='ltr' id='par_1_89' title="bbox 2146 4346 3734 4428">
     <span class='ocr_line' id='line_1_89' title="bbox 2146 4346 3734 4428; baseline 0.008 -30"><span class='ocrx_word' id='word_1_639' title='bbox 2146 4346 2282 4399; x_wconf 60' lang='lat' dir='ltr'><strong>me</strong></span> <span class='ocrx_word' id='word_1_640' title='bbox 2319 4351 2412 4401; x_wconf 74' lang='grc' dir='ltr'><strong>καὶ</strong></span> <span class='ocrx_word' id='word_1_641' title='bbox 2453 4350 2660 4420; x_wconf 75' lang='grc' dir='ltr'>σφόδρα</span> <span class='ocrx_word' id='word_1_642' title='bbox 2694 4351 2969 4424; x_wconf 76' lang='grc' dir='ltr'>μακάριον</span> <span class='ocrx_word' id='word_1_643' title='bbox 2999 4351 3142 4407; x_wconf 54' lang='grc' dir='ltr'>εἶναι</span> <span class='ocrx_word' id='word_1_644' title='bbox 3165 4359 3337 4428; x_wconf 84' lang='grc' dir='ltr'>κρίνω</span> <span class='ocrx_word' id='word_1_645' title='bbox 3371 4357 3465 4409; x_wconf 82' lang='grc' dir='ltr'><strong>καὶ</strong></span> <span class='ocrx_word' id='word_1_646' title='bbox 3498 4357 3591 4409; x_wconf 73' lang='grc' dir='ltr'><strong>τὸν</strong></span> <span class='ocrx_word' id='word_1_647' title='bbox 3628 4359 3734 4410; x_wconf 65' lang='grc' dir='ltr'>αὐ-</span> 
     </span>
    </p>
   </div>
   <div class='ocr_carea' id='block_1_90' title="bbox 2144 4442 3744 4522">
    <p class='ocr_par' dir='ltr' id='par_1_90' title="bbox 2144 4442 3744 4522">
     <span class='ocr_line' id='line_1_90' title="bbox 2144 4442 3744 4522; baseline 0.006 -28"><span class='ocrx_word' id='word_1_648' title='bbox 2144 4443 2240 4494; x_wconf 82' lang='grc' dir='ltr'>τοῦ</span> <span class='ocrx_word' id='word_1_649' title='bbox 2281 4442 2510 4496; x_wconf 88' lang='grc' dir='ltr'>θάνατον</span> <span class='ocrx_word' id='word_1_650' title='bbox 2548 4444 2693 4514; x_wconf 74' lang='grc' dir='ltr'>ζωῆς</span> <span class='ocrx_word' id='word_1_651' title='bbox 2743 4449 3073 4518; x_wconf 86' lang='grc' dir='ltr'>προτίθεμαι</span> <span class='ocrx_word' id='word_1_652' title='bbox 3118 4451 3319 4521; x_wconf 71' lang='grc' dir='ltr'>πάσης,</span> <span class='ocrx_word' id='word_1_653' title='bbox 3373 4452 3456 4504; x_wconf 86' lang='grc' dir='ltr'>ὅτι</span> <span class='ocrx_word' id='word_1_654' title='bbox 3502 4450 3744 4522; x_wconf 73' lang='grc' dir='ltr'>το-;ούτφ</span> 
     </span>
    </p>
   </div>
   <div class='ocr_carea' id='block_1_91' title="bbox 455 4531 2048 4612">
    <p class='ocr_par' dir='ltr' id='par_1_91' title="bbox 455 4532 2030 4604">
     <span class='ocr_line' id='line_1_91' title="bbox 455 4532 2030 4604; baseline -0.001 -15"><span class='ocrx_word' id='word_1_655' title='bbox 455 4535 562 4590; x_wconf 75' lang='lat' dir='ltr'><strong>(itte</strong></span> <span class='ocrx_word' id='word_1_656' title='bbox 603 4533 765 4588; x_wconf 83' lang='lat' dir='ltr'><strong>talem</strong></span> <span class='ocrx_word' id='word_1_657' title='bbox 798 4532 1015 4586; x_wconf 83' lang='lat' dir='ltr'><strong>ornavit</strong></span> <span class='ocrx_word' id='word_1_658' title='bbox 1045 4539 1409 4604; x_wconf 84' lang='lat' dir='ltr'><strong>scitectuteiii,</strong></span> <span class='ocrx_word' id='word_1_659' title='bbox 1443 4540 1498 4585; x_wconf 88' lang='lat' dir='ltr'><strong>et</strong></span> <span class='ocrx_word' id='word_1_660' title='bbox 1531 4533 1752 4586; x_wconf 89' lang='lat' dir='ltr'><strong>canitiei</strong></span> <span class='ocrx_word' id='word_1_661' title='bbox 1785 4533 2030 4588; x_wconf 84' lang='lat' dir='ltr'><strong>alborem</strong></span> 
     </span>
    </p>
   </div>
   <div class='ocr_carea' id='block_1_92' title="bbox 2155 4531 3735 4612">
    <p class='ocr_par' dir='ltr' id='par_1_92' title="bbox 2155 4531 3735 4612">
     <span class='ocr_line' id='line_1_92' title="bbox 2155 4531 3735 4612; baseline 0.006 -28"><span class='ocrx_word' id='word_1_662' title='bbox 2155 4531 2288 4586; x_wconf 76' lang='grc' dir='ltr'>πέλει</span> <span class='ocrx_word' id='word_1_663' title='bbox 2319 4534 2379 4586; x_wconf 85' lang='grc' dir='ltr'><strong>τὸ</strong></span> <span class='ocrx_word' id='word_1_664' title='bbox 2411 4535 2610 4604; x_wconf 76' lang='grc' dir='ltr'>σεμνὸν</span> <span class='ocrx_word' id='word_1_665' title='bbox 2645 4537 2924 4606; x_wconf 77' lang='grc' dir='ltr'>ἐκόσμησε</span> <span class='ocrx_word' id='word_1_666' title='bbox 2951 4539 3123 4608; x_wconf 80' lang='grc' dir='ltr'>γῆρας</span> <span class='ocrx_word' id='word_1_667' title='bbox 3162 4540 3259 4592; x_wconf 82' lang='grc' dir='ltr'>καὶ</span> <span class='ocrx_word' id='word_1_668' title='bbox 3291 4542 3592 4612; x_wconf 83' lang='grc' dir='ltr'>λευκότητα</span> <span class='ocrx_word' id='word_1_669' title='bbox 3632 4557 3735 4594; x_wconf 80' lang='grc' dir='ltr'>πο-</span> 
     </span>
    </p>
   </div>
   <div class='ocr_carea' id='block_1_93' title="bbox 451 4622 2035 4698">
    <p class='ocr_par' dir='ltr' id='par_1_93' title="bbox 451 4622 2035 4698">
     <span class='ocr_line' id='line_1_93' title="bbox 451 4622 2035 4698; baseline 0.002 -19"><span class='ocrx_word' id='word_1_670' title='bbox 451 4624 718 4696; x_wconf 78' lang='lat' dir='ltr'><strong>sanguine</strong></span> <span class='ocrx_word' id='word_1_671' title='bbox 774 4622 1087 4678; x_wconf 81' lang='lat' dir='ltr'><strong>cruentavit</strong></span> <span class='ocrx_word' id='word_1_672' title='bbox 1144 4626 1414 4694; x_wconf 86' lang='lat' dir='ltr'><strong>martyrii.</strong></span> <span class='ocrx_word' id='word_1_673' title='bbox 1469 4623 1627 4690; x_wconf 85' lang='lat' dir='ltr'><strong>Quod</strong></span> <span class='ocrx_word' id='word_1_674' title='bbox 1667 4625 1712 4680; x_wconf 89' lang='lat' dir='ltr'><strong>si</strong></span> <span class='ocrx_word' id='word_1_675' title='bbox 1769 4627 1880 4692; x_wconf 90' lang='lat' dir='ltr'><strong>ille,</strong></span> <span class='ocrx_word' id='word_1_676' title='bbox 1940 4629 2035 4698; x_wconf 89' lang='lat' dir='ltr'><strong>qui</strong></span> 
     </span>
    </p>
   </div>
   <div class='ocr_carea' id='block_1_94' title="bbox 452 4716 2038 4787">
    <p class='ocr_par' dir='ltr' id='par_1_94' title="bbox 452 4716 2038 4787">
     <span class='ocr_line' id='line_1_94' title="bbox 452 4716 2038 4787; baseline 0.001 -14"><span class='ocrx_word' id='word_1_677' title='bbox 452 4725 572 4773; x_wconf 87' lang='lat' dir='ltr'><strong>erat</strong></span> <span class='ocrx_word' id='word_1_678' title='bbox 617 4725 727 4772; x_wconf 79' lang='lat' dir='ltr'><strong>tam</strong></span> <span class='ocrx_word' id='word_1_679' title='bbox 756 4725 1029 4787; x_wconf 71' lang='lat' dir='ltr'><strong>provectae</strong></span> <span class='ocrx_word' id='word_1_680' title='bbox 1058 4717 1260 4781; x_wconf 67' lang='lat' dir='ltr'><strong>aetatis,</strong></span> <span class='ocrx_word' id='word_1_681' title='bbox 1295 4717 1434 4771; x_wconf 83' lang='lat' dir='ltr'><strong>adeo</strong></span> <span class='ocrx_word' id='word_1_682' title='bbox 1467 4716 1665 4772; x_wconf 78' lang='lat' dir='ltr'><strong>fortem</strong></span> <span class='ocrx_word' id='word_1_683' title='bbox 1695 4726 1753 4773; x_wconf 91' lang='lat' dir='ltr'><strong>et</strong></span> <span class='ocrx_word' id='word_1_684' title='bbox 1777 4731 2038 4774; x_wconf 82' lang='lat' dir='ltr'><strong>constan-</strong></span> 
     </span>
    </p>
   </div>
   <div class='ocr_carea' id='block_1_95' title="bbox 451 4808 2032 4880">
    <p class='ocr_par' dir='ltr' id='par_1_95' title="bbox 451 4808 2032 4880">
     <span class='ocr_line' id='line_1_95' title="bbox 451 4808 2032 4880; baseline 0.004 -16"><span class='ocrx_word' id='word_1_685' title='bbox 451 4823 560 4865; x_wconf 87' lang='lat' dir='ltr'><strong>tem</strong></span> <span class='ocrx_word' id='word_1_686' title='bbox 593 4823 652 4865; x_wconf 83' lang='lat' dir='ltr'><strong>se</strong></span> <span class='ocrx_word' id='word_1_687' title='bbox 679 4808 950 4872; x_wconf 78' lang='lat' dir='ltr'><strong>ostendit,</strong></span> <span class='ocrx_word' id='word_1_688' title='bbox 973 4811 1204 4880; x_wconf 84' lang='lat' dir='ltr'><strong>uie,&#39;qui</strong></span> <span class='ocrx_word' id='word_1_689' title='bbox 1238 4825 1357 4863; x_wconf 90' lang='lat' dir='ltr'><strong>sum</strong></span> <span class='ocrx_word' id='word_1_690' title='bbox 1383 4810 1566 4866; x_wconf 90' lang='lat' dir='ltr'><strong>adliuc</strong></span> <span class='ocrx_word' id='word_1_691' title='bbox 1588 4809 1820 4879; x_wconf 84' lang='lat' dir='ltr'><strong>juvenili</strong></span> <span class='ocrx_word' id='word_1_692' title='bbox 1852 4821 2032 4870; x_wconf 70' lang='lat' dir='ltr'><strong>aetate.</strong></span> 
     </span>
    </p>
   </div>
   <div class='ocr_carea' id='block_1_96' title="bbox 449 4900 2038 4971">
    <p class='ocr_par' dir='ltr' id='par_1_96' title="bbox 449 4900 2038 4971">
     <span class='ocr_line' id='line_1_96' title="bbox 449 4900 2038 4971; baseline -0.001 -16"><span class='ocrx_word' id='word_1_693' title='bbox 449 4914 571 4971; x_wconf 66' lang='lat' dir='ltr'><strong>qua:</strong></span> <span class='ocrx_word' id='word_1_694' title='bbox 597 4913 708 4954; x_wconf 88' lang='lat' dir='ltr'><strong>non</strong></span> <span class='ocrx_word' id='word_1_695' title='bbox 739 4906 963 4970; x_wconf 71' lang='lat' dir='ltr'><strong>oportet</strong></span> <span class='ocrx_word' id='word_1_696' title='bbox 1005 4913 1188 4967; x_wconf 81' lang='lat' dir='ltr'><strong>gravia</strong></span> <span class='ocrx_word' id='word_1_697' title='bbox 1222 4908 1522 4964; x_wconf 82' lang='lat' dir='ltr'><strong>sustinere,</strong></span> <span class='ocrx_word' id='word_1_698' title='bbox 1557 4908 1617 4952; x_wconf 87' lang='lat' dir='ltr'><strong>ut</strong></span> <span class='ocrx_word' id='word_1_699' title='bbox 1648 4900 1864 4964; x_wconf 87' lang='lat' dir='ltr'><strong>iisdem,</strong></span> <span class='ocrx_word' id='word_1_700' title='bbox 1913 4902 2038 4970; x_wconf 91' lang='lat' dir='ltr'><strong>qni-</strong></span> 
     </span>
    </p>
   </div>
   <div class='ocr_carea' id='block_1_97' title="bbox 449 4989 2032 5065">
    <p class='ocr_par' dir='ltr' id='par_1_97' title="bbox 449 4989 2032 5065">
     <span class='ocr_line' id='line_1_97' title="bbox 449 4989 2032 5065; baseline -0.001 -17"><span class='ocrx_word' id='word_1_701' title='bbox 449 4996 553 5049; x_wconf 78' lang='lat' dir='ltr'><strong>lius</strong></span> <span class='ocrx_word' id='word_1_702' title='bbox 599 5008 786 5056; x_wconf 72' lang='lat' dir='ltr'><strong>Senex,</strong></span> <span class='ocrx_word' id='word_1_703' title='bbox 831 4993 1053 5047; x_wconf 81' lang='lat' dir='ltr'><strong>coronis</strong></span> <span class='ocrx_word' id='word_1_704' title='bbox 1095 4991 1292 5062; x_wconf 80' lang='lat' dir='ltr'><strong>dignus</strong></span> <span class='ocrx_word' id='word_1_705' title='bbox 1325 4991 1565 5047; x_wconf 84' lang='lat' dir='ltr'><strong>habear?</strong></span> <span class='ocrx_word' id='word_1_706' title='bbox 1589 4989 1708 5046; x_wconf 71' lang='lat' dir='ltr'><strong>Non</strong></span> <span class='ocrx_word' id='word_1_707' title='bbox 1741 5008 1872 5065; x_wconf 73' lang='lat' dir='ltr'><strong>ergo</strong></span> <span class='ocrx_word' id='word_1_708' title='bbox 1904 5010 2032 5063; x_wconf 83' lang='lat' dir='ltr'><strong>per-</strong></span> 
     </span>
    </p>
   </div>
   <div class='ocr_carea' id='block_1_98' title="bbox 451 5085 2036 5154">
    <p class='ocr_par' dir='ltr' id='par_1_98' title="bbox 451 5085 2036 5154">
     <span class='ocr_line' id='line_1_98' title="bbox 451 5085 2036 5154; baseline 0.001 -11"><span class='ocrx_word' id='word_1_709' title='bbox 451 5088 732 5148; x_wconf 83' lang='lat' dir='ltr'><strong>suadebis,</strong></span> <span class='ocrx_word' id='word_1_710' title='bbox 766 5101 878 5139; x_wconf 90' lang='lat' dir='ltr'><strong>non</strong></span> <span class='ocrx_word' id='word_1_711' title='bbox 919 5085 1282 5154; x_wconf 77' lang='lat' dir='ltr'><strong>expugnabis,</strong></span> <span class='ocrx_word' id='word_1_712' title='bbox 1317 5099 1430 5140; x_wconf 87' lang='lat' dir='ltr'><strong>non</strong></span> <span class='ocrx_word' id='word_1_713' title='bbox 1469 5102 1574 5141; x_wconf 89' lang='lat' dir='ltr'><strong>nos</strong></span> <span class='ocrx_word' id='word_1_714' title='bbox 1607 5087 1676 5143; x_wconf 89' lang='lat' dir='ltr'><strong>ab</strong></span> <span class='ocrx_word' id='word_1_715' title='bbox 1717 5088 1821 5142; x_wconf 85' lang='lat' dir='ltr'><strong>hac</strong></span> <span class='ocrx_word' id='word_1_716' title='bbox 1860 5091 2036 5144; x_wconf 81' lang='lat' dir='ltr'><strong>abdu-</strong></span> 
     </span>
    </p>
   </div>
   <div class='ocr_carea' id='block_1_99' title="bbox 448 5175 2032 5249">
    <p class='ocr_par' dir='ltr' id='par_1_99' title="bbox 448 5175 2032 5249">
     <span class='ocr_line' id='line_1_99' title="bbox 448 5175 2032 5249; baseline 0.003 -14"><span class='ocrx_word' id='word_1_717' title='bbox 448 5175 540 5235; x_wconf 79' lang='lat' dir='ltr'><strong>ces</strong></span> <span class='ocrx_word' id='word_1_718' title='bbox 581 5179 932 5235; x_wconf 77' lang='lat' dir='ltr'><strong>confessione</strong></span> <span class='ocrx_word' id='word_1_719' title='bbox 983 5197 998 5233; x_wconf 91' lang='lat'><strong>:</strong></span> <span class='ocrx_word' id='word_1_720' title='bbox 1051 5197 1159 5234; x_wconf 90' lang='lat' dir='ltr'><strong>non</strong></span> <span class='ocrx_word' id='word_1_721' title='bbox 1213 5195 1310 5249; x_wconf 80' lang='lat' dir='ltr'><strong>per</strong></span> <span class='ocrx_word' id='word_1_722' title='bbox 1347 5195 1503 5236; x_wconf 87' lang='lat' dir='ltr'><strong>sacra</strong></span> <span class='ocrx_word' id='word_1_723' title='bbox 1554 5183 1689 5236; x_wconf 89' lang='lat' dir='ltr'><strong>mihi</strong></span> <span class='ocrx_word' id='word_1_724' title='bbox 1732 5191 1789 5239; x_wconf 91' lang='lat' dir='ltr'><strong>et</strong></span> <span class='ocrx_word' id='word_1_725' title='bbox 1845 5185 2032 5240; x_wconf 87' lang='lat' dir='ltr'><strong>divina</strong></span> 
     </span>
    </p>
   </div>
   <div class='ocr_carea' id='block_1_100' title="bbox 447 5269 2030 5344">
    <p class='ocr_par' dir='ltr' id='par_1_100' title="bbox 447 5269 2030 5344">
     <span class='ocr_line' id='line_1_100' title="bbox 447 5269 2030 5344; baseline 0.003 -18"><span class='ocrx_word' id='word_1_726' title='bbox 447 5274 622 5343; x_wconf 80' lang='lat' dir='ltr'><strong>signa,</strong></span> <span class='ocrx_word' id='word_1_727' title='bbox 671 5273 874 5342; x_wconf 82' lang='lat' dir='ltr'><strong>quibus</strong></span> <span class='ocrx_word' id='word_1_728' title='bbox 913 5285 1015 5344; x_wconf 75' lang='lat' dir='ltr'><strong>ego</strong></span> <span class='ocrx_word' id='word_1_729' title='bbox 1045 5269 1225 5326; x_wconf 86' lang='lat' dir='ltr'><strong>factus</strong></span> <span class='ocrx_word' id='word_1_730' title='bbox 1267 5287 1389 5327; x_wconf 87' lang='lat' dir='ltr'><strong>sum</strong></span> <span class='ocrx_word' id='word_1_731' title='bbox 1429 5275 1636 5329; x_wconf 87' lang='lat' dir='ltr'><strong>certior</strong></span> <span class='ocrx_word' id='word_1_732' title='bbox 1674 5275 1744 5330; x_wconf 89' lang='lat' dir='ltr'><strong>de</strong></span> <span class='ocrx_word' id='word_1_733' title='bbox 1777 5279 2030 5330; x_wconf 83' lang='lat' dir='ltr'><strong>veritate.</strong></span> 
     </span>
    </p>
   </div>
   <div class='ocr_carea' id='block_1_101' title="bbox 447 5363 2032 5438">
    <p class='ocr_par' dir='ltr' id='par_1_101' title="bbox 447 5363 2032 5438">
     <span class='ocr_line' id='line_1_101' title="bbox 447 5363 2032 5438; baseline 0.002 -19"><span class='ocrx_word' id='word_1_734' title='bbox 447 5364 688 5420; x_wconf 69' lang='lat' dir='ltr'><strong>Patriam</strong></span> <span class='ocrx_word' id='word_1_735' title='bbox 714 5363 862 5420; x_wconf 88' lang='lat' dir='ltr'><strong>eiiiiii</strong></span> <span class='ocrx_word' id='word_1_736' title='bbox 895 5365 1109 5436; x_wconf 86' lang='lat' dir='ltr'><strong>pudore</strong></span> <span class='ocrx_word' id='word_1_737' title='bbox 1137 5365 1436 5429; x_wconf 82' lang='lat' dir='ltr'><strong>affecerim,</strong></span> <span class='ocrx_word' id='word_1_738' title='bbox 1466 5375 1520 5422; x_wconf 92' lang='lat' dir='ltr'><strong>et</strong></span> <span class='ocrx_word' id='word_1_739' title='bbox 1551 5371 1764 5432; x_wconf 87' lang='lat' dir='ltr'><strong>matris,</strong></span> <span class='ocrx_word' id='word_1_740' title='bbox 1793 5383 1915 5438; x_wconf 72' lang='lat' dir='ltr'><strong>quae</strong></span> <span class='ocrx_word' id='word_1_741' title='bbox 1942 5379 2032 5422; x_wconf 81' lang='lat' dir='ltr'><strong>me</strong></span> 
     </span>
    </p>
   </div>
   <div class='ocr_carea' id='block_1_102' title="bbox 446 5455 2028 5528">
    <p class='ocr_par' dir='ltr' id='par_1_102' title="bbox 446 5455 2028 5528">
     <span class='ocr_line' id='line_1_102' title="bbox 446 5455 2028 5528; baseline 0.002 -18"><span class='ocrx_word' id='word_1_742' title='bbox 446 5458 682 5528; x_wconf 70' lang='lat' dir='ltr'><strong>peperit,</strong></span> <span class='ocrx_word' id='word_1_743' title='bbox 735 5457 1018 5527; x_wconf 78' lang='lat' dir='ltr'><strong>pietatem,</strong></span> <span class='ocrx_word' id='word_1_744' title='bbox 1054 5470 1232 5526; x_wconf 77' lang='lat' dir='ltr'><strong>aqua</strong></span> <span class='ocrx_word' id='word_1_745' title='bbox 1286 5455 1340 5510; x_wconf 89' lang='lat' dir='ltr'><strong>in</strong></span> <span class='ocrx_word' id='word_1_746' title='bbox 1376 5455 1444 5510; x_wconf 75' lang='lat' dir='ltr'><strong>iis</strong></span> <span class='ocrx_word' id='word_1_747' title='bbox 1488 5471 1609 5525; x_wconf 72' lang='lat' dir='ltr'><strong>qua:</strong></span> <span class='ocrx_word' id='word_1_748' title='bbox 1651 5457 1720 5510; x_wconf 90' lang='lat' dir='ltr'><strong>ad</strong></span> <span class='ocrx_word' id='word_1_749' title='bbox 1768 5459 2028 5526; x_wconf 81' lang='lat' dir='ltr'><strong>pietatem</strong></span> 
     </span>
    </p>
   </div>
   <div class='ocr_carea' id='block_1_103' title="bbox 449 5545 2026 5618">
    <p class='ocr_par' dir='ltr' id='par_1_103' title="bbox 449 5545 2026 5618">
     <span class='ocr_line' id='line_1_103' title="bbox 449 5545 2026 5618; baseline 0.004 -21"><span class='ocrx_word' id='word_1_750' title='bbox 449 5557 744 5616; x_wconf 83' lang='lat' dir='ltr'><strong>pertinent,</strong></span> <span class='ocrx_word' id='word_1_751' title='bbox 791 5548 1023 5618; x_wconf 75' lang='lat' dir='ltr'><strong>pulchre</strong></span> <span class='ocrx_word' id='word_1_752' title='bbox 1066 5547 1221 5618; x_wconf 83' lang='lat' dir='ltr'><strong>prius</strong></span> <span class='ocrx_word' id='word_1_753' title='bbox 1265 5545 1342 5600; x_wconf 90' lang='lat' dir='ltr'><strong>fui</strong></span> <span class='ocrx_word' id='word_1_754' title='bbox 1398 5546 1746 5612; x_wconf 87' lang='lat' dir='ltr'><strong>informatus,</strong></span> <span class='ocrx_word' id='word_1_755' title='bbox 1797 5557 1854 5602; x_wconf 88' lang='lat' dir='ltr'><strong>et</strong></span> <span class='ocrx_word' id='word_1_756' title='bbox 1898 5564 2026 5605; x_wconf 84' lang='lat' dir='ltr'><strong>cum</strong></span> 
     </span>
    </p>
   </div>
   <div class='ocr_carea' id='block_1_104' title="bbox 443 5639 2023 5710">
    <p class='ocr_par' dir='ltr' id='par_1_104' title="bbox 443 5639 2023 5710">
     <span class='ocr_line' id='line_1_104' title="bbox 443 5639 2023 5710; baseline 0.003 -18"><span class='ocrx_word' id='word_1_757' title='bbox 443 5655 550 5706; x_wconf 82' lang='lat' dir='ltr'><strong>qua</strong></span> <span class='ocrx_word' id='word_1_758' title='bbox 591 5639 647 5693; x_wconf 91' lang='lat' dir='ltr'><strong>in</strong></span> <span class='ocrx_word' id='word_1_759' title='bbox 680 5640 903 5694; x_wconf 54' lang='lat' dir='ltr'><strong>aeternis</strong></span> <span class='ocrx_word' id='word_1_760' title='bbox 948 5640 1323 5695; x_wconf 88' lang='lat' dir='ltr'><strong>tabernaculis</strong></span> <span class='ocrx_word' id='word_1_761' title='bbox 1363 5653 1602 5710; x_wconf 88' lang='lat' dir='ltr'><strong>propero</strong></span> <span class='ocrx_word' id='word_1_762' title='bbox 1655 5643 2023 5710; x_wconf 82' lang='lat' dir='ltr'><strong>requiescere.</strong></span> 
     </span>
    </p>
   </div>
   <div class='ocr_carea' id='block_1_105' title="bbox 447 5729 2028 5807">
    <p class='ocr_par' dir='ltr' id='par_1_105' title="bbox 447 5729 2028 5807">
     <span class='ocr_line' id='line_1_105' title="bbox 447 5729 2028 5807; baseline 0.006 -25"><span class='ocrx_word' id='word_1_763' title='bbox 447 5729 574 5786; x_wconf 63' lang='lat' dir='ltr'><strong>llaec</strong></span> <span class='ocrx_word' id='word_1_764' title='bbox 618 5734 757 5787; x_wconf 79' lang='lat' dir='ltr'><strong>dixit</strong></span> <span class='ocrx_word' id='word_1_765' title='bbox 804 5733 1132 5798; x_wconf 78' lang='lat' dir='ltr'><strong>Pantaleon,</strong></span> <span class='ocrx_word' id='word_1_766' title='bbox 1180 5744 1236 5789; x_wconf 90' lang='lat' dir='ltr'><strong>et</strong></span> <span class='ocrx_word' id='word_1_767' title='bbox 1272 5735 1464 5805; x_wconf 85' lang='lat' dir='ltr'><strong>paucis</strong></span> <span class='ocrx_word' id='word_1_768' title='bbox 1498 5737 1768 5800; x_wconf 80' lang='lat' dir='ltr'><strong>ostendit,</strong></span> <span class='ocrx_word' id='word_1_769' title='bbox 1809 5737 2028 5807; x_wconf 87' lang='lat' dir='ltr'><strong>qualem</strong></span> 
     </span>
    </p>
   </div>
   <div class='ocr_carea' id='block_1_106' title="bbox 453 5821 2029 5914">
    <p class='ocr_par' dir='ltr' id='par_1_106' title="bbox 453 5821 2029 5914">
     <span class='ocr_line' id='line_1_106' title="bbox 453 5821 2029 5914; baseline 0.008 -39"><span class='ocrx_word' id='word_1_770' title='bbox 453 5821 631 5877; x_wconf 76' lang='lat' dir='ltr'><strong>virum</strong></span> <span class='ocrx_word' id='word_1_771' title='bbox 657 5825 974 5882; x_wconf 74' lang='lat' dir='ltr'><strong>offendisset</strong></span> <span class='ocrx_word' id='word_1_772' title='bbox 1002 5828 1049 5885; x_wconf 84' lang='lat' dir='ltr'><strong>is</strong></span> <span class='ocrx_word' id='word_1_773' title='bbox 1071 5828 1164 5899; x_wconf 88' lang='lat' dir='ltr'><strong>qui</strong></span> <span class='ocrx_word' id='word_1_774' title='bbox 1194 5828 1261 5886; x_wconf 89' lang='lat' dir='ltr'><strong>de</strong></span> <span class='ocrx_word' id='word_1_775' title='bbox 1289 5829 1520 5900; x_wconf 77' lang='lat' dir='ltr'><strong>sceptris</strong></span> <span class='ocrx_word' id='word_1_776' title='bbox 1547 5839 1599 5914; x_wconf 81' lang='lat' dir='ltr'><strong>et</strong></span> <span class='ocrx_word' id='word_1_777' title='bbox 1630 5829 2029 5914; x_wconf 62' lang='lat' dir='ltr'><strong>throuoaeia-</strong></span> 
     </span>
    </p>
   </div>
   <div class='ocr_carea' id='block_1_107' title="bbox 2146 4625 3736 4700">
    <p class='ocr_par' dir='ltr' id='par_1_107' title="bbox 2146 4625 3736 4700">
     <span class='ocr_line' id='line_1_107' title="bbox 2146 4625 3736 4700; baseline 0.006 -22"><span class='ocrx_word' id='word_1_778' title='bbox 2146 4625 2268 4689; x_wconf 80' lang='grc' dir='ltr'><strong>λιᾶς</strong></span> <span class='ocrx_word' id='word_1_779' title='bbox 2312 4627 2506 4696; x_wconf 76' lang='grc' dir='ltr'>αἵματι</span> <span class='ocrx_word' id='word_1_780' title='bbox 2546 4628 2782 4696; x_wconf 77' lang='grc' dir='ltr'>ἐφοίνιξε</span> <span class='ocrx_word' id='word_1_781' title='bbox 2823 4635 3154 4700; x_wconf 81' lang='grc' dir='ltr'>μαρτυρίου.</span> <span class='ocrx_word' id='word_1_782' title='bbox 3207 4630 3269 4684; x_wconf 79' lang='lat' dir='ltr'><strong>Ei</strong></span> <span class='ocrx_word' id='word_1_783' title='bbox 3300 4633 3357 4686; x_wconf 74' lang='grc' dir='ltr'><strong>δὲ</strong></span> <span class='ocrx_word' id='word_1_784' title='bbox 3397 4637 3604 4697; x_wconf 76' lang='grc' dir='ltr'>ἐκεῖνος</span> <span class='ocrx_word' id='word_1_785' title='bbox 3635 4633 3736 4688; x_wconf 65' lang='grc' dir='ltr'>οὖα</span> 
     </span>
    </p>
   </div>
   <div class='ocr_carea' id='block_1_108' title="bbox 2139 4720 3741 4797">
    <p class='ocr_par' dir='ltr' id='par_1_108' title="bbox 2139 4720 3741 4797">
     <span class='ocr_line' id='line_1_108' title="bbox 2139 4720 3741 4797; baseline 0.005 -26"><span class='ocrx_word' id='word_1_786' title='bbox 2139 4735 2250 4782; x_wconf 86' lang='grc' dir='ltr'><strong>τως</strong></span> <span class='ocrx_word' id='word_1_787' title='bbox 2297 4720 2522 4790; x_wconf 77' lang='grc' dir='ltr'>ἡλικίας</span> <span class='ocrx_word' id='word_1_788' title='bbox 2565 4721 2727 4789; x_wconf 79' lang='grc' dir='ltr'>ἔχων,</span> <span class='ocrx_word' id='word_1_789' title='bbox 2777 4722 2958 4786; x_wconf 81' lang='grc' dir='ltr'>οὓτως</span> <span class='ocrx_word' id='word_1_790' title='bbox 2989 4725 3163 4794; x_wconf 77' lang='grc' dir='ltr'>ἐφάνη</span> <span class='ocrx_word' id='word_1_791' title='bbox 3214 4727 3567 4797; x_wconf 81' lang='grc' dir='ltr'>καρτερικὸς,</span> <span class='ocrx_word' id='word_1_792' title='bbox 3625 4727 3741 4797; x_wconf 65' lang='grc' dir='ltr'>ἐμὶν</span> 
     </span>
    </p>
   </div>
   <div class='ocr_carea' id='block_1_109' title="bbox 2138 4810 3729 4887">
    <p class='ocr_par' dir='ltr' id='par_1_109' title="bbox 2138 4810 3729 4887">
     <span class='ocr_line' id='line_1_109' title="bbox 2138 4810 3729 4887; baseline 0.004 -24"><span class='ocrx_word' id='word_1_793' title='bbox 2138 4810 2233 4863; x_wconf 80' lang='grc' dir='ltr'><strong>τὸν</strong></span> <span class='ocrx_word' id='word_1_794' title='bbox 2275 4810 2513 4864; x_wconf 78' lang='grc' dir='ltr'>ἐνταῦθα</span> <span class='ocrx_word' id='word_1_795' title='bbox 2550 4813 2801 4883; x_wconf 86' lang='grc' dir='ltr'>νεότητος</span> <span class='ocrx_word' id='word_1_796' title='bbox 2825 4813 2978 4880; x_wconf 72' lang='grc' dir='ltr'>ὂντα,</span> <span class='ocrx_word' id='word_1_797' title='bbox 3007 4818 3159 4867; x_wconf 83' lang='grc' dir='ltr'>ποῖον</span> <span class='ocrx_word' id='word_1_798' title='bbox 3217 4817 3276 4869; x_wconf 78' lang='grc' dir='ltr'><strong>οὐ</strong></span> <span class='ocrx_word' id='word_1_799' title='bbox 3309 4821 3392 4870; x_wconf 85' lang='grc' dir='ltr'><strong>δεῖ</strong></span> <span class='ocrx_word' id='word_1_800' title='bbox 3418 4820 3528 4870; x_wconf 87' lang='grc' dir='ltr'>τῶν</span> <span class='ocrx_word' id='word_1_801' title='bbox 3558 4816 3729 4887; x_wconf 87' lang='grc' dir='ltr'>χαλε-</span> 
     </span>
    </p>
   </div>
   <div class='ocr_carea' id='block_1_110' title="bbox 2139 4904 3730 4982">
    <p class='ocr_par' dir='ltr' id='par_1_110' title="bbox 2139 4904 3730 4982">
     <span class='ocr_line' id='line_1_110' title="bbox 2139 4904 3730 4982; baseline 0.006 -26"><span class='ocrx_word' id='word_1_802' title='bbox 2139 4904 2260 4958; x_wconf 80' lang='grc' dir='ltr'><strong>πῶν</strong></span> <span class='ocrx_word' id='word_1_803' title='bbox 2294 4905 2614 4975; x_wconf 83' lang='grc' dir='ltr'>ὑποστῆναι,</span> <span class='ocrx_word' id='word_1_804' title='bbox 2654 4907 2738 4959; x_wconf 83' lang='grc' dir='ltr'><strong>ἴνα</strong></span> <span class='ocrx_word' id='word_1_805' title='bbox 2778 4907 2888 4960; x_wconf 85' lang='grc' dir='ltr'>τῶν</span> <span class='ocrx_word' id='word_1_806' title='bbox 2915 4912 3049 4961; x_wconf 71' lang='grc' dir='ltr'>ἰσων</span> <span class='ocrx_word' id='word_1_807' title='bbox 3073 4910 3151 4980; x_wconf 82' lang='grc' dir='ltr'>τῷ</span> <span class='ocrx_word' id='word_1_808' title='bbox 3192 4911 3412 4982; x_wconf 80' lang='grc' dir='ltr'>γέροντι</span> <span class='ocrx_word' id='word_1_809' title='bbox 3435 4916 3730 4980; x_wconf 76' lang='grc' dir='ltr'>στεφάνων</span> 
     </span>
    </p>
   </div>
   <div class='ocr_carea' id='block_1_111' title="bbox 2136 4996 3725 5074">
    <p class='ocr_par' dir='ltr' id='par_1_111' title="bbox 2136 4996 3725 5074">
     <span class='ocr_line' id='line_1_111' title="bbox 2136 4996 3725 5074; baseline 0.004 -23"><span class='ocrx_word' id='word_1_810' title='bbox 2136 4996 2385 5062; x_wconf 75' lang='grc' dir='ltr'>ἀξιωθώ;</span> <span class='ocrx_word' id='word_1_811' title='bbox 2430 4997 2512 5051; x_wconf 73' lang='grc' dir='ltr'><strong>Οὐ</strong></span> <span class='ocrx_word' id='word_1_812' title='bbox 2566 4998 2751 5050; x_wconf 88' lang='grc' dir='ltr'>τοίνυν</span> <span class='ocrx_word' id='word_1_813' title='bbox 2783 5000 3019 5066; x_wconf 84' lang='grc' dir='ltr'>πείσεις,</span> <span class='ocrx_word' id='word_1_814' title='bbox 3067 5003 3166 5072; x_wconf 76' lang='grc' dir='ltr'><strong>οὐχ</strong></span> <span class='ocrx_word' id='word_1_815' title='bbox 3221 5005 3494 5073; x_wconf 80' lang='grc' dir='ltr'>αἱρήσεις,</span> <span class='ocrx_word' id='word_1_816' title='bbox 3526 5006 3588 5057; x_wconf 80' lang='grc' dir='ltr'>οὺ</span> <span class='ocrx_word' id='word_1_817' title='bbox 3621 5007 3725 5074; x_wconf 77' lang='grc' dir='ltr'>τῆς</span> 
     </span>
    </p>
   </div>
   <div class='ocr_carea' id='block_1_112' title="bbox 2137 5089 3728 5164">
    <p class='ocr_par' dir='ltr' id='par_1_112' title="bbox 2137 5089 3728 5164">
     <span class='ocr_line' id='line_1_112' title="bbox 2137 5089 3728 5164; baseline 0.004 -20"><span class='ocrx_word' id='word_1_818' title='bbox 2137 5089 2432 5158; x_wconf 78' lang='grc' dir='ltr'>ὁμολογίας</span> <span class='ocrx_word' id='word_1_819' title='bbox 2470 5089 2676 5160; x_wconf 84' lang='grc' dir='ltr'>ταύτης</span> <span class='ocrx_word' id='word_1_820' title='bbox 2709 5094 3002 5162; x_wconf 77' lang='grc' dir='ltr'>ἐκστήσεις</span> <span class='ocrx_word' id='word_1_821' title='bbox 3043 5095 3216 5164; x_wconf 76' lang='grc' dir='ltr'>ἡμᾶς,</span> <span class='ocrx_word' id='word_1_822' title='bbox 3263 5093 3510 5164; x_wconf 79' lang='grc' dir='ltr'>βασιλεῦ,</span> <span class='ocrx_word' id='word_1_823' title='bbox 3545 5095 3608 5149; x_wconf 79' lang='grc' dir='ltr'><strong>οὐ</strong></span> <span class='ocrx_word' id='word_1_824' title='bbox 3645 5100 3728 5160; x_wconf 74' lang='grc' dir='ltr'><strong>μα</strong></span> 
     </span>
    </p>
   </div>
   <div class='ocr_carea' id='block_1_113' title="bbox 2138 5182 3737 5259">
    <p class='ocr_par' dir='ltr' id='par_1_113' title="bbox 2138 5182 3737 5259">
     <span class='ocr_line' id='line_1_113' title="bbox 2138 5182 3737 5259; baseline 0.003 -23"><span class='ocrx_word' id='word_1_825' title='bbox 2138 5189 2206 5237; x_wconf 86' lang='grc' dir='ltr'><strong>τά</strong></span> <span class='ocrx_word' id='word_1_826' title='bbox 2245 5185 2370 5253; x_wconf 79' lang='grc' dir='ltr'>ἱερά</span> <span class='ocrx_word' id='word_1_827' title='bbox 2400 5202 2494 5255; x_wconf 90' lang='grc' dir='ltr'><strong>μοι</strong></span> <span class='ocrx_word' id='word_1_828' title='bbox 2537 5188 2634 5239; x_wconf 74' lang='grc' dir='ltr'><strong>καὶ</strong></span> <span class='ocrx_word' id='word_1_829' title='bbox 2669 5186 2791 5238; x_wconf 73' lang='grc' dir='ltr'>θεῖα</span> <span class='ocrx_word' id='word_1_830' title='bbox 2825 5187 3129 5258; x_wconf 74' lang='grc' dir='ltr'>μαρτύρια,</span> <span class='ocrx_word' id='word_1_831' title='bbox 3166 5182 3247 5250; x_wconf 74' lang='grc' dir='ltr'><strong>οἷς</strong></span> <span class='ocrx_word' id='word_1_832' title='bbox 3287 5185 3402 5255; x_wconf 85' lang='grc' dir='ltr'><strong>ἐγὼ</strong></span> <span class='ocrx_word' id='word_1_833' title='bbox 3446 5189 3737 5259; x_wconf 68' lang='grc' dir='ltr'>πεπληροσ</span> 
     </span>
    </p>
   </div>
   <div class='ocr_carea' id='block_1_114' title="bbox 2135 5265 3728 5348">
    <p class='ocr_par' dir='ltr' id='par_1_114' title="bbox 2135 5265 3728 5348">
     <span class='ocr_line' id='line_1_114' title="bbox 2135 5265 3728 5348; baseline 0.001 -23"><span class='ocrx_word' id='word_1_834' title='bbox 2135 5273 2390 5343; x_wconf 81' lang='grc' dir='ltr'>φόρημαι</span> <span class='ocrx_word' id='word_1_835' title='bbox 2425 5265 2860 5346; x_wconf 57' lang='grc' dir='ltr'>τὴν“ἀληθειαν·</span> <span class='ocrx_word' id='word_1_836' title='bbox 2915 5277 3289 5348; x_wconf 85' lang='grc' dir='ltr'>αίσχυναίμην</span> <span class='ocrx_word' id='word_1_837' title='bbox 3343 5277 3456 5348; x_wconf 82' lang='grc' dir='ltr'><strong>γὰρ</strong></span> <span class='ocrx_word' id='word_1_838' title='bbox 3512 5280 3580 5332; x_wconf 87' lang='grc' dir='ltr'><strong>ἀν</strong></span> <span class='ocrx_word' id='word_1_839' title='bbox 3629 5279 3728 5328; x_wconf 69' lang='grc' dir='ltr'><strong>καὶ</strong></span> 
     </span>
    </p>
   </div>
   <div class='ocr_carea' id='block_1_115' title="bbox 2135 5365 3720 5440">
    <p class='ocr_par' dir='ltr' id='par_1_115' title="bbox 2135 5365 3720 5440">
     <span class='ocr_line' id='line_1_115' title="bbox 2135 5365 3720 5440; baseline 0.008 -23"><span class='ocrx_word' id='word_1_840' title='bbox 2135 5367 2374 5436; x_wconf 81' lang='grc' dir='ltr'>πατρίδα</span> <span class='ocrx_word' id='word_1_841' title='bbox 2407 5370 2503 5420; x_wconf 80' lang='grc' dir='ltr'><strong>καὶ</strong></span> <span class='ocrx_word' id='word_1_842' title='bbox 2532 5370 2630 5438; x_wconf 78' lang='grc' dir='ltr'>τῆς</span> <span class='ocrx_word' id='word_1_843' title='bbox 2672 5368 2774 5438; x_wconf 63' lang='grc' dir='ltr'>ἐμὲ</span> <span class='ocrx_word' id='word_1_844' title='bbox 2805 5371 3074 5439; x_wconf 73' lang='grc' dir='ltr'>τεκούσης</span> <span class='ocrx_word' id='word_1_845' title='bbox 3108 5372 3320 5440; x_wconf 86' lang='grc' dir='ltr'>μητρὸς</span> <span class='ocrx_word' id='word_1_846' title='bbox 3359 5365 3720 5434; x_wconf 57' lang='grc' dir='ltr'>τοφλὸθεον,</span> 
     </span>
    </p>
   </div>
   <div class='ocr_carea' id='block_1_116' title="bbox 2134 5453 3720 5531">
    <p class='ocr_par' dir='ltr' id='par_1_116' title="bbox 2134 5453 3720 5531">
     <span class='ocr_line' id='line_1_116' title="bbox 2134 5453 3720 5531; baseline 0.006 -21"><span class='ocrx_word' id='word_1_847' title='bbox 2134 5453 2322 5531; x_wconf 63' lang='grc' dir='ltr'>παρ’ίλ</span> <span class='ocrx_word' id='word_1_848' title='bbox 2347 5476 2439 5528; x_wconf 87' lang='grc' dir='ltr'><strong>μοι</strong></span> <span class='ocrx_word' id='word_1_849' title='bbox 2468 5460 2650 5521; x_wconf 74' lang='grc' dir='ltr'>καλῶς</span> <span class='ocrx_word' id='word_1_850' title='bbox 2681 5461 2776 5513; x_wconf 80' lang='grc' dir='ltr'><strong>καὶ</strong></span> <span class='ocrx_word' id='word_1_851' title='bbox 2797 5461 2866 5513; x_wconf 74' lang='grc' dir='ltr'><strong>τά</strong></span> <span class='ocrx_word' id='word_1_852' title='bbox 2888 5461 2983 5530; x_wconf 67' lang='grc' dir='ltr'><strong>τῆ,</strong></span> <span class='ocrx_word' id='word_1_853' title='bbox 3009 5462 3288 5518; x_wconf 59' lang='grc' dir='ltr'>εὐσεϐείας</span> <span class='ocrx_word' id='word_1_854' title='bbox 3313 5459 3720 5528; x_wconf 74' lang='grc' dir='ltr'>προσετυπώθη</span> 
     </span>
    </p>
   </div>
   <div class='ocr_carea' id='block_1_117' title="bbox 2132 5543 3721 5623">
    <p class='ocr_par' dir='ltr' id='par_1_117' title="bbox 2132 5543 3721 5623">
     <span class='ocr_line' id='line_1_117' title="bbox 2132 5543 3721 5623; baseline 0.001 -19"><span class='ocrx_word' id='word_1_855' title='bbox 2132 5554 2227 5604; x_wconf 78' lang='grc' dir='ltr'><strong>καί</strong></span> <span class='ocrx_word' id='word_1_856' title='bbox 2264 5543 2402 5623; x_wconf 71' lang='grc' dir='ltr'>ᾗπερ</span> <span class='ocrx_word' id='word_1_857' title='bbox 2433 5555 2489 5604; x_wconf 85' lang='grc' dir='ltr'><strong>ἐν</strong></span> <span class='ocrx_word' id='word_1_858' title='bbox 2523 5555 2753 5622; x_wconf 82' lang='grc' dir='ltr'>σκηναῖς</span> <span class='ocrx_word' id='word_1_859' title='bbox 2792 5556 3034 5611; x_wconf 76' lang='grc' dir='ltr'>αὶωνίοις</span> <span class='ocrx_word' id='word_1_860' title='bbox 3058 5550 3545 5604; x_wconf 69' lang='grc' dir='ltr'>σ..ν;.ναπαύεσυαι</span> <span class='ocrx_word' id='word_1_861' title='bbox 3579 5565 3721 5606; x_wconf 68' lang='grc' dir='ltr'>κατ-</span> 
     </span>
    </p>
   </div>
   <div class='ocr_carea' id='block_1_118' title="bbox 2132 5639 3723 5712">
    <p class='ocr_par' dir='ltr' id='par_1_118' title="bbox 2132 5639 3723 5712">
     <span class='ocr_line' id='line_1_118' title="bbox 2132 5639 3723 5712; baseline 0 -16"><span class='ocrx_word' id='word_1_862' title='bbox 2132 5643 2454 5712; x_wconf 81' lang='grc' dir='ltr'>επείγομαι.</span> <span class='ocrx_word' id='word_1_863' title='bbox 2517 5639 2667 5709; x_wconf 78' lang='grc' dir='ltr'><strong>Ἔφη</strong></span> <span class='ocrx_word' id='word_1_864' title='bbox 2705 5641 2882 5694; x_wconf 82' lang='grc' dir='ltr'>ταῦτα</span> <span class='ocrx_word' id='word_1_865' title='bbox 2909 5644 2935 5693; x_wconf 82' lang='grc' dir='ltr'>ὁ</span> <span class='ocrx_word' id='word_1_866' title='bbox 2962 5641 3310 5708; x_wconf 78' lang='grc' dir='ltr'>Παντολέων,</span> <span class='ocrx_word' id='word_1_867' title='bbox 3345 5649 3438 5695; x_wconf 78' lang='grc' dir='ltr'><strong>και</strong></span> <span class='ocrx_word' id='word_1_868' title='bbox 3462 5643 3550 5696; x_wconf 69' lang='grc' dir='ltr'><strong>διὰ</strong></span> <span class='ocrx_word' id='word_1_869' title='bbox 3580 5643 3723 5712; x_wconf 83' lang='grc' dir='ltr'>βρα·</span> 
     </span>
    </p>
   </div>
   <div class='ocr_carea' id='block_1_119' title="bbox 2129 5730 3719 5809">
    <p class='ocr_par' dir='ltr' id='par_1_119' title="bbox 2129 5730 3719 5809">
     <span class='ocr_line' id='line_1_119' title="bbox 2129 5730 3719 5809; baseline -0.003 -19"><span class='ocrx_word' id='word_1_870' title='bbox 2129 5738 2270 5809; x_wconf 75' lang='grc' dir='ltr'>χέων</span> <span class='ocrx_word' id='word_1_871' title='bbox 2296 5733 2604 5800; x_wconf 76' lang='grc' dir='ltr'>ὑπέδειξεν,</span> <span class='ocrx_word' id='word_1_872' title='bbox 2630 5732 2730 5804; x_wconf 76' lang='grc' dir='ltr'>οἴῳ</span> <span class='ocrx_word' id='word_1_873' title='bbox 2759 5733 3192 5805; x_wconf 83' lang='grc' dir='ltr'>προσϐεϐληκὼς</span> <span class='ocrx_word' id='word_1_874' title='bbox 3227 5730 3294 5806; x_wconf 79' lang='grc' dir='ltr'>ἦν</span> <span class='ocrx_word' id='word_1_875' title='bbox 3319 5739 3347 5788; x_wconf 81' lang='grc' dir='ltr'>ὁ</span> <span class='ocrx_word' id='word_1_876' title='bbox 3377 5736 3490 5797; x_wconf 82' lang='grc' dir='ltr'>τοῖς</span> <span class='ocrx_word' id='word_1_877' title='bbox 3533 5737 3719 5804; x_wconf 74' lang='grc' dir='ltr'>σκηπο</span> 
     </span>
    </p>
   </div>
   <div class='ocr_carea' id='block_1_120' title="bbox 2129 5827 3719 5910">
    <p class='ocr_par' dir='ltr' id='par_1_120' title="bbox 2129 5827 3719 5910">
     <span class='ocr_line' id='line_1_120' title="bbox 2129 5827 3719 5910; baseline -0.004 -24"><span class='ocrx_word' id='word_1_878' title='bbox 2129 5848 2280 5910; x_wconf 78' lang='grc' dir='ltr'>τροις</span> <span class='ocrx_word' id='word_1_879' title='bbox 2311 5831 2405 5884; x_wconf 53' lang='grc' dir='ltr'><strong>καὶ⁹</strong></span> <span class='ocrx_word' id='word_1_880' title='bbox 2425 5827 2500 5909; x_wconf 71' lang='grc' dir='ltr'>τῷ</span> <span class='ocrx_word' id='word_1_881' title='bbox 2521 5829 2697 5906; x_wconf 76' lang='grc' dir='ltr'>θρόνῳ</span> <span class='ocrx_word' id='word_1_882' title='bbox 2724 5827 3262 5902; x_wconf 79' lang='grc' dir='ltr'>μεγαλαυχούμενος,</span> <span class='ocrx_word' id='word_1_883' title='bbox 3279 5829 3486 5903; x_wconf 40' lang='grc' dir='ltr'>καὶ-ὅτι</span> <span class='ocrx_word' id='word_1_884' title='bbox 3507 5829 3719 5887; x_wconf 59' lang='grc' dir='ltr'>ἐκείνου</span> 
     </span>
    </p>
   </div>
  </div>
