3994 6486
239 500 350 563 469

1386 497 1566 560 VITA
1609 496 1671 556 S.
1709 493 2272 563 PANTELEEMON
2280 494 2382 561 15..

3393 491 3520 554 4170:

237 634 330 669 σαι
362 613 546 672 καλῶς
574 628 638 678 γε
671 610 848 664 ποιῶν
877 610 970 666 καὶ
999 610 1060 664 τὸ
1084 610 1294 682 θηρίοις
1323 609 1612 680 ἐκδοθῆναι
1647 611 1816 664 κακὸν

1940 620 2032 676 set,
2068 609 2207 666 tradi
2231 609 2444 676 bestiis,
2463 614 2629 680 quam
2654 610 2886 664 adorare
2917 608 3218 672 daemones,
3244 607 3519 663 conﬂuxit-

235 705 378 760 εἶναι
410 705 749 776 κουφότερον
795 705 1160 776 λογισάμενος
1183 722 1197 736 ·
1232 705 1488 776 συνέρρει
1535 704 1635 774 μὲν
1670 707 1820 759 πᾶσα

233 804 264 867 ἡ
299 799 454 861 πόλις
483 799 617 852 ίδεῖν
646 798 709 851 τὸ
743 800 1052 868 γινόμενον,
1084 799 1302 852 νεανίαν
1337 798 1482 852 οὕτω
1512 799 1702 864 καλὸν,
1729 801 1821 853 εὐ-

233 892 363 960 γενῆ
397 892 462 944 τὸ
497 891 680 960 σῶμα,
711 891 910 960 εὐγενῆ
943 892 1040 964 τὴν
1082 891 1282 962 ψυχὴν,
1309 892 1458 946 οὐδὲν
1497 893 1610 948 ότι
1651 887 1821 947 κακὸν

232 982 516 1052 δράσαντα
545 982 737 1045 κακῶς
773 982 1043 1052 μέλλοντα
1073 984 1268 1036 παθεῖν
1300 985 1396 1036 καὶ
1429 983 1642 1052 θηρίοις
1671 985 1824 1038 ἐκδοο

233 1074 566 1143 ὓησόμενον.
633 1074 910 1143 Ἀπήγετο
958 1075 1052 1128 καὶ
1079 1078 1106 1127 ὁ
1133 1075 1341 1138 δίκαιος
1363 1075 1438 1136 ὡς
1462 1074 1598 1128 λέων
1626 1094 1818 1131 πεποι-

231 1167 336 1224 θὼς
363 1166 512 1218 κατὰ
549 1165 611 1217 τὺ
637 1165 896 1236 ᾀδόμενον
930 1166 1207 1238 καὶιούδὲν
1236 1166 1538 1236 ὐςιειμένον
1579 1166 1611 1238 ἦ
1642 1168 1819 1236 μαλα-

237 1263 327 1314 nev
355 1262 390 1330 ἢ
416 1261 564 1331 πρὸς
596 1262 744 1322 ἔλεον
766 1262 925 1318 ἕλκον
966 1263 1128 1334 ὁρῶν.
1180 1265 1288 1318 Καὶ
1317 1267 1436 1328 πῶς
1463 1263 1572 1334 γὰρ
1605 1263 1822 1336 ἔμελλε,

249 1353 339 1407 τοῦ
363 1354 636 1421 συνήθους
669 1354 867 1425 βοηθοῦ
894 1356 1058 1412 πάλιν
1094 1357 1173 1417 είς
1202 1356 1326 1425 ὄψιν
1365 1357 1667 1427 Ἐρμολάου
1696 1374 1825 1411 συν-

244 1447 386 1509 όντος
419 1446 579 1517 αὐτῷ
617 1448 718 1500 καὶ
769 1447 994 1518 θαρρεῖν
1047 1448 1465 1517 ὲπιτρέποντος;
1521 1444 1656 1504 Εἶτα
1706 1449 1819 1502 τῶν

241 1537 442 1602 θηρ⁹ων
472 1537 872 1606 ἐπαφεοέντων
907 1537 985 1609 τῷ
1015 1539 1248 1610 ἀθλητῇ,
1285 1540 1431 1593 οὕτω
1459 1541 1824 1604 κελεύσαντος

237 1625 325 1680 τοῦ
355 1627 546 1698 πολλῷ
573 1628 778 1682 τούτων
805 1630 1144 1699 ἁγριωτέρου
1172 1632 1460 1702 τυράννου,
1477 1636 1526 1685 οἱ
1553 1635 1653 1702 μὲν
1680 1652 1820 1706 παρη

235 1720 386 1782 ὀντες
423 1719 595 1780 εὐθὺς
646 1719 817 1791 ᾤοντο
871 1721 962 1775 τὸν
1009 1721 1166 1788 ἅγιον
1211 1724 1822 1796 διασιπαραχθήσεσοαι,

237 1810 311 1880 μὴ
334 1811 497 1873 δντος
524 1811 622 1864 τοῦ
663 1813 930 1883 ῥυομένου
972 1814 1108 1882 μηδὲ
1139 1815 1406 1877 σώζοντος
1429 1833 1440 1844 ·
1476 1817 1573 1887 οὐχ
1605 1816 1748 1869 οὕτω
1769 1816 1824 1870 δὲ

231 1902 356 1964 τοὺς
384 1901 668 1966 θεοσεϐεῖς
699 1903 1121 1973 παρεσκεύασεν
1174 1908 1204 1961 ὁ
1263 1906 1469 1973 λέγων’
1517 1907 1630 1960 Τὸν
1661 1908 1824 1976 Ὑψι-

233 2009 384 2047 στον
421 1992 574 2048 ἔθου
602 1995 964 2066 καταφυγήν
1000 2011 1152 2050 σου·
1209 1999 1282 2052 οὐ
1341 2001 1822 2066 προσελεύσεται

233 2084 380 2152 πρὸς
421 2083 504 2137 σὲ
552 2084 730 2147 κακὰ,
791 2086 890 2144 καὶ
925 2086 1155 2154 μάστιξ
1206 2090 1318 2143 οὐκ
1379 2090 1566 2158 ἐγγιεῐ
1624 2090 1696 2144 ἐν
1747 2089 1827 2157 τῷ

233 2175 591 2244 σκηνώματι
609 2189 748 2234 σου⁶
772 2178 889 2231 καί·
916 2177 1049 2233 Ἐπὶ
1080 2180 1311 2235 ἀσπίδα
1334 2183 1428 2236 καὶ
1450 2183 1828 2246 βασιλίσκων

237 2270 530 2337 ἐπιϐρίσῃ,
550 2271 653 2326 καὶ
667 2273 1111 2341 καταπατήσεις
1133 2273 1354 2328 λέοντα
1370 2275 1468 2328 καὶ
1491 2275 1790 2344 δράκοντα
1809 2295 1823 2308 ο

241 2359 441 2415 οὔκουν
477 2361 605 2419 οὐδὲ
634 2362 886 2430 διέξευσε
920 2364 1012 2416 τοῦ
1049 2365 1442 2430 πιστεύσαντος
1471 2369 1571 2437 τὴν
1606 2368 1824 2423 ἐλπίδα.

242 2451 514 2506 τοσοῦτον
547 2453 659 2526 γὰρ
715 2455 957 2525 ἀπέσχον
992 2455 1042 2508 οἱ
1073 2455 1238 2526 θῆρες
1283 2457 1377 2510 τοῦ
1411 2459 1598 2522 κακῶς
1645 2459 1827 2512 διαθέ-

246 2547 364 2602 q‘ht
396 2545 491 2597 τὸν
529 2545 712 2613 ἅγιον,
756 2546 831 2607 ὡς
870 2549 1068 2619 μικροῦ
1101 2551 1194 2602 καὶ
1225 2549 1284 2602 τὺ
1340 2549 1414 2621 μὴ
1451 2551 1626 2620 θῆρας
1683 2549 1827 2606 εἶναι

249 2633 382 2694 ὅλως
413 2635 616 2699 αὐτοὺς
647 2637 997 2706 νομισθῆναι,
1027 2639 1224 2709 θῆρας,
1257 2640 1416 2710 έςρην,
1467 2641 1593 2712 μηδ’
1641 2643 1829 2708 ἁπλῶς

245 2727 417 2792 ﬂora
455 2727 552 2780 καὶ
584 2727 680 2780 τοῦ
721 2730 941 2799 φρονεῖν
977 2731 1424 2802 ἀπεστερημένοι,
1462 2733 1579 2785 ἀλλ’
1612 2730 1725 2786 οἷόν
1749 2751 1834 2786 τι·-

242 2835 329 2882 νος
364 2820 660 2889 ἔμφρονας
693 2822 790 2874 καὶ
819 2821 920 2890 τῆς
952 2822 1062 2875 τῶν
1108 2824 1345 2892 λογικῶν
1379 2824 1540 2888 ὄντας
1573 2829 1828 2897 μερεδας,

247 2913 385 2982 μετὰ
450 2913 661 2982 πολλῆς
706 2913 786 2984 τῷ
836 2915 1079 2987 μάρτυρι
1135 2918 1469 2988 προσιόντας
1518 2921 1832 2988 εὐλαϐείας,

249 3005 533 3072 ϐαίνοντας
581 3008 640 3062 δὲ
694 3011 870 3080 ἡδέως
916 3013 1010 3066 καὶ
1041 3013 1414 3086 φιλανθρώπῳ
1466 3015 1688 3089 γλώσσῃ
1737 3022 1833 3073 καὶ

249 3097 624 3174 θερειπευτικῇ
657 3104 764 3156 τῶν
791 3105 967 3158 ποδῶν
990 3108 1442 3177 παραψαύοντας,
1469 3110 1647 3175 ἄλλως
1683 3128 1744 3166 τε
1776 3113 1832 3166 δὲ

253 3193 336 3244 καὶ
388 3193 649 3264 ἀλλήλοις
706 3195 1152 3268 διαμιλλώμενοι,
1204 3201 1289 3264 τίς
1359 3201 1575 3272 πρῶτος
1652 3205 1835 3263 αὐτῶν

1925 705 2151 774 quidem
2213 704 2471 760 universa
2523 701 2722 758 civitas
2784 702 2854 757 ad
2905 701 3199 757 videndum
3254 701 3306 755 id
3361 701 3527 770 quod.

1926 797 2112 860 ﬁebat,
2146 805 2254 850 tam
2304 796 2594 866 pulchrum
2624 794 2836 850 scilicet
2861 794 3150 862 iuvenem,
3195 803 3250 846 et
3275 808 3524 862 corpore-

1923 897 1981 943 et
2010 891 2200 944 animo
2240 896 2614 959 praestantem,
2643 888 2734 954 qui
2764 887 2902 940 nihil
2936 887 3064 942 mali
3094 886 3334 950 fecisset,
3371 884 3527 939 male-

1925 990 2292 1054 passurum.et
2331 980 2462 1035 feris
2495 980 2819 1035 tradendum
2853 979 3068 1034 bestiis.
3114 979 3397 1032 Abductus
3425 984 3524 1030 est.

1925 1084 2108 1129 autem
2155 1074 2333 1144 iustus
2364 1075 2650 1127 conlidens
2682 1081 2741 1127 ut
2768 1073 2878 1131 leo.
2908 1073 3050 1127 sicut
3079 1071 3314 1131 canitur.
3343 1080 3398 1123 et
3427 1069 3513 1122 ni-

1929 1168 2005 1222 hil
2059 1167 2223 1221 molle
2277 1181 2342 1220 ac
2393 1167 2686 1221 remissum
2741 1167 2984 1230 intuens,
3035 1174 3129 1218 aut
3187 1162 3334 1232 quod
3397 1177 3513 1215 mo-

1927 1270 2086 1314 veret
2123 1262 2188 1314 ad
2240 1258 2702 1314 misericordiam.
2759 1256 3044 1322 Quomodo
3093 1257 3240 1310 enim
3293 1255 3347 1309 id
3395 1262 3524 1308 erat.

1927 1353 2197 1419 facturus,
2237 1368 2361 1408 cum
2409 1367 2601 1405 rursus
2633 1353 2688 1404 in
2730 1360 3086 1419 conspectum
3128 1348 3342 1401 veniret
3378 1345 3510 1399 Iler-

1927 1451 2162 1512 molaus,
2196 1447 2495 1516 etiuberet
2543 1462 2667 1500 eum
2702 1460 2826 1499 esse
2872 1445 3019 1499 bono
3049 1441 3269 1496 animo?
3306 1438 3534 1493 Deinde.

1927 1559 2051 1598 cum
2080 1542 2267 1597 bestiae
2291 1541 2403 1610 iam
2434 1556 2558 1594 cum
2594 1539 2799 1595 athleta
2833 1545 3021 1592 essent
3075 1549 3404 1606 congressae,
3434 1533 3520 1587 sic

1922 1637 2152 1704 iubente
2205 1644 2460 1706 tyranno.
2507 1633 2598 1704 qui
2653 1634 2881 1687 aderant
2945 1631 3190 1699 quidem.
3250 1627 3517 1697 putabant

1929 1729 2066 1792 fore,
2123 1737 2184 1782 ut
2254 1735 2478 1782 sanctus
2534 1726 2716 1780 statim
2805 1725 3230 1792 discerperetur.
3293 1717 3535 1788 perinde-

1927 1838 1994 1878 ac
2050 1823 2095 1876 si
2162 1835 2272 1875 non
2322 1828 2468 1875 esset
2526 1819 2618 1888 qui
2678 1825 2923 1871 servaret
2960 1825 3018 1868 et
3064 1813 3307 1882 eriperet
3351 1827 3366 1862 :
3417 1808 3517 1864 sed

1929 1915 1996 1968 de
2058 1912 2182 1967 viro
2241 1913 2333 1981 pio
2390 1927 2500 1964 non
2557 1910 2637 1964 sic
2685 1917 2954 1963 statuerat
2981 1906 3047 1966 is.
3074 1904 3166 1975 qui
3216 1903 3342 1957 dicit
3380 1919 3395 1955 :
3428 1902 3520 1954 Αι.

1935 2006 2192 2059 tissimum
2222 2002 2440 2074 posuisti
2468 2002 2732 2073 refugium
2783 2009 2930 2052 tuum
2957 2013 2975 2051 :
3028 2013 3131 2050 non
3176 1994 3421 2047 accedent
3449 1992 3519 2045 ad

1934 2108 1981 2154 te
2029 2097 2199 2161 mala,
2249 2105 2297 2150 et
2355 2096 2631 2167 ﬂagellum
2687 2109 2790 2147 non
2846 2088 3288 2161 appropinquabit
3343 2083 3520 2138 taber-

1932 2191 2124 2247 naculo
2181 2203 2271 2246 tuo
2311 2229 2328 2256 ,
2447 2197 2526 2252 et,
2561 2189 2736 2256 Super
2793 2185 3034 2253 aspidem
3102 2189 3149 2235 et
3214 2177 3528 2233 basiliscum

1931 2282 2250 2346 ambulabis,
2313 2290 2362 2334 et
2420 2278 2750 2334 conculcabis
2809 2276 3010 2329 leonem
3071 2281 3118 2325 et
3159 2270 3447 2324 draconem
3473 2267 3517 2322 '.

1931 2377 2120 2446 Itaque
2150 2390 2251 2430 nec
2291 2389 2444 2443 spem
2481 2371 2676 2426 fefellit
2706 2370 2846 2439 ejus,
2887 2367 2978 2436 qui
3011 2364 3339 2418 crediderat.
3371 2358 3518 2414 Tan-

1937 2480 2049 2524 tum
2106 2467 2257 2522 enim
2307 2464 2503 2526 abfuit,
2561 2473 2620 2517 ut
2667 2461 2798 2516 ferte
2850 2466 3043 2514 sancto
3101 2453 3516 2516 ntalel‘acerent,

1934 2569 1993 2614 ut
2042 2575 2121 2614 eae
2162 2557 2559 2628 propemodum
2611 2569 2682 2608 ne
2737 2552 2867 2607 fera:
2915 2549 3133 2620 quidem
3176 2547 3540 2610 viderentur;_

1934 2654 2085 2713 ferae.
2136 2651 2272 2715 dixi,
2314 2650 2424 2704 imo
2475 2663 2597 2712 nec,
2646 2655 2708 2700 ut
2747 2643 2924 2698 semel
2966 2641 3169 2704 dicam,
3221 2634 3542 2695 animantia,

1934 2747 2147 2800 ratione
2197 2741 2472 2806 carentia,
2522 2749 2580 2796 et
2621 2736 2672 2794 vi
2735 2732 3071 2803 intelligendi
3129 2731 3343 2802 privata
3374 2747 3388 2782 :
3420 2725 3546 2786 sed,

1935 2849 2198 2906 tanquam
2258 2833 2572 2905 prudentia,
2619 2839 2675 2885 et
2731 2846 2796 2884 ex
2859 2841 3090 2882 numero
3149 2836 3341 2877 eorum
3402 2833 3524 2889 qua:

1936 2940 2066 2985 sunt
2119 2929 2334 2983 ratione
2382 2924 2631 2997 praedita,
2661 2936 2787 2976 cum
2840 2931 3050 2988 magna,
3091 2910 3403 2970 reverentia
3433 2923 3524 2963 ac-

1935 3022 2194 3076 cederent
2236 3019 2305 3074 ad
2332 3026 2647 3086 martyrem,
2681 3011 2923 3069 suaviter
2967 3006 3334 3068 blandientes,
3366 3000 3525 3058 beni-

1935 3129 2148 3186 gnaque
2207 3121 2261 3166 ct
2310 3109 2624 3164 medicante
2676 3106 2860 3174 lingua
2923 3100 3094 3172 pedes
3161 3104 3447 3164 tangentes
3507 3110 3522 3146 :

1936 3217 1991 3263 et
2037 3205 2242 3275 alioqui
2282 3204 2447 3258 inter.
2481 3217 2540 3256 se
2589 3197 3014 3258 contenderent,
3060 3205 3310 3262 quanam
3352 3187 3526 3258 prima

248 3284 636 3354 προσέλθοι,οὐ
669 3288 938 3359 πρότερον
963 3290 1349 3360 ἀφιστάμενοι,
1383 3294 1514 3362 πρὶν
1543 3295 1609 3350 ἂν
1638 3299 1668 3350 ὁ
1692 3297 1833 3371 μάρ-

1940 3301 2003 3356 ad
2037 3316 2162 3356 eum
2197 3298 2504 3360 accederet.
2540 3303 2598 3350 et
2635 3307 2746 3349 non
2797 3291 2950 3360 prius
3012 3284 3316 3346 recederet.
3364 3295 3526 3351 quam

245 3393 336 3438 τυς
365 3379 558 3440 αὐτοῖς
598 3379 760 3450 ἐπιθῇ
791 3382 892 3452 τὴν
921 3385 1081 3453 χεῖρα
1107 3386 1201 3438 καὶ
1234 3386 1613 3457 εὐλογήσειεν.

317 3467 453 3524 KA'.
493 3467 606 3524 Ἦν
628 3471 723 3526 οὖν
772 3474 904 3528 ἰδεῖν
956 3478 1192 3547 πρᾶγμα
1225 3480 1421 3552 κομιδῇ
1477 3484 1830 3538 καινότατον·

249 3562 370 3616 Iasi
401 3562 518 3629 γὰρ
565 3565 794 3634 τοιαύτη
850 3568 979 3631 τοὺς
1019 3570 1346 3641 ἀνθρώπους
1395 3573 1605 3645 ὑπῆλθε
1640 3578 1833 3643 κακία,

252 3653 386 3705 ὥστε
421 3654 565 3724 ὁμοῦ
595 3659 694 3708 καὶ
726 3657 938 3728 ἀλόγων
969 3661 1173 3726 αὐτοὺς
1205 3663 1396 3718 ἄνοιαν
1428 3668 1522 3720 καὶ
1572 3667 1838 3739 ὠμότητα

254 3743 461 3814 θηρίων
493 3746 847 3816 ὑπερϐαλεῖν,
893 3752 991 3823 τὴν
1017 3754 1118 3822 μὲν
1147 3754 1206 3807 έν
1234 3754 1314 3824 τῷ
1353 3757 1428 3826 μὴ
1461 3757 1718 3814 σέϐεσθαι
1743 3761 1838 3815 τὸν

249 3840 621 3910 πεποιηκότα,
655 3843 756 3912 τὴν
786 3843 844 3897 δὲ
881 3845 940 3898 ὲν
987 3846 1068 3916 τῷ
1111 3849 1478 3919 τιμωρεῖσθαι
1511 3853 1638 3916 τοὺς
1675 3853 1839 3915 αὐτὸν

252 3930 615 4001 σεϐομένους,
674 3934 1035 4007 ᾠκονόμησεν
1079 3939 1110 3993 ό
1157 3941 1338 3996 πάντα
1409 3946 1840 4012 μετασκευάζων

254 4024 412 4089 Θεὸς,
467 4027 713 4114 ἔμπαλιν
759 4030 892 4094 τοὺς
943 4031 1114 4102 θῆρας
1165 4029 1256 4087 οἷα
1303 4035 1559 4104 λογικοῖις
1603 4039 1839 4110 ὀφθῆναι

254 4117 347 4171 καὶ
392 4117 706 4188 ἀνθρώπων
759 4122 1082 4194 ἡμερότητα
1130 4129 1530 4197 μιμουμένους.
1585 4133 1838 4204 κήρυκας

255 4209 515 4276 ἀψευδεῖς
542 4213 704 4276 ὄντας
727 4214 825 4283 τῆς
857 4218 1086 4270 ἐκείνων
1136 4219 1340 4284 κακίας
1371 4224 1466 4276 καὶ
1510 4225 1622 4294 τῆς,
1673 4227 1840 4280 αὐτοῦ

251 4301 542 4372 ἁφράστου
576 4307 1012 4376 μακαριότητος.
1038 4307 1204 4362 Ὅθεν
1250 4312 1346 4365 καὶ
1379 4313 1428 4366 οἱ
1455 4315 1724 4383 παρόντες
1747 4316 1844 4372 ἐπὶ

253 4392 328 4462 τῷ
361 4395 669 4465 γενομένῳο
703 4398 898 4467 Μέγας
926 4401 955 4452 ό
981 4402 1094 4457 τῶν
1118 4403 1468 4474 Χριστιανῶν
1499 4406 1632 4470 Θεός
1663 4409 1841 4474 ὲστιν,

252 4485 279 4536 ὁ
307 4485 474 4555 μόνος
506 4487 606 4540 καὶ
643 4488 903 4560 ἀψευδὴς,
942 4492 1137 4558 δδόων,
1195 4496 1290 4549 καί
1315 4513 1328 4527 ⁸
1373 4499 1654 4567 Ἀφιέσθοι
1693 4501 1722 4554 ὁ
1767 4501 1846 4554 δί-

253 4593 433 4641 καιος.
477 4579 546 4632 Τί
599 4580 696 4635 οὖν
750 4585 780 4636 ό
831 4583 1048 4654 ἀληθῶς
1081 4586 1186 4658 θὴρ
1213 4589 1310 4641 καὶ
1355 4578 1652 4660 ὠμότατος
1683 4593 1843 4664 βασι-

1937 3404 2143 3464 martyr
2186 3392 2236 3447 ei
2286 3405 2509 3445 manum
2563 3380 3070 3455 imposuissctetei
3137 3374 3526 3434 benedixisset.

2010 3483 2156 3540 XXI.
2187 3482 2410 3537 Licebat
2440 3478 2791 3550 ergo-videre
2816 3491 2933 3529 rem
2967 3472 3205 3528 maxime
3228 3485 3451 3531 novam,
3473 3477 3531 3524 et

1939 3580 2098 3648 longe
2117 3574 2611 3646 iucundissimam,
2655 3569 2912 3624 homines
2949 3566 3444 3636 quidem.mutatos
3472 3561 3526 3616 in

1939 3671 2180 3726 ferarum
2219 3665 2510 3728 saevitiam,
2536 3677 2732 3718 rursus
2759 3671 2946 3718 autem
2973 3657 3150 3713 videri
3189 3656 3356 3718 feras,
3404 3663 3522 3708 tan-

1940 3778 2104 3835 quam
2144 3761 2358 3815 ratione
2392 3756 2670 3828 pmditas,
2705 3763 2764 3809 et
2803 3752 2952 3807 credi
2995 3751 3291 3806 humanam
3328 3746 3534 3801 habere

1945 3852 2466 3912 mansuetudinem,
2487 3848 2532 3903 li
2567 3858 2740 3911 certe,
2787 3845 2880 3916 qui
2907 3845 3158 3907 aderant,
3191 3838 3445 3895 admirati
3477 3837 3531 3892 id

1941 3949 2086 4018 quod
2113 3945 2338 4000 factum.
2359 3943 2564 4006 fuerat,
2589 3939 2952 3998 clamabant:
2993 3935 3220 4006 Magnus
3267 3939 3353 3987 est
3394 3931 3535 3984 Deus

1941 4039 2404 4102 Christianorum,
2433 4035 2526 4105 qui
2558 4033 2780 4104 quidem
2810 4039 2896 4086 est
2934 4029 3086 4085 solus
3111 4036 3167 4082 et
3197 4039 3393 4088 verus;
3428 4031 3484 4078 et
3517 4040 3532 4075 :

1944 4130 2481 4199 Dimittaturiustus.
2509 4125 2648 4194 Quid
2677 4125 2865 4196 igitur?
2886 4121 2988 4189 Qui
3015 4135 3145 4174 vere
3167 4128 3286 4172 erat
3307 4116 3455 4170 ferus
3481 4123 3538 4172 ei

1945 4222 2378 4286 crudelissimus,
2415 4220 2716 4290 imperator
2758 4217 2894 4270 iram
2931 4213 3100 4268 infert
3125 4211 3180 4265 in
3219 4211 3444 4274 bestias,
3483 4217 3540 4264 et

1945 4331 2138 4374 omnes
2165 4316 2348 4370 Statim
2385 4312 2526 4368 tollit
2549 4313 2616 4368 de
2652 4310 2857 4373 medio,
2906 4306 3140 4378 perinde
3193 4319 3258 4358 ac
3287 4303 3369 4358 eis
3399 4301 3540 4356 invi-

1947 4412 2084 4468 deus
2109 4409 2480 4480 prudentiam,
2505 4415 2563 4461 et
2592 4421 2702 4460 non
2730 4413 2926 4474 potens
2959 4401 3103 4456 ferre
3133 4414 3328 4454 earum
3350 4410 3540 4467 .repre;

1948 4505 2298 4561 hensionem.
2331 4501 2443 4556 illa:
2489 4511 2675 4555 autem
2723 4513 2849 4552 cum
2871 4495 2952 4550 sic
2990 4503 3176 4550 esseut
3216 4490 3538 4555 interfectae,

1951 4598 2150 4654 multos
2181 4596 2302 4651 dies
2325 4603 2651 4649 manserunt
2677 4607 2708 4645 a
2741 4590 2894 4645 nullo
2925 4600 3161 4643 comesa:
3195 4599 3258 4644 ea
3285 4581 3542 4643 carnivoa

253 4669 402 4738 λεὺςς
437 4671 669 4742 Ἐπάγει
694 4675 786 4728 τὸν
816 4676 988 4747 θυμὸν
1015 4680 1158 4734 κατὰ
1181 4681 1289 4735 τῶν
1319 4681 1524 4754 θηρίων
1554 4686 1644 4737 καὶ
1669 4687 1834 4745 πάντα

1953 4691 2051 4755 εἰς,
2083 4689 2196 4744 Deo
2229 4689 2284 4743 in
2321 4688 2426 4742 hoc
2447 4699 2666 4756 quoque
2711 4681 2975 4736 athletam
3009 4679 3342 4742 honorante,
3396 4671 3541 4735 etad

256 4767 424 4829 εὐθὺς
459 4769 697 4841 ἀναιρεῖ,
738 4771 928 4843 ὥσπερ
959 4773 1331 4844 διαφθονήσας
1369 4779 1555 4840 αὐτοῖς
1582 4777 1684 4846 τῆς
1720 4796 1848 4833 συν-

258 4860 432 4924 έσεως
469 4863 566 4916 καὶ
623 4863 718 4916 τδν
752 4865 848 4918 ὐπ’
877 4867 1106 4922 ἐκείνων
1156 4869 1258 4923 οὐκ
1311 4869 1551 4940 ἐνεγκὼν
1602 4848 1848 4942 ἔλεγχον.

260 4952 340 5006 Τὰ
369 4953 428 5007 δὲ
483 4955 578 5007 καὶ
632 4954 810 5019 οὕτως
863 4957 1228 5027 ἀναιρεθέντα
1262 4963 1355 5015 ἐπὶ
1409 4963 1635 5027 πολλαῖς
1688 4967 1850 5035 ἔμενε

260 5049 379 5111 ταῖς
417 5049 681 5120 ἡμέραις,
721 5050 900 5105 οὐδενὶ
936 5051 1142 5124 βρῶσις
1171 5055 1280 5108 τῶν
1315 5057 1670 5132 σαρκοβρρων
1704 5059 1853 5127 γινό-

265 5158 425 5208 μενα,
457 5141 733 5213 τιμῶντος
787 5147 891 5198 κάν
922 5147 1098 5217 τούτῳ
1147 5148 1386 5218 ἀθλητὴν
1413 5151 1507 5203 τοῦ
1563 5150 1700 5204 Θεοῦ
1748 5152 1844 5206 καὶ

266 5235 403 5304 πρὸς
425 5235 720 5290 εὐσέϐειαν
777 5239 906 5301 τοὺς
966 5239 1160 5304 ἄλλους
1202 5240 1672 5311 παρακαλοῦντος,
1706 5243 1848 5296 ὥστε

264 5327 356 5376 τὸν
379 5327 644 5382 ἀσύνετον
671 5329 907 5400 βασιλέα.
927 5333 1087 5386 τοῦτο
1120 5334 1386 5403 μαθόντα,
1440 5335 1748 5406 προστάξαι
1783 5334 1852 5389 τὰ

266 5417 432 5487 Θηρία
467 5422 848 5492 κατορυγῆναι
877 5427 945 5494 τῇ
973 5428 1070 5494 γῇ.
1102 5426 1320 5488 πολλοῖς
1351 5426 1494 5480 οὕτω
1525 5428 1622 5498 τὴν
1668 5428 1854 5483 πίστιν

267 5512 720 5583 ἑπιστηρίζοντα.
769 5516 1138 5586 Διαπορηθεὶς
1177 5519 1359 5570 τοίνυν
1388 5523 1415 5570 ὁ
1468 5519 1815 5588 Μαξιμιανός
1854 5523 1869 5556 ‘

271 5604 309 5652 'l'
319 5604 332 5653 ί
363 5606 681 5672 ποιήσαιμι,
737 5604 915 5674 ἔλεγε,
979 5608 1373 5675 “dwelt-Eone;
1428 5609 1533 5680 ήδη
1585 5609 1716 5680 γὰρ,
1781 5608 1858 5673 ὡς

269 5696 455 5760 ὁρᾶτε,
496 5695 623 5758 τοὺς
669 5696 889 5762 πλείους
947 5699 1260 5768 ἀπέστησεν
1292 5700 1403 5754 ἀπὸ
1439 5701 1552 5762 τῶν
1600 5701 1758 5765 θεῶν,
1793 5703 1857 5758 Oi

273 5787 362 5838 δὲ’
401 5788 632 5856 Τρολὸς,
663 5790 819 5856 φασὶ,
869 5791 1134 5859 γενέσθω,
1173 5793 1267 5847 καὶ
1297 5791 1383 5864 ἐφ’
1436 5791 1656 5864 ὑψηλοῦ
1700 5787 1858 5862 οὗτος

377 5970 398 5999 ⁸
425 5967 566 6025 Paul.
614 5985 700 6034 xc,
743 5967 920 6025 10-115.

1948 4786 2206 4855 pietatem
2237 4780 2374 4834 alios
2415 4780 2706 4832 hortante:
2736 4772 2876 4826 adeo
2929 4778 2990 4823 ut
3033 4784 3157 4827 cum
3194 4769 3296 4820 hoc
3330 4763 3537 4822 stultus

1949 4874 2262 4930 τεεοὶιιίεεει
2282 4873 2598 4942 imperator.
2621 4881 2714 4922 eas
2741 4862 2967 4934 jusserit
3027 4859 3222 4918 iniodi.
3264 4857 3345 4913 sic
3401 4857 3541 4911 mul-

1951 4968 2022 5023 tis
2043 4967 2201 5021 [idem
2235 4963 2591 5020 confirmans.
2623 4959 2714 5014 Sic
2739 4949 3539 5025 ergodubitansMaximianus,

1952 5061 2093 5128 Quid
2125 5059 2341 5121 faciam.
2367 5058 2605 5119 dicebat.
2631 5050 2989 5110 Pautoleoui?
3012 5049 3119 5117 iam
3155 5044 3327 5108 enim,
3383 5051 3444 5095 ut
3464 5041 3543 5095 vi-

1950 5153 2319 5220 detis,multos
2355 5151 2583 5206 abduxit
2619 5147 2815 5202 a.-deis.
2839 5143 2920 5199 llli
2951 5152 3160 5198 autem:
3188 5138 3330 5201 Fiat,
3362 5137 3542 5200 aiunt,

1952 5255 2095 5306 rota.
2136 5253 2192 5298 et
2217 5259 2281 5299 ea
2318 5243 2370 5296 in
2405 5242 2594 5296 altum.
2609 5240 2788 5293 locum
2823 5234 3054 5290 feratur.
3096 5229 3302 5286 Deinde
3329 5243 3453 5284 cum
3487 5226 3539 5280 ei

1955 5337 2127 5393 fuerit
2149 5337 2404 5407 alligatus
2431 5333 2752 5393 Pantoleon,
2777 5345 2876 5401 per
2898 5326 3109 5383 declive
3155 5325 3424 5378 mittatur:
3454 5335 3546 5374 ac-

1959 5430 2105 5486 cidet
2129 5430 2273 5483 enim
2303 5427 2554 5491 omnino,
2593 5437 2652 5480 ut
2682 5439 2806 5480 cum
2854 5421 3110 5477 deorsqu
3147 5417 3375 5478 feratur,
3431 5412 3550 5483 ipse

1964 5539 2063 5593 per
2096 5530 2279 5592 partes
2305 5531 2360 5576 et
2400 5520 2644 5574 membra
2665 5523 3006 5575 conteratur.
3031 5519 3086 5564 et
3112 5508 3190 5565 sic
3215 5507 3388 5560 malus
3410 5505 3549 5558 male

1965 5592 2177 5684 pereat.
2211 5609 2278 5664 Et
2309 5610 2426 5664 haec
2459 5607 2680 5676 quidem
2721 5605 2799 5658 illi
2822 5599 3066 5674 prompti
3102 5599 3170 5654 ad
3223 5596 3426 5652 malum
3465 5592 3550 5646 in-

1942 5703 2322 5780 lveniendum,
2357 5712 2416 5756 et
2459 5699 2553 5770 qui
2592 5697 2730 5753 nihil
2777 5711 2933 5767 aeque
2967 5696 3110 5750 bene
3149 5689 3442 5750 faciebant,
3487 5700 3550 5780 ac

1965 5795 2258 5852 laedebant.
2292 5793 2438 5851 Deus
2465 5800 2669 5858 autem,
2700 5788 2792 5862 qui
2837 5801 3057 5859 semper
3079 5783 3311 5858 protegit
3332 5793 3429 5837 eos
3456 5779 3566 5850 qui.
