3994 6462
434 465 505 525 75
1712 461 2000 522 MENSIS
2037 459 2331 525 IULIUS.

3563 448 3673 511 na
3762 414 3779 433 '

471 570 658 626 λχιί.
694 569 830 626 Cum
858 584 990 625 vero
1012 568 1221 625 nultum
1276 584 1385 625 non
1427 566 1691 627 movisset
1718 569 1978 640 lapidem,

2154 569 2299 638 KCf'.
2334 570 2488 625 Ἐπεὶ
2517 567 2598 634 δέ,
2630 565 2688 622 τδ
2710 565 2803 620 τοῦ
2833 563 3019 632 λόγου,
3050 562 3227 617 πάντα
3263 560 3408 613 λίθον
3443 561 3678 629 κινήσας

395 662 638 733 lapidum
666 663 945 726 adorator,
978 661 1192 718 videret
1224 671 1407 718 autem
1437 677 1564 719 eum
1613 660 1755 718 nihil
1778 662 1846 718 de
1883 677 1981 719 sua

398 754 681 808 remittere
699 753 1032 816 constantia,
1057 762 1306 822 etneque
1343 753 1544 808 cedere
1595 753 1983 809 assentationi-

394 846 516 907 bus,
531 858 635 899 nec
653 844 946 897 verborum
962 843 1330 910 suasionibus,
1347 859 1448 899 nec
1461 844 1732 899 donorum
1754 843 1987 914 promis-

396 937 495 999 sis,
513 950 615 990 nec
635 935 1047 1005 suppliciorum
1082 936 1266 1000 minis,
1293 952 1472 1007 neque
1499 937 1683 1007 aliquo
1700 939 1807 991 alio
1821 952 1888 992 ex
1919 935 1985 992 iis

394 1044 514 1096 qua!
532 1027 615 1082 vel
636 1027 890 1092 delinire,
907 1031 989 1083 vel
1014 1040 1324 1098 perterrere
1344 1039 1593 1100 possunt,
1613 1029 1806 1084 abduci
1831 1046 1857 1082 a
1880 1028 1988 1099 pie-

399 1127 528 1186 tate,
554 1119 643 1172 ubi
668 1136 795 1174 cum
827 1120 1008 1175 adhuc
1025 1119 1254 1189 ﬂagellis
1300 1122 1985 1189 vehementercecidisset,

394 1224 503 1267 non
524 1209 667 1278 quod
691 1222 938 1280 speraret
956 1226 1014 1265 se
1031 1212 1236 1282 aliquid
1276 1229 1433 1280 posse
1446 1214 1682 1277 cllicere,
1707 1217 1801 1270 sed
1824 1226 1882 1269 ut
1900 1232 1988 1269 ex-

394 1301 563 1370 pleret
582 1317 735 1356 suam
756 1302 925 1355 animi
946 1302 1248 1367 libidinem,
1267 1314 1325 1357 ut
1343 1304 1521 1375 gladio
1550 1318 1785 1361 mortem
1833 1307 1989 1361 subi-

394 1403 627 1457 t'et,eum
648 1396 976 1451 condemnat
999 1406 1084 1449 :et
1100 1395 1298 1451 deinde
1317 1407 1439 1467 post
1455 1408 1687 1452 mortem
1704 1399 1989 1467 pulchrum

397 1501 600 1554 corpus
663 1486 769 1556 igni
803 1488 1049 1543 mandari
1085 1506 1100 1544 :
1134 1488 1199 1552 is,
1237 1489 1851 1556 inquam,c0ndemnat,
1899 1490 1991 1561 qui

398 1585 603 1630 a-teruo
666 1577 795 1647 igne
846 1593 971 1633 rere
1023 1588 1141 1633 erat
1184 1581 1403 1649 dignus.
1459 1581 1767 1636 Ducebatur
1807 1583 1994 1653 itaque

401 1867 526 1907 nius
549 1853 741 1922 plenus
763 1857 963 1924 gaudio
981 1858 1207 1927 (sciebat
1222 1860 1372 1914 enim
1387 1876 1452 1914 ex
1474 1860 1672 1930 quibus
1688 1860 1994 1917 afﬂictioni-

2084 665 2114 718 ὁ
2138 662 2250 716 τῶν
2282 661 2448 716 λίθων
2479 660 2868 733 προσκυνητὴς
2901 656 3182 710 ἁνένδοτον
3214 654 3377 707 αὐτὸν
3407 652 3556 722 ἐώρα
3580 653 3680 704 καὶ

2087 754 2267 824 πάσης
2302 752 2505 820 πέτρας
2557 749 2917 821 στερρά-τερον
2957 747 3046 800 καὶ
3064 742 3190 798 οὔτε
3225 742 3567 806 κολακείαις,
3607 741 3673 794 οὗ

2087 846 2259 914 λόγων
2301 844 2502 910 πειθοῖ,
2539 844 2602 898 οὐ
2630 839 2850 914 δωρεῶν
2882 836 3268 908 ἐπαγγελίαις,
3301 836 3361 889 οὐ
3393 833 3680 904 τιμωριῶν

2087 937 2357 1002 ἀπειλαῖς,
2406 936 2508 989 οὐκ
2559 933 2705 1002 ἄλλῳ
2758 931 2866 984 τινὶ
2898 928 3007 983 τῶν
3062 928 3094 998 ἢ
3142 926 3447 996 θέλγειν,ἢ
3490 925 3680 991 φοϐεῖν

2087 1028 2400 1098 δυναμένων
2425 1028 2522 1096 τῆς
2549 1022 2833 1086 εὐσεϐείας
2885 1016 3411 1091 παρατρεπόμενον,
3452 1015 3682 1084 μάστιῖι

2092 1123 2185 1177 καὶ
2214 1123 2292 1173 ἔτι
2332 1120 2593 1188 σφοδραῖς
2631 1118 3005 1183 αἰκισάμενος.
3039 1112 3190 1164 οὐδὲν
3240 1110 3403 1162 πλέον
3437 1107 3680 1172 ἐλπίζων

2090 1214 2298 1277 ἀνύειν,
2328 1211 2469 1266 ἀλλὰ
2512 1209 2589 1280 τῷ
2627 1208 2783 1275 θυμῷ
2816 1198 3203 1276 χαριζόμενος,
3251 1203 3344 1255 τὸν
3370 1201 3456 1254 διὰ
3491 1199 3685 1266 ξίφους

2094 1302 2326 1356 θάνατον
2370 1298 2466 1353 καὶ
2497 1298 2660 1352 αὐτὸν
2691 1296 3035 1363 κατακρίνει.
3071 1289 3189 1346 εἶτα
3234 1291 3328 1344 καὶ
3364 1290 3505 1358 μετὰ
3526 1288 3686 1349 τέλος

2094 1392 2230 1462 πυρὶ
2272 1391 2333 1444 τὸ
2378 1387 2543 1442 καλὸν
2593 1387 2755 1457 σῶμα
2807 1382 3212 1453 παραδοθῆναι,
3246 1383 3274 1433 ὁ
3314 1378 3409 1431 τοῦ
3457 1377 3683 1432 αἰωνίου

2097 1483 2268 1554 πυρὸς
2312 1481 2484 1544 ὅντως
2530 1478 2702 1543 ἄξιος.
2759 1479 2965 1544 ’Ἥγετο
3001 1471 3294 1542 τοιγαροῦν
3342 1471 3422 1532 είς
3454 1468 3547 1522 τὸν
3579 1469 3687 1537 τῆς

2096 1573 2432 1629 τελειώσεως
2465 1572 2628 1625 τόπον
2678 1568 2834 1640 χερσὶ
2877 1565 3090 1647 δημίων
3117 1565 3145 1616 ὁ
3177 1562 3419 1632 ἀθλητὴς
3448 1577 3682 1614 πιστευ-

302 1683 313 1695 κ
397 1667 601 1722 athleta
619 1669 683 1722 ad
700 1670 873 1723 locum
888 1673 1394 1737 consummationis,
1411 1674 1734 1729 commissus
1747 1675 1991 1732 inanibus

2097 1668 2233 1731 θείς.
2282 1664 2456 1719 Ἔνθα
2485 1663 2550 1733 δὴ
2582 1662 2676 1716 καὶ
2707 1661 2997 1731 γενόμενος
3031 1657 3124 1711 καὶ
3163 1656 3339 1727 χαρᾶς
3373 1655 3505 1721 ὅσης
3532 1652 3684 1723 πλη-

399 1757 803 1826 lictorum.Quo
820 1762 1042 1832 quidem
1068 1779 1191 1816 cum
1214 1766 1477 1830 venisset,
1497 1775 1712 1822 etesset
1733 1769 1853 1837 ejus
1871 1772 1995 1824 ani-

2099 1759 2248 1823 σθεὶς
2301 1756 2400 1830 τὴν
2445 1755 2625 1825 ψυχὴν
2681 1752 2830 1825 (ᾔδει
2864 1751 2975 1820 γὰρ
3011 1748 3070 1814 ἐξ
3114 1748 3242 1802 οἴων
3289 1745 3523 1815 θλίψεων
3566 1740 3685 1798 οἶαι

2099 1852 2291 1907 τοῦτον
2363 1848 2696 1911 διαδέξονται
2766 1844 2988 1915 ἡδοναὶ)
3052 1841 3110 1894 τὸ
3162 1839 3452 1894 Δαυῒτικὸν
3521 1836 3687 1891 τοῦτο

400 1943 505 1999 bus
534 1945 721 2014 quales
740 1963 867 2003 eum
902 1960 1086 2005 essent
1118 1962 1430 2022 exceptura:
1457 1954 1813 2025 voluptates),
1839 1956 1988 2026 psal-

2096 1941 2371 2013 ὐπέψαλλε
2406 1940 2582 2009 λέγων
2603 1952 2618 1969 ·
2653 1912 2985 2001 Ilisos-dicte
3033 1930 3467 1999 ἐκπολέμησάν
3492 1946 3571 1999 με
3604 1931 3681 2026 ἐξ

397 2033 548 2087 lebat
588 2037 687 2091 hoc
708 2037 1029 2093 Davidicum
1064 2059 1076 2094 :
1111 2041 1262 2107 Same
1277 2056 1710 2115 expugnaverunt
1734 2064 1815 2102 me
1841 2049 1986 2120 aju-

399 2138 607 2183 venture
635 2146 749 2185 mea
775 2146 795 2184 :
823 2135 1013 2186 etenim
1037 2151 1140 2189 non
1166 2146 1449 2204 potuerunt
1474 2140 1620 2195 mihi.
1652 2140 1830 2210 Supra
1865 2144 1990 2196 dor-

399 2236 517 2272 sum
561 2239 732 2276 meum
770 2225 1161 2295 fabricaverunt
1198 2240 1514 2295 peccatores.
1550 2232 1989 2301 prolongaverunt

399 2308 732 2379 iniquitatem
774 2330 951 2368 suam.
998 2316 1253 2370 Dominus
1279 2318 1456 2387 justus
1491 2323 1722 2376 concidet
1767 2326 1990 2380 cervices

398 2412 734 2477 peccatorum
757 2407 821 2459 ι’.
847 2407 1052 2461 Deinde
1076 2408 1206 2463 facit
1226 2410 1313 2466 hic
1337 2427 1554 2481 quoque
1581 2414 1722 2470 Deus
1751 2417 1989 2470 miracu-

402 2493 513 2546 lum
529 2510 637 2553 nnn
657 2498 835 2552 minus
849 2499 1121 2569 prioribus
1144 2503 1436 2559 miraculis.
1458 2506 1604 2561 Oleze
1624 2508 1768 2562 enim
1791 2509 1989 2578 plantae

402 2602 527 2640 eum
556 2588 797 2659 alligant,
827 2592 1026 2645 collum
1063 2602 1245 2649 autent
1287 2598 1405 2667 ejus
1436 2599 1656 2668 quidam
1682 2614 1813 2655 ense
1835 2600 1986 2657 fet-it.

403 2676 599 2733 Statim
631 2691 813 2734 autem
834 2680 961 2737 ferri
998 2686 1219 2757 quidem
1251 2704 1514 2745 conversa
1557 2702 1641 2745 est
1671 2693 1819 2747 acies
1848 2708 1987 2749 cera:

399 2769 620 2839 similis,
657 2775 856 2828 mansit
891 2786 1074 2831 autem
1111 2778 1311 2832 collum
1362 2781 1505 2836 sicut
1531 2793 1648 2838 erat
1694 2786 1763 2840 ab
1810 2785 1988 2853 initio,

400 2863 665 2917 sectionis
697 2866 907 2920 nullum
946 2870 1167 2936 penitus
1203 2872 1412 2926 habens
1431 2874 1671 2945 signum.

475 2950 689 3007 XXVII.
721 2955 797 3010 Ea
830 2957 897 3012 de
934 2974 1100 3013 causa
1130 2970 1333 3015 tremor
1377 2963 1584 3019 invasit
1614 2967 1910 3033 occisores,
1936 2981 1993 3025 et

409 3046 739 3102 accedentes
778 3050 828 3103 ei
891 3052 1026 3105 ﬁunt
1070 3054 1366 3127 supplices,
1402 3072 1567 3127 quem
1614 3060 1766 3128 prius
1802 3063 1989 3117 existi-

403 3137 628 3191 mabant
658 3153 727 3193 ne
751 3139 976 3211 dignum
1028 3144 1249 3213 quidem
1287 3162 1411 3202 esse
1457 3150 1599 3219 apud
1631 3167 1727 3207 eos
1782 3154 1986 3211 vivere:

2089 2034 2377 2103 νεότητός
2400 2048 2541 2103 μου·
2578 2030 2676 2083 καί
2707 2029 2815 2099 γὰρ
2846 2030 2959 2081 οὐκ
2990 2022 3390 2093 ήδυνήθησάν
3414 2039 3515 2091 μοι
3537 2038 3551 2054 ο
3581 2020 3687 2075 ἐπι

2090 2129 2199 2182 τὸν
2220 2125 2415 2180 νῶτόν
2448 2141 2566 2194 μου
2614 2120 2962 2176 ὲτέκταινον
3011 2120 3066 2170 οἱ
3101 2116 3472 2184 ἀμαρτωλυὶρ
3531 2113 3681 2180 ἐμά.

2092 2236 2326 2288 κρυναν
2374 2216 2488 2285 τὴν
2542 2215 2801 2284 ἀνομίαν
2844 2208 3083 2265 αὐτῶν·
3152 2210 3369 2275 Κύριος
3441 2206 3683 2274 δίκαιος

2091 2310 2444 2379 συνέκοψεν
2494 2305 2761 2375 αὐχένας
2819 2299 3206 2372 ἁμαρτωλῶν.
3256 2295 3388 2353 Εἶτα
3429 2299 3684 2368 θαυματ-

2092 2404 2286 2475 ουργεῖ
2368 2400 2648 2457 κάνταῦθα
2698 2397 2850 2459 Θεδς.
2907 2395 3059 2448 οὐδὲν
3119 2393 3229 2445 τῶν
3294 2391 3690 2462 προλαϐόντων

2094 2495 2393 2564 θαυμάτων
2443 2492 2684 2547 ἔλαττον.
2714 2487 2929 2546 Ἐλαίας
2979 2485 3079 2556 μὲν
3111 2485 3223 2554 γὰρ
3253 2486 3415 2538 αὐτὸν
3447 2484 3687 2553 προσδε-

2094 2586 2292 2656 σμοῦσι
2339 2583 2527 2654 φυτῷο
2563 2581 2715 2635 παίει
2750 2579 2807 2633 δέ
2834 2597 2917 2642 τις
2943 2577 3108 2631 αὑτοῦ
3140 2577 3233 2629 τὸν
3258 2577 3462 2646 αὐχένα
3511 2575 3684 2644 ξίφει.

2096 2678 2268 2739 Εὐθὺς
2316 2676 2373 2729 δέ
2423 2675 2485 2727 τὸ
2542 2674 2639 2743 μὲν
2671 2671 2766 2726 τοῦ
2815 2671 3037 2740 σιδήρου
3070 2669 3247 2738 στίμα
3294 2667 3451 2737 κηρῷ
3501 2669 3686 2729 ἐοικδς

2092 2769 2481 2837 ἀνεστρέφετο.
2513 2767 2700 2837 ἔμεινε
2727 2766 2785 2819 δὲ
2821 2766 2848 2817 ὁ
2886 2764 3061 2836 αὐχὴν
3093 2760 3285 2832 ὥσπερ
3315 2760 3376 2827 ἐξ
3409 2759 3588 2832 ἀρχῆς
3615 2755 3685 2832 ἦν

2101 2863 2225 2934 μηδ’
2256 2859 2436 2914 ὁτιοῦν
2467 2860 2606 2930 ἔχων
2637 2856 2810 2926 τομῆς
2838 2854 3128 2924 σύμϐολον.

2166 2955 2292 3009 ΚΖ’.
2326 2954 2537 3023 Τρὸμος
2571 2953 2661 3004 ἐπὶ
2697 2949 2872 3019 τούτῳ
2899 2947 3166 3016 λαμϐάνει
3196 2946 3322 3007 τοὺς
3368 2943 3660 3013 φονευτὰς,

2095 3050 2191 3101 καὶ
2218 3044 2609 3118 προσελθόντες
2638 3044 2816 3096 ἱκέται
2846 3041 3088 3107 γίνονται
3112 3037 3208 3090 τοῦ
3242 3036 3376 3107 μηδὲ
3409 3035 3511 3106 ζῇν
3536 3032 3667 3103 παρ’

2095 3144 2276 3205 αὐτοῖς
2301 3140 2476 3206 ἀξίου,
2504 3139 2638 3193 ἀλλά
2673 3138 2734 3190 τὸ
2759 3136 2941 3190 θανεῖν
2972 3134 3184 3201 ἀτίμως
3218 3130 3671 3199 κατακριθέντος,

401 3229 563 3296 cujus
588 3231 751 3284 etiam
784 3234 951 3301 pedes
967 3237 1245 3306 speciosus
1275 3240 1692 3308 prehensautes,
1719 3247 1848 3317 quid
1879 3264 1989 3303 non

2096 3228 2155 3288 οὗ
2203 3234 2300 3288 καὶ
2346 3232 2456 3285 τῶν
2499 3230 2722 3302 ὡραίων
2774 3227 2952 3284 ποδῶν
3012 3226 3286 3296 ἐχόμενοι,
3339 3224 3396 3276 τί
3437 3223 3539 3292 μὲν
3576 3221 3682 3274 οὐκ

402 3317 682 3385 dicebant,
712 3324 842 3391 quid
872 3341 978 3380 oon
1011 3328 1304 3395 faciebant,
1341 3334 1590 3391 audacia:
1618 3347 1869 3407 petentes
1898 3359 1994 3398 τοι·

402 3409 573 3476 niam,
600 3420 657 3465 et
689 3413 742 3467 in
767 3415 1044 3479 Christum
1075 3420 1241 3481 iidem
1269 3434 1459 3492 aperte
1487 3430 1857 3488 conﬁtentes?
1900 3432 1994 3490 Ille

404 3509 587 3555 autem
624 3519 734 3559 non
774 3507 971 3570 solum,
1003 3512 1150 3581 quod
1177 3515 1242 3567 ad
1268 3530 1327 3571 se
1354 3518 1573 3582 attinet,
1611 3523 1859 3591 remittit,
1897 3528 1992 3583 sed

403 3594 567 3654 etiam
595 3595 677 3651 eis
712 3613 742 3653 a
775 3598 995 3661 Christo
1022 3603 1324 3673 perfectam
1384 3610 1522 3680 petit
1580 3613 1991 3673 remissionem.

407 3683 775 3753 Quamobrem
812 3706 1004 3748 vocem
1030 3712 1248 3769 quoque
1297 3702 1470 3757 audiit
1493 3703 1560 3763 de
1607 3706 1762 3769 caelis
1795 3709 1996 3765 contir-

404 3787 667 3848 tuantem,
698 3790 1131 3853 consumuianda
1162 3806 1226 3845 ea
1256 3808 1380 3863 quae
1414 3797 1704 3865 petiverat,
1753 3816 1997 3872 eumque

344 3895 353 3915 ι
406 3885 514 3925 non
543 3874 778 3943 amplius
804 3893 926 3933 esse
956 3884 1259 3939 vocandum
1284 3884 1702 3956 Pantoleunem,
1724 3892 1818 3946 sed
1840 3893 1996 3951 Pan-

408 3961 791 4025 tclcemonem.
811 3968 920 4024 Res
938 3982 1141 4038 autem,
1157 3975 1375 4031 dicebat
1392 3995 1455 4033 ea
1476 3996 1601 4045 vox,
1626 3983 1834 4037 nomini
1860 4002 1997 4040 con-

410 4055 608 4110 xt-niet.
631 4056 859 4115 Plurimi
880 4064 1025 4131 enim
1047 4081 1144 4135 per
1165 4076 1214 4121 te
1246 4082 1657 4141 consequentur
1681 4076 1998 4133 misericor-

405 4146 570 4203 diam.
590 4147 741 4203 llauc
764 4168 949 4207 vocem
978 4171 1100 4211 cum
1122 4156 1210 4211 ille
1234 4161 1673 4228 audiissct,etde
1705 4166 1769 4222 iis
1791 4169 1993 4237 quibus

406 4239 603 4308 dignus
631 4249 748 4296 erat
780 4242 1021 4311 habitus,
1049 4250 1254 4306 certior
1277 4252 1454 4307 tactus
1476 4267 1642 4323 esset,
1669 4274 1995 4327 conversus,

402 4330 570 4401 jusst
592 4334 814 4395 lictores
841 4338 1042 4406 facere,
1062 4344 1302 4414 quodeis
1337 4348 1663 4418 imperatum
1692 4354 1889 4410 fuerat.
1910 4357 1987 4410 Illi

407 4436 591 4481 autem
613 4433 1008 4499 renuebant,et
1027 4437 1466 4505 judicabanthoc
1494 4459 1614 4500 esse
1645 4446 1869 4502 minime
1926 4459 1999 4505 to-

416 4519 724 4578 lerandum.
749 4524 884 4581 Cum
900 4544 1032 4584 vero
1051 4535 1279 4589 instaret
1298 4546 1523 4608 martyr,
1541 4534 1783 4595 facerent
1802 4545 1946 4611 quod
1965 4559 1994 4599 a

414 4623 650 4682 tyranno
675 4617 755 4671 eis
780 4618 1111 4689 imperatum
1138 4624 1338 4693 fuerat,
1359 4638 1549 4698 aperte
1573 4631 1912 4697 dubitantes,
1943 4646 1999 4692 et

406 4708 537 4775 quid
568 4708 813 4767 iacerent
840 4713 1418 4790 ignorantes,seipsos
1449 4723 1693 4795 utrisque
1724 4728 1997 4795 dividunt,

408 4814 605 4870 nempe
633 4805 843 4872 pietati,
874 4815 929 4861 et
958 4811 1133 4863 sancti
1188 4812 1290 4865 viri
1313 4814 1512 4882 jussui.
1545 4815 1612 4871 Et
1653 4834 1781 4894 cum
1811 4823 2000 4881 omnia

356 4962 371 4983 κ
405 4898 561 4964 prius
593 4900 840 4954 membra
863 4912 1048 4957 essent
1078 4903 1404 4974 deosculati,
1434 4924 1710 4980 quamque
1741 4929 1865 4969 eum
1899 4931 1996 4971 re-

407 4998 728 5045 vererentur
757 5001 812 5047 et
842 4994 1109 5063 colerent,
1144 4998 1278 5053 satis
1311 5000 1491 5054 testati
1522 5013 1731 5069 essent,
1768 5006 1989 5063 beatum

406 5078 530 5146 ejus
560 5089 723 5150 caput
750 5084 952 5140 deinde
986 5102 1119 5143 ense
1146 5099 1435 5160 amputant
1466 5093 1726 5150 vicesimo
1756 5099 1990 5167 septimo

404 5167 556 5224 Julii.
584 5171 743 5238 Quod
777 5176 1019 5243 quidem,
1051 5187 1111 5233 ut
1148 5182 1403 5248 arbitror,
1433 5200 1542 5239 non
1577 5187 1904 5257 potuissent,
1942 5189 1990 5245 si

406 5262 499 5317 ille
533 5277 644 5317 non
674 5268 981 5336 annuisset,
1036 5279 1094 5326 ut
1122 5273 1216 5342 qui
1245 5275 1413 5330 nollet
1447 5292 1478 5332 a
1514 5280 1756 5350 martyrii
1790 5297 1989 5355 magna

406 5353 671 5425 dignitate
687 5359 962 5419 excidere.

474 5508 718 5571 XXVIII.
748 5515 995 5590 Suntque
1019 5537 1208 5579 rursus
1226 5525 1485 5585 miracula
1504 5531 1780 5589 miraculis
1803 5549 1998 5590 conse—

406 5607 654 5704 quentia,
684 5624 771 5674 eo,
811 5614 903 5682 qui
960 5616 1381 5687 gloriﬁcabatur,
1442 5624 1784 5694 gloriﬁcante
1843 5645 1991 5696 eum,

411 5703 505 5758 qui
535 5707 760 5768 propter
790 5703 968 5773 ipsum
1015 5708 1132 5764 haec
1171 5711 1281 5780 pati
1308 5713 1532 5787 delegit.
1577 5718 1684 5775 Lac
1711 5721 1856 5777 enim
1894 5722 1994 5777 llu-

527 5870 571 5903 "
627 5873 770 5929 Psal.
828 5895 1047 5949 curnt,
1118 5888 1235 5943 l-l.

2095 3328 2304 3398 ελεγον,
2336 3324 2391 3379 τί
2420 3324 2477 3379 δὲ
2512 3323 2613 3377 οὐκ
2640 3323 2862 3374 ἐποίουν
2899 3319 3233 3387 συγγνώμην
3262 3332 3320 3369 τε
3353 3317 3451 3385 τῆς
3473 3314 3687 3382 τόλμης

2095 3419 2406 3489 αἰτούμενοι
2452 3416 2550 3469 καὶ
2607 3414 2705 3484 τὴν
2752 3413 2833 3475 είς
2862 3410 3100 3481 Χριστὸν
3144 3409 3329 3462 πίστιν
3378 3405 3687 3478 διαρρήδην

2095 3507 2521 3580 ὁμολογοῦντεςς
2562 3504 2622 3559 ’0
2646 3504 2702 3556 δὲ
2730 3503 2831 3555 οὐκ
2860 3502 3053 3570 ἀφίησι
3084 3498 3266 3570 μόνον,
3308 3498 3436 3566 τόγε
3464 3499 3547 3558 εἰς
3580 3495 3686 3548 αὑ⁶

2099 3602 2191 3656 τὸν
2223 3597 2381 3673 ἦκον,
2434 3598 2571 3652 ἀλλὰ
2607 3598 2701 3651 καὶ
2748 3595 2902 3665 παρὰ
2938 3590 3180 3663 Χριστοῦ
3221 3590 3430 3653 τούτοις
3462 3588 3688 3641 τελείαν

2098 3696 2335 3750 αἰτεῖται
2374 3690 2474 3761 τὴν
2500 3691 2706 3752 ἄνεσιν,
2739 3687 2862 3740 ὃθεν
2896 3684 2988 3738 καὶ
3018 3682 3209 3739 ἀκούει
3245 3680 3428 3752 φωνῆς
3454 3679 3690 3750 οὐρανό-

2098 3787 2191 3842 θεν
2231 3784 2404 3854 αὐτήν
2429 3800 2487 3836 τε
2532 3781 2632 3853 τὴν
2672 3779 2953 3834 τελείωσιν
3008 3775 3333 3847 βεϐαιοῦσαν
3374 3774 3484 3827 τῶν
3529 3773 3693 3844 αίτηο

2099 3880 2325 3943 θέντων,
2363 3876 2457 3930 καὶ
2514 3874 2590 3938 ὡς
2630 3874 2743 3927 Οὐκ
2779 3871 2860 3925 ἔτι
2906 3868 3251 3935 Παντολέων,
3302 3866 3436 3920 ἀλλὰ
3473 3865 3693 3918 Παντε-

2097 3972 2194 4042 λεή
2206 3988 2320 4042 μων
2343 3969 2442 4039 ἔσῃ
2471 3965 2807 4035 καλούμενος
2835 3962 2927 4016 καλ¹
2958 3962 3026 4014 τὰ
3060 3962 3363 4030 πράγματα
3400 3955 3690 4026 συμφθέγ-

2101 4063 2282 4128 ξονται
2341 4059 2419 4130 τῷ
2472 4042 2739 4127 ὀνόματιέ
2791 4054 3034 4106 πλεῖστοι
3082 4051 3192 4122 γὰρ
3244 4049 3427 4112 ἐλέους
3475 4046 3563 4102 διὰ
3626 4047 3690 4101 σι

2099 4155 2402 4220 τεύξονται.
2453 4151 2669 4218 Ταύτης
2700 4149 2910 4208 ἐκεῖνος
2935 4146 3035 4214 τῆς
3072 4144 3259 4213 φωνῆς
3294 4143 3570 4208 ἀκουστὴς
3592 4156 3693 4209 γει

2100 4246 2325 4316 νόμενος
2354 4241 2448 4296 καὶ
2492 4241 2619 4294 οἴων
2669 4235 2882 4306 ἠξιώθη
2933 4234 3276 4306 βεϐαιωθεὶς,
3326 4231 3691 4303 ἐπιστραφεὶς

2101 4341 2325 4410 ποιῆσαι
2387 4335 2447 4390 τὸ
2499 4333 2793 4389 κελευσθὲν
2848 4331 3037 4394 αὐτοῖς
3089 4328 3196 4382 ὑπὸ
3249 4327 3348 4381 τοῦ
3396 4327 3689 4396 τυράννου,

2102 4434 2367 4486 ἐπέταττε
2407 4442 2422 4459 ⁸
2447 4428 2496 4481 oi
2519 4426 2576 4479 δὲ
2607 4427 2859 4479 ἀνένευον
2888 4425 2983 4477 καὶ
3017 4422 3222 4492 ἥκιστα
3257 4419 3417 4472 τοῦτο
3457 4416 3693 4471 ἀνεκτὸν

2103 4524 2317 4595 ἔκρινον
2360 4516 2529 4574 εῖναι.
2570 4518 2723 4570 Ἐπεὶ
2765 4516 2821 4569 δὲ
2874 4517 2902 4568 ὁ
2945 4514 3159 4583 μάρτυς
3191 4511 3445 4564 ἐπέκειτο
3491 4504 3528 4579 ἦ
3577 4506 3692 4578 μὴν

2101 4615 2358 4687 γενέσθαι
2412 4611 2473 4665 τδ
2526 4606 2818 4663 κελευσθὲν
2877 4607 3065 4668 αὐτοῖς
3116 4603 3222 4656 ὑπὸ
3268 4603 3365 4655 τοῦ
3416 4598 3692 4671 τυράννου

2097 4704 2347 4777 φανερῶς
2377 4701 2714 4772 ἀποροῦντες
2739 4698 2837 4752 καὶ
2877 4696 2952 4768 μὴ
2986 4696 3202 4766 ἔχοντες
3235 4696 3264 4748 ὅ
3288 4711 3340 4746 τι
3370 4692 3689 4764 δράσουσιν,

2096 4799 2431 4871 ᾁμφοτέροις
2457 4795 2773 4866 μερίζουσιν
2797 4790 3026 4852 ἑαυτοὺς
3057 4788 3138 4861 τῷ
3168 4803 3228 4840 τε
3264 4787 3365 4857 τῆς
3396 4784 3691 4847 εὐσεϐείας

2097 4895 2390 4964 πράγματι
2421 4889 2518 4942 καὶ
2570 4886 2649 4956 τῷ
2683 4884 2788 4937 ὑπὸ
2820 4882 2916 4936 τοῦ
2964 4881 3122 4948 ἁγίου
3169 4880 3554 4948 κελευομένῳ’
3588 4876 3693 4930 καὶ

2018 5044 2040 5061 ι
2067 4986 2432 5066 )ριλήσαντες
2477 4982 2587 5034 πᾶν
2646 4978 2809 5049 μέλος
2845 4976 3117 5047 πρότερον
3150 4973 3247 5066 καὶ
3295 4970 3562 5066 τὴν-αἰδῶ
3593 4970 3694 5066 καὶ

2097 5079 2160 5132 τὸ
2198 5076 2365 5138 σέϐας
2413 5073 2620 5134 ἱκανῶς
2670 5068 3069 5140 γνωρίσαντες,
3121 5063 3243 5119 εἶτα
3275 5065 3371 5117 καὶ
3410 5062 3555 5132 ξίφει
3588 5061 3693 5133 τὴν

2102 5168 2385 5241 μακαρίαν
2412 5168 2673 5238 τέμνουσι
2708 5163 2977 5232 κεφαλὴν,
3011 5159 3203 5213 εἰκάδα
3248 5155 3486 5224 ἑϐδόμην
3522 5156 3692 5221 ἆγον-

2094 5279 2187 5325 τος
2212 5258 2439 5313 Ἰουλίου
2465 5256 2656 5327 μηνὸς,
2685 5254 2788 5307 οὐκ
2814 5251 2902 5317 ἂν,
2931 5247 3111 5321 οἶμαι,
3145 5249 3309 5303 τοῦτο
3334 5246 3691 5318 δυνηθέντες,

2097 5357 2147 5411 εί
2181 5352 2255 5423 μὴ
2289 5352 2495 5413 ἐκεῖνος
2531 5348 2780 5413 ἐπένευε,
2817 5344 2911 5398 τοῦ
2951 5343 3193 5413 μεγάλου
3232 5340 3333 5411 τῆς
3373 5338 3692 5411 μαρτυρίας

2097 5446 2411 5514 ἀξιώματος
2436 5443 2637 5496 ἐθέλων
2670 5440 2745 5511 μὴ
2766 5442 3039 5492 ἐκπεσεῖν.

2167 5535 2301 5591 κη’.
2344 5536 2456 5589 Καὶ
2497 5534 2663 5589 πάλιν
2711 5529 2968 5601 θαύματα
3020 5528 3297 5599 θαύμασιν
3357 5522 3689 5587 ﬁnal-west,

2092 5630 2407 5695 δοξάζοντος
2437 5626 2534 5681 τοῦ
2585 5623 2980 5691 δεδοξασμένου
3022 5621 3114 5674 τὸν
3144 5620 3210 5673 δι’
3247 5619 3457 5671 ἐκεῖνον
3503 5614 3689 5671 ταῦτα

2095 5720 2483 5795 προῃρημένον
2513 5717 2731 5773 παθεῖν.
2787 5714 2932 5769 Γάλα
2965 5713 3072 5791 γὰρ
3103 5715 3224 5768 ἀντὶ
3258 5711 3489 5782 αἵματος
3521 5705 3691 5769 εὐθὺς
