3994 6424
291 474 402 536 ις’-1

1439 477 1850 536 CERTAMEN
1893 477 1958 538 S.
1999 476 2413 537 CALLINICL

3483 474 3553 544 ΤΒ

290 590 487 662 ἐρρύη,
525 588 622 642 καὶ
651 591 712 640 τδ
757 590 856 659 τῆς
886 590 1074 652 ﬂata;
1105 589 1273 658 φυτὸν
1388 593 1692 662 προσεδέοη
1729 592 1874 647 ἅπαν

2000 593 2058 646 ill
2085 591 2336 662 protinus
2365 606 2466 662 pro
2497 593 2783 663 sanguine,
2831 603 2886 648 et
2913 593 3096 662 planta
3123 591 3279 656 oleae,
3309 593 3394 646 cui
3437 593 3558 647 fue-

288 685 366 752 τῷ
419 681 622 754 καρπῷ
660 683 850 753 βρῖθον
877 683 1176 738 ἐδείκνυτο.
1209 684 1389 753 Ὅπερ
1433 685 1512 746 είς
1542 684 1746 752 γνῶσιν
1789 682 1868 754 τῷ

288 772 646 844 τυραννοῦντι
690 774 868 837 ἐλθὸν,
925 775 1230 845 ἐκκοπῆναι
1282 793 1345 828 τε
1387 776 1450 828 τὸ
1484 775 1650 843 φυτδν
1695 791 1868 843 προσ-

290 865 474 918 τάττει
531 867 630 918 καὶ
683 865 747 918 τὸ
783 865 945 935 σῶμα
1000 866 1096 920 τοῦ
1158 866 1440 936 μάρτυρος
1491 867 1868 937 παραδοθῆναι

290 958 424 1026 πυρὶ
447 995 462 1012 .
498 955 690 1029 ὥσπερ
717 957 782 1027 δὴ
826 959 920 1010 καὶ
955 959 1224 1029 πρότερον
1271 959 1587 1028 ἐκελεύσθη.
1640 961 1754 1013 Οὐκ
1787 959 1868 1016 ἔτι

292 1048 393 1118 μὶν
414 1048 508 1102 οὖν
525 1052 572 1102 οἱ
597 1050 985 1113 πιστεύσαντες
1014 1053 1345 1120 στρατιῶται
1371 1052 1506 1122 πρὸς
1529 1054 1620 1104 τὸν
1643 1051 1868 1121 βασιλέα

289 1140 666 1211 ὑπέστρεψαν,
696 1143 900 1214 πολλὴν
933 1144 1191 1212 ὡμότητα
1220 1145 1412 1197 τούτου
1461 1145 1871 1212 κατεγνωκότες

290 1233 383 1283 καὶ
412 1231 476 1283 τὸ
509 1233 620 1285 τῶν
648 1234 840 1302 μάγων
866 1234 1002 1304 πρὸς
1045 1234 1291 1306 Ἡρώδην
1317 1235 1682 1302 ζηλώσαντες,
1713 1236 1869 1302 δοξά-

299 1321 477 1388 ζοντες
523 1324 582 1377 δὲ
633 1326 768 1377 Θεὸν
808 1326 1024 1379 καὶτὸν
1069 1327 1234 1380 αὑτοῦ
1272 1328 1524 1397 μάρτυρα
1553 1327 1863 1381 διετέλουν·

294 1416 426 1472 ἀλλὰ
453 1417 552 1469 καὶ
580 1417 691 1469 τῶν
723 1418 931 1470 πιστῶν
969 1435 1115 1481 τινες
1146 1419 1494 1482 συνελθόντες
1521 1421 1578 1471 ἐν
1607 1419 1756 1488 αὐτῷ
1789 1418 1867 1490 τῷ

293 1509 563 1578 τόπῳξξω
587 1511 682 1578 τῆς
711 1510 944 1574 πόλεως,
973 1509 1101 1563 ἔνθα
1129 1511 1222 1563 καὶ
1251 1511 1349 1580 τὴν
1378 1511 1658 1563 τελείωσιν
1683 1514 1710 1561 ὁ
1733 1511 1870 1580 μάρ-

293 1617 389 1663 τυς
436 1602 676 1669 ὑπέστη,
727 1603 787 1655 τὸ
819 1604 966 1673 ίερὸν
999 1604 1210 1657 ἐκείνου
1251 1605 1407 1674 σῶμα
1452 1606 1510 1656 ἐν
1557 1604 1870 1674 προαστείῳ

297 1691 658 1761 σχολαστικοῦ
694 1711 839 1757 τινος
873 1701 889 1764 (
921 1696 1276 1764 Ἀδαμάντιος
1301 1695 1450 1766 αὐτῷ
1475 1695 1678 1766 ὄνομα)
1706 1696 1869 1758 ὁσίως

296 1788 394 1838 καὶ
417 1785 575 1854 ίερῶς
602 1787 914 1845 κατέθεντο.
939 1789 1018 1851 εἰς
1039 1787 1194 1851 δόξαν
1218 1789 1454 1858 Πατρὺς,
1484 1791 1578 1840 καὶ
1599 1788 1751 1854 Υἱοῦ,
1775 1788 1870 1842 καὶ

298 1877 455 1945 ἁγίου
488 1877 826 1945 Πνεύματος,
857 1881 957 1950 τῆς
991 1883 1118 1950 μιᾶς
1155 1879 1407 1947 Θεότητος
1441 1881 1532 1934 καὶ
1566 1879 1867 1950 βασιλείας,

1977 695 2060 739 rat
2083 685 2352 755 alligatus,
2384 693 2675 754 conspecta
2699 695 2783 740 est
2817 693 2925 740 tota
2953 684 3133 739 fructu
3151 693 3364 740 onusta.
3401 682 3559 748 Quod

1979 777 2202 848 quidem
2235 792 2358 830 eum
2395 777 2635 832 venisset
2681 777 2748 832 ad
2797 777 3013 849 tyranni
3074 777 3348 838 notitiam,
3401 776 3558 844 jubet

1979 871 2217 940 plantam
2247 869 2511 934 exscindi,
2537 879 2591 923 et
2610 885 2812 939 corpus
2835 869 3208 940 martyrisigni
3231 868 3392 929 tradi.
3419 868 3563 922 sicut

1976 963 2140 1016 etiam
2169 963 2318 1030 prius
2347 961 2604 1028 jusserat.
2635 963 2807 1031 Atque
2835 963 3033 1016 milites
3063 963 3305 1030 quidem,
3333 964 3561 1029 quit-reo.

1982 1056 2270 1113 diderant.
2313 1041 2456 1108 non.
2483 1058 2722 1126 amplius
2756 1057 2955 1110 reversi
3000 1066 3129 1110 sunt
3165 1058 3232 1109 ad
3274 1057 3566 1123 imperatos

1981 1163 2118 1208 rem.
2183 1164 2306 1203 cum
2356 1151 2792 1206 condcmnantcs
2859 1164 3064 1217 magnae
3112 1146 3468 1206 crudelitatis,
3508 1153 3564 1199 et

1977 1240 2118 1309 quod
2138 1240 2270 1311 Magi
2306 1241 2498 1296 llerodi
2529 1241 2795 1303 fecerunt,
2828 1239 3105 1292 imitantes
3132 1253 3147 1299 ;
3184 1237 3351 1291 Deum
3383 1245 3564 1289 autem

1982 1341 2036 1384 et
2065 1331 2184 1400 ejus
2213 1341 2505 1402 martyrem
2527 1340 2790 1400 perpetuo
2817 1328 3209 1398 gloriﬁcahant.
3239 1327 3378 1392 Quin
3399 1324 3563 1378 etiam

1973 1439 2098 1477 cum
2121 1423 2338 1491 quidam
2367 1424 2552 1478 ﬁdeles
2575 1420 2967 1477 convenissent
2987 1419 3040 1472 in
3064 1435 3129 1472 eo
3153 1419 3400 1485 ipsoloco
3417 1429 3565 1469 extra

1982 1517 2282 1580 civitatem,
2318 1517 2370 1569 in
2404 1532 2512 1586 quo
2549 1527 2752 1586 martyr
2804 1513 2971 1568 subiit
3014 1511 3567 1574 consummationem,

1979 1625 2193 1664 sacrum
2227 1608 2359 1662 illud
2379 1624 2578 1678 corpus
2603 1609 2653 1661 iu
2679 1607 2998 1662 suburbano
3016 1607 3299 1669 cuiusdam
3357 1603 3543 1659 schola

1976 1701 2096 1756 stici
2128 1701 2266 1770 (erat
2297 1709 2475 1756 autem
2493 1701 2541 1754 ei
2566 1715 2764 1758 nomen
2802 1700 3180 1764 Adamantius)
3206 1703 3565 1751 sacrosancte

1983 1792 2285 1860 deponunt:
2327 1792 2383 1844 in
2431 1791 2654 1860 gloriam
2693 1789 2887 1852 Patris,
2925 1785 2980 1841 et
3005 1788 3150 1850 Filii,
3214 1796 3269 1841 ct
3323 1785 3572 1855 Spiritus

1988 1884 2188 1946 sancti,
2236 1883 2320 1936 cui
2375 1893 2456 1938 est
2493 1898 2599 1936 una
2627 1883 2900 1943 divinitas,
2930 1891 2986 1934 et
3019 1895 3280 1950 regnum:
3316 1881 3403 1932 cui
3439 1892 3571 1931 con-

299 1968 334 2046 ᾗ
376 1973 580 2044 πρέπει
631 1974 766 2044 τιμὴ
824 1974 917 2026 καὶ
975 1971 1346 2046 προσκύνησις
1375 1977 1455 2034 είς
1502 1973 1627 2038 τοὺς
1675 1971 1881 2034 αἰῶνας

2000 1979 2137 2033 venit
2163 1981 2338 2033 honor
2359 1985 2412 2031 et
2433 1977 2676 2034 adoratio
2698 1976 2752 2030 in
2772 1976 2970 2031 saecula
2991 1974 3341 2030 saeculorum.
3374 1972 3569 2028 Amen.

300 2067 412 2120 τῶν
441 2068 680 2122 αἰώνων.
713 2070 773 2122 Ἀ
783 2069 910 2138 μήν.

316 2235 3554 2306 W

1575 2424 2336 2562 ΑΘΛΗΣΙΣ

521 2703 825 2820 ΤΟΥ
895 2698 1362 2816 ΑΓΙΟΥ
1451 2691 2254 2814 ΜΑΡΤΥΡΟΣ
2341 2683 3361 2805 ΚΑΛΛΙΝΙΚΟΥ.

1559 3104 2339 3224 CEBTAMEN

1005 3368 1422 3463 SANCTI
1533 3327 2150 3460 MAltTYIllS
2255 3369 2904 3459 CALLINICl.

393 3578 588 3641 (Latine
612 3573 742 3636 apud
769 3571 972 3630 Surium
1020 3569 1082 3624 ad
1116 3568 1251 3621 diem
1281 3563 1512 3626 291ulii;
1545 3565 2340 3687 Grzeuls‘g’xgiscngpcipglpipm
2366 3560 2532 3625 prodit
2559 3576 2620 3613 ex
2648 3561 2761 3612 cod.
2785 3574 2876 3611 ms.
2917 3549 3073 3611 Paris.
3113 3539 3304 3624 (mica
3339 3561 3524 3627 fanda.)

393 3982 472 4033 Μ.
529 3977 645 4048 Τῆς
709 3973 996 4043 stemma;
1061 3971 1262 4042 μανίας
1326 3970 1735 4037 ἐπικρατούσης
1796 3966 1964 4031 καὶο

321 4074 506 4126 πάντα
555 4067 952 4137 ἐπινεμομένης
1003 4065 1095 4118 καὶ
1146 4061 1612 4132 διαφθειρούσης,
1673 4059 1893 4126 δαίμοσι

325 4165 428 4234 μὲν
463 4162 722 4231 πονηροῖς
761 4159 825 4212 τδ
869 4158 1011 4210 θεῖον
1052 4155 1215 4218 σέϐας
1246 4154 1640 4222 ἐπεφημίζετο,
1683 4151 1802 4220 Θεῷ
1841 4150 1899 4204 δὶ

325 4255 404 4322 τῷ
433 4254 633 4322 κτίστῃ
677 4249 784 4304 τῶν
813 4250 951 4302 ὅλων
987 4251 1080 4300 καὶ
1107 4246 1424 4316 δημιουργῷ
1454 4245 1577 4296 οὕτε
1613 4243 1902 4313 προσέχειν

325 4348 374 4400 οἰ
400 4349 465 4415 τῇ
497 4342 786 4411 δυσσεϐείᾳ
817 4341 1254 4411 προστετηκότες
1291 4337 1594 4398 ἠϐούλοντο,
1617 4335 1729 4387 οὔτ’
1763 4335 1900 4388 ἁπο-

325 4442 519 4509 νέμειν
539 4440 708 4508 τιμὴν
735 4438 836 4507 τὴν
868 4437 1285 4506 προσήκουσανο
1316 4435 1414 4495 τὰς
1447 4432 1556 4502 γὰρ
1584 4431 1764 4501 ψυχὰς
1793 4447 1902 4501 πη-

329 4533 604 4603 ρωθέντες
638 4530 687 4583 oi
718 4530 780 4581 τί)
816 4528 940 4581 κατ’
971 4527 1159 4580 εἰκόνα
1190 4524 1446 4594 λαχόντες
1477 4524 1626 4592 παρᾶ
1657 4521 1814 4585 Θεοῦ,
1843 4521 1903 4573 τὸ

330 4625 430 4694 μὲν
457 4624 558 4690 τῆς
610 4621 868 4688 ἀληθείας
898 4618 1338 4687 ἀπεστράφησαν
1363 4617 1478 4686 φῶς
1512 4606 1780 4683 [λύσαντες
1806 4614 1902 4676 τὰς

325 4715 614 4784 αἰσθήσεις
636 4713 769 4781 πρὸς
809 4711 907 4779 τὴν
940 4709 1035 4762 τοῦ
1070 4709 1431 4775 πεποιηκότος
1466 4707 1786 4773 ἐπίγνωσιν,
1827 4706 1904 4775 τῷ

324 4809 381 4862 δέ
409 4823 474 4873 γε
507 4807 604 4874 τῆς
643 4804 850 4870 πλάνης
881 4802 1260 4870 προσέδραμον
1315 4798 1519 4861 σκότει,
1566 4797 1689 4866 μητ⁹
1725 4800 1904 4863 αὐγα-

328 4900 524 4968 σθῆναι
548 4900 615 4965 τῇ
641 4896 739 4964 τῆς
765 4894 988 4965 χάριτος
1031 4891 1200 4962 αἴγλῃ
1231 4891 1580 4960 Θελήσαντες,
1613 4889 1740 4958 μήθ’
1769 4891 1906 4951 ὅλως

330 4991 656 5056 ἀντωπῆσαι
690 4989 784 5041 καὶ
817 4986 1060 5038 κατιδεῖν
1110 4981 1388 5052 πανταχοῦ
1429 4981 1762 5050 ήπλωμὲνην
1810 4978 1909 5047 τὴν

333 5085 540 5134 ἀκτῖνα
579 5080 680 5147 τῆς
727 5079 1012 5147 γνώσεως·
1045 5076 1245 5145 πολλὴν
1275 5075 1385 5144 γὰρ
1426 5091 1545 5127 τινα
1572 5074 1664 5126 καὶ
1696 5071 1908 5140 ζοφώδη

331 5173 613 5240 καταχέας
661 5170 770 5222 τῶν
823 5167 1126 5237 ἀνθρώπων
1169 5169 1198 5219 ὁ
1246 5167 1480 5238 πονηρὸς
1546 5167 1768 5233 ἄγνοιαν
1816 5167 1909 5217 καὶ

329 5264 557 5324 τούτους
582 5260 854 5320 παντοίως
880 5259 1376 5328 ὑποποιησάμενος,
1404 5257 1496 5310 τοῦ
1527 5257 1626 5325 μὲν
1650 5254 1905 5326 ἀληθινοῦ

329 5355 422 5409 καὶ
462 5354 636 5424 μόνου
667 5352 915 5418 διέστησε
960 5349 1096 5402 Θεοῦ
1133 5351 1228 5402 καὶ
1251 5350 1561 5420 ἀπήγαγεν,
1590 5349 1827 5411 εἰδώλοις
1856 5348 1913 5402 δὲ

332 5447 544 5514 κωφοῖς
566 5444 660 5496 καὶ
688 5443 872 5504 ἄλλοις
890 5443 1194 5508 αἰσχίστοις
1219 5439 1607 5510 ἀφομοιώμασι
1627 5440 1911 5508 λατρεύειν

331 5539 586 5590 ἀνέπεισε
631 5536 724 5587 καὶ
753 5535 940 5603 τιμᾷν,
972 5533 1046 5594 ὡς
1075 5531 1141 5585 ἂν
1179 5533 1430 5585 ἐντεῦθεν
1476 5532 1779 5601 ὁλοσχερῶς
1813 5532 1910 5603 ἕλῃ

335 5631 431 5681 καὶ
482 5626 923 5696 παραστήσεται.
987 5625 1128 5677 Ἀλλ’
1161 5625 1262 5677 οὐκ
1317 5624 1520 5678 ἔδωκεν
1551 5622 1699 5688 αὐτῷ
1742 5625 1769 5676 ὁ
1817 5641 1916 5691 φυ-

336 5720 557 5770 λάσσων
605 5718 751 5785 ἡμᾶς
792 5718 886 5769 καὶ
917 5717 1176 5785 φρουρῶν
1218 5716 1423 5787 Κύριος
1451 5716 1550 5785 τὴν
1582 5716 1709 5787 ὃλην
1749 5715 1914 5769 αὑτοῦ

338 5815 432 5867 καὶ
463 5812 588 5864 καθ’
616 5811 776 5880 ἡμῶν
821 5811 1102 5879 ἐμπλῆσαι
1133 5811 1481 5879 δυσμένειαν,
1511 5809 1632 5862 οὐδὲ
1660 5807 1918 5861 τοσοῦτον

340 5903 911 5973 καταναιᾷεὑσασθαι,
969 5902 1044 5966 ὡς
1123 5903 1354 5972 πάτημα
1424 5901 1630 5964 πάντας
1687 5900 1912 5970 ποιῆσαι

1947 5307 1989 5360 D

1913 3804 1982 3817 ..ἢ

2067 3967 2106 4021 l.
2141 3967 2276 4022 Cum
2305 3964 2714 4020 simulacrorum
2740 3959 3097 4014 invalesieret
3125 3954 3358 4020 insania,
3396 3963 3452 4010 et
3472 3971 3588 4008 om-

2001 4059 2090 4112 nia
2124 4056 2384 4111 exederet
2413 4063 2468 4109 et
2523 4059 2922 4120 corrumperet,
2977 4046 3137 4101 malis
3193 4046 3410 4115 quidem
3482 4046 3591 4098 the-

2002 4150 2258 4206 monibus
2287 4148 2506 4202 dis-inus
2548 4145 2728 4198 honor
2758 4139 3170 4197 attribucbatur
3203 4156 3216 4192 ι
3257 4138 3367 4192 Deu
3397 4147 3591 4212 autem

2003 4239 2239 4297 creatori
2313 4247 2369 4292 et
2427 4235 2606 4306 opifici
2671 4234 3053 4286 universorum
3109 4244 3289 4296 neque
3347 4227 3590 4280 animum

2003 4333 2256 4386 volebant
2279 4330 2561 4391 adhibere,
2592 4325 2682 4396 qui
2716 4332 2872 4379 erant
2901 4322 3068 4376 dediti
3096 4320 3385 4390 impietati,
3415 4333 3592 4387 neque

2005 4425 2258 4493 ci.queiu
2293 4436 2390 4490 par
2422 4429 2530 4484 est,
2556 4419 2820 4472 honorem
2860 4416 3120 4469 tribucre.
3153 4411 3282 4465 Nam
3314 4425 3438 4465 cum
3475 4425 3594 4462 mu-

2008 4517 2174 4571 tilatis
2207 4525 2396 4569 essent
2426 4513 2625 4564 animis
2657 4509 2692 4562 ii
2729 4507 2930 4577 quibus
2961 4507 3228 4574 obtigerat
3278 4512 3336 4555 ut
3395 4502 3590 4554 ﬁerent

2009 4610 2075 4664 ad
2112 4608 2201 4660 Dei
2235 4605 2548 4675 imaginem,
2585 4601 2835 4655 veritatis
2879 4598 3100 4667 quidem
3137 4599 3314 4650 lucem
3377 4609 3594 4647 aversa-

2005 4704 2225 4765 bantur,
2257 4699 2617 4754 conniventes
2649 4695 2823 4748 oculis
2855 4693 2924 4746 ad
2985 4693 3127 4761 ejus,
3159 4690 3248 4758 qui
3290 4689 3411 4742 illos
3448 4688 3593 4740 fece-

2013 4805 2116 4857 rat,
2165 4793 2552 4867 aguitionem:
2623 4785 2912 4840 currebant
2969 4795 3148 4835 autem
3208 4781 3274 4834 ad
3343 4779 3595 4833 tenebras

2011 4889 2234 4947 erroris,
2269 4897 2448 4951 neque
2505 4880 2751 4934 volentes
2801 4873 3060 4927 illustrari
3121 4871 3414 4941 splendore
3481 4885 3594 4924 sum

2017 4980 2224 5050 gratiae,
2277 4990 2455 5044 neque
2491 4972 2713 5026 orunino
2749 4977 2938 5022 contra
2975 4967 3178 5020 intueri
3233 4976 3288 5022 et
3350 4966 3594 5035 aspicere

2013 5072 2214 5139 ubique
2279 5068 2532 5122 (lill‘usum
2582 5062 2792 5116 radium
2847 5059 3204 5126 cognitionis.
3269 5057 3404 5112 Nam
3469 5071 3594 5110 cum

2013 5165 2238 5219 multam
2270 5172 2324 5216 et
2355 5159 2751 5215 tenebricosam
2782 5153 3066 5208 eﬂ'udisscl
3101 5153 3375 5222 malignus
3407 5151 3461 5204 in
3491 5149 3596 5202 ho-

2015 5259 2192 5313 mines
2227 5255 2648 5326 ignoratiooem,
2683 5261 2738 5304 et
2771 5267 2865 5304 eos
2893 5251 3121 5303 omnino
3163 5250 3214 5299 in
3247 5261 3402 5297 suam
3436 5243 3596 5297 rede-

2015 5353 2182 5422 gisset
2220 5358 2566 5419 potestatem,
2603 5362 2632 5400 a
2658 5361 2787 5399 vero
2820 5343 3038 5412 quidem
3073 5349 3126 5394 et
3157 5340 3272 5392 solo
3306 5337 3419 5393 Deo
3480 5335 3596 5390 dis-

2005 5446 2184 5515 junxit
2213 5453 2266 5498 et
2298 5443 2518 5496 abducit
2553 5461 2566 5494 :
2598 5439 2758 5494 surda
2793 5449 2971 5490 autem
3004 5444 3058 5488 et
3086 5441 3234 5486 muta
3303 5430 3593 5483 simulacra

2014 5532 2332 5602 turpissime
2366 5529 2638 5597 persuasit
2676 5526 2856 5580 colere
2896 5533 2951 5578 et
2981 5523 3228 5584 adorare,
3290 5527 3348 5572 ut
3386 5517 3464 5570 sic
3499 5530 3597 5570 eos

2015 5625 2244 5678 omnino
2270 5630 2612 5690 expugnaret
2637 5627 2692 5673 et
2721 5618 3063 5687 subjugaret.
3099 5613 3206 5667 Sed
3238 5611 3331 5681 qui
3374 5625 3473 5664 nos
3500 5623 3596 5663 cu-

2016 5717 2184 5772 stodit
2217 5727 2271 5770 et
2319 5724 2505 5768 servat
2537 5711 2826 5773 Dominus,
2889 5725 3001 5764 non
3069 5705 3337 5761 concessit
3394 5701 3466 5764 ei,
3533 5710 3594 5756 ut

2015 5809 2244 5864 omnino
2271 5821 2430 5862 suum
2462 5805 2516 5859 in
2553 5819 2652 5859 nos
2711 5802 2966 5871 impleret
3002 5799 3186 5853 odium
3233 5811 3248 5850 :
3308 5807 3485 5863 neque
3532 5807 3591 5847 so

2021 5902 2157 5957 adeo
2194 5897 2540 5971 impudenter
2575 5900 2808 5965 gereret,
2861 5898 2922 5946 ut
2975 5903 3080 5945 nos
3119 5901 3314 5944 omnes
3361 5882 3588 5940 conculo
