3994 6444
377 355 483 417 ιἰ83

1721 340 2008 413 MENSIS
2047 350 2340 414 IULIUS;

3551 343 3659 407 ιι

375 467 442 522 ad
470 467 764 537 supplicia.
798 467 892 524 Est
923 467 1069 524 enim
1118 459 1254 520 mihi
1289 477 1456 518 unum
1511 461 1688 516 solum
1722 459 1964 515 terribile

2074 460 2162 515 ναί
2195 477 2246 514 τι
2277 460 2385 530 πρὸ
2417 459 2554 514 Θεοῦ
2584 459 2679 513 καὶ
2712 457 2813 528 τῆς
2849 458 3064 512 ἐκεῖθεν
3103 457 3440 527 χωρισθῆναι
3474 473 3656 525 μακα-

372 571 428 614 et
465 560 891 623 lormidandum,
927 575 998 614 ne
1025 557 1156 628 quid
1197 557 1458 610 timeatur
1474 553 1762 624 plusquam
1796 553 1961 618 Deus,

371 652 511 707 etab
533 667 594 705 ea
621 667 740 720 quae
765 651 872 705 illic
902 660 1006 714 est.
1042 664 1270 720 separer
1303 645 1664 700 beatitudine.
1704 642 1826 696 Alia
1861 657 1964 701 au-

373 754 482 798 tem
513 743 716 806 omnia,
739 757 861 812 quae
890 757 1013 796 meo
1039 739 1255 811 corpori
1289 737 1560 800 intuleris,
1613 735 1958 804 voluptatem

374 834 505 887 mibi
536 833 717 902 potius
778 833 1070 902 reputabo,
1137 847 1302 902 quam
1358 830 1691 892 cruciatum,
1740 837 1964 897 propter

373 941 553 981 meum
578 928 633 979 in
664 926 832 980 Deum
859 941 1126 980 amorem.

445 1041 693 1096 VLTunc
721 1056 923 1112 praeses
948 1055 1072 1094 cum
1106 1039 1458 1109 desperasset
1488 1035 1605 1090 fore
1632 1042 1690 1088 ut
1715 1040 1961 1087 mutare.

371 1143 480 1193 tur.
506 1134 658 1205 jubet
691 1139 740 1188 ei
768 1144 940 1188 totum
961 1148 1164 1204 corpus
1188 1131 1320 1185 caedi
1343 1129 1527 1185 nervis
1545 1124 1973 1184 crudelissimis,

371 1222 473 1290 Qui
510 1239 634 1278 cum
667 1225 996 1287 czederetur,
1063 1223 1336 1277 clamabat
1402 1236 1584 1291 praeco
1639 1238 1652 1274 :
1712 1221 1964 1288 Agnosce

373 1318 531 1382 deos,
562 1317 847 1381 Callinice,
911 1328 966 1370 et
996 1331 1090 1370 eos
1124 1316 1341 1380 invoca,
1387 1323 1448 1368 ut
1501 1323 1554 1368 te
1581 1313 1650 1367 ab
1688 1313 1794 1366 hoc
1849 1319 1964 1364 tor—

371 1417 561 1461 mento
600 1408 862 1461 eximant.
907 1406 1002 1461 llle
1030 1416 1216 1461 autem
1259 1417 1365 1459 tam
1392 1406 1588 1460 leniter
1635 1405 1820 1474 plagas
1858 1417 1953 1455 ac-

371 1500 631 1568 cipiebat,
675 1506 734 1553 ut
782 1514 854 1552 ne
885 1498 1164 1552 videretur
1215 1498 1432 1567 quidem
1497 1497 1724 1550 omnino
1779 1494 1890 1564 pali
1949 1511 1961 1546 :

375 1600 588 1644 tantum
623 1592 796 1655 abest,
843 1599 903 1644 ut
942 1586 1280 1657 concideret,
1345 1598 1441 1643 aut
1495 1587 1832 1649 flecteretur,
1896 1585 1966 1639 ad

289 1682 310 1693 ’
375 1680 548 1734 Deum
581 1682 757 1735 solum
789 1689 958 1734 tutam
1020 1689 1261 1734 mentem
1303 1680 1570 1748 dirigens,
1628 1686 1683 1731 et
1733 1677 1782 1731 ei
1829 1692 1966 1730 con-

375 1783 586 1826 stanter
619 1789 784 1842 agens
817 1772 1040 1843 gratias,
1073 1788 1173 1842 pro
1203 1787 1312 1840 quo
1352 1772 1467 1825 haec
1524 1770 1632 1840 pati
1672 1769 1962 1840 delegerat.

377 1860 440 1914 Et
470 1877 578 1930 quo
608 1863 778 1932 magis
798 1855 1014 1916 videbat
1053 1877 1258 1931 corpus
1295 1861 1565 1931 sanguine
1589 1859 1858 1924 dtllluere,
1897 1874 1963 1912 eo

375 1956 548 2023 magis
579 1955 956 2008 subsannabat
989 1969 1082 2008 eos
1114 1954 1206 2023 qui
1244 1954 1634 2019 verberabant,
1667 1953 1812 2021 quod
1853 1968 1963 2006 non

375 2044 560 2113 pltnes
590 2053 646 2098 et
682 2045 1120 2099 vehementiores
1151 2045 1200 2099 ei
1253 2045 1438 2114 plagas
1485 2043 1772 2098 inferrent.
1827 2041 1964 2096 Sunt

389 2151 468 2190 cae
503 2137 672 2198 enim,
707 2137 905 2205 inquit,
965 2137 1124 2208 longe
1179 2135 1423 2190 minores
1463 2146 1519 2190 et
1557 2135 1963 2200 imbecilliores,

376 2245 544 2298 quam
581 2247 684 2300 ego
741 2232 1072 2298 exspectavi,
1100 2238 1157 2283 et
1201 2244 1366 2298 quam
1401 2229 1504 2284 sim
1548 2229 1778 2284 tolerare
1813 2245 1969 2298 para-

377 2331 486 2375 tus.
525 2321 749 2391 Propter
771 2337 891 2391 quae
931 2321 1122 2390 majori
1149 2320 1334 2375 furore
1388 2321 1635 2390 percitus
1671 2320 1963 2387 Sacerdos,

371 2415 524 2483 jubet
556 2432 678 2468 eum
713 2415 949 2484 pendere
983 2431 1012 2468 a
1041 2415 1211 2486 ligno,
1267 2424 1322 2468 et
1348 2414 1542 2468 ferreis
1602 2414 1798 2468 laniari
1861 2429 1966 2468 un-

375 2507 534 2577 gulis.
570 2508 740 2571 Quem
811 2523 938 2562 cum
994 2508 1160 2562 etiam
1201 2508 1696 2564 circumstetissent
1747 2507 1969 2561 lictores

373 2608 618 2670 agrestes
647 2610 702 2654 et
727 2601 998 2662 crudeles,
1031 2601 1257 2655 scrutati
1291 2611 1420 2655 sunt
1446 2610 1613 2654 totam
1648 2613 1965 2668 compagem

374 2693 643 2760 corporis,
676 2692 810 2744 nulli
843 2695 1096 2761 corporis
1132 2691 1276 2761 parti
1341 2701 1655 2762 parcentes.
1723 2689 1968 2746 Dixisses

373 2800 496 2838 cum
534 2786 736 2839 habere
789 2795 1042 2840 naturam
1069 2767 1298 2856 lapidis,
1376 2795 1470 2839 aut
1512 2785 1745 2853 aliquam
1807 2785 1966 2838 aliam

373 2887 589 2937 eorum,
631 2888 751 2943 qua:
795 2873 1086 2928 suntdura
1140 2885 1196 2929 et
1254 2875 1640 2944 repugnantia,
1693 2890 1817 2928 cum
1881 2875 1965 2927 vi-

375 2963 551 3019 disses
585 2980 712 3019 eum
735 2966 880 3019 nulla
911 2965 1050 3020 allici
1073 2966 1340 3031 molestia,
1367 2981 1472 3020 nec
1504 2966 1612 3020 ullo
1652 2965 1828 3035 frangi
1871 2965 1969 3019 do-

373 3054 510 3110 lore.
539 3053 632 3109 Sic
656 3071 780 3110 eum
811 3058 1040 3110 mutavit
1066 3058 1188 3123 ejus
1244 3072 1397 3110 amor
1461 3055 1518 3110 in
1575 3054 1877 3120 Christum,
1909 3063 1968 3107 ut

2070 552 2341 624 ριότητος.
2372 552 2453 606 Τὰ
2477 552 2520 606 δ’
2548 551 2684 606 ἄλλα
2719 553 2916 617 πάντα,
2941 551 3041 605 ὅσα
3070 550 3136 604 ἂν
3165 549 3241 620 τῷ
3277 549 3396 620 ἐμῷ
3427 547 3660 636 ἐπάξαις

2069 647 2315 715 σώματι,
2353 645 2517 715 ἡδονὴ
2551 663 2641 714 μοι
2675 645 2876 715 μᾶλλον
2917 643 2950 714 ἢ
2982 642 3222 712 τιμωρία
3254 640 3346 694 διὰ
3376 639 3465 694 τὸν
3515 642 3658 712 πρὸς

2065 737 2200 790 Θεὸν
2223 736 2535 805 λελόγισται
2563 735 2764 807 ἔρωτα.

2141 1017 2232 1088 δι”.
2257 1019 2390 1074 Τότε
2406 1019 2434 1072 6
2457 1002 2680 1091 ἡγεμὼν
2705 1004 2804 1090 τὴν
2832 1000 3137 1089 μεταϐολὴν
3161 1017 3468 1078 ἀπελπίσας
3491 1015 3658 1087 προόο

2067 1113 2260 1166 τάσσει
2293 1113 2507 1183 νεύροις
2541 1111 2846 1182 ὠμοτάτοις
2871 1110 3013 1164 κατὰ
3037 1110 3242 1174 παντὸς
3270 1110 3365 1162 τοῦ
3403 1112 3664 1177 σώματος

2065 1203 2400 1266 τύπτεσθαι,
2433 1197 2592 1271 ᾧκαὶ
2626 1205 2948 1272 τυπτομένῳ
2974 1201 3230 1262 ἐπεϐὁαο
3268 1201 3469 1270 κήρυξι
3510 1201 3665 1253 Ἐπί-

2069 1297 2260 1364 γνωθι,
2289 1297 2602 1362 Καλλίνικε,
2626 1298 2752 1354 τοὺς
2780 1295 2937 1358 θεοὺς
2967 1297 3062 1348 καὶ
3086 1295 3238 1348 αὺτοῖ
3256 1311 3284 1356 ς
3311 1289 3661 1357 ἐπικάλεσαι,

2067 1389 2217 1451 ὅπως
2248 1405 2307 1441 σε
2331 1389 2534 1456 ταύτης
2565 1389 2664 1458 τῆς
2695 1387 2934 1458 βασάνου
2964 1387 3277 1454 ἐξέλωνται.
3313 1385 3374 1439 Ὀ
3404 1386 3459 1438 δὲ
3487 1385 3664 1446 οὕτως

2069 1471 2318 1550 ἀτρέμας
2348 1482 2560 1550 ἐδέχετο
2588 1486 2688 1543 τὰς
2718 1481 2957 1549 πληγὰς,
2992 1479 3066 1543 ὡς
3101 1479 3237 1549 μηδέ
3263 1473 3494 1547 πάσχειν
3522 1475 3664 1540 ὅλως

2069 1578 2270 1642 δοκεῖν,
2300 1577 2497 1630 πολλοῦ
2515 1595 2580 1644 γε
2609 1579 2691 1630 δεῖ
2721 1579 3088 1631 καταπίπτειν
3118 1577 3152 1648 ἢ
3184 1573 3661 1645 ἐπικάμπτεσθαι,

2070 1671 2190 1740 Θεῷ
2237 1672 2386 1742 μόνῳ
2415 1671 2511 1741 τὴν
2558 1671 2688 1740 ὅλην
2728 1671 2924 1723 τείνων
2952 1670 3196 1722 διάνοιαν
3224 1671 3320 1721 καὶ
3348 1666 3499 1736 αὐτῷ
3537 1668 3665 1718 ἐπι-

2076 1764 2255 1833 μὸνως
2285 1763 2651 1832 εὐχαριστῶν,
2680 1763 2797 1815 ἀνθ’
2821 1757 2882 1816 οὗ
2909 1762 3078 1816 ταῦτα
3109 1760 3303 1813 παθεῖν
3333 1760 3526 1819 είλετο,
3563 1757 3665 1809 καὶ

2069 1856 2179 1925 ὅσῳ
2219 1857 2422 1926 μᾶλλον
2449 1855 2594 1924 ἐώρα
2629 1859 2740 1919 τοῖς
2774 1855 2970 1925 αἵμασι
3005 1854 3065 1908 τὸ
3101 1854 3259 1921 σῶμα
3290 1853 3661 1924 κατάρρυτον,

2069 1949 2310 2017 τοσούτῳ
2342 1949 2465 2009 τοὺς
2496 1947 2795 2010 τύπτοντας
2817 1946 3207 2016 ἐμυκτήριζεν,
3227 1946 3306 1998 ὅτι
3335 1943 3411 2014 μὴ
3439 1942 3662 2001 πλείους

2069 2039 2219 2108 αὐτῷ
2277 2041 2371 2092 καὶ
2431 2033 2798 2111 σφοδροτέρας
2871 2038 2972 2101 τὰς
3026 2037 3240 2106 πληγὰς
3287 2036 3659 2104 ἐπιφέροιντο.

2082 2130 2368 2194 Ἐλάττους
2403 2132 2511 2202 γὰρ
2532 2133 2889 2201 αὖταὶ,φησ“ι,
2920 2133 3012 2183 καὶ
3051 2131 3300 2199 ἀδρανεῖς
3340 2127 3481 2182 κατὰ
3522 2125 3661 2204 πολὺ

2069 2219 2145 2278 ὧν
2179 2225 2562 2294 προσεδόκησα
2588 2229 2680 2277 καὶ
2712 2225 2848 2290 πρὸς
2879 2224 2913 2277 ἃ
2947 2220 3434 2293 παρεσκεύασμαι.
3475 2216 3592 2285 Ἐφ’
3615 2212 3665 2282 ᾧ

2070 2319 2166 2371 καὶ
2190 2316 2353 2368 πλέον
2400 2318 2427 2368 6
2458 2315 2746 2386 Σακερδὼς
2791 2317 3076 2384 ἐκμανεὶς,
3106 2311 3445 2382 ἀναρτᾶσθαι
3495 2309 3666 2363 αὑτὸν

2071 2410 2164 2461 ἐπὶ
2201 2408 2362 2474 ξύλου
2392 2408 2604 2460 κελεύει
2645 2409 2734 2461 καὶ
2767 2408 3008 2478 σιδηροῖς
3040 2409 3150 2468 τοῖς
3180 2404 3327 2468 ὖνυξι
3355 2400 3662 2469 ξαίνεσθαι,

2070 2503 2129 2556 ὃν
2155 2503 2248 2555 καὶ
2284 2505 2468 2572 δήμιοι
2497 2504 2856 2572 περιστάντες
2889 2503 3076 2570 ἄγριοι
3102 2499 3194 2552 καὶ
3234 2498 3380 2568 ὠμοὶ
3403 2495 3502 2566 τὴν
3529 2496 3667 2564 ὅλην

2073 2596 2340 2666 ἁρμονίαν
2361 2595 2457 2649 τοῦ
2485 2596 2733 2666 σώματος
2757 2595 3142 2665 διηρεὺνησαν,
3172 2592 3397 2663 μηδενὸς
3427 2589 3536 2642 τῶν
3557 2588 3666 2657 τῆς

2073 2689 2276 2758 σαρκὸς
2331 2689 2536 2758 μορίων
2582 2690 2923 2758 φεισάμενοι.
2969 2682 3136 2747 Eine;
3186 2685 3250 2738 ἂν
3295 2684 3460 2736 αὑτὸν
3507 2681 3662 2734 λίθου

2075 2779 2237 2846 φύσιν
2286 2778 2320 2848 ἡ
2369 2795 2491 2830 τινα
2537 2779 2706 2848 ἀλλην
2748 2779 2892 2846 ἔχειν
2938 2777 3047 2830 τῶν
3101 2775 3414 2829 ἀντιτύπων
3456 2791 3516 2825 τε
3564 2774 3664 2825 καὶ

2076 2872 2319 2941 στερῤὤν
2341 2871 2401 2923 τὸ
2431 2872 2737 2941 ἀνάλγητον
2763 2869 2930 2922 αὐτοῦ
2971 2869 3301 2938 τεθεαμένος
3331 2869 3426 2920 καὶ
3455 2870 3661 2935 ἁτέρα-

2078 2981 2236 3033 μνον,
2271 2962 2446 3024 οὕτως
2477 2964 2639 3016 αὑτὸν
2667 2964 2694 3014 6
2727 2963 2862 3032 πρὸς
2901 2963 3138 3031 Χριστὸν
3167 2959 3306 3031 ἐρως
3339 2958 3652 3029 ὴλλοίωσεν.

2072 3053 2148 3116 ὡς
2176 3055 2270 3108 καὶ
2297 3055 2467 3123 αὐτῆς
2495 3054 2848 3107 ἐπιλαθέσθαι
2879 3049 2945 3125 ἧς
2973 3055 3155 3124 εἴληχε
3188 3055 3428 3121 φύσεως.
3461 3049 3655 3105 Τοσοῦ-

374 3148 514 3216 ejus,
545 3163 708 3215 quam
737 3148 992 3214 habebat,
1021 3148 1441 3202 oblivisceretur
1466 3157 1698 3201 naturae.
1729 3145 1963 3199 Tantum

2074 3166 2165 3200 τον
2196 3150 2306 3218 γὰρ
2329 3149 2523 3218 ἀπεῖχε
2550 3150 2616 3218 τῇ
2647 3147 3067 3220 ὑπερδαλλούσῃ
3091 3147 3264 3217 ταύτῃ
3289 3144 3664 3200 ὑποκατακλὶ-

374 3244 520 3293 enim
549 3240 743 3304 abfuit,
775 3249 833 3294 ut
877 3255 1092 3294 summo
1131 3250 1406 3294 tormento
1457 3239 1859 3302 succumberet,
1910 3245 1971 3290 ut

377 3345 514 3384 voce
565 3331 734 3384 libera
793 3332 1045 3387 irridet-et
1102 3343 1156 3386 et
1226 3333 1604 3386 ludilicaretur
1653 3340 1969 3400 tyrannum.

377 3422 494 3488 Qua
525 3422 592 3476 de
623 3439 788 3478 causa
857 3423 1146 3480 videbatur
1221 3425 1310 3478 hic
1356 3427 1576 3495 quidem
1635 3424 1974 3494 inexpugna-

378 3516 536 3582 bilis,
573 3515 663 3570 ille
691 3529 876 3571 autem
911 3518 1118 3587 pudore
1144 3517 1394 3586 allectus,
1425 3526 1482 3572 et
1543 3517 1661 3571 sola
1720 3517 1958 3586 quadam

376 3605 527 3662 inani
556 3623 616 3663 se
645 3611 1006 3665 exsultatione
1030 3611 1310 3679 jactitans.

451 3806 564 3862 Vll.
593 3808 730 3862 Cum
787 3817 972 3863 autem
1035 3807 1262 3862 omnino
1316 3808 1663 3877 desperasset
1716 3807 1968 3871 stolidus,

375 3900 442 3954 ad
495 3901 601 3956 hoc
647 3902 900 3956 ultimum
956 3917 1254 3956 conversus
1301 3911 1386 3956 est
1439 3901 1789 3971 supplicium,
1821 3900 1968 3970 quod

377 3993 564 4058 solus,
618 3993 704 4045 vel
762 4009 887 4047 cum
949 3993 1244 4047 admodum
1296 3993 1484 4062 paucis
1531 3993 1860 4062 excogitavit
1916 4002 1971 4046 et

377 4082 588 4137 invenit
650 4100 665 4137 :
709 4084 858 4152 quod
900 4084 1122 4152 quidem
1165 4093 1285 4138 erat
1327 4084 1690 4154 signum‘ejus
1752 4084 1970 4138 furiosa:

375 4182 432 4229 et
463 4175 696 4230 amentis
727 4175 944 4229 animm.
979 4175 1114 4229 Nam
1141 4192 1265 4230 cum
1297 4177 1547 4245 crepidas
1593 4177 1762 4230 clavis
1794 4178 1969 4231 acutis

375 4269 711 4330 conlixisset,
739 4269 897 4336 jubet
939 4269 1150 4336 alligari
1191 4269 1422 4339 pedibus
1454 4271 1729 4340 martyris,
1761 4277 1814 4323 et
1868 4270 1971 4322 im-

375 4369 531 4427 perat
559 4361 624 4414 iis
650 4362 742 4428 qui
769 4376 894 4415 eum
954 4363 1318 4426 abducebant,
1392 4364 1696 4427 lictoribus,
1740 4375 1798 4416 ut
1855 4374 1970 4417 tra-

376 4461 500 4506 ctus
538 4453 704 4507 iniret
735 4456 878 4539 viapi
910 4454 1182 4526 Gangratn
1215 4473 1407 4526 usque.
1441 4458 1514 4513 Ut
1558 4468 1742 4511 autem
1793 4457 1966 4525 majo-

375 4556 465 4597 res
501 4554 558 4598 et
583 4547 825 4600 acriores
855 4548 903 4600 ei
933 4547 1262 4600 all'errentur
1289 4548 1509 4602 dolores
1579 4563 1644 4602 ex
1713 4545 1963 4615 perfora-

375 4631 524 4690 tione
549 4638 852 4702 clavorum,
881 4653 1004 4692 cum
1077 4638 1214 4692 alios
1266 4639 1487 4694 lictores
1523 4639 1846 4692 collocassct
1906 4636 1962 4689 in

375 4725 530 4794 equis
556 4725 982 4794 pernicissimis,
1016 4729 1248 4796 cogebat
1283 4737 1410 4782 ante
1441 4743 1537 4782 eos
1567 4741 1791 4781 currere
1846 4725 1964 4778 atli-

376 4816 539 4871 letam
599 4819 769 4872 clavis
840 4818 1139 4873 cr.nlixu’m.
1209 4821 1450 4875 Omnino
1509 4821 1594 4874 vel
1649 4821 1715 4874 ad
1787 4820 1962 4874 solum

375 4909 750 4976 spectaculum
811 4909 1020 4966 fractus
1092 4924 1245 4967 esset
1322 4913 1504 4966 oninis
1586 4913 1826 4976 animus,
1894 4926 1964 4964 ne

375 5003 580 5069 apertis
620 4995 844 5069 quidem
891 5003 1064 5058 oculis
1126 5003 1244 5058 haec
1301 5003 1486 5058 ferens
1527 5003 1794 5073 aspicere.
1854 5003 1963 5057 Sed

376 5108 489 5148 non
518 5094 611 5147 ille
633 5094 914 5160 immanis,
951 5105 1008 5149 et
1029 5096 1195 5150 corde
1232 5097 1394 5165 plane
1425 5095 1776 5166 lapideo,aut
1799 5107 1967 5150 natu-

375 5201 434 5240 ra
464 5194 548 5239 est
577 5185 687 5240 ullo
742 5188 906 5241 modo
929 5195 1262 5251 commotus,
1295 5197 1392 5242 aut
1418 5189 1663 5243 dolorem
1689 5189 1966 5258 reputavit

377 5277 802 5346 insuperabilem
845 5296 861 5332 :
925 5279 1021 5333 sed
1057 5290 1313 5349 tanquam
1349 5280 1417 5335 iis
1444 5295 1566 5350 qua:
1612 5285 1962 5351 gerebantur,

374 5374 668 5437 insultans,
734 5373 1063 5445 praesidebat
1136 5376 1431 5445 superbus,
1508 5378 1730 5447 impiam
1807 5391 1961 5432 suam

374 5467 613 5522 animam
677 5469 911 5536 implens
969 5467 1166 5522 talibus
1231 5470 1580 5540 spectaculis.
1641 5469 1746 5535 Qui
1799 5472 1961 5524 etiam

368 5559 534 5627 jussit
578 5559 890 5628 lictoribus,
927 5571 987 5618 ut
1039 5561 1203 5617 simul
1244 5573 1409 5632 atque
1445 5563 1647 5616 dictam
1683 5564 1963 5618 ascendis-

373 5664 498 5706 sent
528 5653 834 5719 civitatem,
872 5655 1415 5722 vehementissimam
1455 5654 1734 5711 fornacem
1767 5671 1964 5711 accen-

372 5743 585 5807 derent,
628 5756 682 5798 et
721 5757 971 5802 sanctum
1003 5747 1054 5800 in
1097 5762 1216 5802 eam
1285 5748 1612 5816 injicerent:
1683 5757 1744 5803 ut
1796 5750 1960 5804 etiam

374 5833 465 5902 qui
494 5833 603 5889 illic
632 5845 780 5904 sunt,
817 5839 1014 5906 aiebat,
1066 5840 1312 5896 viderent
1360 5843 1481 5911 ejus
1537 5841 1960 5898 inobedientiam

2075 3241 2257 3294 νεσθαι
2291 3241 2529 3310 βασάνῳ,
2565 3241 2641 3303 ὡς
2667 3242 2760 3294 καὶ
2794 3240 3336 3311 πεπαρῤησιασμένῃ
3373 3238 3471 3308 ήδη
3506 3239 3662 3308 φωνῇ

2073 3332 2436 3394 ἐπιτωθάζειν
2465 3334 2555 3386 τὸν
2581 3332 2840 3402 τύραννον
2855 3332 2951 3384 καὶ
2976 3331 3423 3402 αύτῷέπιγελᾷν·
3472 3329 3557 3401 ἐφ’
3585 3324 3666 3382 ὢν

2071 3418 2228 3487 οὗτος
2260 3426 2358 3494 μὲν
2383 3425 2565 3496 ώρᾶτο
2588 3424 3054 3494 ἀκαταγώνιστος,
3080 3425 3284 3487 ἐκεῖνος
3307 3423 3352 3476 δ’
3373 3422 3668 3496 ᾐσχυμμέ-

2074 3531 2162 3578 νος
2189 3515 2285 3568 καὶ
2319 3516 2466 3585 μόνῳ
2493 3505 2571 3586 τῷ
2600 3515 2833 3586 διακένῳ
2865 3516 3190 3586 φρυάγματι
3236 3514 3662 3586 βρενθυόμενος.

2145 3810 2214 3867 Z'.
2265 3812 2352 3873 Ὠς
2381 3809 2437 3864 δέ
2465 3811 2574 3873 τοῖς
2604 3807 2744 3870 δλοις
2761 3805 3072 3874 ἀπεγνώκει
3105 3807 3132 3859 6
3165 3805 3418 3876 μάταιος,
3452 3802 3546 3857 ιπι
3563 3803 3668 3874 τὴν

2072 3906 2308 3975 ἐσχάτην
2344 3902 2549 3972 ταύτην
2585 3899 2858 3970 τιμωρίαν
2888 3898 3192 3969 ἐτράπετο,
3232 3897 3264 3968 ἦ
3296 3897 3460 3966 μόνος
3495 3896 3527 3966 ἢ
3567 3912 3663 3948 κου

2076 3999 2202 4070 μιδῇ
2227 4001 2323 4051 σὺν
2343 3996 2546 4064 ὀλίγοις
2574 3997 2665 4047 καὶ
2698 3994 3017 4062 διενοήσατο
3039 3991 3134 4044 καὶ
3159 3991 3349 4061 ἐξεῦρε
3392 3989 3665 4057 σύμϐολον

2071 4090 2241 4144 οὖσαν
2279 4089 2378 4154 τῆς
2417 4089 2736 4158 ἐμπλήκτου
2791 4086 2957 4138 αὐτοῦ
2986 4087 3082 4137 καὶ
3110 4086 3431 4154 παραφόρου
3457 4083 3657 4154 ψυχῆς.

2073 4185 2364 4254 Κρηπῖδας
2391 4183 2500 4251 γὰρ
2536 4182 2686 4250 ἥλοις
2725 4179 2871 4244 ὀξέσι
2895 4178 3261 4247 διαπερνήσας
3298 4177 3662 4246 ὑποδεσθῆναι

2072 4278 2406 4348 προστάσσει
2445 4275 2535 4327 τὸν
2577 4274 2827 4343 μάρτυρα
2868 4273 2963 4324 καὶ
2996 4271 3186 4324 τοῦτον
3226 4273 3523 4339 συρόμενον
3562 4271 3664 4338 τὴν

2075 4375 2236 4444 μέχρι
2279 4369 2545 4441 Γαγγρῶν
2583 4367 2825 4438 βαδίζειν
2861 4365 2979 4419 ὁδὸν
3018 4367 3128 4426 τοῖς
3167 4366 3466 4427 ἐπάγουσιν
3495 4365 3662 4416 αὑτὸν

2071 4465 2286 4535 δημίοις
2318 4461 2708 4531 παρήγγειλενε
2749 4459 2840 4519 Ὠς
2873 4457 2939 4510 ἂν
2963 4457 3018 4510 δέ
3048 4457 3272 4527 μείζους
3299 4457 3450 4526 αὐτῷ
3475 4455 3663 4510 ὀδύναι

2073 4559 2164 4608 καὶ
2199 4553 2529 4622 δριμύτεραι
2558 4553 2620 4602 ἐκ
2647 4553 2755 4602 τῶν
2777 4551 2874 4618 τῆς
2898 4548 3044 4618 ἥλων
3067 4548 3278 4615 γένοιτο
3299 4548 3660 4617 διατρήσεως,

2074 4647 2294 4716 ἐτέρους
2337 4644 2566 4713 δημίους
2611 4643 2802 4704 ἵπποις
2840 4639 3170 4702 ἐπιϐιϐάσας
3214 4638 3518 4701 ὠκυτάτοις
3565 4640 3664 4692 καὶ

2071 4741 2334 4808 ταχινοῖς,
2373 4737 2518 4788 θέειν
2547 4733 2859 4805 ἔμπροσθεν
2891 4731 3072 4784 αὐτῶν
3100 4733 3193 4782 τὸν
3222 4734 3334 4793 τοῖς
3363 4731 3516 4800 ἣλοις
3545 4731 3664 4784 διαρ

2073 4831 2430 4898 πεπαρμένον
2455 4825 2696 4896 ἀθλητὴν
2718 4823 3130 4892 κατηνάγκαζει
3156 4821 3380 4886 Πάντως
3401 4825 3492 4874 καὶ
3523 4821 3662 4891 πρὸς

2076 4923 2246 4992 μᾴνην
2279 4919 2381 4990 τὴν
2413 4919 2544 4971 θέαν
2576 4916 2815 4985 ἐκλάσθη
2849 4916 2915 4968 ἂν
2956 4916 3109 4967 πᾶσα
3143 4915 3291 4983 ψυχὴ
3331 4914 3452 4984 μηδ’
3484 4914 3660 4983 ἀνεῳο

2072 5015 2228 5082 γὸσιν
2250 5011 2554 5081 ὀφθαλμοῖς
2581 5008 2808 5061 τοιαῦτα
2836 5006 3085 5075 φέρουσα
3109 5003 3354 5075 καθορᾷν
3379 5021 3394 5036 ο
3417 4999 3534 5057 ἀλλ’
3561 5003 3660 5073 οὐχ

2071 5106 2100 5158 6
2128 5102 2470 5171 λιθοκάρδιος
2501 5101 2594 5153 καὶ
2618 5098 2838 5169 ἀπηνὴς
2869 5098 2904 5167 ἡ
2936 5113 2989 5149 τι
3021 5097 3159 5164 πρὸς
3190 5095 3290 5166 τὴν
3325 5094 3488 5163 φύσιν
3519 5093 3660 5146 επα-

2072 5197 2211 5267 θενῆ
2237 5196 2298 5248 τὸ
2319 5198 2417 5264 τῆς
2439 5193 2632 5261 ὀδύνης
2651 5190 2932 5258 ἐλογίσατο
2952 5187 3382 5257 ἀνυπέρϐλητον,
3408 5185 3529 5240 ἀλλ’
3549 5185 3659 5238 timo

2071 5291 2191 5344 ανεὶ
2221 5288 2335 5350 τοῖς
2375 5287 2677 5358 δρωμένοις
2709 5280 3088 5349 ἐπεντρυφῶν,
3124 5279 3474 5349 προυκάθητο
3500 5277 3661 5330 σοϐα-

2075 5385 2191 5455 ρὸς,
2231 5383 2334 5452 τὴν
2369 5377 2727 5448 ἀνοσιουργὸν
2758 5373 2924 5427 αὑτοῦ
2945 5374 3126 5443 ψυχὴν
3157 5371 3417 5423 τοιούτων
3451 5369 3662 5441 θεαμά-

2071 5493 2178 5527 των
2217 5489 2346 5528 κατε
2359 5470 2618 5542 μπιπλῶν
2649 5485 2663 5500 ·
2690 5468 2748 5528 ὃς
2787 5483 2852 5534 γε
2880 5467 2976 5520 καὶ
3002 5469 3116 5528 τοῖς
3152 5465 3371 5534 δημίοις
3413 5479 3662 5533 παρεκε-

2071 5565 2303 5618 λεύσατο
2347 5565 2466 5633 ἃμα
2507 5559 2584 5629 τῷ
2629 5559 2885 5629 ἐπιδῆναι
2935 5556 3034 5627 τῆς
3079 5556 3379 5626 εἰρημένης
3425 5555 3657 5619 πόλεως,

2071 5656 2305 5724 κάμινον
2337 5651 2709 5721 σφοδροτάτην
2740 5647 3012 5702 ἐκκαῦσαι
3047 5650 3142 5700 καὶ
3174 5645 3347 5716 ταύτῃ
3377 5644 3470 5695 τὸν
3501 5646 3661 5710 ἆγιον

2071 5747 2350 5817 ἐμϐαλεῖν,
2382 5743 2458 5807 ὡς
2489 5743 2555 5798 ἂν
2584 5743 2677 5795 καὶ
2706 5741 2756 5794 οί
2787 5743 2921 5806 ἐκεῖ,
2952 5740 3109 5810 φησὶ,
3140 5738 3199 5791 τὸ
3231 5735 3455 5799 ἀπειθὲς
3491 5735 3659 5790 αὑτοῦ

2073 5839 2356 5895 θιάσοιντο
2391 5835 2490 5889 καὶ
2512 5832 2882 5902 ἀπόσκληρον,
2914 5833 3035 5884 ἐπεὶ
3069 5832 3172 5885 κάν
3198 5829 3370 5898 ταύτῃ
3399 5831 3467 5898 τῇ
3501 5826 3660 5880 πόλει
