3994 6416
188 396 292 458 ιῖο

1451 393 1630 452 VlTA
1670 393 1730 454 S.
1777 393 2185 454 EUDOCIMI.

3359 384 3463 446 (90

192 525 301 564 non
336 505 484 562 abuti
515 504 744 576 eligunt,
779 503 1030 560 dicantur
1059 518 1148 560 res
1189 501 1354 567 illius,
1417 511 1469 556 et
1525 503 1768 560 virorum
1801 514 1844 570 Α
1876 521 1997 576 qua:
2049 503 2267 566 dicunt,
2307 501 2408 572 ipsi
2442 501 2594 572 prius
2623 507 2890 571 pugnant,
2948 507 3002 553 et
3027 513 3086 552 re
3113 498 3228 568 ipsa
3278 509 3464 568 aperte

190 603 459 656 bonorum
493 597 692 653 animis
734 606 1043 669 apponatur
1096 610 1288 652 mensa
1326 593 1534 662 divina,
1566 605 1622 652 et
1665 612 1767 668 op-

187 691 363 760 sonia,
391 707 514 762 qua:
541 705 821 761 nunquam
851 699 1272 746 consumuntur.

253 784 320 840 ll.
359 784 599 838 Sanetus
625 797 756 856 ergo
787 782 1120 838 Eudocimus
1142 799 1317 856 genus
1343 783 1567 856 quidem
1615 781 1770 838 duxit

183 891 245 931 ex
289 873 733 945 Cappadocibus,
780 872 996 943 piorum
1047 883 1337 943 parentum
1393 874 1482 944 pia
1530 873 1766 928 soboles.

185 967 430 1034 Quorum
495 965 636 1020 alter
691 965 912 1036 quidem
970 965 1220 1033 Basilius,
1285 965 1526 1022 Eudocia
1583 977 1769 1021 autem

184 1059 428 1122 nomine,
461 1074 585 1128 qua:
613 1067 898 1130 genuerat,
930 1068 1089 1112 erant
1116 1071 1318 1128 genere
1357 1059 1618 1130 insignes,
1650 1057 1773 1128 opi-

186 1151 280 1204 bus
339 1149 714 1214 abundantes,
783 1148 1133 1218 illustresque
1192 1149 1536 1204 auctoritate.
1594 1148 1773 1204 Patri-

189 1242 394 1298 ciorum
425 1241 576 1296 enim
613 1241 882 1314 dignitate
924 1241 1107 1297 clarus
1137 1248 1256 1296 erat
1312 1240 1568 1298 Basilius.
1633 1240 1772 1298 Cum

200 1349 295 1389 tam
319 1333 620 1404 praeclaros
648 1344 836 1388 autem
872 1332 1096 1404 generis
1130 1332 1313 1388 fontes
1345 1333 1572 1389 haberet
1603 1333 1772 1400 ﬁlius,

199 1445 288 1482 non
313 1437 425 1482 tam
455 1428 610 1482 visus
639 1435 725 1482 est
755 1427 954 1482 nobilis
983 1441 1050 1482 ex
1083 1427 1426 1496 parentibus,
1455 1437 1636 1498 neque
1661 1436 1777 1482 Ian.

195 1531 289 1575 tam
317 1535 387 1575 ex
413 1518 497 1574 eis
523 1519 739 1590 accepit
761 1517 1008 1590 gloriam,
1035 1526 1300 1588 quantam
1334 1520 1450 1589 ipse
1500 1519 1776 1590 praeclaris

189 1613 290 1668 suis
315 1612 482 1667 factis
513 1627 580 1666 ex
613 1626 674 1666 se
697 1611 1046 1666 nobilitatum
1079 1613 1194 1666 suis
1211 1611 1395 1666 attulit
1432 1610 1770 1682 parentibus.

183 1706 313 1758 Nam
349 1704 497 1759 ﬁlios
519 1703 768 1773 quidem,
804 1703 898 1773 qui
921 1718 990 1758 ex
1023 1702 1184 1758 claris
1246 1704 1351 1758 orti
1403 1710 1535 1758 sunt
1569 1718 1777 1774 paren-

183 1797 344 1860 tibus,
382 1795 691 1866 permultos
725 1794 975 1849 invenies
1008 1802 1316 1864 :parentes
1347 1804 1531 1849 autem
1583 1793 1774 1848 talium

1877 594 2283 660 contradicunt,
2307 609 2431 649 cum
2457 593 2648 664 procul
2678 592 2746 646 ab
2768 592 2835 648 iis
2863 606 2984 662 quae
3000 591 3278 659 dicuntur,
3309 592 3472 646 aber-

1874 699 1959 744 ret
1987 705 2178 745 eorum
2212 691 2450 742 animus.
2477 685 2918 757 Temperantiam
2945 693 3153 748 autem,
3192 700 3312 754 qua:
3344 700 3472 740 vero

1873 783 2092 853 publica
2120 792 2225 848 est,
2255 791 2312 837 et
2346 779 2755 851 pulchritudine
2791 779 2924 834 alias
2956 779 3178 834 excellit
3214 765 3472 841 virtutes,

1876 876 1958 931 sic
1988 877 2211 940 amavit,
2243 885 2297 931 et
2327 875 2395 930 ab
2437 891 2500 929 ea
2550 875 2623 928 ita
2680 882 2869 942 aperte
2895 881 2983 928 est
3035 886 3346 945 superatus,
3414 884 3476 929 ut

1875 970 2069 1023 eamin
2101 971 2213 1036 vita
2252 968 2485 1031 sociam,
2525 977 2580 1021 et
2603 951 2724 1036 quas
2749 981 2936 1020 secum
2967 965 3264 1031 habitaret,
3318 967 3474 1022 delc-

1875 1057 2038 1127 gcrit,
2069 1067 2123 1113 et
2153 1059 2415 1112 audacter
2436 1072 2559 1112 cum
2587 1053 2690 1111 Job
2721 1056 2933 1125 diceret
2957 1072 3069 1111 non
3093 1059 3196 1113 hoc
3250 1059 3427 1124 solum
3455 1079 3469 1114 :

1875 1149 2096 1208 Oculum
2133 1168 2303 1206 meum
2341 1168 2441 1205 non
2481 1161 2555 1206 est
2602 1168 2691 1205 cor
2711 1160 3043 1218 consecutum
3083 1153 3126 1214 ⁷,
3157 1152 3255 1218 sed
3280 1153 3470 1216 etiam,

1876 1245 2021 1315 quod
2051 1245 2142 1298 illo
2197 1253 2282 1299 est
2328 1246 2526 1313 majus,
2583 1253 2801 1314 pactum
2834 1242 3054 1310 .l’ecisse
3105 1258 3232 1313 cum
3268 1245 3470 1310 oculis,

1877 1335 2028 1390 nullo
2055 1335 2216 1390 modo
2239 1334 2575 1390 intellexisse
2608 1349 2774 1403 super
2800 1333 3116 1406 virginem"
3148 1343 3239 1390 :et
3295 1351 3473 1413 usque

1877 1428 2014 1484 adeo
2043 1428 2298 1494 vitaverit
2337 1444 2460 1484 cum
2492 1426 2716 1482 muliere
2740 1427 2998 1498 colloqui,
3028 1436 3088 1482 nt
3145 1428 3246 1483 soli
3308 1431 3473 1495 matri

1878 1536 1990 1576 non
2025 1529 2174 1576 esset
2215 1519 2558 1590 prohibitum
2610 1519 2677 1574 ad
2733 1535 2859 1574 eum
2911 1520 3196 1584 accedere,
3223 1536 3388 1592 quam
3418 1525 3473 1576 in

1880 1628 2076 1684 magna
2117 1597 2355 1678 habebat
2407 1611 2807 1667 veneratione:
2863 1621 2924 1665 ut
2981 1611 3073 1681 qui
3133 1627 3240 1666 non
3296 1612 3472 1667 solum

1879 1689 2164 1772 maternis,
2195 1706 2291 1760 sed
2329 1704 2551 1759 virtutis
2583 1704 2999 1768 etiam,cederet
3051 1705 3284 1776 legibus.
3330 1705 3479 1760 Prat-

1881 1809 1967 1855 ter
1993 1817 2114 1856 eam
2145 1812 2326 1858 autem
2360 1801 2496 1856 nulli
2520 1801 2720 1867 licebat
2750 1801 2962 1867 mulieri
2988 1817 3113 1870 cum
3145 1818 3211 1866 eo
3246 1803 3474 1872 omnino

183 1888 439 1954 ﬁliorum,
473 1889 570 1960 qui
607 1887 662 1942 in
694 1887 880 1942 medio
911 1887 1119 1943 mundo
1178 1886 1347 1941 vitam
1391 1885 1528 1940 nulli
1587 1900 1772 1956 repre-
1809 1867 1850 1925 Β
1881 1894 2058 1964 loqui,
2083 1903 2176 1949 aut
2199 1895 2408 1950 adeum
2439 1895 2613 1949 adire,

182 1980 437 2034 bensioni
476 1978 694 2034 atlinem
727 1984 1138 2050 transegorunt,
1177 1976 1478 2033 admodum
1540 1991 1769 2047 paucos.

183 2071 269 2126 ille
317 2085 458 2142 ergo
487 2069 751 2126 doctrina:
786 2078 841 2125 et
895 2069 1198 2139 disciplinis
1236 2068 1422 2138 jussus
1468 2067 1770 2132 attendere,

186 2180 440 2236 magnum
473 2163 531 2218 in
569 2163 653 2217 his
685 2162 872 2234 posuit
920 2161 1185 2228 studium,
1243 2175 1356 2214 non
1426 2159 1772 2224 verberibus,

186 2275 284 2314 non
310 2259 642 2323 terroribus,
670 2273 779 2311 non
816 2255 1001 2326 aliquo
1035 2255 1145 2310 alio
1180 2253 1432 2325 indigens
1456 2267 1521 2308 ex
1551 2252 1620 2307 iis
1655 2267 1776 2322 qua:

188 2360 413 2423 possunt
441 2351 706 2422 puerilem
743 2350 810 2406 ad
850 2365 940 2405 res
1001 2349 1261 2404 honestas
1296 2347 1538 2402 excitare
1589 2361 1777 2401 socor-

186 2446 322 2501 diam
357 2462 372 2500 :
409 2445 509 2500 sed
543 2443 662 2514 ipse
690 2454 810 2498 erat
873 2441 977 2497 sibi
1010 2440 1265 2496 sti-mulus
1299 2455 1363 2495 ex
1408 2439 1776 2510 propensione

189 2546 242 2592 et
274 2537 442 2591 animi
477 2535 763 2590 alacritate
789 2534 856 2589 ad
912 2548 976 2588 ea
1009 2548 1133 2604 quae
1191 2533 1332 2587 bona
1391 2540 1541 2586 sunt.
1607 2529 1774 2585 Multo

193 2640 370 2683 autem
402 2627 579 2700 magis
632 2627 956 2698 invigilabat
1020 2625 1246 2681 lectioni
1289 2624 1598 2680 divinorum
1659 2625 1777 2680 elo-

187 2724 458 2795 quiorum,
497 2729 553 2776 et
582 2721 803 2776 assidue
830 2720 884 2774 in
905 2719 988 2774 eis
1015 2719 1357 2784 versabatur,
1387 2718 1528 2773 adeo
1571 2725 1632 2771 ut
1659 2717 1776 2787 ipse

185 2829 400 2888 quoque
438 2823 664 2869 caneret
708 2827 830 2866 cum
872 2811 1062 2867 divino
1125 2809 1330 2866 Davide
1394 2827 1407 2863 :
1482 2809 1776 2863 Exsultabo

187 2926 270 2980 ego
293 2925 455 2978 super
489 2907 700 2978 eloquia
730 2914 844 2971 tua,
878 2912 936 2959 ut
963 2905 1054 2974 qui
1082 2905 1276 2958 inuenit
1309 2902 1481 2972 spolia
1507 2901 1679 2956 multa
1730 2903 1772 2957 ’.

190 3002 248 3055 Et
283 3020 300 3057 :
332 3000 514 3065 Quam
564 2999 731 3053 dilexi
777 2997 942 3069 legem
982 3009 1154 3060 tuam,
1205 2995 1428 3050 Domine
1474 3011 1493 3049 :
1537 3003 1648 3050 tota
1694 2996 1778 3050 die

191 3091 454 3144 meditatio
487 3106 606 3144 mea
633 3099 708 3144 est
732 3090 771 3144 ³.
805 3089 1096 3159 l‘ropterea
1124 3087 1175 3143 ei
1211 3095 1522 3158 reputatum
1570 3095 1655 3142 est
1685 3101 1777 3142 su-

187 3199 275 3254 pra
303 3183 479 3238 millia
515 3182 718 3239 auriet
780 3182 988 3251 argenti
1014 3181 1057 3246 ⁸,
1117 3181 1269 3252 juxta
1334 3178 1581 3235 divinum
1636 3179 1776 3235 Pro-

185 3281 426 3349 pbetam,
455 3278 582 3334 dico
625 3275 905 3331 Davidem.
951 3275 1016 3330 Et
1039 3273 1135 3330 Dei
1168 3273 1384 3344 eloquia
1419 3274 1599 3331 dulcia
1649 3285 1775 3347 gut-

186 3374 288 3427 turi
319 3374 444 3444 ejus
476 3371 728 3437 l'uerunt,
766 3379 822 3425 et
844 3384 1008 3441 supra
1029 3368 1134 3424 mel
1165 3368 1246 3423 ori
1278 3368 1400 3439 ejus
1421 3370 1462 3421 ⁵.

249 3487 342 3541 lll.
381 3483 622 3540 Vacabat
650 3492 833 3540 autem
867 3481 1065 3539 divinis
1099 3481 1320 3556 templis
1347 3490 1402 3537 et
1437 3481 1659 3561 assidue
1707 3481 1775 3536 ad

189 3577 554 3633 eaveniebat.
588 3575 655 3631 Et
705 3591 830 3632 cum
890 3577 1010 3650 ejus
1063 3573 1306 3645 aequales
1371 3582 1429 3628 et
1479 3573 1776 3628 familiares

195 3673 351 3728 dediti
388 3680 583 3728 essent
611 3668 1016 3733 venationibus,
1058 3677 1116 3722 et
1173 3681 1440 3736 equorum
1493 3665 1774 3727 cursibus,

185 3776 235 3821 et
254 3766 380 3822 aliis
411 3763 832 3819 adolescentum
867 3761 1084 3826 studiis,
1113 3759 1206 3813 ille
1236 3774 1299 3813 ea
1350 3773 1494 3830 aegre
1547 3757 1776 3822 terebat,

183 3860 322 3915 etab
355 3859 443 3914 eis
476 3856 706 3912 minime
729 3853 1070 3917 movebatur,
1138 3861 1195 3906 et
1242 3851 1377 3905 nulli
1408 3851 1660 3922 ;ccdebat
1711 3866 1776 3904 ex

185 3955 246 4015 iis
314 3965 448 4023 qua
517 3947 860 4022 juvenilibus
921 3945 1282 4001 blandiuntur
1362 3943 1777 4013 cupiditatibus.

184 4043 433 4102 iucunde
465 4056 599 4096 vero
637 4048 692 4104 et
765 4039 1008 4094 libenter
1053 4036 1377 4092 versabatur
1420 4034 1778 4102 Eudocimus,

185 4145 271 4191 aut
301 4138 358 4192 in
393 4136 565 4192 domo
598 4132 888 4201 orationis,
923 4131 1101 4198 autin
1157 4129 1402 4185 lectione
1453 4126 1772 4182 divinorum

187 4229 573 4300 Eloquiorum,
645 4241 743 4301 per
791 4239 913 4297 quae
963 4221 1218 4301 studebat
1262 4221 1504 4291 seipsum
1552 4219 1783 4275 reddere

187 4298 449 4393 templum
515 4298 654 4375 Deo.
696 4317 921 4389 dignum
981 4298 1042 4370 tit
1088 4315 1180 4388 qui
1252 4313 1391 4375 nihil
1460 4312 1784 4368 ostenderet

191 4413 576 4484 injucundum,
658 4409 796 4466 nihil
837 4419 993 4478 turpe
1039 4423 1107 4463 ex
1179 4402 1532 4462 deformitate
1615 4401 1785 4462 animi

190 4505 688 4576 perturbationum,
725 4511 781 4558 et
827 4502 886 4564 in
912 4516 1008 4558 eas
1039 4499 1239 4556 collato
1276 4497 1485 4556 studio.
1525 4496 1644 4558 Non
1695 4512 1786 4552 res

1959 1987 2047 2041 IV.
2072 1986 2208 2043 Cum
2249 1987 2612 2065 temperantia
2646 2001 2778 2054 vero
2809 1987 3096 2056 conjunxit
3126 1988 3294 2044 etiam
3329 1990 3477 2054 elec-

1887 2095 2197 2151 mosynam,
2234 2095 2358 2135 cum
2386 2079 2762 2150 pulcherrima
2789 2095 2907 2134 eam
2936 2096 3058 2151 quae
3111 2088 3196 2137 est
3240 2085 3476 2149 maxime

1886 2171 2074 2228 hilaris
2107 2173 2282 2238 :adeo
2312 2181 2372 2228 ut
2403 2172 2551 2228 illius
2585 2172 2808 2243 quidem
2841 2173 3052 2228 lumine
3109 2175 3478 2232 illustraretur

1885 2263 2078 2332 facies,
2130 2267 2298 2337 hujus
2349 2276 2531 2322 autem
2593 2266 2715 2321 oleo
2769 2281 2864 2322 cor
2899 2268 3480 2341 piugueﬁeret,esset-

1885 2375 1993 2440 que
2033 2368 2089 2414 et
2122 2361 2364 2414 mundus
2399 2359 2984 2416 etmisericorszadeo
3003 2371 3060 2417 ut
3080 2363 3336 2430 altitudo,
3355 2381 3479 2437 quae

1887 2452 2218 2530 proceditex
2255 2453 2520 2523 puritate,
2586 2452 2652 2507 ad
2715 2454 3026 2522 proximum
3079 2453 3164 2527 (ut
3217 2473 3316 2528 par
3369 2460 3474 2530 est)

1886 2561 1955 2600 ex
1978 2560 2251 2600 consensu
2276 2560 2334 2599 se
2363 2543 2662 2610 inclinans,
2685 2543 2744 2624 in
2783 2552 2900 2598 tuto
2924 2556 3090 2602 esset.
3124 2549 3257 2604 Tam
3286 2553 3477 2621 splen~

1886 2641 2014 2696 dide
2043 2650 2227 2695 autem
2280 2640 2598 2696 attendebat
2658 2641 3041 2715 eleemosynae,
3097 2653 3151 2700 et
3197 2660 3318 2701 eam
3403 2648 3478 2710 ita

1886 2733 2340 2805 amplectebatur,
2381 2742 2438 2789 ut
2471 2748 2584 2789 non
2617 2733 2792 2790 solum
2821 2737 3129 2806 superﬂuis,
3157 2739 3252 2793 sed
3312 2740 3478 2796 etiam

1885 2825 2215 2891 necessariis
2235 2841 2293 2881 se
2326 2825 2415 2897 pie
2442 2834 2658 2896 gereret
2691 2844 2705 2880 :
2748 2834 2805 2881 et
2833 2843 2942 2882 non
2967 2845 3131 2900 parce
3158 2831 3476 2901 seminaret,

1886 2919 2059 2976 sedin
2092 2918 2629 2976 benedictionibus:
2691 2928 2748 2987 et
2808 2935 2920 2983 non
2971 2922 3150 2978 solum
3202 2926 3478 2995 pecuniis,

1885 3013 1982 3068 sed
2017 3014 2183 3068 etiam
2210 3013 2492 3079 carnibus,
2522 3014 2564 3067 si
2591 3029 2656 3074 ex
2683 3014 2748 3069 iis
2771 3017 3110 3088 pauperibus
3139 3017 3258 3074 dari
3296 3031 3482 3090 posset

1887 3107 2172 3173 auxilium,
2201 3106 2428 3171 minime
2458 3115 2731 3176 parceret,
2769 3106 2933 3178 idque
2965 3109 3259 3166 admodum
3293 3113 3478 3186 hilari,

1888 3209 2250 3271 promptoque
2281 3209 2336 3255 et
2364 3200 2530 3260 alacri
2569 3201 2777 3265 animo,
2823 3212 3008 3259 motus
3065 3205 3365 3265 dilectione
3419 3209 3478 3264 in

1880 3293 2052 3355 Deum
2081 3302 2136 3348 et
2169 3294 2501 3364 proximum.
2535 3295 2774 3352 Fructus
2813 3298 2962 3353 enim
3005 3298 3323 3365 charitatis,
3397 3313 3483 3358 est

1876 3385 1934 3446 in
1965 3385 2192 3441 fratrem
2233 3387 2637 3452 misericordia,
2704 3391 2844 3446 adeo
2897 3401 2956 3447 ut
3001 3391 3120 3462 ipse
3176 3395 3484 3464 promptior

1878 3486 2024 3533 esset
2061 3477 2130 3532 ad
2158 3477 2422 3544 dandum,
2482 3495 2644 3548 quam
2707 3483 2797 3538 ille
2839 3483 2906 3538 ad
2930 3483 3313 3554 accipiendum
3337 3525 3351 3550 ,
3385 3489 3481 3556 qui

1880 3585 2020 3642 opus
2045 3570 2283 3633 habebat
2325 3572 2745 3631 misericordia:
2788 3587 2989 3632 etcum
3062 3576 3329 3644 dedisset,
3365 3577 3482 3649 ipse

1881 3665 2055 3736 magis
2081 3666 2379 3733 laetaretur,
2413 3674 2470 3722 et
2501 3665 2625 3737 plus
2659 3683 2718 3723 se
2751 3669 2924 3737 iuvari
2977 3669 3248 3737 crederet,
3311 3687 3479 3742 quam

1883 3757 1948 3822 is,
1974 3757 2065 3828 qui
2102 3769 2410 3829 acceperat,
2443 3760 2720 3829 quomodo
2750 3776 2839 3816 res
2879 3777 3012 3817 vere
3057 3763 3312 3822 habebat.
3368 3764 3484 3820 Ma-

1877 3847 2030 3917 jores
2075 3850 2222 3911 enim
2282 3858 2415 3905 sunt
2473 3851 2672 3907 divinae
2728 3852 2933 3924 gratiae,
2983 3869 3146 3925 quam
3203 3857 3482 3926 humanae,

1884 3941 2157 4012 quasipse
2193 3943 2337 4014 larga
2365 3959 2532 3999 manu
2570 3945 2788 4000 emebat
2817 3945 3025 4016 largius
3079 3947 3234 4008 illinc
3297 3961 3486 4009 scatu-

1883 4034 2107 4090 rientes.
2136 4034 2222 4102 Et,
2260 4037 2506 4092 utsemel
2534 4037 2736 4102 dicam,
2760 4039 3139 4110 orphanorum
3177 4053 3296 4100 erat
3328 4055 3486 4114 pater

1885 4126 2248 4194 Eudocimus,
2295 4138 2516 4185 curator
2546 4130 2859 4198 viduarum,
2887 4131 3270 4190 indumentum
3304 4138 3480 4193 nudo-

1886 4237 2030 4286 rum,
2061 4221 2221 4291 panis
2243 4223 2629 4288 esurientium,
2651 4225 2959 4280 animarum
2993 4241 3118 4297 quae
3155 4228 3484 4299 aegritudine

1886 4313 2258 4386 gravabantur
2305 4315 2584 4374 solatium.

1959 4403 2023 4458 V.
2054 4403 2105 4457 ls
2145 4419 2269 4459 cum
2307 4413 2364 4460 et
2389 4406 2458 4460 ab
2479 4405 2812 4478 imperatore
2844 4411 3108 4478 honores,
3146 4420 3200 4467 et
3254 4425 3374 4481 qua:
3399 4421 3486 4467 est

1888 4494 1956 4548 ad
1997 4503 2237 4566 tempus,
2259 4496 2486 4567 gloriam
2522 4510 2912 4568 assequeretur
2938 4510 3162 4572 prepter
3199 4501 3481 4568 virtutem,

190 4601 446 4664 adversm,
483 4611 597 4651 non
645 4594 922 4658 secundae,
991 4605 1106 4652 non
1157 4589 1362 4660 aliquid
1407 4603 1475 4643 ex
1545 4588 1610 4644 iis
1667 4598 1866 4658 quael)
1894 4585 2032 4648 nihil
2068 4602 2130 4642 ex
2164 4602 2230 4642 eo
2263 4588 2582 4655 laedebatur,
2616 4598 2678 4643 ut
2709 4591 2868 4660 cujus
2928 4608 3030 4648 nec
3091 4593 3241 4648 calor
3289 4594 3486 4648 animas

187 4690 430 4744 animum
455 4692 692 4758 possunt
730 4693 826 4739 aut
881 4682 1097 4750 eﬂ‘erre,
1141 4689 1236 4736 aut
1284 4679 1620 4751 deprimere,
1686 4678 1791 4734 fuit

185 4779 312 4834 satis
337 4777 588 4833 validum
617 4775 685 4830 ad
711 4789 837 4830 eum
864 4789 893 4828 a
917 4787 1019 4828 suo
1060 4771 1319 4831 inatituto
1347 4769 1779 4826 dimovendum:

185 4873 276 4926 sed
313 4869 566 4926 dexteris
589 4875 646 4922 et
669 4865 909 4928 sinistris
941 4865 1108 4920 armis
1174 4865 1258 4932 (ut
1307 4863 1445 4919 dicit
1499 4861 1703 4916 Paulus
1738 4860 1782 4932 ⁸)

184 4966 405 5019 dextere
437 4963 718 5026 utebatur,
751 4969 807 5015 et
835 4976 898 5020 ea
918 4957 1203 5012 materiam
1239 4956 1474 5011 faciebat
1532 4954 1782 5026 philoso-

186 5057 342 5123 phim.
371 5057 518 5121 Quin
542 5054 708 5109 etiam
738 5069 864 5108 cum
889 5053 1031 5116 viam
1058 5066 1203 5120 saepe
1234 5048 1638 5120 ingrederetur,
1671 5056 1778 5099 tam

189 5163 300 5216 quae
338 5149 560 5203 ferebat
592 5145 662 5200 ad
692 5144 919 5216 regiam,
951 5159 1116 5213 quam
1148 5158 1269 5212 qua:
1295 5141 1348 5195 in
1376 5139 1547 5194 ullum
1587 5137 1780 5210 [alium

193 5241 382 5308 locum,
423 5250 673 5296 mentem
697 5239 937 5294 simulet
967 5239 1208 5309 linguam
1238 5235 1480 5290 habebat
1511 5233 1784 5291 intentam.

191 5336 334 5405 operi
374 5354 388 5388 :
428 5337 576 5389 hanc
625 5333 851 5404 quidem
903 5341 1191 5395 canentem
1241 5328 1490 5392 Psalmos
1539 5325 1782 5392 Davidis,

189 5426 326 5482 illam
351 5436 542 5482 autem
574 5427 976 5488 attendentem,
1015 5431 1072 5478 et
1094 5438 1215 5494 quae
1241 5421 1566 5482 dicebantur
1617 5416 1750 5472 intel
1771 5446 1787 5456 -

190 5516 473 5588 ligentem,
509 5526 566 5583 et
608 5517 825 5588 jubenti
888 5517 990 5586 ipsi
1052 5514 1242 5580 Davidi
1301 5520 1607 5584 parentem.
1663 5508 1784 5564 Non

194 5614 333 5667 enim
366 5612 423 5667 id
471 5613 548 5678 ei,
577 5609 726 5682 quod
761 5610 976 5673 multis,
1033 5607 1422 5668 usuveniebat,
1481 5603 1576 5677 qui
1636 5602 1783 5672 psal-

197 5700 305 5760 lunt
326 5705 579 5776 quidem,
641 5703 739 5759 sed
767 5718 876 5758 non
928 5701 1244 5769 intelligunt
1281 5718 1294 5754 :
1327 5698 1530 5769 quique
1560 5711 1687 5751 cum
1717 5695 1785 5750 iis

1897 4684 2230 4747 tepesceret,
2306 4694 2487 4749 neque
2510 4680 2577 4734 ad
2629 4697 2853 4737 cursum
2920 4682 3264 4752 spiritualem
3330 4683 3486 4738 ﬁeret

1894 4768 2132 4840 impetus
2167 4769 2470 4827 hebetior:
2533 4771 2628 4827 sed
2692 4772 2876 4842 potius
2929 4789 3049 4829 eam
3104 4789 3325 4845 quoque
3371 4775 3485 4830 Deo

1892 4861 2174 4920 ascribens
2197 4863 2450 4932 gratiam,
2489 4861 2616 4918 hinc
2643 4864 2894 4920 sumebat
2924 4867 3279 4922 occasionem
3305 4867 3485 4938 majo-

1892 4957 1971 5009 ris
2010 4953 2065 5008 in
2097 4954 2274 5024 ipsum
2302 4954 2666 5019 desiderii,ct
2711 4971 2837 5012 eum
2894 4957 3111 5015 colendi
3169 4959 3482 5031 promptius

1893 5055 1946 5100 et
1981 5046 2238 5102 alacrius.
2277 5047 2440 5103 Certe
2475 5065 2600 5104 cum
2631 5059 2778 5105 esset
2797 5050 3026 5116 electus,
3101 5061 3162 5107 ut
3218 5061 3484 5123 praeesset

1891 5137 2030 5208 parti
2074 5138 2352 5194 exercitus
2383 5140 2794 5211 Cappadocum,
2832 5151 2887 5198 et
2951 5153 3264 5200 moraretur
3334 5147 3482 5202 circa

1888 5228 1963 5295 id,
1997 5230 2147 5300 quod
2202 5241 2434 5286 vocatur
2489 5231 2878 5300 Charsianum,
2939 5239 3167 5306 gerebat
3227 5252 3480 5308 magnam

1886 5339 2073 5381 curam
2114 5325 2322 5395 populi,
2357 5335 2418 5380 ut
2449 5327 2544 5396 qui
2573 5342 2684 5388 non
2707 5327 2884 5384 solum
2911 5327 2979 5383 de
3012 5327 3094 5383 eis
3152 5338 3305 5384 esset
3375 5346 3468 5400 pa~

1890 5423 2044 5471 terne
2109 5417 2399 5484 sollicitus,
2455 5419 2548 5474 sed
2598 5434 2690 5478 eas
2740 5420 2930 5487 etiam,
2980 5436 3101 5490 qua:
3130 5433 3290 5476 erant
3339 5423 3483 5480 inter.

1891 5522 1951 5562 se
1977 5507 2233 5570 invicem,
2265 5517 2325 5574 ut
2359 5508 2560 5572 solent,
2593 5513 3006 5570 controversias
3037 5513 3294 5578 solveret,
3353 5517 3480 5571 nul:

1889 5599 2001 5654 lam
2046 5600 2103 5654 in
2154 5611 2363 5671 partem
2423 5602 2803 5672 propendente
2856 5607 3061 5660 trutina
3112 5607 3378 5678 justitiam
3427 5618 3484 5665 et

1892 5695 2148 5766 judicans
2185 5698 2494 5768 orphanum
2535 5697 2617 5770 (ut
2656 5699 2834 5754 dicam
2869 5717 2992 5757 cum
3026 5702 3163 5759 Isaia
3195 5703 3260 5776 ⁸),
3286 5713 3343 5760 et
3401 5706 3484 5764 vi:

264 5881 286 5922 ⁸
315 5877 459 5936 Psal.
491 5891 681 5939 cxvm,
717 5872 839 5928 l62.
870 5873 890 5904 ³
921 5872 1056 5930 ibid.
1084 5875 1173 5930 97.
1202 5873 1380 5932 ‘ibid.
1406 5872 1496 5928 72.
1538 5872 1558 5903 '
1591 5870 1725 5927 ibid.
1759 5871 1880 5928 105.
1919 5872 1940 5904 ⁸
1967 5870 2010 5926 ll
2044 5871 2171 5928 Cor.
2209 5887 2285 5940 Vt,
2315 5872 2372 5929 7.
2408 5871 2429 5905 "
2453 5869 2577 5929 Job.
2601 5874 2825 5942 xxxt,7.
2864 5874 2886 5906 ⁸
2909 5873 3042 5930 ibid.
3083 5876 3134 5931 ί.
3171 5878 3478 5950 'lsa.t.l'1,

519 5974 794 6041 Puncta
842 5973 958 6032 Gn.
1003 5970 1189 6035 CXV.

3041 5968 3109 6031 16
