3994 6458
484 384 586 453 491

1794 382 2083 445 MENSIS
2120 379 2419 443 IULIUS.

3630 366 3740 434 ΜΞ

490 496 652 551 duam
686 493 1015 566 justiﬁeans,
1050 506 1107 553 et
1144 492 1403 551 omnibus
1450 491 1592 548 idem
1642 504 1909 562 apparens
1962 504 2060 562 per
2089 499 2134 555 Δ
2167 486 2339 543 multa
2368 483 2587 556 quidem
2622 482 2834 546 dicens,
2863 478 3035 536 multa
3082 484 3267 534 autem
3320 476 3556 544 faciens,
3613 490 3744 547 qua

490 586 751 658 aqualem
786 587 839 642 in
866 602 1060 643 omnes
1118 584 1585 642 benevolentiam.
1632 582 1697 637 Et
1745 582 1877 654 quid
1924 596 2062 650 Opus

490 689 597 746 est.
629 688 687 736 ut
714 680 888 737 dicam
912 680 1167 752 singula?
1194 679 1323 736 Erat
1353 679 1555 733 virtute
1620 675 1896 747 perfectus
1949 675 2063 730 Eu-

490 773 739 830 docimus
762 789 778 836 ;
805 784 922 828 erat
950 773 1180 845 insignis
1202 772 1470 830 charitate
1500 771 1556 825 in
1587 768 1778 833 Deum,
1819 777 1875 823 et
1928 766 2064 821 insi-

491 865 611 938 gnis
645 864 910 920 charitate
958 864 1013 921 in
1060 866 1391 936 proximum.
1496 862 1859 929 Quamobrem
1947 860 2066 929 eius

492 954 716 1010 exitium
746 964 800 1011 et
829 956 1135 1024 interitum,
1160 957 1429 1027 proximo,
1474 954 1718 1024 inquam,
1753 952 2063 1007 clanculum

491 1047 806 1112 detrahere.
836 1048 974 1103 adeo
1008 1049 1135 1105 odio
1166 1048 1426 1113 habebat,
1459 1055 1518 1102 ut
1552 1062 1662 1103 non
1724 1045 1898 1101 solum
1951 1045 2067 1113 ipse

491 1138 630 1195 nihil
658 1138 764 1194 tale
796 1138 1023 1207 faceret.
1054 1140 1150 1195 sed
1174 1140 1340 1194 etiam
1397 1138 1443 1193 si
1482 1138 1622 1192 alius
1668 1136 1831 1192 vellet
1862 1134 2065 1197 facere,

492 1231 719 1286 minime
752 1233 1051 1286 sustineret
1083 1246 1193 1285 non
1218 1229 1463 1284 honestis
1494 1228 1674 1284 verbis
1707 1241 1869 1282 aures
1917 1240 2069 1296 prae-—

490 1319 623 1376 bere
659 1333 751 1377 :et
782 1322 929 1393 quod
960 1321 1029 1377 ad
1063 1336 1123 1377 se
1160 1321 1378 1387 attinet,
1403 1319 1523 1375 illas
1578 1333 1801 1390 quoque
1846 1332 2071 1374 conser-

494 1423 651 1469 varet
718 1414 961 1485 peccatis
1020 1414 1358 1484 superiores.

565 1506 657 1562 Vl.
684 1507 839 1561 Illum
874 1507 953 1562 sic
979 1506 1276 1574 viventem,
1308 1506 1569 1577 piumque
1598 1504 1723 1560 vita:
1753 1501 2068 1558 institutum

494 1607 904 1663 excercentem,
935 1605 990 1652 et
1014 1606 1162 1652 recte
1215 1613 1274 1652 se
1317 1605 1594 1669 gerentem
1656 1593 1965 1651 communis
2016 1594 2071 1647 in

497 1692 721 1761 regione
744 1692 921 1745 aliena
951 1692 1079 1745 linis
1099 1698 1353 1761 occupat,
1381 1706 1505 1744 cum
1534 1699 1681 1745 esset
1709 1687 1930 1758 triginta
1963 1695 2074 1742 tres

499 1798 675 1838 annos
692 1791 878 1848 natus,
910 1789 962 1836 et
994 1779 1229 1836 necduin
1259 1780 1479 1851 quidem
1530 1780 1684 1834 canis
1742 1778 1964 1847 capillos
1995 1776 2076 1829 al-

2164 577 2305 634 solet
2340 577 2521 633 [acere
2550 573 2791 645 nequitia
2835 571 3144 627 daemonum
3177 571 3235 627 in
3295 569 3559 626 damnum
3630 568 3742 622 hu-

2166 684 2340 724 manae
2365 676 2596 731 naturae,
2636 681 2758 737 qua:
2782 665 3020 735 desuper
3045 662 3192 719 bello
3211 662 3282 717 ab
3334 676 3400 716 eo
3439 660 3741 731 appetitur.

2165 760 2422 816 Damone
2447 758 2669 830 quidem
2699 766 2848 812 moto
2875 773 2906 810 a
2939 764 3153 822 sancto,
3193 766 3290 809 aut
3316 769 3347 809 a
3389 752 3592 807 Christi
3643 766 3748 822 po-

2168 859 2278 915 tius
2305 860 2522 923 virtute,
2562 866 2626 910 ut
2645 871 2774 911 eum
2806 853 3159 909 manifestum
3192 852 3400 917 faceret
3471 858 3526 905 et
3569 849 3751 902 hono-

2171 960 2357 1018 raret,
2400 957 2656 1005 movente
2706 957 2889 1002 autem
2924 955 2982 1002 et
3053 953 3365 1014 torquente.
3423 951 3479 997 et
3510 942 3751 997 maxima

2169 1050 2491 1114 tempestate
2549 1043 2823 1096 hominem
2883 1040 3267 1102 conturbante,
3320 1053 3447 1093 cum
3489 1045 3753 1105 tanquam

2167 1145 2447 1193 mortuum
2493 1132 2668 1188 Eliam
2721 1131 2872 1187 humi
2922 1131 3167 1202 iecisset,
3229 1130 3552 1184 sceletatutu
3616 1125 3755 1181 illud

2168 1228 2496 1287 damonium
2523 1229 2705 1285 statim
2726 1228 2881 1293 abiit,
2914 1243 2975 1281 ut
3000 1228 3143 1296 quod
3176 1226 3354 1280 fuerat
3383 1223 3591 1279 homini
3650 1236 3757 1275 ve-

2169 1323 2269 1379 luti
2309 1323 2555 1393 quaedam
2585 1322 2968 1392 disciplina,“
3009 1321 3466 1376 mctﬁeamcntutn
3532 1318 3599 1372 ad
3658 1331 3763 1371 ex-

2171 1415 2373 1486 pianda
2405 1424 2631 1484 peccata
2664 1413 2735 1468 iis
2765 1450 2782 1477 ,
2815 1430 2936 1482 qua:
2966 1413 3111 1468 Deus
3137 1412 3308 1476 novit,
3359 1409 3601 1481 iudiciis.
3658 1408 3763 1463 At-

2171 1522 2280 1578 que
2307 1506 2448 1562 Elias
2485 1507 2705 1577 quidem
2739 1506 2940 1561 sicfuit
3026 1506 3288 1561 liberarus
3360 1518 3391 1557 a
3455 1502 3709 1558 damone
3742 1516 3761 1555 :

2176 1600 2318 1655 Deus
2348 1607 2529 1654 autem
2563 1615 2676 1654 non
2704 1613 2950 1668 eousque
2984 1596 3438 1653 feciteousiutere
3474 1594 3559 1651 sui
3610 1591 3765 1649 servi

2173 1693 2398 1765 gloriam
2456 1710 2473 1749 :
2526 1708 2637 1747 imo
2705 1708 2836 1748 vere
2898 1708 3025 1747 eum
3087 1703 3347 1759 tamquam
3408 1690 3535 1744 tuba
3599 1687 3767 1741 valde

2177 1784 2442 1849 clamans,
2497 1783 2555 1837 in
2604 1782 2808 1841 multos
2846 1791 2998 1837 esset
3044 1782 3355 1851 dispersum
3410 1776 3763 1839 miraculum,

499 1874 814 1936 befecisset,
845 1874 1138 1928 multorum
1176 1882 1360 1927 autem
1400 1888 1567 1927 canos
1613 1879 1898 1943 superaret
1950 1884 2079 1938 pru—
2106 1853 2153 1913 Β
2186 1876 2589 1931 "vanitudian
2622 1891 2839 1940 eorum,
2869 1876 2962 1944 qui
3002 1875 3323 1929 laborabam
3373 1872 3541 1926 variis
3614 1885 3769 1925 mor-

499 1968 702 2023 dentia.
748 1967 885 2023 Male
908 1978 1090 2022 autem
1122 1965 1759 2030 habebatliudocimum,
1794 1978 1902 2017 non
1931 1959 2077 2032 quod

500 2059 749 2115 absolute
823 2067 1150 2123 moreretur,
1175 2066 1235 2111 ut
1283 2056 1373 2127 qui
1422 2073 1520 2127 per
1572 2064 1745 2111 totam
1804 2054 1968 2108 vitam
2024 2053 2078 2108 id

511 2159 661 2209 esset
691 2151 1001 2217 meditatus,
1039 2158 1095 2205 et
1130 2165 1292 2222 quam
1322 2164 1445 2203 cum
1477 2149 1673 2220 egisset
1700 2150 1884 2213 vitam,
1935 2161 2081 2216 qua:-

513 2261 639 2301 nam
670 2259 790 2300 sors
835 2253 982 2298 esset
1035 2260 1161 2297 eum
1222 2250 1515 2297 consecuta
1551 2258 1566 2295 :
1598 2250 1650 2296 et
1711 2239 1910 2308 alioqui
1955 2253 2080 2293 cum

506 2347 655 2395 esset
692 2336 927 2407 sapiens,
964 2350 1073 2391 non
1098 2336 1381 2408 ignorabat
1411 2335 1655 2398 omnino,
1712 2330 1887 2403 qualis
1937 2337 2083 2385 esset

505 2432 590 2487 lex
623 2431 765 2485 inter
802 2428 1102 2499 composita
1129 2446 1140 2481 :
1166 2441 1366 2497 nempe
1400 2426 1542 2497 quod
1592 2441 1715 2480 cum
1775 2422 2080 2494 accepisset

506 2521 852 2595 principium,
883 2534 1116 2574 necesse
1146 2526 1292 2573 esset
1340 2516 1503 2571 ﬁnem
1533 2532 1752 2587 quoque
1783 2513 2079 2584 consequi;

506 2613 859 2686 quamobrem
895 2627 1001 2665 non
1030 2625 1153 2664 eum
1191 2607 1549 2663 conturbabat
1581 2605 1825 2676 corporis
1858 2619 2082 2675 separa-

506 2708 604 2766 tio.
630 2706 725 2761 sed
751 2704 895 2775 quod
928 2718 1051 2758 cum
1093 2711 1321 2757 matrem
1355 2716 1468 2754 non
1521 2697 1754 2753 vidisset
1818 2695 2083 2777 charissi-

508 2814 676 2864 mam,
732 2797 893 2868 longe
949 2801 1094 2851 esset
1146 2793 1543 2865 peregrinatus.
1580 2789 1863 2857 Quomodo
1901 2797 2082 2843 autem

508 2886 1022 2945 estmortuus?est
1054 2885 1199 2939 enim
1248 2885 1351 2937 hoc
1404 2881 1563 2936 simul
1618 2878 1976 2951 philosophiae
2030 2882 2087 2932 et

511 2978 764 3034 utilitatis
802 2976 1095 3049 particeps.
1136 2973 1460 3046 ngrotahat
1497 2971 1716 3042 quidem
1745 2969 1828 3025 vir
1876 2969 1988 3033 ille.
2032 2974 2088 3023 et

512 3071 737 3126 morbus
762 3084 886 3123 eum
914 3069 1024 3136 jam
1057 3082 1123 3122 eo
1151 3066 1472 3131 deduxerat,
1508 3075 1568 3119 ut
1592 3065 1840 3118 ultimum
1902 3068 2088 3133 ageret

508 3162 792 3233 spiritum.
817 3150 935 3230 ipse
953 3175 1082 3213 vero
1105 3173 1229 3212 eum
1260 3173 1388 3212 suos
1405 3156 1749 3213 accersiisset
1765 3153 2086 3218 familiares,

512 3254 749 3324 primum
786 3251 1004 3323 quidem
1036 3250 1325 3323 dilig-ntcr
1370 3249 1663 3313 mandavit,
1719 3257 1776 3303 et
1826 3262 1921 3303 eos
1967 3247 2093 3318 jure

506 3344 745 3417 iurando
771 3343 973 3413 adegit,
1004 3352 1065 3397 ut
1114 3357 1241 3396 eum
1307 3340 1633 3394 mandarent
1686 3340 1960 3408 sepulcro,
2012 3338 2095 3395 sic

512 3440 788 3502 indutum,
829 3444 884 3491 et
908 3448 1251 3505 nequaquam
1286 3432 1339 3487 in
1360 3430 1543 3503 ipsum
1572 3431 1951 3497 observarent,
1971 3445 2095 3501 qua:

514 3531 772 3588 solentin
826 3528 1078 3584 mortuis.
1134 3524 1344 3580 Deinde
1403 3539 1527 3580 cum
1585 3537 1777 3579 omnes
1838 3524 2096 3594 iussisset

512 3629 666 3675 extra
690 3619 834 3675 fores
856 3618 1071 3690 egredi,
1104 3618 1220 3688 ipse
1251 3617 1427 3671 solum
1469 3615 1837 3671 iuclusus'dat
1871 3628 1930 3670 se
1977 3628 2098 3670 ora-

515 3713 672 3769 tioni.
720 3712 910 3768 Oratio
957 3721 1140 3766 autem
1177 3718 1295 3764 erat
1330 3708 1532 3780 (audita
1570 3710 1715 3763 enim
1750 3704 1852 3763 fuit
1885 3723 1912 3762 a
1960 3722 2097 3778 quo-

513 3805 663 3870 dam,
719 3804 812 3876 qui
874 3818 1043 3875 prope
1106 3801 1252 3857 fores
1298 3800 1684 3867 auscultabat)
1739 3808 1797 3853 ut
1862 3800 1981 3867 eius
2029 3797 2096 3853 ad

515 3897 688 3954 [reum
717 3909 980 3952 excessus
1005 3902 1157 3948 esset
1199 3893 1491 3958 obscurus,
1541 3899 1598 3945 et
1650 3891 1784 3945 nulli
1821 3890 2094 3960 cognitus,

513 3988 793 4061 quomodo
810 3986 977 4043 etiam
1009 3995 1119 4041 tota
1144 3983 1261 4039 fere
1292 3986 1413 4054 ejus
1440 3984 1547 4038 vita
1576 3982 1714 4037 nulli
1748 3983 1924 4038 evasit
1982 3998 2098 4036 ma-

516 4077 887 4137 nifesta.Cum
919 4091 1048 4132 vero
1081 4076 1185 4130 alia
1240 4090 1455 4145 quoque
1509 4074 1800 4144 adjecissrt
1840 4075 2095 4140 orationi,

510 4179 577 4226 et
604 4171 805 4242 egisset
825 4167 1050 4240 gratias,
1082 4174 1137 4220 et
1156 4173 1436 4235 postremo
1468 4163 1700 4218 dixisset
1739 4181 1752 4217 :
1780 4162 1843 4218 In
1909 4180 2098 4218 manus

519 4271 639 4314 tua:
668 4258 974 4313 commendo
1030 4256 1278 4324 spiritum
1346 4268 1520 4307 meum
1558 4252 1624 4315 '°,
1676 4268 1806 4308 vere
1852 4263 2098 4309 sanctam

519 4351 703 4406 emisit
734 4349 994 4404 animam.
1013 4346 1244 4413 Quidam
1271 4352 1455 4400 autem
1491 4345 1653 4399 exiis
1676 4344 1769 4415 qui
1801 4344 2101 4415 seputtura:

518 4441 644 4513 eius
665 4442 1060 4505 inserviebam,
1088 4440 1258 4510 magis
1296 4439 1520 4504 rustice,
1548 4453 1711 4508 quam
1741 4437 1853 4508 pie,
1896 4438 1949 4491 in
1998 4438 2102 4494 hoc

2186 1967 2291 2032 bis,
2323 1970 2537 2023 vocavit
2559 1968 2625 2022 ad
2648 1968 2984 2037 sepulcrum,
3034 1966 3377 2036 sepulcrum.
3409 1963 3653 2032 inquam,
3695 1977 3766 2016 ex

2185 2074 2295 2130 quo
2319 2059 2714 2114 admirabiliter
2744 2060 2930 2115 multis
2955 2057 3289 2113 scaturiebat
3310 2057 3419 2111 vita
3448 2064 3503 2110 et
3525 2055 3769 2109 curatio.

2261 2149 2397 2205 Vlll.
2435 2150 2510 2205 Ex
2543 2151 2631 2205 bis
2654 2166 2780 2206 vero
2805 2164 2911 2206 una
2936 2150 3148 2212 mulier,
3165 2166 3287 2218 qua:
3305 2148 3543 2203 habebat
3566 2145 3769 2208 ﬁlium,

2188 2244 2347 2313 cujus
2381 2244 2578 2298 soluta“:
2611 2252 2772 2297 erant
2799 2258 3018 2306 manus,
3046 2242 3249 2312 quique
3279 2255 3374 2295 eas
3402 2239 3616 2293 ferebat
3652 2252 3771 2292 non

2190 2350 2353 2392 secus
2381 2345 2543 2406 atque
2567 2335 2705 2405 lapis
2727 2349 2793 2390 ac
2824 2343 3031 2399 statua,
3050 2348 3178 2389 cum
3204 2333 3464 2388 ardenter
3496 2329 3778 2386 accessis-

2190 2438 2275 2485 set
2304 2428 2372 2485 ad
2409 2429 2743 2499 sepulcrum,
2772 2444 2882 2483 non
2933 2428 3091 2499 longa
3153 2442 3292 2497 opus
3359 2423 3551 2481 habuit
3589 2439 3778 2486 mora,

2191 2537 2304 2577 non
2337 2522 2589 2592 negotiis.
2621 2537 2732 2576 non
2760 2521 2956 2576 diebus
2988 2536 3004 2575 :
3038 2520 3135 2575 sed
3168 2535 3293 2573 cum
3328 2519 3566 2589 primum
3594 2517 3783 2584 venit,

2191 2614 2240 2668 ei
2273 2629 2432 2684 opem
2470 2614 2597 2669 tulit
2623 2614 2689 2669 ad
2717 2612 3062 2669 liberandum
3090 2627 3124 2666 a
3147 2612 3340 2667 morbo
3362 2611 3560 2677 ﬁlium,
3586 2610 3783 2665 oleum

2191 2714 2468 2777 sumptum
2507 2722 2576 2763 ex
2610 2707 2832 2760 lucerna
2864 2705 3009 2761 benti
3043 2703 3282 2774 sepulcri
3318 2720 3331 2758 :
3375 2717 3485 2773 quo
3511 2716 3640 2758 cum
3679 2700 3783 2755 illa

2192 2798 2290 2853 ﬁlii
2321 2813 2542 2853 manum
2582 2798 2847 2863 unxisset,
2886 2797 3021 2852 vidit
3044 2796 3231 2852 statim
3265 2810 3391 2849 eum
3434 2802 3610 2849 totum
3641 2791 3781 2847 illa-

2193 2903 2338 2953 sum,
2385 2897 2444 2944 et
2497 2897 2745 2944 utentem
2776 2889 3053 2944 manibus
3102 2886 3270 2942 simul
3320 2886 3514 2942 liberis
3566 2893 3623 2940 et
3666 2898 3777 2938 suo

2195 2978 2547 3050 fungentibus
2598 2979 2798 3034 cilicio.
2834 2980 2989 3035 Alius
3015 2988 3197 3034 autem
3239 2992 3377 3048 puer
3406 2978 3595 3032 eodem
3633 2974 3767 3044 qui-

2194 3072 2317 3129 dem
2351 3074 2513 3127 modo
2550 3070 2805 3137 ail'ectus,
2865 3072 2920 3125 in
2974 3071 3081 3127 hoc
3132 3085 3261 3126 vero
3311 3070 3430 3125 solo
3486 3067 3775 3132 ditior-ens,

2196 3167 2341 3236 quod
2374 3165 2541 3236 priori
2568 3166 2790 3235 quidem
2817 3180 3038 3231 manus,
3069 3164 3118 3220 ei
3153 3174 3338 3219 autem
3390 3165 3559 3235 pelles
3614 3170 3781 3216 erant

2197 3258 2625 3314 immobiles:is
2678 3273 2811 3329 ergo
2871 3241 3037 3313 simtu
3100 3257 3206 3312 ﬁde
3252 3257 3491 3321 oblatus,
3539 3253 3789 3310 similem

2194 3365 2413 3420 quoque
2442 3359 2772 3404 consecutus
2796 3348 2901 3404 fuit
2939 3348 3309 3404 curationem.
3366 3346 3503 3402 Nam
3545 3360 3674 3401 cum
3733 3344 3787 3399 is

2194 3454 2411 3509 quoque
2474 3448 2677 3493 unctus
2729 3447 2879 3493 esset
2931 3438 2987 3493 in
3041 3439 3280 3509 pedibus
3324 3439 3451 3493 oleo
3504 3436 3787 3498 lucernae,

2197 3531 2449 3603 protinus
2480 3531 2706 3598 cxsiliit,
2736 3538 2793 3586 et
2843 3529 2949 3585 fuit
2997 3546 3162 3588 causa
3219 3544 3429 3603 magna:
3477 3530 3791 3600 gratiarum

2196 3622 2452 3687 actionis,
2538 3639 2661 3694 quae
2740 3621 3073 3678 oﬂ‘erebatur
3156 3622 3262 3694 ipsi
3351 3632 3565 3687 sancto,
3680 3621 3787 3690 qui

2197 3724 2507 3780 curaverat,
2552 3725 2607 3771 ct
2641 3714 2774 3781 Deo,
2833 3715 2925 3787 qui
2974 3714 3285 3788 praebuerat
3317 3713 3547 3786 gratiam
3606 3730 3792 3767 cura-

2200 3805 2432 3858 tionum.

2272 3895 2363 3949 lx.
2401 3895 2609 3949 Rursus
2661 3905 2845 3950 autem
2909 3894 3106 3951 mulier
3165 3906 3357 3952 vexata
3420 3909 3453 3949 a
3509 3894 3797 3958 dtemone,

2202 3987 2427 4043 liberata
2459 3996 2543 4043 est
2576 4003 2606 4042 a
2637 3987 2880 4058 maligno
2912 3988 3111 4058 Spiritu
3150 4003 3271 4043 eam
3334 3996 3592 4050 vexantc,
3650 4002 3794 4041 cum

2200 4080 2376 4134 solum
2398 4079 2725 4134 accessisset
2778 4079 2845 4133 ad
2882 4078 3231 4148 sepulcrum.
3267 4088 3322 4133 et
3351 4078 3580 4149 pulchre
3649 4076 3801 4132 ditii-

2202 4172 2390 4235 cisset.
2423 4171 2881 4240 quemadmodum
2953 4174 3039 4225 lux
3096 4171 3446 4242 persequitur
3505 4169 3799 4236 tenebras,

2202 4274 2257 4319 et
2297 4280 2456 4333 quant
2487 4264 2557 4316 sit
2589 4261 2867 4327 terribilis,
2907 4262 3084 4317 bonus
3115 4272 3170 4317 et
3200 4273 3385 4333 gratus
3415 4278 3610 4318 servus
3639 4266 3801 4315 malo

2203 4370 2363 4411 servo
2390 4364 2445 4408 ct
2477 4352 2722 4423 fugitivo,
2751 4361 2973 4424 propter
2998 4369 3117 4408 eam
3161 4370 3282 4423 qua:
3314 4354 3365 4409 ei
3397 4369 3519 4409 cum
3550 4352 3800 4408 Domino

2204 4447 2512 4510 intercedit,
2538 4446 2983 4517 conjunctioncm
3015 4457 3070 4501 et
3100 4447 3549 4501 familiaritatem.
3617 4446 3803 4500 Porro

514 4531 781 4587 ,διάειιο
805 4529 1161 4600 exsequendo
1185 4527 1390 4589 350ml-
1425 4542 1536 4582 ηοη
1567 4527 1744 4582 εοιυηι
1772 4541 1895 4581 cum
1930 4527 2099 4583 “3513‘
2137 4552 2177 4607 υ
2211 4548 2393 4592 autem
2439 4536 2530 4590 alii
2563 4552 2782 4607 quoque
2808 4537 3046 4600 mulieri,
3078 4554 3196 4608 quin
3234 4538 3378 4609 gravi
3409 4538 3604 4590 morbo
3636 4538 3804 4591 labo-

521 4624 724 4681 mentis
751 4631 808 4679 et
837 4623 1059 4685 calceis.
1092 4620 1296 4693 quibus
1335 4629 1455 4676 erat
1484 4622 1733 4684 indutus,
1773 4620 1869 4675 sed
1934 4621 2101 4674 etiam

514 4733 647 4774 eum
683 4717 963 4788 stragulis.
1006 4716 1062 4771 in
1118 4716 1320 4785 quibus
1369 4715 1611 4785 iacebat,
1643 4714 1695 4767 in
1722 4713 1897 4785 lignea
1940 4727 2102 4782 capsa

512 4811 608 4865 isic
689 4808 1036 4878 impositum,
1069 4806 1253 4860 humi
1307 4806 1556 4861 condunt
1602 4821 1752 4868 eum,
1816 4804 1907 4875 qui
1969 4803 2106 4858 nihil

513 4901 762 4956 habebat
791 4899 1017 4970 dignum
1050 4897 1314 4963 tenebris,
1337 4900 1488 4952 nube
1524 4898 1750 4951 omnino
1783 4896 1980 4961 solem,
2012 4904 2107 4950 aut

516 4995 732 5066 lignum
761 4991 969 5059 modio,
995 5000 1092 5046 aut
1114 4991 1319 5061 potius,
1350 4992 1395 5047 si
1429 4991 1625 5056 mavis.
1662 4991 1715 5046 in
1747 4992 1883 5047 cella
1934 4988 2106 5062 penal

523 5086 607 5139 ria
641 5084 1105 5154 pretiosissimam
1127 5084 1471 5147 thesaurum,
1506 5092 1564 5137 et
1603 5084 1696 5154 qui
1760 5099 1868 5137 non
1923 5089 2107 5153 potest

524 5174 795 5230 consumi.
827 5175 934 5230 Sed
967 5175 1059 5230 ille
1088 5175 1166 5229 sic
1188 5174 1411 5244 quidem
1438 5174 1544 5228 fuit
1592 5175 1850 5230 conditus
1883 5191 1898 5228 :
1961 5172 2107 5229 Deus

522 5274 709 5319 autem
727 5280 841 5318 non
859 5280 1057 5335 passus
1069 5273 1154 5318 est
1168 5279 1293 5318 eum
1309 5264 1497 5324 latere.
1524 5264 1621 5318 sed
1643 5279 1770 5318 eum
1795 5264 1975 5321 reddit
1994 5279 2107 5319 ma-

526 5356 782 5413 nifestum
814 5372 979 5413 causa
1001 5358 1300 5411 multorum
1320 5356 1594 5412 utilitatis.
1629 5356 1719 5412 Sic
1742 5354 2113 5413 autem't'acit.‘

594 5450 710 5506 Yll.
745 5451 841 5507 Vir
861 5453 1083 5522 quidam
1115 5466 1147 5506 a
1176 5450 1373 5518 spiritu
1397 5452 1699 5505 vexabatur
1744 5451 2104 5516 daemoniaco,

523 5542 672 5599 Elius
694 5544 943 5611 nomine,
974 5558 1099 5599 cum
1125 5551 1249 5613 post
1273 5552 1509 5597 mortem
1540 5542 1718 5597 sancti
1776 5557 1887 5597 non
1948 5544 2101 5597 multi

526 5632 643 5689 dies
671 5634 1088 5704 prateriissent.
1117 5632 1365 5705 Repente
1413 5633 1626 5689 accedit
1667 5634 1735 5689 ad
1767 5632 2100 5706 sepulcrum,

638 5807 680 5837 “
708 5807 855 5864 Psal.
891 5825 1019 5875 xxx,
1041 5812 1095 5865 6.
1207 5812 1248 5843 “
1283 5809 1427 5868 Psal.
1459 5825 1621 5877 cxxv,
1654 5809 1707 5865 5.

2204 4632 2379 4694 rabat,
2415 4629 2518 4683 fuit
2557 4630 2822 4684 mirabilis
2852 4631 3063 4685 curatio
3125 4631 3326 4683 solutio
3382 4630 3619 4696 sepulcri
3669 4631 3800 4698 pul-

2202 4723 2284 4776 vis
2356 4732 2611 4790 sumptus
2671 4737 2793 4775 eum
2855 4720 2999 4787 ﬁde,
3062 4721 3259 4776 deinde
3318 4738 3456 4790 aqua
3521 4737 3800 4789 Consper-

2203 4828 2317 4876 sus,
2354 4821 2449 4866 aut
2501 4822 2560 4867 ut
2592 4811 2787 4867 melius
2852 4813 3051 4873 dicam.
3096 4815 3213 4883 ejus
3260 4814 3538 4885 lacrymis,
3591 4825 3648 4866 (ιι
3690 4814 3807 4865 im-

2205 4904 2417 4973 pusitus
2477 4904 2619 4973 parti
2673 4902 2943 4971 corporis,
2993 4920 3112 4972 qua:
3156 4904 3292 4958 male
3321 4920 3379 4957 sc
3414 4904 3667 4957 habebat.
3739 4905 3811 4957 Et

2213 4995 2338 5049 ideo
2398 5010 2524 5049 cum
2596 4995 2925 5050 seminasset
2982 4996 3036 5050 in
3096 4998 3352 5067 lacrymis
3399 4996 3667 5049 ferventis
3744 4997 3809 5049 in

2212 5087 2380 5140 Deum
2441 5086 2590 5153 ﬁdei,
2639 5089 2868 5141 nicssuit
2925 5087 3344 5143 exsultationem
3381 5088 3685 5140 curationis
3730 5088 3809 5137 ".

2210 5179 2327 5234 Non
2362 5182 2550 5248 paucis
2576 5195 2791 5249 quoque
2830 5180 2949 5233 aliis
2998 5180 3137 5233 male
3190 5179 3424 5242 aﬂ'ectis,
3485 5179 3578 5243 qui
3635 5177 3812 5241 longe:

2211 5270 2458 5340 aberant,
2497 5273 2599 5325 tide
2658 5280 2840 5325 autem
2868 5286 2979 5324 non
3017 5281 3168 5326 erant
3224 5272 3404 5342 longe,
3458 5270 3551 5323 hic
3612 5270 3811 5337 pulvis

2213 5349 2281 5439 ad
2315 5350 2409 5415 eos
2439 5362 2656 5425 allatus,
2691 5379 2839 5417 VISlIS
2889 5374 2973 5418 est
3038 5374 3225 5434 aptum
3285 5363 3338 5416 in
3403 5359 3553 5416 omni
3599 5362 3813 5413 norim

2216 5450 2695 5517 medicamentum,
2728 5460 2781 5505 et
2808 5451 2951 5521 quod
2984 5452 3170 5505 multis
3197 5464 3411 5520 quoque
3432 5447 3551 5501 aliis
3616 5447 3813 5501 modis

2215 5553 2329 5596 erat
2360 5542 2840 5612 jucundissimum.
2866 5544 3001 5598 Nam
3027 5560 3148 5597 eum
3213 5558 3302 5610 eo,
3364 5541 3508 5610 quod
3566 5541 3817 5594 curabat

2216 5634 2543 5703 certissime,
2588 5635 2858 5691 'l.abcbat
2911 5636 3074 5692 etiam
3140 5635 3498 5700 celeritatem,
3560 5643 3615 5690 ct
3670 5648 3812 5688 cum
