3994 6416
280 413 386 481 ιω

1571 413 1750 479 VITA
1787 415 1848 478 S.
1881 416 2286 481 EUDOCIMI.

3445 417 3552 490 494

276 533 580 596 celeritate,
614 529 880 588 molestia
909 533 1261 601 vacuitatem,
1287 541 1344 589 et
1399 548 1524 590 cum
1594 535 1860 591 molestiae
1887 542 1933 598 Α
1962 535 2250 599 rationem,
2277 533 2540 600 ipsorum,
2580 533 2822 604 inquam,
2861 533 3220 606 malignorum
3258 534 3551 607 spirituum

277 627 572 690 vacuitate,
628 629 776 697 quod
801 627 948 682 nulla
971 628 1326 684 eratomnino
1345 628 1602 684 solvenda
1622 643 1858 698 merces,

273 727 328 774 et
363 718 501 772 nihil
540 717 761 788 penitus
791 719 979 775 damni
1013 721 1406 790 accipiebatur.
1485 722 1716 777 Deﬁciet
1770 737 1861 778 me

274 823 490 880 tempus
533 821 590 866 ct
617 813 816 878 oratio,
855 813 1196 885 defectaque
1233 823 1397 870 erunt
1457 831 1656 871 manus
1727 818 1862 872 seri-

269 903 480 974 ptionis
533 905 687 975 operi
746 907 1072 973 servientes,
1163 907 1209 964 si
1273 908 1609 964 voluerimus
1679 909 1862 965 omnia

271 995 774 1066 comprehendere.
836 1013 958 1068 quae
1019 1007 1076 1055 et
1150 1001 1308 1070 prius
1389 1000 1502 1066 ille,
1600 1000 1694 1057 ubi
1758 999 1863 1058 fuit

267 1090 538 1156 sepultus,
575 1097 632 1143 et
665 1105 810 1146 nunc
842 1091 951 1146 huc
979 1107 1205 1163 quoque
1239 1091 1559 1160 translatus,
1593 1093 1725 1150 facit
1758 1095 1860 1150 mi-

266 1181 478 1237 tacula.

337 1271 406 1327 Χ.
444 1271 718 1339 Quoniam
749 1286 934 1332 autem
970 1277 1351 1334 translationis
1378 1279 1632 1336 meminit
1657 1280 1856 1345 oratio,

271 1362 334 1416 de
402 1378 471 1418 ea
525 1381 748 1436 quoque
815 1368 1164 1423 tractandum
1231 1376 1336 1436 est,
1395 1371 1858 1439 quemadmodum

263 1455 404 1510 facta
437 1457 511 1512 sit
545 1467 598 1513 et
637 1474 888 1529 quaenam
923 1460 1294 1528 fueritcausa,
1339 1463 1485 1532 quad
1525 1463 1671 1519 illius
1737 1481 1861 1520 cor.-

265 1563 368 1617 pus
385 1551 662 1621 sepultum
690 1553 744 1606 in
769 1553 967 1610 ﬁnibus
989 1554 1299 1621 Charsiani,
1318 1557 1390 1610 sit
1412 1557 1467 1611 in
1487 1557 1633 1612 hanc
1649 1559 1856 1630 regiam

261 1646 586 1700 translatum
613 1645 913 1703 civitatem.
948 1648 1143 1720 Magna
1184 1657 1240 1704 et
1290 1652 1446 1706 velox
1508 1667 1630 1722 ejus
1669 1653 1858 1708 ‘mira-r

263 1737 515 1793 culorum
563 1738 709 1794 {alita
769 1741 824 1795 in
899 1757 1096 1799 omnes
1150 1752 1336 1813 partes
1389 1745 1744 1814 pcrvadcbat,
1799 1755 1857 1800 et

259 1829 523 1899 implebat
549 1846 709 1888 aures
731 1834 1016 1890 omnium:
1053 1844 1103 1889 et
1125 1843 1320 1890 natura
1357 1836 1577 1906 quidem
1641 1837 1721 1893 sic
1755 1837 1852 1890 ha-

1969 625 2395 695 morborumque
2452 634 2507 681 et
2539 623 2917 692 aﬁ‘ectionum,
2948 633 3008 680 ut
3041 624 3132 695 qui
3187 625 3418 696 perinde
3485 642 3548 683 ac

1966 719 2012 774 si
2045 718 2362 775 horribilem
2399 727 2687 783 terrorem,
2746 729 2802 774 et
2846 719 3112 774 accedere
3153 734 3265 775 non
3319 719 3548 790 permit-z

1965 819 2192 876 tentem,
2226 812 2305 867 eis
2334 812 2564 867 incutiat
2617 812 2954 881 sepulcrum,
2988 827 3097 867 non
3153 811 3367 884 possint
3414 828 3543 883 per-

1965 920 2218 961 manere:
2259 906 2345 961 vel
2374 905 2556 976 potius
2588 915 2646 961 ut
2692 906 2882 961 hostes
2935 905 3158 976 quidam
3209 917 3264 963 et
3304 905 3544 974 inimici,

1966 995 2058 1064 qui
2113 994 2274 1051 fortis
2331 996 2682 1067 imperatoris
2741 1013 2811 1052 ne
2859 998 3076 1067 possint
3123 998 3343 1070 quidem
3399 999 3547 1054 ferre

1961 1096 2340 1157 conspectum,
2375 1089 2470 1144 sed
2529 1105 2623 1144 eos
2657 1104 2796 1159 quos
2827 1099 3115 1159 ceperunt,
3145 1092 3330 1146 statim
3364 1092 3548 1150 dimit-

1965 1188 2099 1243 tant,
2132 1187 2187 1234 ct
2221 1180 2273 1233 in
2294 1179 2472 1252 fugam
2503 1194 2561 1235 se
2587 1181 2886 1251 conjiciunt
2917 1199 2930 1249 ;
2967 1183 3081 1237 hmo
3104 1198 3228 1237 cum
3265 1183 3353 1238 illa
3384 1184 3549 1239 vidis.

1967 1278 2072 1332 set.
2142 1278 2196 1325 et
2243 1271 2500 1341 sepulcro
2543 1271 2743 1326 fuisset
2784 1272 3142 1339 circumfusa,
3189 1274 3436 1343 jucunde
3491 1285 3548 1332 et

1961 1371 2247 1418 ctcauore
2279 1363 2536 1430 deﬂebat,
2586 1365 2783 1434 partim
2846 1364 3067 1434 quidem
3117 1366 3287 1423 ﬁlium
3357 1367 3547 1440 lugens

1965 1464 2023 1509 ut
2051 1466 2352 1522 mortuum,
2384 1455 2580 1528 partim
2613 1465 2798 1513 autem
2849 1468 2911 1514 ut
2956 1475 3019 1514 ex
3080 1459 3193 1516 Deo
3245 1459 3543 1524 viventem.

1959 1556 2016 1602 et
2050 1547 2216 1603 tantis
2254 1548 2535 1620 dignatum
2567 1550 2847 1605 miraculis
2876 1551 3158 1608 admirans
3185 1594 3200 1618 ,
3225 1561 3281 1608 et
3343 1564 3401 1608 ut
3426 1568 3549 1624 quae

1962 1639 2075 1710 ipsa
2107 1657 2325 1712 quoque
2349 1643 2524 1714 gratia
2546 1651 2601 1698 et
2627 1642 2799 1716 gloria
2833 1642 3130 1713 frueretur,
3161 1653 3216 1702 ct
3236 1661 3302 1702 eo
3325 1648 3549 1705 nomine

1962 1731 2308 1802 gloriaretur.

2031 1823 2146 1879 ΧΗ.
2178 1825 2304 1893 Fili,
2362 1843 2497 1883 voce
2548 1827 2762 1888 diccbat
2795 1827 3008 1895 altiore,
3063 1829 3158 1893 ﬁli,
3215 1829 3305 1884 lux
3341 1837 3546 1896 aeterna

267 1921 456 1987 bebat,
480 1938 626 1979 nunc
653 1934 836 1980 autem
872 1925 1115 1982 velocior
1145 1943 1364 1997 quoque
1394 1928 1539 1984 facta
1573 1939 1659 1985 est
1722 1946 1849 2001 pro-

1958 1932 2204 1973 meorum
2230 1921 2538 1984 oculorum,
2567 1921 2662 1988 ﬁli,
2689 1939 2950 1979 arcanum
2987 1923 3260 1992 quoddam
3282 1931 3337 1977 et
3355 1922 3546 1980 ineﬁ‘a.

259 2023 385 2084 pter
413 2016 490 2070 rei
521 2018 847 2072 novitatem.
878 2017 984 2074 Ubi
1017 2020 1164 2074 enim
1221 2022 1525 2091 speraverit
1555 2021 1850 2094 quispiam,

259 2109 546 2166 hominem
581 2112 636 2166 in
661 2114 868 2169 mundo
907 2117 1208 2181 viventem,
1241 2127 1296 2172 et
1325 2119 1416 2189 qui
1477 2119 1665 2190 populi
1730 2137 1854 2176 sus-

262 2214 489 2274 ceperat
533 2205 1096 2274 administrationem,
1156 2217 1212 2264 et
1261 2209 1355 2280 qui
1423 2211 1651 2283 singulis
1701 2212 1852 2267 horis

261 2298 430 2350 tantis
454 2297 767 2366 agitabatur
793 2297 1074 2362 ﬂuctibus,
1109 2315 1270 2369 posse
1306 2317 1404 2371 per
1434 2316 1496 2357 se
1537 2303 1848 2373 quiescere,

256 2398 315 2442 et
386 2388 707 2444 interiorem
771 2390 1049 2447 hominem
1115 2393 1319 2448 habere
1377 2395 1530 2452 nulla
1595 2405 1850 2451 vexatum

262 2480 535 2545 molestia,
571 2480 884 2550 illmsosque
907 2491 961 2537 et
991 2484 1318 2540 manifestos
1347 2485 1402 2538 in
1435 2501 1494 2540 se
1519 2500 1852 2544 conservare

263 2582 416 2642 typos
445 2573 873 2641 Dcimemoriae,
904 2585 960 2634 et
1025 2577 1148 2646 ejus
1205 2587 1352 2633 metu
1413 2594 1510 2634 cor
1573 2582 1851 2637 custodire

266 2665 523 2720 mundum
562 2667 635 2721 ab
694 2668 951 2724 omnibus
1021 2669 1333 2725 sordibus?
1393 2670 1526 2729 Nam
1587 2672 1847 2742 pietatem

258 2757 480 2824 quidem
508 2773 790 2826 exercere,
822 2770 880 2816 et
909 2761 1164 2832 amplecti
1194 2763 1562 2828 honestatem,
1597 2764 1850 2820 virtutis-

257 2864 362 2918 que
390 2852 794 2922 aliquantisper
846 2863 904 2908 et
953 2854 1045 2910 Dei
1103 2855 1420 2915 meminisse
1446 2856 1848 2924 mandatorum,

258 2944 310 2996 in
332 2943 521 2999 multis
549 2945 786 3001 fortasse
839 2945 1090 3003 invenies
1151 2964 1218 3004 ex
1279 2949 1735 3022 iisetiam/qui
1791 2951 1846 3007 in

255 3037 464 3091 mundo
493 3037 708 3092 vivunt.
744 3038 866 3094 Non
907 3040 1054 3094 enim
1111 3055 1206 3096 eos
1234 3043 1461 3098 omnino
1489 3044 1691 3099 virtute
1741 3061 1849 3099 nu-

252 3126 532 3194 dabimus,
563 3138 620 3184 et
655 3140 914 3201 tanquam
962 3133 1240 3204 propriam
1290 3136 1698 3204 possessionem
1765 3137 1848 3192 eis

254 3221 386 3275 solis
427 3221 760 3286 tribuemus.
791 3224 890 3293 qui
923 3234 1111 3280 suuta
1159 3227 1366 3282 mundo
1425 3229 1685 3300 separati.
1739 3229 1848 3286 Sed

251 3314 317 3365 ad
361 3321 573 3368 tantam
598 3315 1026 3385 impatibilitatis
1058 3326 1114 3373 et
1135 3319 1354 3374 virtutis
1417 3335 1539 3376 esse
1593 3331 1846 3379 evectum

253 3404 625 3472 aititudinem,
656 3417 717 3461 ut
755 3417 1128 3480 consequetur
1155 3411 1280 3480 quis
1304 3413 1534 3482 gratiam
1572 3423 1627 3470 et
1657 3417 1846 3488 splen.-

249 3493 438 3549 dorem
475 3496 894 3563 miraculorum,
929 3498 982 3554 id
1011 3514 1204 3555 eorum
1241 3503 1418 3556 solum
1455 3503 1687 3567 dixeris,
1747 3507 1847 3576 qui

251 3589 462 3643 mundo
517 3599 572 3643 et
621 3591 920 3646 mundanis
969 3593 1228 3649 omnibus
1295 3597 1523 3650 multam
1602 3598 1838 3654 salutem

249 3684 532 3747 dixerunt,
569 3692 626 3738 et
662 3685 990 3741 solitudines
1014 3688 1189 3758 magis
1233 3704 1398 3759 quam
1462 3689 1732 3759 civitates,
1785 3702 1843 3748 et

244 3776 486 3843 deserta,
516 3786 569 3831 et
596 3777 758 3847 longe
807 3793 928 3835 esse
957 3791 1227 3836 remotum
1257 3785 1326 3839 ab
1383 3784 1573 3838 amicis
1627 3795 1848 3855 propter

247 3867 531 3921 Christum
561 3878 692 3922 sunt
721 3870 978 3940 amplexi,
1005 3887 1313 3941 eorumque
1359 3888 1669 3942 paucorum
1707 3894 1721 3932 :
1766 3876 1843 3930 si-

245 3959 469 4026 quidem
537 3976 841 4030 paucorum
872 3964 1124 4018 novimus
1155 3978 1274 4018 eam
1298 3979 1419 4034 quae
1443 3975 1529 4020 est
1561 3981 1661 4037 pro
1713 3968 1846 4021 viri-

247 4047 372 4106 bus.
406 4051 832 4119 perfectionem.

321 4141 418 4198 XL
439 4143 580 4197 Cum
603 4144 682 4198 sic
702 4160 835 4214 ergo
852 4144 995 4201 fama
1015 4147 1132 4218 ejus
1163 4147 1354 4204 mortis
1372 4156 1426 4204 et
1453 4150 1840 4208 miraculorum

246 4244 391 4290 esset
418 4236 689 4304 dispersa,
718 4238 841 4306 ejus
877 4247 1134 4309 parentes
1175 4241 1283 4314 (eis
1326 4243 1474 4297 enim
1516 4244 1699 4299 adhuc
1756 4244 1844 4299 vi-

247 4329 510 4384 ventibus
531 4339 613 4385 est
647 4340 905 4388 mortuus
929 4335 946 4401 )
977 4341 1034 4387 et
1063 4334 1300 4390 maxime
1327 4344 1524 4400 mater,
1547 4352 1671 4407 qua
1724 4352 1844 4394 ma-

246 4422 396 4477 ximo
424 4432 485 4478 et
523 4424 946 4493 germanissimo
976 4442 1188 4490 amore,
1219 4422 1280 4482 ut
1315 4428 1459 4486 ﬁlios
1497 4430 1678 4485 solent
1727 4445 1843 4486 mas

249 4523 386 4580 tres,
413 4530 546 4570 eum
568 4517 1034 4587 prosequebatur,
1064 4533 1325 4590 magnum
1355 4520 1534 4591 ignem
1565 4521 1841 4581 habebant

1956 2010 2066 2067 bile
2100 2013 2304 2069 bonum
2335 2017 2658 2086 parentibus
2693 2036 2707 2071 :
2740 2017 3017 2073 uudenam
3062 2018 3157 2073 tibi
3225 2018 3342 2072 haec
3398 2018 3544 2078 clara

1955 2111 2012 2158 et
2043 2121 2237 2178 magna
2261 2106 2352 2162 lux
2372 2108 2719 2163 curationum
2752 2109 2774 2163 ?
2807 2108 3092 2165 Undenam
3125 2111 3346 2180 copiosa
3391 2110 3547 2168 fluxit

1956 2200 2128 2270 gratia
2161 2202 2401 2272 Spiritus
2429 2204 2452 2258 ?
2488 2205 2572 2258 An
2592 2213 2721 2259 sunt
2750 2205 2866 2260 haec
2892 2205 3117 2260 omnino
3141 2205 3244 2275 piae
3280 2207 3404 2260 vitae
3456 2223 3544 2259 re.

1955 2295 2294 2360 muneratio,
2369 2305 2424 2350 et
2460 2297 2805 2351 occultorum
2861 2298 3167 2354 laborum?
3223 2300 3304 2353 An
3363 2301 3547 2371 potius

1965 2399 2076 2438 non
2097 2384 2274 2440 solum
2302 2388 2703 2451 remuneratio,
2760 2389 2854 2442 sed
2899 2388 3058 2443 arrha
3105 2397 3168 2444 et
3219 2391 3543 2459 procemium

1954 2477 2246 2543 bonorum,
2279 2494 2400 2549 quae
2435 2491 2485 2535 te
2517 2490 2641 2550 post
2677 2481 2792 2536 haec
2818 2491 3048 2536 manent
3079 2483 3102 2536 ?
3143 2479 3274 2536 Sum
3302 2497 3405 2550 ego
3459 2499 3546 2537 ree

1953 2585 2081 2628 vera
2107 2572 2266 2630 beata
2305 2573 2450 2628 inter
2493 2583 2719 2640 matres,
2778 2589 2900 2645 quae
2946 2575 3107 2646 digna
3147 2591 3266 2630 sum
3330 2577 3538 2642 habita,

1951 2677 2074 2733 qure
2103 2679 2282 2720 essem
2320 2674 2376 2720 et
2405 2681 2635 2722 vocarer
2693 2677 2867 2722 mater
2908 2668 3032 2723 talis
3101 2668 3215 2724 ﬁlii.
3281 2667 3398 2723 Non
3445 2669 3540 2726 tibi

1951 2756 2186 2826 amplius
2213 2767 2446 2814 contexo
2477 2760 2901 2816 lamentationes
2940 2768 3223 2817 maternas
3276 2769 3540 2830 tanquam

1951 2847 2085 2918 filio,
2117 2849 2213 2906 sed
2248 2860 2505 2923 tanquam
2543 2855 2638 2909 Dei
2672 2856 2855 2910 amico
2879 2853 3110 2927 hymnos
3129 2869 3270 2909 cano
3323 2854 3545 2924 spirita-

1952 2945 2056 2999 les.
2087 2941 2208 3000 Non
2244 2946 2480 3016 amplius
2515 2956 2567 3002 te
2593 2961 2729 3002 voco
2757 2947 2951 3012 lilium,
2981 2956 3037 3002 et
3061 2946 3300 3002 fructum
3339 2947 3545 3006 ventris

1953 3039 2082 3102 mei,
2103 3038 2197 3094 sed
2229 3037 2397 3094 ﬁlium
2429 3039 2527 3093 Dei
2561 3053 2660 3109 per
2682 3039 2937 3110 gratiam,
2971 3053 3082 3094 non
3133 3053 3198 3093 ex
3247 3039 3533 3110 sanguini,

1950 3131 2074 3197 bus,
2103 3145 2208 3186 nec
2242 3146 2307 3186 ex
2357 3132 2640 3186 voluntate
2698 3131 2909 3197 carnis,
2964 3131 3058 3186 sed
3108 3147 3297 3187 revera
3355 3140 3542 3188 natum

1876 3262 1918 3320 α
1954 3239 2021 3280 ex
2043 3223 2156 3278 Deo
2188 3223 2254 3278 ¹¹.
2299 3225 2474 3290 Quem
2533 3239 2659 3279 cum
2701 3223 2819 3293 ipsa
2876 3223 3157 3294 genuerim
3227 3223 3543 3288 carnaliter,

1951 3316 2020 3372 ab
2064 3318 2180 3386 ipso
2233 3331 2428 3371 rursus
2491 3316 2734 3372 vicissim
2767 3330 3000 3388 generor
3033 3315 3374 3386 Spiritaliter.
3432 3314 3545 3372 Neo

1949 3409 2215 3465 erubesco
2243 3425 2367 3464 cum
2402 3425 2600 3465 vocare
2648 3417 2880 3480 patrem,
2951 3410 3110 3480 cujus
3169 3427 3331 3466 verus
3388 3421 3545 3482 pater

1948 3510 2034 3557 est
2061 3501 2150 3556 ille
2183 3501 2422 3558 ccelestis
2452 3519 2466 3556 :
2495 3503 2709 3574 cognati
2741 3511 2946 3579 autem,
2976 3503 3150 3573 angeli
3208 3510 3264 3556 et
3320 3511 3540 3558 sancto.

1949 3607 2074 3646 rum
2108 3591 2355 3647 omnium
2383 3591 2560 3657 chori,
2602 3593 2872 3647 bonorum
2907 3606 3136 3662 operum
3197 3593 3540 3648 communio.

1947 3695 2040 3746 ne,
2076 3690 2133 3736 et
2179 3681 2489 3751 aequalitate
2529 3681 3012 3737 remunerationis.
3042 3680 3243 3740 Curam
3286 3697 3413 3752 gere
3440 3698 3540 3754 ρας

1949 3783 2195 3836 rentum,
2236 3773 2439 3845 quibus
2470 3781 2555 3830 est
2580 3773 2801 3846 gravius
2839 3774 2914 3828 tui
2962 3773 3323 3842 desiderium,
3377 3792 3539 3846 quam

1947 3873 2223 3920 senectus.
2260 3865 2447 3937 Atqui,
2478 3881 2512 3922 ο
2545 3865 2886 3932 charissime,
2914 3867 3145 3938 pulchre
3170 3868 3376 3922 carnali
3437 3877 3544 3925 tum

1947 3957 2110 4011 matri
2137 3957 2341 4014 referes
2367 3959 2598 4029 gratiam
2629 3973 2726 4028 pro
2755 3959 2900 4014 datis
2945 3959 3238 4025 alimentis,
3275 3961 3321 4016 si
3376 3962 3540 4031 spiri-

1946 4049 2038 4104 tali
2095 4059 2189 4106 tuo
2254 4049 2402 4105 Patri
2473 4050 2584 4106 tuis
2636 4051 3122 4108 intercessionibus
3169 4067 3290 4108 eam
3347 4053 3544 4109 reddas

1945 4142 2296 4199 familiarem.
2356 4143 2596 4199 Pulchre
2675 4160 2896 4217 quoque
2953 4148 3097 4217 patri
3173 4156 3268 4202 tuo
3335 4147 3543 4208 referes

1945 4238 2193 4308 gratiam,
2215 4236 2358 4308 quod
2392 4246 2444 4294 te
2469 4237 2538 4293 ad
2573 4239 2700 4306 hoc,
2735 4250 2987 4303 utesses,
3025 4240 3366 4310 produxerit,
3395 4243 3438 4296 si
3473 4243 3541 4296 ad

1943 4329 2065 4398 ejus
2119 4329 2422 4384 senectutis
2493 4338 2549 4385 et
2614 4331 3008 4388 imbecillitatis
3087 4333 3332 4404 requiem
3389 4333 3544 4389 sinus

1945 4421 2184 4476 Abrahae
2213 4421 2466 4492 petieris.
2512 4420 2641 4478 Haec
2696 4438 2844 4479 nunc
2877 4424 2946 4480 ad
3004 4432 3058 4480 te
3114 4426 3456 4482 contendunt
3487 4435 3544 4484 et

1943 4513 2117 4583 patris
2146 4513 2399 4578 canities,
2436 4522 2492 4571 et
2522 4514 2782 4571 matrisin
2803 4526 2960 4586 partu
2981 4515 3220 4583 dolores,
3242 4525 3299 4571 et
3349 4517 3538 4579 ubera.

245 4605 302 4660 in
339 4608 672 4674 visceribus,
707 4609 871 4664 simul
898 4611 1119 4680 quidem
1150 4621 1206 4667 et
1235 4613 1486 4670 ntlilium
1517 4614 1840 4672 desideran—
1873 4614 1917 4669 D
1944 4622 2066 4678 quae
2097 4615 2176 4672 tu,
2209 4607 2302 4678 qui
2333 4623 2392 4662 es
2414 4608 2643 4670 omniex
2672 4616 2829 4678 parte
2851 4609 3384 4678 Pel‘fcclllS.5MiSli.
3415 4623 3542 4662 cum

223 4675 435 4776 {temet
465 4699 757 4769 cupientes
781 4675 1027 4771 conspici
1061 4711 1320 4772 parentes
1363 4704 1509 4773 ejus,
1569 4703 1661 4773 qui
1707 4705 1846 4761 adeo

246 4791 430 4846 clarus
469 4800 590 4846 erat
620 4791 925 4847 miraculis.
955 4791 1127 4848 Mater
1146 4809 1276 4863 ergo
1310 4810 1420 4850 non
1475 4795 1661 4852 ferens
1721 4813 1846 4853 cor-

244 4886 333 4941 dis
357 4889 656 4957 impetum,
685 4887 968 4951 arbitrata,
999 4903 1125 4944 esse
1154 4889 1284 4958 quid
1316 4905 1544 4958 parvum
1585 4901 1640 4945 et
1681 4891 1837 4948 nihili

249 4980 589 5046 faciendum,
623 4991 679 5036 et
718 4997 829 5036 non
863 4983 997 5038 satis
1028 4985 1242 5039 ﬁrmam
1269 4984 1371 5054 pia:
1404 4985 1566 5040 matri
1603 5001 1839 5042 excusa-

251 5073 457 5126 tionem
487 5073 588 5126 via:
623 5072 1021 5142 longitudinem
1058 5084 1115 5130 et
1149 5077 1453 5132 senectutis
1496 5078 1843 5134 imbecillita-

248 5171 380 5229 tem,
433 5167 631 5219 lwrum
709 5167 956 5221 omnium
1032 5168 1238 5225 nullam
1313 5169 1521 5226 ducens
1550 5171 1872 5240 rationem,

249 5255 496 5326 profecta
529 5257 788 5327 Byzantio
821 5258 886 5312 ad
929 5259 1005 5322 id,
1051 5260 1195 5329 quod
1238 5261 1350 5330 jam
1418 5263 1568 5331 prius
1587 5263 1846 5330 diximus,

247 5345 613 5401 Charsianum
664 5348 976 5403 incredibili
1013 5351 1264 5418 per-venit
1293 5352 1595 5407 celeritate.
1640 5353 1848 5412 Deinde

248 5455 369 5492 cum
408 5441 716 5508 aspexisset
761 5455 953 5495 eorum
992 5443 1418 5511 multitudinem,
1463 5446 1558 5515 qui
1621 5447 1840 5505 assidue

249 5531 586 5585 accedebant
607 5533 678 5587 ad
706 5534 1044 5603 sepulcrum,
1088 5545 1144 5589 et
1199 5537 1427 5600 donum,
1484 5539 1627 5608 quod
1691 5555 1841 5595 asse-

249 5621 584 5688 quebantur,
620 5625 712 5690 qui
751 5627 941 5681 multis
971 5637 1026 5681 et
1063 5629 1228 5682 variis
1255 5630 1580 5685 laborabant
1634 5633 1841 5687 morbis

249 5721 304 5764 et
327 5712 736 5782 affectionibus,
765 5727 821 5771 et
839 5733 1004 5789 quam
1031 5719 1264 5776 celerem
1289 5722 1845 5793 adipiscebanturcu—

359 5898 582 5956 “Joan.
609 5915 648 5964 ι.
675 5901 763 5962 15.

1950 4713 2110 4754 esses
2137 4698 2319 4760 adhuc
2343 4697 2544 4754 infans.
2578 4696 2781 4755 Curam
2809 4712 2940 4768 gere
2965 4708 3278 4768 parentum,
3349 4714 3539 4754 curam

1948 4806 2076 4862 gere
2103 4801 2485 4863 cognatorum.
2512 4790 2844 4852 Laetabitur,
2875 4799 2959 4845 sat
2992 4791 3127 4855 scio,
3150 4791 3320 4857 Deus,
3377 4806 3540 4863 quem

1948 4893 2003 4942 tu
2037 4886 2416 4940 honorandum
2452 4901 2650 4942 censes
2678 4885 2730 4938 in
2796 4885 3137 4956 parentibus,
3188 4900 3328 4955 quos
3385 4887 3543 4957 jubet

1946 4979 2092 5034 illius
2132 4987 2465 5050 praeceptum
2501 4979 2794 5041 honorare,
2829 4986 3020 5048 utpote
3045 4977 3194 5048 quod
3243 4992 3342 5048 per
3389 4978 3542 5048 ipsos

1945 5072 2124 5128 honor
2159 5072 2225 5126 ad
2271 5071 2423 5125 illum
2471 5069 2700 5126 feratur.
2747 5069 2880 5124 Nam
2927 5080 2982 5124 et
3034 5071 3244 5140 primus
3295 5071 3540 5133 omnium

1947 5173 2034 5220 est
2073 5173 2249 5235 pater,
2283 5175 2338 5220 et
2368 5164 2572 5236 opifex,
2605 5173 2662 5220 et
2689 5179 2877 5230 causa,
2920 5172 2978 5218 ut
3001 5163 3069 5218 ad
3123 5168 3250 5231 hoc,
3307 5174 3369 5219 ut
3406 5164 3540 5233 sint,

1949 5257 2346 5327 producantur.

2017 5349 2162 5407 XIII.
2201 5348 2327 5404 llaec
2353 5348 2510 5415 dixit,
2541 5358 2598 5405 et
2618 5349 2775 5420 jubet
2803 5349 2915 5408 tolli
2945 5349 3209 5421 lapidem,
3243 5357 3298 5403 ct
3323 5364 3539 5418 capsum

1957 5443 2099 5499 trahi
2127 5453 2278 5498 extra
2309 5452 2751 5498 monumentum.
2799 5443 2956 5509 Quod
2981 5459 3107 5498 cum
3137 5443 3338 5496 factum
3373 5452 3538 5507 esset,

1953 5539 2046 5593 ubi
2085 5553 2147 5592 ea
2175 5537 2422 5608 jubente,
2455 5547 2679 5606 apertus
2732 5547 2816 5592 est
2842 5538 3073 5600 loculus,
3101 5536 3348 5591 cernitur
3383 5535 3547 5590 miras-

1953 5630 2160 5694 culum,
2196 5629 2338 5683 etad
2379 5629 2672 5683 videndum
2708 5629 3134 5696 divinissimum,
3165 5638 3221 5684 et
3247 5629 3313 5682 ad
3347 5629 3538 5683 dicen...

1955 5728 2084 5782 dum
2111 5723 2602 5796 jucundissimum,
2639 5731 2695 5778 et
2724 5725 2792 5781 ad
2823 5742 2909 5794 ca,
2960 5742 3080 5800 quae
3121 5737 3539 5796 praecesserant,
