3996 6452
426 406 536 469 495

1751 406 2035 469 MENSIS
2072 409 2370 472 IULIUS.

3596 414 3702 477 £96

424 522 801 581 conﬁrmanda
827 503 1243 580 validissimum.
1266 522 1465 579 Decem
1507 529 1565 578 et
1610 529 1734 579 octo
1783 536 2006 577 menses
2041 530 2084 587 Α
2116 523 2672 582 miraculorum-tales
2726 526 2975 582 ostendit
3006 524 3240 582 radios?
3286 527 3365 583 Ex
3390 535 3445 583 te
3466 526 3703 598 pulcher

425 619 804 688 przeterierant
821 626 945 688 post
970 624 1226 685 mortem,
1249 626 1305 672 et
1320 617 1411 687 qui
1439 625 1520 673 tot
1557 624 1688 671 ante
1723 614 1843 672 dies
1887 623 2007 670 erat

425 726 697 778 mortuus,
720 711 928 768 nullum
952 710 1148 767 habuit
1177 711 1416 782 signum,
1447 724 1559 765 non
1607 709 1855 780 corporis
1905 708 2010 764 ilu—

424 805 667 872 xionem,
689 819 797 860 non
808 803 1148 875 compaginis
1163 801 1521 869 solutionem,
1537 816 1648 857 non
1664 801 1850 858 carnis
1867 814 2000 857 con-

424 898 817 970 sumptionem,
835 911 945 951 non
980 896 1283 966 nigrorem,
1304 908 1417 949 non
1444 893 1654 960 aliquid
1676 894 1823 964 quod
1855 904 2006 950 esset

423 989 735 1052 evanidum,
768 986 1030 1058 autquod
1084 986 1465 1051 emarcuisset,
1532 995 1588 1042 et
1644 994 1793 1042 esset
1829 985 2004 1056 lique-

421 1082 625 1138 factum
653 1099 667 1136 :
703 1080 799 1137 sed
836 1090 981 1136 totus
1012 1080 1299 1138 videbatur
1349 1094 1569 1145 recens,
1601 1079 1833 1150 perinde
1866 1093 1934 1134 ac
1955 1077 2004 1135 si

420 1190 600 1246 nuper
640 1190 762 1230 eum
805 1174 1122 1242 reliquisset
1149 1172 1355 1228 anima.
1385 1171 1793 1242 Propemodum
1847 1170 2002 1226 vide-

421 1269 619 1325 bantur
649 1282 773 1324 esse
802 1266 1047 1322 membra
1079 1281 1203 1321 cum
1229 1274 1400 1331 motu,
1430 1280 1585 1336 gena
1607 1279 1733 1320 cum
1778 1264 2002 1330 rubore,

420 1362 574 1417 labra
596 1375 721 1416 cum
748 1358 903 1423 ﬂore,
940 1374 1004 1414 os
1032 1374 1158 1415 cum
1198 1356 1472 1412 anhelitu.
1498 1356 1911 1420 Esistimasses,
1948 1362 2005 1411 te

421 1469 552 1511 eum
608 1454 836 1509 omnino
889 1450 1075 1506 videre
1129 1465 1242 1506 non
1297 1457 1601 1515 mortuum,
1660 1447 1756 1503 sed
1825 1446 2006 1519 potius

420 1546 811 1611 dormientem,
833 1551 928 1598 aut
956 1542 1195 1613 seipsum
1223 1540 1592 1611 colligentem,
1618 1549 1673 1596 et
1692 1540 2007 1612 diligentius

421 1638 625 1708 aliquid
659 1637 1034 1692 meditantem.
1061 1635 1233 1690 Porro
1265 1632 1834 1704 autemipsretunicae,
1870 1632 2005 1703 ipsae

421 1741 600 1787 vestes
629 1730 877 1801 stragula:
912 1728 1050 1784 adeo
1100 1737 1259 1783 erant
1306 1728 1533 1797 integrae
1566 1734 1623 1782 et
1664 1725 1883 1792 illaesae,
1945 1736 2004 1781 et

421 1824 571 1879 nullo
600 1824 930 1878 detrimento
975 1818 1183 1875 all‘ectae
1229 1818 1396 1892 (quod
1449 1818 1648 1875 attinet
1693 1817 1762 1872 ad
1818 1818 2006 1887 sepul-

2115 615 2337 686 quidcm
2360 617 2688 688 germinavit
2726 619 2959 690 palmes,
2985 619 3081 675 sed
3109 620 3252 689 apud
3295 636 3395 676 nos
3435 621 3703 691 produxit

2115 708 2305 764 botros
2329 708 2743 777 miraculorum,
2776 719 2833 766 et
2854 710 3155 781 eiplaeuit,
3181 722 3241 767 ut
3266 728 3368 768 nos
3388 714 3704 769 frueremur

2116 807 2299 854 musto
2360 798 2662 870 gratiarum
2722 808 2778 855 et
2815 801 3190 857 curationum.
3244 802 3369 857 Non
3404 813 3524 858 erat
3584 804 3704 861 Deo

2116 890 2354 956 diliie'le,
2372 890 2419 945 si
2436 891 2883 961 undeprocessit,
2908 909 3031 949 eum
3055 894 3322 949 voluisset
3352 895 3483 951 illuc
3508 910 3705 951 rursus

2115 982 2414 1040 divertere.
2444 983 2523 1038 Ne
2559 983 2795 1040 videaris
2819 1000 2950 1057 ergo
3006 1001 3313 1059 repugnare
3340 987 3552 1058 judicio
3602 987 3704 1042 Dei

2115 1084 2172 1132 et
2199 1075 2494 1143 voluntati,
2523 1092 2708 1148 neque
2738 1078 2901 1134 nobis
2928 1077 3144 1134 divinas
3166 1081 3371 1151 gratias
3427 1080 3703 1137 invideas.

2115 1167 2193 1223 Ne
2223 1183 2328 1225 nos
2359 1168 2509 1223 fonte
2541 1170 2872 1240 privaveris,
2904 1171 2997 1241 qui
3030 1187 3141 1226 non
3182 1171 3346 1227 nobis
3376 1172 3552 1240 fsolis,
3600 1174 3703 1230 sed

2114 1260 2278 1317 etiam
2305 1259 2671 1315 communiter
2698 1261 2955 1317 omnibus
2986 1262 3156 1317 estad
3176 1261 3469 1317 fruendum
3501 1278 3707 1334 prepo-

2112 1351 2276 1409 situs.
2324 1352 2407 1408 Ad
2464 1353 2698 1422 gloriam
2753 1353 2850 1408 tibi
2874 1352 3100 1420 sufficit,
3155 1354 3303 1425 quod
3352 1356 3484 1426 ejus
3523 1366 3708 1411 mater

2112 1447 2456 1517 apparueris,
2499 1447 2742 1518 decujus
2768 1446 2933 1503 etiam
2984 1454 3208 1503 mortuo
3255 1462 3491 1515 corpore
3552 1457 3706 1503 tanta

2111 1548 2198 1595 est
2247 1540 2551 1597 contentio.
2622 1539 2735 1594 Nos
2788 1543 3033 1610 priusex
3084 1539 3189 1595 hac
3216 1540 3459 1609 expelles
3500 1540 3706 1610 patria,

2112 1647 2283 1702 quam
2302 1631 2409 1689 hoc
2438 1633 2587 1689 bone
2606 1633 2775 1689 nobis
2808 1649 2839 1689 ιι
2896 1632 3011 1689 Deo
3050 1633 3179 1690 dato
3224 1643 3472 1689 nostram
3515 1634 3706 1706 prives

2112 1726 2369 1798 patriam.
2410 1725 2504 1781 illa
2536 1735 2828 1797 postquam
2858 1726 2987 1782 haec
3020 1725 3305 1792 audiisset,
3342 1726 3527 1782 sciens
3576 1738 3708 1782 esse

2113 1814 2219 1869 sibi
2277 1813 2499 1886 aliquod
2587 1815 2893 1886 sapientius
2963 1816 3297 1886 capiendum
3376 1817 3702 1883 consilium,

422 1915 807 1987 turam)atque
833 1915 877 1968 si
900 1913 1135 1969 fuissent
1168 1912 1359 1982 positae
1396 1910 1453 1965 in
1478 1926 1625 1975 arca,
1679 1917 1736 1965 et
1762 1908 1998 1980 diligen-
2027 1895 2074 1955 Β
2107 1906 2337 1978 quievit.
2367 1907 2576 1963 Deinde
2614 1918 2796 1965 autem
2828 1924 2954 1964 cum
2970 1908 3231 1979 iussisset
3260 1924 3456 1965 omnes
3493 1909 3702 1976 valere,

422 2019 504 2064 ter
530 2006 837 2063 custodite.
877 2003 975 2059 Est
1006 2003 1240 2058 mortuis
1269 2001 1595 2071 corporibus
1623 2015 1694 2054 ex
1750 2014 1812 2054 se
1867 1998 2003 2069 quid

418 2098 775 2171 injucundum
804 2112 869 2152 ac
903 2105 1127 2151 tetrum.
1178 2094 1280 2149 Est
1315 2092 1562 2148 vestibus
1614 2105 1831 2162 quoque
1882 2104 2004 2159 quae

420 2192 582 2263 longo
613 2188 1189 2261 temporejacuerunt,
1226 2193 1283 2241 et
1321 2185 1445 2240 aliis
1496 2183 1764 2255 ejusmodi
1828 2182 2004 2237 malus

420 2286 642 2357 quidam
670 2283 828 2349 odor,
858 2291 914 2337 et
937 2282 1030 2350 qui
1066 2278 1300 2335 oﬂendit
1332 2278 1644 2335 odoratum.
1676 2276 1790 2331 lllic
1817 2284 2002 2330 autem

420 2379 558 2433 nihil
581 2376 875 2448 ejusmodi,
904 2375 998 2431 sed
1030 2376 1208 2430 bonus
1235 2371 1396 2437 odor,
1432 2379 1487 2425 et
1506 2369 1709 2442 gratia,
1749 2377 1806 2423 et
1848 2367 2002 2422 dele-

421 2471 608 2535 ctatio,
640 2479 894 2540 tanquam
913 2482 1029 2524 non
1064 2465 1283 2538 aliquod
1313 2464 1626 2534 sepulcrum
1652 2469 1709 2517 et
1760 2460 1999 2524 loculus,

420 2564 517 2621 sed
542 2562 733 2619 hortus
772 2569 917 2617 esset
939 2569 1183 2633 apertus.
1214 2556 1525 2611 Probantur
1550 2571 1614 2610 ea
1659 2568 1781 2625 (iure
1838 2552 2002 2608 edicta

417 2666 568 2719 sunt,
601 2666 659 2711 et
686 2654 834 2726 quod
862 2667 1064 2725 corpus
1097 2658 1246 2706 esset
1275 2649 1458 2705 adhuc
1488 2648 1764 2718 integrum
1809 2656 1865 2701 et
1909 2662 2001 2701 re-

415 2763 567 2813 cens,
601 2762 668 2802 ex
686 2746 793 2802 hoc
822 2743 970 2817 quod
992 2742 1260 2815 sequitur.

488 2840 630 2897 XIV.
663 2838 894 2906 Quidam
930 2835 1260 2901 monachus,
1290 2832 1494 2904 Joseph
1537 2831 1782 2898 nomine,
1819 2845 2000 2888 sacer-

415 2937 537 3003 dos,
556 2944 609 2990 et
622 2933 715 3004 qui
733 2932 922 3004 pietati
940 2930 1219 2993 studebat,
1246 2943 1369 2983 cum
1394 2937 1527 2982 tunc
1546 2926 1786 2992 adesset,
1810 2924 1999 2995 subje-

415 3025 520 3082 ctis
546 3021 821 3087 manibus,
849 3029 905 3075 et
931 3019 1216 3088 amplexus
1234 3025 1536 3080 mortuum,
1562 3016 1870 3080 conabatur
1891 3013 2002 3068 erio

415 3115 665 3188 gereJlle
683 3123 867 3170 autem
898 3112 1195 3169 cedebatet
1212 3108 1506 3163 videbatur
1530 3123 1747 3178 parere,
1772 3117 1828 3162 et
1849 3106 1999 3177 seip-

417 3223 541 3264 sum
594 3208 835 3262 tradere.
852 3200 1402 3273 ErectusitaqueJuit
1422 3200 1608 3255 virille
1640 3199 1994 3265 admirabilis,

414 3296 661 3352 articulis
694 3302 750 3349 et
771 3292 1123 3367 compagibus
1147 3302 1296 3347 recte
1324 3290 1471 3345 inter
1493 3305 1618 3345 sese
1641 3289 1996 3345 habentibus.

414 3388 569 3458 Quod
599 3403 725 3445 cum
757 3386 981 3443 vidisset
1010 3383 1315 3455 presbyter,
1350 3393 1406 3437 et
1443 3391 1595 3438 metu
1624 3392 1769 3437 esset
1821 3382 2001 3452 reple-

417 3491 525 3544 tus,
558 3478 765 3550 rogavit
809 3485 869 3531 ιιι
900 3478 1247 3546 permitteret
1276 3490 1339 3530 ea
1378 3474 1619 3539 auferre,
1651 3472 1852 3541 quibus
1882 3481 2001 3526 erat

413 3569 660 3624 indutus.
691 3566 814 3638 Ipse
847 3574 1031 3621 autem
1053 3580 1248 3619 rursus
1272 3564 1475 3636 paruit,
1501 3572 1558 3618 et
1620 3579 1813 3617 manus
1835 3560 2001 3616 remi-

412 3661 485 3720 sit
521 3658 845 3731 presbytero
869 3667 926 3714 et
981 3655 1176 3727 pedes,
1221 3655 1369 3711 utiis
1394 3663 1645 3709 uteretur
1701 3661 1759 3708 ut
1814 3653 1996 3708 vellet.

411 3752 576 3807 Exuit
622 3765 752 3822 ergo
804 3764 931 3804 eum
979 3748 1241 3804 sacerdos
1293 3746 1505 3813 tunica,
1560 3754 1617 3802 et
1663 3761 1790 3801 eum
1820 3745 1996 3800 altera

411 3844 608 3902 induit.
632 3844 675 3898 A
706 3842 937 3915 pedibus
986 3855 1116 3897 vero
1153 3848 1373 3896 amovet
1398 3854 1509 3893 non
1547 3838 1722 3893 solum
1754 3839 1995 3906 calceos,

408 3940 503 3994 sed
538 3953 603 3993 ea
630 3938 819 4003 etiam,
848 3951 970 4007 quae
1014 3936 1166 3990 intus
1195 3941 1355 3991 erant
1406 3948 1471 3987 ex
1530 3934 1709 3989 serico
1738 3932 1994 4003 imposita

407 4035 662 4105 pedibus.
688 4032 816 4088 Hmc
854 4047 985 4102 ergo
1038 4030 1223 4087 omnia
1264 4039 1386 4085 .tam
1420 4029 1579 4085 facile
1615 4028 1763 4095 fecit,
1787 4038 1843 4084 et
1862 4029 1997 4083 citra

410 4126 583 4180 ullum
626 4124 891 4190 laborem,
980 4122 1211 4192 perinde
1262 4137 1328 4176 ae
1356 4123 1400 4175 si
1462 4121 1554 4176 ille
1592 4136 1758 4192 opem
1828 4120 1998 4176 ferret

409 4217 709 4282 sacerdoti,
770 4225 826 4271 et
913 4231 975 4271 se
1049 4216 1315 4281 traderet,
1415 4223 1475 4268 ut
1556 4229 1622 4269 eo
1702 4213 2018 4270 commode.

410 4311 485 4365 uti
512 4319 720 4381 posset.
783 4307 994 4363 Deinde
1058 4322 1187 4361 eum
1254 4321 1451 4363 rursus
1506 4305 1741 4360 reclinat
1799 4305 1852 4358 in
1908 4319 1993 4368 ea,

407 4420 512 4476 qua
545 4404 698 4473 prius
754 4411 893 4467 erat,
946 4400 1152 4470 ﬁgura:
1209 4399 1346 4456 adeo
1376 4409 1434 4455 ιιι
1489 4398 1544 4454 id
1587 4410 1760 4455 totum
1811 4398 1996 4454 divmo

408 4499 614 4553 factum
694 4494 766 4551 sit
843 4493 1103 4558 consilio,
1164 4492 1312 4562 quod
1365 4492 1445 4547 sic
1494 4492 1747 4561 sepultus
1807 4489 1992 4553 fuerit,

2107 2001 2331 2057 domum
2367 2003 2686 2057 revertitur.
2716 2003 2817 2058 ille
2838 2017 2972 2059 vero
2999 2004 3125 2073 pius
3173 2004 3231 2059 in
3254 2005 3458 2075 primis
3503 2015 3707 2061 mona-

2106 2095 2247 2150 chus
2274 2103 2331 2152 et
2346 2095 2627 2162 sacerdos,
2641 2095 2709 2151 de
2726 2111 2835 2166 quo
2856 2095 3007 2168 prius
3028 2097 3292 2165 diximus,
3334 2113 3460 2153 cum
3478 2109 3706 2154 reman-

2106 2189 2291 2256 sisset,
2322 2198 2380 2247 et
2406 2189 2620 2245 dierum
2705 2191 3064 2248 multitudine
3102 2206 3324 2248 omnem
3372 2191 3710 2264 expulsisset

2106 2283 2499 2354 suspicionem,
2523 2294 2579 2340 et
2604 2284 2660 2340 in
2683 2300 2748 2341 eo
2769 2286 3129 2341 custodiendo
3145 2286 3424 2342 eﬂ‘ecisset
3441 2287 3704 2342 custodes

2106 2375 2481 2443 socordiores,
2539 2385 2709 2432 noctu
2756 2377 3059 2448 ingressus,
3092 2378 3342 2434 divinum
3394 2377 3709 2434 sul'l‘uratus

2105 2474 2192 2523 est
2222 2468 2567 2535 thesaurum,
2589 2480 2642 2524 et
2673 2486 2799 2525 cum
2831 2470 2982 2526 furto
3002 2470 3235 2541 aufugit.
3286 2471 3395 2526 Sed
3425 2471 3566 2526 odor
3596 2470 3711 2525 mi-

2107 2560 2421 2617 raculorum
2456 2562 2705 2619 ostendit
2737 2565 3279 2637 unguentum,quod
3306 2564 3612 2631 celabatur,
3644 2573 3707 2620 et

2107 2655 2429 2709 morborum
2460 2658 2676 2713 curatio
2705 2657 2809 2713 fuit
2843 2658 2975 2713 furti
3008 2658 3342 2715 accusatrix.

2176 2746 2317 2802 XVI.
2347 2746 2545 2803 Mulier
2577 2750 2724 2804 enim
2763 2753 3039 2819 quaedam,
3072 2752 3205 2808 dum
3248 2752 3375 2807 isin
3404 2751 3493 2808 via
3519 2752 3703 2810 ferre-

2107 2847 2217 2905 tur,
2239 2849 2294 2895 et
2319 2840 2413 2911 qui
2431 2857 2556 2897 eum
2587 2842 2839 2900 ferebant
2886 2846 2941 2898 in
2967 2844 3231 2915 quodam,
3303 2855 3365 2901 ut
3417 2856 3503 2902 est
3562 2861 3701 2903 cun-

2106 2941 2458 2996 sentaneum,
2505 2935 2708 2990 vellent
2734 2936 2857 2991 loco
2886 2937 3234 3007 requiescere
3258 2954 3273 2993 :
3299 2938 3416 3005 illa,
3444 2939 3691 3010 inquam,

2105 3037 2229 3077 cum
2263 3038 2293 3078 a
2329 3024 2567 3096 maligno
2594 3036 2889 3083 vexaretur
2905 3028 3126 3099 spiritu,
3160 3030 3217 3084 in
3242 3030 3482 3087 loculum
3504 3031 3685 3095 irruit,

2105 3124 2160 3172 et
2178 3118 2421 3188 graviter
2438 3119 2655 3185 insiliit,
2686 3128 2743 3175 et
2759 3121 2931 3178 veluti
2954 3138 2987 3179 a
3009 3138 3211 3196 magno
3231 3123 3403 3181 ﬂuctu
3434 3125 3538 3182 fuit
3559 3139 3694 3180 exa-

2104 3207 2293 3277 gitata.
2356 3210 2565 3268 Deinde
2613 3228 2739 3268 cum
2826 3224 3079 3271 sanetum
3132 3217 3467 3288 turpissimis
3543 3226 3701 3274 esset

2103 3296 2366 3355 insectata
2402 3303 2726 3369 maledictis,
2767 3319 2880 3360 non
2925 3304 3018 3360 illa
3064 3306 3285 3377 quidem
3309 3310 3559 3374 omnino,
3596 3308 3700 3363 sed

2102 3391 2193 3458 qui
2228 3407 2350 3448 eam
2396 3395 2767 3463 inhabitabat,
2819 3411 2982 3467 quem
3037 3398 3416 3455 adversarium
3459 3400 3698 3470 dixeris,

2104 3488 2261 3547 fortis
2293 3490 2384 3545 ille
2414 3490 2484 3546 ab
2516 3506 2586 3546 eo
2616 3507 2920 3561 percussus
2951 3495 3206 3560 recessit,
3231 3495 3423 3552 abiens
3453 3496 3510 3551 in
3550 3495 3696 3561 loca,

2101 3586 2169 3640 ad
2198 3599 2321 3655 qua:
2350 3599 2379 3638 a
2421 3583 2533 3639 Deo
2562 3584 2746 3640 fuerat
2767 3585 3194 3644 condemnatus.
3221 3588 3316 3643 illa
3332 3600 3520 3645 autem
3554 3604 3699 3646 sana

2100 3679 2319 3733 domum
2345 3691 2537 3731 rursus
2577 3686 2663 3732 est
2714 3692 2958 3734 reversa.
3021 3678 3140 3735 Non
3198 3680 3418 3753 longum
3471 3690 3697 3752 tempus

2101 3769 2507 3833 intercesserat,
2537 3776 2593 3822 et
2645 3767 2797 3838 virgo
2829 3768 3078 3838 quaedam
3109 3772 3363 3840 praelecta
3413 3780 3700 3827 monaste-

2102 3860 2189 3926 rii,
2211 3859 2357 3930 quod
2410 3858 2709 3913 vocabatur
2739 3858 3104 3922 Mantineum,
3148 3876 3273 3915 eum
3306 3868 3523 3917 secreto
3551 3876 3700 3932 quo—

2100 3954 2227 4009 dam
2251 3962 2307 4007 et
2329 3952 2482 4024 gravi
2513 3950 2705 4008 morbo
2727 3950 3025 4017 laboraret,
3044 3961 3100 4008 et
3127 3968 3238 4007 non
3260 3963 3443 4023 posset
3470 3969 3693 4024 graves,

2099 4060 2236 4114 quos
2269 4042 2545 4099 sentiebat
2572 4058 2640 4099 ex
2673 4058 2760 4109 eo,
2790 4042 2935 4098 ferre
2957 4044 3200 4110 dolores,
3227 4061 3350 4101 cum
3379 4046 3696 4102 rescivisset

2099 4136 2232 4191 illud
2267 4145 2546 4192 mortuum
2606 4136 2777 4192 vitam
2831 4135 3070 4192 aﬂerens
3131 4152 3332 4208 corpus
3366 4137 3572 4202 aderri,
3631 4148 3691 4193 et

2101 4241 2299 4298 magna
2330 4226 2439 4283 ﬁde
2471 4226 2708 4282 etanimi
2729 4226 2929 4283 ardore
2978 4229 3029 4282 ei
3092 4227 3235 4283 facta
3292 4229 3532 4294 obviam,
3568 4239 3693 4283 tan-

2099 4333 2262 4387 quam
2293 4319 2502 4374 viventi
2532 4326 2588 4372 et
2615 4319 2860 4375 audienti
2890 4330 3083 4376 sancto
3106 4322 3174 4376 ad
3205 4321 3445 4377 loculum
3468 4322 3519 4376 ei
3538 4337 3691 4377 mor-

2100 4411 2229 4467 bum
2263 4410 2513 4473 dixisset,
2567 4411 2812 4466 ardentis
2873 4411 2999 4467 lidei
3040 4413 3387 4479 mercedem,
3449 4414 3687 4469 celerem

2100 4503 2311 4560 invenit
2339 4504 2702 4559 curationem.
2736 4503 3023 4574 Ejusmodi
3058 4505 3319 4561 miracula
3380 4506 3610 4571 faciens.
3631 4515 3692 4562 et

407 4601 469 4647 ut
505 4599 625 4646 crat
670 4598 833 4644 antea
864 4605 877 4642 :
908 4594 969 4641 ut
1034 4587 1117 4641 vel
1189 4600 1257 4639 ex
1308 4586 1412 4640 hoc
1450 4594 1597 4641 esset
1646 4582 1991 4639 manifestum
2026 4598 2075 4655 ι)
2100 4612 2218 4653 eam
2246 4613 2276 4651 δ
2317 4596 2429 4652 nco
2452 4597 2680 4667 510mm
2712 4597 3049 4669 admiscens,
3093 4599 3413 4671 Byzantium
3461 4601 3686 4657 tandem

402 4686 679 4746 o.nnibus,
724 4680 869 4753 quod
929 4689 1057 4750 post
1139 4677 1481 4750 sepulturam
1553 4676 1816 4732 manserit
1868 4690 1994 4730 cor-

405 4795 508 4847 pus
588 4776 870 4848 potentius
949 4773 1178 4831 interitu
1249 4781 1305 4827 et
1378 4771 1763 4827 dissolutione.
1834 4767 1993 4834 Quod

405 4871 623 4943 quidem
649 4870 824 4926 visum
850 4867 1038 4923 multis
1071 4866 1422 4923 daemonibus
1464 4874 1521 4919 et
1566 4866 1777 4922 morbis
1826 4883 1994 4923 causa

406 4964 531 5031 init,
562 4971 622 5016 ut
661 4960 964 5031 fugerent;
1009 4968 1068 5014 et
1092 4958 1318 5014 merito.
1364 4960 1422 5011 Si
1466 4960 1615 5012 enim
1666 4960 1827 5013 etiam
1868 4976 1993 5015 cum

405 5065 554 5109 esset
577 5052 930 5118 absconsum,
960 5060 1077 5106 erat
1096 5049 1179 5105 eis
1208 5049 1476 5115 terribile,
1508 5059 1798 5119 postquam
1818 5067 1992 5121 appa-

409 5144 815 5215 ruitquomodo
846 5157 957 5199 non
998 5150 1145 5199 esset
1200 5141 1495 5219 ejusmodi,
1547 5153 1607 5196 ut
1652 5157 1761 5196 non
1812 5154 1994 5213 posset

407 5236 633 5293 otnnino
653 5236 910 5291 sustineri
931 5234 956 5289 Ἰ

479 5328 591 5384 XV.
617 5327 756 5398 Quid
797 5337 917 5399 post
948 5327 1067 5383 haec
1100 5337 1186 5383 est
1211 5336 1569 5383 consecutum
1602 5328 1627 5382 ?
1682 5329 1996 5385 Contende-

409 5422 499 5476 bat
528 5430 723 5485 mater,
755 5434 912 5476 sai-ro
944 5419 1160 5475 sublato
1201 5434 1454 5489 corpore,
1484 5420 1706 5476 demum
1763 5425 1991 5481 reverti.

410 5513 535 5569 llaec
555 5513 724 5578 enim,
746 5513 980 5579 dicebat,
1009 5512 1168 5571 stella
1206 5528 1275 5569 ex
1301 5530 1421 5569 meo
1455 5527 1647 5573 ventre
1701 5530 1821 5572 orta
1886 5527 1989 5573 est.

410 5609 512 5673 Qui
548 5615 728 5660 autem
753 5606 805 5659 in
833 5620 895 5661 ea
924 5603 1246 5660 habitabant
1288 5607 1535 5677 regione,
1587 5609 1993 5665 contendebant

414 5714 521 5752 tum
548 5697 874 5762 concedere,
915 5706 975 5752 ut
1008 5696 1060 5751 id
1081 5698 1488 5769 aggrederetur,
1520 5700 1660 5755 Nam
1685 5702 1814 5769 etsi,
1840 5701 1991 5756 dice-

415 5789 570 5853 bant,
595 5804 661 5842 ex
685 5797 737 5842 te
765 5790 1032 5858 processit
1054 5790 1143 5845 illa
1165 5789 1342 5857 stella,
1372 5794 1615 5847 cernitur
1645 5803 1825 5848 tamen
1850 5795 1992 5863 apud

415 5894 514 5938 nos
529 5881 813 5937 cecidisse.
830 5883 1115 5949 Quomodo
1129 5900 1260 5958 ergo
1282 5900 1405 5943 eum
1424 5906 1455 5945 ιι
1472 5888 1631 5944 nobis
1644 5890 1885 5955 auferes,
1902 5892 1993 5961 qui

2098 4690 2465 4748 introducitur
2513 4705 2717 4760 corpus
2788 4693 3112 4762 parentibus
3192 4694 3685 4764 jucundissimum,

2098 4784 2529 4853 mortalibusque
2562 4781 2943 4851 utilissimum,
2978 4786 3136 4841 malis
3168 4787 3457 4857 spiritibus
3485 4796 3687 4858 poten-

2098 4874 2226 4937 tius,
2255 4873 2671 4943 aegritudinibus
2698 4883 2755 4929 et
2783 4878 2990 4932 morbis
3017 4877 3272 4945 validius,
3311 4880 3688 4935 medicamen-
3728 4918 3737 4925 -

2098 4975 2215 5020 tum
2249 4981 2374 5021 vere
2403 4967 2826 5037 inexpugnabile
2858 4984 2874 5022 :
2921 4984 3103 5039 neque
3134 4972 3327 5027 valens
3363 4974 3545 5028 solum
3582 4974 3687 5029 ad.

2097 5072 2289 5111 versus
2324 5073 2492 5110 unum
2526 5058 2801 5123 morbum,
2828 5059 2946 5124 sed,
2989 5071 3049 5116 ttt
3076 5062 3245 5119 semel
3292 5060 3494 5130 dicam,
3548 5063 3688 5119 resi-

2096 5160 2249 5203 stens
2274 5148 2547 5203 omnibus.

2169 5243 2342 5298 Mater
2362 5258 2492 5312 ergo
2524 5242 2646 5297 laeta
2672 5241 2764 5296 tali
2797 5242 2978 5299 reditu
3016 5242 3135 5310 lllil,
3161 5254 3218 5301 et
3243 5244 3407 5302 simul
3429 5256 3597 5317 caput
3628 5247 3687 5301 in

2095 5335 2318 5392 Christo
2342 5336 2555 5401 tollens,
2598 5336 3057 5406 splendoremque
3112 5345 3170 5391 et
3218 5338 3686 5409 magnificentiam

2098 5428 2151 5481 in
2206 5438 2454 5499 tempore
2529 5429 2855 5492 ostendens,
2924 5429 3138 5500 argenti
3200 5446 3400 5501 magno
3455 5442 3684 5502 sumptu

2096 5535 2312 5591 capsum
2348 5521 2525 5577 induit
2554 5541 2565 5576 :
2600 5538 2708 5578 non
2735 5523 2911 5578 solum
2953 5523 3009 5578 id
3041 5522 3272 5590 faciens,
3334 5535 3595 5595 tanquam
3628 5530 3685 5583 in

2097 5616 2323 5684 gratiam
2364 5614 2475 5675 lilii,
2507 5616 2600 5668 sed
2630 5631 2755 5669 eum
2787 5615 3015 5670 studens
3064 5616 3356 5682 honorare,
3423 5627 3684 5689 tanquam

2100 5705 2193 5759 Dei
2230 5705 2464 5762 atticum
2498 5723 2510 5757 :
2571 5716 2626 5758 ιιι
2663 5705 2796 5759 illud
2853 5706 3075 5776 quidem
3109 5715 3259 5762 esset
3316 5719 3548 5773 natum,
3583 5714 3688 5768 bene

2099 5814 2228 5852 vero
2254 5798 2335 5867 p’i
2366 5797 2557 5861 animi,
2584 5808 2637 5852 et
2666 5799 2867 5853 mentis
2894 5798 3065 5854 Deum
3126 5801 3382 5856 amantis.
3424 5802 3560 5857 Cum
3602 5805 3685 5858 sic

2098 5906 2228 5960 ergo
2265 5904 2481 5963 ansam
2518 5900 2742 5968 argenta
2772 5903 3030 5965 parentes
3057 5895 3249 5965 Optimi
3277 5895 3678 5954 circumdedis-
