3996 6440
315 374 417 437 49⁸1

1063 384 1528 446 MARTYRIUM
1571 385 1629 446 S.
1671 387 1967 448 SOPHIE
2009 390 2100 448 ΕΤ
2147 392 2520 454 ΕἨᾹΑἈΠΜ
2565 393 2764 455 EJUS.

3471 395 3576 452 493

313 495 457 552 sent,
487 486 590 544 hoc
613 504 746 546 vere
772 506 988 548 sacrum
1030 495 1292 566 templum
1349 495 1634 566 deponunt
1659 497 1714 552 in
1769 498 1892 569 pul-
1921 507 1967 564 Α
1996 514 2187 554 mones
2217 499 2494 570 fugantur,
2525 498 2700 556 morbi
2731 501 3036 567 solvuntur,
3068 510 3122 555 et
3143 499 3284 555 Deus
3314 498 3366 554 in
3397 501 3576 554 omni-

309 575 446 634 chro
463 580 689 650 templo,
712 584 860 651 quod
889 585 988 654 ipsi
1006 584 1248 655 Deiparm
1265 596 1714 654 construxerant,
1737 605 1894 646 eom-
2003 591 2124 655 bus,
2157 599 2211 646 et
2239 607 2338 662 per
2367 593 2551 648 omnia
2580 592 3222 664 gloriﬁcatur.Quoniam
3259 606 3385 646 eum
3417 590 3578 646 decet

307 683 505 724 munes
534 671 850 729 hominibus
878 675 1055 732 etl'eeti
1087 677 1488 743 benefactores,
1523 680 1654 736 dato
1721 683 1892 749 dono,

2002 683 2183 738 omnis
2210 682 2403 754 gloria,
2437 686 2615 739 honor
2643 695 2698 741 et
2727 684 2995 751 adoratio,
3045 698 3194 738 nunc
3246 690 3303 738 et
3360 695 3579 754 semper

303 762 452 830 quod
479 765 798 820 extenditur
827 768 880 821 in
924 769 1317 839 sempiternum
1356 787 1372 824 :
1403 786 1502 842 per
1569 787 1730 843 quem
1783 775 1895 830 ἀκ-
2002 785 2058 832 et
2097 776 2150 830 in
2187 779 2383 833 saecula
2400 780 2749 834 szcculorum.
2778 779 2973 832 Amen.

1005 1049 1718 1207 MENSIS
1837 1048 2905 1211 AUGUSTUS.

956 1398 1601 1496 ΜᾹΡΤΥΡΙΟΝ
1672 1403 1904 1492 ΤΩΝ
1978 1397 2324 1491 ΑΓΙΩΝ
2396 1396 2968 1492 ΓΥΝΑΙΚΩΝ

1479 1761 1604 1816 ΚΔῙ
1633 1757 1771 1814 ΤΩΝ
1801 1757 2210 1814 ΘΥΓΑΤΕΡΩΝ
2240 1757 2475 1813 ΑΥΤΒΣ

622 1897 1340 2040 ΠΙΣΤΕΩΣ,
1441 1889 2136 2011 ΕΛΠΙΔΟΣ
2251 1891 2533 2005 ΚΑΙ
2649 1888 3320 2006 ΑΓΑΠΗΣ.

814 2195 1360 2286 MARTYBI
1391 2191 1553 2280 ΗΜ
1629 2188 2350 2282 SANCTARUM
2431 2183 3082 2278 MULIEBUM

1554 2361 2391 2482 SOPHle

1660 2551 1742 2601 ET
1774 2547 1928 2600 EJUS
1958 2545 2269 2598 FILIARUM

933 2673 1269 2777 FlDEI
1304 2747 1340 2810 ,

1481 2670 1764 2776 SPEI
1875 2669 2042 2771 ET
2174 2662 3001 2773 CHABITATIS.

668 2887 872 2947 (Latine
897 2885 1024 2946 apud
1047 2882 1247 2933 Surium
1273 2879 1335 2930 ad
1356 2880 1490 2929 diem
1519 2881 1536 2931 l
1569 2878 1804 2942 Augusti;
1833 2877 2002 2929 Graece
2034 2891 2095 2928 ex
2125 2877 2232 2928 eod.
2266 2889 2356 2925 ms.
2383 2875 2539 2926 ϐιαιο.
2574 2877 2724 2925 Paris.
2753 2889 2806 2923 n.
2836 2875 2971 2935 1526,
2995 2887 3090 2924 me
3146 2874 3257 2932 xu.)

406 3191 486 3244 A'.
518 3186 674 3242 Μετᾶ
718 3187 777 3239 τὸ
805 3185 1199 3257 διαγγελθῆναι
1241 3185 1520 3256 πανταχοῦ
1551 3186 1608 3238 τὸ
1651 3187 1923 3258 σωτήριον
1956 3196 1972 3252 1

2097 3185 2135 3240 Ι.
2171 3181 2468 3254 Postquam
2505 3181 2699 3238 fuisset
2720 3181 2974 3238 salutaris
3030 3179 3344 3251 przedicatio
3407 3180 3608 3252 ubique

334 3281 621 3350 κήρυγμα,
651 3277 1009 3348 πλωρηθῆναί
1050 3295 1110 3330 τε
1145 3276 1216 3330 τὰ
1249 3277 1427 3331 πάντα
1466 3276 1560 3330 τοῦ
1585 3262 1790 3345 γνῶναι
1825 3275 1920 3330 τδν

336 3370 564 3441 Κύριον,
597 3370 764 3423 οἱονεὶ
802 3368 1056 3438 λείψανον
1080 3368 1279 3432 κακίας
1318 3369 1597 3440 Ἀδριανὸς
1624 3369 1722 3440 τὴν
1751 3369 1915 3423 αὖτο-

335 3466 586 3535 κρὰτορα
629 3461 910 3534 Ῥημαίων
953 3462 1157 3515 διέπων
1182 3462 1378 3533 ἀρχὴν,
1412 3463 1613 3531 πολλὴν
1649 3462 1808 3533 εἴπερ
1834 3479 1918 3524 τις

335 3553 498 3618 ἄλλος
519 3553 618 3624 τὴν
663 3555 800 3624 πρὸς
824 3554 948 3616 τοὺς
976 3552 1367 3623 ψευδωνύμους
1396 3552 1551 3616 θεοὺς
1575 3553 1922 3608 ἐπεδείκνυτο

336 3645 810 3715 δεισιδαιμονίαν,
866 3646 991 3708 τοὺς
1043 3645 1140 3714 μὲν
1203 3643 1466 3707 θωπείαις
1523 3643 1920 3717 ὑπερχόμενος,

336 3738 466 3799 τοὺς
495 3737 550 3789 δὲ
579 3737 673 3790 καὶ
697 3736 948 3799 ἀπειλαῖς
981 3737 1403 3805 καταπλήττων.
1438 3735 1574 3790 Κατ’
1605 3739 1784 3790 ἐκεῖνο
1817 3735 1926 3789 τοί-

338 3844 438 3878 νυν
469 3827 686 3896 καιροῦ,
719 3827 856 3894 γυνή
885 3843 969 3888 τις
996 3825 1230 3896 εὐσεϐὴς
1264 3827 1359 3877 καὶ
1393 3825 1661 3895 φιλόθεος,
1687 3824 1929 3896 τοῦνομα

337 3919 537 3986 Σοφία,
559 3918 750 3985 γένους
772 3918 882 3970 τῶν
899 3917 1199 3987 ἐπιφανῶν,
1225 3916 1408 3988 χώρας
1440 3917 1679 3982 Ἰταλῶν,
1701 3917 1929 3988 χηρείαν

344 4012 636 4065 ὑποστᾶσα
691 4011 885 4080 ἀνδρὸς
925 4009 1233 4080 θυγατράσι
1274 4009 1464 4081 μόναις
1497 4011 1648 4081 τρισὶ
1681 4011 1771 4064 τὸν
1815 4011 1930 4081 βίον

344 4102 628 4155 ἐσάλευεν.
673 4099 824 4170 Αὕτη
856 4102 921 4170 τῇ
972 4097 1305 4171 περιωνύμῳ
1330 4101 1441 4154 τῶν
1474 4102 1686 4155 πόλεων
1737 4101 1930 4173 Ῥώμῃ

346 4193 743 4263 ὲπιᾶημήσασα
764 4193 882 4254 ταῖς
903 4191 1198 4262 παρθένοις
1223 4192 1359 4263 ὁμοῦ
1393 4193 1526 4248 πολὺ
1549 4194 1610 4247 τὸ
1625 4193 1814 4265 χάριεν
1837 4195 1932 4248 καὶ⁵

351 4286 649 4352 ἐπαγωγὸν
704 4285 960 4354 ἐχούσαις
1017 4287 1159 4339 κατά
1196 4303 1254 4338 τε
1289 4287 1449 4356 σῶμα
1480 4285 1575 4340 καὶ
1595 4287 1694 4357 τὴν
1726 4285 1930 4356 ψυχὴν,

347 4373 448 4442 οὐχ
480 4370 706 4441 ὑπήχθη
739 4373 806 4442 τῇ
840 4371 1040 4444 πλάνῃ,
1081 4372 1199 4425 οὐδὲ
1234 4373 1370 4443 πρὸς
1396 4372 1496 4443 τὴν
1521 4371 1614 4426 τοῦ
1639 4373 1934 4438 δυσσεϐοῦς

351 4465 739 4536 βασιλεύοντος
775 4465 1074 4535 θρησκείαν
1115 4465 1401 4533 ἀπέκλινε,
1447 4466 1569 4520 λίαν
1607 4467 1706 4539 τὴν
1738 4467 1935 4538 κλῆσιν

2040 4473 2171 4542 ipsis
2268 4471 2496 4542 pulchre

2024 3277 2372 3340 annuntiata,
2405 3284 2461 3330 et
2493 3274 2677 3330 omnia
2704 3281 2889 3329 essent
2921 3275 3122 3344 repleta
3159 3273 3472 3344 cognitione
3504 3272 3608 3327 Do-

2023 3369 2180 3437 mini,
2215 3368 2381 3424 veluti
2405 3367 2652 3437 quaedam
2684 3365 3165 3436 scelerisreliquiae
3193 3366 3462 3421 Adrianus
3493 3364 3606 3420 Rc-

2025 3476 2310 3515 manorum
2339 3459 2726 3514 administrans
2788 3459 3074 3528 imperium
3101 3499 3115 3522 ,
3152 3457 3207 3511 in
3237 3457 3402 3512 falsos
3457 3457 3610 3523 deos,

2026 3553 2121 3624 qui
2164 3551 2543 3616 nominantur,
2611 3550 2933 3605 ostendebat
2989 3547 3309 3619 plurimam,
3363 3547 3408 3602 si
3469 3547 3613 3604 ultus

2026 3644 2186 3708 alius,
2206 3641 2678 3713 superstitionem,
2726 3641 2861 3696 alios
2893 3640 3114 3710 quidem
3169 3638 3415 3693 alliciens
3465 3636 3615 3692 blan-

2029 3735 2199 3800 ditiis,
2233 3734 2368 3790 alios
2417 3740 2600 3788 autem
2632 3732 2796 3786 etiam
2831 3731 2997 3786 minis
3030 3729 3306 3786 territans.
3360 3728 3458 3784 lllo
3512 3744 3613 3783 au-

2033 3837 2141 3884 tem
2173 3835 2416 3895 tempore
2445 3824 2641 3880 mulier
2685 3823 2931 3894 quaedam
2966 3823 3054 3894 pia
3089 3831 3145 3877 et
3198 3821 3473 3892 religiosa,
3511 3836 3616 3876 no-

2036 3920 2186 3975 mine
2206 3917 2432 3988 Sophia,
2451 3918 2594 3973 elara
2625 3933 2848 3989 genere,
2873 3916 3005 3972 Itala
3055 3914 3296 3981 natione,
3320 3929 3444 3970 cum
3469 3923 3620 3969 esset

2034 4013 2255 4069 viduata
2289 4013 2510 4079 marito,
2537 4028 2659 4067 cum
2691 4011 2864 4067 tribus
2904 4009 3117 4067 ﬁliabus
3147 4007 3277 4064 solis
3310 4006 3472 4062 vitam
3502 4007 3619 4079 agi-

2033 4106 2204 4162 tabat.
2234 4103 2306 4159 Ea
2321 4119 2444 4160 cum
2467 4103 2628 4159 simul
2662 4119 2786 4159 eum
2805 4101 3124 4176 virginibus,
3153 4116 3274 4172 quae
3300 4099 3622 4155 erantvalde

2035 4199 2302 4263 honestae,
2360 4204 2413 4251 et
2445 4195 2724 4267 elegantes
2779 4193 2963 4250 animo
3029 4204 3084 4249 et
3134 4205 3388 4262 corpore,
3434 4190 3623 4246 Romae

2036 4298 2247 4345 versata
2274 4299 2440 4354 esset,
2470 4285 2719 4342 nonfuit
2771 4300 2958 4342 errore
3010 4285 3254 4350 seducta,
3321 4297 3497 4354 neque
3555 4281 3625 4337 ad

2037 4380 2188 4450 impii
2231 4378 2575 4450 imperatoris
2661 4377 2950 4433 reclinavit
3027 4374 3380 4448 religionem,
3464 4371 3624 4428 facts

2590 4485 2746 4526 suam
2825 4468 3122 4524 ostendens
3198 4465 3621 4538 appellationem

349 4558 449 4611 ἰπὶ
482 4558 594 4611 τῶν
622 4557 800 4626 ἔργων
827 4558 1172 4622 δεικνύουσα,
1202 4560 1236 4629 ἡ
1267 4559 1364 4630 τῆς
1390 4558 1598 4613 ἄνωθεν
1638 4559 1808 4624 ὅντως
1847 4577 1935 4614 σο·
1962 4547 1972 4593 ⁴

2040 4580 2160 4636 quas
2189 4578 2388 4618 nomen
2416 4578 2543 4618 vere
2609 4561 2930 4632 sumpsisset
2962 4575 2992 4616 a
3044 4575 3280 4630 superna
3332 4556 3623 4628 sapientia,

351 4653 483 4720 φίας
512 4649 825 4720 ἐπώνυμος.
868 4649 931 4703 Ἠ
952 4650 1060 4721 γὰρ
1083 4650 1290 4705 ἄνωθεν
1336 4653 1522 4721 σοφία,
1555 4653 1719 4721 φησὶν
1742 4655 1770 4706 ὁ
1791 4653 1934 4716 θεῖος

363 4740 647 4805 Ἰάκωϐος,
678 4741 896 4810 πρῶτον
929 4739 1028 4810 μὲν
1061 4741 1198 4811 ἁγνή
1234 4744 1402 4808 ἐστιν,
1437 4744 1632 4796 ἔπειτα
1659 4743 1934 4814 είρηνικὴ,

356 4833 640 4903 εὐπειθὴς,
702 4834 875 4903 μεστὴ
906 4833 1092 4896 ἐλέους
1139 4834 1233 4888 καὶ
1291 4834 1522 4904 καρπῶν
1559 4835 1800 4902 ἀγαθῶν.
1847 4836 1936 4902 ἘΞ

358 4919 436 4980 ὧν
470 4925 582 4994 γὰρ
608 4924 636 4976 ό
665 4927 766 4996 τῆς
795 4925 996 4996 ἀρετῆς
1030 4926 1161 4996 παρ’
1190 4926 1332 4995 αὐτῇ
1363 4927 1573 4996 καρπός
1605 4926 1938 4998 ἐγνωρίζετο

356 5018 479 5078 ταῖς
537 5015 843 5086 θυγατράσι
906 5017 1006 5079 τὰς
1049 5017 1427 5087 προσηγορίας
1499 5019 1808 5087 ἡρμόζετο·
1846 5019 1942 5073 καὶ

360 5108 570 5160 ἐκεῖναι
631 5107 795 5160 πάλιν
851 5107 1230 5176 ἀληθευούσας
1283 5109 1489 5172 ταύτας
1543 5110 1673 5181 παρ’
1720 5112 1942 5174 ἑαυταῖς

361 5199 660 5263 ἐδείκνυον,
698 5199 793 5251 καὶ
819 5199 971 5253 οὐδὲν
997 5199 1208 5270 ἀπᾷδον
1255 5199 1376 5253 οὐδὲ
1407 5200 1688 5272 ἀλλότριον
1715 5196 1862 5272 είχον
1889 5204 1940 5256 ot

364 5289 551 5344 κλάδοι
575 5290 677 5358 τῆς
706 5289 884 5362 ῥίζης.

440 5381 514 5435 8'.
561 5381 718 5434 Ἐπεὶ
758 5382 816 5434 δὲ
857 5381 1010 5452 παρὰ
1047 5384 1184 5436 πᾶσι
1223 5383 1536 5454 διεϐεϐόητο
1565 5386 1600 5457 ἦ
1634 5405 1693 5439 τε
1730 5385 1946 5451 σύνεσις

363 5475 592 5527 ἐκείνων
645 5472 742 5526 καὶ
778 5475 810 5544 ὴ
849 5476 1016 5545 ἁρετὴ
1065 5475 1157 5526 καὶ
1191 5477 1252 5528 τὸ
1288 5477 1426 5544 πρδις
1472 5477 1710 5548 Χριστὸν
1758 5478 1942 5543 σέὸαςν

366 5568 468 5620 οὐκ
514 5567 759 5634 ἐνεγκὼν
795 5566 824 5619 ὁ
870 5565 965 5618 τοῦ
1020 5566 1218 5634 φθόνου
1276 5569 1477 5640 πατὴρ,
1534 5569 1622 5623 διὰ
1658 5569 1945 5638 βασκάνων

368 5658 666 5728 ὀςθαλμῶν
709 5657 984 5727 Ἀντιόχου
1027 5658 1171 5720 τινὸς
1205 5659 1419 5730 ἀνδρὸς,
1458 5660 1556 5733 τὴν
1593 5664 1692 5732 τῆς
1740 5662 1947 5726 πόλεως

2041 4668 2097 4714 et
2131 4657 2408 4713 diceretur
2430 4655 2658 4726 Sophia.
2681 4653 2814 4719 Quae
2841 4659 2924 4707 est
2952 4651 3098 4706 enim
3127 4651 3365 4720 desuper
3395 4647 3628 4716 Sapien-

2041 4750 2138 4814 tia,
2171 4746 2348 4818 inquit
2375 4746 2593 4802 divinus
2633 4743 2890 4808 Iacobus,
2913 4741 3151 4812 primum
3171 4740 3393 4810 quidem
3420 4738 3622 4808 pudica

2042 4849 2146 4905 est,
2178 4839 2375 4895 deinde
2427 4837 2677 4910 paciﬁca,
2709 4835 2979 4900 modesta,
3014 4833 3299 4895 obediens,
3332 4831 3495 4902 plena
3526 4832 3628 4885 mi-

2046 4929 2344 4988 sericordia
2375 4937 2431 4984 et
2464 4927 2731 4983 fructibus
2762 4925 2946 4981 bonis.
2983 4924 3061 4978 Eo
3091 4923 3264 4988 enim,
3288 4921 3453 4992 {quod
3509 4920 3625 4974 vir-

2047 5023 2184 5078 tutis
2221 5023 2434 5077 i'ruclus
2467 5029 2610 5092 apud
2652 5033 2774 5074 eam
2846 5015 3272 5089 agnoscebatur,
3348 5013 3632 5084 adaptavit

2048 5115 2264 5172 ﬁliabus
2325 5115 2438 5170 suis
2497 5111 2942 5186 appellationes:
2997 5118 3050 5164 et
3079 5108 3186 5163 illa:
3219 5122 3410 5163 rursus
3470 5106 3524 5160 in
3571 5120 3632 5160 se

2049 5208 2415 5264 ostendebant
2443 5221 2566 5264 esse
2593 5219 2775 5270 veras,
2830 5216 3012 5272 neque
3092 5202 3369 5256 habebant
3419 5197 3632 5268 aliquid

2051 5300 2214 5366 rami,
2243 5298 2391 5368 quod
2419 5298 2755 5367 discreparet
2782 5303 2878 5350 aut
2905 5301 3050 5350 esset
3077 5293 3316 5347 alienum
3348 5306 3378 5344 a
3425 5289 3627 5343 radice.

2125 5390 2192 5444 11.
2221 5390 2359 5446 Cum
2384 5399 2568 5446 autem
2582 5388 2952 5444 celebraretur
2966 5384 3110 5455 apud
3127 5399 3319 5437 omnes
3343 5390 3397 5436 et
3420 5379 3632 5434 illarqu

2054 5481 2342 5553 prudentia
2378 5482 2646 5546 etvirtus,
2683 5489 2738 5534 et
2769 5479 2824 5532 in
2854 5477 3136 5532 Christum
3165 5472 3374 5544 religio,
3407 5484 3517 5525 non
3549 5468 3632 5522 fe-

2056 5591 2183 5632 rens
2208 5583 2361 5646 pater
2382 5575 2622 5641 invidiae,
2643 5588 2738 5644 per
2764 5569 2975 5626 invidos
2996 5566 3182 5642 oculos
3212 5563 3497 5635 cujusdam
3521 5562 3633 5615 An-

2057 5667 2224 5723 tiochi
2253 5707 2268 5734 ,
2287 5667 2447 5736 cujus
2464 5666 2588 5722 ﬁdei
2609 5664 2898 5722 commissa
2917 5663 3092 5718 fuerat
3116 5658 3436 5732 praefectura
3457 5655 3629 5721 urbis,

374 5752 635 5823 πρόνοιαν
683 5749 1141 5821 πεπιστευμένου,
1199 5753 1296 5824 τὴν
1333 5753 1616 5808 εὐσέϐειαν
1668 5754 1848 5810 αὐτῶν
1879 5753 1954 5826 τῷ

2045 5757 2320 5831 signiﬁcat
2359 5757 2671 5828 imperatori
2694 5771 2881 5812 carum
2906 5755 3186 5827 pietatm,
3231 5759 3286 5807 et
3335 5763 3426 5804 eas
3453 5746 3634 5802 defert
