  <div class='ocr_page' id='page_1' title='image "/cluster/home/n/w/nwhite01/storage/ocr_20150623/115:no.2/coo.31924054870195/257.png"; bbox 0 0 3996 6462; ppageno 0'>
   <div class='ocr_carea' id='block_1_1' title="bbox 401 360 505 430">
    <p class='ocr_par' dir='ltr' id='par_1_1' title="bbox 401 360 505 430">
     <span class='ocr_line' id='line_1_1' title="bbox 401 360 505 430; baseline 0.058 -6"><span class='ocrx_word' id='word_1_1' title='bbox 401 360 505 430; x_wconf 66' lang='lat'><strong>49‘.)</strong></span> 
     </span>
    </p>
   </div>
   <div class='ocr_carea' id='block_1_2' title="bbox 1631 360 2390 437">
    <p class='ocr_par' dir='ltr' id='par_1_2' title="bbox 1631 360 2390 437">
     <span class='ocr_line' id='line_1_2' title="bbox 1631 360 2390 437; baseline 0.012 -8"><span class='ocrx_word' id='word_1_2' title='bbox 1631 368 1918 430; x_wconf 75' lang='lat' dir='ltr'><strong>MENSIS</strong></span> <span class='ocrx_word' id='word_1_3' title='bbox 1961 360 2390 437; x_wconf 76' lang='lat' dir='ltr'><strong>AUGUSTUS.</strong></span> 
     </span>
    </p>
   </div>
   <div class='ocr_carea' id='block_1_3' title="bbox 3570 366 3680 433">
    <p class='ocr_par' dir='ltr' id='par_1_3' title="bbox 3570 366 3680 433">
     <span class='ocr_line' id='line_1_3' title="bbox 3570 366 3680 433; baseline 0 0"><span class='ocrx_word' id='word_1_4' title='bbox 3570 366 3680 433; x_wconf 76' lang='lat'><strong>500</strong></span> 
     </span>
    </p>
   </div>
   <div class='ocr_carea' id='block_1_4' title="bbox 404 466 1963 554">
    <p class='ocr_par' dir='ltr' id='par_1_4' title="bbox 404 466 1963 554">
     <span class='ocr_line' id='line_1_4' title="bbox 404 466 1963 554; baseline 0.001 -23"><span class='ocrx_word' id='word_1_5' title='bbox 404 466 592 550; x_wconf 77' lang='lat' dir='ltr'><strong>lingua</strong></span> <span class='ocrx_word' id='word_1_6' title='bbox 609 476 803 535; x_wconf 8' lang='lat' dir='ltr'><strong>dolosa,</strong></span> <span class='ocrx_word' id='word_1_7' title='bbox 831 481 1033 549; x_wconf 81' lang='lat' dir='ltr'><strong>impius</strong></span> <span class='ocrx_word' id='word_1_8' title='bbox 1065 487 1117 536; x_wconf 83' lang='lat' dir='ltr'><strong>et</strong></span> <span class='ocrx_word' id='word_1_9' title='bbox 1160 480 1340 535; x_wconf 75' lang='lat' dir='ltr'><strong>verbis</strong></span> <span class='ocrx_word' id='word_1_10' title='bbox 1366 480 1497 537; x_wconf 90' lang='lat' dir='ltr'><strong>odii.</strong></span> <span class='ocrx_word' id='word_1_11' title='bbox 1538 480 1801 539; x_wconf 81' lang='lat' dir='ltr'><strong>Protinus</strong></span> <span class='ocrx_word' id='word_1_12' title='bbox 1854 497 1963 554; x_wconf 61' lang='lat' dir='ltr'><strong>ergc</strong></span> 
     </span>
    </p>
   </div>
   <div class='ocr_carea' id='block_1_5' title="bbox 2071 466 3675 554">
    <p class='ocr_par' dir='ltr' id='par_1_5' title="bbox 2094 478 3675 554">
     <span class='ocr_line' id='line_1_5' title="bbox 2094 478 3675 554; baseline -0.001 -19"><span class='ocrx_word' id='word_1_13' title='bbox 2094 478 2307 549; x_wconf 72' lang='grc' dir='ltr'>βασιλεῖ</span> <span class='ocrx_word' id='word_1_14' title='bbox 2352 483 2530 554; x_wconf 70' lang='grc' dir='ltr'>δήλην</span> <span class='ocrx_word' id='word_1_15' title='bbox 2572 484 2739 548; x_wconf 76' lang='grc' dir='ltr'>ποιεί,</span> <span class='ocrx_word' id='word_1_16' title='bbox 2784 480 2894 537; x_wconf 69' lang='grc' dir='ltr'><strong>καὶ</strong></span> <span class='ocrx_word' id='word_1_17' title='bbox 2949 481 3020 538; x_wconf 74' lang='grc' dir='ltr'><strong>τά</strong></span> <span class='ocrx_word' id='word_1_18' title='bbox 3060 479 3189 536; x_wconf 69' lang='grc' dir='ltr'>κατ’</span> <span class='ocrx_word' id='word_1_19' title='bbox 3227 478 3401 545; x_wconf 70' lang='grc' dir='ltr'>αὑτὰς</span> <span class='ocrx_word' id='word_1_20' title='bbox 3446 478 3675 552; x_wconf 68' lang='grc' dir='ltr'>γλώσσῃ</span> 
     </span>
    </p>
   </div>
   <div class='ocr_carea' id='block_1_6' title="bbox 409 570 1983 646">
    <p class='ocr_par' dir='ltr' id='par_1_6' title="bbox 409 570 1983 646">
     <span class='ocr_line' id='line_1_6' title="bbox 409 570 1983 646; baseline 0.006 -23"><span class='ocrx_word' id='word_1_21' title='bbox 409 570 501 626; x_wconf 80' lang='lat' dir='ltr'><strong>ille</strong></span> <span class='ocrx_word' id='word_1_22' title='bbox 518 570 596 625; x_wconf 89' lang='lat' dir='ltr'><strong>ira</strong></span> <span class='ocrx_word' id='word_1_23' title='bbox 610 571 853 642; x_wconf 85' lang='lat' dir='ltr'><strong>percitus</strong></span> <span class='ocrx_word' id='word_1_24' title='bbox 872 571 1300 638; x_wconf 84' lang='lat' dir='ltr'><strong>inconsiderata,</strong></span> <span class='ocrx_word' id='word_1_25' title='bbox 1326 588 1422 629; x_wconf 86' lang='lat' dir='ltr'><strong>eos</strong></span> <span class='ocrx_word' id='word_1_26' title='bbox 1449 590 1586 646; x_wconf 90' lang='lat' dir='ltr'><strong>quos</strong></span> <span class='ocrx_word' id='word_1_27' title='bbox 1612 575 1795 631; x_wconf 81' lang='lat' dir='ltr'><strong>solent</strong></span> <span class='ocrx_word' id='word_1_28' title='bbox 1818 591 1983 632; x_wconf 82' lang='lat' dir='ltr'><strong>voca-</strong></span> 
     </span>
    </p>
   </div>
   <div class='ocr_carea' id='block_1_7' title="bbox 399 663 1984 735">
    <p class='ocr_par' dir='ltr' id='par_1_7' title="bbox 399 663 1984 735">
     <span class='ocr_line' id='line_1_7' title="bbox 399 663 1984 735; baseline 0.004 -18"><span class='ocrx_word' id='word_1_29' title='bbox 399 670 461 723; x_wconf 77' lang='lat' dir='ltr'><strong>re</strong></span> <span class='ocrx_word' id='word_1_30' title='bbox 479 663 843 735; x_wconf 80' lang='lat' dir='ltr'><strong>apparitores.</strong></span> <span class='ocrx_word' id='word_1_31' title='bbox 866 663 1032 719; x_wconf 89' lang='lat' dir='ltr'><strong>mittit</strong></span> <span class='ocrx_word' id='word_1_32' title='bbox 1053 664 1123 721; x_wconf 89' lang='lat' dir='ltr'><strong>ad</strong></span> <span class='ocrx_word' id='word_1_33' title='bbox 1143 680 1237 721; x_wconf 88' lang='lat' dir='ltr'><strong>eas</strong></span> <span class='ocrx_word' id='word_1_34' title='bbox 1266 666 1637 725; x_wconf 76' lang='lat' dir='ltr'><strong>adducendas.</strong></span> <span class='ocrx_word' id='word_1_35' title='bbox 1666 668 1773 724; x_wconf 62' lang='lat' dir='ltr'><strong>illa:</strong></span> <span class='ocrx_word' id='word_1_36' title='bbox 1796 677 1984 724; x_wconf 80' lang='lat' dir='ltr'><strong>autem</strong></span> 
     </span>
    </p>
   </div>
   <div class='ocr_carea' id='block_1_8' title="bbox 399 754 1983 831">
    <p class='ocr_par' dir='ltr' id='par_1_8' title="bbox 399 754 1983 831">
     <span class='ocr_line' id='line_1_8' title="bbox 399 754 1983 831; baseline 0.004 -22"><span class='ocrx_word' id='word_1_37' title='bbox 399 771 522 810; x_wconf 91' lang='lat' dir='ltr'><strong>cum</strong></span> <span class='ocrx_word' id='word_1_38' title='bbox 553 754 873 810; x_wconf 71' lang='lat' dir='ltr'><strong>didicissent</strong></span> <span class='ocrx_word' id='word_1_39' title='bbox 900 769 1121 812; x_wconf 83' lang='lat' dir='ltr'><strong>causam</strong></span> <span class='ocrx_word' id='word_1_40' title='bbox 1172 773 1364 814; x_wconf 86' lang='lat' dir='ltr'><strong>eorum</strong></span> <span class='ocrx_word' id='word_1_41' title='bbox 1413 760 1706 827; x_wconf 73' lang='lat' dir='ltr'><strong>adventus,</strong></span> <span class='ocrx_word' id='word_1_42' title='bbox 1749 776 1983 831; x_wconf 67' lang='lat' dir='ltr'><strong>curruque</strong></span> 
     </span>
    </p>
   </div>
   <div class='ocr_carea' id='block_1_9' title="bbox 397 846 1983 924">
    <p class='ocr_par' dir='ltr' id='par_1_9' title="bbox 397 846 1983 924">
     <span class='ocr_line' id='line_1_9' title="bbox 397 846 1983 924; baseline 0.003 -20"><span class='ocrx_word' id='word_1_43' title='bbox 397 846 720 919; x_wconf 83' lang='lat' dir='ltr'><strong>corporibus</strong></span> <span class='ocrx_word' id='word_1_44' title='bbox 741 858 926 904; x_wconf 82' lang='lat' dir='ltr'><strong>essent</strong></span> <span class='ocrx_word' id='word_1_45' title='bbox 949 849 1361 918; x_wconf 86' lang='lat' dir='ltr'><strong>inseparabiles,</strong></span> <span class='ocrx_word' id='word_1_46' title='bbox 1396 855 1568 924; x_wconf 81' lang='lat' dir='ltr'><strong>magis</strong></span> <span class='ocrx_word' id='word_1_47' title='bbox 1621 855 1786 910; x_wconf 86' lang='lat' dir='ltr'><strong>etiam</strong></span> <span class='ocrx_word' id='word_1_48' title='bbox 1844 870 1983 911; x_wconf 85' lang='lat' dir='ltr'><strong>con-</strong></span> 
     </span>
    </p>
   </div>
   <div class='ocr_carea' id='block_1_10' title="bbox 391 937 1980 1015">
    <p class='ocr_par' dir='ltr' id='par_1_10' title="bbox 391 937 1980 1015">
     <span class='ocr_line' id='line_1_10' title="bbox 391 937 1980 1015; baseline 0.005 -21"><span class='ocrx_word' id='word_1_49' title='bbox 391 941 762 1011; x_wconf 70' lang='lat' dir='ltr'><strong>iungerentur</strong></span> <span class='ocrx_word' id='word_1_50' title='bbox 780 937 999 1009; x_wconf 87' lang='lat' dir='ltr'><strong>spiritu,</strong></span> <span class='ocrx_word' id='word_1_51' title='bbox 1030 943 1167 998; x_wconf 88' lang='lat' dir='ltr'><strong>nihil</strong></span> <span class='ocrx_word' id='word_1_52' title='bbox 1217 946 1574 1000; x_wconf 76' lang='lat' dir='ltr'><strong>ostendentes</strong></span> <span class='ocrx_word' id='word_1_53' title='bbox 1622 944 1765 1003; x_wconf 70' lang='lat' dir='ltr'><strong>lilite.</strong></span> <span class='ocrx_word' id='word_1_54' title='bbox 1832 945 1980 1015; x_wconf 89' lang='lat' dir='ltr'><strong>quod</strong></span> 
     </span>
    </p>
   </div>
   <div class='ocr_carea' id='block_1_11' title="bbox 391 1035 1981 1109">
    <p class='ocr_par' dir='ltr' id='par_1_11' title="bbox 391 1035 1981 1109">
     <span class='ocr_line' id='line_1_11' title="bbox 391 1035 1981 1109; baseline 0.006 -23"><span class='ocrx_word' id='word_1_55' title='bbox 391 1038 503 1087; x_wconf 90' lang='lat' dir='ltr'><strong>non</strong></span> <span class='ocrx_word' id='word_1_56' title='bbox 528 1048 653 1087; x_wconf 89' lang='lat' dir='ltr'><strong>cum</strong></span> <span class='ocrx_word' id='word_1_57' title='bbox 694 1035 873 1092; x_wconf 88' lang='lat' dir='ltr'><strong>matre</strong></span> <span class='ocrx_word' id='word_1_58' title='bbox 903 1037 1252 1102; x_wconf 85' lang='lat' dir='ltr'><strong>conveniret,</strong></span> <span class='ocrx_word' id='word_1_59' title='bbox 1283 1046 1346 1093; x_wconf 82' lang='lat' dir='ltr'><strong>ut</strong></span> <span class='ocrx_word' id='word_1_60' title='bbox 1378 1053 1502 1109; x_wconf 74' lang='lat' dir='ltr'><strong>qua:</strong></span> <span class='ocrx_word' id='word_1_61' title='bbox 1556 1038 1981 1095; x_wconf 74' lang='lat' dir='ltr'><strong>inveniebantur</strong></span> 
     </span>
    </p>
   </div>
   <div class='ocr_carea' id='block_1_12' title="bbox 282 1105 2015 1201">
    <p class='ocr_par' dir='ltr' id='par_1_12' title="bbox 282 1105 2015 1201">
     <span class='ocr_line' id='line_1_12' title="bbox 282 1105 2015 1201; baseline 0.007 -24"><span class='ocrx_word' id='word_1_62' title='bbox 282 1105 294 1119; x_wconf 76' lang='grc'><em>’</em></span> <span class='ocrx_word' id='word_1_63' title='bbox 389 1123 540 1179; x_wconf 89' lang='lat' dir='ltr'><strong>inter</strong></span> <span class='ocrx_word' id='word_1_64' title='bbox 579 1141 638 1182; x_wconf 87' lang='lat' dir='ltr'><strong>se</strong></span> <span class='ocrx_word' id='word_1_65' title='bbox 661 1126 908 1186; x_wconf 79' lang='lat' dir='ltr'><strong>fraterne</strong></span> <span class='ocrx_word' id='word_1_66' title='bbox 943 1131 1277 1198; x_wconf 74' lang='lat' dir='ltr'><strong>consentire,</strong></span> <span class='ocrx_word' id='word_1_67' title='bbox 1306 1140 1365 1187; x_wconf 86' lang='lat' dir='ltr'><strong>et</strong></span> <span class='ocrx_word' id='word_1_68' title='bbox 1392 1105 1553 1188; x_wconf 65' lang='lat' dir='ltr'><strong>erant</strong></span> <span class='ocrx_word' id='word_1_69' title='bbox 1581 1132 1749 1189; x_wconf 77' lang='lat' dir='ltr'><strong>veluti</strong></span> <span class='ocrx_word' id='word_1_70' title='bbox 1775 1144 1977 1188; x_wconf 71' lang='lat' dir='ltr'><strong>corona</strong></span> <span class='ocrx_word' id='word_1_71' title='bbox 2012 1200 2015 1201; x_wconf 14' lang='grc' dir='ltr'><strong>γ</strong></span> 
     </span>
    </p>
   </div>
   <div class='ocr_carea' id='block_1_13' title="bbox 387 1219 1971 1298">
    <p class='ocr_par' dir='ltr' id='par_1_13' title="bbox 387 1219 1971 1298">
     <span class='ocr_line' id='line_1_13' title="bbox 387 1219 1971 1298; baseline 0.005 -24"><span class='ocrx_word' id='word_1_72' title='bbox 387 1219 490 1275; x_wconf 83' lang='lat' dir='ltr'><strong>sibi</strong></span> <span class='ocrx_word' id='word_1_73' title='bbox 512 1219 739 1292; x_wconf 76' lang='lat' dir='ltr'><strong>aequalis</strong></span> <span class='ocrx_word' id='word_1_74' title='bbox 763 1243 778 1280; x_wconf 90' lang='lat'><strong>:</strong></span> <span class='ocrx_word' id='word_1_75' title='bbox 799 1226 919 1296; x_wconf 63' lang='lat' dir='ltr'><strong>quae</strong></span> <span class='ocrx_word' id='word_1_76' title='bbox 944 1241 1044 1298; x_wconf 89' lang='lat' dir='ltr'><strong>per</strong></span> <span class='ocrx_word' id='word_1_77' title='bbox 1069 1226 1215 1297; x_wconf 90' lang='lat' dir='ltr'><strong>ipsas</strong></span> <span class='ocrx_word' id='word_1_78' title='bbox 1235 1235 1291 1282; x_wconf 91' lang='lat' dir='ltr'><strong>et</strong></span> <span class='ocrx_word' id='word_1_79' title='bbox 1317 1235 1545 1282; x_wconf 87' lang='lat' dir='ltr'><strong>matrem</strong></span> <span class='ocrx_word' id='word_1_80' title='bbox 1575 1226 1971 1297; x_wconf 77' lang='lat' dir='ltr'><strong>complebatdr,</strong></span> 
     </span>
    </p>
   </div>
   <div class='ocr_carea' id='block_1_14' title="bbox 385 1312 1975 1390">
    <p class='ocr_par' dir='ltr' id='par_1_14' title="bbox 385 1312 1975 1390">
     <span class='ocr_line' id='line_1_14' title="bbox 385 1312 1975 1390; baseline 0.006 -25"><span class='ocrx_word' id='word_1_81' title='bbox 385 1312 645 1373; x_wconf 79' lang='lat' dir='ltr'><strong>alacriter</strong></span> <span class='ocrx_word' id='word_1_82' title='bbox 698 1317 940 1373; x_wconf 91' lang='lat' dir='ltr'><strong>iverunt.</strong></span> <span class='ocrx_word' id='word_1_83' title='bbox 987 1318 1284 1388; x_wconf 90' lang='lat' dir='ltr'><strong>Postquam</strong></span> <span class='ocrx_word' id='word_1_84' title='bbox 1340 1328 1522 1375; x_wconf 88' lang='lat' dir='ltr'><strong>autem</strong></span> <span class='ocrx_word' id='word_1_85' title='bbox 1562 1319 1825 1375; x_wconf 86' lang='lat' dir='ltr'><strong>sederunt</strong></span> <span class='ocrx_word' id='word_1_86' title='bbox 1875 1335 1975 1390; x_wconf 89' lang='lat' dir='ltr'><strong>pro</strong></span> 
     </span>
    </p>
   </div>
   <div class='ocr_carea' id='block_1_15' title="bbox 386 1403 1972 1485">
    <p class='ocr_par' dir='ltr' id='par_1_15' title="bbox 386 1403 1972 1485">
     <span class='ocr_line' id='line_1_15' title="bbox 386 1403 1972 1485; baseline 0.006 -26"><span class='ocrx_word' id='word_1_87' title='bbox 386 1403 650 1463; x_wconf 84' lang='lat' dir='ltr'><strong>tribunali</strong></span> <span class='ocrx_word' id='word_1_88' title='bbox 684 1408 929 1479; x_wconf 78' lang='lat' dir='ltr'><strong>praefecti</strong></span> <span class='ocrx_word' id='word_1_89' title='bbox 960 1410 1136 1477; x_wconf 73' lang='lat' dir='ltr'><strong>urbis,</strong></span> <span class='ocrx_word' id='word_1_90' title='bbox 1166 1423 1297 1469; x_wconf 75' lang='lat' dir='ltr'><strong>eun</strong></span> <span class='ocrx_word' id='word_1_91' title='bbox 1324 1410 1454 1481; x_wconf 61' lang='lat' dir='ltr'><strong>ipsa</strong></span> <span class='ocrx_word' id='word_1_92' title='bbox 1510 1424 1637 1467; x_wconf 81' lang='lat' dir='ltr'><strong>eum</strong></span> <span class='ocrx_word' id='word_1_93' title='bbox 1680 1410 1773 1482; x_wconf 86' lang='lat' dir='ltr'><strong>qui</strong></span> <span class='ocrx_word' id='word_1_94' title='bbox 1818 1409 1972 1485; x_wconf 77' lang='lat' dir='ltr'><strong>dixit,</strong></span> 
     </span>
    </p>
   </div>
   <div class='ocr_carea' id='block_1_16' title="bbox 384 1500 1975 1576">
    <p class='ocr_par' dir='ltr' id='par_1_16' title="bbox 384 1500 1975 1576">
     <span class='ocr_line' id='line_1_16' title="bbox 384 1500 1975 1576; baseline 0.006 -27"><span class='ocrx_word' id='word_1_95' title='bbox 384 1504 496 1550; x_wconf 91' lang='lat' dir='ltr'><strong>non</strong></span> <span class='ocrx_word' id='word_1_96' title='bbox 515 1514 638 1555; x_wconf 90' lang='lat' dir='ltr'><strong>esse</strong></span> <span class='ocrx_word' id='word_1_97' title='bbox 662 1500 936 1557; x_wconf 81' lang='lat' dir='ltr'><strong>timendos</strong></span> <span class='ocrx_word' id='word_1_98' title='bbox 961 1516 1059 1558; x_wconf 84' lang='lat' dir='ltr'><strong>eos</strong></span> <span class='ocrx_word' id='word_1_99' title='bbox 1111 1503 1204 1573; x_wconf 86' lang='lat' dir='ltr'><strong>qui</strong></span> <span class='ocrx_word' id='word_1_100' title='bbox 1276 1503 1537 1559; x_wconf 89' lang='lat' dir='ltr'><strong>occidunt</strong></span> <span class='ocrx_word' id='word_1_101' title='bbox 1588 1518 1790 1576; x_wconf 83' lang='lat' dir='ltr'><strong>corpus</strong></span> <span class='ocrx_word' id='word_1_102' title='bbox 1840 1504 1881 1570; x_wconf 78' lang='grc' dir='ltr'><strong>ί,</strong></span> <span class='ocrx_word' id='word_1_103' title='bbox 1918 1510 1975 1560; x_wconf 89' lang='lat' dir='ltr'><strong>et</strong></span> 
     </span>
    </p>
   </div>
   <div class='ocr_carea' id='block_1_17' title="bbox 384 1590 1973 1667">
    <p class='ocr_par' dir='ltr' id='par_1_17' title="bbox 384 1590 1973 1667">
     <span class='ocr_line' id='line_1_17' title="bbox 384 1590 1973 1667; baseline 0.005 -22"><span class='ocrx_word' id='word_1_104' title='bbox 384 1590 659 1661; x_wconf 83' lang='lat' dir='ltr'><strong>pollicitus</strong></span> <span class='ocrx_word' id='word_1_105' title='bbox 693 1604 777 1650; x_wconf 89' lang='lat' dir='ltr'><strong>est</strong></span> <span class='ocrx_word' id='word_1_106' title='bbox 798 1611 829 1650; x_wconf 93' lang='lat' dir='ltr'><strong>a</strong></span> <span class='ocrx_word' id='word_1_107' title='bbox 858 1611 918 1652; x_wconf 90' lang='lat' dir='ltr'><strong>se</strong></span> <span class='ocrx_word' id='word_1_108' title='bbox 944 1595 1177 1652; x_wconf 89' lang='lat' dir='ltr'><strong>dandam</strong></span> <span class='ocrx_word' id='word_1_109' title='bbox 1204 1608 1327 1651; x_wconf 84' lang='lat' dir='ltr'><strong>esse</strong></span> <span class='ocrx_word' id='word_1_110' title='bbox 1382 1596 1733 1667; x_wconf 83' lang='lat' dir='ltr'><strong>sapientiam,</strong></span> <span class='ocrx_word' id='word_1_111' title='bbox 1784 1596 1973 1653; x_wconf 81' lang='lat' dir='ltr'><strong>Domi-</strong></span> 
     </span>
    </p>
   </div>
   <div class='ocr_carea' id='block_1_18' title="bbox 383 1682 1970 1758">
    <p class='ocr_par' dir='ltr' id='par_1_18' title="bbox 383 1682 1970 1758">
     <span class='ocr_line' id='line_1_18' title="bbox 383 1682 1970 1758; baseline 0.004 -22"><span class='ocrx_word' id='word_1_112' title='bbox 383 1692 516 1737; x_wconf 89' lang='lat' dir='ltr'><strong>num</strong></span> <span class='ocrx_word' id='word_1_113' title='bbox 543 1682 912 1754; x_wconf 84' lang='lat' dir='ltr'><strong>invocassent,</strong></span> <span class='ocrx_word' id='word_1_114' title='bbox 958 1695 1015 1743; x_wconf 90' lang='lat' dir='ltr'><strong>et</strong></span> <span class='ocrx_word' id='word_1_115' title='bbox 1040 1701 1100 1742; x_wconf 83' lang='lat' dir='ltr'><strong>se</strong></span> <span class='ocrx_word' id='word_1_116' title='bbox 1161 1687 1343 1744; x_wconf 90' lang='lat' dir='ltr'><strong>crucis</strong></span> <span class='ocrx_word' id='word_1_117' title='bbox 1394 1687 1564 1758; x_wconf 78' lang='lat' dir='ltr'><strong>figura</strong></span> <span class='ocrx_word' id='word_1_118' title='bbox 1623 1688 1970 1755; x_wconf 89' lang='lat' dir='ltr'><strong>muniissent,</strong></span> 
     </span>
    </p>
   </div>
   <div class='ocr_carea' id='block_1_19' title="bbox 2087 568 3677 643">
    <p class='ocr_par' dir='ltr' id='par_1_19' title="bbox 2087 568 3677 643">
     <span class='ocr_line' id='line_1_19' title="bbox 2087 568 3677 643; baseline -0.001 -18"><span class='ocrx_word' id='word_1_119' title='bbox 2087 568 2240 641; x_wconf 78' lang='grc' dir='ltr'>δολίᾳ</span> <span class='ocrx_word' id='word_1_120' title='bbox 2272 571 2368 627; x_wconf 75' lang='grc' dir='ltr'><strong>καὶ</strong></span> <span class='ocrx_word' id='word_1_121' title='bbox 2398 570 2581 641; x_wconf 80' lang='grc' dir='ltr'>λόγοις</span> <span class='ocrx_word' id='word_1_122' title='bbox 2622 572 2814 643; x_wconf 80' lang='grc' dir='ltr'><strong>μίσους</strong></span> <span class='ocrx_word' id='word_1_123' title='bbox 2846 573 2879 626; x_wconf 77' lang='grc'>6</span> <span class='ocrx_word' id='word_1_124' title='bbox 2908 571 3180 642; x_wconf 77' lang='grc' dir='ltr'>δυσσεϐὴς</span> <span class='ocrx_word' id='word_1_125' title='bbox 3212 572 3461 641; x_wconf 74' lang='grc' dir='ltr'>φανεροί.</span> <span class='ocrx_word' id='word_1_126' title='bbox 3483 571 3677 641; x_wconf 80' lang='grc' dir='ltr'>Παρα-</span> 
     </span>
    </p>
   </div>
   <div class='ocr_carea' id='block_1_20' title="bbox 2087 660 3674 735">
    <p class='ocr_par' dir='ltr' id='par_1_20' title="bbox 2087 660 3674 735">
     <span class='ocr_line' id='line_1_20' title="bbox 2087 660 3674 735; baseline 0.001 -21"><span class='ocrx_word' id='word_1_127' title='bbox 2087 660 2283 731; x_wconf 83' lang='grc' dir='ltr'>χρῆμα</span> <span class='ocrx_word' id='word_1_128' title='bbox 2305 661 2488 718; x_wconf 88' lang='grc' dir='ltr'>τοίνυν</span> <span class='ocrx_word' id='word_1_129' title='bbox 2510 663 2676 728; x_wconf 78' lang='grc' dir='ltr'>αὐτὸς</span> <span class='ocrx_word' id='word_1_130' title='bbox 2692 663 2966 735; x_wconf 75' lang='grc' dir='ltr'><strong>ἀλογίστῳ</strong></span> <span class='ocrx_word' id='word_1_131' title='bbox 2998 661 3161 734; x_wconf 77' lang='grc' dir='ltr'>θυμῷ</span> <span class='ocrx_word' id='word_1_132' title='bbox 3196 662 3499 733; x_wconf 75' lang='grc' dir='ltr'>ἐπιτρέψας</span> <span class='ocrx_word' id='word_1_133' title='bbox 3521 660 3620 725; x_wconf 78' lang='grc' dir='ltr'>οὓς</span> <span class='ocrx_word' id='word_1_134' title='bbox 3637 662 3674 731; x_wconf 76' lang='grc' dir='ltr'><strong>ἠ</strong></span> 
     </span>
    </p>
   </div>
   <div class='ocr_carea' id='block_1_21' title="bbox 2085 751 3675 826">
    <p class='ocr_par' dir='ltr' id='par_1_21' title="bbox 2085 751 3675 826">
     <span class='ocr_line' id='line_1_21' title="bbox 2085 751 3675 826; baseline 0.001 -19"><span class='ocrx_word' id='word_1_135' title='bbox 2085 753 2237 819; x_wconf 77' lang='grc' dir='ltr'>τάξις</span> <span class='ocrx_word' id='word_1_136' title='bbox 2259 757 2643 826; x_wconf 71' lang='grc' dir='ltr'>προτίκτωρας</span> <span class='ocrx_word' id='word_1_137' title='bbox 2665 751 2777 811; x_wconf 79' lang='grc' dir='ltr'>οἶδε</span> <span class='ocrx_word' id='word_1_138' title='bbox 2815 755 3018 820; x_wconf 75' lang='grc' dir='ltr'>καλεῖν,</span> <span class='ocrx_word' id='word_1_139' title='bbox 3052 755 3146 809; x_wconf 74' lang='grc' dir='ltr'><strong>ἐπὶ</strong></span> <span class='ocrx_word' id='word_1_140' title='bbox 3167 756 3231 808; x_wconf 78' lang='grc' dir='ltr'>τὸ</span> <span class='ocrx_word' id='word_1_141' title='bbox 3256 755 3486 823; x_wconf 70' lang='grc' dir='ltr'>ἀγαγεῖν</span> <span class='ocrx_word' id='word_1_142' title='bbox 3521 755 3675 809; x_wconf 75' lang='grc' dir='ltr'>ἐκεί-</span> 
     </span>
    </p>
   </div>
   <div class='ocr_carea' id='block_1_22' title="bbox 2085 843 3675 918">
    <p class='ocr_par' dir='ltr' id='par_1_22' title="bbox 2085 843 3675 918">
     <span class='ocr_line' id='line_1_22' title="bbox 2085 843 3675 918; baseline -0.002 -18"><span class='ocrx_word' id='word_1_143' title='bbox 2085 863 2184 909; x_wconf 89' lang='grc' dir='ltr'><strong>νας</strong></span> <span class='ocrx_word' id='word_1_144' title='bbox 2231 847 2532 916; x_wconf 78' lang='grc' dir='ltr'>ἐκπέμπει.</span> <span class='ocrx_word' id='word_1_145' title='bbox 2571 847 2640 902; x_wconf 87' lang='grc' dir='ltr'>Αἰ</span> <span class='ocrx_word' id='word_1_146' title='bbox 2669 847 2725 900; x_wconf 82' lang='grc' dir='ltr'>δὲ</span> <span class='ocrx_word' id='word_1_147' title='bbox 2760 848 2863 918; x_wconf 81' lang='grc' dir='ltr'>τῆς</span> <span class='ocrx_word' id='word_1_148' title='bbox 2901 846 3213 918; x_wconf 79' lang='grc' dir='ltr'><strong>παρουσίας</strong></span> <span class='ocrx_word' id='word_1_149' title='bbox 3241 845 3426 899; x_wconf 83' lang='grc' dir='ltr'>αὐτῶν</span> <span class='ocrx_word' id='word_1_150' title='bbox 3464 843 3675 916; x_wconf 82' lang='grc' dir='ltr'>μαθοῦ-</span> 
     </span>
    </p>
   </div>
   <div class='ocr_carea' id='block_1_23' title="bbox 2087 934 3673 1012">
    <p class='ocr_par' dir='ltr' id='par_1_23' title="bbox 2087 934 3673 1012">
     <span class='ocr_line' id='line_1_23' title="bbox 2087 934 3673 1012; baseline 0.001 -21"><span class='ocrx_word' id='word_1_151' title='bbox 2087 952 2180 992; x_wconf 96' lang='grc' dir='ltr'><strong>σαι</strong></span> <span class='ocrx_word' id='word_1_152' title='bbox 2215 938 2276 993; x_wconf 81' lang='grc' dir='ltr'><strong>τὸ</strong></span> <span class='ocrx_word' id='word_1_153' title='bbox 2299 940 2494 1005; x_wconf 76' lang='grc' dir='ltr'>αἴτιον,</span> <span class='ocrx_word' id='word_1_154' title='bbox 2524 940 2828 1010; x_wconf 78' lang='grc' dir='ltr'><strong>ἀδιαίρετοι</strong></span> <span class='ocrx_word' id='word_1_155' title='bbox 2863 940 3195 1012; x_wconf 82' lang='grc' dir='ltr'><strong>σωματικῶς</strong></span> <span class='ocrx_word' id='word_1_156' title='bbox 3215 934 3376 994; x_wconf 80' lang='grc' dir='ltr'>οὖσαι</span> <span class='ocrx_word' id='word_1_157' title='bbox 3400 939 3497 991; x_wconf 75' lang='grc' dir='ltr'><strong>καὶ</strong></span> <span class='ocrx_word' id='word_1_158' title='bbox 3527 936 3673 992; x_wconf 77' lang='grc' dir='ltr'>κατὰ</span> 
     </span>
    </p>
   </div>
   <div class='ocr_carea' id='block_1_24' title="bbox 2082 1024 3667 1101">
    <p class='ocr_par' dir='ltr' id='par_1_24' title="bbox 2082 1024 3667 1101">
     <span class='ocr_line' id='line_1_24' title="bbox 2082 1024 3667 1101; baseline -0.004 -17"><span class='ocrx_word' id='word_1_159' title='bbox 2082 1029 2305 1101; x_wconf 81' lang='grc' dir='ltr'>πνεῦμα</span> <span class='ocrx_word' id='word_1_160' title='bbox 2359 1029 2563 1101; x_wconf 78' lang='grc' dir='ltr'>μᾶλλον</span> <span class='ocrx_word' id='word_1_161' title='bbox 2620 1030 2981 1101; x_wconf 68' lang='grc' dir='ltr'>συνήπτοντο,</span> <span class='ocrx_word' id='word_1_162' title='bbox 3013 1029 3168 1083; x_wconf 78' lang='grc' dir='ltr'>οὐδέν</span> <span class='ocrx_word' id='word_1_163' title='bbox 3200 1045 3260 1082; x_wconf 80' lang='grc' dir='ltr'><strong>τε</strong></span> <span class='ocrx_word' id='word_1_164' title='bbox 3307 1024 3667 1096; x_wconf 79' lang='grc' dir='ltr'>ασύμφωνον,</span> 
     </span>
    </p>
   </div>
   <div class='ocr_carea' id='block_1_25' title="bbox 2078 1112 3673 1195">
    <p class='ocr_par' dir='ltr' id='par_1_25' title="bbox 2078 1112 3673 1195">
     <span class='ocr_line' id='line_1_25' title="bbox 2078 1112 3673 1195; baseline -0.006 -18"><span class='ocrx_word' id='word_1_165' title='bbox 2078 1121 2273 1195; x_wconf 76' lang='grc' dir='ltr'>ὥσπερ</span> <span class='ocrx_word' id='word_1_166' title='bbox 2300 1122 2542 1193; x_wconf 73' lang='grc' dir='ltr'>εἴρηται,</span> <span class='ocrx_word' id='word_1_167' title='bbox 2574 1121 2713 1193; x_wconf 70' lang='grc' dir='ltr'>πρὸς</span> <span class='ocrx_word' id='word_1_168' title='bbox 2736 1121 2836 1193; x_wconf 76' lang='grc' dir='ltr'><strong>τὴν</strong></span> <span class='ocrx_word' id='word_1_169' title='bbox 2866 1119 3085 1191; x_wconf 78' lang='grc' dir='ltr'>μητέρα</span> <span class='ocrx_word' id='word_1_170' title='bbox 3110 1112 3549 1188; x_wconf 78' lang='grc' dir='ltr'>ἐπιδειξάμεναι,</span> <span class='ocrx_word' id='word_1_171' title='bbox 3574 1116 3673 1168; x_wconf 74' lang='grc' dir='ltr'>καὶ</span> 
     </span>
    </p>
   </div>
   <div class='ocr_carea' id='block_1_26' title="bbox 2079 1204 3670 1283">
    <p class='ocr_par' dir='ltr' id='par_1_26' title="bbox 2079 1204 3670 1283">
     <span class='ocr_line' id='line_1_26' title="bbox 2079 1204 3670 1283; baseline -0.01 -12"><span class='ocrx_word' id='word_1_172' title='bbox 2079 1213 2342 1283; x_wconf 81' lang='grc' dir='ltr'>ἀλλήλαις</span> <span class='ocrx_word' id='word_1_173' title='bbox 2392 1211 2602 1281; x_wconf 77' lang='grc' dir='ltr'>ἀδελφὰ</span> <span class='ocrx_word' id='word_1_174' title='bbox 2645 1209 2944 1283; x_wconf 83' lang='grc' dir='ltr'>φρονοῦσαι</span> <span class='ocrx_word' id='word_1_175' title='bbox 2983 1210 3335 1280; x_wconf 79' lang='grc' dir='ltr'>ηὑρίσκοντο,</span> <span class='ocrx_word' id='word_1_176' title='bbox 3371 1209 3468 1261; x_wconf 74' lang='grc' dir='ltr'>καὶ</span> <span class='ocrx_word' id='word_1_177' title='bbox 3499 1204 3670 1260; x_wconf 68' lang='grc' dir='ltr'>οἱονεὶ</span> 
     </span>
    </p>
   </div>
   <div class='ocr_carea' id='block_1_27' title="bbox 2080 1297 3668 1376">
    <p class='ocr_par' dir='ltr' id='par_1_27' title="bbox 2080 1297 3668 1376">
     <span class='ocr_line' id='line_1_27' title="bbox 2080 1297 3668 1376; baseline -0.008 -15"><span class='ocrx_word' id='word_1_178' title='bbox 2080 1307 2350 1376; x_wconf 80' lang='grc' dir='ltr'>στέφανος</span> <span class='ocrx_word' id='word_1_179' title='bbox 2379 1300 2523 1375; x_wconf 78' lang='grc' dir='ltr'>ἦσαν</span> <span class='ocrx_word' id='word_1_180' title='bbox 2575 1303 2756 1375; x_wconf 84' lang='grc' dir='ltr'>ἐαυτῷ</span> <span class='ocrx_word' id='word_1_181' title='bbox 2806 1305 2946 1370; x_wconf 85' lang='grc' dir='ltr'>ῐσος,</span> <span class='ocrx_word' id='word_1_182' title='bbox 2982 1298 3051 1358; x_wconf 78' lang='grc' dir='ltr'>δι’</span> <span class='ocrx_word' id='word_1_183' title='bbox 3079 1303 3263 1356; x_wconf 86' lang='grc' dir='ltr'>αὐτῶν</span> <span class='ocrx_word' id='word_1_184' title='bbox 3297 1317 3356 1354; x_wconf 85' lang='grc' dir='ltr'><strong>τε</strong></span> <span class='ocrx_word' id='word_1_185' title='bbox 3412 1298 3508 1352; x_wconf 77' lang='grc' dir='ltr'><strong>καὶ</strong></span> <span class='ocrx_word' id='word_1_186' title='bbox 3566 1297 3668 1367; x_wconf 82' lang='grc' dir='ltr'><strong>τῆς</strong></span> 
     </span>
    </p>
   </div>
   <div class='ocr_carea' id='block_1_28' title="bbox 2080 1386 3664 1472">
    <p class='ocr_par' dir='ltr' id='par_1_28' title="bbox 2080 1386 3664 1472">
     <span class='ocr_line' id='line_1_28' title="bbox 2080 1386 3664 1472; baseline -0.007 -19"><span class='ocrx_word' id='word_1_187' title='bbox 2080 1399 2292 1472; x_wconf 72' lang='grc' dir='ltr'>μητρδς</span> <span class='ocrx_word' id='word_1_188' title='bbox 2316 1395 2839 1471; x_wconf 75' lang='grc' dir='ltr'>συμπληρούμενος.</span> <span class='ocrx_word' id='word_1_189' title='bbox 2877 1398 2964 1461; x_wconf 77' lang='grc' dir='ltr'>Ὦς</span> <span class='ocrx_word' id='word_1_190' title='bbox 2994 1396 3051 1449; x_wconf 78' lang='grc' dir='ltr'>δὲ</span> <span class='ocrx_word' id='word_1_191' title='bbox 3085 1396 3180 1448; x_wconf 68' lang='grc' dir='ltr'><strong>ἐπὶ</strong></span> <span class='ocrx_word' id='word_1_192' title='bbox 3204 1394 3297 1447; x_wconf 89' lang='grc' dir='ltr'><strong>τοῦ</strong></span> <span class='ocrx_word' id='word_1_193' title='bbox 3329 1386 3664 1462; x_wconf 75' lang='grc' dir='ltr'>ἡγεμονικοῦ</span> 
     </span>
    </p>
   </div>
   <div class='ocr_carea' id='block_1_29' title="bbox 2052 1475 3667 1559">
    <p class='ocr_par' dir='ltr' id='par_1_29' title="bbox 2052 1475 3667 1559">
     <span class='ocr_line' id='line_1_29' title="bbox 2052 1475 3667 1559; baseline -0.007 -16"><span class='ocrx_word' id='word_1_194' title='bbox 2052 1475 2425 1559; x_wconf 73' lang='grc' dir='ltr'><strong>’κατέστησαν</strong></span> <span class='ocrx_word' id='word_1_195' title='bbox 2457 1490 2724 1558; x_wconf 77' lang='grc' dir='ltr'><strong>βήματος,</strong></span> <span class='ocrx_word' id='word_1_196' title='bbox 2750 1485 2841 1538; x_wconf 77' lang='grc' dir='ltr'><strong>τὸν</strong></span> <span class='ocrx_word' id='word_1_197' title='bbox 2870 1484 3101 1539; x_wconf 70' lang='grc' dir='ltr'>εἰπόντα</span> <span class='ocrx_word' id='word_1_198' title='bbox 3125 1483 3202 1554; x_wconf 86' lang='grc' dir='ltr'>μὴ</span> <span class='ocrx_word' id='word_1_199' title='bbox 3231 1477 3667 1553; x_wconf 79' lang='grc' dir='ltr'>φοϐηθῆναιάπδ</span> 
     </span>
    </p>
   </div>
   <div class='ocr_carea' id='block_1_30' title="bbox 2074 1568 3668 1648">
    <p class='ocr_par' dir='ltr' id='par_1_30' title="bbox 2074 1568 3668 1648">
     <span class='ocr_line' id='line_1_30' title="bbox 2074 1568 3668 1648; baseline -0.008 -13"><span class='ocrx_word' id='word_1_200' title='bbox 2074 1583 2185 1641; x_wconf 79' lang='grc' dir='ltr'><strong>τῶν</strong></span> <span class='ocrx_word' id='word_1_201' title='bbox 2243 1579 2663 1635; x_wconf 82' lang='grc' dir='ltr'>ἀποκτενόντων</span> <span class='ocrx_word' id='word_1_202' title='bbox 2716 1576 2778 1632; x_wconf 82' lang='grc' dir='ltr'><strong>τδ</strong></span> <span class='ocrx_word' id='word_1_203' title='bbox 2817 1575 3000 1648; x_wconf 88' lang='grc' dir='ltr'>σῶμα,</span> <span class='ocrx_word' id='word_1_204' title='bbox 3052 1572 3385 1648; x_wconf 84' lang='grc' dir='ltr'>δοθήσεσθαί</span> <span class='ocrx_word' id='word_1_205' title='bbox 3414 1590 3474 1625; x_wconf 91' lang='grc' dir='ltr'><strong>τε</strong></span> <span class='ocrx_word' id='word_1_206' title='bbox 3531 1568 3668 1641; x_wconf 81' lang='grc' dir='ltr'>παρ’</span> 
     </span>
    </p>
   </div>
   <div class='ocr_carea' id='block_1_31' title="bbox 2074 1667 3666 1746">
    <p class='ocr_par' dir='ltr' id='par_1_31' title="bbox 2074 1667 3666 1746">
     <span class='ocr_line' id='line_1_31' title="bbox 2074 1667 3666 1746; baseline -0.008 -15"><span class='ocrx_word' id='word_1_207' title='bbox 2074 1675 2238 1732; x_wconf 75' lang='grc' dir='ltr'>αὐτοῦ</span> <span class='ocrx_word' id='word_1_208' title='bbox 2275 1675 2470 1746; x_wconf 80' lang='grc' dir='ltr'>σοφίαν</span> <span class='ocrx_word' id='word_1_209' title='bbox 2513 1673 2995 1744; x_wconf 75' lang='grc' dir='ltr'><strong>ἐπαγγειλαμένου</strong></span> <span class='ocrx_word' id='word_1_210' title='bbox 3036 1670 3520 1740; x_wconf 73' lang='grc' dir='ltr'>ἐπικαλεσάμεναι</span> <span class='ocrx_word' id='word_1_211' title='bbox 3545 1667 3666 1719; x_wconf 79' lang='grc' dir='ltr'><strong>Κύ-</strong></span> 
     </span>
    </p>
   </div>
   <div class='ocr_carea' id='block_1_32' title="bbox 382 1762 1963 1863">
    <p class='ocr_par' dir='ltr' id='par_1_32' title="bbox 382 1776 1963 1848">
     <span class='ocr_line' id='line_1_32' title="bbox 382 1776 1963 1848; baseline 0.005 -20"><span class='ocrx_word' id='word_1_212' title='bbox 382 1776 535 1830; x_wconf 88' lang='lat' dir='ltr'><strong>omni</strong></span> <span class='ocrx_word' id='word_1_213' title='bbox 597 1776 793 1833; x_wconf 87' lang='lat' dir='ltr'><strong>timore</strong></span> <span class='ocrx_word' id='word_1_214' title='bbox 843 1777 1119 1848; x_wconf 88' lang='lat' dir='ltr'><strong>deposito,</strong></span> <span class='ocrx_word' id='word_1_215' title='bbox 1205 1787 1483 1835; x_wconf 87' lang='lat' dir='ltr'><strong>steterunt</strong></span> <span class='ocrx_word' id='word_1_216' title='bbox 1543 1794 1668 1836; x_wconf 90' lang='lat' dir='ltr'><strong>cum</strong></span> <span class='ocrx_word' id='word_1_217' title='bbox 1720 1780 1847 1836; x_wconf 79' lang='lat' dir='ltr'><strong>forti</strong></span> <span class='ocrx_word' id='word_1_218' title='bbox 1913 1791 1963 1837; x_wconf 90' lang='lat' dir='ltr'><strong>et</strong></span> 
     </span>
    </p>
   </div>
   <div class='ocr_carea' id='block_1_33' title="bbox 2071 1762 3668 1863">
    <p class='ocr_par' dir='ltr' id='par_1_33' title="bbox 2075 1762 3668 1840">
     <span class='ocr_line' id='line_1_33' title="bbox 2075 1762 3668 1840; baseline -0.006 -18"><span class='ocrx_word' id='word_1_219' title='bbox 2075 1785 2211 1840; x_wconf 82' lang='grc' dir='ltr'>ριον,</span> <span class='ocrx_word' id='word_1_220' title='bbox 2247 1767 2342 1823; x_wconf 75' lang='grc' dir='ltr'><strong>καὶ</strong></span> <span class='ocrx_word' id='word_1_221' title='bbox 2373 1767 2453 1839; x_wconf 78' lang='grc' dir='ltr'>τῷ</span> <span class='ocrx_word' id='word_1_222' title='bbox 2493 1766 2776 1837; x_wconf 84' lang='grc' dir='ltr'>σταυρικῷ</span> <span class='ocrx_word' id='word_1_223' title='bbox 2808 1764 2965 1835; x_wconf 80' lang='grc' dir='ltr'>τύπῳ</span> <span class='ocrx_word' id='word_1_224' title='bbox 2990 1762 3491 1834; x_wconf 74' lang='grc' dir='ltr'>περιφραξάμεναι,</span> <span class='ocrx_word' id='word_1_225' title='bbox 3522 1776 3668 1814; x_wconf 84' lang='grc' dir='ltr'>παν-</span> 
     </span>
    </p>
   </div>
   <div class='ocr_carea' id='block_1_34' title="bbox 382 1867 1972 1945">
    <p class='ocr_par' dir='ltr' id='par_1_34' title="bbox 382 1867 1972 1945">
     <span class='ocr_line' id='line_1_34' title="bbox 382 1867 1972 1945; baseline 0.008 -27"><span class='ocrx_word' id='word_1_226' title='bbox 382 1874 654 1935; x_wconf 74' lang='lat' dir='ltr'><strong>generoso</strong></span> <span class='ocrx_word' id='word_1_227' title='bbox 696 1867 904 1925; x_wconf 75' lang='lat' dir='ltr'><strong>animo.</strong></span> <span class='ocrx_word' id='word_1_228' title='bbox 936 1868 1117 1927; x_wconf 66' lang='lat' dir='ltr'><strong>Iudex</strong></span> <span class='ocrx_word' id='word_1_229' title='bbox 1180 1880 1387 1939; x_wconf 81' lang='lat' dir='ltr'><strong>autem,</strong></span> <span class='ocrx_word' id='word_1_230' title='bbox 1464 1873 1735 1945; x_wconf 85' lang='lat' dir='ltr'><strong>conjectis</strong></span> <span class='ocrx_word' id='word_1_231' title='bbox 1801 1875 1972 1933; x_wconf 81' lang='lat' dir='ltr'><strong>ineas</strong></span> 
     </span>
    </p>
   </div>
   <div class='ocr_carea' id='block_1_35' title="bbox 379 1956 1974 2035">
    <p class='ocr_par' dir='ltr' id='par_1_35' title="bbox 379 1956 1974 2035">
     <span class='ocr_line' id='line_1_35' title="bbox 379 1956 1974 2035; baseline 0.008 -26"><span class='ocrx_word' id='word_1_232' title='bbox 379 1956 576 2021; x_wconf 84' lang='lat' dir='ltr'><strong>oculis,</strong></span> <span class='ocrx_word' id='word_1_233' title='bbox 610 1972 735 2013; x_wconf 73' lang='lat' dir='ltr'><strong>cum</strong></span> <span class='ocrx_word' id='word_1_234' title='bbox 772 1959 986 2014; x_wconf 84' lang='lat' dir='ltr'><strong>vultum</strong></span> <span class='ocrx_word' id='word_1_235' title='bbox 1016 1959 1244 2017; x_wconf 71' lang='lat' dir='ltr'><strong>vidisset</strong></span> <span class='ocrx_word' id='word_1_236' title='bbox 1262 1960 1564 2028; x_wconf 77' lang='lat' dir='ltr'><strong>liberalem,</strong></span> <span class='ocrx_word' id='word_1_237' title='bbox 1618 1973 1974 2035; x_wconf 74' lang='lat' dir='ltr'><strong>mutemque</strong></span> 
     </span>
    </p>
   </div>
   <div class='ocr_carea' id='block_1_36' title="bbox 380 2053 1971 2123">
    <p class='ocr_par' dir='ltr' id='par_1_36' title="bbox 380 2053 1971 2123">
     <span class='ocr_line' id='line_1_36' title="bbox 380 2053 1971 2123; baseline 0.007 -19"><span class='ocrx_word' id='word_1_238' title='bbox 380 2057 630 2120; x_wconf 77' lang='lat' dir='ltr'><strong>magnam</strong></span> <span class='ocrx_word' id='word_1_239' title='bbox 684 2059 741 2107; x_wconf 90' lang='lat' dir='ltr'><strong>et</strong></span> <span class='ocrx_word' id='word_1_240' title='bbox 797 2053 1141 2123; x_wconf 64' lang='lat' dir='ltr'><strong>praeclaram,</strong></span> <span class='ocrx_word' id='word_1_241' title='bbox 1196 2054 1287 2109; x_wconf 89' lang='lat' dir='ltr'><strong>cui</strong></span> <span class='ocrx_word' id='word_1_242' title='bbox 1335 2053 1544 2111; x_wconf 80' lang='lat' dir='ltr'><strong>ferebat</strong></span> <span class='ocrx_word' id='word_1_243' title='bbox 1597 2058 1971 2115; x_wconf 88' lang='lat' dir='ltr'><strong>testimonium</strong></span> 
     </span>
    </p>
   </div>
   <div class='ocr_carea' id='block_1_37' title="bbox 378 2142 1971 2221">
    <p class='ocr_par' dir='ltr' id='par_1_37' title="bbox 378 2142 1971 2221">
     <span class='ocr_line' id='line_1_37' title="bbox 378 2142 1971 2221; baseline 0.009 -28"><span class='ocrx_word' id='word_1_244' title='bbox 378 2142 663 2197; x_wconf 84' lang='lat' dir='ltr'><strong>oculorum</strong></span> <span class='ocrx_word' id='word_1_245' title='bbox 700 2144 994 2205; x_wconf 88' lang='lat' dir='ltr'><strong>ethabitus</strong></span> <span class='ocrx_word' id='word_1_246' title='bbox 1022 2144 1308 2211; x_wconf 88' lang='lat' dir='ltr'><strong>modestia,</strong></span> <span class='ocrx_word' id='word_1_247' title='bbox 1367 2147 1594 2204; x_wconf 87' lang='lat' dir='ltr'><strong>mittens</strong></span> <span class='ocrx_word' id='word_1_248' title='bbox 1637 2147 1789 2221; x_wconf 82' lang='lat' dir='ltr'><strong>fungi</strong></span> <span class='ocrx_word' id='word_1_249' title='bbox 1844 2164 1971 2207; x_wconf 79' lang='lat' dir='ltr'><strong>mu-</strong></span> 
     </span>
    </p>
   </div>
   <div class='ocr_carea' id='block_1_38' title="bbox 378 2234 1729 2307">
    <p class='ocr_par' dir='ltr' id='par_1_38' title="bbox 378 2234 1729 2307">
     <span class='ocr_line' id='line_1_38' title="bbox 378 2234 1729 2307; baseline 0.009 -21"><span class='ocrx_word' id='word_1_250' title='bbox 378 2242 510 2290; x_wconf 85' lang='lat' dir='ltr'><strong>nere</strong></span> <span class='ocrx_word' id='word_1_251' title='bbox 522 2234 746 2307; x_wconf 87' lang='lat' dir='ltr'><strong>judicis,</strong></span> <span class='ocrx_word' id='word_1_252' title='bbox 768 2250 1065 2294; x_wconf 78' lang='lat' dir='ltr'><strong>conversus</strong></span> <span class='ocrx_word' id='word_1_253' title='bbox 1079 2247 1164 2295; x_wconf 90' lang='lat' dir='ltr'><strong>est</strong></span> <span class='ocrx_word' id='word_1_254' title='bbox 1186 2238 1254 2295; x_wconf 84' lang='lat' dir='ltr'><strong>ad</strong></span> <span class='ocrx_word' id='word_1_255' title='bbox 1289 2239 1729 2299; x_wconf 84' lang='lat' dir='ltr'><strong>admirationem.</strong></span> 
     </span>
    </p>
   </div>
   <div class='ocr_carea' id='block_1_39' title="bbox 448 2389 1966 2467">
    <p class='ocr_par' dir='ltr' id='par_1_39' title="bbox 448 2389 1966 2467">
     <span class='ocr_line' id='line_1_39' title="bbox 448 2389 1966 2467; baseline 0.007 -24"><span class='ocrx_word' id='word_1_256' title='bbox 448 2389 534 2445; x_wconf 87' lang='lat' dir='ltr'><strong>Ill.</strong></span> <span class='ocrx_word' id='word_1_257' title='bbox 569 2391 703 2447; x_wconf 88' lang='lat' dir='ltr'><strong>Cum</strong></span> <span class='ocrx_word' id='word_1_258' title='bbox 722 2402 904 2448; x_wconf 83' lang='lat' dir='ltr'><strong>autem</strong></span> <span class='ocrx_word' id='word_1_259' title='bbox 934 2403 1160 2450; x_wconf 84' lang='lat' dir='ltr'><strong>matrem</strong></span> <span class='ocrx_word' id='word_1_260' title='bbox 1181 2409 1349 2467; x_wconf 89' lang='lat' dir='ltr'><strong>prope</strong></span> <span class='ocrx_word' id='word_1_261' title='bbox 1377 2404 1625 2452; x_wconf 84' lang='lat' dir='ltr'><strong>curasset</strong></span> <span class='ocrx_word' id='word_1_262' title='bbox 1641 2396 1966 2465; x_wconf 83' lang='lat' dir='ltr'><strong>sistendam,</strong></span> 
     </span>
    </p>
   </div>
   <div class='ocr_carea' id='block_1_40' title="bbox 374 2483 1969 2561">
    <p class='ocr_par' dir='ltr' id='par_1_40' title="bbox 374 2483 1969 2561">
     <span class='ocr_line' id='line_1_40' title="bbox 374 2483 1969 2561; baseline 0.009 -26"><span class='ocrx_word' id='word_1_263' title='bbox 374 2492 431 2537; x_wconf 78' lang='lat' dir='ltr'><strong>et</strong></span> <span class='ocrx_word' id='word_1_264' title='bbox 461 2483 579 2538; x_wconf 89' lang='lat' dir='ltr'><strong>illas</strong></span> <span class='ocrx_word' id='word_1_265' title='bbox 608 2485 954 2541; x_wconf 88' lang='lat' dir='ltr'><strong>semovisset:</strong></span> <span class='ocrx_word' id='word_1_266' title='bbox 978 2486 1098 2542; x_wconf 90' lang='lat' dir='ltr'><strong>Non</strong></span> <span class='ocrx_word' id='word_1_267' title='bbox 1134 2503 1299 2558; x_wconf 88' lang='lat' dir='ltr'><strong>parva</strong></span> <span class='ocrx_word' id='word_1_268' title='bbox 1329 2498 1478 2552; x_wconf 87' lang='lat' dir='ltr'><strong>sunt,</strong></span> <span class='ocrx_word' id='word_1_269' title='bbox 1514 2490 1713 2561; x_wconf 90' lang='lat' dir='ltr'><strong>inquit,</strong></span> <span class='ocrx_word' id='word_1_270' title='bbox 1764 2506 1798 2547; x_wconf 93' lang='grc' dir='ltr'><strong>ο</strong></span> <span class='ocrx_word' id='word_1_271' title='bbox 1841 2507 1969 2549; x_wconf 86' lang='lat' dir='ltr'><strong>mu-</strong></span> 
     </span>
    </p>
   </div>
   <div class='ocr_carea' id='block_1_41' title="bbox 374 2566 1969 2656">
    <p class='ocr_par' dir='ltr' id='par_1_41' title="bbox 374 2566 1969 2656">
     <span class='ocr_line' id='line_1_41' title="bbox 374 2566 1969 2656; baseline 0.008 -28"><span class='ocrx_word' id='word_1_272' title='bbox 374 2566 494 2645; x_wconf 83' lang='lat' dir='ltr'><strong>lier,</strong></span> <span class='ocrx_word' id='word_1_273' title='bbox 522 2592 641 2647; x_wconf 82' lang='lat' dir='ltr'><strong>quae</strong></span> <span class='ocrx_word' id='word_1_274' title='bbox 664 2579 927 2634; x_wconf 84' lang='lat' dir='ltr'><strong>adversus</strong></span> <span class='ocrx_word' id='word_1_275' title='bbox 946 2589 996 2635; x_wconf 87' lang='lat' dir='ltr'><strong>te</strong></span> <span class='ocrx_word' id='word_1_276' title='bbox 1017 2579 1363 2637; x_wconf 82' lang='lat' dir='ltr'><strong>deferuntur.</strong></span> <span class='ocrx_word' id='word_1_277' title='bbox 1392 2582 1447 2638; x_wconf 86' lang='lat' dir='ltr'><strong>Si</strong></span> <span class='ocrx_word' id='word_1_278' title='bbox 1472 2584 1691 2654; x_wconf 89' lang='lat' dir='ltr'><strong>quidem</strong></span> <span class='ocrx_word' id='word_1_279' title='bbox 1710 2600 1819 2641; x_wconf 89' lang='lat' dir='ltr'><strong>non</strong></span> <span class='ocrx_word' id='word_1_280' title='bbox 1844 2601 1969 2656; x_wconf 87' lang='lat' dir='ltr'><strong>par-</strong></span> 
     </span>
    </p>
   </div>
   <div class='ocr_carea' id='block_1_42' title="bbox 374 2675 1968 2743">
    <p class='ocr_par' dir='ltr' id='par_1_42' title="bbox 374 2675 1968 2743">
     <span class='ocr_line' id='line_1_42' title="bbox 374 2675 1968 2743; baseline 0.009 -21"><span class='ocrx_word' id='word_1_281' title='bbox 374 2684 438 2722; x_wconf 82' lang='lat' dir='ltr'><strong>va</strong></span> <span class='ocrx_word' id='word_1_282' title='bbox 473 2683 559 2724; x_wconf 87' lang='lat' dir='ltr'><strong>res</strong></span> <span class='ocrx_word' id='word_1_283' title='bbox 585 2679 689 2735; x_wconf 85' lang='lat' dir='ltr'><strong>est,</strong></span> <span class='ocrx_word' id='word_1_284' title='bbox 720 2683 933 2727; x_wconf 88' lang='lat' dir='ltr'><strong>morum</strong></span> <span class='ocrx_word' id='word_1_285' title='bbox 965 2688 994 2727; x_wconf 92' lang='lat' dir='ltr'><strong>a</strong></span> <span class='ocrx_word' id='word_1_286' title='bbox 1020 2675 1340 2743; x_wconf 79' lang='lat' dir='ltr'><strong>parentibus</strong></span> <span class='ocrx_word' id='word_1_287' title='bbox 1384 2676 1710 2735; x_wconf 80' lang='lat' dir='ltr'><strong>traditarum</strong></span> <span class='ocrx_word' id='word_1_288' title='bbox 1756 2686 1814 2736; x_wconf 81' lang='lat' dir='ltr'><strong>et</strong></span> <span class='ocrx_word' id='word_1_289' title='bbox 1835 2678 1968 2736; x_wconf 86' lang='lat' dir='ltr'><strong>reli-</strong></span> 
     </span>
    </p>
   </div>
   <div class='ocr_carea' id='block_1_43' title="bbox 371 2762 1972 2844">
    <p class='ocr_par' dir='ltr' id='par_1_43' title="bbox 371 2762 1972 2844">
     <span class='ocr_line' id='line_1_43' title="bbox 371 2762 1972 2844; baseline 0.01 -30"><span class='ocrx_word' id='word_1_290' title='bbox 371 2762 551 2832; x_wconf 79' lang='lat' dir='ltr'><strong>gionis</strong></span> <span class='ocrx_word' id='word_1_291' title='bbox 585 2765 828 2837; x_wconf 79' lang='lat' dir='ltr'><strong>negatio.</strong></span> <span class='ocrx_word' id='word_1_292' title='bbox 866 2764 979 2821; x_wconf 89' lang='lat' dir='ltr'><strong>Cur</strong></span> <span class='ocrx_word' id='word_1_293' title='bbox 1000 2782 1131 2840; x_wconf 84' lang='lat' dir='ltr'><strong>ergo</strong></span> <span class='ocrx_word' id='word_1_294' title='bbox 1162 2768 1539 2825; x_wconf 81' lang='lat' dir='ltr'><strong>Romanorum</strong></span> <span class='ocrx_word' id='word_1_295' title='bbox 1572 2771 1852 2844; x_wconf 86' lang='lat' dir='ltr'><strong>regionem</strong></span> <span class='ocrx_word' id='word_1_296' title='bbox 1871 2775 1972 2830; x_wconf 89' lang='lat' dir='ltr'><strong>im-</strong></span> 
     </span>
    </p>
   </div>
   <div class='ocr_carea' id='block_1_44' title="bbox 371 2857 1966 2937">
    <p class='ocr_par' dir='ltr' id='par_1_44' title="bbox 371 2857 1966 2937">
     <span class='ocr_line' id='line_1_44' title="bbox 371 2857 1966 2937; baseline 0.01 -26"><span class='ocrx_word' id='word_1_297' title='bbox 371 2857 584 2926; x_wconf 71' lang='lat' dir='ltr'><strong>pluvisti</strong></span> <span class='ocrx_word' id='word_1_298' title='bbox 600 2861 836 2915; x_wconf 88' lang='lat' dir='ltr'><strong>tumultu</strong></span> <span class='ocrx_word' id='word_1_299' title='bbox 852 2868 904 2917; x_wconf 90' lang='lat' dir='ltr'><strong>et</strong></span> <span class='ocrx_word' id='word_1_300' title='bbox 916 2862 1280 2932; x_wconf 84' lang='lat' dir='ltr'><strong>dissensione,</strong></span> <span class='ocrx_word' id='word_1_301' title='bbox 1298 2865 1525 2921; x_wconf 88' lang='lat' dir='ltr'><strong>omnino</strong></span> <span class='ocrx_word' id='word_1_302' title='bbox 1537 2881 1650 2922; x_wconf 86' lang='lat' dir='ltr'><strong>non</strong></span> <span class='ocrx_word' id='word_1_303' title='bbox 1665 2882 1791 2924; x_wconf 81' lang='lat' dir='ltr'><strong>esse</strong></span> <span class='ocrx_word' id='word_1_304' title='bbox 1808 2867 1966 2937; x_wconf 74' lang='lat' dir='ltr'><strong>deos,</strong></span> 
     </span>
    </p>
   </div>
   <div class='ocr_carea' id='block_1_45' title="bbox 370 2950 1963 3031">
    <p class='ocr_par' dir='ltr' id='par_1_45' title="bbox 370 2950 1963 3031">
     <span class='ocr_line' id='line_1_45' title="bbox 370 2950 1963 3031; baseline 0.008 -26"><span class='ocrx_word' id='word_1_305' title='bbox 370 2950 466 3005; x_wconf 63' lang='lat' dir='ltr'><strong>Sed</strong></span> <span class='ocrx_word' id='word_1_306' title='bbox 492 2965 589 3007; x_wconf 89' lang='lat' dir='ltr'><strong>eos</strong></span> <span class='ocrx_word' id='word_1_307' title='bbox 617 2967 739 3008; x_wconf 87' lang='lat' dir='ltr'><strong>esse</strong></span> <span class='ocrx_word' id='word_1_308' title='bbox 768 2953 946 3009; x_wconf 88' lang='lat' dir='ltr'><strong>solum</strong></span> <span class='ocrx_word' id='word_1_309' title='bbox 979 2955 1204 3011; x_wconf 89' lang='lat' dir='ltr'><strong>nomina</strong></span> <span class='ocrx_word' id='word_1_310' title='bbox 1235 2973 1357 3028; x_wconf 86' lang='lat' dir='ltr'><strong>quae</strong></span> <span class='ocrx_word' id='word_1_311' title='bbox 1375 2959 1689 3031; x_wconf 85' lang='lat' dir='ltr'><strong>rebusipsis</strong></span> <span class='ocrx_word' id='word_1_312' title='bbox 1717 2970 1963 3031; x_wconf 87' lang='lat' dir='ltr'><strong>careant,</strong></span> 
     </span>
    </p>
   </div>
   <div class='ocr_carea' id='block_1_46' title="bbox 253 3028 1961 3123">
    <p class='ocr_par' dir='ltr' id='par_1_46' title="bbox 253 3028 1961 3123">
     <span class='ocr_line' id='line_1_46' title="bbox 253 3028 1961 3123; baseline 0.006 -27"><span class='ocrx_word' id='word_1_313' title='bbox 253 3028 275 3046; x_wconf 63' lang='grc'><strong><em>”</em></strong></span> <span class='ocrx_word' id='word_1_314' title='bbox 368 3052 633 3099; x_wconf 77' lang='lat' dir='ltr'><strong>asserens</strong></span> <span class='ocrx_word' id='word_1_315' title='bbox 653 3043 677 3098; x_wconf 80' lang='lat'><strong>?</strong></span> <span class='ocrx_word' id='word_1_316' title='bbox 698 3043 796 3100; x_wconf 93' lang='lat' dir='ltr'><strong>Dic</strong></span> <span class='ocrx_word' id='word_1_317' title='bbox 816 3059 948 3116; x_wconf 90' lang='lat' dir='ltr'><strong>ergo</strong></span> <span class='ocrx_word' id='word_1_318' title='bbox 1004 3061 1167 3117; x_wconf 89' lang='lat' dir='ltr'><strong>quam</strong></span> <span class='ocrx_word' id='word_1_319' title='bbox 1195 3047 1432 3118; x_wconf 90' lang='lat' dir='ltr'><strong>primum</strong></span> <span class='ocrx_word' id='word_1_320' title='bbox 1477 3028 1731 3120; x_wconf 77' lang='lat' dir='ltr'><strong>patriam,</strong></span> <span class='ocrx_word' id='word_1_321' title='bbox 1767 3028 1961 3123; x_wconf 70' lang='lat' dir='ltr'><strong>genus,</strong></span> 
     </span>
    </p>
   </div>
   <div class='ocr_carea' id='block_1_47' title="bbox 2074 1852 3665 1927">
    <p class='ocr_par' dir='ltr' id='par_1_47' title="bbox 2074 1852 3665 1927">
     <span class='ocr_line' id='line_1_47' title="bbox 2074 1852 3665 1927; baseline -0.008 -13"><span class='ocrx_word' id='word_1_322' title='bbox 2074 1863 2166 1927; x_wconf 86' lang='grc' dir='ltr'><strong>τὸς</strong></span> <span class='ocrx_word' id='word_1_323' title='bbox 2190 1861 2502 1919; x_wconf 78' lang='grc' dir='ltr'>ἀποστᾶσαι</span> <span class='ocrx_word' id='word_1_324' title='bbox 2526 1859 2702 1924; x_wconf 81' lang='grc' dir='ltr'>δέους,</span> <span class='ocrx_word' id='word_1_325' title='bbox 2738 1857 2878 1927; x_wconf 83' lang='grc' dir='ltr'>μετὰ</span> <span class='ocrx_word' id='word_1_326' title='bbox 2901 1855 3156 1926; x_wconf 80' lang='grc' dir='ltr'>γενναίου</span> <span class='ocrx_word' id='word_1_327' title='bbox 3185 1854 3280 1911; x_wconf 80' lang='grc' dir='ltr'><strong>τοῦ</strong></span> <span class='ocrx_word' id='word_1_328' title='bbox 3310 1852 3665 1923; x_wconf 80' lang='grc' dir='ltr'>φρονήματος</span> 
     </span>
    </p>
   </div>
   <div class='ocr_carea' id='block_1_48' title="bbox 2072 1943 3668 2025">
    <p class='ocr_par' dir='ltr' id='par_1_48' title="bbox 2072 1943 3668 2025">
     <span class='ocr_line' id='line_1_48' title="bbox 2072 1943 3668 2025; baseline -0.008 -17"><span class='ocrx_word' id='word_1_329' title='bbox 2072 1954 2338 2025; x_wconf 71' lang='grc' dir='ltr'>ἔστησαν.</span> <span class='ocrx_word' id='word_1_330' title='bbox 2385 1953 2543 2007; x_wconf 68' lang='grc' dir='ltr'>Ἐπεὶ</span> <span class='ocrx_word' id='word_1_331' title='bbox 2597 1951 2655 2007; x_wconf 80' lang='grc' dir='ltr'>δὲ</span> <span class='ocrx_word' id='word_1_332' title='bbox 2714 1950 2942 2007; x_wconf 68' lang='grc' dir='ltr'><strong>ταύταις.¹</strong></span> <span class='ocrx_word' id='word_1_333' title='bbox 2990 1949 3053 2001; x_wconf 81' lang='grc' dir='ltr'><strong>τὸ</strong></span> <span class='ocrx_word' id='word_1_334' title='bbox 3106 1948 3267 2018; x_wconf 73' lang='grc' dir='ltr'>ὃμμα</span> <span class='ocrx_word' id='word_1_335' title='bbox 3310 1944 3581 1999; x_wconf 81' lang='grc' dir='ltr'>ἐπέϐαλεν</span> <span class='ocrx_word' id='word_1_336' title='bbox 3635 1943 3668 1996; x_wconf 82' lang='grc' dir='ltr'><strong>δ</strong></span> 
     </span>
    </p>
   </div>
   <div class='ocr_carea' id='block_1_49' title="bbox 2073 2036 3669 2115">
    <p class='ocr_par' dir='ltr' id='par_1_49' title="bbox 2073 2036 3669 2115">
     <span class='ocr_line' id='line_1_49' title="bbox 2073 2036 3669 2115; baseline -0.009 -14"><span class='ocrx_word' id='word_1_337' title='bbox 2073 2048 2330 2113; x_wconf 71' lang='grc' dir='ltr'>δικάζων,</span> <span class='ocrx_word' id='word_1_338' title='bbox 2369 2046 2494 2100; x_wconf 76' lang='grc' dir='ltr'>ἰδὼν</span> <span class='ocrx_word' id='word_1_339' title='bbox 2526 2046 2868 2115; x_wconf 71' lang='grc' dir='ltr'>παράστημα</span> <span class='ocrx_word' id='word_1_340' title='bbox 2895 2040 3117 2110; x_wconf 77' lang='grc' dir='ltr'>εὐγενὲς</span> <span class='ocrx_word' id='word_1_341' title='bbox 3149 2038 3246 2093; x_wconf 76' lang='grc' dir='ltr'><strong>καὶ</strong></span> <span class='ocrx_word' id='word_1_342' title='bbox 3277 2036 3506 2108; x_wconf 82' lang='grc' dir='ltr'>μέγεθος</span> <span class='ocrx_word' id='word_1_343' title='bbox 3539 2036 3669 2095; x_wconf 79' lang='grc' dir='ltr'>δια-</span> 
     </span>
    </p>
   </div>
   <div class='ocr_carea' id='block_1_50' title="bbox 2072 2126 3666 2205">
    <p class='ocr_par' dir='ltr' id='par_1_50' title="bbox 2072 2126 3666 2205">
     <span class='ocr_line' id='line_1_50' title="bbox 2072 2126 3666 2205; baseline -0.008 -14"><span class='ocrx_word' id='word_1_344' title='bbox 2072 2138 2250 2205; x_wconf 87' lang='grc' dir='ltr'>νοίας,</span> <span class='ocrx_word' id='word_1_345' title='bbox 2283 2136 2395 2190; x_wconf 82' lang='grc' dir='ltr'><strong>ἀπό</strong></span> <span class='ocrx_word' id='word_1_346' title='bbox 2432 2152 2495 2188; x_wconf 86' lang='grc' dir='ltr'><strong>τε</strong></span> <span class='ocrx_word' id='word_1_347' title='bbox 2521 2135 2631 2188; x_wconf 84' lang='grc' dir='ltr'><strong>τῶν</strong></span> <span class='ocrx_word' id='word_1_348' title='bbox 2664 2130 2963 2203; x_wconf 75' lang='grc' dir='ltr'>ὀφθαλμῶν</span> <span class='ocrx_word' id='word_1_349' title='bbox 2992 2130 3091 2185; x_wconf 68' lang='grc' dir='ltr'>καὶ</span> <span class='ocrx_word' id='word_1_350' title='bbox 3131 2132 3232 2199; x_wconf 85' lang='grc' dir='ltr'>τῆς</span> <span class='ocrx_word' id='word_1_351' title='bbox 3261 2128 3354 2181; x_wconf 80' lang='grc' dir='ltr'><strong>τοῦ</strong></span> <span class='ocrx_word' id='word_1_352' title='bbox 3378 2126 3666 2197; x_wconf 83' lang='grc' dir='ltr'>σχήματος</span> 
     </span>
    </p>
   </div>
   <div class='ocr_carea' id='block_1_51' title="bbox 2078 2217 3665 2303">
    <p class='ocr_par' dir='ltr' id='par_1_51' title="bbox 2078 2217 3665 2303">
     <span class='ocr_line' id='line_1_51' title="bbox 2078 2217 3665 2303; baseline -0.01 -19"><span class='ocrx_word' id='word_1_353' title='bbox 2078 2228 2529 2303; x_wconf 76' lang='grc' dir='ltr'>μαρτυρούμενον</span> <span class='ocrx_word' id='word_1_354' title='bbox 2574 2224 2897 2296; x_wconf 76' lang='grc' dir='ltr'>εὐκοσμίας,</span> <span class='ocrx_word' id='word_1_355' title='bbox 2929 2224 2993 2277; x_wconf 86' lang='grc' dir='ltr'><strong>τὸ</strong></span> <span class='ocrx_word' id='word_1_356' title='bbox 3029 2221 3272 2287; x_wconf 79' lang='grc' dir='ltr'><strong>δικάζειν</strong></span> <span class='ocrx_word' id='word_1_357' title='bbox 3300 2219 3480 2290; x_wconf 77' lang='grc' dir='ltr'>ἀφεὶς,</span> <span class='ocrx_word' id='word_1_358' title='bbox 3523 2217 3665 2289; x_wconf 76' lang='grc' dir='ltr'>πρὸς</span> 
     </span>
    </p>
   </div>
   <div class='ocr_carea' id='block_1_52' title="bbox 2070 2321 2796 2394">
    <p class='ocr_par' dir='ltr' id='par_1_52' title="bbox 2070 2321 2796 2394">
     <span class='ocr_line' id='line_1_52' title="bbox 2070 2321 2796 2394; baseline -0.012 -12"><span class='ocrx_word' id='word_1_359' title='bbox 2070 2323 2133 2383; x_wconf 78' lang='grc' dir='ltr'><strong>τὸ</strong></span> <span class='ocrx_word' id='word_1_360' title='bbox 2168 2321 2475 2394; x_wconf 78' lang='grc' dir='ltr'>θαυμάζειν</span> <span class='ocrx_word' id='word_1_361' title='bbox 2500 2322 2796 2392; x_wconf 74' lang='grc' dir='ltr'>ἐτράπετο.</span> 
     </span>
    </p>
   </div>
   <div class='ocr_carea' id='block_1_53' title="bbox 2143 2401 3667 2486">
    <p class='ocr_par' dir='ltr' id='par_1_53' title="bbox 2143 2401 3667 2486">
     <span class='ocr_line' id='line_1_53' title="bbox 2143 2401 3667 2486; baseline -0.01 -16"><span class='ocrx_word' id='word_1_362' title='bbox 2143 2413 2220 2471; x_wconf 86' lang='grc' dir='ltr'><strong>Γ’.</strong></span> <span class='ocrx_word' id='word_1_363' title='bbox 2245 2415 2359 2486; x_wconf 84' lang='grc' dir='ltr'><strong>Τὴν</strong></span> <span class='ocrx_word' id='word_1_364' title='bbox 2377 2413 2473 2468; x_wconf 84' lang='grc' dir='ltr'><strong>οῦν</strong></span> <span class='ocrx_word' id='word_1_365' title='bbox 2502 2410 2719 2483; x_wconf 81' lang='grc' dir='ltr'>μητέρα</span> <span class='ocrx_word' id='word_1_366' title='bbox 2748 2409 2975 2481; x_wconf 85' lang='grc' dir='ltr'>πλησίον</span> <span class='ocrx_word' id='word_1_367' title='bbox 3004 2408 3523 2478; x_wconf 80' lang='grc' dir='ltr'>παραστησαμενος,</span> <span class='ocrx_word' id='word_1_368' title='bbox 3554 2401 3667 2456; x_wconf 78' lang='grc' dir='ltr'><strong>κά-</strong></span> 
     </span>
    </p>
   </div>
   <div class='ocr_carea' id='block_1_54' title="bbox 2071 2489 3665 2575">
    <p class='ocr_par' dir='ltr' id='par_1_54' title="bbox 2071 2489 3665 2575">
     <span class='ocr_line' id='line_1_54' title="bbox 2071 2489 3665 2575; baseline -0.012 -11"><span class='ocrx_word' id='word_1_369' title='bbox 2071 2508 2256 2571; x_wconf 82' lang='grc' dir='ltr'>κείνας</span> <span class='ocrx_word' id='word_1_370' title='bbox 2284 2523 2389 2560; x_wconf 86' lang='grc' dir='ltr'><strong>που</strong></span> <span class='ocrx_word' id='word_1_371' title='bbox 2428 2501 2708 2575; x_wconf 75' lang='grc' dir='ltr'>μεταθεὶς,</span> <span class='ocrx_word' id='word_1_372' title='bbox 2741 2500 2817 2554; x_wconf 80' lang='grc' dir='ltr'><strong>οὗ</strong></span> <span class='ocrx_word' id='word_1_373' title='bbox 2864 2498 3059 2569; x_wconf 65' lang='grc' dir='ltr'>μικρὰ,</span> <span class='ocrx_word' id='word_1_374' title='bbox 3085 2497 3268 2569; x_wconf 76' lang='grc' dir='ltr'>φησὶν,</span> <span class='ocrx_word' id='word_1_375' title='bbox 3294 2489 3339 2549; x_wconf 80' lang='grc' dir='ltr'>ὦ</span> <span class='ocrx_word' id='word_1_376' title='bbox 3370 2494 3550 2563; x_wconf 84' lang='grc' dir='ltr'>γύναι,</span> <span class='ocrx_word' id='word_1_377' title='bbox 3586 2491 3665 2546; x_wconf 72' lang='grc' dir='ltr'>τὰ</span> 
     </span>
    </p>
   </div>
   <div class='ocr_carea' id='block_1_55' title="bbox 2070 2582 3663 2667">
    <p class='ocr_par' dir='ltr' id='par_1_55' title="bbox 2070 2582 3663 2667">
     <span class='ocr_line' id='line_1_55' title="bbox 2070 2582 3663 2667; baseline -0.013 -12"><span class='ocrx_word' id='word_1_378' title='bbox 2070 2601 2216 2655; x_wconf 76' lang='grc' dir='ltr'>κατὰ</span> <span class='ocrx_word' id='word_1_379' title='bbox 2256 2597 2338 2664; x_wconf 79' lang='grc' dir='ltr'>σὲ,</span> <span class='ocrx_word' id='word_1_380' title='bbox 2371 2595 2534 2667; x_wconf 78' lang='grc' dir='ltr'>εἴπερ</span> <span class='ocrx_word' id='word_1_381' title='bbox 2563 2592 2685 2647; x_wconf 81' lang='grc' dir='ltr'>οὐδὲ</span> <span class='ocrx_word' id='word_1_382' title='bbox 2733 2589 2933 2663; x_wconf 72' lang='grc' dir='ltr'>μικρὸν</span> <span class='ocrx_word' id='word_1_383' title='bbox 2967 2585 3472 2658; x_wconf 83' lang='grc' dir='ltr'>πατροπαραδότων</span> <span class='ocrx_word' id='word_1_384' title='bbox 3512 2582 3663 2636; x_wconf 78' lang='grc' dir='ltr'>ἐθῶν</span> 
     </span>
    </p>
   </div>
   <div class='ocr_carea' id='block_1_56' title="bbox 2070 2676 3663 2762">
    <p class='ocr_par' dir='ltr' id='par_1_56' title="bbox 2070 2676 3663 2762">
     <span class='ocr_line' id='line_1_56' title="bbox 2070 2676 3663 2762; baseline -0.013 -13"><span class='ocrx_word' id='word_1_385' title='bbox 2070 2695 2167 2749; x_wconf 71' lang='grc' dir='ltr'><strong>καὶ</strong></span> <span class='ocrx_word' id='word_1_386' title='bbox 2196 2688 2563 2762; x_wconf 77' lang='grc' dir='ltr'>σεϐασμάτων</span> <span class='ocrx_word' id='word_1_387' title='bbox 2594 2686 2824 2759; x_wconf 82' lang='grc' dir='ltr'>ἄρνησις</span> <span class='ocrx_word' id='word_1_388' title='bbox 2857 2699 2870 2715; x_wconf 88' lang='grc'><strong>·</strong></span> <span class='ocrx_word' id='word_1_389' title='bbox 2903 2679 2993 2738; x_wconf 81' lang='grc' dir='ltr'>ῐνα</span> <span class='ocrx_word' id='word_1_390' title='bbox 3027 2681 3080 2736; x_wconf 90' lang='grc' dir='ltr'><strong>τί</strong></span> <span class='ocrx_word' id='word_1_391' title='bbox 3105 2681 3201 2736; x_wconf 76' lang='grc' dir='ltr'><strong>οὖν</strong></span> <span class='ocrx_word' id='word_1_392' title='bbox 3228 2680 3327 2752; x_wconf 79' lang='grc' dir='ltr'>τὴν</span> <span class='ocrx_word' id='word_1_393' title='bbox 3364 2676 3663 2749; x_wconf 83' lang='grc' dir='ltr'>Ῥωμαίων</span> 
     </span>
    </p>
   </div>
   <div class='ocr_carea' id='block_1_57' title="bbox 2068 2771 3664 2859">
    <p class='ocr_par' dir='ltr' id='par_1_57' title="bbox 2068 2771 3664 2859">
     <span class='ocr_line' id='line_1_57' title="bbox 2068 2771 3664 2859; baseline -0.011 -17"><span class='ocrx_word' id='word_1_394' title='bbox 2068 2786 2315 2859; x_wconf 83' lang='grc' dir='ltr'>ταραχῆς</span> <span class='ocrx_word' id='word_1_395' title='bbox 2348 2782 2656 2853; x_wconf 76' lang='grc' dir='ltr'>ἐνέπλησας</span> <span class='ocrx_word' id='word_1_396' title='bbox 2710 2779 2805 2833; x_wconf 68' lang='grc' dir='ltr'><strong>καὶ</strong></span> <span class='ocrx_word' id='word_1_397' title='bbox 2851 2776 3227 2848; x_wconf 79' lang='grc' dir='ltr'>διχοστασίας,</span> <span class='ocrx_word' id='word_1_398' title='bbox 3280 2772 3415 2845; x_wconf 85' lang='grc' dir='ltr'>μηδὲ</span> <span class='ocrx_word' id='word_1_399' title='bbox 3456 2771 3518 2825; x_wconf 77' lang='grc' dir='ltr'><strong>τὸ</strong></span> <span class='ocrx_word' id='word_1_400' title='bbox 3546 2786 3664 2825; x_wconf 70' lang='grc' dir='ltr'>παι-</span> 
     </span>
    </p>
   </div>
   <div class='ocr_carea' id='block_1_58' title="bbox 2073 2863 3658 2953">
    <p class='ocr_par' dir='ltr' id='par_1_58' title="bbox 2073 2863 3658 2953">
     <span class='ocr_line' id='line_1_58' title="bbox 2073 2863 3658 2953; baseline -0.013 -18"><span class='ocrx_word' id='word_1_401' title='bbox 2073 2878 2256 2953; x_wconf 80' lang='grc' dir='ltr'>ράπαν</span> <span class='ocrx_word' id='word_1_402' title='bbox 2283 2874 2427 2932; x_wconf 75' lang='grc' dir='ltr'>εἶναι</span> <span class='ocrx_word' id='word_1_403' title='bbox 2450 2875 2633 2940; x_wconf 75' lang='grc' dir='ltr'>θεοὺς,</span> <span class='ocrx_word' id='word_1_404' title='bbox 2654 2869 2771 2926; x_wconf 73' lang='grc' dir='ltr'>ἀλλ’</span> <span class='ocrx_word' id='word_1_405' title='bbox 2795 2870 3042 2941; x_wconf 74' lang='grc' dir='ltr'>ὀνόματα</span> <span class='ocrx_word' id='word_1_406' title='bbox 3069 2868 3230 2938; x_wconf 83' lang='grc' dir='ltr'>μόνον</span> <span class='ocrx_word' id='word_1_407' title='bbox 3259 2866 3459 2927; x_wconf 76' lang='grc' dir='ltr'>αὐτοὺς</span> <span class='ocrx_word' id='word_1_408' title='bbox 3480 2863 3658 2918; x_wconf 80' lang='grc' dir='ltr'>τελεῖν</span> 
     </span>
    </p>
   </div>
   <div class='ocr_carea' id='block_1_59' title="bbox 2069 2956 3654 3045">
    <p class='ocr_par' dir='ltr' id='par_1_59' title="bbox 2069 2956 3654 3045">
     <span class='ocr_line' id='line_1_59' title="bbox 2069 2956 3654 3045; baseline -0.012 -17"><span class='ocrx_word' id='word_1_409' title='bbox 2069 2972 2417 3045; x_wconf 82' lang='grc' dir='ltr'>πραγμάτων</span> <span class='ocrx_word' id='word_1_410' title='bbox 2443 2969 2650 3040; x_wconf 79' lang='grc' dir='ltr'>ἔρημα,</span> <span class='ocrx_word' id='word_1_411' title='bbox 2703 2963 3127 3033; x_wconf 73' lang='grc' dir='ltr'>διατεινομένης</span> <span class='ocrx_word' id='word_1_412' title='bbox 3173 2960 3316 3028; x_wconf 80' lang='grc' dir='ltr'>Λέγε</span> <span class='ocrx_word' id='word_1_413' title='bbox 3368 2958 3549 3011; x_wconf 77' lang='grc' dir='ltr'>τοίνυν</span> <span class='ocrx_word' id='word_1_414' title='bbox 3587 2956 3654 3010; x_wconf 82' lang='grc' dir='ltr'>τὸ</span> 
     </span>
    </p>
   </div>
   <div class='ocr_carea' id='block_1_60' title="bbox 2068 3048 3647 3135">
    <p class='ocr_par' dir='ltr' id='par_1_60' title="bbox 2068 3048 3647 3135">
     <span class='ocr_line' id='line_1_60' title="bbox 2068 3048 3647 3135; baseline -0.012 -16"><span class='ocrx_word' id='word_1_415' title='bbox 2068 3064 2235 3135; x_wconf 83' lang='grc' dir='ltr'>τάχος</span> <span class='ocrx_word' id='word_1_416' title='bbox 2279 3061 2538 3134; x_wconf 79' lang='grc' dir='ltr'>πατρίδα,</span> <span class='ocrx_word' id='word_1_417' title='bbox 2580 3060 2764 3128; x_wconf 83' lang='grc' dir='ltr'>γένος,</span> <span class='ocrx_word' id='word_1_418' title='bbox 2810 3056 2984 3127; x_wconf 75' lang='grc' dir='ltr'>ὄνομα</span> <span class='ocrx_word' id='word_1_419' title='bbox 3015 3055 3112 3108; x_wconf 76' lang='grc' dir='ltr'>καὶ</span> <span class='ocrx_word' id='word_1_420' title='bbox 3139 3054 3201 3108; x_wconf 80' lang='grc' dir='ltr'><strong>τὸ</strong></span> <span class='ocrx_word' id='word_1_421' title='bbox 3242 3050 3432 3115; x_wconf 76' lang='grc' dir='ltr'>σέϐας.</span> <span class='ocrx_word' id='word_1_422' title='bbox 3473 3049 3534 3103; x_wconf 87' lang='grc' dir='ltr'><strong>Ἠ</strong></span> <span class='ocrx_word' id='word_1_423' title='bbox 3560 3048 3647 3118; x_wconf 73' lang='grc' dir='ltr'><strong>δὲ,</strong></span> 
     </span>
    </p>
   </div>
   <div class='ocr_carea' id='block_1_61' title="bbox 369 3136 1963 3230">
    <p class='ocr_par' dir='ltr' id='par_1_61' title="bbox 369 3136 1963 3215">
     <span class='ocr_line' id='line_1_61' title="bbox 369 3136 1963 3215; baseline 0.006 -25"><span class='ocrx_word' id='word_1_424' title='bbox 369 3148 571 3191; x_wconf 90' lang='lat' dir='ltr'><strong>nomen</strong></span> <span class='ocrx_word' id='word_1_425' title='bbox 595 3145 649 3192; x_wconf 91' lang='lat' dir='ltr'><strong>et</strong></span> <span class='ocrx_word' id='word_1_426' title='bbox 698 3136 1040 3208; x_wconf 82' lang='lat' dir='ltr'><strong>religionem.</strong></span> <span class='ocrx_word' id='word_1_427' title='bbox 1071 3138 1170 3196; x_wconf 89' lang='lat' dir='ltr'><strong>llla</strong></span> <span class='ocrx_word' id='word_1_428' title='bbox 1191 3149 1374 3197; x_wconf 88' lang='lat' dir='ltr'><strong>autem</strong></span> <span class='ocrx_word' id='word_1_429' title='bbox 1404 3160 1418 3197; x_wconf 86' lang='lat'><strong>:</strong></span> <span class='ocrx_word' id='word_1_430' title='bbox 1451 3143 1693 3199; x_wconf 86' lang='lat' dir='ltr'><strong>Primum</strong></span> <span class='ocrx_word' id='word_1_431' title='bbox 1714 3145 1963 3215; x_wconf 88' lang='lat' dir='ltr'><strong>quidem,</strong></span> 
     </span>
    </p>
   </div>
   <div class='ocr_carea' id='block_1_62' title="bbox 2071 3136 3655 3230">
    <p class='ocr_par' dir='ltr' id='par_1_62' title="bbox 2074 3142 3655 3230">
     <span class='ocr_line' id='line_1_62' title="bbox 2074 3142 3655 3230; baseline -0.012 -17"><span class='ocrx_word' id='word_1_432' title='bbox 2074 3158 2303 3230; x_wconf 86' lang='grc' dir='ltr'>Πρῶτον</span> <span class='ocrx_word' id='word_1_433' title='bbox 2340 3156 2442 3226; x_wconf 83' lang='grc' dir='ltr'><strong>μὲν</strong></span> <span class='ocrx_word' id='word_1_434' title='bbox 2494 3152 2641 3222; x_wconf 64' lang='grc' dir='ltr'>ἐμοὶ,</span> <span class='ocrx_word' id='word_1_435' title='bbox 2696 3150 2827 3221; x_wconf 75' lang='grc' dir='ltr'><strong>ἔφη.</strong></span> <span class='ocrx_word' id='word_1_436' title='bbox 2886 3152 2983 3203; x_wconf 74' lang='grc' dir='ltr'>καὶ</span> <span class='ocrx_word' id='word_1_437' title='bbox 3035 3146 3316 3216; x_wconf 80' lang='grc' dir='ltr'>ἐξαίρετον</span> <span class='ocrx_word' id='word_1_438' title='bbox 3350 3144 3546 3214; x_wconf 69' lang='grc' dir='ltr'>ὄνομα,</span> <span class='ocrx_word' id='word_1_439' title='bbox 3587 3142 3655 3195; x_wconf 67' lang='lat' dir='ltr'><strong>«cu</strong></span> 
     </span>
    </p>
   </div>
   <div class='ocr_carea' id='block_1_63' title="bbox 368 3227 1963 3306">
    <p class='ocr_par' dir='ltr' id='par_1_63' title="bbox 368 3227 1963 3306">
     <span class='ocr_line' id='line_1_63' title="bbox 368 3227 1963 3306; baseline 0.007 -24"><span class='ocrx_word' id='word_1_440' title='bbox 368 3227 568 3300; x_wconf 85' lang='lat' dir='ltr'><strong>inquit,</strong></span> <span class='ocrx_word' id='word_1_441' title='bbox 632 3229 770 3284; x_wconf 88' lang='lat' dir='ltr'><strong>mihi</strong></span> <span class='ocrx_word' id='word_1_442' title='bbox 815 3239 900 3286; x_wconf 90' lang='lat' dir='ltr'><strong>est</strong></span> <span class='ocrx_word' id='word_1_443' title='bbox 947 3232 1285 3306; x_wconf 63' lang='lat' dir='ltr'><strong>praecipuum</strong></span> <span class='ocrx_word' id='word_1_444' title='bbox 1342 3248 1566 3302; x_wconf 88' lang='lat' dir='ltr'><strong>nomen,</strong></span> <span class='ocrx_word' id='word_1_445' title='bbox 1625 3253 1692 3293; x_wconf 80' lang='lat' dir='ltr'><strong>ex</strong></span> <span class='ocrx_word' id='word_1_446' title='bbox 1743 3236 1963 3294; x_wconf 90' lang='lat' dir='ltr'><strong>Christo</strong></span> 
     </span>
    </p>
   </div>
   <div class='ocr_carea' id='block_1_64' title="bbox 366 3320 1961 3399">
    <p class='ocr_par' dir='ltr' id='par_1_64' title="bbox 366 3320 1961 3399">
     <span class='ocr_line' id='line_1_64' title="bbox 366 3320 1961 3399; baseline 0.009 -24"><span class='ocrx_word' id='word_1_447' title='bbox 366 3320 653 3392; x_wconf 72' lang='lat' dir='ltr'><strong>appellari.</strong></span> <span class='ocrx_word' id='word_1_448' title='bbox 674 3320 879 3394; x_wconf 83' lang='lat' dir='ltr'><strong>Sophia</strong></span> <span class='ocrx_word' id='word_1_449' title='bbox 908 3334 1114 3391; x_wconf 89' lang='lat' dir='ltr'><strong>autem,</strong></span> <span class='ocrx_word' id='word_1_450' title='bbox 1143 3334 1229 3382; x_wconf 88' lang='lat' dir='ltr'><strong>est</strong></span> <span class='ocrx_word' id='word_1_451' title='bbox 1253 3328 1384 3383; x_wconf 81' lang='lat' dir='ltr'><strong>mihi</strong></span> <span class='ocrx_word' id='word_1_452' title='bbox 1403 3329 1725 3399; x_wconf 86' lang='lat' dir='ltr'><strong>impositum</strong></span> <span class='ocrx_word' id='word_1_453' title='bbox 1758 3347 1961 3389; x_wconf 80' lang='lat' dir='ltr'><strong>nomen</strong></span> 
     </span>
    </p>
   </div>
   <div class='ocr_carea' id='block_1_65' title="bbox 370 3414 1964 3495">
    <p class='ocr_par' dir='ltr' id='par_1_65' title="bbox 370 3414 1964 3495">
     <span class='ocr_line' id='line_1_65' title="bbox 370 3414 1964 3495; baseline 0.009 -26"><span class='ocrx_word' id='word_1_454' title='bbox 370 3427 400 3469; x_wconf 73' lang='grc' dir='ltr'><strong>ο</strong></span> <span class='ocrx_word' id='word_1_455' title='bbox 432 3414 775 3485; x_wconf 84' lang='lat' dir='ltr'><strong>parentibus.</strong></span> <span class='ocrx_word' id='word_1_456' title='bbox 808 3414 998 3473; x_wconf 86' lang='lat' dir='ltr'><strong>Genus</strong></span> <span class='ocrx_word' id='word_1_457' title='bbox 1037 3417 1179 3475; x_wconf 91' lang='lat' dir='ltr'><strong>duco</strong></span> <span class='ocrx_word' id='word_1_458' title='bbox 1221 3435 1285 3475; x_wconf 82' lang='lat' dir='ltr'><strong>ex</strong></span> <span class='ocrx_word' id='word_1_459' title='bbox 1324 3421 1391 3477; x_wconf 85' lang='lat' dir='ltr'><strong>iis</strong></span> <span class='ocrx_word' id='word_1_460' title='bbox 1437 3423 1531 3493; x_wconf 91' lang='lat' dir='ltr'><strong>qui</strong></span> <span class='ocrx_word' id='word_1_461' title='bbox 1592 3423 1799 3495; x_wconf 90' lang='lat' dir='ltr'><strong>primos</strong></span> <span class='ocrx_word' id='word_1_462' title='bbox 1846 3441 1964 3483; x_wconf 84' lang='lat' dir='ltr'><strong>ma-</strong></span> 
     </span>
    </p>
   </div>
   <div class='ocr_carea' id='block_1_66' title="bbox 364 3505 1958 3581">
    <p class='ocr_par' dir='ltr' id='par_1_66' title="bbox 364 3505 1958 3581">
     <span class='ocr_line' id='line_1_66' title="bbox 364 3505 1958 3581; baseline 0.009 -24"><span class='ocrx_word' id='word_1_463' title='bbox 364 3505 628 3575; x_wconf 76' lang='lat' dir='ltr'><strong>gistratus</strong></span> <span class='ocrx_word' id='word_1_464' title='bbox 670 3506 1031 3578; x_wconf 88' lang='lat' dir='ltr'><strong>gesseruntin</strong></span> <span class='ocrx_word' id='word_1_465' title='bbox 1053 3506 1231 3577; x_wconf 86' lang='lat' dir='ltr'><strong>Italia,</strong></span> <span class='ocrx_word' id='word_1_466' title='bbox 1263 3510 1318 3564; x_wconf 90' lang='lat' dir='ltr'><strong>in</strong></span> <span class='ocrx_word' id='word_1_467' title='bbox 1346 3526 1453 3581; x_wconf 92' lang='lat' dir='ltr'><strong>qua</strong></span> <span class='ocrx_word' id='word_1_468' title='bbox 1476 3513 1642 3567; x_wconf 88' lang='lat' dir='ltr'><strong>etiam</strong></span> <span class='ocrx_word' id='word_1_469' title='bbox 1666 3528 1788 3568; x_wconf 88' lang='lat' dir='ltr'><strong>sum</strong></span> <span class='ocrx_word' id='word_1_470' title='bbox 1806 3524 1958 3571; x_wconf 89' lang='lat' dir='ltr'><strong>nata.</strong></span> 
     </span>
    </p>
   </div>
   <div class='ocr_carea' id='block_1_67' title="bbox 364 3586 1957 3678">
    <p class='ocr_par' dir='ltr' id='par_1_67' title="bbox 364 3586 1957 3678">
     <span class='ocr_line' id='line_1_67' title="bbox 364 3586 1957 3678; baseline 0.008 -26"><span class='ocrx_word' id='word_1_471' title='bbox 364 3587 515 3655; x_wconf 77' lang='lat' dir='ltr'><strong>Inter</strong></span> <span class='ocrx_word' id='word_1_472' title='bbox 540 3598 723 3655; x_wconf 88' lang='lat' dir='ltr'><strong>omnia</strong></span> <span class='ocrx_word' id='word_1_473' title='bbox 748 3586 901 3666; x_wconf 86' lang='lat' dir='ltr'><strong>vero,</strong></span> <span class='ocrx_word' id='word_1_474' title='bbox 930 3609 989 3657; x_wconf 90' lang='lat' dir='ltr'><strong>ut</strong></span> <span class='ocrx_word' id='word_1_475' title='bbox 1019 3618 1048 3657; x_wconf 89' lang='lat' dir='ltr'><strong>a</strong></span> <span class='ocrx_word' id='word_1_476' title='bbox 1082 3617 1169 3658; x_wconf 91' lang='lat' dir='ltr'><strong>me</strong></span> <span class='ocrx_word' id='word_1_477' title='bbox 1198 3602 1406 3660; x_wconf 89' lang='lat' dir='ltr'><strong>dictum</strong></span> <span class='ocrx_word' id='word_1_478' title='bbox 1439 3614 1543 3669; x_wconf 85' lang='lat' dir='ltr'><strong>est,</strong></span> <span class='ocrx_word' id='word_1_479' title='bbox 1572 3606 1774 3678; x_wconf 76' lang='lat' dir='ltr'><strong>glorior</strong></span> <span class='ocrx_word' id='word_1_480' title='bbox 1795 3607 1957 3665; x_wconf 83' lang='lat' dir='ltr'><strong>invo-</strong></span> 
     </span>
    </p>
   </div>
   <div class='ocr_carea' id='block_1_68' title="bbox 362 3688 1956 3762">
    <p class='ocr_par' dir='ltr' id='par_1_68' title="bbox 362 3688 1956 3762">
     <span class='ocr_line' id='line_1_68' title="bbox 362 3688 1956 3762; baseline 0.008 -17"><span class='ocrx_word' id='word_1_481' title='bbox 362 3689 579 3746; x_wconf 84' lang='lat' dir='ltr'><strong>catione</strong></span> <span class='ocrx_word' id='word_1_482' title='bbox 614 3690 721 3746; x_wconf 87' lang='lat' dir='ltr'><strong>mei</strong></span> <span class='ocrx_word' id='word_1_483' title='bbox 752 3688 953 3747; x_wconf 89' lang='lat' dir='ltr'><strong>Christi</strong></span> <span class='ocrx_word' id='word_1_484' title='bbox 979 3700 1035 3748; x_wconf 88' lang='lat' dir='ltr'><strong>et</strong></span> <span class='ocrx_word' id='word_1_485' title='bbox 1066 3692 1305 3762; x_wconf 87' lang='lat' dir='ltr'><strong>Domini,</strong></span> <span class='ocrx_word' id='word_1_486' title='bbox 1328 3696 1416 3752; x_wconf 90' lang='lat' dir='ltr'><strong>cui</strong></span> <span class='ocrx_word' id='word_1_487' title='bbox 1442 3695 1517 3752; x_wconf 83' lang='lat' dir='ltr'><strong>fui</strong></span> <span class='ocrx_word' id='word_1_488' title='bbox 1553 3698 1735 3755; x_wconf 87' lang='lat' dir='ltr'><strong>oblata</strong></span> <span class='ocrx_word' id='word_1_489' title='bbox 1776 3703 1956 3757; x_wconf 86' lang='lat' dir='ltr'><strong>conti-</strong></span> 
     </span>
    </p>
   </div>
   <div class='ocr_carea' id='block_1_69' title="bbox 364 3784 1956 3867">
    <p class='ocr_par' dir='ltr' id='par_1_69' title="bbox 364 3784 1956 3867">
     <span class='ocr_line' id='line_1_69' title="bbox 364 3784 1956 3867; baseline 0.009 -30"><span class='ocrx_word' id='word_1_490' title='bbox 364 3792 474 3838; x_wconf 89' lang='lat' dir='ltr'><strong>nuo</strong></span> <span class='ocrx_word' id='word_1_491' title='bbox 500 3784 568 3839; x_wconf 88' lang='lat' dir='ltr'><strong>ab</strong></span> <span class='ocrx_word' id='word_1_492' title='bbox 603 3792 751 3851; x_wconf 87' lang='lat' dir='ltr'><strong>ortu,</strong></span> <span class='ocrx_word' id='word_1_493' title='bbox 782 3793 837 3842; x_wconf 92' lang='lat' dir='ltr'><strong>et</strong></span> <span class='ocrx_word' id='word_1_494' title='bbox 866 3786 955 3841; x_wconf 89' lang='lat' dir='ltr'><strong>cui</strong></span> <span class='ocrx_word' id='word_1_495' title='bbox 979 3785 1152 3844; x_wconf 88' lang='lat' dir='ltr'><strong>obtuli</strong></span> <span class='ocrx_word' id='word_1_496' title='bbox 1181 3788 1419 3846; x_wconf 84' lang='lat' dir='ltr'><strong>fructum</strong></span> <span class='ocrx_word' id='word_1_497' title='bbox 1444 3793 1551 3848; x_wconf 91' lang='lat' dir='ltr'><strong>mei</strong></span> <span class='ocrx_word' id='word_1_498' title='bbox 1600 3795 1738 3850; x_wconf 86' lang='lat' dir='ltr'><strong>uteri</strong></span> <span class='ocrx_word' id='word_1_499' title='bbox 1772 3811 1787 3850; x_wconf 88' lang='lat'><strong>:</strong></span> <span class='ocrx_word' id='word_1_500' title='bbox 1827 3812 1956 3867; x_wconf 86' lang='lat' dir='ltr'><strong>pro-</strong></span> 
     </span>
    </p>
   </div>
   <div class='ocr_carea' id='block_1_70' title="bbox 362 3880 1959 3949">
    <p class='ocr_par' dir='ltr' id='par_1_70' title="bbox 362 3880 1959 3949">
     <span class='ocr_line' id='line_1_70' title="bbox 362 3880 1959 3949; baseline 0.01 -18"><span class='ocrx_word' id='word_1_501' title='bbox 362 3885 485 3947; x_wconf 88' lang='lat' dir='ltr'><strong>pter</strong></span> <span class='ocrx_word' id='word_1_502' title='bbox 513 3892 676 3949; x_wconf 88' lang='lat' dir='ltr'><strong>quem</strong></span> <span class='ocrx_word' id='word_1_503' title='bbox 705 3880 870 3935; x_wconf 88' lang='lat' dir='ltr'><strong>etiam</strong></span> <span class='ocrx_word' id='word_1_504' title='bbox 886 3881 1137 3937; x_wconf 85' lang='lat' dir='ltr'><strong>venimus</strong></span> <span class='ocrx_word' id='word_1_505' title='bbox 1157 3881 1213 3937; x_wconf 91' lang='lat' dir='ltr'><strong>in</strong></span> <span class='ocrx_word' id='word_1_506' title='bbox 1242 3882 1391 3939; x_wconf 87' lang='lat' dir='ltr'><strong>hanc</strong></span> <span class='ocrx_word' id='word_1_507' title='bbox 1421 3883 1797 3943; x_wconf 77' lang='lat' dir='ltr'><strong>Romanorum</strong></span> <span class='ocrx_word' id='word_1_508' title='bbox 1823 3889 1959 3947; x_wconf 84' lang='lat' dir='ltr'><strong>civi-</strong></span> 
     </span>
    </p>
   </div>
   <div class='ocr_carea' id='block_1_71' title="bbox 362 3971 1953 4045">
    <p class='ocr_par' dir='ltr' id='par_1_71' title="bbox 362 3971 1953 4045">
     <span class='ocr_line' id='line_1_71' title="bbox 362 3971 1953 4045; baseline 0.006 -23"><span class='ocrx_word' id='word_1_509' title='bbox 362 3977 553 4031; x_wconf 90' lang='lat' dir='ltr'><strong>tatem,</strong></span> <span class='ocrx_word' id='word_1_510' title='bbox 583 3976 642 4026; x_wconf 91' lang='lat' dir='ltr'><strong>ut</strong></span> <span class='ocrx_word' id='word_1_511' title='bbox 662 3980 789 4023; x_wconf 87' lang='lat' dir='ltr'><strong>cum</strong></span> <span class='ocrx_word' id='word_1_512' title='bbox 816 3979 1019 4031; x_wconf 81' lang='lat' dir='ltr'><strong>rectam</strong></span> <span class='ocrx_word' id='word_1_513' title='bbox 1054 3971 1214 4029; x_wconf 83' lang='lat' dir='ltr'><strong>iidem</strong></span> <span class='ocrx_word' id='word_1_514' title='bbox 1250 3988 1423 4045; x_wconf 90' lang='lat' dir='ltr'><strong>usque</strong></span> <span class='ocrx_word' id='word_1_515' title='bbox 1450 3974 1517 4030; x_wconf 87' lang='lat' dir='ltr'><strong>ad</strong></span> <span class='ocrx_word' id='word_1_516' title='bbox 1545 3985 1778 4033; x_wconf 88' lang='lat' dir='ltr'><strong>mortem</strong></span> <span class='ocrx_word' id='word_1_517' title='bbox 1815 3993 1953 4033; x_wconf 84' lang='lat' dir='ltr'><strong>con-</strong></span> 
     </span>
    </p>
   </div>
   <div class='ocr_carea' id='block_1_72' title="bbox 361 4061 1954 4143">
    <p class='ocr_par' dir='ltr' id='par_1_72' title="bbox 361 4061 1954 4143">
     <span class='ocr_line' id='line_1_72' title="bbox 361 4061 1954 4143; baseline 0.007 -27"><span class='ocrx_word' id='word_1_518' title='bbox 361 4061 784 4129; x_wconf 78' lang='lat' dir='ltr'><strong>servaverimus,</strong></span> <span class='ocrx_word' id='word_1_519' title='bbox 851 4064 1146 4134; x_wconf 88' lang='lat' dir='ltr'><strong>pulchrum</strong></span> <span class='ocrx_word' id='word_1_520' title='bbox 1206 4065 1467 4124; x_wconf 81' lang='lat' dir='ltr'><strong>viaticum</strong></span> <span class='ocrx_word' id='word_1_521' title='bbox 1501 4066 1818 4137; x_wconf 74' lang='lat' dir='ltr'><strong>aﬂ&#39;erentes,</strong></span> <span class='ocrx_word' id='word_1_522' title='bbox 1852 4087 1954 4143; x_wconf 90' lang='lat' dir='ltr'><strong>pro</strong></span> 
     </span>
    </p>
   </div>
   <div class='ocr_carea' id='block_1_73' title="bbox 358 4151 1955 4226">
    <p class='ocr_par' dir='ltr' id='par_1_73' title="bbox 358 4151 1955 4226">
     <span class='ocr_line' id='line_1_73' title="bbox 358 4151 1955 4226; baseline 0.008 -18"><span class='ocrx_word' id='word_1_523' title='bbox 358 4151 582 4210; x_wconf 78' lang='lat' dir='ltr'><strong>Chrism</strong></span> <span class='ocrx_word' id='word_1_524' title='bbox 612 4163 925 4226; x_wconf 83' lang='lat' dir='ltr'><strong>susceptam</strong></span> <span class='ocrx_word' id='word_1_525' title='bbox 954 4152 1411 4224; x_wconf 86' lang='lat' dir='ltr'><strong>decertationem,</strong></span> <span class='ocrx_word' id='word_1_526' title='bbox 1445 4169 1502 4215; x_wconf 89' lang='lat' dir='ltr'><strong>et</strong></span> <span class='ocrx_word' id='word_1_527' title='bbox 1539 4168 1897 4219; x_wconf 85' lang='lat' dir='ltr'><strong>transeuntes</strong></span> <span class='ocrx_word' id='word_1_528' title='bbox 1921 4178 1955 4220; x_wconf 87' lang='lat' dir='ltr'><strong>a</strong></span> 
     </span>
    </p>
   </div>
   <div class='ocr_carea' id='block_1_74' title="bbox 362 4243 1955 4326">
    <p class='ocr_par' dir='ltr' id='par_1_74' title="bbox 362 4243 1955 4326">
     <span class='ocr_line' id='line_1_74' title="bbox 362 4243 1955 4326; baseline 0.009 -29"><span class='ocrx_word' id='word_1_529' title='bbox 362 4251 540 4299; x_wconf 86' lang='lat' dir='ltr'><strong>morte</strong></span> <span class='ocrx_word' id='word_1_530' title='bbox 573 4243 631 4299; x_wconf 87' lang='lat' dir='ltr'><strong>in</strong></span> <span class='ocrx_word' id='word_1_531' title='bbox 664 4245 850 4313; x_wconf 84' lang='lat' dir='ltr'><strong>vitam,</strong></span> <span class='ocrx_word' id='word_1_532' title='bbox 885 4245 1131 4303; x_wconf 64' lang='lat' dir='ltr'><strong>haeredes</strong></span> <span class='ocrx_word' id='word_1_533' title='bbox 1166 4249 1342 4309; x_wconf 84' lang='lat' dir='ltr'><strong>simus</strong></span> <span class='ocrx_word' id='word_1_534' title='bbox 1375 4250 1785 4326; x_wconf 72' lang='lat' dir='ltr'><strong>bonorumqua:</strong></span> <span class='ocrx_word' id='word_1_535' title='bbox 1825 4267 1955 4312; x_wconf 88' lang='lat' dir='ltr'><strong>sunt</strong></span> 
     </span>
    </p>
   </div>
   <div class='ocr_carea' id='block_1_75' title="bbox 361 4335 789 4407">
    <p class='ocr_par' dir='ltr' id='par_1_75' title="bbox 361 4335 789 4407">
     <span class='ocr_line' id='line_1_75' title="bbox 361 4335 789 4407; baseline 0.005 -17"><span class='ocrx_word' id='word_1_536' title='bbox 361 4335 473 4392; x_wconf 87' lang='lat' dir='ltr'><strong>illic</strong></span> <span class='ocrx_word' id='word_1_537' title='bbox 502 4337 789 4407; x_wconf 86' lang='lat' dir='ltr'><strong>promissa.</strong></span> 
     </span>
    </p>
   </div>
   <div class='ocr_carea' id='block_1_76' title="bbox 433 4426 1955 4503">
    <p class='ocr_par' dir='ltr' id='par_1_76' title="bbox 433 4426 1955 4503">
     <span class='ocr_line' id='line_1_76' title="bbox 433 4426 1955 4503; baseline 0.009 -19"><span class='ocrx_word' id='word_1_538' title='bbox 433 4426 524 4487; x_wconf 83' lang='lat' dir='ltr'><strong>iV.</strong></span> <span class='ocrx_word' id='word_1_539' title='bbox 557 4428 766 4488; x_wconf 84' lang='lat' dir='ltr'><strong>Horum</strong></span> <span class='ocrx_word' id='word_1_540' title='bbox 796 4432 1088 4490; x_wconf 81' lang='lat' dir='ltr'><strong>verborum</strong></span> <span class='ocrx_word' id='word_1_541' title='bbox 1119 4435 1450 4503; x_wconf 87' lang='lat' dir='ltr'><strong>libertatem,</strong></span> <span class='ocrx_word' id='word_1_542' title='bbox 1482 4445 1537 4495; x_wconf 90' lang='lat' dir='ltr'><strong>et</strong></span> <span class='ocrx_word' id='word_1_543' title='bbox 1558 4439 1955 4498; x_wconf 86' lang='lat' dir='ltr'><strong>cumlibertate</strong></span> 
     </span>
    </p>
   </div>
   <div class='ocr_carea' id='block_1_77' title="bbox 359 4523 1951 4606">
    <p class='ocr_par' dir='ltr' id='par_1_77' title="bbox 359 4523 1951 4606">
     <span class='ocr_line' id='line_1_77' title="bbox 359 4523 1951 4606; baseline 0.008 -28"><span class='ocrx_word' id='word_1_544' title='bbox 359 4523 688 4595; x_wconf 76' lang='lat' dir='ltr'><strong>sapientiam</strong></span> <span class='ocrx_word' id='word_1_545' title='bbox 715 4524 1020 4583; x_wconf 88' lang='lat' dir='ltr'><strong>admiratus</strong></span> <span class='ocrx_word' id='word_1_546' title='bbox 1042 4535 1126 4583; x_wconf 88' lang='lat' dir='ltr'><strong>est</strong></span> <span class='ocrx_word' id='word_1_547' title='bbox 1156 4529 1377 4601; x_wconf 88' lang='lat' dir='ltr'><strong>impius.</strong></span> <span class='ocrx_word' id='word_1_548' title='bbox 1402 4529 1473 4587; x_wconf 88' lang='lat' dir='ltr'><strong>Ut</strong></span> <span class='ocrx_word' id='word_1_549' title='bbox 1502 4533 1598 4603; x_wconf 89' lang='lat' dir='ltr'><strong>qui</strong></span> <span class='ocrx_word' id='word_1_550' title='bbox 1627 4541 1809 4590; x_wconf 86' lang='lat' dir='ltr'><strong>autem</strong></span> <span class='ocrx_word' id='word_1_551' title='bbox 1839 4535 1951 4606; x_wconf 74' lang='lat' dir='ltr'><strong>iam</strong></span> 
     </span>
    </p>
   </div>
   <div class='ocr_carea' id='block_1_78' title="bbox 362 4616 1949 4697">
    <p class='ocr_par' dir='ltr' id='par_1_78' title="bbox 362 4616 1949 4697">
     <span class='ocr_line' id='line_1_78' title="bbox 362 4616 1949 4697; baseline 0.009 -27"><span class='ocrx_word' id='word_1_552' title='bbox 362 4616 545 4688; x_wconf 88' lang='lat' dir='ltr'><strong>primo</strong></span> <span class='ocrx_word' id='word_1_553' title='bbox 561 4617 704 4673; x_wconf 84' lang='lat' dir='ltr'><strong>facto</strong></span> <span class='ocrx_word' id='word_1_554' title='bbox 730 4619 976 4690; x_wconf 88' lang='lat' dir='ltr'><strong>periculo</strong></span> <span class='ocrx_word' id='word_1_555' title='bbox 1011 4630 1159 4677; x_wconf 83' lang='lat' dir='ltr'><strong>esset</strong></span> <span class='ocrx_word' id='word_1_556' title='bbox 1209 4635 1524 4694; x_wconf 84' lang='lat' dir='ltr'><strong>superatus.</strong></span> <span class='ocrx_word' id='word_1_557' title='bbox 1567 4634 1699 4682; x_wconf 89' lang='lat' dir='ltr'><strong>tunc</strong></span> <span class='ocrx_word' id='word_1_558' title='bbox 1728 4628 1949 4697; x_wconf 80' lang='lat' dir='ltr'><strong>quidem</strong></span> 
     </span>
    </p>
   </div>
   <div class='ocr_carea' id='block_1_79' title="bbox 359 4706 1951 4789">
    <p class='ocr_par' dir='ltr' id='par_1_79' title="bbox 359 4706 1951 4789">
     <span class='ocr_line' id='line_1_79' title="bbox 359 4706 1951 4789; baseline 0.006 -23"><span class='ocrx_word' id='word_1_559' title='bbox 359 4710 575 4767; x_wconf 86' lang='lat' dir='ltr'><strong>distulit</strong></span> <span class='ocrx_word' id='word_1_560' title='bbox 599 4711 870 4785; x_wconf 78' lang='lat' dir='ltr'><strong>virginum</strong></span> <span class='ocrx_word' id='word_1_561' title='bbox 895 4706 1377 4787; x_wconf 81' lang='lat' dir='ltr'><strong>interrogationem</strong></span> <span class='ocrx_word' id='word_1_562' title='bbox 1411 4733 1427 4783; x_wconf 87' lang='lat'><strong>;</strong></span> <span class='ocrx_word' id='word_1_563' title='bbox 1467 4718 1608 4788; x_wconf 81' lang='lat' dir='ltr'><strong>apud</strong></span> <span class='ocrx_word' id='word_1_564' title='bbox 1659 4721 1951 4789; x_wconf 83' lang='lat' dir='ltr'><strong>quamdam</strong></span> 
     </span>
    </p>
   </div>
   <div class='ocr_carea' id='block_1_80' title="bbox 364 4805 1950 4877">
    <p class='ocr_par' dir='ltr' id='par_1_80' title="bbox 364 4805 1950 4877">
     <span class='ocr_line' id='line_1_80' title="bbox 364 4805 1950 4877; baseline 0.008 -18"><span class='ocrx_word' id='word_1_565' title='bbox 364 4815 545 4860; x_wconf 79' lang='lat' dir='ltr'><strong>autem</strong></span> <span class='ocrx_word' id='word_1_566' title='bbox 561 4805 843 4864; x_wconf 85' lang='lat' dir='ltr'><strong>mulierem</strong></span> <span class='ocrx_word' id='word_1_567' title='bbox 867 4806 1078 4863; x_wconf 89' lang='lat' dir='ltr'><strong>ordinis</strong></span> <span class='ocrx_word' id='word_1_568' title='bbox 1094 4810 1381 4875; x_wconf 87' lang='lat' dir='ltr'><strong>senatorii,</strong></span> <span class='ocrx_word' id='word_1_569' title='bbox 1399 4811 1620 4871; x_wconf 82' lang='lat' dir='ltr'><strong>nomine</strong></span> <span class='ocrx_word' id='word_1_570' title='bbox 1634 4810 1950 4877; x_wconf 79' lang='lat' dir='ltr'><strong>Palladiam.</strong></span> 
     </span>
    </p>
   </div>
   <div class='ocr_carea' id='block_1_81' title="bbox 362 4896 1952 4973">
    <p class='ocr_par' dir='ltr' id='par_1_81' title="bbox 362 4896 1952 4973">
     <span class='ocr_line' id='line_1_81' title="bbox 362 4896 1952 4973; baseline 0.005 -21"><span class='ocrx_word' id='word_1_571' title='bbox 362 4896 518 4969; x_wconf 80' lang='lat' dir='ltr'><strong>jubet</strong></span> <span class='ocrx_word' id='word_1_572' title='bbox 545 4913 642 4954; x_wconf 82' lang='lat' dir='ltr'><strong>eas</strong></span> <span class='ocrx_word' id='word_1_573' title='bbox 673 4913 799 4954; x_wconf 90' lang='lat' dir='ltr'><strong>cum</strong></span> <span class='ocrx_word' id='word_1_574' title='bbox 820 4909 995 4955; x_wconf 85' lang='lat' dir='ltr'><strong>matre</strong></span> <span class='ocrx_word' id='word_1_575' title='bbox 1017 4901 1249 4969; x_wconf 79' lang='lat' dir='ltr'><strong>servari,</strong></span> <span class='ocrx_word' id='word_1_576' title='bbox 1279 4902 1559 4973; x_wconf 84' lang='lat' dir='ltr'><strong>imperans</strong></span> <span class='ocrx_word' id='word_1_577' title='bbox 1579 4911 1638 4959; x_wconf 91' lang='lat' dir='ltr'><strong>ut</strong></span> <span class='ocrx_word' id='word_1_578' title='bbox 1666 4918 1761 4960; x_wconf 88' lang='lat' dir='ltr'><strong>eas</strong></span> <span class='ocrx_word' id='word_1_579' title='bbox 1791 4906 1952 4961; x_wconf 84' lang='lat' dir='ltr'><strong>tertio</strong></span> 
     </span>
    </p>
   </div>
   <div class='ocr_carea' id='block_1_82' title="bbox 361 4989 1953 5059">
    <p class='ocr_par' dir='ltr' id='par_1_82' title="bbox 361 4989 1953 5059">
     <span class='ocr_line' id='line_1_82' title="bbox 361 4989 1953 5059; baseline 0.005 -15"><span class='ocrx_word' id='word_1_580' title='bbox 361 4989 451 5045; x_wconf 90' lang='lat' dir='ltr'><strong>die</strong></span> <span class='ocrx_word' id='word_1_581' title='bbox 482 4989 819 5059; x_wconf 83' lang='lat' dir='ltr'><strong>produceret</strong></span> <span class='ocrx_word' id='word_1_582' title='bbox 845 4991 912 5047; x_wconf 89' lang='lat' dir='ltr'><strong>ad</strong></span> <span class='ocrx_word' id='word_1_583' title='bbox 946 4992 1439 5051; x_wconf 79' lang='lat' dir='ltr'><strong>examinationem.</strong></span> <span class='ocrx_word' id='word_1_584' title='bbox 1476 4993 1584 5049; x_wconf 60' lang='lat' dir='ltr'><strong>Illic</strong></span> <span class='ocrx_word' id='word_1_585' title='bbox 1617 5004 1800 5051; x_wconf 88' lang='lat' dir='ltr'><strong>autem</strong></span> <span class='ocrx_word' id='word_1_586' title='bbox 1839 4997 1953 5053; x_wconf 88' lang='lat' dir='ltr'><strong>otio</strong></span> 
     </span>
    </p>
   </div>
   <div class='ocr_carea' id='block_1_83' title="bbox 360 5084 1953 5155">
    <p class='ocr_par' dir='ltr' id='par_1_83' title="bbox 360 5084 1953 5155">
     <span class='ocr_line' id='line_1_83' title="bbox 360 5084 1953 5155; baseline 0.007 -17"><span class='ocrx_word' id='word_1_587' title='bbox 360 5085 506 5155; x_wconf 77' lang='lat' dir='ltr'><strong>quod</strong></span> <span class='ocrx_word' id='word_1_588' title='bbox 526 5084 605 5141; x_wconf 87' lang='lat' dir='ltr'><strong>eis</strong></span> <span class='ocrx_word' id='word_1_589' title='bbox 624 5085 811 5142; x_wconf 85' lang='lat' dir='ltr'><strong>datum</strong></span> <span class='ocrx_word' id='word_1_590' title='bbox 830 5086 1029 5154; x_wconf 82' lang='lat' dir='ltr'><strong>fuerat,</strong></span> <span class='ocrx_word' id='word_1_591' title='bbox 1055 5097 1205 5145; x_wconf 88' lang='lat' dir='ltr'><strong>recte</strong></span> <span class='ocrx_word' id='word_1_592' title='bbox 1225 5097 1442 5146; x_wconf 83' lang='lat' dir='ltr'><strong>utentes</strong></span> <span class='ocrx_word' id='word_1_593' title='bbox 1469 5090 1709 5147; x_wconf 89' lang='lat' dir='ltr'><strong>animum</strong></span> <span class='ocrx_word' id='word_1_594' title='bbox 1724 5092 1953 5149; x_wconf 57' lang='lat' dir='ltr'><strong>adhibe-</strong></span> 
     </span>
    </p>
   </div>
   <div class='ocr_carea' id='block_1_84' title="bbox 365 5181 1950 5257">
    <p class='ocr_par' dir='ltr' id='par_1_84' title="bbox 365 5181 1950 5257">
     <span class='ocr_line' id='line_1_84' title="bbox 365 5181 1950 5257; baseline 0.006 -25"><span class='ocrx_word' id='word_1_595' title='bbox 365 5183 497 5235; x_wconf 83' lang='lat' dir='ltr'><strong>haut</strong></span> <span class='ocrx_word' id='word_1_596' title='bbox 521 5181 702 5247; x_wconf 86' lang='lat' dir='ltr'><strong>matri,</strong></span> <span class='ocrx_word' id='word_1_597' title='bbox 732 5197 853 5252; x_wconf 74' lang='lat' dir='ltr'><strong>qua:</strong></span> <span class='ocrx_word' id='word_1_598' title='bbox 883 5183 963 5238; x_wconf 90' lang='lat' dir='ltr'><strong>eis</strong></span> <span class='ocrx_word' id='word_1_599' title='bbox 993 5183 1260 5239; x_wconf 85' lang='lat' dir='ltr'><strong>suadebat</strong></span> <span class='ocrx_word' id='word_1_600' title='bbox 1289 5198 1351 5239; x_wconf 86' lang='lat' dir='ltr'><strong>ea</strong></span> <span class='ocrx_word' id='word_1_601' title='bbox 1382 5184 1580 5254; x_wconf 88' lang='lat' dir='ltr'><strong>quibus</strong></span> <span class='ocrx_word' id='word_1_602' title='bbox 1626 5195 1742 5242; x_wconf 87' lang='lat' dir='ltr'><strong>erat</strong></span> <span class='ocrx_word' id='word_1_603' title='bbox 1792 5201 1950 5257; x_wconf 90' lang='lat' dir='ltr'><strong>opus.</strong></span> 
     </span>
    </p>
   </div>
   <div class='ocr_carea' id='block_1_85' title="bbox 365 5264 1949 5349">
    <p class='ocr_par' dir='ltr' id='par_1_85' title="bbox 365 5264 1949 5349">
     <span class='ocr_line' id='line_1_85' title="bbox 365 5264 1949 5349; baseline 0.006 -23"><span class='ocrx_word' id='word_1_604' title='bbox 365 5264 754 5330; x_wconf 85' lang='lat' dir='ltr'><strong>Dicebatenim</strong></span> <span class='ocrx_word' id='word_1_605' title='bbox 789 5275 1029 5349; x_wconf 80' lang='lat' dir='ltr'><strong>eiszEgo</strong></span> <span class='ocrx_word' id='word_1_606' title='bbox 1057 5276 1299 5348; x_wconf 86' lang='lat' dir='ltr'><strong>quidem,</strong></span> <span class='ocrx_word' id='word_1_607' title='bbox 1322 5294 1355 5334; x_wconf 89' lang='grc' dir='ltr'><strong>ο</strong></span> <span class='ocrx_word' id='word_1_608' title='bbox 1384 5278 1597 5337; x_wconf 71' lang='lat' dir='ltr'><strong>dilectae</strong></span> <span class='ocrx_word' id='word_1_609' title='bbox 1631 5282 1774 5347; x_wconf 66' lang='lat' dir='ltr'><strong>ﬁliae,</strong></span> <span class='ocrx_word' id='word_1_610' title='bbox 1824 5296 1949 5336; x_wconf 84' lang='lat' dir='ltr'><strong>cum</strong></span> 
     </span>
    </p>
   </div>
   <div class='ocr_carea' id='block_1_86' title="bbox 368 5368 1948 5445">
    <p class='ocr_par' dir='ltr' id='par_1_86' title="bbox 368 5368 1948 5445">
     <span class='ocr_line' id='line_1_86' title="bbox 368 5368 1948 5445; baseline 0.006 -26"><span class='ocrx_word' id='word_1_611' title='bbox 368 5379 462 5423; x_wconf 84' lang='lat' dir='ltr'><strong>vos</strong></span> <span class='ocrx_word' id='word_1_612' title='bbox 492 5368 795 5425; x_wconf 84' lang='lat' dir='ltr'><strong>secundum</strong></span> <span class='ocrx_word' id='word_1_613' title='bbox 831 5382 1054 5425; x_wconf 74' lang='lat' dir='ltr'><strong>carnem</strong></span> <span class='ocrx_word' id='word_1_614' title='bbox 1080 5371 1418 5445; x_wconf 81' lang='lat' dir='ltr'><strong>genuissem,</strong></span> <span class='ocrx_word' id='word_1_615' title='bbox 1450 5372 1600 5429; x_wconf 82' lang='lat' dir='ltr'><strong>omni</strong></span> <span class='ocrx_word' id='word_1_616' title='bbox 1615 5373 1864 5429; x_wconf 79' lang='lat' dir='ltr'><strong>doctrina</strong></span> <span class='ocrx_word' id='word_1_617' title='bbox 1896 5383 1948 5429; x_wconf 89' lang='lat' dir='ltr'><strong>et</strong></span> 
     </span>
    </p>
   </div>
   <div class='ocr_carea' id='block_1_87' title="bbox 368 5460 1952 5539">
    <p class='ocr_par' dir='ltr' id='par_1_87' title="bbox 368 5460 1952 5539">
     <span class='ocr_line' id='line_1_87' title="bbox 368 5460 1952 5539; baseline 0.004 -24"><span class='ocrx_word' id='word_1_618' title='bbox 368 5461 536 5517; x_wconf 74' lang='lat' dir='ltr'><strong>sacris</strong></span> <span class='ocrx_word' id='word_1_619' title='bbox 563 5460 788 5519; x_wconf 80' lang='lat' dir='ltr'><strong>Litteris</strong></span> <span class='ocrx_word' id='word_1_620' title='bbox 812 5463 1013 5520; x_wconf 75' lang='lat' dir='ltr'><strong>erudii.</strong></span> <span class='ocrx_word' id='word_1_621' title='bbox 1047 5462 1318 5531; x_wconf 82' lang='lat' dir='ltr'><strong>Quoniam</strong></span> <span class='ocrx_word' id='word_1_622' title='bbox 1367 5477 1546 5522; x_wconf 87' lang='lat' dir='ltr'><strong>autem</strong></span> <span class='ocrx_word' id='word_1_623' title='bbox 1603 5479 1818 5539; x_wconf 87' lang='lat' dir='ltr'><strong>tempus</strong></span> <span class='ocrx_word' id='word_1_624' title='bbox 1857 5483 1952 5525; x_wconf 90' lang='lat' dir='ltr'><strong>vos</strong></span> 
     </span>
    </p>
   </div>
   <div class='ocr_carea' id='block_1_88' title="bbox 364 5552 1950 5631">
    <p class='ocr_par' dir='ltr' id='par_1_88' title="bbox 364 5552 1950 5631">
     <span class='ocr_line' id='line_1_88' title="bbox 364 5552 1950 5631; baseline 0.008 -27"><span class='ocrx_word' id='word_1_625' title='bbox 364 5558 523 5610; x_wconf 58' lang='lat' dir='ltr'><strong>Vocat</strong></span> <span class='ocrx_word' id='word_1_626' title='bbox 553 5552 621 5613; x_wconf 88' lang='lat' dir='ltr'><strong>ad</strong></span> <span class='ocrx_word' id='word_1_627' title='bbox 638 5562 940 5619; x_wconf 83' lang='lat' dir='ltr'><strong>certamen,</strong></span> <span class='ocrx_word' id='word_1_628' title='bbox 966 5568 1213 5614; x_wconf 85' lang='lat' dir='ltr'><strong>meorum</strong></span> <span class='ocrx_word' id='word_1_629' title='bbox 1243 5557 1535 5616; x_wconf 81' lang='lat' dir='ltr'><strong>verborum</strong></span> <span class='ocrx_word' id='word_1_630' title='bbox 1568 5558 1781 5618; x_wconf 78' lang='lat' dir='ltr'><strong>fruetus</strong></span> <span class='ocrx_word' id='word_1_631' title='bbox 1809 5576 1950 5631; x_wconf 83' lang='lat' dir='ltr'><strong>qua-</strong></span> 
     </span>
    </p>
   </div>
   <div class='ocr_carea' id='block_1_89' title="bbox 362 5641 1947 5727">
    <p class='ocr_par' dir='ltr' id='par_1_89' title="bbox 362 5641 1947 5727">
     <span class='ocr_line' id='line_1_89' title="bbox 362 5641 1947 5727; baseline 0.008 -33"><span class='ocrx_word' id='word_1_632' title='bbox 362 5641 431 5698; x_wconf 80' lang='lat' dir='ltr'><strong>iis</strong></span> <span class='ocrx_word' id='word_1_633' title='bbox 461 5645 553 5709; x_wconf 84' lang='lat' dir='ltr'><strong>sit,</strong></span> <span class='ocrx_word' id='word_1_634' title='bbox 582 5644 637 5702; x_wconf 90' lang='lat' dir='ltr'><strong>in</strong></span> <span class='ocrx_word' id='word_1_635' title='bbox 671 5646 823 5703; x_wconf 64' lang='lat' dir='ltr'><strong>v’ohis</strong></span> <span class='ocrx_word' id='word_1_636' title='bbox 858 5656 1155 5727; x_wconf 76' lang='lat' dir='ltr'><strong>appareat:</strong></span> <span class='ocrx_word' id='word_1_637' title='bbox 1182 5658 1242 5705; x_wconf 85' lang='lat' dir='ltr'><strong>et</strong></span> <span class='ocrx_word' id='word_1_638' title='bbox 1271 5650 1363 5706; x_wconf 87' lang='lat' dir='ltr'><strong>diu</strong></span> <span class='ocrx_word' id='word_1_639' title='bbox 1388 5667 1416 5706; x_wconf 67' lang='grc' dir='ltr'><strong>ο</strong></span> <span class='ocrx_word' id='word_1_640' title='bbox 1458 5653 1612 5709; x_wconf 80' lang='lat' dir='ltr'><strong>vobis</strong></span> <span class='ocrx_word' id='word_1_641' title='bbox 1629 5652 1947 5710; x_wconf 81' lang='lat' dir='ltr'><strong>meditatam</strong></span> 
     </span>
    </p>
   </div>
   <div class='ocr_carea' id='block_1_90' title="bbox 476 5819 908 5891">
    <p class='ocr_par' dir='ltr' id='par_1_90' title="bbox 476 5819 908 5891">
     <span class='ocr_line' id='line_1_90' title="bbox 476 5819 908 5891; baseline 0.023 -19"><span class='ocrx_word' id='word_1_642' title='bbox 476 5821 487 5849; x_wconf 83' lang='lat'>&#39;</span> <span class='ocrx_word' id='word_1_643' title='bbox 517 5819 710 5888; x_wconf 73' lang='lat' dir='ltr'><strong>Matth,</strong></span> <span class='ocrx_word' id='word_1_644' title='bbox 733 5842 785 5891; x_wconf 80' lang='lat' dir='ltr'><strong>z,</strong></span> <span class='ocrx_word' id='word_1_645' title='bbox 815 5826 908 5882; x_wconf 67' lang='grc' dir='ltr'><strong>τε.</strong></span> 
     </span>
    </p>
   </div>
   <div class='ocr_carea' id='block_1_91' title="bbox 2068 3237 3658 3316">
    <p class='ocr_par' dir='ltr' id='par_1_91' title="bbox 2068 3237 3658 3316">
     <span class='ocr_line' id='line_1_91' title="bbox 2068 3237 3658 3316; baseline -0.011 -11"><span class='ocrx_word' id='word_1_646' title='bbox 2068 3249 2358 3305; x_wconf 82' lang='grc' dir='ltr'>καλεῖσθαι</span> <span class='ocrx_word' id='word_1_647' title='bbox 2401 3245 2512 3301; x_wconf 70' lang='grc' dir='ltr'><strong>ἀπὸ</strong></span> <span class='ocrx_word' id='word_1_648' title='bbox 2537 3243 2776 3316; x_wconf 76' lang='grc' dir='ltr'>Χριστοῦ</span> <span class='ocrx_word' id='word_1_649' title='bbox 2802 3259 2816 3274; x_wconf 80' lang='grc' dir='ltr'><strong>ο</strong></span> <span class='ocrx_word' id='word_1_650' title='bbox 2853 3240 3029 3311; x_wconf 75' lang='grc' dir='ltr'>Σοφία</span> <span class='ocrx_word' id='word_1_651' title='bbox 3055 3241 3112 3294; x_wconf 73' lang='grc' dir='ltr'>δὲ</span> <span class='ocrx_word' id='word_1_652' title='bbox 3141 3240 3203 3294; x_wconf 79' lang='grc' dir='ltr'><strong>τὸ</strong></span> <span class='ocrx_word' id='word_1_653' title='bbox 3246 3238 3356 3293; x_wconf 81' lang='grc' dir='ltr'><strong>ἀπὸ</strong></span> <span class='ocrx_word' id='word_1_654' title='bbox 3389 3237 3497 3291; x_wconf 88' lang='grc' dir='ltr'><strong>τῶν</strong></span> <span class='ocrx_word' id='word_1_655' title='bbox 3517 3250 3658 3305; x_wconf 83' lang='grc' dir='ltr'>γεν-</span> 
     </span>
    </p>
   </div>
   <div class='ocr_carea' id='block_1_92' title="bbox 2066 3323 3659 3410">
    <p class='ocr_par' dir='ltr' id='par_1_92' title="bbox 2066 3323 3659 3410">
     <span class='ocr_line' id='line_1_92' title="bbox 2066 3323 3659 3410; baseline -0.012 -16"><span class='ocrx_word' id='word_1_656' title='bbox 2066 3338 2311 3410; x_wconf 87' lang='grc' dir='ltr'>νητόρων</span> <span class='ocrx_word' id='word_1_657' title='bbox 2341 3334 2574 3406; x_wconf 82' lang='grc' dir='ltr'>λέγομαι</span> <span class='ocrx_word' id='word_1_658' title='bbox 2600 3351 2614 3366; x_wconf 87' lang='grc'><strong>·</strong></span> <span class='ocrx_word' id='word_1_659' title='bbox 2642 3332 2835 3400; x_wconf 84' lang='grc' dir='ltr'>γένους</span> <span class='ocrx_word' id='word_1_660' title='bbox 2854 3328 3206 3400; x_wconf 83' lang='grc' dir='ltr'>τυγχάνουσα</span> <span class='ocrx_word' id='word_1_661' title='bbox 3228 3327 3339 3380; x_wconf 89' lang='grc' dir='ltr'><strong>τῶν</strong></span> <span class='ocrx_word' id='word_1_662' title='bbox 3363 3327 3463 3388; x_wconf 74' lang='grc' dir='ltr'><strong>τὰς</strong></span> <span class='ocrx_word' id='word_1_663' title='bbox 3493 3323 3659 3396; x_wconf 68' lang='grc' dir='ltr'><strong>πρὼι</strong></span> 
     </span>
    </p>
   </div>
   <div class='ocr_carea' id='block_1_93' title="bbox 2064 3412 3662 3495">
    <p class='ocr_par' dir='ltr' id='par_1_93' title="bbox 2064 3412 3662 3495">
     <span class='ocr_line' id='line_1_93' title="bbox 2064 3412 3662 3495; baseline -0.008 -17"><span class='ocrx_word' id='word_1_664' title='bbox 2064 3439 2165 3486; x_wconf 85' lang='grc' dir='ltr'><strong>τας</strong></span> <span class='ocrx_word' id='word_1_665' title='bbox 2206 3421 2383 3495; x_wconf 78' lang='grc' dir='ltr'>ἀρχάς</span> <span class='ocrx_word' id='word_1_666' title='bbox 2433 3418 2924 3492; x_wconf 75' lang='grc' dir='ltr'>περιϐεϐλημένων</span> <span class='ocrx_word' id='word_1_667' title='bbox 2980 3419 3039 3471; x_wconf 79' lang='grc' dir='ltr'><strong>ἐν</strong></span> <span class='ocrx_word' id='word_1_668' title='bbox 3100 3415 3328 3487; x_wconf 67' lang='grc' dir='ltr'>Ἰταλίαν</span> <span class='ocrx_word' id='word_1_669' title='bbox 3386 3414 3510 3469; x_wconf 81' lang='grc' dir='ltr'>ὅθεν</span> <span class='ocrx_word' id='word_1_670' title='bbox 3554 3412 3662 3466; x_wconf 65' lang='grc' dir='ltr'><strong>καὶ</strong></span> 
     </span>
    </p>
   </div>
   <div class='ocr_carea' id='block_1_94' title="bbox 2064 3506 3660 3589">
    <p class='ocr_par' dir='ltr' id='par_1_94' title="bbox 2064 3506 3660 3589">
     <span class='ocr_line' id='line_1_94' title="bbox 2064 3506 3660 3589; baseline -0.01 -16"><span class='ocrx_word' id='word_1_671' title='bbox 2064 3516 2358 3589; x_wconf 84' lang='grc' dir='ltr'>ὥρμημαι.</span> <span class='ocrx_word' id='word_1_672' title='bbox 2404 3514 2496 3569; x_wconf 83' lang='grc' dir='ltr'>Ἑν</span> <span class='ocrx_word' id='word_1_673' title='bbox 2527 3515 2664 3566; x_wconf 76' lang='grc' dir='ltr'>πᾶσι</span> <span class='ocrx_word' id='word_1_674' title='bbox 2692 3511 2775 3577; x_wconf 72' lang='grc' dir='ltr'><strong>δὲ,</strong></span> <span class='ocrx_word' id='word_1_675' title='bbox 2813 3509 2890 3575; x_wconf 88' lang='grc' dir='ltr'><strong>ῶς</strong></span> <span class='ocrx_word' id='word_1_676' title='bbox 2924 3525 3017 3581; x_wconf 87' lang='grc' dir='ltr'><strong>μοι</strong></span> <span class='ocrx_word' id='word_1_677' title='bbox 3056 3509 3299 3582; x_wconf 74' lang='grc' dir='ltr'>εἴρηται,</span> <span class='ocrx_word' id='word_1_678' title='bbox 3327 3509 3395 3579; x_wconf 76' lang='grc' dir='ltr'>τῇ</span> <span class='ocrx_word' id='word_1_679' title='bbox 3417 3506 3660 3576; x_wconf 75' lang='grc' dir='ltr'>ἐπικλή-</span> 
     </span>
    </p>
   </div>
   <div class='ocr_carea' id='block_1_95' title="bbox 2066 3600 3658 3679">
    <p class='ocr_par' dir='ltr' id='par_1_95' title="bbox 2066 3600 3658 3679">
     <span class='ocr_line' id='line_1_95' title="bbox 2066 3600 3658 3679; baseline -0.009 -15"><span class='ocrx_word' id='word_1_680' title='bbox 2066 3627 2150 3664; x_wconf 85' lang='grc' dir='ltr'><strong>σει</strong></span> <span class='ocrx_word' id='word_1_681' title='bbox 2176 3607 2273 3662; x_wconf 86' lang='grc' dir='ltr'><strong>τοῦ</strong></span> <span class='ocrx_word' id='word_1_682' title='bbox 2300 3606 2437 3679; x_wconf 87' lang='grc' dir='ltr'>ἐμοῦ</span> <span class='ocrx_word' id='word_1_683' title='bbox 2460 3607 2736 3661; x_wconf 83' lang='grc' dir='ltr'>Δεσπὸτου</span> <span class='ocrx_word' id='word_1_684' title='bbox 2769 3603 3010 3679; x_wconf 80' lang='grc' dir='ltr'>Χριστοῦ</span> <span class='ocrx_word' id='word_1_685' title='bbox 3039 3603 3380 3673; x_wconf 79' lang='grc' dir='ltr'>σεμνύνομαι</span> <span class='ocrx_word' id='word_1_686' title='bbox 3420 3600 3658 3671; x_wconf 82' lang='grc' dir='ltr'>μᾶλλον,</span> 
     </span>
    </p>
   </div>
   <div class='ocr_carea' id='block_1_96' title="bbox 2062 3693 3662 3775">
    <p class='ocr_par' dir='ltr' id='par_1_96' title="bbox 2062 3693 3662 3775">
     <span class='ocr_line' id='line_1_96' title="bbox 2062 3693 3662 3775; baseline -0.006 -20"><span class='ocrx_word' id='word_1_687' title='bbox 2062 3702 2108 3775; x_wconf 81' lang='grc' dir='ltr'>ᾧ</span> <span class='ocrx_word' id='word_1_688' title='bbox 2154 3702 2252 3756; x_wconf 71' lang='grc' dir='ltr'>καὶ</span> <span class='ocrx_word' id='word_1_689' title='bbox 2300 3699 2683 3773; x_wconf 82' lang='grc' dir='ltr'>προσηνέχθην</span> <span class='ocrx_word' id='word_1_690' title='bbox 2727 3698 2890 3761; x_wconf 77' lang='grc' dir='ltr'>εὐθὺς</span> <span class='ocrx_word' id='word_1_691' title='bbox 2943 3697 3008 3750; x_wconf 84' lang='grc' dir='ltr'><strong>ἐκ</strong></span> <span class='ocrx_word' id='word_1_692' title='bbox 3056 3698 3386 3766; x_wconf 73' lang='grc' dir='ltr'>γεννήσεως,</span> <span class='ocrx_word' id='word_1_693' title='bbox 3422 3693 3513 3745; x_wconf 83' lang='grc' dir='ltr'><strong>καὶ</strong></span> <span class='ocrx_word' id='word_1_694' title='bbox 3556 3693 3662 3746; x_wconf 80' lang='grc' dir='ltr'><strong>τὸν</strong></span> 
     </span>
    </p>
   </div>
   <div class='ocr_carea' id='block_1_97' title="bbox 2060 3782 3662 3863">
    <p class='ocr_par' dir='ltr' id='par_1_97' title="bbox 2060 3782 3662 3863">
     <span class='ocr_line' id='line_1_97' title="bbox 2060 3782 3662 3863; baseline -0.009 -15"><span class='ocrx_word' id='word_1_695' title='bbox 2060 3792 2170 3847; x_wconf 86' lang='grc' dir='ltr'><strong>τῶν</strong></span> <span class='ocrx_word' id='word_1_696' title='bbox 2199 3791 2351 3863; x_wconf 85' lang='grc' dir='ltr'>ἐμῶν</span> <span class='ocrx_word' id='word_1_697' title='bbox 2402 3790 2613 3844; x_wconf 86' lang='grc' dir='ltr'>ὠδίνων</span> <span class='ocrx_word' id='word_1_698' title='bbox 2656 3786 2871 3858; x_wconf 79' lang='grc' dir='ltr'>καρπὸν</span> <span class='ocrx_word' id='word_1_699' title='bbox 2919 3786 3298 3858; x_wconf 79' lang='grc' dir='ltr'>προσενήνοχα</span> <span class='ocrx_word' id='word_1_700' title='bbox 3321 3800 3335 3815; x_wconf 83' lang='lat'>&#39;</span> <span class='ocrx_word' id='word_1_701' title='bbox 3364 3783 3431 3838; x_wconf 76' lang='grc' dir='ltr'>δι’</span> <span class='ocrx_word' id='word_1_702' title='bbox 3463 3782 3523 3836; x_wconf 84' lang='grc' dir='ltr'>ὃν</span> <span class='ocrx_word' id='word_1_703' title='bbox 3555 3782 3662 3835; x_wconf 73' lang='grc' dir='ltr'>καὶ</span> 
     </span>
    </p>
   </div>
   <div class='ocr_carea' id='block_1_98' title="bbox 2062 3876 3657 3957">
    <p class='ocr_par' dir='ltr' id='par_1_98' title="bbox 2062 3876 3657 3957">
     <span class='ocr_line' id='line_1_98' title="bbox 2062 3876 3657 3957; baseline -0.007 -17"><span class='ocrx_word' id='word_1_704' title='bbox 2062 3888 2143 3951; x_wconf 81' lang='grc' dir='ltr'>εἰς</span> <span class='ocrx_word' id='word_1_705' title='bbox 2167 3886 2327 3957; x_wconf 83' lang='grc' dir='ltr'>τήνδε</span> <span class='ocrx_word' id='word_1_706' title='bbox 2364 3884 2463 3956; x_wconf 83' lang='grc' dir='ltr'>τὴν</span> <span class='ocrx_word' id='word_1_707' title='bbox 2523 3880 2817 3953; x_wconf 86' lang='grc' dir='ltr'>Ῥωμαίων</span> <span class='ocrx_word' id='word_1_708' title='bbox 2865 3880 3348 3950; x_wconf 74' lang='grc' dir='ltr'>παραγεγόναμεν,</span> <span class='ocrx_word' id='word_1_709' title='bbox 3384 3877 3460 3938; x_wconf 84' lang='grc' dir='ltr'>ὡς</span> <span class='ocrx_word' id='word_1_710' title='bbox 3488 3876 3557 3930; x_wconf 87' lang='grc' dir='ltr'><strong>ἂν</strong></span> <span class='ocrx_word' id='word_1_711' title='bbox 3587 3876 3657 3929; x_wconf 73' lang='grc' dir='ltr'>τὸ</span> 
     </span>
    </p>
   </div>
   <div class='ocr_carea' id='block_1_99' title="bbox 2064 3969 3658 4050">
    <p class='ocr_par' dir='ltr' id='par_1_99' title="bbox 2064 3969 3658 4050">
     <span class='ocr_line' id='line_1_99' title="bbox 2064 3969 3658 4050; baseline -0.006 -18"><span class='ocrx_word' id='word_1_712' title='bbox 2064 3979 2193 4050; x_wconf 76' lang='grc' dir='ltr'>περὶ</span> <span class='ocrx_word' id='word_1_713' title='bbox 2217 3978 2316 4048; x_wconf 79' lang='grc' dir='ltr'><strong>τὴν</strong></span> <span class='ocrx_word' id='word_1_714' title='bbox 2349 3977 2532 4031; x_wconf 85' lang='grc' dir='ltr'>πίστιν</span> <span class='ocrx_word' id='word_1_715' title='bbox 2555 3975 2706 4044; x_wconf 82' lang='grc' dir='ltr'>ὑγιὲς</span> <span class='ocrx_word' id='word_1_716' title='bbox 2748 3973 2914 4045; x_wconf 82' lang='grc' dir='ltr'>μέχρι</span> <span class='ocrx_word' id='word_1_717' title='bbox 2946 3975 3041 4027; x_wconf 77' lang='grc' dir='ltr'>καὶ</span> <span class='ocrx_word' id='word_1_718' title='bbox 3074 3972 3239 4026; x_wconf 78' lang='grc' dir='ltr'>αὑτοῦ</span> <span class='ocrx_word' id='word_1_719' title='bbox 3273 3971 3504 4025; x_wconf 83' lang='grc' dir='ltr'>θανάτου</span> <span class='ocrx_word' id='word_1_720' title='bbox 3530 3969 3658 4023; x_wconf 84' lang='grc' dir='ltr'>δια-</span> 
     </span>
    </p>
   </div>
   <div class='ocr_carea' id='block_1_100' title="bbox 2060 4062 3656 4145">
    <p class='ocr_par' dir='ltr' id='par_1_100' title="bbox 2060 4062 3656 4145">
     <span class='ocr_line' id='line_1_100' title="bbox 2060 4062 3656 4145; baseline -0.008 -18"><span class='ocrx_word' id='word_1_721' title='bbox 2060 4072 2402 4145; x_wconf 77' lang='grc' dir='ltr'>τηρήσασαι,</span> <span class='ocrx_word' id='word_1_722' title='bbox 2449 4070 2546 4124; x_wconf 77' lang='grc' dir='ltr'><strong>καὶ</strong></span> <span class='ocrx_word' id='word_1_723' title='bbox 2594 4069 2770 4123; x_wconf 63' lang='grc' dir='ltr'>καλὸνι</span> <span class='ocrx_word' id='word_1_724' title='bbox 2810 4066 3024 4138; x_wconf 83' lang='grc' dir='ltr'>ἐφόδιον</span> <span class='ocrx_word' id='word_1_725' title='bbox 3058 4067 3161 4136; x_wconf 78' lang='grc' dir='ltr'>τὴν</span> <span class='ocrx_word' id='word_1_726' title='bbox 3218 4064 3361 4136; x_wconf 81' lang='grc' dir='ltr'>ὑπὲρ</span> <span class='ocrx_word' id='word_1_727' title='bbox 3402 4062 3656 4134; x_wconf 77' lang='grc' dir='ltr'>Χριστοῦ</span> 
     </span>
    </p>
   </div>
   <div class='ocr_carea' id='block_1_101' title="bbox 2059 4150 3656 4230">
    <p class='ocr_par' dir='ltr' id='par_1_101' title="bbox 2059 4150 3656 4230">
     <span class='ocr_line' id='line_1_101' title="bbox 2059 4150 3656 4230; baseline -0.007 -15"><span class='ocrx_word' id='word_1_728' title='bbox 2059 4159 2293 4230; x_wconf 77' lang='grc' dir='ltr'>ἄθλησιν</span> <span class='ocrx_word' id='word_1_729' title='bbox 2329 4157 2696 4228; x_wconf 84' lang='grc' dir='ltr'>ἐπαγόμεναι.</span> <span class='ocrx_word' id='word_1_730' title='bbox 2734 4152 3048 4226; x_wconf 77' lang='grc' dir='ltr'>μεταϐᾶσαί</span> <span class='ocrx_word' id='word_1_731' title='bbox 3096 4169 3159 4206; x_wconf 89' lang='grc' dir='ltr'><strong>τε</strong></span> <span class='ocrx_word' id='word_1_732' title='bbox 3207 4152 3318 4207; x_wconf 67' lang='grc' dir='ltr'>ἀπὸ</span> <span class='ocrx_word' id='word_1_733' title='bbox 3345 4151 3441 4205; x_wconf 90' lang='grc' dir='ltr'><strong>τοῦ</strong></span> <span class='ocrx_word' id='word_1_734' title='bbox 3478 4150 3656 4204; x_wconf 80' lang='grc' dir='ltr'>θανά-</span> 
     </span>
    </p>
   </div>
   <div class='ocr_carea' id='block_1_102' title="bbox 2060 4242 3657 4322">
    <p class='ocr_par' dir='ltr' id='par_1_102' title="bbox 2060 4242 3657 4322">
     <span class='ocr_line' id='line_1_102' title="bbox 2060 4242 3657 4322; baseline -0.005 -17"><span class='ocrx_word' id='word_1_735' title='bbox 2060 4268 2154 4306; x_wconf 90' lang='grc' dir='ltr'><strong>του</strong></span> <span class='ocrx_word' id='word_1_736' title='bbox 2184 4252 2265 4315; x_wconf 83' lang='grc' dir='ltr'><strong>είς</strong></span> <span class='ocrx_word' id='word_1_737' title='bbox 2292 4250 2390 4322; x_wconf 76' lang='grc' dir='ltr'>τὴν</span> <span class='ocrx_word' id='word_1_738' title='bbox 2414 4248 2560 4319; x_wconf 76' lang='grc' dir='ltr'>ζωὴν</span> <span class='ocrx_word' id='word_1_739' title='bbox 2587 4247 2696 4304; x_wconf 81' lang='grc' dir='ltr'><strong>τῶν</strong></span> <span class='ocrx_word' id='word_1_740' title='bbox 2725 4248 2784 4302; x_wconf 80' lang='grc' dir='ltr'><strong>ἐν</strong></span> <span class='ocrx_word' id='word_1_741' title='bbox 2815 4245 3177 4316; x_wconf 77' lang='grc' dir='ltr'>ἐπαγγελίαις</span> <span class='ocrx_word' id='word_1_742' title='bbox 3196 4244 3407 4299; x_wconf 79' lang='grc' dir='ltr'>ἐκεῖθεν</span> <span class='ocrx_word' id='word_1_743' title='bbox 3441 4242 3657 4314; x_wconf 78' lang='grc' dir='ltr'>κληρο-</span> 
     </span>
    </p>
   </div>
   <div class='ocr_carea' id='block_1_103' title="bbox 2060 4340 2665 4416">
    <p class='ocr_par' dir='ltr' id='par_1_103' title="bbox 2060 4340 2665 4416">
     <span class='ocr_line' id='line_1_103' title="bbox 2060 4340 2665 4416; baseline -0.003 -18"><span class='ocrx_word' id='word_1_744' title='bbox 2060 4345 2393 4416; x_wconf 81' lang='grc' dir='ltr'>νομήσωμεν</span> <span class='ocrx_word' id='word_1_745' title='bbox 2419 4340 2665 4411; x_wconf 85' lang='grc' dir='ltr'>ἀγαθῶν.</span> 
     </span>
    </p>
   </div>
   <div class='ocr_carea' id='block_1_104' title="bbox 2131 4430 3661 4506">
    <p class='ocr_par' dir='ltr' id='par_1_104' title="bbox 2131 4430 3661 4506">
     <span class='ocr_line' id='line_1_104' title="bbox 2131 4430 3661 4506; baseline -0.007 -12"><span class='ocrx_word' id='word_1_746' title='bbox 2131 4438 2206 4493; x_wconf 88' lang='grc' dir='ltr'><strong>Δ’.</strong></span> <span class='ocrx_word' id='word_1_747' title='bbox 2240 4435 2420 4493; x_wconf 77' lang='grc' dir='ltr'>Τῶνδε</span> <span class='ocrx_word' id='word_1_748' title='bbox 2476 4435 2584 4490; x_wconf 83' lang='grc' dir='ltr'><strong>τῶν</strong></span> <span class='ocrx_word' id='word_1_749' title='bbox 2620 4435 2886 4506; x_wconf 81' lang='grc' dir='ltr'>ῥημάτων</span> <span class='ocrx_word' id='word_1_750' title='bbox 2922 4433 2952 4487; x_wconf 84' lang='grc' dir='ltr'><strong>δ</strong></span> <span class='ocrx_word' id='word_1_751' title='bbox 3002 4432 3270 4503; x_wconf 72' lang='grc' dir='ltr'>δυσσεϐὴς</span> <span class='ocrx_word' id='word_1_752' title='bbox 3303 4432 3405 4503; x_wconf 87' lang='grc' dir='ltr'><strong>τὴν</strong></span> <span class='ocrx_word' id='word_1_753' title='bbox 3433 4430 3661 4485; x_wconf 74' lang='grc' dir='ltr'>ἐλευθε-</span> 
     </span>
    </p>
   </div>
   <div class='ocr_carea' id='block_1_105' title="bbox 1985 4513 3659 4606">
    <p class='ocr_par' dir='ltr' id='par_1_105' title="bbox 1985 4513 3659 4606">
     <span class='ocr_line' id='line_1_105' title="bbox 1985 4513 3659 4606; baseline -0.005 -19"><span class='ocrx_word' id='word_1_754' title='bbox 1985 4513 2038 4574; x_wconf 78' lang='lat' dir='ltr'><strong>D</strong></span> <span class='ocrx_word' id='word_1_755' title='bbox 2064 4533 2188 4606; x_wconf 75' lang='grc' dir='ltr'>ρίαν</span> <span class='ocrx_word' id='word_1_756' title='bbox 2230 4531 2328 4587; x_wconf 74' lang='grc' dir='ltr'><strong>καὶ</strong></span> <span class='ocrx_word' id='word_1_757' title='bbox 2376 4532 2438 4586; x_wconf 74' lang='grc' dir='ltr'>τὸ</span> <span class='ocrx_word' id='word_1_758' title='bbox 2476 4528 2616 4601; x_wconf 80' lang='grc' dir='ltr'>μετὰ</span> <span class='ocrx_word' id='word_1_759' title='bbox 2656 4526 2975 4601; x_wconf 76' lang='grc' dir='ltr'>παρρησίας</span> <span class='ocrx_word' id='word_1_760' title='bbox 3021 4524 3314 4580; x_wconf 75' lang='grc' dir='ltr'>εὐσύνετον</span> <span class='ocrx_word' id='word_1_761' title='bbox 3370 4524 3461 4579; x_wconf 70' lang='grc' dir='ltr'>διὰ</span> <span class='ocrx_word' id='word_1_762' title='bbox 3515 4523 3659 4578; x_wconf 52' lang='lat'><strong>016.-</strong></span> 
     </span>
    </p>
   </div>
   <div class='ocr_carea' id='block_1_106' title="bbox 2064 4617 3659 4699">
    <p class='ocr_par' dir='ltr' id='par_1_106' title="bbox 2064 4617 3659 4699">
     <span class='ocr_line' id='line_1_106' title="bbox 2064 4617 3659 4699; baseline -0.008 -17"><span class='ocrx_word' id='word_1_763' title='bbox 2064 4643 2234 4699; x_wconf 82' lang='grc' dir='ltr'>ματος</span> <span class='ocrx_word' id='word_1_764' title='bbox 2268 4622 2672 4695; x_wconf 83' lang='grc' dir='ltr'>ποιησάμενος,</span> <span class='ocrx_word' id='word_1_765' title='bbox 2705 4620 2783 4684; x_wconf 86' lang='grc' dir='ltr'><strong>ὡς</strong></span> <span class='ocrx_word' id='word_1_766' title='bbox 2816 4618 2920 4692; x_wconf 69' lang='grc' dir='ltr'>ἤδη</span> <span class='ocrx_word' id='word_1_767' title='bbox 2944 4618 3034 4672; x_wconf 82' lang='grc' dir='ltr'>διὰ</span> <span class='ocrx_word' id='word_1_768' title='bbox 3063 4619 3163 4687; x_wconf 81' lang='grc' dir='ltr'><strong>τῆς</strong></span> <span class='ocrx_word' id='word_1_769' title='bbox 3194 4617 3416 4690; x_wconf 83' lang='grc' dir='ltr'>πρώτης</span> <span class='ocrx_word' id='word_1_770' title='bbox 3449 4618 3659 4689; x_wconf 77' lang='grc' dir='ltr'>πείρας</span> 
     </span>
    </p>
   </div>
   <div class='ocr_carea' id='block_1_107' title="bbox 2058 4710 3660 4791">
    <p class='ocr_par' dir='ltr' id='par_1_107' title="bbox 2058 4710 3660 4791">
     <span class='ocr_line' id='line_1_107' title="bbox 2058 4710 3660 4791; baseline -0.014 -16"><span class='ocrx_word' id='word_1_771' title='bbox 2058 4721 2160 4791; x_wconf 83' lang='grc' dir='ltr'>τὴν</span> <span class='ocrx_word' id='word_1_772' title='bbox 2196 4714 2367 4791; x_wconf 66' lang='grc' dir='ltr'><strong>⁴ἧτταν</strong></span> <span class='ocrx_word' id='word_1_773' title='bbox 2392 4715 2709 4786; x_wconf 78' lang='grc' dir='ltr'>δεξάμενος,</span> <span class='ocrx_word' id='word_1_774' title='bbox 2740 4712 2862 4766; x_wconf 86' lang='grc' dir='ltr'>τότε</span> <span class='ocrx_word' id='word_1_775' title='bbox 2936 4712 3036 4781; x_wconf 70' lang='grc' dir='ltr'><strong>μὲν</strong></span> <span class='ocrx_word' id='word_1_776' title='bbox 3076 4711 3177 4782; x_wconf 83' lang='grc' dir='ltr'>τὴν</span> <span class='ocrx_word' id='word_1_777' title='bbox 3204 4711 3341 4782; x_wconf 81' lang='grc' dir='ltr'>πρὸς</span> <span class='ocrx_word' id='word_1_778' title='bbox 3379 4710 3479 4767; x_wconf 73' lang='grc' dir='ltr'>τὰς</span> <span class='ocrx_word' id='word_1_779' title='bbox 3504 4727 3660 4780; x_wconf 75' lang='grc' dir='ltr'>παρ-</span> 
     </span>
    </p>
   </div>
   <div class='ocr_carea' id='block_1_108' title="bbox 2062 4802 3655 4882">
    <p class='ocr_par' dir='ltr' id='par_1_108' title="bbox 2062 4802 3655 4882">
     <span class='ocr_line' id='line_1_108' title="bbox 2062 4802 3655 4882; baseline -0.006 -15"><span class='ocrx_word' id='word_1_780' title='bbox 2062 4814 2251 4876; x_wconf 80' lang='grc' dir='ltr'>οένους</span> <span class='ocrx_word' id='word_1_781' title='bbox 2290 4809 2562 4882; x_wconf 70' lang='grc' dir='ltr'>ἐρώτησιν</span> <span class='ocrx_word' id='word_1_782' title='bbox 2612 4806 2936 4876; x_wconf 78' lang='grc' dir='ltr'>ὑπερέθετο,</span> <span class='ocrx_word' id='word_1_783' title='bbox 2974 4803 3126 4873; x_wconf 82' lang='grc' dir='ltr'>παρά</span> <span class='ocrx_word' id='word_1_784' title='bbox 3171 4819 3280 4855; x_wconf 89' lang='grc' dir='ltr'>τινι</span> <span class='ocrx_word' id='word_1_785' title='bbox 3335 4802 3393 4856; x_wconf 87' lang='grc' dir='ltr'>δὲ</span> <span class='ocrx_word' id='word_1_786' title='bbox 3420 4804 3655 4870; x_wconf 76' lang='grc' dir='ltr'>γυναικὶ</span> 
     </span>
    </p>
   </div>
   <div class='ocr_carea' id='block_1_109' title="bbox 2058 4892 3657 4973">
    <p class='ocr_par' dir='ltr' id='par_1_109' title="bbox 2058 4892 3657 4973">
     <span class='ocr_line' id='line_1_109' title="bbox 2058 4892 3657 4973; baseline -0.009 -12"><span class='ocrx_word' id='word_1_787' title='bbox 2058 4905 2171 4962; x_wconf 86' lang='grc' dir='ltr'><strong>τῶν</strong></span> <span class='ocrx_word' id='word_1_788' title='bbox 2188 4904 2290 4973; x_wconf 80' lang='grc' dir='ltr'>τῆς</span> <span class='ocrx_word' id='word_1_789' title='bbox 2311 4901 2617 4970; x_wconf 83' lang='grc' dir='ltr'>συγκλήτου</span> <span class='ocrx_word' id='word_1_790' title='bbox 2641 4897 2872 4964; x_wconf 75' lang='grc' dir='ltr'>τάξεως,</span> <span class='ocrx_word' id='word_1_791' title='bbox 2894 4893 3135 4964; x_wconf 77' lang='grc' dir='ltr'>τοῦνομα</span> <span class='ocrx_word' id='word_1_792' title='bbox 3154 4892 3450 4965; x_wconf 80' lang='grc' dir='ltr'>Παλλαδίᾳ,</span> <span class='ocrx_word' id='word_1_793' title='bbox 3476 4910 3657 4963; x_wconf 80' lang='grc' dir='ltr'>προσ-</span> 
     </span>
    </p>
   </div>
   <div class='ocr_carea' id='block_1_110' title="bbox 2060 4989 3654 5066">
    <p class='ocr_par' dir='ltr' id='par_1_110' title="bbox 2060 4989 3654 5066">
     <span class='ocr_line' id='line_1_110' title="bbox 2060 4989 3654 5066; baseline -0.021 -11"><span class='ocrx_word' id='word_1_794' title='bbox 2060 5001 2244 5055; x_wconf 80' lang='grc' dir='ltr'>τάττει</span> <span class='ocrx_word' id='word_1_795' title='bbox 2307 4991 2702 5066; x_wconf 83' lang='grc' dir='ltr'>φυλάττεσθαι,</span> <span class='ocrx_word' id='word_1_796' title='bbox 2759 4991 2956 5061; x_wconf 88' lang='grc' dir='ltr'>τρίτην</span> <span class='ocrx_word' id='word_1_797' title='bbox 3021 4989 3242 5059; x_wconf 76' lang='grc' dir='ltr'>ἡμέραν</span> <span class='ocrx_word' id='word_1_798' title='bbox 3295 4990 3654 5056; x_wconf 69' lang='grc' dir='ltr'>παραγαγεῖν</span> 
     </span>
    </p>
   </div>
   <div class='ocr_carea' id='block_1_111' title="bbox 2061 5079 3654 5159">
    <p class='ocr_par' dir='ltr' id='par_1_111' title="bbox 2061 5079 3654 5159">
     <span class='ocr_line' id='line_1_111' title="bbox 2061 5079 3654 5159; baseline -0.011 -11"><span class='ocrx_word' id='word_1_799' title='bbox 2061 5091 2233 5155; x_wconf 74' lang='grc' dir='ltr'>αὐτὰς</span> <span class='ocrx_word' id='word_1_800' title='bbox 2263 5091 2345 5153; x_wconf 84' lang='grc' dir='ltr'>εἰς</span> <span class='ocrx_word' id='word_1_801' title='bbox 2373 5087 2648 5159; x_wconf 84' lang='grc' dir='ltr'>ἐρώτησιν</span> <span class='ocrx_word' id='word_1_802' title='bbox 2693 5080 2989 5142; x_wconf 83' lang='grc' dir='ltr'>κελεύσας.</span> <span class='ocrx_word' id='word_1_803' title='bbox 3031 5081 3098 5134; x_wconf 82' lang='lat' dir='ltr'><strong>Ai</strong></span> <span class='ocrx_word' id='word_1_804' title='bbox 3129 5080 3187 5132; x_wconf 84' lang='grc' dir='ltr'>δὲ</span> <span class='ocrx_word' id='word_1_805' title='bbox 3219 5079 3320 5150; x_wconf 81' lang='grc' dir='ltr'>τὴν</span> <span class='ocrx_word' id='word_1_806' title='bbox 3351 5079 3654 5147; x_wconf 71' lang='grc' dir='ltr'>δεδομένην</span> 
     </span>
    </p>
   </div>
   <div class='ocr_carea' id='block_1_112' title="bbox 2062 5172 3652 5256">
    <p class='ocr_par' dir='ltr' id='par_1_112' title="bbox 2062 5172 3652 5256">
     <span class='ocr_line' id='line_1_112' title="bbox 2062 5172 3652 5256; baseline -0.011 -16"><span class='ocrx_word' id='word_1_807' title='bbox 2062 5185 2261 5256; x_wconf 80' lang='grc' dir='ltr'>σχολὴν</span> <span class='ocrx_word' id='word_1_808' title='bbox 2278 5181 2337 5236; x_wconf 77' lang='grc' dir='ltr'>εὖ</span> <span class='ocrx_word' id='word_1_809' title='bbox 2366 5180 2688 5246; x_wconf 78' lang='grc' dir='ltr'>διαθέμεναι</span> <span class='ocrx_word' id='word_1_810' title='bbox 2728 5178 2795 5246; x_wconf 84' lang='grc' dir='ltr'>τῇ</span> <span class='ocrx_word' id='word_1_811' title='bbox 2850 5174 3025 5246; x_wconf 76' lang='grc' dir='ltr'>μητρὶ</span> <span class='ocrx_word' id='word_1_812' title='bbox 3048 5176 3343 5243; x_wconf 80' lang='grc' dir='ltr'>προσεῖχον</span> <span class='ocrx_word' id='word_1_813' title='bbox 3367 5173 3436 5225; x_wconf 80' lang='grc' dir='ltr'>τὰ</span> <span class='ocrx_word' id='word_1_814' title='bbox 3454 5172 3652 5224; x_wconf 79' lang='grc' dir='ltr'>δέοντα</span> 
     </span>
    </p>
   </div>
   <div class='ocr_carea' id='block_1_113' title="bbox 2059 5262 3647 5345">
    <p class='ocr_par' dir='ltr' id='par_1_113' title="bbox 2059 5262 3647 5345">
     <span class='ocr_line' id='line_1_113' title="bbox 2059 5262 3647 5345; baseline -0.009 -17"><span class='ocrx_word' id='word_1_815' title='bbox 2059 5271 2424 5345; x_wconf 80' lang='grc' dir='ltr'>παραινούσῃ.</span> <span class='ocrx_word' id='word_1_816' title='bbox 2462 5268 2660 5336; x_wconf 82' lang='grc' dir='ltr'>Ἔλεγε</span> <span class='ocrx_word' id='word_1_817' title='bbox 2698 5265 2808 5336; x_wconf 80' lang='grc' dir='ltr'>γὰρ</span> <span class='ocrx_word' id='word_1_818' title='bbox 2857 5265 3049 5328; x_wconf 83' lang='grc' dir='ltr'>αὐταῖς</span> <span class='ocrx_word' id='word_1_819' title='bbox 3072 5280 3085 5295; x_wconf 84' lang='lat'><strong><em>°</em></strong></span> <span class='ocrx_word' id='word_1_820' title='bbox 3150 5263 3296 5332; x_wconf 86' lang='grc' dir='ltr'><strong>Ἐγὼ</strong></span> <span class='ocrx_word' id='word_1_821' title='bbox 3342 5262 3443 5333; x_wconf 86' lang='grc' dir='ltr'><strong>μὲν</strong></span> <span class='ocrx_word' id='word_1_822' title='bbox 3475 5263 3647 5332; x_wconf 80' lang='grc' dir='ltr'>ὑμᾶς.</span> 
     </span>
    </p>
   </div>
   <div class='ocr_carea' id='block_1_114' title="bbox 2059 5354 3645 5431">
    <p class='ocr_par' dir='ltr' id='par_1_114' title="bbox 2059 5354 3645 5431">
     <span class='ocr_line' id='line_1_114' title="bbox 2059 5354 3645 5431; baseline -0.008 -12"><span class='ocrx_word' id='word_1_823' title='bbox 2059 5358 2105 5419; x_wconf 83' lang='grc' dir='ltr'><strong>ὧ</strong></span> <span class='ocrx_word' id='word_1_824' title='bbox 2147 5365 2316 5418; x_wconf 78' lang='grc' dir='ltr'>τέκνα</span> <span class='ocrx_word' id='word_1_825' title='bbox 2368 5359 2703 5431; x_wconf 81' lang='grc' dir='ltr'>ποθούμενα,</span> <span class='ocrx_word' id='word_1_826' title='bbox 2760 5356 2821 5411; x_wconf 67' lang='grc' dir='ltr'>τὸ</span> <span class='ocrx_word' id='word_1_827' title='bbox 2859 5354 3007 5409; x_wconf 71' lang='grc' dir='ltr'>κατὰ</span> <span class='ocrx_word' id='word_1_828' title='bbox 3057 5354 3237 5427; x_wconf 81' lang='grc' dir='ltr'>σάρκα</span> <span class='ocrx_word' id='word_1_829' title='bbox 3305 5356 3645 5426; x_wconf 82' lang='grc' dir='ltr'>γεννήσασα,</span> 
     </span>
    </p>
   </div>
   <div class='ocr_carea' id='block_1_115' title="bbox 2058 5446 3649 5529">
    <p class='ocr_par' dir='ltr' id='par_1_115' title="bbox 2058 5446 3649 5529">
     <span class='ocr_line' id='line_1_115' title="bbox 2058 5446 3649 5529; baseline -0.008 -15"><span class='ocrx_word' id='word_1_830' title='bbox 2058 5459 2282 5529; x_wconf 79' lang='grc' dir='ltr'>παιδείᾳ</span> <span class='ocrx_word' id='word_1_831' title='bbox 2319 5456 2469 5528; x_wconf 81' lang='grc' dir='ltr'>πάσῃ</span> <span class='ocrx_word' id='word_1_832' title='bbox 2496 5452 2592 5507; x_wconf 72' lang='grc' dir='ltr'>καὶ</span> <span class='ocrx_word' id='word_1_833' title='bbox 2627 5451 2791 5521; x_wconf 78' lang='grc' dir='ltr'>ἱεροῖς</span> <span class='ocrx_word' id='word_1_834' title='bbox 2835 5446 3013 5515; x_wconf 80' lang='grc' dir='ltr'>λόγοις</span> <span class='ocrx_word' id='word_1_835' title='bbox 3057 5447 3461 5520; x_wconf 75' lang='grc' dir='ltr'>ὲξεθρεψάμην.</span> <span class='ocrx_word' id='word_1_836' title='bbox 3491 5448 3649 5502; x_wconf 77' lang='grc' dir='ltr'>Ἐπεὶ</span> 
     </span>
    </p>
   </div>
   <div class='ocr_carea' id='block_1_116' title="bbox 2061 5541 3647 5622">
    <p class='ocr_par' dir='ltr' id='par_1_116' title="bbox 2061 5541 3647 5622">
     <span class='ocr_line' id='line_1_116' title="bbox 2061 5541 3647 5622; baseline -0.009 -14"><span class='ocrx_word' id='word_1_837' title='bbox 2061 5549 2157 5608; x_wconf 84' lang='grc' dir='ltr'><strong>οῦν</strong></span> <span class='ocrx_word' id='word_1_838' title='bbox 2177 5550 2369 5622; x_wconf 75' lang='grc' dir='ltr'>καιρὸς</span> <span class='ocrx_word' id='word_1_839' title='bbox 2393 5548 2473 5610; x_wconf 83' lang='grc' dir='ltr'>εἰς</span> <span class='ocrx_word' id='word_1_840' title='bbox 2498 5544 2687 5615; x_wconf 74' lang='grc' dir='ltr'>ἀγῶνα</span> <span class='ocrx_word' id='word_1_841' title='bbox 2710 5542 3045 5613; x_wconf 72' lang='grc' dir='ltr'>παρακαλεῖ,</span> <span class='ocrx_word' id='word_1_842' title='bbox 3073 5543 3103 5595; x_wconf 78' lang='grc' dir='ltr'>ὁ</span> <span class='ocrx_word' id='word_1_843' title='bbox 3145 5542 3253 5597; x_wconf 81' lang='grc' dir='ltr'><strong>τῶν</strong></span> <span class='ocrx_word' id='word_1_844' title='bbox 3281 5541 3432 5613; x_wconf 76' lang='grc' dir='ltr'>ἐμῶν</span> <span class='ocrx_word' id='word_1_845' title='bbox 3468 5542 3647 5611; x_wconf 67' lang='grc' dir='ltr'>λόγων</span> 
     </span>
    </p>
   </div>
   <div class='ocr_carea' id='block_1_117' title="bbox 2062 5635 3644 5720">
    <p class='ocr_par' dir='ltr' id='par_1_117' title="bbox 2062 5635 3644 5720">
     <span class='ocr_line' id='line_1_117' title="bbox 2062 5635 3644 5720; baseline -0.008 -17"><span class='ocrx_word' id='word_1_846' title='bbox 2062 5646 2275 5720; x_wconf 74' lang='grc' dir='ltr'>καρπὸς</span> <span class='ocrx_word' id='word_1_847' title='bbox 2329 5646 2535 5709; x_wconf 81' lang='grc' dir='ltr'>ὁποῖος,</span> <span class='ocrx_word' id='word_1_848' title='bbox 2581 5643 2640 5694; x_wconf 74' lang='grc' dir='ltr'><strong>ἐν</strong></span> <span class='ocrx_word' id='word_1_849' title='bbox 2685 5639 2815 5709; x_wconf 78' lang='grc' dir='ltr'>ὑμῖν</span> <span class='ocrx_word' id='word_1_850' title='bbox 2864 5636 3089 5707; x_wconf 79' lang='grc' dir='ltr'>ὀφθήτω</span> <span class='ocrx_word' id='word_1_851' title='bbox 3116 5652 3131 5668; x_wconf 89' lang='grc'><strong>·</strong></span> <span class='ocrx_word' id='word_1_852' title='bbox 3171 5636 3265 5691; x_wconf 71' lang='grc' dir='ltr'><strong>καὶ</strong></span> <span class='ocrx_word' id='word_1_853' title='bbox 3313 5635 3390 5708; x_wconf 70' lang='grc' dir='ltr'>μὴ</span> <span class='ocrx_word' id='word_1_854' title='bbox 3429 5635 3531 5711; x_wconf 69' lang='grc' dir='ltr'>τὴν</span> <span class='ocrx_word' id='word_1_855' title='bbox 3577 5638 3644 5691; x_wconf 70' lang='grc' dir='ltr'>ἐκ</span> 
     </span>
    </p>
   </div>
  </div>
