3996 6462
345 380 453 449 ΞΜ

1620 383 1906 444 MENSIS
1937 382 2366 445 AUGUSTUS.

3526 382 3640 452 508

346 491 639 565 magniﬁce
671 508 771 565 pro
800 490 1022 551 Cbriuo
1057 484 1452 549 decertat-eris.
1484 492 1566 549 Ad
1597 507 1762 565 quem
1783 492 1949 559 vade,

2083 494 2270 561 ‘éxvov,
2303 491 2461 548 ἄπιοι
2506 494 2620 559 τοῖς
2654 493 2856 565 αἵμασι
2901 493 3016 560 τοῖς
3051 493 3192 568 ὑπὲρ
3227 495 3416 553 τούτου
3449 514 3646 568 πεφοι-

350 587 485 650 tilia,
523 587 680 653 vade,
726 595 822 642 too
870 586 1134 656 sanguine
1181 599 1278 656 pro
1310 599 1380 642 eo
1408 584 1604 643 eiecta
1642 600 1941 657 purpurea.

314 694 460 751 ~quo
508 688 603 735 tuo
643 694 848 750 sponso
890 678 1272 747 oonspicieris,
1305 695 1416 751 quo
1451 694 1633 736 coram
1693 680 1817 749 ipso
1859 681 1938 735 si-

350 772 769 841 stirls,.qu0vis
792 772 979 827 coiere
1020 781 1077 826 et
1130 772 1265 828 ﬂore
1331 774 1574 828 colorata
1626 773 1945 844 speciosius.

353 864 484 922 Haec
514 880 638 919 cum
679 864 768 920 illa
798 880 831 920 a
858 867 1140 922 sororibus
1170 876 1225 922 et
1266 878 1438 921 matre
1465 868 1787 929 audivisset,
1821 883 1950 938 por-

354 967 500 1014 recta
580 960 846 1012 continuo
892 960 1132 1023 cervice,
1198 960 1248 1013 ei
1292 968 1453 1030 caput
1503 968 1861 1030 amputatur:
1897 966 1951 1013 et

354 1048 663 1103 sustollitur
705 1048 773 1103 ad
834 1047 1134 1114 Christum,
1185 1049 1279 1120 qui
1332 1058 1418 1105 est
1472 1060 1638 1121 caput
1681 1049 1948 1105 omnium.

424 1137 496 1193 X.
538 1138 747 1208 Impius
789 1147 971 1192 autem
1000 1138 1166 1208 judex
1198 1153 1309 1192 non
1355 1138 1539 1194 ferens
1569 1138 1949 1210 ignominiam,

351 1246 420 1287 ex
474 1246 535 1286 se
588 1240 757 1301 partae
807 1230 1051 1288 victoriae
1103 1232 1366 1285 damnum
1422 1231 1695 1301 cogitabat
1729 1246 1797 1285 ex
1830 1229 1952 1285 aliis

354 1338 659 1395 reparare:
694 1324 866 1380 multo
902 1332 1087 1380 autem
1136 1325 1310 1397 magis
1338 1339 1437 1395 per
1480 1339 1574 1380 eas
1613 1339 1835 1395 quoque
1869 1325 1952 1378 vi-

356 1427 478 1475 etus
509 1418 780 1488 apparuit.
809 1417 1089 1473 Continuo
1120 1432 1253 1489 ergo
1285 1416 1555 1473 accersita
1582 1432 1667 1480 ea,
1693 1430 1813 1486 qtae
1836 1423 1957 1469 erat

357 1511 655 1567 secunda:
696 1510 871 1566 Crede
915 1510 1076 1578 mihi,
1127 1509 1326 1580 inquit,
1380 1508 1513 1576 ﬁlia,
1560 1519 1617 1563 et
1666 1524 1789 1561 cum
1843 1521 1959 1560 ma-

358 1601 562 1656 ximam
629 1601 788 1656 deam
854 1600 1079 1656 Dianam
1140 1600 1475 1663 aderaveris,
1533 1600 1654 1653 lata
1712 1597 1955 1653 discede.

360 1695 457 1750 illa
511 1704 718 1760 autem,
775 1694 915 1763 Spes
969 1708 1182 1760 revera,
1221 1707 1342 1763 quae
1400 1690 1613 1763 pudore
1669 1689 1805 1745 uilici
1846 1705 1958 1745 non

360 1793 541 1855 potest
577 1802 591 1840 :
625 1784 931 1851 Quomodo,
964 1784 1161 1854 inquit,
1203 1782 1481 1838 credidisti
1517 1797 1605 1837 me
1642 1796 1765 1837 esse
1800 1795 1957 1837 soro-

362 1893 479 1933 rem
514 1877 893 1947 praeeedentis,
946 1878 1104 1947 cujus
1131 1878 1244 1948 jam
1277 1877 1453 1932 fecisti
1500 1875 1805 1947 periculum
1841 1875 1957 1929 :ita
1993 1857 2033 1915 Β

362 1979 458 2023 tuo
488 1972 559 2025 sit
595 1970 759 2025 etiam
803 1973 988 2026 animo
1034 1985 1382 2042 persuasum,
1412 1968 1530 2025 fore
1562 1977 1621 2023 ut
1650 1967 1962 2023 constantia

362 2062 675 2132 cmspiciar
729 2061 849 2133 ejus
887 2078 1044 2118 soror
1077 2079 1091 2115 :
1121 2070 1177 2118 et
1231 2061 1365 2116 nihil
1419 2075 1542 2116 esse
1597 2060 1822 2114 omn’no
1860 2073 1964 2114 nec

366 2158 573 2223 laetum,
624 2170 726 2211 nec
766 2156 1081 2222 molestum,
1125 2155 1272 2226 quod
1317 2168 1405 2211 me
1470 2154 1541 2207 ab
1576 2154 1678 2207 hac
1719 2153 1965 2208 traducat

364 2249 699 2305 constantia.
729 2248 854 2304 Haec
885 2264 1010 2304 cum
1041 2249 1130 2305 ille
1160 2251 1422 2312 audisset,
1456 2249 1799 2303 convertitur
1827 2262 1964 2301 con-

368 2344 526 2397 t'nuo
566 2341 634 2396 ad
683 2341 1048 2412 puniendum.
1100 2340 1403 2411 producere
1459 2338 1965 2410 interrogationem,

370 2438 533 2491 inane
564 2449 686 2491 esse
705 2436 958 2505 judicans
987 2446 1045 2489 et
1079 2448 1573 2505 supervacaneum.
1626 2432 1786 2488 Veste
1836 2446 1966 2504 ergo

372 2529 651 2594 nudatam,
686 2528 846 2599 jubet
886 2527 1059 2598 ipsam
1092 2542 1332 2597 quoque,
1365 2527 1506 2582 sicut
1550 2526 1805 2597 primam,
1838 2539 1968 2581 cru-

372 2622 459 2677 (δίς
513 2624 676 2677 boum
714 2620 902 2676 nervis
942 2618 1227 2690 ﬂagellari.
1269 2616 1405 2673 Cum
1451 2628 1636 2674 autem
1690 2634 1789 2689 par
1835 2633 1968 2689 sup-

371 2715 593 2786 plicium
649 2714 949 2774 sustinens,
1002 2712 1052 2766 ei
1110 2725 1328 2782 quoque
1395 2726 1584 2782 parem
1650 2712 1971 2767 ostenderet

372 2806 775 2868 frtituclinem,
804 2805 981 2876 major
1008 2803 1088 2859 ira
1116 2805 1283 2875 judici
1312 2814 1398 2860 est
1422 2805 1660 2860 excitata
1693 2822 1707 2860 :
1737 2814 1792 2861 et
1817 2804 1973 2875 jubet

374 2898 657 2953 fornacem
712 2898 867 2951 valde
916 2911 1231 2961 accensam,
1287 2897 1658 2952 venerandam
1724 2896 1972 2966 excipere

375 3006 464 3047 ma
499 2999 697 3060 tyrem.
738 2988 848 3044 Sed
897 2988 1039 3044 Dens
1087 2988 1295 3043 sororis
1342 2989 1463 3059 ejus
1518 3004 1738 3059 quoque
1786 3003 1972 3045 curam

373 3082 596 3156 gerebat
658 3081 933 3137 similiter.
1004 3081 1246 3151 ldipsum
1300 3090 1484 3136 autem
1546 3097 1696 3136 nunc
1753 3097 1972 3152 quoque

2049 585 2305 658 νιγμένη.
2357 579 2443 650 οἷς
2474 587 2569 640 καὶ
2616 587 2830 659 ὀφθήσῂ
2874 588 2952 659 τῷ
2981 589 3058 662 σῷ
3094 591 3343 662 νυμφίῳ,
3374 586 3456 656 οἷς
3489 592 3643 665 αῦτῷ

2050 679 2385 751 πχραστήσῃ
2436 681 2638 743 παντὸς
2686 681 2882 752 φυκίον
2914 682 3011 737 καὶ
3058 682 3256 747 ἄνθους
3298 685 3640 757 ώραιὸτερον

2050 770 2435 840 κεχρωσμένη.
2487 769 2731 825 Τοιαῦτα
2777 772 2916 843 πρὸς
2962 772 3071 827 τῶν
3120 773 3369 843 ἀδελφῶν
3420 776 3638 846 ἐκείνη,

2050 861 2277 915 τοιαῦτα
2329 862 2465 933 πρὸς
2507 862 2608 933 τῆς
2666 864 2878 935 μητρὸς
2932 864 3242 924 ἀκούσασα,
3294 865 3386 917 τδν
3432 866 3647 935 αὐχένα

2052 955 2216 1019 εὐθὺς
2256 954 2571 1027 ὑποσχοῦσα
2592 956 2691 1029 τὴν
2724 958 2972 1028 κεφαλὴν
3021 958 3305 1028 τέμνεται,
3354 959 3452 1011 καὶ
3502 956 3648 1031 πρὸς

2050 1049 2288 1120 Χριστὸν
2318 1050 2416 1120 τὴν
2448 1051 2665 1103 πάντων
2697 1051 3040 1121 ἀναφέρεται
3070 1051 3335 1122 κεφαλήν.

2124 1143 2181 1197 I'.
2238 1142 2295 1196 Ὀ
2320 1141 2588 1213 δυσσεϐὴς
2635 1144 2820 1214 μέντοι
2852 1143 3114 1216 δικαστὴς
3148 1144 3245 1216 τὴν
3277 1144 3544 1215 αἰσχύνην
3579 1143 3647 1197 οῦ

2055 1234 2238 1307 φέρων
2277 1239 2341 1291 ἐκ
2380 1235 2490 1290 τῶν
2523 1236 2729 1291 λοιπῶν
2766 1237 2985 1290 ὑπενόει
3019 1236 3118 1309 τὴν
3166 1232 3337 1308 ἧτταν
3370 1235 3651 1290 ἀνακαλέ-

2057 1328 2286 1382 σασθαι·
2318 1327 2501 1399 πολλῷ
2531 1328 2589 1383 δέ
2624 1327 2828 1399 μᾶλλον
2864 1329 2958 1383 καὶ
3004 1328 3074 1382 δι’
3126 1328 3310 1382 αὐτῶν
3356 1327 3534 1400 ἐφάνη
3566 1346 3653 1381 νι-

2055 1420 2329 1491 κώμενος.
2382 1420 2559 1485 Εὐθὺς
2610 1417 2705 1475 οὖν
2756 1421 2857 1494 τὴν
2901 1420 3167 1476 ἐλάττονα
3209 1423 3325 1484 τοῖς
3356 1420 3503 1473 ἔτεσι
3549 1420 3654 1475 καὶ

2056 1514 2322 1586 δευτέραν
2379 1514 2653 1579 καλέσας·
2714 1513 2977 1585 Πείσθητί
3033 1532 3150 1585 μοι,
3199 1513 3467 1583 θύγατερ,
3517 1511 3655 1582 ἔφη,

2058 1609 2151 1660 καὶ
2173 1608 2239 1678 τῇ
2267 1606 2500 1681 μεγίστῃ
2546 1604 2654 1677 θεῷ
2676 1606 2960 1677 ’Δρτέμιδι
2984 1606 3441 1678 προσκυνήσασα,
3468 1603 3651 1657 πολλὰ

2057 1699 2328 1773 χαίρουσα
2372 1698 2551 1755 ἄπιθι.
2605 1700 2671 1753 Ἢ
2704 1699 2761 1753 δὲ
2797 1698 3228 1769 ἀκαταίσχυντος
3263 1696 3341 1769 τῷ
3377 1696 3492 1749 ὄντι
3525 1695 3658 1751 Ἐλ-

2061 1791 2153 1855 πίς
2173 1808 2186 1821 ·
2212 1792 2312 1845 ⁸ον
2345 1791 2547 1862 τρόποι
2574 1791 2929 1858 ἐπίστευσας,
2964 1789 3094 1860 ἔφη,
3114 1790 3350 1858 ἀδελφήν
3399 1807 3465 1858 με
3506 1783 3657 1842 εἶναι

2064 1884 2165 1953 τῆς
2192 1883 2596 1956 προλαϐούσης,
2626 1878 2693 1957 ἧς
2720 1884 2823 1956 ἤδη
2854 1884 2948 1937 καὶ
2979 1886 3174 1957 πεῖραν
3207 1883 3478 1952 εἴληφας,
3509 1879 3660 1935 οὕτω

2066 1977 2321 2047 πείσθητι
2346 1978 2442 2033 καὶ¹
2463 1980 2529 2049 τῇ
2565 1977 2763 2050 γνώμῃ
2797 1979 2892 2031 καὶ
2923 1981 2991 2050 τῇ
3024 1978 3279 2030 ἐνστάσει
3308 1975 3547 2044 ἀδελφήν
3586 1988 3661 2044 με

2066 2070 2271 2139 ταύτης
2319 2069 2686 2140 ὀφθήσεσθαι,
2739 2070 2835 2124 καὶ
2890 2069 3061 2141 μηδὲν
3116 2065 3257 2123 εῖναι
3311 2066 3560 2138 μηδόλως
3591 2066 3658 2118 οὐ

2067 2163 2175 2215 τῶν
2236 2161 2674 2233 εὐφραινόντων,
2703 2162 2765 2214 ού
2812 2161 2920 2214 τῶν
2979 2161 3319 2224 λυπούντων,
3371 2160 3398 2211 ὃ
3428 2175 3495 2229 με
3527 2154 3664 2228 ,τῆς

2068 2254 2326 2324 τοιαύτης
2380 2254 2704 2324 μεταπείσει
2764 2254 3099 2316 ἐνστάσεως.
3163 2251 3383 2306 Τούτων
3447 2250 3665 2314 ἐκεῖνος

2069 2347 2309 2410 ἀκούσας
2359 2347 2453 2400 ἐπὶ
2508 2346 2569 2399 τὸ
2613 2344 2867 2411 κολάζειν
2926 2346 3091 2409 εὐθὺς
3119 2345 3422 2417 τρέπεται,
3458 2343 3518 2396 τὸ
3557 2342 3667 2414 τὴν

2070 2436 2341 2511 ἐρώτησιν
2382 2437 2737 2509 παρατείνειν
2770 2438 2845 2503 ὥς
2874 2455 2926 2492 τι
2957 2440 3189 2508 μάταιον
3223 2434 3412 2508 κρίνας
3436 2434 3531 2488 καὶ
3565 2450 3673 2486 πε·-

2072 2530 2276 2602 ριττόν.
2312 2529 2425 2600 Τῆς
2465 2528 2695 2600 ἐσθῆτος
2734 2528 2828 2584 οῦν
2858 2528 3247 2598 γυμνωθεῖσαν
3294 2524 3511 2580 κελεύει
3563 2523 3670 2578 καὶ

2072 2624 2244 2695 αὐτὴν
2295 2624 2503 2695 ὁμοίως
2535 2626 2602 2694 τῇ
2652 2620 2852 2695 πρώτῃ
2899 2620 3218 2693 βουνεύροις
3252 2618 3423 2688 ὠμοῖς
3460 2615 3668 2688 μαστί-

2073 2718 2284 2787 ξεσθαι.
2329 2718 2486 2772 Ἐπεὶ
2515 2716 2571 2770 δὲ
2605 2715 2729 2786 ἴσην
2756 2715 2855 2785 τὴν
2904 2714 3127 2768 κόλασιν
3162 2712 3540 2781 ὑπομένουσα,
3569 2710 3670 2763 καὶ

2072 2810 2172 2884 τὴν
2206 2809 2510 2882 καρτερίαν
2541 2809 2669 2879 ῐσην
2700 2809 2840 2878 αὐτῇ
2878 2804 3232 2860 ἐπεδείκνυτο
3252 2818 3267 2835 ⁶
3305 2803 3399 2857 καὶ
3438 2804 3466 2855 ὀ
3493 2800 3669 2872 Θυμὸς

2078 2904 2283 2977 μείζων
2330 2902 2408 2974 τῷ
2451 2902 2682 2973 δικαστῇ
2732 2899 3068 2962 διανίστατο,
3110 2895 3348 2967 κάμινον
3377 2891 3535 2956 αὖθις
3570 2907 3666 2946 κε-

2076 2996 2225 3049 λεύει
2255 2994 2391 3066 πρδς
2424 2993 2569 3065 μέγα
2598 2990 2989 3046 διακαυθεῖσαν
3021 2989 3123 3059 τὴν
3159 2987 3366 3058 σεμνὴν
3400 2981 3657 3048 ὑποδέξα-

2082 3090 2230 3142 σθαι.
2277 3086 2420 3141 Ἀλλ’
2444 3086 2472 3137 ὁ
2504 3086 2603 3154 τῆς
2637 3083 2879 3155 ἀδελφῆς
2908 3083 3044 3145 Θεὸς
3080 3079 3302 3143 πάντως
3333 3077 3427 3131 καὶ
3462 3075 3664 3145 ταύτης

376 3176 598 3243 accidit,
632 3177 777 3243 quod
812 3174 867 3229 in
894 3173 1112 3229 ﬂamma
1163 3172 1527 3243 Babylonica;
1583 3190 1707 3228 nam
1757 3176 1972 3247 ingres-

2083 3172 2145 3249 ἦν
2183 3178 2382 3249 ὁμοίως
2415 3174 2587 3242 αὐτῆς
2620 3172 2937 3242 κηδόμενος.
2971 3169 3188 3222 Γίνεται
3224 3161 3317 3219 οὖν
3348 3164 3442 3217 καὶ
3470 3162 3567 3215 νῦν
3608 3162 3671 3231 τῇ

376 3283 495 3323 sam
574 3275 867 3339 martyrem
952 3266 1171 3322 ﬂamma
1254 3282 1600 3338 nequaquam
1699 3267 1973 3339 tangebat.

378 3361 678 3433 Propterea
717 3377 848 3433 ergo
876 3359 1015 3432 Spes
1048 3361 1335 3415 emittebat
1372 3375 1559 3426 voces,
1587 3360 1789 3431 quibus
1816 3358 1980 3414 simul

377 3466 437 3512 et
467 3457 668 3527 gratias
696 3464 903 3526 ageret,
931 3463 987 3509 et
1026 3453 1381 3522 supplicaret.
1429 3452 1635 3523 Agebat
1664 3451 1811 3507 enim
1855 3466 1981 3524 gra-

381 3548 489 3603 tias
529 3548 660 3614 Deo,
709 3550 856 3618 quod
894 3549 948 3602 in
1002 3547 1159 3602 malis
1196 3547 1362 3602 illmsa
1393 3545 1586 3601 fuisset
1608 3555 1931 3601 conservata
1965 3562 1978 3600 :

383 3640 729 3710 supplicabat
788 3648 973 3696 autem
1039 3648 1330 3711 propterea
1394 3654 1518 3710 qure
1572 3648 1734 3693 erant
1773 3638 1982 3705 futura,

384 3734 528 3789 utin
560 3734 818 3790 omnibus
861 3735 1006 3789 illius
1053 3750 1256 3790 nomen
1297 3733 1720 3808 gloriﬁcaretur,
1763 3742 1820 3789 et
1883 3749 1986 3804 pu-

380 3827 518 3883 dore
559 3826 909 3884 aﬂlcerentur
957 3827 1135 3900 impii.

456 3942 550 3998 Xl.
606 3945 736 3999 Eam
767 3960 896 4015 ergo
926 3960 1038 3998 non
1083 3943 1356 3998 reveritus
1406 3943 1633 4015 impius,
1663 3959 1827 4015 quam
1869 3943 1988 4014 ipse

389 4053 611 4108 quoque
665 4038 807 4109 ignis
846 4038 998 4094 visus
1037 4048 1123 4092 est
1164 4036 1431 4103 revereri,
1472 4038 1631 4107 jubet
1678 4051 1800 4091 eam
1839 4035 1989 4105 ligno

388 4130 675 4200 suspendi,
749 4141 805 4185 ct
849 4130 1046 4186 ferreis
1097 4131 1295 4186 laniari
1366 4130 1605 4199 ungulis.
1650 4129 1748 4184 Illa
1806 4136 1989 4182 autem

390 4231 526 4277 tunc
563 4238 782 4294 quoque
813 4223 1062 4278 eamdem
1092 4238 1204 4293 pra:
1233 4237 1294 4278 se
1328 4220 1540 4277 ferebat
1571 4219 1745 4276 animi
1776 4219 1991 4291 magni-

392 4316 663 4380 tudinem,
693 4329 857 4386 quam
890 4316 945 4370 in
970 4314 1129 4371 malis
1179 4314 1621 4386 praecedentibus
1651 4313 1989 4368 ostenderat.

390 4407 757 4475 Quamobrem
842 4408 1088 4465 liberalis
1156 4408 1379 4479 quidem
1450 4409 1624 4479 gratia
1689 4406 1995 4462 “lustrabat

391 4503 607 4567 oculos,
678 4504 944 4558 membris
1012 4518 1144 4559 vero
1220 4501 1530 4557 dilaceratis
1594 4499 1815 4570 quidam
1857 4498 1992 4554 odor

2083 3269 2403 3340 Βαϐυλωνίᾳ
2450 3266 2610 3335 φλογὶ
2664 3263 3077 3335 παραπλήσιον,
3118 3261 3212 3313 καὶ
3261 3259 3360 3326 τῆς
3389 3257 3676 3327 μάρτυρος

2084 3362 2354 3432 ἐπιϐάσης
2392 3359 2647 3429 οὐδαμῶς
2684 3357 2913 3428 ἦπτετο’
2958 3354 3047 3408 διὰ
3076 3353 3253 3407 ταῦτα
3289 3349 3417 3418 γοῦν
3447 3348 3681 3419 εὐχαρι-

2086 3455 2400 3527 στηρίουςή
2436 3453 2626 3516 Ἐλπὶς
2654 3449 2772 3521 ἅμα
2800 3450 2893 3503 καὶ
2914 3444 3225 3519 ίκετηρίους
3251 3442 3401 3514 ἠφίει
3431 3439 3621 3510 φωνὰς
3658 3454 3676 3471 ο

2085 3547 2173 3618 ἐφ’
2201 3541 2286 3610 οἷς
2322 3544 2422 3617 μὲν
2447 3544 2549 3616 ήδη
2579 3544 2773 3605 κακοῖς
2799 3539 3021 3610 ἀπαθὴς
3042 3540 3313 3609 τετήρητο
3343 3534 3684 3605 εὐχαριστη-

2087 3640 2258 3713 ρίους,
2278 3636 2363 3706 ἐφ’
2387 3629 2468 3701 οἷς
2497 3636 2552 3690 δέ
2576 3635 2802 3706 ἔμελλεν
2830 3630 3251 3702 ῶσὶκετηρίους,
3284 3628 3429 3681 ώστε
3460 3628 3520 3680 ἐν
3544 3627 3686 3678 πᾶσι

2086 3736 2151 3789 τδ
2182 3733 2400 3787 ἐκείνου
2435 3732 2609 3803 ὄνομα
2664 3727 3017 3798 δοξασοῆναι,
3071 3725 3167 3780 καὶ
3206 3719 3687 3791 καταισχυνθῆναι

2086 3829 2216 3889 τοὺς
2247 3825 2488 3889 ἀσεϐεῖς.

2160 3922 2264 3975 IA’.
2310 3919 2425 3973 Ούκ
2469 3914 2742 3979 αἰδεσθεὶς
2771 3912 2867 3969 οῦν
2906 3913 2935 3967 ὁ
2981 3912 3186 3982 ἄνομος
3222 3910 3290 3981 ἣν
3323 3908 3421 3963 καὶ
3454 3906 3589 3962 αὐτὸ
3621 3904 3686 3960 τὸ

2091 4011 2203 4082 πῦρ
2237 4008 2500 4076 αἱδεσθέν;
2535 4007 2733 4076 ἐφάνη,
2774 4003 3119 4077 ἀναρτᾶσθαι
3152 4000 3292 4072 ξύλῳ
3326 3999 3686 4069 προστάττει,

2089 4102 2239 4170 δνυξί
2268 4119 2326 4155 τε
2358 4101 2603 4173 σιδηροῖς
2648 4097 2889 4166 ξέεσθαι.
2938 4096 3004 4150 Ἦ
3035 4096 3092 4149 δὲ
3118 4095 3218 4165 τὴν
3260 4093 3384 4163 ίσην
3413 4089 3686 4162 εὐψυχίαν

2090 4198 2187 4253 ἐπὶ
2233 4198 2346 4260 τοῖς
2396 4192 2734 4267 προλαϐοῦσι
2779 4191 3001 4255 δεινοῖς,
3045 4188 3141 4242 καὶ
3184 4186 3281 4241 νῦν
3310 4185 3558 4257 φέρουσα
3587 4178 3682 4254 ἦν.

2094 4293 2186 4348 Διὸ
2217 4292 2315 4346 καὶ
2348 4290 2508 4362 χάρις
2541 4288 2642 4359 μὲν
2677 4285 2775 4350 τὰς
2809 4283 2964 4357 ὄψεις
2998 4281 3322 4353 ύπηύγαζεν
3352 4278 3686 4345 ἐλευθέριος,

2099 4384 2361 4460 μέλεσιδέ
2385 4386 2498 4447 τοῖς
2528 4381 2921 4451 άποξεομένοις
2954 4377 3091 4432 πολὺ
3119 4375 3180 4429 τὸ
3209 4373 3409 4434 εὑῶδες
3445 4369 3689 4439 προσῆν,
3748 4408 3755 4415 .

2101 4483 2293 4553 Ἀκρῳ
2321 4480 2377 4533 δὲ
2408 4476 2729 4549 μειδιάματι
2754 4474 2850 4528 καὶ
2890 4474 3018 4526 ὅσον
3048 4465 3117 4540 ἦν
3142 4471 3257 4533 τοῖς
3288 4466 3527 4539 χείλεσιν
3551 4464 3690 4517 ὑπο·-

394 4595 579 4652 suavis
612 4596 818 4652 aderat.
852 4594 1074 4650 Leniter
1111 4602 1296 4649 autem
1329 4592 1562 4648 summis
1608 4592 1777 4647 labris
1806 4590 1975 4647 subri-

2092 4576 2340 4646 τρέχειν·
2374 4572 2446 4627 Σὺ
2497 4571 2616 4643 μὲν,
2659 4562 2705 4622 ὦ
2750 4564 3031 4637 μιαιφόνε,
3064 4561 3256 4633 φησὶν,
3290 4560 3396 4614 οίει
3427 4575 3528 4629 μου
3569 4559 3694 4619 ταῖς

394 4689 535 4745 dens
570 4706 583 4743 :
617 4688 721 4743 »Τιι
780 4687 1027 4758 quidem,
1075 4687 1276 4756 inquit,
1319 4700 1352 4740 ο
1393 4684 1765 4755 sanguinaria,
1829 4693 1989 4754 putas

398 4785 567 4840 robur
592 4800 773 4840 meum
806 4797 1076 4847 enervare.
1100 4780 1413 4852 suppliciis.
1449 4778 1563 4850 Ego
1592 4788 1776 4833 autem
1808 4795 1838 4832 a
1867 4792 1991 4832 meo

396 4875 620 4932 Christo
675 4875 1019 4934 conﬁrmata.
1074 4872 1292 4927 confido
1350 4872 1488 4936 fore,
1538 4878 1596 4925 ut
1628 4879 1676 4924 te
1712 4870 1991 4924 inﬁrmum

401 4969 625 5024 reddam
671 4977 727 5024 et
766 4966 1124 5029 imbecnllum,
1156 4965 1417 5020 ctirritos
1466 4963 1691 5018 cilicium
1729 4972 1852 5017 tuos
1897 4976 1994 5015 co-

404 5074 588 5128 natus,
636 5065 728 5131 qui
769 5076 894 5117 cum
933 5058 1138 5114 femina
1186 5058 1387 5111 bellum
1423 5070 1611 5127 gerere
1645 5053 1721 5108 sis
1771 5068 1994 5123 aggres-

406 5170 527 5219 sus,
574 5151 738 5223 idque
780 5169 904 5207 cum
962 5154 1064 5208 sim
1108 5150 1424 5221 juvencula,
1466 5158 1522 5202 ct
1557 5147 1625 5202 azl
1669 5162 1827 5217 opem
1861 5143 1995 5198 mihi

407 5246 689 5306 ferendam
751 5246 889 5301 nihil
952 5245 1186 5299 habeam
1250 5251 1527 5314 paratum,
1569 5242 1671 5297 nisi
1737 5240 1882 5312 quod
1941 5240 1998 5293 in

409 5342 523 5398 Deo
558 5356 690 5399 vero
725 5339 963 5397 conﬁdo.
1011 5338 1106 5393 llis
1132 5339 1200 5393 ad
1230 5339 1471 5392 furorem
1520 5337 1797 5400 incitatus,
1842 5334 2001 5405 jubet

408 5437 643 5494 lebetem
691 5435 812 5506 pice
838 5444 897 5490 et
922 5433 1103 5488 resina
1148 5431 1394 5502 plenum,
1424 5438 1481 5486 et
1514 5430 1873 5485 vehementer
1904 5440 2001 5482 ac-

410 5545 638 5587 censum
669 5536 873 5583 sanctrc
910 5523 1126 5597 subjici.
1188 5522 1298 5578 Deo
1341 5531 1524 5577 autem
1572 5521 1641 5576 de
1674 5534 1827 5575 more
1868 5532 2003 5588 ope-

414 5632 591 5687 rante,
636 5620 785 5676 lebes
815 5618 1036 5690 quidem
1071 5616 1468 5672 dissolvebatur
1512 5623 1768 5685 tanquam
1816 5627 1941 5668 cera
1972 5626 2003 5666 ι

416 5714 557 5769 [acie
608 5716 750 5783 ignis
786 5727 800 5771 :
831 5712 976 5768 ouod
1033 5725 1161 5766 vero
1199 5709 1254 5763 in
1305 5723 1364 5764 se
1408 5707 1643 5764 habebat
1691 5708 2003 5770 incensum,

422 5812 648 5868 repente
692 5790 972 5865 diffusum,
1018 5815 1128 5855 non
1187 5815 1386 5869 paucos
1439 5798 1676 5869 perdidit
1702 5812 1768 5852 ex
1798 5795 1862 5849 iis
1910 5793 2005 5863 qui

426 5892 723 5946 tircnmsis‘
768 5893 918 5959 bnt,
989 5892 1319 5948 inlidc‘ibus.
1387 5890 1493 5947 Sed
1542 5906 1610 5947 ne
1667 5890 1747 5945 sic
1783 5887 2005 5959 quidem

2096 4668 2395 4740 τιμωρίαις
2424 4664 2516 4718 τὸν
2539 4665 2694 4717 τόνον
2717 4660 2936 4715 ἐκλύειν
2955 4675 2967 4689 ’
2992 4655 3102 4727 ἐγὼ
3130 4656 3185 4710 δὲ
3216 4654 3293 4725 τῷ
3320 4654 3439 4725 ἐμῷ
3467 4651 3695 4724 Χριστῷ

2101 4760 2421 4836 ῥωννυμένη
2456 4756 2697 4811 πέποιθα
2725 4755 2931 4825 μᾶλλον
2957 4748 3148 4806 ἄτονόν
3180 4765 3240 4801 σε
3276 4747 3371 4801 καὶ
3407 4746 3696 4815 ἄπρακτον

2100 4853 2404 4918 ἀποδεῖξαι,
2432 4848 2656 4920 γυναικὶ⁵
2686 4844 3074 4916 προσϐαλόντα
3104 4840 3366 4911 πόλεμον,
3397 4839 3494 4891 καὶ
3520 4836 3699 4891 ταῦτα

2101 4946 2274 5017 νεαρᾷ
2318 4943 2458 5016 οῠσῃ
2502 4943 2598 4996 καὶ
2630 4940 2797 5012 μηδὲν
2829 4936 3031 5010 ἐχούσῃ
3077 4936 3215 5006 πρδς
3262 4932 3513 5003 ἀρωγὴν,
3558 4930 3699 4999 πλῇν

2103 5042 2197 5096 ἐπὶ
2242 5039 2363 5110 Θεῷ
2413 5038 2557 5109 μόνῳ
2599 5033 2826 5105 ἀψευδεῖ
2860 5027 3166 5104 θαρρούσῃ.
3196 5026 3420 5087 Τούτοις
3453 5024 3531 5077 ἔτι
3562 5023 3700 5090 πρὸς

2109 5133 2309 5206 μανίαν
2349 5126 2729 5199 παροξυνθεὶς,
2771 5123 2979 5194 λέϐητα
3018 5118 3233 5175 κελεύει
3278 5118 3484 5187 πίσσης
3510 5132 3572 5168 τε
3604 5112 3701 5167 καὶ

2109 5205 2338 5300 ῥητίνης
2378 5219 2799 5292 ύποπλησθέντα
2851 5217 2947 5272 καὶ
2997 5214 3217 5286 λάϐρως
3266 5209 3544 5300 ἐκκαέντα
3596 5205 3699 5279 τὴν

2107 5299 2269 5389 αγίαν
2314 5314 2633 5371 ὑπολαϐεῖν.
2682 5309 2819 5364 Θεοῦ
2860 5308 2919 5363 δὲ
2970 5307 3119 5364 κατὰ
3163 5304 3225 5358 τὸ
3268 5299 3501 5373 σύνηθες
3542 5301 3704 5371 ἐνερε-

2112 5411 2360 5484 γοῦντος,
2393 5409 2421 5461 ὁ
2455 5406 2555 5478 μὲν
2584 5403 2750 5470 λέϐης
2778 5401 3035 5473 καθάπερ
3063 5396 3237 5470 κηρὸς
3264 5394 3375 5449 ἀπὸ
3403 5391 3703 5484 προσώπου

2111 5482 2285 5578 πυρὸς
2316 5501 2585 5558 διελύετοο
2621 5499 2766 5569 ὅπερ
2809 5496 2867 5550 δὲ
2917 5494 3215 5564 καιόμενον
3246 5483 3393 5559 εἶχεν
3426 5487 3485 5539 ἐν
3518 5482 3706 5578 ἑαυτῷ

2113 5576 2379 5670 ἐξαπίνης
2429 5594 2701 5666 διαχεθέν,
2746 5591 2851 5645 ούιι
2908 5586 3132 5654 ὀλίγους
3159 5583 3271 5638 τῶν
3312 5576 3709 5651 περιεστώτων

2114 5696 2364 5751 ἀπίστων
2418 5687 2806 5758 διελυμήνατο.
2878 5680 3020 5737 Ἀλλ’
3080 5678 3203 5734 ούδέ
3265 5674 3412 5728 οὕτω
3474 5672 3710 5724 συνιδ.ἰν

2117 5785 2264 5861 εἶχεν
2295 5787 2323 5840 ὁ
2381 5780 2707 5852 τυφλώττων
2756 5776 3002 5848 ἀκριϐῶς
3062 5770 3163 5841 τὴν
3215 5769 3483 5829 διάνοιαν,
3532 5764 3615 5826 τίς
3676 5765 3709 5831 ἡ

2120 5876 2621 5954 {impare-apto?“
2651 5873 2823 5927 ταῦτα
2844 5873 3075 5940 δύναμις
3108 5864 3196 5935 ἦν.
3226 5863 3388 5917 Ὀῖεν
3421 5861 3511 5912 καὶ
3543 5858 3712 5910 πᾶσιν
