3996 6504
460 416 562 483 Ml

1730 414 2024 477 MENSIS
2061 412 2365 475 AUGUST
2377 412 2489 473 US.

3628 404 3742 474 512

460 527 558 582 sed
586 525 979 597 propemodum
1031 525 1207 596 ipsum
1243 524 1409 581 etiam
1436 524 1655 597 iussum
1680 525 2047 597 praeveniens,

2175 521 2341 587 ιόνον,
2393 518 2531 574 ἀλλὰ
2572 516 2773 590 μικροῦ
2808 515 2908 572 καὶ
2955 515 3088 573 αὐτὸ
3119 516 3182 572 rb
3213 519 3551 589 πρόσταγμα
3588 517 3740 588 φθά-

463 618 517 672 in
564 616 800 672 mediam
853 615 1127 670 ﬂammam
1180 614 1414 681 insiluit,
1461 625 1722 687 tanquam
1788 616 1845 671 in
1883 631 2052 686 aquas

463 708 665 764 calidas
718 715 775 763 et
801 707 1017 761 lavacra
1056 708 1404 764 suavissima.
1432 708 1692 765 Protinus
1742 723 1872 779 ergo
1902 708 2056 762 ﬂam-

467 810 557 850 ma
612 795 832 864 quidem
883 794 1314 863 diffundebatur,
1340 806 1398 852 et
1453 799 1901 869 apprehendebat
1960 811 2055 852 eos

460 887 552 957 qui
570 887 1008 943 circumstabant.
1037 887 1241 960 Tetigit
1263 899 1447 945 autem
1471 891 1612 960 ignis
1641 893 1818 961 ipsum
1836 905 2054 960 quoque

455 975 715 1044 iudicem,
733 985 846 1031 tum
874 985 934 1031 ut
956 975 1314 1032 ulcisceretur
1333 979 1689 1048 impietatem,
1721 988 1834 1033 tum
1856 989 1917 1032 ut
1939 982 2054 1049 ipse

464 1067 693 1121 minime
725 1066 1018 1133 dubitaret,
1068 1068 1164 1124 sed
1191 1077 1440 1125 uteretur
1471 1072 1652 1142 seipso
1684 1077 1821 1126 teste
1855 1070 2055 1126 divinae

464 1160 746 1230 potentiae.
797 1159 889 1216 Sic
933 1174 1064 1232 ergo
1116 1176 1207 1216 res
1245 1161 1464 1231 quidem
1521 1162 1816 1233 impiorum
1849 1161 2054 1218 afﬁcie—

464 1251 664 1306 bantur
717 1251 1017 1319 dedecore;
1084 1253 1490 1323 gloriﬁeabatur
1544 1264 1729 1310 autem
1777 1253 1924 1310 Deus
1956 1269 2056 1325 per

396 1362 404 1367 ·
465 1360 621 1400 suam
673 1357 995 1418 martyrem.
1064 1349 1245 1405 Judici
1291 1360 1476 1406 autem
1530 1351 1673 1406 male
1715 1366 1775 1407 se
1819 1351 2055 1406 habebat

466 1453 531 1494 ea
565 1453 690 1509 pars
727 1440 994 1510 corporis,
1044 1456 1211 1510 quam
1250 1439 1466 1496 ﬂamma
1499 1441 1773 1512 tetigerat,
1803 1449 1859 1496 et
1886 1441 2053 1496 mittit

464 1532 751 1601 quosdam,
780 1533 872 1602 qui
899 1541 1147 1589 sanctam
1175 1533 1531 1589 adducerent.
1550 1533 1653 1599 Qui
1684 1543 1868 1589 autem
1897 1534 2052 1589 missi

470 1622 710 1689 fuerant,
732 1624 922 1679 vident
951 1624 1215 1694 quosdam
1259 1625 1510 1681 candidis
1538 1625 1759 1681 indutos
1791 1625 2050 1692 vestibus,

465 1712 701 1784 eleganti
750 1722 804 1769 et
835 1715 1067 1771 honesta
1098 1716 1301 1786 specie,
1334 1717 1424 1786 qui
1473 1716 1559 1771 vel
1592 1717 1706 1772 sola
1734 1716 1910 1772 forma
1960 1732 2055 1787 po—

469 1813 643 1858 terant
677 1804 949 1861 adducere
981 1806 1034 1860 in
1076 1806 1494 1862 admirationem
1523 1824 1537 1872 ;
1582 1808 1675 1879 qui
1711 1807 1878 1863 etiam
1908 1822 2053 1877 smpe

2156 627 2345 675 νουσα,
2399 613 2488 664 ἐπὶ
2536 610 2709 681 μέσης
2758 610 2927 681 ἥλατο
2975 609 3075 680 τῆς
3128 608 3355 680 φλογὸς,
3406 608 3596 681 ὥσπερ
3643 609 3744 664 ἐπὶ

2157 704 2378 775 θερμῶν
2419 704 2631 757 ὑδάτων
2676 702 2771 757 καὶ
2817 701 3059 772 λουτρῶν
3118 699 3334 771 ἥδιστα.
3398 702 3737 771 Παραυτίκα

2157 796 2351 867 γοῦνὴ
2387 795 2486 866 μὲν
2529 794 2661 864 φλὸξ
2707 795 2978 866 διεχεῖτο,
3035 793 3132 848 καὶ
3182 793 3294 847 τῶν
3347 796 3742 861 περιεστώτων

2158 886 2575 956 ἐπελαμϐάνετο
2596 903 2611 918 ’
2642 888 2848 957 ἥπτετο
2871 886 2927 941 δὲ
2954 887 3048 940 καὶ
3076 885 3245 940 αὐτοῦ
3282 884 3376 938 τοῦ
3400 887 3743 953 δικάζοντος,

2159 979 2278 1048 ἅμα
2328 978 2426 1049 μὲν
2480 976 2580 1049 τὴν
2621 978 2878 1031 ἀσέϐειαν
2933 977 3299 1048 ἀμυνόμενον,
3339 978 3435 1030 καὶ
3487 981 3624 1048 πρὸς
3679 978 3749 1032 τδ

2162 1073 2330 1144 μηδὲν
2361 1074 2525 1126 αὐτὸν
2556 1072 2867 1142 ἀμφίϐολον
2897 1072 3065 1141 ἔχειν,
3113 1069 3230 1124 ἀλλ’
3274 1070 3452 1139 ἐαυτῷ
3496 1072 3748 1141 μάρτυρι

2159 1164 2395 1235 χρῆσθαι
2425 1164 2527 1233 τῆς
2555 1162 2650 1216 τοῦ
2681 1161 2817 1217 Θεοῦ
2842 1163 3149 1232 δυνάμεως.
3184 1160 3372 1226 Οὖτως
3403 1156 3498 1215 οὖν
3540 1161 3608 1215 τὰ
3638 1163 3750 1232 μὲν

2157 1256 2267 1309 τῶν
2309 1255 2528 1310 ἀσεϐῶν
2577 1254 2972 1326 κατῃσχῦνετο,
3015 1253 3148 1316 Θεὸς
3191 1253 3247 1306 δὲ
3291 1252 3381 1305 διὰ
3426 1251 3523 1322 τῆς
3571 1253 3753 1307 αὑτοῦ

2163 1348 2440 1417 μάρτυρος
2469 1344 2754 1410 ἐδοξάζετο
2775 1360 2789 1373 ·
2826 1343 2943 1415 εἶχε
2976 1344 3033 1397 δὲ
3064 1344 3158 1397 καὶ
3188 1343 3266 1415 τῷ
3303 1345 3534 1416 δικαστῇ
3567 1346 3751 1414 πονή-

2163 1456 2267 1512 ρως
2296 1439 2355 1492 τὸ
2384 1437 2817 1508 παραπολαῦσαι)
2864 1438 2963 1506 τῆς
2997 1436 3195 1506 φλογὸς
3231 1438 3399 1509 μέρος
3427 1437 3522 1491 τοῦ
3555 1437 3754 1508 σώμα-

2157 1549 2270 1597 τος,
2323 1533 2417 1586 καὶ
2470 1531 2680 1601 πέμπει
2729 1530 2879 1593 τινὰς
2933 1529 3163 1595 ἄξοντας
3204 1531 3303 1599 τὴν
3348 1530 3531 1599 ἁγίαν.
3572 1531 3635 1585 Oi
3687 1531 3753 1584 δὲ

2158 1624 2507 1695 πεμφθέντες
2540 1608 3016 1693 λευκημονοῦντας
3050 1621 3241 1694 ἐώρων
3269 1623 3424 1687 τινὰς
3454 1622 3754 1693 εὐπροσὼο

2160 1734 2297 1780 πους
2333 1717 2417 1770 ὅτι
2455 1715 2691 1786 μάλιστα
2732 1714 2829 1767 καὶ
2862 1716 3159 1785 χαρίεντας
3192 1714 3459 1785 ἔκπληξιν
3503 1715 3612 1768 ἀπὸ
3644 1715 3755 1785 τῆς

2166 1810 2379 1880 μορφῆς
2430 1809 2681 1876 ἐμποιεῖν
2725 1808 3094 1877 δυναμένους·
3139 1804 3193 1860 οἳ
3258 1808 3357 1862 καὶ
3391 1806 3658 1871 πολλάκις
3691 1811 3758 1862 ἐν

465 1897 565 1950 visi
599 1899 816 1952 fuerant
847 1913 973 1953 cum
1011 1898 1170 1954 beata
1210 1901 1419 1954 versari
1458 1900 1512 1954 in
1542 1899 1787 1966 fornace,
1817 1909 1876 1955 et
1901 1900 2061 1955 simul

2175 1900 2229 1967 τῇ
2253 1897 2468 1967 καμίνῳ
2492 1894 2749 1958 συνόντες
2774 1897 2838 1965 τῇ
2876 1896 3130 1966 μακαρίᾳ
3153 1895 3247 1948 καί
3270 1897 3758 1966 συναναφέροντες

465 2003 592 2042 cum
639 2002 703 2042 ea
738 2003 933 2059 preces
983 1988 1238 2045 fundere.
1289 1990 1427 2046 Cum
1479 2000 1662 2047 autem
1696 1991 1781 2047 eis
1811 2002 2053 2047 sanctam

467 2084 797 2139 conantibus
845 2099 1043 2156 rapere
1087 2085 1280 2140 solu'ae
1310 2097 1499 2142 essent
1528 2088 1787 2153 dextera),
1819 2103 1926 2143 non
1962 2103 2057 2142 va-

469 2173 650 2229 lentes
705 2172 907 2243 aliquid
949 2174 1189 2245 amplius
1248 2172 1432 2229 facere
1476 2192 1492 2228 :
1536 2175 1828 2245 Egredere,
1856 2176 2058 2231 clama-

471 2262 627 2330 bant,
669 2264 867 2318 ancilla
907 2263 1003 2320 Dei
1051 2280 1066 2318 :
1104 2274 1265 2320 vocat
1313 2274 1366 2320 te
1403 2266 1571 2337 judex
1650 2268 1781 2333 Qua:
1834 2267 1935 2322 etsi
1993 2284 2057 2323 ex

471 2354 596 2423 igne
637 2369 856 2427 egressa
902 2365 1051 2412 esset
1076 2357 1266 2424 illaesa,
1303 2372 1429 2413 cum
1461 2357 1508 2413 ei
1538 2348 1771 2413 omnino
1804 2375 1913 2413 non
1957 2375 2059 2415 no-

472 2448 678 2504 cuisset
720 2449 879 2520 ignis,
911 2459 967 2505 et
997 2450 1198 2521 impius
1243 2465 1443 2521 corpus
1481 2450 1706 2506 haberet
1743 2452 1925 2507 adhuc
1953 2469 2043 2507 sc-

475 2541 875 2607 miustulatum,
915 2550 972 2596 et
1012 2557 1076 2597 ex
1115 2542 1234 2612 ipso
1278 2551 1467 2612 posset
1506 2542 1812 2614 intelligere
1847 2564 1860 2598 :
1909 2558 2054 2599 cras-

472 2648 596 2687 sam
657 2644 840 2687 tamen
896 2633 1099 2688 nubem
1150 2633 1337 2690 ferens
1388 2636 1439 2689 in
1494 2637 1691 2700 oculis,
1736 2646 1853 2690 erat
1904 2637 2061 2705 plane

471 2724 760 2794 insipiens.
818 2724 1114 2796 PrOpterea
1163 2725 1215 2780 in
1260 2740 1382 2781 eam
1442 2743 1634 2782 rursus
1692 2729 1798 2783 alia
1851 2730 2062 2783 induxit

474 2816 760 2888 supplicia,
800 2817 1031 2888 etjubet
1076 2818 1198 2887 eius
1240 2819 1483 2873 membra
1534 2819 1773 2891 transﬁgi
1810 2820 2058 2875 terebris.

473 2909 610 2963 Cum
665 2918 847 2963 autem
917 2918 1124 2981 martyr
1177 2910 1385 2966 habens
1421 2913 1647 2966 omnino
1697 2923 1934 2967 mentem
1995 2915 2060 2968 ad

477 2998 646 3054 Deum
676 3001 967 3063 sublatam,
997 3018 1187 3067 parum
1221 3012 1314 3057 aut
1341 3003 1480 3057 nihil
1513 3014 1731 3058 curaret
1763 3014 2057 3073 tat-menta,

476 3107 597 3146 eam
631 3101 805 3147 morte
842 3095 1194 3149 condemnat.
1244 3093 1399 3161 Quod
1437 3095 1657 3166 quidem
1700 3114 1823 3151 cum
1854 3099 2063 3154 audiis.

476 3192 560 3237 set
595 3183 1019 3251 adulescentula,
1050 3187 1204 3256 cujus
1234 3201 1344 3240 non
1382 3197 1538 3241 erant
1563 3188 1748 3258 pusilli
1780 3198 1836 3244 et
1863 3191 2060 3246 mulie-

2164 1989 2301 2059 αὐτῇ
2346 1989 2446 2051 τὰς
2476 1988 2646 2058 εὐχὰς
2679 1987 3007 2057 ἐθεάθησαν.
3065 1986 3223 2041 Ἐπεὶ
3260 1983 3357 2041 οῦν
3399 1988 3755 2058 ἐπιχειροῦσι

2164 2080 2382 2141 τούτοις
2420 2080 2520 2152 τὴν
2564 2080 2729 2150 ἁγίαν
2775 2079 2966 2132 λαϐεῖν
3020 2081 3287 2149 παρεῖντο
3342 2080 3399 2133 αί
3443 2078 3640 2147 δεξιαὶ,
3686 2081 3752 2133 οὐ

2165 2170 2460 2236 δυνάμενοί
2505 2188 2559 2224 τι
2609 2170 2811 2238 δρᾶσαι
2845 2170 3010 2223 πλέον
3035 2185 3049 2201 ο
3110 2167 3312 2234 Ἔξιθι,
3350 2169 3545 2236 ἐϐόων,
3582 2171 3614 2241 ἡ
3649 2169 3754 2225 τοῦ

2167 2261 2306 2316 Θεοῦ
2344 2260 2531 2333 δούλη,
2572 2265 2601 2316 ὁ
2633 2261 2870 2327 δικάζων
2905 2261 3084 2315 καλεῖ.
3133 2260 3222 2324 Ὠς
3249 2260 3346 2315 οὖν
3383 2260 3609 2325 ἄθικτος
3636 2262 3755 2316 ἀπὸ

2168 2352 2265 2407 τοῦ
2308 2353 2483 2425 πυρὸς
2530 2353 2755 2425 ἐξῆλθεν
2793 2352 2949 2407 οὐδὲν
2988 2352 3163 2422 αὐτὴν
3209 2352 3271 2406 τδ
3317 2353 3584 2424 παράπαν
3620 2352 3761 2424 βλᾶ-

2168 2447 2395 2516 ψαντος,
2427 2449 2455 2500 ὁ
2487 2445 2755 2515 δυσσεϐὴς
2788 2447 2969 2498 καίτοι
3007 2445 3347 2515 ἡμίφλεκτον
3382 2445 3464 2499 ἔτι
3496 2445 3557 2499 τὸ
3587 2446 3762 2511 σῶμα

2169 2539 2333 2610 ἔχων,
2386 2539 2481 2592 καὶ
2534 2536 2628 2605 ἀφ’
2681 2536 2879 2589 ἑαυτοῦ
2928 2537 3173 2588 συνεῖναι
3222 2535 3546 2606 δυνάμενος,
3601 2538 3764 2607 ὅμως

2171 2631 2316 2702 παχὺ
2349 2631 2530 2702 φέρων
2564 2630 2623 2683 τὸ
2647 2629 2737 2683 ἐπὶ
2767 2629 2875 2681 τῶν
2901 2627 3199 2698 ὀφθαλμῶν
3234 2631 3334 2699 τῆς
3354 2626 3533 2701 ψυχῆς
3569 2631 3762 2700 νέφος,

2171 2725 2436 2787 ἀσύνετος
2479 2719 2570 2795 ἦν.
2629 2723 2738 2776 Καὶ
2786 2722 2874 2775 διὰ
2915 2721 3078 2775 τοῦτο
3123 2722 3218 2775 καὶ
3265 2719 3425 2785 αὖθις
3478 2724 3763 2794 τιμωρίας

2171 2819 2383 2887 ἐπῆγεν
2417 2816 2636 2888 ἐτέρας,
2674 2818 2768 2869 καὶ
2796 2815 3096 2879 τρυπάνοις
3123 2814 3296 2886 αὐτὴν
3320 2814 3533 2869 κελεύει
3559 2816 3762 2870 διαπε-

2173 2909 2436 2980 ρονᾶσοαι
2471 2908 2539 2962 τὰ
2572 2909 2730 2978 μέλη.
2779 2906 2937 2961 Ἐπεὶ
2972 2906 3027 2960 δὲ
3059 2906 3158 2979 τὴν
3191 2906 3443 2961 διάνοιαν
3490 2908 3580 2961 διὰ
3611 2925 3758 2961 παν-

2169 3005 2260 3064 τὸς
2288 3001 2422 3072 πρὸς
2450 3001 2585 3056 Θεὸν
2615 3000 2815 3072 ἔχουσα
2846 2999 2954 3053 τῶν
2980 2998 3347 3069 ἐπαγομένων
3375 3000 3531 3069 ὀλίγα
3550 3002 3749 3070 ἐφρόν-

2171 3094 2321 3157 τιζεν
2352 3093 2384 3163 ἢ
2413 3091 2591 3157 οὐδὲν,
2644 3093 2738 3146 τὸν
2778 3091 2865 3145 διὰ
2917 3089 3108 3161 ξίφους
3153 3092 3386 3146 θάνατον
3439 3094 3533 3147 καὶ
3576 3092 3753 3162 αὐτῆς

2173 3185 2521 3254 κατακρίνει,
2562 3186 2701 3255 ὅπερ
2722 3187 2753 3256 ἡ
2776 3186 2944 3256 μηδὲν
2966 3185 3190 3254 ἀγεννὲς
3215 3186 3353 3257 μηδὲ
3377 3185 3513 3255 θῆλυ
3531 3186 3763 3256 φρονοῦ-

476 3274 607 3329 bres
651 3276 896 3344 spiritus,
970 3286 1025 3331 et
1068 3287 1373 3347 reputasset
1428 3279 1530 3335 bne
1579 3295 1700 3335 esse
1763 3282 1928 3336 veluti
1988 3282 2066 3336 si-

2175 3296 2242 3334 σα
2283 3280 2464 3341 νεᾶνις
2490 3278 2794 3344 ἀκούσασα,
2827 3279 2923 3332 καὶ
2950 3277 3142 3350 ῶσπερ
3173 3278 3445 3350 σφραγῖδα
3476 3279 3636 3332 τοῦτο
3662 3280 3766 3333 καὶ

480 3367 775 3437 gnaculum
806 3378 860 3420 et
890 3367 1201 3422 ﬁrmitatem
1234 3385 1343 3424 sum
1380 3371 1433 3422 in
1480 3371 1647 3424 Deum
1680 3372 2066 3437 confessionis,

481 3475 703 3529 magnas
752 3460 859 3515 lico
893 3463 1002 3531 egit
1031 3463 1232 3533 gratias
1270 3481 1282 3517 :
1315 3463 1430 3535 Ago
1461 3465 1557 3519 tibi
1605 3466 1824 3537 gratias,
1859 3467 2066 3536 dicens,

479 3553 663 3608 divina
695 3553 955 3619 Trinitas,
989 3571 1094 3611 una
1124 3556 1405 3622 divinitas,
1436 3574 1544 3612 una
1588 3558 1782 3630 gloria,
1825 3576 1933 3615 una
1970 3577 2070 3629 po-

481 3647 676 3709 tentia,
713 3647 859 3715 quod
905 3656 957 3701 te
1001 3656 1056 3702 et
1085 3649 1193 3703 tuis
1234 3649 1566 3719 martyribus
1612 3652 1750 3705 meis
1792 3654 2073 3710 sororibus

480 3738 699 3808 dignam
729 3755 838 3803 mc,
870 3754 991 3811 quae
1030 3754 1149 3795 sum
1192 3741 1439 3804 minima,
1483 3742 1793 3797 reddidisti.
1819 3743 2073 3801 Concede

483 3843 684 3894 autem,
730 3840 789 3886 ut
831 3842 1008 3888 mater
1033 3848 1151 3888 mea
1197 3842 1320 3904 post
1356 3848 1537 3887 meum
1567 3834 1854 3890 decessum
1882 3838 2071 3892 tandiu

485 3922 556 3974 sit
612 3937 663 3974 in
708 3922 811 3977 hac
855 3923 1051 3979 misera
1092 3924 1204 3978 vita
1264 3933 1565 3993 superstes,
1617 3934 1675 3981 ut
1726 3926 1831 3982 tuis
1864 3928 2075 3985 ancillis

480 4014 627 4083 jststa
666 4011 848 4068 faciat.

559 4184 699 4241 XIV.
742 4186 880 4243 Cum
912 4187 991 4244 sic
1027 4200 1246 4260 precata
1290 4202 1437 4248 esset
1476 4194 1633 4249 beata
1674 4171 1947 4254 Charitas.
1974 4198 2072 4253 ad-

492 4278 756 4333 miranda;
794 4279 918 4334 ﬁliis
947 4290 1124 4335 mater
1161 4284 1495 4340 admirabilis
1530 4301 1629 4355 pro
1672 4302 1736 4342 ea
1775 4298 1857 4344 est
1886 4305 2077 4359 prcca-

495 4378 570 4434 ta,
610 4384 719 4423 non
760 4379 820 4424 ut
854 4385 975 4424 eam
1036 4372 1244 4429 videret
1303 4373 1503 4443 vivam,
1533 4385 1589 4431 et
1630 4376 1792 4449 longo
1831 4388 2079 4449 tempore

488 4469 719 4534 viveret,
772 4481 1002 4525 mortem
1052 4470 1336 4544 effugiens,
1378 4486 1435 4529 et
1468 4489 1589 4529 eam
1623 4476 1796 4531 solam
1851 4476 2081 4532 haberet

2172 3371 2476 3441 ἀσφάλειαν
2522 3372 2622 3441 τῆς
2679 3370 2818 3441 πρὸς
2871 3370 3005 3425 Θεὸν
3048 3370 3342 3440 ὁμολογίας
3390 3371 3764 3443 λογισαμένη,

2174 3464 2379 3527 πολλὰς
2405 3464 2677 3535 ὡμολόγει
2701 3462 2778 3533 τῷ
2806 3462 2924 3533 Θεῷ
2955 3464 3189 3535 χάριτας
3208 3478 3223 3494 ο
3275 3463 3604 3534 Εὐχαριστῶ
3649 3480 3767 3530 σοι,

2172 3559 2430 3623 λέγουσα,
2471 3558 2592 3611 Θεία
2637 3558 2838 3627 Τριὺς,
2900 3557 2998 3627 μία
3051 3556 3265 3626 Θεότης,
3325 3555 3422 3626 μία
3466 3554 3620 3620 δόξα.
3654 3555 3767 3626 μία

2182 3652 2437 3722 δύναμις,
2468 3653 2550 3705 ὅτι
2585 3650 2683 3705 καί
2717 3667 2783 3721 με
2814 3649 2909 3702 τοῦ
2938 3648 3229 3718 νυμφῶνος
3255 3649 3350 3701 τοῦ
3383 3648 3477 3701 σοῦ
3510 3649 3610 3701 καὶ
3649 3648 3773 3701 τῶν

2177 3743 2286 3798 σῶν
2372 3742 2671 3815 μαρτύρων
2740 3741 2853 3795 τῶν
2911 3741 3063 3812 ἐμῶν
3124 3740 3377 3810 ἀδελφῶν
3440 3740 3603 3807 ἀξίαν
3659 3741 3775 3812 τὴν

2176 3835 2470 3905 ἐλαχίστην
2517 3832 2749 3897 ἔδειξας.
2796 3833 2896 3895 Δὸς
2943 3831 3004 3885 δέ
3060 3832 3156 3886 καὶ
3184 3832 3285 3903 τὴν
3334 3831 3475 3902 ἐμὴν
3538 3832 3775 3903 μητέρα

2180 3927 2319 3997 μετὰ
2341 3928 2441 3997 τὴν
2458 3926 2599 3998 ἐμὴν
2627 3926 2888 3997 τελευτὴν
2913 3924 2990 3995 τῷ
3013 3925 3347 3996 ταλαιπώρῳ
3370 3924 3546 3995 τούτῳ
3564 3924 3780 3996 ἐπεξῆ-

2180 4037 2271 4075 σαι
2317 4019 2439 4090 βίῳ,
2473 4020 2600 4073 ὅσον
2634 4019 2705 4083 τὰ
2751 4017 3120 4089 νενομισμένα
3150 4018 3272 4080 ταῖς
3317 4018 3439 4079 σαῖς
3481 4016 3773 4087 Θεραπαι-

2178 4113 2320 4166 νίσιν
2351 4098 2806 4182 ’ἀφοσιώσασθαι.

2254 4207 2358 4260 1Δ’.
2397 4204 2557 4258 Οὖτω
2596 4203 2699 4273 τῆς
2742 4203 3025 4274 μακαρίας
3059 4201 3351 4273 δεηθείσης
3406 4201 3677 4273 Ἀγάπης,
3736 4203 3777 4274 ἡ

2178 4297 2279 4366 τῆς
2335 4296 2646 4367 θαυμασίας
2706 4295 2983 4365 θυγατρὸς
3041 4293 3327 4364 θαυμασία
3392 4295 3578 4364 μήτηρ
3636 4296 3779 4347 τινὰ

2181 4387 2325 4459 ὑπὲρ
2358 4386 2531 4457 αὐτῆς
2585 4385 2773 4455 δέησιν
2807 4384 3070 4447 ἐποιεῖτο,
3103 4383 3203 4452 οὐχ
3251 4382 3340 4435 ἵνα
3374 4382 3558 4446 ζῶσαν
3592 4382 3780 4454 αὐτὴν

2180 4480 2308 4553 ὁρᾷ,
2367 4479 2483 4532 οὐδ’
2537 4477 2627 4533 ῐνα
2680 4477 2894 4549 μακρὸν
2937 4477 3133 4546 χρόνον
3187 4475 3327 4545 βιῴη
3385 4474 3479 4527 τὸν
3533 4474 3780 4530 θάνατον

488 4563 921 4618 consolationem
969 4574 1026 4618 et
1072 4581 1225 4635 spem
1291 4570 1614 4634 senectutis,
1662 4584 1787 4623 cum
1829 4569 1898 4624 ab
1958 4569 2067 4624 aliis

2186 4570 2527 4641 ἐκφυγοῦσα,
2561 4571 2659 4625 καὶ
2704 4568 3062 4639 παραμυθίαν
3100 4566 3273 4636 αὐτὴν
3307 4567 3478 4637 μόνην
3506 4567 3625 4636 ἔχοι
3670 4570 3778 4620 καὶ

496 4663 642 4709 (sset
685 4655 901 4710 deserta
962 4656 1210 4725 ﬁliabus;
1257 4658 1396 4712 nihil
1456 4659 1653 4714 horum
1703 4668 1788 4715 est
1835 4674 2079 4728 precata,

497 4754 591 4801 aut
618 4748 818 4813 voluit;
865 4748 980 4803 haec
1008 4751 1156 4804 enim
1201 4750 1479 4819 judicabat
1524 4766 1648 4805 esse
1702 4761 1937 4805 matrum
1978 4750 2084 4804 illi-

496 4840 695 4894 beralis
739 4851 793 4896 et
829 4841 1011 4910 pusilli
1063 4842 1253 4904 animi,
1297 4852 1355 4896 et
1401 4858 1524 4912 quze
1572 4842 1861 4896 intuentur
1901 4842 2079 4897 solum

493 4931 564 4983 ad
611 4930 665 4985 id
703 4932 845 5000 qund
898 4931 1075 4995 adest,
1111 4939 1163 4985 et
1207 4930 1353 5000 quod
1394 4929 1653 4984 videtur:
1700 4930 1794 4983 sed
1844 4936 1901 4983 ut
1952 4944 2085 4983 con-

499 5023 782 5077 venienter
817 5022 938 5093 ejus
985 5022 1270 5093 proposito
1318 5022 1599 5092 acciperet
1651 5021 2083 5076 consummatio-

496 5134 644 5183 nem,
670 5117 886 5173 etbona
911 5117 1051 5173 facta
1080 5118 1259 5172 bonus
1286 5131 1607 5186 sequeretur
1637 5115 1837 5171 exitus.
1872 5114 2082 5182 Quam-

496 5226 688 5280 obrem
739 5225 808 5280 ad
855 5234 1088 5280 mortem
1154 5225 1205 5280 ei
1256 5225 1465 5280 addens
1515 5223 1783 5289 animum,
1830 5233 1884 5278 et
1915 5223 1982 5277 ad
2024 5224 2087 5277 ﬁ-

501 5334 630 5373 nem
687 5333 880 5373 cursus
935 5317 1265 5373 cunﬁrmans
1308 5334 1323 5372 :
1370 5317 1540 5387 Euge,
1588 5316 1827 5381 dicebat,
1864 5330 1897 5369 ο
1943 5314 2083 5381 ﬁlia;

502 5427 538 5465 ο
568 5411 673 5466 mei
727 5410 867 5466 uteri
927 5425 1117 5467 revera
1172 5410 1304 5465 felix
1345 5409 1563 5480 planta!
1595 5422 1628 5463 ο
1670 5422 1793 5477 quae
1846 5408 2087 5462 honora-

501 5508 629 5563 \ls‘ll
708 5505 991 5577 parentesl
1036 5520 1070 5558 ο
1114 5520 1236 5573 qua:
1281 5505 1448 5559 Deum
1504 5503 1558 5557 in
1609 5502 1716 5558 tuis
1773 5500 2085 5572 gloriﬁcasti

505 5600 786 5655 membris.
830 5598 965 5665 Quis
1017 5612 1126 5651 non
1172 5606 1320 5651 tuam
1373 5595 1617 5651 laudabit
1670 5593 2089 5649 fortitudinem?

504 5693 637 5753 Quis
671 5707 777 5745 non
801 5690 967 5745 animi
999 5689 1168 5745 robur
1191 5687 1657 5743 ctcunstantiam?
1675 5686 1821 5741 Vade
1849 5686 1914 5740 ad
1938 5702 2088 5741 corn-

511 5797 728 5837 munem
768 5782 1080 5846 Dominum,
1115 5780 1181 5835 ad
1220 5781 1539 5845 thalamum,
1570 5779 1623 5833 in
1659 5794 1818 5848 quem
1854 5793 1961 5831 non
2003 5794 2091 5832 ca-

511 5870 568 5923 dt
650 5872 925 5938 interitus,
967 5872 1030 5926 ad
1072 5874 1311 5940 quietem
1352 5886 1539 5924 revera
1576 5870 1809 5933 beatam,
1846 5869 2087 5923 laborum

2185 4662 2503 4734 γηροκόμον
2555 4660 2745 4714 ἐλπίδα
2794 4659 2903 4712 τῶν
2952 4658 3129 4712 ἄλλων
3185 4657 3509 4726 θυγατέρων
3556 4656 3779 4726 ἕρημος

2185 4755 2356 4811 οὖσαι
2399 4755 2554 4808 οὐδὲν
2598 4752 2840 4807 τοιοῦτον
2883 4752 2915 4822 ἡ
2964 4750 3170 4819 ηὔξατο
3221 4750 3253 4820 ἢ
3287 4748 3547 4818 ἠθέλησε.
3581 4747 3776 4801 Ταῦτα

2184 4848 2295 4919 γὰρ
2339 4846 2584 4914 ἀγεννῶν
2625 4845 2809 4914 ἔκρινε
2851 4844 3108 4913 μητέρων
3156 4843 3253 4895 καὶ
3307 4844 3443 4910 πρὸς
3487 4840 3549 4892 τὸ
3594 4838 3780 4909 παρὸν

2192 4941 2355 5012 μόνον
2396 4938 2736 5009 βλεπουσῶν,
2772 4935 2887 4990 ἀλλ’
2926 4934 3069 4988 ὥστε
3105 4934 3252 4987 κατὰ
3286 4932 3389 5002 τὴν
3424 4930 3601 4999 αὐτῆς
3631 4931 3780 5000 πρό-

2187 5036 2340 5089 θεσιν
2376 5034 2472 5085 καὶ
2503 5031 2604 5102 τὴν
2638 5029 2921 5083 τελείωσιν
2958 5026 3223 5091 δέξασθαι
3272 5023 3369 5076 καὶ
3402 5022 3594 5083 καλαῖς
3625 5023 3780 5092 πρά-

2190 5125 2305 5190 ξεσι
2337 5122 2501 5177 καλὸν
2551 5120 2924 5189 ἀκολουθῆσαι
2974 5118 3072 5172 καὶ
3124 5117 3297 5178 τέλος.
3341 5114 3433 5166 Διὸ
3480 5111 3575 5166 καὶ
3632 5109 3783 5180 πρὸς

2187 5220 2282 5271 τὸν
2310 5217 2542 5270 θάνατον
2574 5212 2954 5279 ἐπαλείφουσα
3002 5208 3233 5278 ταύτην,
3273 5207 3367 5259 καὶ
3409 5204 3547 5275 πρὸς
3581 5203 3646 5255 τὸ
3677 5202 3783 5254 τοῦ

2189 5309 2395 5381 δρόμου
2456 5306 2608 5369 τέλος
2681 5302 3111 5375 ἐπιῤῥωννῦσασ
3171 5299 3334 5367 Εὖγε,
3404 5290 3449 5350 ὦ
3505 5294 3779 5381 θύγατερ,

2189 5379 2365 5470 ἔλεγε,
2400 5395 2444 5453 ὧ
2479 5398 2716 5469 γαστρὸς
2765 5396 2906 5467 ἐμῆς
2959 5394 3236 5466 μακάριον
3282 5390 3454 5453 δντως
3503 5387 3697 5456 φυτὸν,
3730 5379 3789 5439 ὦ

2190 5496 2371 5565 γονεῖς
2395 5494 2700 5565 τιμήσασα,
2751 5484 2799 5544 ὧ
2851 5489 2987 5542 Θεὸν
3054 5490 3113 5540 ἐν
3164 5487 3280 5548 τοῖς
3323 5485 3438 5545 σοῖς
3494 5479 3783 5545 δοξάσασα

2199 5585 2389 5655 μέλεσι
2414 5598 2429 5614 ⁸
2465 5582 2550 5644 τίς
2577 5597 2637 5633 σε
2670 5580 2770 5650 τῆς
2801 5576 3027 5648 ἀνδρίας
3060 5576 3162 5629 οὐκ
3200 5572 3521 5635 ἐπαινέσεις
3553 5569 3640 5633 τίς
3674 5570 3783 5638 τῆς

2194 5675 2516 5753 καρτερίας,
2569 5672 2655 5736 τίς
2704 5671 2804 5739 τῆς
2855 5670 3204 5731 ἐνστάσεωςς
3267 5664 3459 5720 ’Δπιθι
3517 5660 3659 5730 πρὸς
3685 5660 3783 5711 τὸν

2196 5770 2372 5824 κοινὸν
2404 5766 2706 5834 Δεσπότην,
2745 5761 2884 5832 πρὸς
2910 5760 3002 5812 τὸν
3047 5757 3314 5826 νυμφῶνα
3345 5753 3436 5805 τὴν
3467 5752 3778 5821 ἄφθαρτον,

2196 5859 2333 5929 πρδς
2359 5857 2455 5925 τὴν
2493 5854 2769 5925 μακαρίαν
2800 5851 2970 5914 ὅντως
3000 5852 3326 5909 ἀνάπαυσιν,
3360 5841 3782 5911 ἀπολειιζιαμένη
