3996 6442
227 369 334 436 513

1504 370 1678 433 VITA
1722 368 1784 431 S.
1829 370 2235 433 STEPHANI.

3389 372 3490 435 5H

220 480 329 533 τῶν
353 478 538 535 ἄθλων
570 481 670 546 τὰς
703 480 961 554 ἀμοιϐάς.
992 482 1090 547 '0;
1115 497 1210 536 σου
1242 482 1332 535 τὸν
1367 480 1633 551 στέφανον
1662 500 1801 552 φαν-

1916 493 2202 554 acceptura
2234 482 2727 541 remunerationes.
2763 483 2838 541 Ut
2879 482 3090 540 visione
3138 483 3493 555 apprehendi)

220 572 465 642 τάξομαι
505 571 663 647 δεξιᾷ
712 578 1019 648 Δεσποτικῇ
1054 574 1509 648 προτεινόμενονί
1558 575 1647 638 Ὠς
1679 576 1806 640 τοὺς

217 665 488 735 ἀγγέλους
537 666 652 735 ύρῶ
698 667 1013 738 χαίροντας,
1082 666 1178 720 καὶ
1224 665 1324 735 τὴν
1375 663 1474 736 σὴν
1526 666 1807 721 τελείωσιν

219 755 632 824 ἁναμένονταςι
691 757 756 808 Ὠ
805 756 949 821 οἵαις
1003 754 1115 821 ἐγὼ
1156 754 1303 826 τρίσι
1350 754 1658 826 θυγατράσι
1706 751 1808 825 τὴν

216 847 435 917 τριάδα
488 848 808 918 τετίμηκαί
852 843 955 903 Οἴα
1004 849 1176 922 δῶρα,
1223 842 1313 902 οἷα
1357 846 1578 916 θύματα
1636 864 1809 917 προσ·

219 939 435 1009 ηνεγκα
464 937 677 1011 ταύτῃι
712 940 757 992 Τ
759 940 983 1004 οιαύτας
1016 940 1205 1011 εὐχὰς,
1238 938 1515 1002 τοιούτους
1550 939 1742 1008 λόγους
1774 939 1807 1010 ή

218 1032 366 1103 καλὴ
405 1034 595 1104 μήτηρ
625 1032 839 1103 ἐφόδιον
868 1036 938 1105 τῇ
978 1032 1216 1104 θυγατρὶ
1251 1031 1636 1102 παρασχοῦσα,
1671 1032 1808 1102 πρὸς

217 1125 319 1194 τὴν
358 1123 708 1197 ποθουμένην
736 1126 855 1179 ὁδὸν
886 1125 1253 1197 παρέπεμψε·
1285 1126 1378 1178 τὸν
1420 1124 1625 1195 αὐχένα
1658 1123 1803 1195 οὒνὴ

222 1219 481 1290 μακαρία
531 1217 869 1288 προτείνασα
920 1218 1013 1271 τὸν
1065 1218 1207 1288 ὑπὲρ
1269 1216 1512 1287 Χριστοῦ
1571 1217 1804 1271 θάνατον

228 1309 432 1381 ὒπέστη
464 1308 788 1380 προθύμως,
813 1302 880 1379 ἦς
908 1308 972 1362 τὸ
1001 1310 1162 1379 σῶμα
1190 1310 1224 1380 ἡ
1251 1309 1436 1382 μήτηρ
1480 1306 1808 1381 περιπαθῶς

232 1401 340 1470 ἅμα
375 1397 476 1451 καὶ
517 1397 767 1461 εὐλαϐῶς
804 1397 1221 1467 κατησπάζετο,
1273 1397 1336 1450 τό
1369 1415 1427 1451 τε
1462 1398 1559 1468 τῆς
1596 1397 1810 1468 φύσεως

225 1491 319 1543 καὶ
363 1490 428 1543 τὸ
477 1490 581 1561 τῆς
631 1486 861 1560 γνώμης
909 1487 1165 1552 ποιοῦσα,
1211 1487 1558 1542 εὐωδιόισασά
1605 1506 1665 1543 τε
1717 1488 1811 1542 καὶ

224 1581 651 1654 περιστείλασα,
690 1581 840 1645 ὅπως
864 1579 972 1633 ἔδει
1006 1583 1103 1650 τὴν
1138 1580 1233 1634 καὶ
1263 1580 1478 1651 μητέρα
1522 1579 1618 1633 καὶ
1656 1580 1812 1647 φιλο-

225 1677 511 1746 μαρτυρα,
547 1671 988 1744 μεγαλοπρεπῶς
1016 1689 1076 1725 τε
1112 1671 1209 1726 καὶ
1234 1670 1557 1742 φιλοτίμως,
1592 1672 1686 1724 καὶ
1708 1672 1810 1725 ὅσα

221 1768 393 1837 νόμος
437 1766 532 1819 ἰπὶ
578 1765 846 1827 τοιούτοις
889 1764 1143 1832 γίνεσθαι
1189 1762 1467 1833 λειψάνοις
1514 1762 1807 1825 τελέσασα,

1908 592 2189 644 coronam,
2225 592 2348 647 qua:
2376 577 2600 633 dextera
2632 577 2846 633 Domini
2882 578 3197 649 porrigitur.
3232 576 3301 632 Ut
3332 576 3493 634 video

1909 670 2131 742 angelos
2160 670 2425 735 laetantes,
2453 680 2507 726 et
2533 678 2916 739 exspectantes
2948 678 3096 725 tuam
3132 685 3453 725 consumma
3473 698 3489 711 -

1910 762 2135 818 tionem.
2200 761 2245 816 Ο
2297 762 2496 833 quibus
2555 777 2655 833 ego
2719 762 2891 818 tribus
2948 761 3162 817 ﬁl'abus
3230 762 3493 817 honorari

1909 853 2232 909 Trinitatem
2264 873 2279 909 :
2306 854 2484 924 qualia
2522 854 2686 920 dona,
2722 855 2912 924 quales
2952 854 3002 909 ei
3042 853 3214 908 obtuli
3246 851 3491 907 suﬁitus?

1910 945 2070 1002 Tales
2105 962 2316 1016 preces,
2366 948 2492 1001 talia
2536 947 2705 1001 verba
2738 964 2859 1003 cum
2892 949 3107 1017 egregia
3160 955 3333 999 mater
3370 944 3495 998 ﬁlize

1909 1038 2231 1109 prwbuisset
2266 1038 2539 1101 viaticum,
2572 1047 2862 1108 prosecuta
2898 1049 2980 1092 est
3005 1037 3070 1090 ad
3100 1036 3240 1092 viam
3275 1035 3499 1092 deside-

1913 1136 2110 1183 ratam.
2155 1128 2365 1183 Collum
2428 1129 2610 1199 itaque
2668 1129 2951 1199 porrigens
3014 1128 3190 1190 beata,
3243 1140 3496 1197 prompto

1911 1227 1967 1274 et
1992 1218 2158 1273 alacri
2207 1219 2391 1272 animo
2429 1217 2596 1273 subiit
2632 1229 2861 1274 mortem
2898 1232 2997 1288 pro
3040 1217 3282 1273 Christo.
3327 1218 3496 1288 Cujus

1911 1326 2109 1380 corpus
2142 1320 2313 1369 mater
2357 1311 2516 1367 simul
2565 1327 2689 1365 cum
2736 1326 2927 1382 magna
2958 1310 3243 1366 affectione
3282 1320 3337 1366 et
3377 1311 3498 1381 pie-

1912 1411 2020 1457 tate
2052 1410 2136 1457 est
2164 1403 2407 1469 amplexa
2444 1420 2456 1455 :
2491 1402 2805 1473 faciensque
2850 1402 2993 1471 quod
3025 1402 3242 1457 volebat
3274 1402 3411 1457 ratio
3440 1410 3496 1456 et

1911 1506 2127 1558 natura,
2162 1510 2284 1551 cum
2319 1493 2495 1563 ipsum
2526 1492 2806 1557 sulliisset,
2831 1502 2887 1548 et
2914 1503 2970 1547 ut
2997 1494 3225 1548 decebat
3266 1504 3495 1548 matrem

1913 1597 1969 1644 et
2041 1597 2334 1661 martyrum
2404 1596 2700 1649 amantem,
2764 1584 3045 1655 splendide
3095 1595 3148 1639 et
3215 1586 3500 1655 magniﬁce

1913 1681 2331 1750 composuisset,
2382 1685 2437 1732 et
2479 1694 2541 1731 ea
2598 1677 2840 1739 fecisset,
2888 1691 3006 1746 quae
3051 1675 3119 1731 de
3165 1691 3317 1731 more
3365 1676 3502 1729 ﬁunt

1914 1769 1967 1824 in
2013 1771 2176 1825 rebus
2215 1768 2545 1839 huiusmodi,
2578 1768 2633 1824 id
2683 1782 2899 1839 quoque
2934 1768 2988 1822 in
3039 1770 3241 1837 templo
3271 1769 3500 1839 deponit

222 1860 337 1920 τοῖς
366 1855 482 1910 τῶν
512 1854 760 1926 ἀδελφῶν
789 1855 886 1910 καὶ
916 1855 1077 1908 τοῦτο
1119 1854 1426 1919 συνάπτει,
1461 1854 1556 1906 καὶ
1583 1853 1662 1926 τῷ
1694 1854 1805 1923 ναῷ

1916 1859 2070 1917 simul
2101 1875 2223 1915 cum
2262 1861 2562 1926 secribus,
2598 1860 2743 1928 quod
2780 1858 2867 1913 illa
2917 1858 3064 1927 prius
3099 1860 3358 1929 praeclare
3408 1877 3503 1913 cs-

225 1948 565 2020 κατατίθησι
606 1947 805 2014 ταῦτα,
840 1945 900 2001 ὃν
934 1947 1093 2020 ἔτυχε
1144 1948 1417 2020 πρότερον
1451 1948 1811 2016 ἀναστήσασα

225 2038 562 2109 φιλοκάλως,
594 2038 734 2109 μέγα
756 2055 810 2093 τι
833 2039 1027 2111 χρῆμα
1048 2037 1144 2093 καὶ
1165 2037 1444 2109 θησαυρὸν
1464 2037 1811 2107 ἀδαπάνητον

227 2134 258 2203 η
322 2131 691 2202 φιλόχριστος
760 2131 935 2195 ὅντως
993 2131 1363 2204 δωρησαμένη
1435 2133 1808 2204 Χριστιανοῖς,

226 2223 375 2277 ῐασιν
406 2221 616 2293 ψυχῆς,
656 2224 801 2276 ίασιν
842 2222 1117 2294 σώματος,
1151 2222 1503 2295 ἀπρόσκοπον
1539 2221 1657 2295 βίου
1692 2222 1809 2275 διαο

229 2316 444 2387 γωγὴν,
486 2315 625 2386 πρὸς
659 2315 791 2369 Θεδν
826 2316 1124 2382 οίκείωσιν,
1170 2316 1424 2387 μεγάλων
1456 2316 1680 2385 ἀγαθῶν
1706 2334 1812 2368 παο

229 2410 396 2480 ροχὴν
426 2406 720 2479 δωρεῖσθαι
751 2407 1072 2477 δυνάμενον.
1110 2404 1242 2461 Εἶτα
1272 2407 1414 2479 μετὰ
1447 2408 1550 2478 τὴν
1584 2405 1802 2476 ἐκείνης

228 2501 539 2563 τελείωσιν,
597 2501 771 2570 τριῶν
818 2499 956 2552 ὅλων
1011 2497 1241 2569 ἡμερῶν
1286 2498 1718 2568 διαγενομένων,
1775 2500 1809 2568 ἡ

232 2591 530 2651 καλλίπαις
582 2587 725 2661 αὕτη
784 2589 971 2662 μήτηρ
1024 2588 1321 2656 ἐξελθοῦσα
1371 2589 1474 2658 τὴν
1515 2587 1661 2659 ὑπὲρ
1706 2587 1815 2641 τῶν

236 2681 394 2753 ίερῶν
425 2682 642 2736 παίδων
662 2682 963 2736 τελὲσουσα
992 2682 1243 2751 μνήμην,
1276 2678 1571 2750 προσφῦσα
1602 2682 1668 2751 τῇ
1704 2678 1816 2733 τῶν

227 2776 506 2847 λειψάνων
563 2774 750 2847 σορῶ’
806 2775 977 2844 Τίμια
1039 2773 1193 2845 παρὰ
1241 2772 1360 2843 Θεῷ
1408 2771 1649 2843 θύματα,
1682 2771 1811 2843 ἔφη,

227 2869 628 2939 τετελειωμένα
662 2867 1100 2939 καλλιερήματα,
1125 2867 1353 2935 δέξασθε
1382 2865 1482 2937 τὴν
1520 2866 1548 2919 ύ
1556 2867 1679 2938 μῶν
1704 2885 1813 2938 μη-

228 2963 362 3032 τέρα
434 2961 711 3031 σύσκηνον
786 2963 901 3025 τοῖς
979 2960 1278 3031 ὑμετέροις
1344 2954 1427 3024 οἷς
1505 2962 1814 3014 κατοικεῖτε

227 3051 610 3125 σκηνώμασιν.
643 3051 830 3106 Ταῦτα
880 3050 1009 3122 εφη,
1044 3051 1141 3105 καὶ
1176 3051 1509 3123 συναπήχθη
1546 3053 1663 3115 τοῖς
1710 3052 1812 3123 ρήο

234 3166 401 3221 μασιν
446 3150 481 3219 ἡ
525 3146 774 3219 γενναία,
816 3146 909 3199 καὶ
957 3144 1128 3199 ὕπνον
1176 3144 1396 3199 ὕπνωσε
1444 3146 1536 3199 τὸν
1585 3144 1813 3209 δικαίοις
1843 3187 1885 3245 c

232 3240 572 3312 ἁρμόζοντα,
608 3240 643 3313 η
681 3242 869 3310 μήτηρ
904 3236 1276 3310 προστεθεῖσα
1313 3240 1436 3300 ταῖς
1482 3236 1813 3308 θυγατράσι,

229 3334 322 3387 καὶ
349 3334 511 3404 κοινῇ
536 3330 702 3384 πάλιν
727 3331 805 3401 τῷ
835 3331 944 3385 τῶν
964 3329 1140 3399 ἁγίων
1176 3327 1342 3401 χορῷ.
1366 3329 1433 3382 Δί
1463 3328 1596 3397 γοῦν
1630 3329 1818 3383 συνελ-

230 3426 423 3479 θοῦσαι
466 3420 819 3491 φιλευσεϐεῖς
865 3422 933 3477 τὰ
978 3421 1351 3493 νενομισμένα
1398 3420 1497 3474 καὶ
1544 3418 1635 3473 ἐπ’
1674 3420 1813 3492 αὐτῇ

227 3517 552 3582 τελέσασαι,
616 3517 684 3585 τῇ
729 3516 883 3585 κοινῇ
956 3513 1066 3566 τῶν
1116 3511 1436 3583 θυγατέρων
1486 3510 1631 3582 σορῷ
1682 3528 1817 3565 κατ-

229 3608 438 3662 έθεντο.
493 3606 643 3659 Ἔδει
683 3606 795 3674 γὰρ
826 3605 1016 3676 ὥσπερ
1042 3605 1151 3659 τῶν
1182 3603 1394 3675 ψυχῶν,
1442 3601 1587 3656 οὕτω
1620 3603 1686 3674 δὴ
1717 3602 1814 3655 καὶ

231 3701 339 3754 τῶν
386 3698 664 3768 σωμάτων
699 3697 831 3769 μίαν
860 3696 1040 3751 αύτῶν
1074 3692 1216 3750 εἶναι
1250 3696 1351 3768 τὴν
1396 3695 1704 3761 κατοικίαν,
1734 3695 1815 3757 είς

229 3792 391 3857 δόξαν
420 3790 663 3861 Πατρὸς,
707 3789 830 3843 Υίοῦ
859 3790 953 3843 καὶ
984 3788 1143 3859 ἁγίου
1174 3786 1518 3858 Πνεύματος,
1546 3786 1647 3858 τῆς
1682 3786 1816 3856 μιᾶς

230 3882 511 3952 θεότητος,
617 3883 819 3954 πρέπει
850 3883 1001 3935 πᾶσα
1040 3880 1190 3948 δόξα,
1227 3879 1385 3951 τιμὴ,
1432 3880 1529 3933 καὶ
1575 3876 1817 3948 προσκύ-

231 3994 408 4048 νησις,
432 3976 534 4031 νῦν
562 3977 656 4030 καὶ
684 3975 766 4039 είς
795 3976 923 4038 τοὺς
954 3974 1158 4037 αἰῶνας
1189 3973 1300 4028 τῶν
1328 3973 1567 4028 αἰώνων.
1613 3971 1812 4042 Ἀμήν.

1913 1952 2197 2019 citaverat,
2241 1968 2355 2007 rem
2393 1966 2641 2022 magnam
2687 1959 2740 2004 et
2771 1950 3104 2016 thesaurum,
3136 1950 3225 2021 qui
3252 1952 3497 2005 consumi

1913 2058 2027 2099 non
2089 2051 2291 2113 potest,
2346 2058 2475 2097 vere
2532 2057 2723 2097 amans
2783 2040 2985 2096 Christi
3042 2040 3259 2095 femina-
3311 2042 3501 2114 largita

1914 2136 2243 2191 Christianis
2301 2134 2567 2192 medelam
2637 2134 2854 2199 animat,
2911 2134 3174 2189 medelam
3234 2135 3498 2205 corpOris.

1914 2229 2238 2285 inoffensam
2308 2228 2430 2283 vitae
2478 2227 2930 2293 transactionem,
2981 2225 3094 2279 Deo
3156 2226 3501 2295 conjunctio-

1918 2338 2069 2387 nem,
2102 2328 2156 2375 et
2197 2320 2289 2391 qui
2331 2327 2510 2389 potest
2557 2334 2749 2391 magna
2786 2318 2929 2372 bona
2968 2317 3233 2389 praebere.
3293 2316 3501 2371 Deinde

1915 2429 2038 2469 cum
2069 2421 2181 2468 tres
2212 2411 2407 2482 integri
2434 2410 2551 2467 dies
2582 2410 3027 2466 intercessissent
3051 2423 3173 2479 post
3202 2409 3346 2464 illius
3372 2426 3505 2464 eon-

1915 2505 2360 2572 summationem,
2421 2518 2637 2574 egressa
2698 2503 2814 2558 haec
2865 2502 3200 2573 ogregiarum
3268 2502 3500 2556 ﬁliarum

1915 2609 2089 2655 mater
2144 2612 2244 2668 pro
2297 2596 2661 2652 sacrosanctis
2715 2593 2926 2649 ﬁliabus
3000 2603 3285 2663 peractum
3347 2609 3502 2647 com-

1915 2687 2390 2752 memorationem,
2419 2685 2685 2743 accedens
2717 2686 2784 2739 ad
2834 2683 3070 2738 loculum
3104 2682 3454 2752 reliquiarum
3484 2700 3498 2738 :

1917 2782 2194 2846 Pretiosrc,
2247 2780 2402 2844 dixit,
2461 2779 2606 2850 apud
2672 2776 2843 2832 Deum
2884 2774 3094 2842 hostia‘,
3128 2784 3507 2829 consummata

1916 2882 1970 2929 et
2023 2874 2250 2945 pulchre
2289 2873 2440 2927 litata
2500 2871 2785 2935 sacrificia,
2833 2868 3066 2938 accipite
3108 2876 3345 2921 vestram
3386 2882 3507 2920 ma-

1918 2975 2054 3020 trem
2117 2964 2564 3022 contubernalem
2617 2964 2673 3018 in
2741 2960 2961 3023 vestris.
3028 2975 3151 3029 qure
3229 2957 3503 3023 habitatis,

1919 3058 2304 3113 tabernaculis.
2347 3056 2474 3111 [late
2525 3053 2683 3119 dixit,
2730 3062 2782 3108 et
2814 3052 2975 3107 simul
3020 3068 3145 3106 cum
3185 3050 3269 3106 his
3319 3052 3504 3106 verbis

1917 3150 2180 3205 abscessit
2210 3149 2404 3204 mulier
2437 3146 2676 3219 egregia,
2717 3154 2772 3200 et
2802 3160 3021 3210 somno,
3054 3143 3145 3213 qui
3169 3142 3336 3213 justis
3368 3158 3507 3200 con-

1920 3242 2086 3313 gruit,
2120 3241 2413 3298 obdormiit
2455 3249 2630 3295 mater
2675 3236 2860 3293 addita
2894 3236 3130 3301 ﬁliabus,
3170 3245 3225 3290 et
3254 3250 3505 3297 commur

1921 3335 1977 3389 ni
2034 3349 2225 3389 rursus
2270 3334 2867 3402 ‘,chorotsanctorum.
2936 3326 3072 3384 Cum
3154 3335 3336 3391 autem
3402 3326 3506 3397 pia

1921 3424 2309 3480 convenissent
2358 3421 2600 3488 feminae,
2630 3420 2683 3476 ei
2707 3434 2928 3489 quoque
2954 3418 3118 3489 iustis
3145 3416 3302 3473 factis
3335 3417 3508 3487 depor

1921 3528 2149 3574 suerunt
2202 3517 2255 3570 in
2296 3515 2576 3571 communi
2633 3514 2813 3570 loculo
2871 3513 3129 3569 ﬁliarum.
3204 3511 3507 3583 Oportebat

1919 3612 2088 3677 enim,
2138 3607 2410 3679 quomodo
2464 3607 2795 3672 animarum,
2847 3603 2921 3660 ita
2975 3604 3143 3660 etiam
3209 3618 3498 3673 corporum

1922 3717 2042 3757 esse
2081 3715 2245 3755 unam
2312 3698 2700 3755 habitationem
2743 3712 2760 3752 :
2805 3696 2873 3751 ad
2937 3694 3164 3766 gloriam
3234 3694 3411 3749 Patris
3450 3701 3506 3748 et

1921 3793 2067 3855 Filii,
2118 3800 2173 3847 et
2222 3790 2461 3863 Spiritus
2508 3789 2705 3855 sancti,
2753 3790 2918 3844 unius
2958 3785 3282 3847 divinitatis.
3338 3801 3499 3855 quam

1922 3881 2079 3936 decet
2116 3877 2294 3932 omnis
2332 3877 2520 3949 gloria,
2576 3877 2751 3933 honor
2794 3885 2850 3931 et
2907 3875 3174 3942 adoratio,
3245 3890 3391 3934 nunc
3451 3881 3508 3937 et

1924 3971 1980 4025 in
2018 3968 2213 4024 saecula
2254 3968 2601 4023 saeculorum.
2655 3966 2853 4023 Amen.

2132 4161 3482 4190 Ἥρα-*Μ

1700 4336 2047 4457 VlTA

955 4591 1641 4747 SANCTI

1916 4580 2800 4739 »ΤΕΡΗΑΝΙ

1460 4858 1559 4917 ΡΛ
1570 4853 1691 4915 PIE
1738 4853 1838 4914 ET
1887 4850 2309 4913 MARTYRIS.

1043 5020 1246 5087 (Latine
1266 5019 1396 5083 apud
1427 5016 1625 5068 Surium
1645 5014 1705 5065 ad
1728 5015 1859 5064 diem
1886 5013 1917 5061 2
1935 5010 2167 5075 Augusti.
2182 5011 2352 5063 Graece
2372 5023 2472 5061 non
2497 5009 2701 5071 exstat.)

302 5352 423 5423 Quo
454 5360 707 5427 tempore
757 5351 1078 5408 Valerianus
1135 5358 1190 5405 et
1227 5345 1818 5416 Gallienusimpietatis
1847 5350 1895 5410 ι)
1923 5341 2228 5408 detulisset,
2246 5355 2438 5397 omnes
2456 5338 2575 5409 eius
2590 5335 2873 5391 facultates
2892 5332 3247 5405 ipsehaberct
3263 5340 3503 5403 etquos—

240 5456 535 5500 sectatores
561 5442 930 5511 imperabant,
950 5442 1381 5498 Christianorum
1414 5436 1818 5509 quamplurimi,

243 5541 624 5596 acerbissimos
679 5547 943 5612 tyrannos
985 5532 1668 5599 declinantes,latitabant.
1704 5529 1823 5583 Non

242 5632 665 5689 deeranttamen
695 5632 788 5702 qui
826 5631 946 5686 fidei
977 5640 1253 5685 certamen
1284 5628 1601 5689 subeuntes,
1625 5633 1824 5694 marty-

246 5722 307 5775 rii
341 5724 579 5794 palmam
620 5717 1069 5791 asse'querentur.
1106 5719 1236 5773 Erat
1308 5718 1451 5772 enim
1476 5715 1559 5769 lex
1578 5712 1826 5785 proposi-

250 5818 299 5866 ta
346 5823 405 5869 ut
441 5814 759 5885 quicunque
784 5811 1153 5867 Christianum
1206 5809 1484 5866 hominem
1520 5806 1822 5863 latitantem

1926 5449 2146 5503 cunque
2171 5434 2406 5487 honores
2426 5430 2481 5483 in
2496 5427 2738 5483 exercitu
2757 5425 3018 5499 petiisset,
3038 5423 3283 5478 obtinere
3296 5428 3502 5490 posset,
3587 5457 3598 5467 .

1926 5525 2024 5578 [llo
2067 5525 2229 5595 igitur
2259 5533 2503 5592 tempore
2557 5520 2619 5574 Β.
2684 5519 2943 5572 Romana:
3006 5516 3156 5571 urbis
3217 5514 3506 5585 episcopus

1929 5616 2263 5685 Stephanus,
2297 5630 2421 5668 cum
2469 5621 2641 5668 totum
2697 5612 2904 5666 clerum
2963 5614 3369 5679 congregasset,
3427 5605 3507 5659 sic

1928 5725 2053 5765 eum
2074 5708 2280 5764 affatus
2307 5714 2430 5763 est:
2466 5706 2736 5774 Audistis,
2773 5705 2969 5761 fratres
3003 5713 3057 5757 et
3102 5700 3506 5755 commilitones

1930 5803 2059 5871 mei,
2098 5803 2539 5860 crudelissimum
2600 5802 2839 5858 edictum
2901 5797 3125 5862 diaboli,
3171 5807 3229 5851 ut
3273 5794 3319 5848 si
3383 5792 3505 5863 quis
