3996 6458
513 406 621 472 515

1753 410 2042 472 MENSIS
2096 418 2139 470 Α
2152 413 2249 473 UG
2263 412 2534 475 USTUS.

3668 410 3775 471 515

501 525 868 582 Christianum
902 523 1360 596 deprehenderit,
1396 540 1589 581 omnes
1643 526 1761 596 ejus
1800 527 2085 585 facultates
2110 535 2164 598 Α
2189 533 2230 584 Τ
2256 536 2426 588 tutum
2448 538 2698 586 vocatum
2730 529 2899 585 fuisse
2922 529 3181 592 diximus,
3215 530 3399 599 itaque
3452 529 3778 586 Nemesiutn

502 618 617 688 ipse
640 618 932 688 possideat.
957 617 1147 671 Moneo
1167 617 1329 689 igitur
1356 634 1471 684 vos,
1508 619 1724 682 fratres,
1748 629 1808 675 ut
1836 631 2082 679 terrenas

500 710 715 764 divitias
736 710 1119 773 eontemnatis,
1143 726 1251 779 quo
1279 710 1516 766 ccclesiis
1536 713 1685 783 regni
1712 710 2080 769 [nereditatem

497 803 782 871 percipere
832 803 1089 871 possitis:
1147 801 1324 857 Nolite
1384 803 1742 872 hujusmundi
1809 805 2085 875 principes

496 895 855 960 extimescere
886 910 898 945 :
925 895 1018 949 sed
1052 894 1223 949 Deum
1282 895 1404 950 coeli
1462 907 1519 951 et
1577 904 1736 952 terra:
1770 898 2082 963 Dominum,

496 985 723 1056 ejusque
747 987 1083 1056 unigenitum
1113 986 1305 1040 Filium
1323 986 1508 1042 Jesum
1535 988 1807 1042 Christum
1839 990 2082 1054 adorate,

499 1079 650 1132 illum
664 1078 844 1140 colite,
863 1079 928 1132 ad
958 1079 1107 1133 illum
1129 1079 1427 1151 confugite,
1446 1082 1539 1151 qui
1559 1092 1737 1151 potest
1765 1097 1865 1136 nos
1893 1097 2085 1138 omnes

502 1170 798 1239 criperede
819 1171 1072 1225 manibus
1134 1170 1479 1227 inimicorum
1541 1182 1853 1228 nostrorum
1915 1186 1972 1229 et
2017 1176 2086 1231 de

500 1264 696 1318 diaboli
734 1263 939 1317 malitia
979 1264 1234 1320 liberatos
1285 1280 1383 1320 sua
1429 1265 1600 1337 gratia
1635 1267 2009 1322 corroborare.

570 1347 635 1402 ll.
663 1347 815 1404 Tune
843 1352 1123 1420 presbyter
1160 1352 1401 1422 quidam,
1454 1353 1676 1408 nomine
1703 1355 1922 1409 Bonus:
1952 1356 2082 1422 Nos,

499 1436 719 1508 inquit,
785 1448 1030 1495 terrenas
1117 1452 1335 1497 nostras
1407 1442 1693 1498 facultates
1777 1445 2087 1517 relinquere

501 1531 555 1583 in
590 1531 774 1585 animo
804 1531 1092 1598 habemus,
1116 1533 1363 1603 quinimo
1400 1536 1719 1606 sanguinem
1743 1535 1920 1607 ipsum
1959 1554 2085 1607 pro-

506 1634 626 1691 pter
661 1625 945 1677 Dominum
1004 1637 1253 1679 nostrum
1306 1622 1491 1679 Jesunt
1534 1626 1838 1693 Christum,
1884 1638 1937 1684 et
1961 1630 2082 1698 ejus

502 1715 741 1769 nominis
791 1714 1185 1769 coafessionem
1232 1715 1514 1771 effundere
1571 1721 1742 1787 parati
1786 1736 1997 1784 sumus,
2030 1731 2087 1775 ut

500 1806 883 1875 illumassequi
913 1805 1055 1879 digni
1077 1807 1394 1864 efﬁciamur.
1422 1809 1513 1864 His
1533 1810 1713 1873 dictis,
1732 1827 1924 1870 omnes
1972 1815 2087 1869 cle-

2186 625 2240 679 in
2276 640 2468 693 aquam
2497 622 2736 688 demisit,
2770 632 2822 678 et
2854 622 3146 693 baptizavit
3178 624 3234 677 in
3296 623 3518 679 nomine
3573 625 3775 691 Patris,

2189 724 2244 769 et
2271 715 2489 780 Filii,et
2518 714 2752 784 Spiritus
2783 714 2980 769 sancti.
3038 714 3178 769 Cum
3255 730 3383 770 vero
3441 731 3508 770 ex
3566 716 3778 785 piscina

2184 807 2424 873 exiisset,
2450 808 2615 876 cmpit
2665 807 2834 876 ipsms
2867 806 2974 861 ﬁlia
3014 808 3252 862 clamare
3287 825 3300 861 :
3355 809 3437 861 En
3486 808 3772 864 hominem

2186 899 2364 962 video,
2399 899 2491 968 qui
2523 899 2699 970 tetigit
2756 899 2946 953 oculos
2997 914 3170 962 meos,
3220 900 3276 953 in
3324 899 3486 969 cujus
3534 899 3774 955 circuitu

2186 1006 2394 1063 magna
2432 992 2569 1047 lucis
2599 991 2859 1062 splendor
2886 1001 3131 1062 apparet.
3184 991 3341 1046 Tunc
3371 990 3686 1061 Stephanus
3719 1000 3777 1046 et

2184 1078 2359 1150 ipsam
2391 1079 2631 1136 Nemesii
2662 1080 2823 1134 ﬁliam
2857 1080 3174 1148 baptizavit,
3198 1096 3316 1149 quae
3351 1079 3554 1134 Lucilla
3586 1090 3778 1135 vocata

2185 1183 2289 1226 est.
2339 1169 2417 1224 Ex
2454 1172 2556 1225 hoc
2619 1181 2864 1239 tempore
2931 1169 3087 1223 multi
3136 1177 3425 1239 (ceperunt
3483 1169 3551 1223 ad
3607 1170 3777 1240 pedes

2185 1261 2333 1317 beati
2368 1260 2641 1330 pontiﬁcis
2694 1258 2959 1329 Stephani
3009 1274 3069 1314 se
3111 1268 3483 1329 prosternere;
3538 1267 3593 1314 et
3647 1274 3776 1314 cum

2186 1347 2441 1419 lacrymis
2492 1348 2820 1417 baptismum
2854 1348 2923 1401 ab
2949 1362 3016 1402 eo
3041 1358 3249 1417 petere.
3280 1347 3375 1402 Illo
3404 1348 3585 1418 itaque
3660 1349 3776 1411 die,

2185 1455 2293 1509 quo
2324 1439 2527 1494 Lucilla
2552 1438 2823 1509 baptizata
2851 1446 2954 1503 est,
2976 1453 3152 1494 mares
3171 1449 3225 1494 et
3249 1438 3466 1494 feminae
3487 1440 3776 1510 sexaginta

2184 1532 2294 1587 duo
2346 1528 2605 1601 baptizati
2661 1541 2809 1586 sunt.
2865 1529 2955 1585 Sic
3015 1530 3199 1600 igitur,
3248 1530 3432 1584 divina
3464 1531 3640 1602 gratia
3713 1538 3776 1586 et

2190 1639 2297 1695 Ope
2327 1624 2641 1694 adjuvante,
2677 1622 2832 1676 multi
2870 1620 2971 1675 viri
3003 1619 3170 1676 Deum
3211 1631 3521 1676 metuentes
3551 1637 3619 1677 ex
3641 1636 3779 1692 gen-

2196 1717 2359 1782 tibus,
2389 1716 2605 1771 beatum
2642 1715 2950 1787 pontiﬁcem
2992 1715 3334 1786 Stephanum
3390 1715 3668 1781 adierunt,
3719 1723 3779 1768 ut

2188 1811 2255 1867 ab
2285 1811 2378 1865 illo
2400 1809 2608 1865 Christi
2647 1810 2978 1880 baptismum
3005 1810 3339 1879 acciperent.
3382 1807 3501 1863 Mox
3529 1808 3617 1862 ille
3646 1823 3781 1862 san-

502 1898 599 1951 riei
642 1897 706 1951 ad
748 1898 1045 1952 beatissimi
1077 1900 1350 1967 pontificis
1394 1901 1561 1970 pedes
1592 1905 1871 1971 prostrati,
1922 1905 2085 1977 signi-
2120 1885 2161 1941 Β
2192 1901 2469 1956 ctissimus
2522 1900 2789 1971 pontifex,
2829 1898 3071 1970 Spiritus
3106 1899 3278 1953 sancti
3310 1898 3483 1969 gratia
3514 1898 3780 1959 refertus,

502 1988 753 2055 ficarunt,
800 1990 943 2059 quod
973 1992 1203 2061 quisque
1240 1994 1471 2063 gentiles
1531 1994 1677 2049 domi
1746 2010 1856 2051 sua)
1916 1997 2088 2053 habeo

502 2094 605 2147 ret,
629 2083 717 2152 qui
744 2083 1006 2152 baptizari
1040 2093 1312 2151 optarent.
1342 2084 1528 2157 Itaque
1546 2102 1575 2141 a
1596 2088 1849 2157 ponliﬁce
1877 2104 2090 2158 qumre-

500 2173 633 2228 bant
668 2190 793 2227 num
835 2174 979 2250 alio,
1031 2191 1098 2229 an
1151 2176 1217 2230 ad
1272 2193 1397 2231 eum
1460 2178 1579 2232 illos
1630 2178 1844 2233 ducturi
1884 2190 2086 2245 essent,

500 2282 610 2336 quo
671 2265 929 2334 baptizari
999 2277 1241 2332 possent.
1293 2267 1466 2324 Jussit
1527 2270 1690 2342 igitur
1734 2273 2086 2330 beatissimus

502 2360 813 2429 episcOpus,
842 2367 898 2413 ut
926 2370 1147 2429 postero
1175 2360 1262 2416 die
1290 2361 1357 2416 ad
1393 2369 1659 2433 cryptam,
1710 2379 1829 2434 quae
1845 2366 2084 2435 appella-

501 2462 588 2505 tur
618 2448 940 2519 Nepotiana,
969 2468 1160 2507 omnes
1191 2453 1570 2508 convenirent.
1637 2454 1774 2509 Cum
1822 2456 1988 2527 igitur
2018 2456 2087 2511 ad

500 2560 620 2598 eam
675 2553 916 2614 cryptam
964 2546 1372 2610 convenissent,
1426 2545 1634 2601 inventi
1676 2556 1805 2600 sunt
1835 2547 1945 2601 illic
1974 2557 2083 2603 tam

501 2652 703 2699 mares,
762 2653 925 2707 quam
968 2635 1208 2702 feminas,
1228 2645 1451 2692 centum
1494 2647 1549 2693 et
1576 2639 1733 2706 octoj;
1792 2654 1931 2709 quos
1987 2640 2078 2696 illo

503 2729 621 2798 ipso
652 2729 741 2784 die
768 2727 1018 2783 Pontifex
1073 2729 1126 2783 in
1174 2730 1397 2784 nomine
1456 2730 1665 2785 Domini
1711 2732 1885 2786 nostri
1943 2730 2074 2786 Jesu

498 2818 703 2873 Christi
736 2819 1080 2873 sanctissimo
1097 2818 1427 2888 baptismate
1456 2828 1510 2875 et
1526 2820 1645 2875 aliis
1660 2820 1862 2876 divinis
1881 2832 2084 2893 myste-

504 2910 603 2964 riis
631 2910 995 2977 consecravit,
1039 2918 1095 2965 et
1132 2920 1193 2964 ut
1248 2910 1354 2965 illis
1384 2911 1655 2981 placatum
1693 2927 1756 2966 ac
1787 2912 2084 2983 propitium

501 3000 669 3054 Deum
703 3001 971 3065 redderet,
1016 3001 1342 3057 sacrificium
1393 3003 1610 3069 obtulit,
1647 3004 1833 3075 sicque
1888 3020 2084 3061 omnes

502 3099 969 3148 sacramentorum
1001 3093 1292 3163 participes
1318 3092 1447 3149 facti
1474 3104 1625 3151 sunt.

580 3183 667 3239 HI.
700 3184 778 3239 Eo
797 3194 977 3239 autem
1000 3186 1108 3251 die,
1134 3186 1224 3256 qui
1245 3186 1504 3256 deinceps
1523 3196 1743 3243 secutus
1761 3197 1865 3255 est,
1891 3192 2080 3245 beatus

503 3277 824 3347 Stephanus
859 3276 1134 3332 ordinavit
1199 3286 1310 3333 tres
1365 3279 1736 3350 presbyteros,
1791 3290 2081 3352 etscptem

499 3370 780 3434 diaconos,
816 3384 880 3423 ac
910 3368 1183 3423 sexdecim
1204 3368 1434 3425 clericos
1480 3381 1533 3426 et
1566 3371 1760 3427 sedens
1800 3389 1991 3427 omnes
2024 3374 2090 3431 il-

499 3462 580 3518 los
625 3460 857 3516 docebat
907 3461 974 3515 de.
1017 3476 1182 3533 regno
1216 3459 1347 3524 Dei,
1378 3478 1443 3517 ac
1469 3463 1537 3518 de
1610 3465 1944 3535 sempiterna
1992 3466 2085 3522 illa

501 3557 630 3618 vita,
663 3571 783 3627 qua:
800 3555 975 3610 futura
996 3562 1099 3609 est.
1129 3553 1249 3610 Mox
1281 3566 1565 3625 coeperunt
1600 3556 1784 3627 populi
1833 3572 1897 3612 ex
1930 3557 2083 3615 Grae-

497 3650 581 3704 cis
628 3656 682 3702 et
708 3647 932 3717 reliquis
951 3646 1201 3717 gentibus
1230 3646 1294 3700 ad
1331 3662 1455 3701 eum
1478 3647 1687 3712 venire,
1738 3651 1829 3718 qui
1870 3649 2085 3707 divinos

499 3755 779 3796 sermones
840 3740 1145 3816 audientes,
1171 3756 1200 3794 a
1234 3737 1518 3812 Stephano
1544 3740 1797 3810 pontiﬁce
1826 3740 2075 3812 baptizav

498 3833 717 3887 bantur.
754 3832 965 3887 Interea
990 3832 1367 3902 venitquidam
1406 3833 1659 3888 tribunus
1693 3832 1946 3899 militum,
1975 3832 2085 3890 Ne-

506 3927 970 3989 mesiusnomine,
1012 3926 1097 3980 cui
1135 3936 1252 3980 erat
1283 3925 1386 3979 ﬁlia
1428 3925 1587 3981 unica
1643 3941 1763 3996 qua:
1819 3927 1888 3981 ab
1930 3928 2079 3981 inca

504 4019 717 4073 nabulis
784 4026 1000 4085 apertos
1032 4016 1252 4085 quidem
1286 4014 1477 4070 oculos
1501 4015 1788 4082 habuerat,
1823 4017 1916 4072 sed
1943 4019 2079 4073 nihil

501 4111 721 4166 omnino
752 4109 1070 4180 aspiciebat.
1102 4107 1195 4163 ille
1224 4122 1283 4161 se
1314 4107 1380 4162 ad
1413 4108 1554 4162 beati
1583 4109 1857 4178 pontiﬁcis
1912 4109 2081 4180 pedes

501 4202 813 4273 prostravit,
869 4214 933 4253 ac
990 4199 1161 4253 dixit:
1215 4199 1322 4253 Oro
1360 4208 1433 4263 te,
1475 4199 1742 4268 pontifex,
1782 4209 1841 4254 ut
1898 4215 1984 4254 me.
2029 4207 2082 4253 et

502 4292 663 4349 ﬁliam
689 4304 863 4344 meam
919 4289 1186 4357 baptizes,
1252 4304 1360 4359 quo
1419 4297 1474 4344 et
1546 4290 1665 4359 ipsa
1717 4290 2080 4358 illuminetur,

504 4393 556 4440 et
580 4385 790 4437 animas
854 4391 1071 4437 nostras
1146 4382 1214 4436 ab
1272 4381 1494 4436 internis
1548 4382 1793 4438 tenebris
1859 4384 2085 4452 eripias,

498 4474 751 4546 quoniam
790 4474 857 4528 ad
913 4473 1055 4528 hanc
1092 4488 1262 4542 usque
1297 4472 1438 4527 diem
1469 4487 1688 4542 semper
1750 4474 1803 4525 in
1827 4474 2081 4529 a'rumnis

2190 1992 2354 2062 erepit
2376 1993 2812 2047 Christianorum
2846 1991 3251 2046 multitudinem
3280 1991 3335 2046 in
3372 2006 3539 2046 unum
3593 1990 3779 2045 locum

2188 2098 2518 2150 convocare,
2546 2083 2845 2153 divinaque
2881 2082 3051 2138 ofﬁcia
3080 2082 3386 2137 celebrabat
3405 2083 3461 2137 in
3477 2090 3781 2151 martyrum

2186 2177 2451 2242 latibulis,
2479 2194 2599 2248 quae
2640 2186 2842 2248 cryptae
2887 2177 3234 2247 appellantur
3288 2193 3302 2231 :
3362 2191 3471 2243 quo
3528 2185 3783 2246 tempore

2186 2267 2504 2323 Nemesiunt
2538 2280 2747 2339 patrem
2781 2267 3003 2323 Lucilla:
3031 2268 3308 2323 ordinavit
3337 2267 3652 2322 diaconum.

2260 2357 2326 2413 Υ.
2360 2358 2659 2429 Impietatis
2688 2373 2819 2413 vero
2855 2369 3157 2415 sectatores
3214 2359 3433 2429 quidam
3478 2374 3603 2413 cum
3659 2360 3784 2416 haec

2187 2451 2545 2514 audivissent,
2606 2451 2832 2521 insuper
2856 2459 2912 2507 et
2960 2451 3279 2507 Nemesium
3314 2451 3598 2505 tribunum
3647 2468 3777 2506 cum

2187 2552 2301 2599 tota
2327 2542 2529 2598 familia
2564 2542 2766 2598 Christi
2798 2543 2962 2598 ﬁdem
3027 2544 3247 2609 sectari,
3296 2545 3683 2615 baptismoque
3725 2554 3785 2600 et

2190 2630 2315 2689 ﬁdei
2347 2632 2553 2686 lumine
2570 2631 2841 2702 adjutum,
2866 2632 3165 2687 caecitatem
3190 2632 3779 2704 pristinamabjecisse,

2189 2741 2305 2781 rem
2336 2725 2653 2781 detulerunt
2681 2726 2748 2781 ad
2771 2725 3118 2783 Glabrionem
3153 2736 3209 2781 et
3239 2727 3533 2782 Maximum
3566 2744 3774 2783 consu-

2183 2819 2285 2884 les,
2310 2818 2560 2874 homines
2574 2819 2781 2873 scilicet
2812 2819 3112 2889 impietatis
3126 2820 3279 2875 valde
3310 2819 3779 2878 studiosos.'l‘unc

2187 2911 2265 2965 illi
2299 2912 2367 2967 de
2400 2926 2462 2965 ea
2498 2926 2556 2966 re
2574 2910 2966 2979 consultantes,
2989 2922 3386 2982 praeceperunt,
3422 2924 3484 2970 ut
3520 2930 3771 2985 quocun-

2191 3019 2298 3075 que
2335 3004 2388 3058 in
2448 3004 2568 3058 loco
2622 3003 2909 3059 Nemesius
2961 3004 3226 3060 diaconus
3280 3005 3513 3062 inveniri
3559 3016 3765 3075 posset,

2189 3097 2417 3150 omnino
2451 3095 2786 3166 gravissimfs
2810 3095 3093 3166 suppliciis
3126 3096 3481 3168 aﬂligeretur.
3509 3098 3641 3153 Cum
3666 3114 3775 3155 ana

2187 3195 2293 3242 tem
2323 3185 2608 3242 Nemesius
2644 3187 2759 3258 ipse
2792 3187 3025 3259 quodam
3071 3188 3161 3244 die
3212 3205 3313 3260 per
3354 3191 3497 3245 viam
3539 3190 3775 3261 Appiam

2191 3279 2295 3333 iter
2321 3277 2547 3344 faceret,
2565 3288 2966 3350 etessetprope
2995 3279 3180 3335 Martis
3212 3282 3499 3353 templum,
3533 3292 3587 3339 et
3610 3283 3775 3340 Vale-

2188 3371 2410 3427 rianum
2451 3387 2514 3429 ac
2546 3371 2834 3427 Maximum
2863 3373 3061 3442 impios
3095 3373 3355 3431 homines
3382 3376 3613 3442 videret,
3682 3376 3783 3446 qui

2188 3472 2249 3519 ut
2273 3473 2433 3519 antea
2462 3474 2859 3520 consueverant
2885 3462 3183 3521 foedissima
3209 3466 3551 3523 daemonibus
3606 3470 3783 3523 sacri-

2186 3556 2305 3615 ﬁcia
2348 3556 2671 3620 oﬁerebant,
2705 3557 2777 3612 ita
2808 3555 2979 3612 Deum
3073 3558 3254 3628 ipsum
3302 3557 3457 3614 flexis
3539 3561 3779 3629 genibus

2185 3647 2361 3701 oravit
2396 3667 2409 3701 :
2444 3646 2675 3701 Domine
2715 3647 2854 3702 Deus
2876 3658 3091 3704 creator
3122 3649 3245 3705 cadi
3270 3659 3326 3704 et
3356 3659 3536 3716 terrae,
3568 3652 3777 3722 dissipa

2185 3739 2410 3795 consilia
2427 3748 2480 3794 et
2499 3739 2804 3806 machinas,
2830 3740 3024 3811 quibus
3052 3740 3301 3795 diabolus
3322 3742 3591 3798 humanas
3611 3759 3779 3798 men-

2185 3842 2268 3886 tes
2298 3833 2556 3903 pervertit
2588 3851 2602 3899 ;
2627 3833 2827 3903 dissipa
2853 3848 2971 3896 eas,
2992 3848 3196 3903 quaeso,
3214 3850 3309 3905 per
3327 3851 3525 3889 nomen
3558 3834 3779 3891 Domini

2186 3925 2356 3980 nostri
2404 3925 2534 3981 Jesu
2610 3924 2818 3980 Christi
2890 3924 3011 3979 Filii
3072 3926 3175 3992 tui,
3242 3942 3403 3996 quem
3460 3927 3657 3981 misisti
3721 3928 3779 3986 in

2188 4016 2337 4072 hunc
2367 4017 2654 4072 mundum.
2696 4017 2928 4072 Contere
2969 4016 3251 4083 Satanam,
3281 4026 3342 4072 ut
3385 4019 3570 4072 miseri
3617 4019 3749 4073 etin

2186 4105 2373 4162 felices
2396 4108 2483 4161 isti
2502 4107 2569 4163 ab
2584 4109 2702 4177 ejus
2730 4107 2937 4177 laqueis
2950 4106 3147 4176 quibus
3167 4107 3360 4160 irretiti
3384 4118 3508 4162 sunt
3530 4108 3778 4177 eripian—

2186 4208 2298 4263 tur,
2330 4215 2393 4253 ac
2426 4179 2711 4253 humanis.
2744 4199 2995 4253 manibus
3059 4198 3320 4252 fabricata
3350 4199 3641 4253 simulacra
3681 4202 3781 4254 de.

2186 4290 2580 4360 relinquentes,
2623 4298 2921 4361 agnoscant
2952 4299 3004 4344 te
3031 4290 3277 4344 omnium
3313 4306 3496 4345 rerum
3542 4302 3769 4347 creato-

2192 4396 2330 4445 rem,
2357 4380 2527 4434 Deum
2557 4387 2615 4435 et
2650 4379 2869 4437 Patrem
2914 4379 3372 4450 omnipotentem,
3441 4390 3499 4436 et
3545 4382 3777 4436 unicum

2189 4470 2388 4526 Filium
2421 4481 2576 4527 tuum
2614 4473 2907 4527 Dominum
2947 4470 3133 4527 Jesum
3171 4472 3471 4528 Christum.
3497 4472 3592 4528 llla
3652 4475 3774 4543 ipsa

497 4577 554 4624 et
584 4566 862 4622 doloribus
895 4573 1117 4635 propter
1135 4564 1297 4634 hujus
1326 4562 1447 4618 ﬁliae
1477 4578 1611 4619 meae
1632 4563 1932 4618 caecitatem
1960 4579 2082 4618 νει·-
2116 4579 2160 4635 ι)
2190 4564 2324 4617 hora
2355 4563 2565 4632 impius
2589 4563 2856 4619 Maximus
2899 4578 2928 4618 a
2973 4565 3223 4620 damone
3269 4573 3580 4635 correptus,
3632 4582 3772 4621 voce

496 4665 647 4711 satus
676 4652 774 4709 fui.
799 4652 955 4708 Tunc
981 4652 1173 4707 beatus
1202 4654 1495 4723 episcopus
1525 4671 1537 4706 :
1570 4653 1627 4707 Si
1655 4652 1853 4721 credis,
1877 4651 2080 4724 inquit,

493 4763 560 4805 ex
601 4755 712 4801 toto
748 4745 933 4808 corde,
969 4747 1151 4799 omnia
1203 4745 1300 4799 tibi
1351 4745 1599 4801 credenti
1647 4760 1906 4801 concessa
1958 4745 2079 4801 fue-

493 4838 624 4893 rint.
644 4838 721 4891 Ad
752 4837 865 4890 hrec
889 4823 1172 4890 Nemesius
1194 4835 1479 4891 tribunus:
1510 4837 1622 4908 Ego
1651 4837 1721 4890 ad
1742 4837 1881 4892 hanc
1907 4851 2081 4907 usque

491 4930 636 4984 diem
663 4936 775 4981 toto
803 4927 984 4980 animo
1011 4927 1239 4988 credidi,
1294 4936 1351 4981 et
1374 4942 1519 4981 nunc
1583 4928 1751 4982 credo
1783 4928 2073 4982 Dominum

490 5020 676 5077 Jesum
709 5021 988 5075 Christum
1021 5018 1188 5073 Deum
1210 5034 1332 5073 esse
1365 5020 1458 5089 qui
1495 5020 1713 5092 aperuit
1734 5021 1923 5075 oculos
1952 5022 2078 5075 τρεεεί

495 5116 603 5168 nati
635 5131 647 5166 :
684 5129 863 5183 neque
894 5114 1040 5167 enim
1064 5112 1315 5166 humanis
1343 5113 1587 5167 consiliis
1648 5113 1939 5181 impulsus,
1984 5111 2079 5167 sed

491 5207 613 5276 ejus
650 5205 822 5273 ipsius
854 5205 1156 5268 vocatione,
1192 5206 1257 5259 ad
1292 5205 1637 5259 sanctitatem
1674 5213 1822 5258 tuam
1856 5205 2005 5259 veni.

542 5294 654 5351 Ἰν.
691 5295 784 5348 llis
816 5295 1038 5358 auditis,
1062 5294 1245 5348 statim
1279 5294 1472 5349 beatus
1513 5293 1764 5365 pontifex
1804 5294 2080 5349 hominem

492 5390 648 5445 illum
693 5386 917 5442 adduxit
996 5386 1061 5440 ad
1108 5387 1283 5441 locum
1357 5387 1672 5457 quemdam,
1728 5388 1823 5455 qui
1856 5395 2076 5440 voratur

492 5480 709 5536 Titulus
736 5480 967 5549 pastoris
1002 5493 1277 5548 ;cumque
1308 5489 1363 5532 et
1395 5479 1596 5548 ipsum,
1654 5487 1708 5531 et
1737 5477 1858 5545 ejus
1912 5477 2079 5533 tiliam

490 5573 824 5629 catechismo
852 5569 1222 5636 instruxisset,
1255 5571 1711 5638 quemadmodum
1750 5568 2079 5624 Christiana:

492 5665 617 5719 ﬁdei
647 5676 886 5718 canones
910 5670 964 5716 et
988 5663 1122 5716 ordo
1142 5662 1398 5731 postulat,
1420 5661 1582 5732 jussit
1601 5677 1695 5716 eos
1711 5662 1964 5731 jejunare
1983 5677 2080 5716 us-

493 5770 598 5823 que
614 5755 680 5809 ad
698 5769 1002 5825 vesperam.
1027 5754 1161 5808 Cum
1199 5760 1382 5809 autem
1421 5755 1665 5809 venisset
1692 5755 1823 5809 hora
1856 5769 2079 5823 vesper-

494 5849 630 5918 tina,
660 5848 939 5904 benedixit
1000 5864 1152 5920 aquae
1221 5849 1274 5904 in
1338 5849 1763 5920 eoloco.quem
1836 5849 2077 5919 pastoris

2196 4668 2391 4722 magna
2413 4653 2583 4723 erepit
2610 4652 3186 4710 clamare:Nemesius
3219 4667 3366 4707 nunc
3397 4652 3574 4708 factus
3616 4654 3801 4710 Chri-'

2183 4744 2393 4799 stianus
2413 4759 2499 4799 me
2523 4744 2783 4799 incendit.
2819 4745 2955 4799 Ecce
2973 4746 3117 4800 illius
3137 4748 3312 4802 oratio
3334 4762 3421 4801 me
3440 4749 3667 4802 cruciat.
3696 4748 3770 4803 Ex
3794 4730 3800 4739 ’

2192 4835 2283 4890 illa
2301 4837 2463 4907 igitur
2480 4837 2610 4891 hora
2636 4838 2841 4906 egressi
2870 4853 2901 4892 e
2922 4839 3140 4907 templo,
3155 4839 3438 4908 jusserunt
3463 4838 3778 4893 Nemesium

2192 4930 2444 4985 detineri.
2478 4929 2615 4983 Cum
2654 4944 2783 4983 vero
2825 4931 2914 4998 qui
2947 4946 3070 4983 eum
3117 4940 3424 4993 tenuerant,
3456 4933 3781 4986 verb-ribus

2191 5022 2494 5093 pulsarent,
2517 5031 2741 5090 repente
2770 5022 3031 5075 Maximus
3067 5023 3255 5077 consul
3285 5022 3480 5077 efﬂavit
3508 5023 3773 5077 animam.

2266 5112 2556 5183 V|.ltaque
2573 5114 2858 5168 Nemcsius
2878 5116 3060 5169 statim
3079 5116 3276 5170 ductus
3309 5125 3394 5169 est
3424 5116 3491 5169 ad
3530 5114 3775 5169 Valeria—

2182 5221 2313 5262 num
2348 5206 2402 5259 in
2439 5207 2723 5276 palatium,
2752 5208 2896 5276 quod
2925 5208 3137 5262 Claudii
3176 5208 3405 5262 nomine
3433 5208 3771 5275 appellatur.

2183 5296 2357 5364 Quem
2391 5299 2472 5352 sic
2495 5296 2689 5352 affatus
2721 5298 3179 5353 estValerianus:
3213 5298 3279 5353 Et
3334 5300 3555 5353 ubinam
3589 5310 3695 5365 est,
3740 5314 3774 5351 ο

2183 5390 2427 5455 Nemesi,
2463 5390 2754 5459 prudentia
2789 5393 2876 5443 illa
2911 5399 3022 5455 tua,
3046 5407 3208 5460 quant
3237 5406 3453 5459 semper
3484 5390 3536 5443 in
3572 5400 3624 5444 te
3677 5406 3776 5444 co-

2182 5482 2490 5550 gnovimus,
2526 5492 2637 5535 tum
2672 5481 2725 5535 in
2782 5484 3024 5536 consiliis
3055 5484 3331 5546 ineundis,
3373 5493 3484 5536 tum
3514 5484 3567 5536 in
3608 5484 3774 5536 rebus

2184 5573 2435 5644 gerendis
2477 5572 2890 5627 ﬁrmissimam?
2940 5574 3019 5626 An
3068 5575 3385 5642 ignoramus
3440 5588 3567 5637 nos,
3632 5570 3767 5642 quiti

2184 5665 2704 5735 optimum,quidve
2737 5665 3036 5734 pessimum
3104 5666 3194 5725 sit,
3245 5665 3448 5734 quippe
3515 5664 3610 5733 qui
3663 5678 3774 5717 non

2185 5759 2331 5811 aliud
2361 5766 2412 5811 te
2440 5757 2803 5811 adhortamur
2844 5765 2904 5810 ut
2939 5756 3126 5818 facias.
3159 5756 3264 5811 nisi
3298 5757 3442 5827 quod
3474 5755 3773 5811 utilitatem

2185 5849 2285 5905 tibi
2316 5848 2512 5909 afTerre
2543 5849 2736 5923 possit,
2763 5858 2823 5907 ut
2850 5849 3063 5904 scilicet
3091 5864 3209 5920 qua:
3236 5865 3361 5905 vera
3391 5857 3520 5904 sunt
3554 5847 3773 5916 amplo-
