  <div class='ocr_page' id='page_1' title='image "/cluster/home/n/w/nwhite01/storage/ocr_20150623/115:no.2/coo.31924054870195/266.png"; bbox 0 0 3996 6436; ppageno 0'>
   <div class='ocr_carea' id='block_1_1' title="bbox 294 364 391 430">
    <p class='ocr_par' dir='ltr' id='par_1_1' title="bbox 294 364 391 430">
     <span class='ocr_line' id='line_1_1' title="bbox 294 364 391 430; baseline -0.041 0"><span class='ocrx_word' id='word_1_1' title='bbox 294 364 391 430; x_wconf 74' lang='lat'><strong>517</strong></span> 
     </span>
    </p>
   </div>
   <div class='ocr_carea' id='block_1_2' title="bbox 1536 360 2267 430">
    <p class='ocr_par' dir='ltr' id='par_1_2' title="bbox 1536 360 2267 430">
     <span class='ocr_line' id='line_1_2' title="bbox 1536 360 2267 430; baseline -0.004 -6"><span class='ocrx_word' id='word_1_2' title='bbox 1536 361 1714 424; x_wconf 73' lang='lat' dir='ltr'><strong>VITA</strong></span> <span class='ocrx_word' id='word_1_3' title='bbox 1757 361 1820 423; x_wconf 86' lang='lat' dir='ltr'><strong>S.</strong></span> <span class='ocrx_word' id='word_1_4' title='bbox 1860 360 2267 430; x_wconf 78' lang='lat' dir='ltr'><strong>STEPHANI.</strong></span> 
     </span>
    </p>
   </div>
   <div class='ocr_carea' id='block_1_3' title="bbox 3381 367 3544 438">
    <p class='ocr_par' dir='ltr' id='par_1_3' title="bbox 3381 367 3544 438">
     <span class='ocr_line' id='line_1_3' title="bbox 3381 367 3544 438; baseline 0 -1"><span class='ocrx_word' id='word_1_5' title='bbox 3381 377 3402 392; x_wconf 89' lang='grc'><strong><em>⁸</em></strong></span> <span class='ocrx_word' id='word_1_6' title='bbox 3435 367 3544 438; x_wconf 77' lang='grc'><strong>513</strong></span> 
     </span>
    </p>
   </div>
   <div class='ocr_carea' id='block_1_4' title="bbox 275 470 3543 555">
    <p class='ocr_par' dir='ltr' id='par_1_4' title="bbox 275 470 3543 555">
     <span class='ocr_line' id='line_1_4' title="bbox 275 470 3543 555; baseline 0.003 -24"><span class='ocrx_word' id='word_1_7' title='bbox 275 488 462 539; x_wconf 76' lang='lat' dir='ltr'><strong>ciens,</strong></span> <span class='ocrx_word' id='word_1_8' title='bbox 494 473 628 527; x_wconf 90' lang='lat' dir='ltr'><strong>deos</strong></span> <span class='ocrx_word' id='word_1_9' title='bbox 666 471 815 541; x_wconf 90' lang='lat' dir='ltr'><strong>ipsos</strong></span> <span class='ocrx_word' id='word_1_10' title='bbox 845 485 953 526; x_wconf 89' lang='lat' dir='ltr'><strong>non</strong></span> <span class='ocrx_word' id='word_1_11' title='bbox 981 470 1224 538; x_wconf 91' lang='lat' dir='ltr'><strong>deseras,</strong></span> <span class='ocrx_word' id='word_1_12' title='bbox 1261 486 1397 542; x_wconf 89' lang='lat' dir='ltr'><strong>quos</strong></span> <span class='ocrx_word' id='word_1_13' title='bbox 1436 473 1585 528; x_wconf 91' lang='lat' dir='ltr'><strong>omni</strong></span> <span class='ocrx_word' id='word_1_14' title='bbox 1619 482 1862 545; x_wconf 89' lang='lat' dir='ltr'><strong>tempore</strong></span> <span class='ocrx_word' id='word_1_15' title='bbox 1891 481 1938 539; x_wconf 73' lang='grc' dir='ltr'>Α</span> <span class='ocrx_word' id='word_1_16' title='bbox 1964 470 2178 526; x_wconf 88' lang='lat' dir='ltr'><strong>miseris</strong></span> <span class='ocrx_word' id='word_1_17' title='bbox 2207 471 2384 526; x_wconf 85' lang='lat' dir='ltr'><strong>modis</strong></span> <span class='ocrx_word' id='word_1_18' title='bbox 2417 480 2470 528; x_wconf 91' lang='lat' dir='ltr'><strong>te</strong></span> <span class='ocrx_word' id='word_1_19' title='bbox 2497 487 2835 533; x_wconf 84' lang='lat' dir='ltr'><strong>consumam.</strong></span> <span class='ocrx_word' id='word_1_20' title='bbox 2860 475 2985 533; x_wconf 69' lang='lat' dir='ltr'><strong>Haec</strong></span> <span class='ocrx_word' id='word_1_21' title='bbox 3003 477 3159 546; x_wconf 90' lang='lat' dir='ltr'><strong>dixit,</strong></span> <span class='ocrx_word' id='word_1_22' title='bbox 3196 486 3252 536; x_wconf 88' lang='lat' dir='ltr'><strong>et</strong></span> <span class='ocrx_word' id='word_1_23' title='bbox 3283 479 3543 555; x_wconf 89' lang='lat' dir='ltr'><strong>Sempro-</strong></span> 
     </span>
    </p>
   </div>
   <div class='ocr_carea' id='block_1_5' title="bbox 287 565 1862 639">
    <p class='ocr_par' dir='ltr' id='par_1_5' title="bbox 287 565 1862 639">
     <span class='ocr_line' id='line_1_5' title="bbox 287 565 1862 639; baseline -0.002 -14"><span class='ocrx_word' id='word_1_24' title='bbox 287 585 317 626; x_wconf 69' lang='grc' dir='ltr'>ι</span> <span class='ocrx_word' id='word_1_25' title='bbox 345 567 582 639; x_wconf 84' lang='lat' dir='ltr'><strong>pueritia</strong></span> <span class='ocrx_word' id='word_1_26' title='bbox 612 565 833 620; x_wconf 91' lang='lat' dir='ltr'><strong>coluisti</strong></span> <span class='ocrx_word' id='word_1_27' title='bbox 866 572 922 620; x_wconf 88' lang='lat' dir='ltr'><strong>et</strong></span> <span class='ocrx_word' id='word_1_28' title='bbox 963 575 1252 621; x_wconf 76' lang='lat' dir='ltr'><strong>veneratus</strong></span> <span class='ocrx_word' id='word_1_29' title='bbox 1276 565 1378 620; x_wconf 87' lang='lat' dir='ltr'><strong>es?</strong></span> <span class='ocrx_word' id='word_1_30' title='bbox 1437 566 1520 621; x_wconf 82' lang='lat' dir='ltr'><strong>Ad</strong></span> <span class='ocrx_word' id='word_1_31' title='bbox 1585 566 1700 622; x_wconf 66' lang='lat' dir='ltr'><strong>haec</strong></span> <span class='ocrx_word' id='word_1_32' title='bbox 1757 565 1862 622; x_wconf 82' lang='lat' dir='ltr'><strong>Ne-</strong></span> 
     </span>
    </p>
   </div>
   <div class='ocr_carea' id='block_1_6' title="bbox 287 652 1867 725">
    <p class='ocr_par' dir='ltr' id='par_1_6' title="bbox 287 652 1867 725">
     <span class='ocr_line' id='line_1_6' title="bbox 287 652 1867 725; baseline -0.003 -11"><span class='ocrx_word' id='word_1_33' title='bbox 287 656 490 714; x_wconf 80' lang='lat' dir='ltr'><strong>mesius</strong></span> <span class='ocrx_word' id='word_1_34' title='bbox 511 655 778 709; x_wconf 80' lang='lat' dir='ltr'><strong>diaconus</strong></span> <span class='ocrx_word' id='word_1_35' title='bbox 800 671 812 708; x_wconf 90' lang='lat'><strong>:</strong></span> <span class='ocrx_word' id='word_1_36' title='bbox 832 652 966 725; x_wconf 84' lang='lat' dir='ltr'><strong>Ego,</strong></span> <span class='ocrx_word' id='word_1_37' title='bbox 989 655 1184 724; x_wconf 77' lang='lat' dir='ltr'><strong>inquit,</strong></span> <span class='ocrx_word' id='word_1_38' title='bbox 1215 655 1635 710; x_wconf 88' lang='lat' dir='ltr'><strong>scelestissimus</strong></span> <span class='ocrx_word' id='word_1_39' title='bbox 1663 655 1867 710; x_wconf 88' lang='lat' dir='ltr'><strong>verita-</strong></span> 
     </span>
    </p>
   </div>
   <div class='ocr_carea' id='block_1_7' title="bbox 286 748 1862 821">
    <p class='ocr_par' dir='ltr' id='par_1_7' title="bbox 286 748 1862 821">
     <span class='ocr_line' id='line_1_7' title="bbox 286 748 1862 821; baseline -0.003 -14"><span class='ocrx_word' id='word_1_40' title='bbox 286 760 390 807; x_wconf 90' lang='lat' dir='ltr'><strong>tem</strong></span> <span class='ocrx_word' id='word_1_41' title='bbox 411 755 582 821; x_wconf 80' lang='lat' dir='ltr'><strong>ipsam</strong></span> <span class='ocrx_word' id='word_1_42' title='bbox 614 749 1038 818; x_wconf 88' lang='lat' dir='ltr'><strong>dereliqueram,</strong></span> <span class='ocrx_word' id='word_1_43' title='bbox 1075 758 1130 804; x_wconf 92' lang='lat' dir='ltr'><strong>et</strong></span> <span class='ocrx_word' id='word_1_44' title='bbox 1161 748 1480 818; x_wconf 81' lang='lat' dir='ltr'><strong>sanguinem</strong></span> <span class='ocrx_word' id='word_1_45' title='bbox 1509 748 1862 804; x_wconf 89' lang='lat' dir='ltr'><strong>innocentem</strong></span> 
     </span>
    </p>
   </div>
   <div class='ocr_carea' id='block_1_8' title="bbox 284 840 1863 909">
    <p class='ocr_par' dir='ltr' id='par_1_8' title="bbox 284 840 1863 909">
     <span class='ocr_line' id='line_1_8' title="bbox 284 840 1863 909; baseline -0.003 -11"><span class='ocrx_word' id='word_1_46' title='bbox 284 843 609 905; x_wconf 73' lang='lat' dir='ltr'><strong>effuderant,</strong></span> <span class='ocrx_word' id='word_1_47' title='bbox 644 849 698 895; x_wconf 90' lang='lat' dir='ltr'><strong>et</strong></span> <span class='ocrx_word' id='word_1_48' title='bbox 727 840 794 895; x_wconf 88' lang='lat' dir='ltr'><strong>ad</strong></span> <span class='ocrx_word' id='word_1_49' title='bbox 834 842 936 894; x_wconf 93' lang='lat' dir='ltr'><strong>hoc</strong></span> <span class='ocrx_word' id='word_1_50' title='bbox 960 855 1131 908; x_wconf 86' lang='lat' dir='ltr'><strong>usque</strong></span> <span class='ocrx_word' id='word_1_51' title='bbox 1156 850 1373 909; x_wconf 89' lang='lat' dir='ltr'><strong>tempus</strong></span> <span class='ocrx_word' id='word_1_52' title='bbox 1424 840 1668 909; x_wconf 81' lang='lat' dir='ltr'><strong>peccatis</strong></span> <span class='ocrx_word' id='word_1_53' title='bbox 1723 855 1863 895; x_wconf 88' lang='lat' dir='ltr'><strong>one-</strong></span> 
     </span>
    </p>
   </div>
   <div class='ocr_carea' id='block_1_9' title="bbox 284 929 1866 998">
    <p class='ocr_par' dir='ltr' id='par_1_9' title="bbox 284 929 1866 998">
     <span class='ocr_line' id='line_1_9' title="bbox 284 929 1866 998; baseline -0.003 -10"><span class='ocrx_word' id='word_1_54' title='bbox 284 945 433 989; x_wconf 83' lang='lat' dir='ltr'><strong>ratus</strong></span> <span class='ocrx_word' id='word_1_55' title='bbox 464 934 676 989; x_wconf 87' lang='lat' dir='ltr'><strong>fueram</strong></span> <span class='ocrx_word' id='word_1_56' title='bbox 714 949 732 998; x_wconf 89' lang='lat'><strong>;</strong></span> <span class='ocrx_word' id='word_1_57' title='bbox 775 933 871 988; x_wconf 91' lang='lat' dir='ltr'><strong>sed</strong></span> <span class='ocrx_word' id='word_1_58' title='bbox 905 931 1110 986; x_wconf 84' lang='lat' dir='ltr'><strong>Christi</strong></span> <span class='ocrx_word' id='word_1_59' title='bbox 1171 931 1388 985; x_wconf 87' lang='lat' dir='ltr'><strong>Domini</strong></span> <span class='ocrx_word' id='word_1_60' title='bbox 1422 941 1476 985; x_wconf 90' lang='lat' dir='ltr'><strong>et</strong></span> <span class='ocrx_word' id='word_1_61' title='bbox 1525 929 1622 985; x_wconf 95' lang='lat' dir='ltr'><strong>Dei</strong></span> <span class='ocrx_word' id='word_1_62' title='bbox 1651 930 1866 985; x_wconf 84' lang='lat' dir='ltr'><strong>miseri-</strong></span> 
     </span>
    </p>
   </div>
   <div class='ocr_carea' id='block_1_10' title="bbox 281 1023 1862 1094">
    <p class='ocr_par' dir='ltr' id='par_1_10' title="bbox 281 1023 1862 1094">
     <span class='ocr_line' id='line_1_10' title="bbox 281 1023 1862 1094; baseline -0.003 -13"><span class='ocrx_word' id='word_1_63' title='bbox 281 1027 467 1082; x_wconf 84' lang='lat' dir='ltr'><strong>cordia</strong></span> <span class='ocrx_word' id='word_1_64' title='bbox 532 1026 695 1080; x_wconf 91' lang='lat' dir='ltr'><strong>modo</strong></span> <span class='ocrx_word' id='word_1_65' title='bbox 751 1025 992 1094; x_wconf 83' lang='lat' dir='ltr'><strong>adjutus,</strong></span> <span class='ocrx_word' id='word_1_66' title='bbox 1054 1023 1274 1077; x_wconf 90' lang='lat' dir='ltr'><strong>tandem</strong></span> <span class='ocrx_word' id='word_1_67' title='bbox 1309 1023 1622 1079; x_wconf 86' lang='lat' dir='ltr'><strong>Creatorem</strong></span> <span class='ocrx_word' id='word_1_68' title='bbox 1682 1039 1862 1078; x_wconf 90' lang='lat' dir='ltr'><strong>meum</strong></span> 
     </span>
    </p>
   </div>
   <div class='ocr_carea' id='block_1_11' title="bbox 280 1113 1865 1188">
    <p class='ocr_par' dir='ltr' id='par_1_11' title="bbox 280 1113 1865 1188">
     <span class='ocr_line' id='line_1_11' title="bbox 280 1113 1865 1188; baseline -0.003 -15"><span class='ocrx_word' id='word_1_69' title='bbox 280 1117 532 1188; x_wconf 80' lang='lat' dir='ltr'><strong>cognovi,</strong></span> <span class='ocrx_word' id='word_1_70' title='bbox 577 1117 734 1186; x_wconf 89' lang='lat' dir='ltr'><strong>cujus</strong></span> <span class='ocrx_word' id='word_1_71' title='bbox 793 1116 1062 1184; x_wconf 84' lang='lat' dir='ltr'><strong>baptismo</strong></span> <span class='ocrx_word' id='word_1_72' title='bbox 1089 1113 1425 1168; x_wconf 90' lang='lat' dir='ltr'><strong>illuminatus</strong></span> <span class='ocrx_word' id='word_1_73' title='bbox 1468 1130 1610 1177; x_wconf 87' lang='lat' dir='ltr'><strong>sum,</strong></span> <span class='ocrx_word' id='word_1_74' title='bbox 1666 1115 1757 1182; x_wconf 88' lang='lat' dir='ltr'><strong>qui</strong></span> <span class='ocrx_word' id='word_1_75' title='bbox 1807 1121 1865 1170; x_wconf 84' lang='lat' dir='ltr'><strong>et</strong></span> 
     </span>
    </p>
   </div>
   <div class='ocr_carea' id='block_1_12' title="bbox 281 1208 1864 1277">
    <p class='ocr_par' dir='ltr' id='par_1_12' title="bbox 281 1208 1864 1277">
     <span class='ocr_line' id='line_1_12' title="bbox 281 1208 1864 1277; baseline 0 -14"><span class='ocrx_word' id='word_1_76' title='bbox 281 1213 471 1264; x_wconf 88' lang='lat' dir='ltr'><strong>cordis</strong></span> <span class='ocrx_word' id='word_1_77' title='bbox 503 1211 609 1264; x_wconf 82' lang='lat' dir='ltr'><strong>mei</strong></span> <span class='ocrx_word' id='word_1_78' title='bbox 643 1209 829 1263; x_wconf 90' lang='lat' dir='ltr'><strong>oculos</strong></span> <span class='ocrx_word' id='word_1_79' title='bbox 855 1208 1094 1277; x_wconf 88' lang='lat' dir='ltr'><strong>aperuit,</strong></span> <span class='ocrx_word' id='word_1_80' title='bbox 1125 1216 1178 1260; x_wconf 83' lang='lat' dir='ltr'><strong>et</strong></span> <span class='ocrx_word' id='word_1_81' title='bbox 1212 1209 1492 1277; x_wconf 87' lang='lat' dir='ltr'><strong>corporeis</strong></span> <span class='ocrx_word' id='word_1_82' title='bbox 1556 1208 1677 1264; x_wconf 68' lang='lat' dir='ltr'><strong>ﬁliae</strong></span> <span class='ocrx_word' id='word_1_83' title='bbox 1727 1223 1864 1263; x_wconf 66' lang='lat' dir='ltr'><strong>mea</strong></span> 
     </span>
    </p>
   </div>
   <div class='ocr_carea' id='block_1_13' title="bbox 284 1296 1861 1370">
    <p class='ocr_par' dir='ltr' id='par_1_13' title="bbox 284 1296 1861 1370">
     <span class='ocr_line' id='line_1_13' title="bbox 284 1296 1861 1370; baseline 0.004 -21"><span class='ocrx_word' id='word_1_84' title='bbox 284 1299 504 1370; x_wconf 85' lang='lat' dir='ltr'><strong>pupillis</strong></span> <span class='ocrx_word' id='word_1_85' title='bbox 535 1301 720 1353; x_wconf 88' lang='lat' dir='ltr'><strong>lumen</strong></span> <span class='ocrx_word' id='word_1_86' title='bbox 768 1299 1028 1352; x_wconf 77' lang='lat' dir='ltr'><strong>restituit.</strong></span> <span class='ocrx_word' id='word_1_87' title='bbox 1067 1296 1222 1353; x_wconf 85' lang='lat' dir='ltr'><strong>Hunc</strong></span> <span class='ocrx_word' id='word_1_88' title='bbox 1243 1298 1432 1364; x_wconf 89' lang='lat' dir='ltr'><strong>adoro,</strong></span> <span class='ocrx_word' id='word_1_89' title='bbox 1469 1298 1615 1354; x_wconf 86' lang='lat' dir='ltr'><strong>hunc</strong></span> <span class='ocrx_word' id='word_1_90' title='bbox 1673 1301 1861 1364; x_wconf 89' lang='lat' dir='ltr'><strong>timeo,</strong></span> 
     </span>
    </p>
   </div>
   <div class='ocr_carea' id='block_1_14' title="bbox 287 1391 1881 1465">
    <p class='ocr_par' dir='ltr' id='par_1_14' title="bbox 287 1391 1881 1465">
     <span class='ocr_line' id='line_1_14' title="bbox 287 1391 1881 1465; baseline 0.001 -18"><span class='ocrx_word' id='word_1_91' title='bbox 287 1395 407 1447; x_wconf 85' lang='lat' dir='ltr'><strong>huic</strong></span> <span class='ocrx_word' id='word_1_92' title='bbox 443 1392 651 1446; x_wconf 89' lang='lat' dir='ltr'><strong>cultum</strong></span> <span class='ocrx_word' id='word_1_93' title='bbox 681 1400 737 1445; x_wconf 90' lang='lat' dir='ltr'><strong>et</strong></span> <span class='ocrx_word' id='word_1_94' title='bbox 768 1407 960 1462; x_wconf 89' lang='lat' dir='ltr'><strong>preces</strong></span> <span class='ocrx_word' id='word_1_95' title='bbox 988 1393 1214 1461; x_wconf 80' lang='lat' dir='ltr'><strong>supplex</strong></span> <span class='ocrx_word' id='word_1_96' title='bbox 1261 1391 1452 1457; x_wconf 80' lang='lat' dir='ltr'><strong>offero,</strong></span> <span class='ocrx_word' id='word_1_97' title='bbox 1511 1395 1666 1465; x_wconf 86' lang='lat' dir='ltr'><strong>cujus</strong></span> <span class='ocrx_word' id='word_1_98' title='bbox 1710 1394 1881 1449; x_wconf 84' lang='lat' dir='ltr'><strong>anxi--</strong></span> 
     </span>
    </p>
   </div>
   <div class='ocr_carea' id='block_1_15' title="bbox 282 1483 1862 1556">
    <p class='ocr_par' dir='ltr' id='par_1_15' title="bbox 282 1483 1862 1556">
     <span class='ocr_line' id='line_1_15' title="bbox 282 1483 1862 1556; baseline 0.004 -20"><span class='ocrx_word' id='word_1_99' title='bbox 282 1486 411 1537; x_wconf 88' lang='lat' dir='ltr'><strong>lium</strong></span> <span class='ocrx_word' id='word_1_100' title='bbox 443 1499 658 1553; x_wconf 70' lang='lat' dir='ltr'><strong>semper</strong></span> <span class='ocrx_word' id='word_1_101' title='bbox 683 1483 1010 1551; x_wconf 73' lang='lat' dir='ltr'><strong>imploratio,</strong></span> <span class='ocrx_word' id='word_1_102' title='bbox 1050 1494 1106 1538; x_wconf 89' lang='lat' dir='ltr'><strong>et</strong></span> <span class='ocrx_word' id='word_1_103' title='bbox 1155 1485 1448 1540; x_wconf 83' lang='lat' dir='ltr'><strong>simulacra</strong></span> <span class='ocrx_word' id='word_1_104' title='bbox 1480 1486 1688 1550; x_wconf 85' lang='lat' dir='ltr'><strong>omnia,</strong></span> <span class='ocrx_word' id='word_1_105' title='bbox 1741 1502 1862 1556; x_wconf 68' lang='lat' dir='ltr'><strong>quae</strong></span> 
     </span>
    </p>
   </div>
   <div class='ocr_carea' id='block_1_16' title="bbox 281 1577 1861 1647">
    <p class='ocr_par' dir='ltr' id='par_1_16' title="bbox 281 1577 1861 1647">
     <span class='ocr_line' id='line_1_16' title="bbox 281 1577 1861 1647; baseline 0.003 -16"><span class='ocrx_word' id='word_1_106' title='bbox 281 1579 560 1632; x_wconf 69' lang='lat' dir='ltr'><strong>dicmones</strong></span> <span class='ocrx_word' id='word_1_107' title='bbox 591 1592 714 1630; x_wconf 83' lang='lat' dir='ltr'><strong>esse</strong></span> <span class='ocrx_word' id='word_1_108' title='bbox 739 1577 992 1647; x_wconf 82' lang='lat' dir='ltr'><strong>cognovi,</strong></span> <span class='ocrx_word' id='word_1_109' title='bbox 1024 1585 1080 1631; x_wconf 90' lang='lat' dir='ltr'><strong>et</strong></span> <span class='ocrx_word' id='word_1_110' title='bbox 1112 1578 1253 1646; x_wconf 87' lang='lat' dir='ltr'><strong>ipsa,</strong></span> <span class='ocrx_word' id='word_1_111' title='bbox 1294 1587 1350 1633; x_wconf 90' lang='lat' dir='ltr'><strong>et</strong></span> <span class='ocrx_word' id='word_1_112' title='bbox 1401 1593 1593 1633; x_wconf 88' lang='lat' dir='ltr'><strong>eorum</strong></span> <span class='ocrx_word' id='word_1_113' title='bbox 1626 1580 1861 1635; x_wconf 87' lang='lat' dir='ltr'><strong>cultores</strong></span> 
     </span>
    </p>
   </div>
   <div class='ocr_carea' id='block_1_17' title="bbox 281 1668 1860 1725">
    <p class='ocr_par' dir='ltr' id='par_1_17' title="bbox 281 1668 1860 1725">
     <span class='ocr_line' id='line_1_17' title="bbox 281 1668 1860 1725; baseline 0.003 -5"><span class='ocrx_word' id='word_1_114' title='bbox 281 1683 503 1720; x_wconf 83' lang='lat' dir='ltr'><strong>aversor</strong></span> <span class='ocrx_word' id='word_1_115' title='bbox 540 1676 595 1719; x_wconf 91' lang='lat' dir='ltr'><strong>et</strong></span> <span class='ocrx_word' id='word_1_116' title='bbox 611 1681 886 1720; x_wconf 82' lang='lat' dir='ltr'><strong>exsecror.</strong></span> <span class='ocrx_word' id='word_1_117' title='bbox 911 1668 1062 1720; x_wconf 88' lang='lat' dir='ltr'><strong>&#39;l‘une</strong></span> <span class='ocrx_word' id='word_1_118' title='bbox 1094 1669 1171 1722; x_wconf 90' lang='lat' dir='ltr'><strong>ait</strong></span> <span class='ocrx_word' id='word_1_119' title='bbox 1192 1668 1508 1724; x_wconf 78' lang='lat' dir='ltr'><strong>Valerianus</strong></span> <span class='ocrx_word' id='word_1_120' title='bbox 1531 1689 1542 1722; x_wconf 93' lang='lat'><strong>:</strong></span> <span class='ocrx_word' id='word_1_121' title='bbox 1563 1669 1700 1725; x_wconf 82' lang='lat' dir='ltr'><strong>Nota</strong></span> <span class='ocrx_word' id='word_1_122' title='bbox 1728 1670 1860 1725; x_wconf 91' lang='lat' dir='ltr'><strong>mihi</strong></span> 
     </span>
    </p>
   </div>
   <div class='ocr_carea' id='block_1_18' title="bbox 282 1759 1862 1830">
    <p class='ocr_par' dir='ltr' id='par_1_18' title="bbox 282 1759 1862 1830">
     <span class='ocr_line' id='line_1_18' title="bbox 282 1759 1862 1830; baseline 0.003 -17"><span class='ocrx_word' id='word_1_123' title='bbox 282 1767 409 1813; x_wconf 88' lang='lat' dir='ltr'><strong>sunt</strong></span> <span class='ocrx_word' id='word_1_124' title='bbox 443 1759 703 1812; x_wconf 76' lang='lat' dir='ltr'><strong>veneﬁcia</strong></span> <span class='ocrx_word' id='word_1_125' title='bbox 747 1768 858 1821; x_wconf 91' lang='lat' dir='ltr'><strong>tua,</strong></span> <span class='ocrx_word' id='word_1_126' title='bbox 899 1759 1098 1827; x_wconf 86' lang='lat' dir='ltr'><strong>quibus</strong></span> <span class='ocrx_word' id='word_1_127' title='bbox 1139 1760 1406 1816; x_wconf 88' lang='lat' dir='ltr'><strong>humanas</strong></span> <span class='ocrx_word' id='word_1_128' title='bbox 1447 1763 1619 1818; x_wconf 59' lang='lat' dir='ltr'><strong>caedes</strong></span> <span class='ocrx_word' id='word_1_129' title='bbox 1650 1774 1862 1830; x_wconf 88' lang='lat' dir='ltr'><strong>patrare</strong></span> 
     </span>
    </p>
   </div>
   <div class='ocr_carea' id='block_1_19' title="bbox 281 1849 1854 1924">
    <p class='ocr_par' dir='ltr' id='par_1_19' title="bbox 281 1849 1854 1924">
     <span class='ocr_line' id='line_1_19' title="bbox 281 1849 1854 1924; baseline 0.004 -22"><span class='ocrx_word' id='word_1_130' title='bbox 281 1864 446 1902; x_wconf 85' lang='lat' dir='ltr'><strong>ausus</strong></span> <span class='ocrx_word' id='word_1_131' title='bbox 468 1864 546 1910; x_wconf 90' lang='lat' dir='ltr'><strong>es,</strong></span> <span class='ocrx_word' id='word_1_132' title='bbox 571 1849 771 1918; x_wconf 83' lang='lat' dir='ltr'><strong>quippe</strong></span> <span class='ocrx_word' id='word_1_133' title='bbox 789 1851 877 1918; x_wconf 91' lang='lat' dir='ltr'><strong>qui</strong></span> <span class='ocrx_word' id='word_1_134' title='bbox 895 1863 948 1904; x_wconf 89' lang='lat' dir='ltr'><strong>et</strong></span> <span class='ocrx_word' id='word_1_135' title='bbox 971 1850 1262 1905; x_wconf 78' lang='lat' dir='ltr'><strong>Maximum</strong></span> <span class='ocrx_word' id='word_1_136' title='bbox 1285 1853 1564 1906; x_wconf 88' lang='lat' dir='ltr'><strong>consulem</strong></span> <span class='ocrx_word' id='word_1_137' title='bbox 1589 1855 1696 1908; x_wconf 90' lang='lat' dir='ltr'><strong>tuis</strong></span> <span class='ocrx_word' id='word_1_138' title='bbox 1719 1870 1854 1924; x_wconf 63' lang='lat' dir='ltr'><strong>prae-</strong></span> 
     </span>
    </p>
   </div>
   <div class='ocr_carea' id='block_1_20' title="bbox 282 1940 1862 2012">
    <p class='ocr_par' dir='ltr' id='par_1_20' title="bbox 282 1940 1862 2012">
     <span class='ocr_line' id='line_1_20' title="bbox 282 1940 1862 2012; baseline 0.004 -18"><span class='ocrx_word' id='word_1_139' title='bbox 282 1941 456 2010; x_wconf 76' lang='lat' dir='ltr'><strong>stigiis</strong></span> <span class='ocrx_word' id='word_1_140' title='bbox 480 1940 545 1993; x_wconf 86' lang='lat' dir='ltr'><strong>de</strong></span> <span class='ocrx_word' id='word_1_141' title='bbox 566 1940 742 1994; x_wconf 86' lang='lat' dir='ltr'><strong>medio</strong></span> <span class='ocrx_word' id='word_1_142' title='bbox 763 1941 1029 1994; x_wconf 71' lang='lat' dir='ltr'><strong>sustulisti</strong></span> <span class='ocrx_word' id='word_1_143' title='bbox 1071 1962 1085 1996; x_wconf 86' lang='lat'><strong><em>:</em></strong></span> <span class='ocrx_word' id='word_1_144' title='bbox 1119 1945 1251 2012; x_wconf 89' lang='lat' dir='ltr'><strong>quin</strong></span> <span class='ocrx_word' id='word_1_145' title='bbox 1277 1945 1441 1997; x_wconf 88' lang='lat' dir='ltr'><strong>etiam</strong></span> <span class='ocrx_word' id='word_1_146' title='bbox 1469 1945 1646 2000; x_wconf 88' lang='lat' dir='ltr'><strong>adhuc</strong></span> <span class='ocrx_word' id='word_1_147' title='bbox 1673 1954 1862 2000; x_wconf 89' lang='lat' dir='ltr'><strong>contra</strong></span> 
     </span>
    </p>
   </div>
   <div class='ocr_carea' id='block_1_21' title="bbox 282 2033 1863 2102">
    <p class='ocr_par' dir='ltr' id='par_1_21' title="bbox 282 2033 1863 2102">
     <span class='ocr_line' id='line_1_21' title="bbox 282 2033 1863 2102; baseline 0.004 -16"><span class='ocrx_word' id='word_1_148' title='bbox 282 2043 526 2086; x_wconf 87' lang='lat' dir='ltr'><strong>nostram</strong></span> <span class='ocrx_word' id='word_1_149' title='bbox 572 2041 625 2086; x_wconf 88' lang='lat' dir='ltr'><strong>et</strong></span> <span class='ocrx_word' id='word_1_150' title='bbox 669 2033 980 2102; x_wconf 84' lang='lat' dir='ltr'><strong>reipublicae</strong></span> <span class='ocrx_word' id='word_1_151' title='bbox 1012 2033 1241 2088; x_wconf 87' lang='lat' dir='ltr'><strong>salutem</strong></span> <span class='ocrx_word' id='word_1_152' title='bbox 1288 2045 1492 2090; x_wconf 88' lang='lat' dir='ltr'><strong>temere</strong></span> <span class='ocrx_word' id='word_1_153' title='bbox 1529 2037 1863 2092; x_wconf 87' lang='lat' dir='ltr'><strong>christiano-</strong></span> 
     </span>
    </p>
   </div>
   <div class='ocr_carea' id='block_1_22' title="bbox 281 2122 1728 2182">
    <p class='ocr_par' dir='ltr' id='par_1_22' title="bbox 281 2122 1728 2182">
     <span class='ocr_line' id='line_1_22' title="bbox 281 2122 1728 2182; baseline 0.004 -6"><span class='ocrx_word' id='word_1_154' title='bbox 281 2139 400 2176; x_wconf 90' lang='lat' dir='ltr'><strong>rum</strong></span> <span class='ocrx_word' id='word_1_155' title='bbox 429 2138 595 2176; x_wconf 86' lang='lat' dir='ltr'><strong>causa</strong></span> <span class='ocrx_word' id='word_1_156' title='bbox 627 2122 751 2176; x_wconf 89' lang='lat' dir='ltr'><strong>talia</strong></span> <span class='ocrx_word' id='word_1_157' title='bbox 777 2123 1038 2177; x_wconf 88' lang='lat' dir='ltr'><strong>veneﬁcia</strong></span> <span class='ocrx_word' id='word_1_158' title='bbox 1064 2139 1322 2180; x_wconf 89' lang='lat' dir='ltr'><strong>exercere</strong></span> <span class='ocrx_word' id='word_1_159' title='bbox 1349 2141 1454 2179; x_wconf 91' lang='lat' dir='ltr'><strong>non</strong></span> <span class='ocrx_word' id='word_1_160' title='bbox 1486 2127 1728 2182; x_wconf 75' lang='lat' dir='ltr'><strong>desistis.</strong></span> 
     </span>
    </p>
   </div>
   <div class='ocr_carea' id='block_1_23' title="bbox 351 2213 1864 2288">
    <p class='ocr_par' dir='ltr' id='par_1_23' title="bbox 351 2213 1864 2288">
     <span class='ocr_line' id='line_1_23' title="bbox 351 2213 1864 2288; baseline 0.005 -21"><span class='ocrx_word' id='word_1_161' title='bbox 351 2213 464 2267; x_wconf 74' lang='grc' dir='ltr'><strong>νη.</strong></span> <span class='ocrx_word' id='word_1_162' title='bbox 525 2213 621 2268; x_wconf 84' lang='lat' dir='ltr'><strong>llis</strong></span> <span class='ocrx_word' id='word_1_163' title='bbox 659 2213 843 2278; x_wconf 89' lang='lat' dir='ltr'><strong>dictis,</strong></span> <span class='ocrx_word' id='word_1_164' title='bbox 881 2214 1203 2271; x_wconf 84' lang='lat' dir='ltr'><strong>Valerianus</strong></span> <span class='ocrx_word' id='word_1_165' title='bbox 1257 2216 1334 2270; x_wconf 88' lang='lat' dir='ltr'><strong>ira</strong></span> <span class='ocrx_word' id='word_1_166' title='bbox 1392 2218 1655 2288; x_wconf 87' lang='lat' dir='ltr'><strong>percitus.</strong></span> <span class='ocrx_word' id='word_1_167' title='bbox 1698 2219 1864 2288; x_wconf 85' lang='lat' dir='ltr'><strong>jussit</strong></span> 
     </span>
    </p>
   </div>
   <div class='ocr_carea' id='block_1_24' title="bbox 281 2305 1862 2380">
    <p class='ocr_par' dir='ltr' id='par_1_24' title="bbox 281 2305 1862 2380">
     <span class='ocr_line' id='line_1_24' title="bbox 281 2305 1862 2380; baseline 0.004 -22"><span class='ocrx_word' id='word_1_168' title='bbox 281 2306 431 2358; x_wconf 83' lang='lat' dir='ltr'><strong>illum</strong></span> <span class='ocrx_word' id='word_1_169' title='bbox 467 2305 520 2358; x_wconf 92' lang='lat' dir='ltr'><strong>in</strong></span> <span class='ocrx_word' id='word_1_170' title='bbox 551 2305 766 2374; x_wconf 81' lang='lat' dir='ltr'><strong>privato</strong></span> <span class='ocrx_word' id='word_1_171' title='bbox 796 2319 1017 2359; x_wconf 88' lang='lat' dir='ltr'><strong>carcere</strong></span> <span class='ocrx_word' id='word_1_172' title='bbox 1047 2306 1304 2373; x_wconf 88' lang='lat' dir='ltr'><strong>detineri,</strong></span> <span class='ocrx_word' id='word_1_173' title='bbox 1345 2324 1531 2378; x_wconf 88' lang='lat' dir='ltr'><strong>quem,</strong></span> <span class='ocrx_word' id='word_1_174' title='bbox 1569 2326 1694 2364; x_wconf 88' lang='lat' dir='ltr'><strong>cum</strong></span> <span class='ocrx_word' id='word_1_175' title='bbox 1723 2326 1862 2380; x_wconf 85' lang='lat' dir='ltr'><strong>opus</strong></span> 
     </span>
    </p>
   </div>
   <div class='ocr_carea' id='block_1_25' title="bbox 281 2396 1860 2472">
    <p class='ocr_par' dir='ltr' id='par_1_25' title="bbox 281 2396 1860 2472">
     <span class='ocr_line' id='line_1_25' title="bbox 281 2396 1860 2472; baseline 0.004 -21"><span class='ocrx_word' id='word_1_176' title='bbox 281 2397 496 2460; x_wconf 88' lang='lat' dir='ltr'><strong>fuisset,</strong></span> <span class='ocrx_word' id='word_1_177' title='bbox 534 2396 837 2451; x_wconf 85' lang='lat' dir='ltr'><strong>sistendum</strong></span> <span class='ocrx_word' id='word_1_178' title='bbox 879 2398 1158 2467; x_wconf 83' lang='lat' dir='ltr'><strong>praecepit.</strong></span> <span class='ocrx_word' id='word_1_179' title='bbox 1203 2398 1376 2454; x_wconf 85' lang='lat' dir='ltr'><strong>Jussit</strong></span> <span class='ocrx_word' id='word_1_180' title='bbox 1405 2401 1568 2454; x_wconf 91' lang='lat' dir='ltr'><strong>etiam</strong></span> <span class='ocrx_word' id='word_1_181' title='bbox 1601 2401 1860 2472; x_wconf 86' lang='lat' dir='ltr'><strong>Sempro-</strong></span> 
     </span>
    </p>
   </div>
   <div class='ocr_carea' id='block_1_26' title="bbox 279 2486 1856 2558">
    <p class='ocr_par' dir='ltr' id='par_1_26' title="bbox 279 2486 1856 2558">
     <span class='ocr_line' id='line_1_26' title="bbox 279 2486 1856 2558; baseline 0.004 -16"><span class='ocrx_word' id='word_1_182' title='bbox 279 2490 430 2542; x_wconf 90' lang='lat' dir='ltr'><strong>nium</strong></span> <span class='ocrx_word' id='word_1_183' title='bbox 476 2487 714 2542; x_wconf 73' lang='lat' dir='ltr'><strong>Nemesii</strong></span> <span class='ocrx_word' id='word_1_184' title='bbox 749 2486 1034 2555; x_wconf 83' lang='lat' dir='ltr'><strong>famulum,</strong></span> <span class='ocrx_word' id='word_1_185' title='bbox 1069 2489 1291 2545; x_wconf 90' lang='lat' dir='ltr'><strong>domino</strong></span> <span class='ocrx_word' id='word_1_186' title='bbox 1319 2507 1419 2547; x_wconf 89' lang='lat' dir='ltr'><strong>suo</strong></span> <span class='ocrx_word' id='word_1_187' title='bbox 1456 2493 1856 2558; x_wconf 88' lang='lat' dir='ltr'><strong>ﬁdelissimum,</strong></span> 
     </span>
    </p>
   </div>
   <div class='ocr_carea' id='block_1_27' title="bbox 281 2581 1856 2651">
    <p class='ocr_par' dir='ltr' id='par_1_27' title="bbox 281 2581 1856 2651">
     <span class='ocr_line' id='line_1_27' title="bbox 281 2581 1856 2651; baseline 0.003 -17"><span class='ocrx_word' id='word_1_188' title='bbox 281 2581 389 2635; x_wconf 92' lang='lat' dir='ltr'><strong>illic</strong></span> <span class='ocrx_word' id='word_1_189' title='bbox 411 2594 614 2650; x_wconf 61' lang='lat' dir='ltr'><strong>praesto</strong></span> <span class='ocrx_word' id='word_1_190' title='bbox 637 2595 777 2645; x_wconf 89' lang='lat' dir='ltr'><strong>esse,</strong></span> <span class='ocrx_word' id='word_1_191' title='bbox 811 2595 842 2633; x_wconf 89' lang='lat' dir='ltr'><strong>a</strong></span> <span class='ocrx_word' id='word_1_192' title='bbox 865 2597 974 2650; x_wconf 92' lang='lat' dir='ltr'><strong>quo</strong></span> <span class='ocrx_word' id='word_1_193' title='bbox 1005 2582 1252 2651; x_wconf 85' lang='lat' dir='ltr'><strong>ejusdem</strong></span> <span class='ocrx_word' id='word_1_194' title='bbox 1279 2582 1518 2640; x_wconf 84' lang='lat' dir='ltr'><strong>Nemesii</strong></span> <span class='ocrx_word' id='word_1_195' title='bbox 1549 2594 1659 2640; x_wconf 90' lang='lat' dir='ltr'><strong>tum</strong></span> <span class='ocrx_word' id='word_1_196' title='bbox 1693 2586 1856 2650; x_wconf 87' lang='lat' dir='ltr'><strong>facta,</strong></span> 
     </span>
    </p>
   </div>
   <div class='ocr_carea' id='block_1_28' title="bbox 281 2673 1859 2748">
    <p class='ocr_par' dir='ltr' id='par_1_28' title="bbox 281 2673 1859 2748">
     <span class='ocr_line' id='line_1_28' title="bbox 281 2673 1859 2748; baseline 0.005 -21"><span class='ocrx_word' id='word_1_197' title='bbox 281 2681 392 2729; x_wconf 87' lang='lat' dir='ltr'><strong>tum</strong></span> <span class='ocrx_word' id='word_1_198' title='bbox 430 2675 575 2729; x_wconf 89' lang='lat' dir='ltr'><strong>bona</strong></span> <span class='ocrx_word' id='word_1_199' title='bbox 601 2675 784 2729; x_wconf 87' lang='lat' dir='ltr'><strong>omnia</strong></span> <span class='ocrx_word' id='word_1_200' title='bbox 816 2673 1226 2744; x_wconf 87' lang='lat' dir='ltr'><strong>inquirerentur</strong></span> <span class='ocrx_word' id='word_1_201' title='bbox 1251 2695 1265 2730; x_wconf 88' lang='lat'>:</span> <span class='ocrx_word' id='word_1_202' title='bbox 1294 2677 1452 2748; x_wconf 90' lang='lat' dir='ltr'><strong>cujus</strong></span> <span class='ocrx_word' id='word_1_203' title='bbox 1493 2680 1660 2732; x_wconf 90' lang='lat' dir='ltr'><strong>etiam</strong></span> <span class='ocrx_word' id='word_1_204' title='bbox 1696 2679 1859 2734; x_wconf 88' lang='lat' dir='ltr'><strong>ﬁliam</strong></span> 
     </span>
    </p>
   </div>
   <div class='ocr_carea' id='block_1_29' title="bbox 280 2764 1860 2839">
    <p class='ocr_par' dir='ltr' id='par_1_29' title="bbox 280 2764 1860 2839">
     <span class='ocr_line' id='line_1_29' title="bbox 280 2764 1860 2839; baseline 0.003 -21"><span class='ocrx_word' id='word_1_205' title='bbox 280 2764 542 2819; x_wconf 68' lang='lat' dir='ltr'><strong>Lucillum</strong></span> <span class='ocrx_word' id='word_1_206' title='bbox 571 2766 836 2822; x_wconf 84' lang='lat' dir='ltr'><strong>custodiri</strong></span> <span class='ocrx_word' id='word_1_207' title='bbox 865 2768 1122 2836; x_wconf 64' lang='lat' dir='ltr'><strong>praecepit</strong></span> <span class='ocrx_word' id='word_1_208' title='bbox 1147 2767 1291 2837; x_wconf 89' lang='lat' dir='ltr'><strong>apud</strong></span> <span class='ocrx_word' id='word_1_209' title='bbox 1313 2769 1640 2822; x_wconf 85' lang='lat' dir='ltr'><strong>sceleratam</strong></span> <span class='ocrx_word' id='word_1_210' title='bbox 1666 2785 1860 2839; x_wconf 88' lang='lat' dir='ltr'><strong>quam-</strong></span> 
     </span>
    </p>
   </div>
   <div class='ocr_carea' id='block_1_30' title="bbox 280 2857 1860 2922">
    <p class='ocr_par' dir='ltr' id='par_1_30' title="bbox 280 2857 1860 2922">
     <span class='ocr_line' id='line_1_30' title="bbox 280 2857 1860 2922; baseline 0.004 -10"><span class='ocrx_word' id='word_1_211' title='bbox 280 2857 407 2912; x_wconf 89' lang='lat' dir='ltr'><strong>dam</strong></span> <span class='ocrx_word' id='word_1_212' title='bbox 448 2858 764 2922; x_wconf 86' lang='lat' dir='ltr'><strong>mulierem,</strong></span> <span class='ocrx_word' id='word_1_213' title='bbox 802 2859 1026 2915; x_wconf 88' lang='lat' dir='ltr'><strong>nomine</strong></span> <span class='ocrx_word' id='word_1_214' title='bbox 1064 2859 1376 2914; x_wconf 81' lang='lat' dir='ltr'><strong>Maximam.</strong></span> <span class='ocrx_word' id='word_1_215' title='bbox 1409 2859 1637 2916; x_wconf 86' lang='lat' dir='ltr'><strong>Postero</strong></span> <span class='ocrx_word' id='word_1_216' title='bbox 1677 2872 1860 2918; x_wconf 90' lang='lat' dir='ltr'><strong>autem</strong></span> 
     </span>
    </p>
   </div>
   <div class='ocr_carea' id='block_1_31' title="bbox 277 2947 1861 3024">
    <p class='ocr_par' dir='ltr' id='par_1_31' title="bbox 277 2947 1861 3024">
     <span class='ocr_line' id='line_1_31' title="bbox 277 2947 1861 3024; baseline 0.006 -23"><span class='ocrx_word' id='word_1_217' title='bbox 277 2947 366 3004; x_wconf 89' lang='lat' dir='ltr'><strong>die</strong></span> <span class='ocrx_word' id='word_1_218' title='bbox 418 2950 589 3020; x_wconf 85' lang='lat' dir='ltr'><strong>jussit</strong></span> <span class='ocrx_word' id='word_1_219' title='bbox 659 2950 1040 3019; x_wconf 88' lang='lat' dir='ltr'><strong>iniquissimus</strong></span> <span class='ocrx_word' id='word_1_220' title='bbox 1103 2951 1422 3007; x_wconf 84' lang='lat' dir='ltr'><strong>Valerianus</strong></span> <span class='ocrx_word' id='word_1_221' title='bbox 1477 2953 1861 3024; x_wconf 89' lang='lat' dir='ltr'><strong>Sempronium</strong></span> 
     </span>
    </p>
   </div>
   <div class='ocr_carea' id='block_1_32' title="bbox 278 3041 1862 3118">
    <p class='ocr_par' dir='ltr' id='par_1_32' title="bbox 278 3041 1862 3118">
     <span class='ocr_line' id='line_1_32' title="bbox 278 3041 1862 3118; baseline 0.005 -22"><span class='ocrx_word' id='word_1_222' title='bbox 278 3041 419 3096; x_wconf 80' lang='lat' dir='ltr'><strong>tradi</strong></span> <span class='ocrx_word' id='word_1_223' title='bbox 463 3041 682 3096; x_wconf 87' lang='lat' dir='ltr'><strong>cuidam</strong></span> <span class='ocrx_word' id='word_1_224' title='bbox 717 3042 956 3107; x_wconf 84' lang='lat' dir='ltr'><strong>tribuno,</strong></span> <span class='ocrx_word' id='word_1_225' title='bbox 988 3043 1082 3112; x_wconf 85' lang='lat' dir='ltr'><strong>qui</strong></span> <span class='ocrx_word' id='word_1_226' title='bbox 1126 3044 1422 3099; x_wconf 85' lang='lat' dir='ltr'><strong>vocabatur</strong></span> <span class='ocrx_word' id='word_1_227' title='bbox 1463 3044 1764 3118; x_wconf 77' lang='lat' dir='ltr'><strong>Olympius,</strong></span> <span class='ocrx_word' id='word_1_228' title='bbox 1802 3058 1862 3104; x_wconf 93' lang='lat' dir='ltr'><strong>ut</strong></span> 
     </span>
    </p>
   </div>
   <div class='ocr_carea' id='block_1_33' title="bbox 1965 563 3542 640">
    <p class='ocr_par' dir='ltr' id='par_1_33' title="bbox 1965 563 3542 640">
     <span class='ocr_line' id='line_1_33' title="bbox 1965 563 3542 640; baseline 0.008 -22"><span class='ocrx_word' id='word_1_229' title='bbox 1965 565 2117 618; x_wconf 90' lang='lat' dir='ltr'><strong>nium</strong></span> <span class='ocrx_word' id='word_1_230' title='bbox 2167 563 2582 620; x_wconf 89' lang='lat' dir='ltr'><strong>custodiendum</strong></span> <span class='ocrx_word' id='word_1_231' title='bbox 2635 567 2852 622; x_wconf 83' lang='lat' dir='ltr'><strong>tradidit</strong></span> <span class='ocrx_word' id='word_1_232' title='bbox 2885 567 3129 626; x_wconf 79' lang='lat' dir='ltr'><strong>Tertullo</strong></span> <span class='ocrx_word' id='word_1_233' title='bbox 3166 571 3406 640; x_wconf 91' lang='lat' dir='ltr'><strong>cuidam,</strong></span> <span class='ocrx_word' id='word_1_234' title='bbox 3439 573 3542 629; x_wconf 80' lang='lat' dir='ltr'><strong>do-</strong></span> 
     </span>
    </p>
   </div>
   <div class='ocr_carea' id='block_1_34' title="bbox 1965 655 3542 737">
    <p class='ocr_par' dir='ltr' id='par_1_34' title="bbox 1965 655 3542 737">
     <span class='ocr_line' id='line_1_34' title="bbox 1965 655 3542 737; baseline 0.007 -28"><span class='ocrx_word' id='word_1_235' title='bbox 1965 671 2088 710; x_wconf 90' lang='lat' dir='ltr'><strong>mus</strong></span> <span class='ocrx_word' id='word_1_236' title='bbox 2147 670 2262 710; x_wconf 65' lang='lat' dir='ltr'><strong>suae</strong></span> <span class='ocrx_word' id='word_1_237' title='bbox 2313 655 2686 726; x_wconf 79' lang='lat' dir='ltr'><strong>gubernatori.</strong></span> <span class='ocrx_word' id='word_1_238' title='bbox 2751 660 3034 729; x_wconf 79' lang='lat' dir='ltr'><strong>Exuperiae</strong></span> <span class='ocrx_word' id='word_1_239' title='bbox 3083 672 3265 717; x_wconf 87' lang='lat' dir='ltr'><strong>autem</strong></span> <span class='ocrx_word' id='word_1_240' title='bbox 3325 665 3542 737; x_wconf 88' lang='lat' dir='ltr'><strong>conjugi</strong></span> 
     </span>
    </p>
   </div>
   <div class='ocr_carea' id='block_1_35' title="bbox 1965 745 3537 825">
    <p class='ocr_par' dir='ltr' id='par_1_35' title="bbox 1965 745 3537 825">
     <span class='ocr_line' id='line_1_35' title="bbox 1965 745 3537 825; baseline 0.006 -24"><span class='ocrx_word' id='word_1_241' title='bbox 1965 745 2244 817; x_wconf 75' lang='lat' dir='ltr'><strong>Olympius</strong></span> <span class='ocrx_word' id='word_1_242' title='bbox 2260 748 2376 818; x_wconf 92' lang='lat' dir='ltr'><strong>ipse</strong></span> <span class='ocrx_word' id='word_1_243' title='bbox 2393 750 2654 814; x_wconf 88' lang='lat' dir='ltr'><strong>narravit,</strong></span> <span class='ocrx_word' id='word_1_244' title='bbox 2676 753 3132 821; x_wconf 83' lang='lat' dir='ltr'><strong>quemadmodum</strong></span> <span class='ocrx_word' id='word_1_245' title='bbox 3157 754 3537 825; x_wconf 83' lang='lat' dir='ltr'><strong>Sempronius,</strong></span> 
     </span>
    </p>
   </div>
   <div class='ocr_carea' id='block_1_36' title="bbox 1963 837 3542 912">
    <p class='ocr_par' dir='ltr' id='par_1_36' title="bbox 1963 837 3542 912">
     <span class='ocr_line' id='line_1_36' title="bbox 1963 837 3542 912; baseline 0.008 -20"><span class='ocrx_word' id='word_1_246' title='bbox 1963 837 2091 892; x_wconf 82' lang='lat' dir='ltr'><strong>Jesu</strong></span> <span class='ocrx_word' id='word_1_247' title='bbox 2121 837 2324 894; x_wconf 85' lang='lat' dir='ltr'><strong>Christi</strong></span> <span class='ocrx_word' id='word_1_248' title='bbox 2378 839 2474 895; x_wconf 89' lang='lat' dir='ltr'><strong>Dei</strong></span> <span class='ocrx_word' id='word_1_249' title='bbox 2510 843 2593 896; x_wconf 90' lang='lat' dir='ltr'><strong>sui</strong></span> <span class='ocrx_word' id='word_1_250' title='bbox 2627 844 2848 899; x_wconf 88' lang='lat' dir='ltr'><strong>nomine</strong></span> <span class='ocrx_word' id='word_1_251' title='bbox 2895 845 3176 912; x_wconf 86' lang='lat' dir='ltr'><strong>invocato,</strong></span> <span class='ocrx_word' id='word_1_252' title='bbox 3207 846 3391 903; x_wconf 78' lang='lat' dir='ltr'><strong>Martis</strong></span> <span class='ocrx_word' id='word_1_253' title='bbox 3418 848 3542 904; x_wconf 87' lang='lat' dir='ltr'><strong>ido-</strong></span> 
     </span>
    </p>
   </div>
   <div class='ocr_carea' id='block_1_37' title="bbox 1964 928 2524 986">
    <p class='ocr_par' dir='ltr' id='par_1_37' title="bbox 1964 928 2524 986">
     <span class='ocr_line' id='line_1_37' title="bbox 1964 928 2524 986; baseline 0.005 -3"><span class='ocrx_word' id='word_1_254' title='bbox 1964 928 2075 983; x_wconf 91' lang='lat' dir='ltr'><strong>lum</strong></span> <span class='ocrx_word' id='word_1_255' title='bbox 2107 931 2524 986; x_wconf 89' lang='lat' dir='ltr'><strong>comminuerat.</strong></span> 
     </span>
    </p>
   </div>
   <div class='ocr_carea' id='block_1_38' title="bbox 2036 1019 3544 1099">
    <p class='ocr_par' dir='ltr' id='par_1_38' title="bbox 2036 1019 3544 1099">
     <span class='ocr_line' id='line_1_38' title="bbox 2036 1019 3544 1099; baseline 0.01 -25"><span class='ocrx_word' id='word_1_256' title='bbox 2036 1019 2171 1078; x_wconf 83' lang='lat' dir='ltr'><strong>Vill.</strong></span> <span class='ocrx_word' id='word_1_257' title='bbox 2209 1021 2364 1078; x_wconf 87' lang='lat' dir='ltr'><strong>Tunc</strong></span> <span class='ocrx_word' id='word_1_258' title='bbox 2399 1023 2666 1093; x_wconf 80' lang='lat' dir='ltr'><strong>Exuperia</strong></span> <span class='ocrx_word' id='word_1_259' title='bbox 2701 1041 2870 1080; x_wconf 84' lang='lat' dir='ltr'><strong>uxor:</strong></span> <span class='ocrx_word' id='word_1_260' title='bbox 2905 1027 2964 1081; x_wconf 90' lang='lat' dir='ltr'><strong>Si</strong></span> <span class='ocrx_word' id='word_1_261' title='bbox 3007 1037 3178 1094; x_wconf 88' lang='lat' dir='ltr'><strong>tanta,</strong></span> <span class='ocrx_word' id='word_1_262' title='bbox 3213 1028 3412 1099; x_wconf 89' lang='lat' dir='ltr'><strong>inquit,</strong></span> <span class='ocrx_word' id='word_1_263' title='bbox 3459 1042 3544 1088; x_wconf 89' lang='lat' dir='ltr'><strong>est</strong></span> 
     </span>
    </p>
   </div>
   <div class='ocr_carea' id='block_1_39' title="bbox 1965 1111 3549 1185">
    <p class='ocr_par' dir='ltr' id='par_1_39' title="bbox 1965 1111 3549 1185">
     <span class='ocr_line' id='line_1_39' title="bbox 1965 1111 3549 1185; baseline 0.008 -19"><span class='ocrx_word' id='word_1_264' title='bbox 1965 1111 2166 1166; x_wconf 89' lang='lat' dir='ltr'><strong>Christi</strong></span> <span class='ocrx_word' id='word_1_265' title='bbox 2196 1115 2454 1183; x_wconf 89' lang='lat' dir='ltr'><strong>potentia,</strong></span> <span class='ocrx_word' id='word_1_266' title='bbox 2482 1125 2739 1185; x_wconf 87' lang='lat' dir='ltr'><strong>quantam</strong></span> <span class='ocrx_word' id='word_1_267' title='bbox 2769 1118 2924 1180; x_wconf 81' lang='lat' dir='ltr'><strong>dicis,</strong></span> <span class='ocrx_word' id='word_1_268' title='bbox 2954 1120 3122 1173; x_wconf 88' lang='lat' dir='ltr'><strong>satius</strong></span> <span class='ocrx_word' id='word_1_269' title='bbox 3152 1122 3309 1176; x_wconf 91' lang='lat' dir='ltr'><strong>nobis</strong></span> <span class='ocrx_word' id='word_1_270' title='bbox 3339 1133 3424 1177; x_wconf 88' lang='lat' dir='ltr'><strong>est</strong></span> <span class='ocrx_word' id='word_1_271' title='bbox 3449 1124 3549 1177; x_wconf 76' lang='lat' dir='ltr'><strong>dc-</strong></span> 
     </span>
    </p>
   </div>
   <div class='ocr_carea' id='block_1_40' title="bbox 1964 1203 3543 1284">
    <p class='ocr_par' dir='ltr' id='par_1_40' title="bbox 1964 1203 3543 1284">
     <span class='ocr_line' id='line_1_40' title="bbox 1964 1203 3543 1284; baseline 0.009 -28"><span class='ocrx_word' id='word_1_272' title='bbox 1964 1203 2096 1259; x_wconf 79' lang='lat' dir='ltr'><strong>liinc</strong></span> <span class='ocrx_word' id='word_1_273' title='bbox 2144 1205 2268 1260; x_wconf 92' lang='lat' dir='ltr'><strong>illos</strong></span> <span class='ocrx_word' id='word_1_274' title='bbox 2310 1207 2458 1277; x_wconf 93' lang='lat' dir='ltr'><strong>ipsos</strong></span> <span class='ocrx_word' id='word_1_275' title='bbox 2504 1207 2636 1262; x_wconf 90' lang='lat' dir='ltr'><strong>deos</strong></span> <span class='ocrx_word' id='word_1_276' title='bbox 2685 1210 3016 1280; x_wconf 88' lang='lat' dir='ltr'><strong>relinquere,</strong></span> <span class='ocrx_word' id='word_1_277' title='bbox 3050 1212 3142 1281; x_wconf 91' lang='lat' dir='ltr'><strong>qui</strong></span> <span class='ocrx_word' id='word_1_278' title='bbox 3199 1229 3377 1284; x_wconf 89' lang='lat' dir='ltr'><strong>neque</strong></span> <span class='ocrx_word' id='word_1_279' title='bbox 3438 1216 3543 1271; x_wconf 88' lang='lat' dir='ltr'><strong>sibi</strong></span> 
     </span>
    </p>
   </div>
   <div class='ocr_carea' id='block_1_41' title="bbox 1965 1295 3544 1373">
    <p class='ocr_par' dir='ltr' id='par_1_41' title="bbox 1965 1295 3544 1373">
     <span class='ocr_line' id='line_1_41' title="bbox 1965 1295 3544 1373; baseline 0.008 -27"><span class='ocrx_word' id='word_1_280' title='bbox 1965 1308 2140 1362; x_wconf 88' lang='lat' dir='ltr'><strong>neque</strong></span> <span class='ocrx_word' id='word_1_281' title='bbox 2171 1295 2332 1350; x_wconf 86' lang='lat' dir='ltr'><strong>nobis</strong></span> <span class='ocrx_word' id='word_1_282' title='bbox 2371 1311 2528 1365; x_wconf 90' lang='lat' dir='ltr'><strong>opem</strong></span> <span class='ocrx_word' id='word_1_283' title='bbox 2557 1298 2700 1352; x_wconf 86' lang='lat' dir='ltr'><strong>ferre</strong></span> <span class='ocrx_word' id='word_1_284' title='bbox 2733 1311 2986 1368; x_wconf 89' lang='lat' dir='ltr'><strong>possunt.</strong></span> <span class='ocrx_word' id='word_1_285' title='bbox 3029 1300 3350 1367; x_wconf 69' lang='lat' dir='ltr'><strong>Quaeramus</strong></span> <span class='ocrx_word' id='word_1_286' title='bbox 3379 1303 3544 1373; x_wconf 78' lang='lat' dir='ltr'><strong>igitur</strong></span> 
     </span>
    </p>
   </div>
   <div class='ocr_carea' id='block_1_42' title="bbox 1965 1383 3546 1458">
    <p class='ocr_par' dir='ltr' id='par_1_42' title="bbox 1965 1383 3546 1458">
     <span class='ocr_line' id='line_1_42' title="bbox 1965 1383 3546 1458; baseline 0.009 -21"><span class='ocrx_word' id='word_1_287' title='bbox 1965 1383 2139 1439; x_wconf 80' lang='lat' dir='ltr'><strong>Deum</strong></span> <span class='ocrx_word' id='word_1_288' title='bbox 2189 1386 2362 1454; x_wconf 90' lang='lat' dir='ltr'><strong>illum,</strong></span> <span class='ocrx_word' id='word_1_289' title='bbox 2387 1389 2481 1458; x_wconf 89' lang='lat' dir='ltr'><strong>qui</strong></span> <span class='ocrx_word' id='word_1_290' title='bbox 2509 1389 2747 1445; x_wconf 87' lang='lat' dir='ltr'><strong>Nemesii</strong></span> <span class='ocrx_word' id='word_1_291' title='bbox 2797 1393 2996 1446; x_wconf 88' lang='lat' dir='ltr'><strong>tribuni</strong></span> <span class='ocrx_word' id='word_1_292' title='bbox 3025 1393 3145 1447; x_wconf 71' lang='lat' dir='ltr'><strong>ﬁliae</strong></span> <span class='ocrx_word' id='word_1_293' title='bbox 3181 1394 3363 1449; x_wconf 87' lang='lat' dir='ltr'><strong>lmnen</strong></span> <span class='ocrx_word' id='word_1_294' title='bbox 3384 1397 3546 1451; x_wconf 80' lang='lat' dir='ltr'><strong>resti-</strong></span> 
     </span>
    </p>
   </div>
   <div class='ocr_carea' id='block_1_43' title="bbox 1966 1475 3544 1553">
    <p class='ocr_par' dir='ltr' id='par_1_43' title="bbox 1966 1475 3544 1553">
     <span class='ocr_line' id='line_1_43' title="bbox 1966 1475 3544 1553; baseline 0.009 -26"><span class='ocrx_word' id='word_1_295' title='bbox 1966 1476 2091 1529; x_wconf 90' lang='lat' dir='ltr'><strong>tuit.</strong></span> <span class='ocrx_word' id='word_1_296' title='bbox 2127 1475 2283 1530; x_wconf 93' lang='lat' dir='ltr'><strong>Tunc</strong></span> <span class='ocrx_word' id='word_1_297' title='bbox 2314 1476 2597 1550; x_wconf 88' lang='lat' dir='ltr'><strong>Olympius</strong></span> <span class='ocrx_word' id='word_1_298' title='bbox 2632 1482 2880 1536; x_wconf 87' lang='lat' dir='ltr'><strong>Tertullo</strong></span> <span class='ocrx_word' id='word_1_299' title='bbox 2928 1485 3208 1553; x_wconf 63' lang='lat' dir='ltr'><strong>praecepit,</strong></span> <span class='ocrx_word' id='word_1_300' title='bbox 3249 1494 3308 1539; x_wconf 91' lang='lat' dir='ltr'><strong>ut</strong></span> <span class='ocrx_word' id='word_1_301' title='bbox 3355 1487 3544 1542; x_wconf 91' lang='lat' dir='ltr'><strong>mitius</strong></span> 
     </span>
    </p>
   </div>
   <div class='ocr_carea' id='block_1_44' title="bbox 1965 1573 3546 1649">
    <p class='ocr_par' dir='ltr' id='par_1_44' title="bbox 1965 1573 3546 1649">
     <span class='ocr_line' id='line_1_44' title="bbox 1965 1573 3546 1649; baseline 0.008 -28"><span class='ocrx_word' id='word_1_302' title='bbox 1965 1582 2023 1622; x_wconf 89' lang='lat' dir='ltr'><strong>se</strong></span> <span class='ocrx_word' id='word_1_303' title='bbox 2051 1580 2263 1638; x_wconf 81' lang='lat' dir='ltr'><strong>gereret</strong></span> <span class='ocrx_word' id='word_1_304' title='bbox 2284 1586 2407 1626; x_wconf 88' lang='lat' dir='ltr'><strong>cum</strong></span> <span class='ocrx_word' id='word_1_305' title='bbox 2437 1573 2783 1642; x_wconf 84' lang='lat' dir='ltr'><strong>Sempronio,</strong></span> <span class='ocrx_word' id='word_1_306' title='bbox 2809 1575 3078 1645; x_wconf 89' lang='lat' dir='ltr'><strong>siquidem</strong></span> <span class='ocrx_word' id='word_1_307' title='bbox 3106 1576 3342 1632; x_wconf 83' lang='lat' dir='ltr'><strong>Nemesii</strong></span> <span class='ocrx_word' id='word_1_308' title='bbox 3373 1595 3546 1649; x_wconf 85' lang='lat' dir='ltr'><strong>pecu-</strong></span> 
     </span>
    </p>
   </div>
   <div class='ocr_carea' id='block_1_45' title="bbox 1964 1661 3546 1738">
    <p class='ocr_par' dir='ltr' id='par_1_45' title="bbox 1964 1661 3546 1738">
     <span class='ocr_line' id='line_1_45' title="bbox 1964 1661 3546 1738; baseline 0.009 -24"><span class='ocrx_word' id='word_1_309' title='bbox 1964 1661 2070 1715; x_wconf 90' lang='lat' dir='ltr'><strong>niis</strong></span> <span class='ocrx_word' id='word_1_310' title='bbox 2129 1663 2470 1732; x_wconf 90' lang='lat' dir='ltr'><strong>inquirendis</strong></span> <span class='ocrx_word' id='word_1_311' title='bbox 2529 1668 2645 1736; x_wconf 88' lang='lat' dir='ltr'><strong>ipse</strong></span> <span class='ocrx_word' id='word_1_312' title='bbox 2719 1685 2939 1738; x_wconf 88' lang='lat' dir='ltr'><strong>operam</strong></span> <span class='ocrx_word' id='word_1_313' title='bbox 2997 1672 3130 1726; x_wconf 86' lang='lat' dir='ltr'><strong>dare</strong></span> <span class='ocrx_word' id='word_1_314' title='bbox 3184 1673 3364 1727; x_wconf 86' lang='lat' dir='ltr'><strong>vellet.</strong></span> <span class='ocrx_word' id='word_1_315' title='bbox 3432 1672 3546 1729; x_wconf 91' lang='lat' dir='ltr'><strong>lloc</strong></span> 
     </span>
    </p>
   </div>
   <div class='ocr_carea' id='block_1_46' title="bbox 1965 1749 3545 1831">
    <p class='ocr_par' dir='ltr' id='par_1_46' title="bbox 1965 1749 3545 1831">
     <span class='ocr_line' id='line_1_46' title="bbox 1965 1749 3545 1831; baseline 0.012 -32"><span class='ocrx_word' id='word_1_316' title='bbox 1965 1749 2279 1804; x_wconf 87' lang='lat' dir='ltr'><strong>mandatum</strong></span> <span class='ocrx_word' id='word_1_317' title='bbox 2307 1763 2599 1809; x_wconf 83' lang='lat' dir='ltr'><strong>exsecutus</strong></span> <span class='ocrx_word' id='word_1_318' title='bbox 2633 1767 2716 1810; x_wconf 92' lang='lat' dir='ltr'><strong>est</strong></span> <span class='ocrx_word' id='word_1_319' title='bbox 2757 1758 3054 1814; x_wconf 90' lang='lat' dir='ltr'><strong>Tertullus.</strong></span> <span class='ocrx_word' id='word_1_320' title='bbox 3094 1761 3377 1831; x_wconf 86' lang='lat' dir='ltr'><strong>Olympius</strong></span> <span class='ocrx_word' id='word_1_321' title='bbox 3411 1778 3545 1818; x_wconf 77' lang='lat' dir='ltr'><strong>vero</strong></span> 
     </span>
    </p>
   </div>
   <div class='ocr_carea' id='block_1_47' title="bbox 1965 1841 3544 1916">
    <p class='ocr_par' dir='ltr' id='par_1_47' title="bbox 1965 1841 3544 1916">
     <span class='ocr_line' id='line_1_47' title="bbox 1965 1841 3544 1916; baseline 0.009 -24"><span class='ocrx_word' id='word_1_322' title='bbox 1965 1853 2087 1892; x_wconf 89' lang='lat' dir='ltr'><strong>cum</strong></span> <span class='ocrx_word' id='word_1_323' title='bbox 2117 1841 2348 1912; x_wconf 78' lang='lat' dir='ltr'><strong>conjuge</strong></span> <span class='ocrx_word' id='word_1_324' title='bbox 2375 1841 2668 1912; x_wconf 83' lang='lat' dir='ltr'><strong>Exuperia,</strong></span> <span class='ocrx_word' id='word_1_325' title='bbox 2701 1855 2756 1900; x_wconf 85' lang='lat' dir='ltr'><strong>et</strong></span> <span class='ocrx_word' id='word_1_326' title='bbox 2786 1848 2946 1903; x_wconf 90' lang='lat' dir='ltr'><strong>unico</strong></span> <span class='ocrx_word' id='word_1_327' title='bbox 2969 1849 3081 1902; x_wconf 88' lang='lat' dir='ltr'><strong>ﬁlio</strong></span> <span class='ocrx_word' id='word_1_328' title='bbox 3109 1849 3415 1916; x_wconf 85' lang='lat' dir='ltr'><strong>Theodulo,</strong></span> <span class='ocrx_word' id='word_1_329' title='bbox 3453 1853 3544 1907; x_wconf 85' lang='lat' dir='ltr'><strong>illa</strong></span> 
     </span>
    </p>
   </div>
   <div class='ocr_carea' id='block_1_48' title="bbox 1963 1928 3544 2012">
    <p class='ocr_par' dir='ltr' id='par_1_48' title="bbox 1963 1928 3544 2012">
     <span class='ocr_line' id='line_1_48' title="bbox 1963 1928 3544 2012; baseline 0.01 -31"><span class='ocrx_word' id='word_1_330' title='bbox 1963 1928 2081 1998; x_wconf 80' lang='lat' dir='ltr'><strong>ipsa</strong></span> <span class='ocrx_word' id='word_1_331' title='bbox 2105 1943 2267 1985; x_wconf 86' lang='lat' dir='ltr'><strong>nocte</strong></span> <span class='ocrx_word' id='word_1_332' title='bbox 2304 1945 2604 1998; x_wconf 88' lang='lat' dir='ltr'><strong>venerunt,</strong></span> <span class='ocrx_word' id='word_1_333' title='bbox 2657 1946 2712 1992; x_wconf 89' lang='lat' dir='ltr'><strong>et</strong></span> <span class='ocrx_word' id='word_1_334' title='bbox 2741 1938 2809 1992; x_wconf 89' lang='lat' dir='ltr'><strong>ad</strong></span> <span class='ocrx_word' id='word_1_335' title='bbox 2851 1940 3018 2008; x_wconf 86' lang='lat' dir='ltr'><strong>pedes</strong></span> <span class='ocrx_word' id='word_1_336' title='bbox 3065 1941 3383 2010; x_wconf 81' lang='lat' dir='ltr'><strong>Sempronii</strong></span> <span class='ocrx_word' id='word_1_337' title='bbox 3413 1957 3544 2012; x_wconf 88' lang='lat' dir='ltr'><strong>pro-</strong></span> 
     </span>
    </p>
   </div>
   <div class='ocr_carea' id='block_1_49' title="bbox 1965 2020 3537 2099">
    <p class='ocr_par' dir='ltr' id='par_1_49' title="bbox 1965 2020 3537 2099">
     <span class='ocr_line' id='line_1_49' title="bbox 1965 2020 3537 2099; baseline 0.008 -26"><span class='ocrx_word' id='word_1_338' title='bbox 1965 2021 2144 2085; x_wconf 84' lang='lat' dir='ltr'><strong>strati,</strong></span> <span class='ocrx_word' id='word_1_339' title='bbox 2180 2020 2474 2077; x_wconf 82' lang='lat' dir='ltr'><strong>dixerunt:</strong></span> <span class='ocrx_word' id='word_1_340' title='bbox 2500 2023 2609 2079; x_wconf 86' lang='lat' dir='ltr'><strong>Nos</strong></span> <span class='ocrx_word' id='word_1_341' title='bbox 2642 2028 2803 2095; x_wconf 90' lang='lat' dir='ltr'><strong>paulo</strong></span> <span class='ocrx_word' id='word_1_342' title='bbox 2833 2039 2961 2083; x_wconf 89' lang='lat' dir='ltr'><strong>ante</strong></span> <span class='ocrx_word' id='word_1_343' title='bbox 2995 2029 3197 2082; x_wconf 85' lang='lat' dir='ltr'><strong>Christi</strong></span> <span class='ocrx_word' id='word_1_344' title='bbox 3231 2033 3537 2099; x_wconf 85' lang='lat' dir='ltr'><strong>potentiam</strong></span> 
     </span>
    </p>
   </div>
   <div class='ocr_carea' id='block_1_50' title="bbox 1963 2111 3540 2193">
    <p class='ocr_par' dir='ltr' id='par_1_50' title="bbox 1963 2111 3540 2193">
     <span class='ocr_line' id='line_1_50' title="bbox 1963 2111 3540 2193; baseline 0.008 -28"><span class='ocrx_word' id='word_1_345' title='bbox 1963 2111 2344 2182; x_wconf 77' lang='lat' dir='ltr'><strong>cognovimus,</strong></span> <span class='ocrx_word' id='word_1_346' title='bbox 2375 2131 2566 2170; x_wconf 88' lang='lat' dir='ltr'><strong>verum</strong></span> <span class='ocrx_word' id='word_1_347' title='bbox 2601 2118 2810 2173; x_wconf 87' lang='lat' dir='ltr'><strong>scilicet</strong></span> <span class='ocrx_word' id='word_1_348' title='bbox 2864 2119 3032 2174; x_wconf 89' lang='lat' dir='ltr'><strong>Deum</strong></span> <span class='ocrx_word' id='word_1_349' title='bbox 3079 2121 3234 2175; x_wconf 91' lang='lat' dir='ltr'><strong>illum</strong></span> <span class='ocrx_word' id='word_1_350' title='bbox 3269 2137 3411 2187; x_wconf 85' lang='lat' dir='ltr'><strong>esse,</strong></span> <span class='ocrx_word' id='word_1_351' title='bbox 3442 2121 3540 2193; x_wconf 86' lang='lat' dir='ltr'><strong>qui</strong></span> 
     </span>
    </p>
   </div>
   <div class='ocr_carea' id='block_1_51' title="bbox 1962 2204 3545 2279">
    <p class='ocr_par' dir='ltr' id='par_1_51' title="bbox 1962 2204 3545 2279">
     <span class='ocr_line' id='line_1_51' title="bbox 1962 2204 3545 2279; baseline 0.007 -22"><span class='ocrx_word' id='word_1_352' title='bbox 1962 2204 2199 2263; x_wconf 88' lang='lat' dir='ltr'><strong>Nemesii</strong></span> <span class='ocrx_word' id='word_1_353' title='bbox 2225 2207 2426 2262; x_wconf 90' lang='lat' dir='ltr'><strong>tribuni</strong></span> <span class='ocrx_word' id='word_1_354' title='bbox 2460 2208 2578 2262; x_wconf 71' lang='lat' dir='ltr'><strong>ﬁlia:</strong></span> <span class='ocrx_word' id='word_1_355' title='bbox 2603 2210 2885 2263; x_wconf 89' lang='lat' dir='ltr'><strong>oculorum</strong></span> <span class='ocrx_word' id='word_1_356' title='bbox 2923 2210 3120 2265; x_wconf 71' lang='lat' dir='ltr'><strong>lumen”</strong></span> <span class='ocrx_word' id='word_1_357' title='bbox 3141 2212 3310 2267; x_wconf 86' lang='lat' dir='ltr'><strong>dedit.</strong></span> <span class='ocrx_word' id='word_1_358' title='bbox 3341 2212 3545 2279; x_wconf 83' lang='lat' dir='ltr'><strong>Quam-</strong></span> 
     </span>
    </p>
   </div>
   <div class='ocr_carea' id='block_1_52' title="bbox 1961 2299 3538 2372">
    <p class='ocr_par' dir='ltr' id='par_1_52' title="bbox 1961 2299 3538 2372">
     <span class='ocr_line' id='line_1_52' title="bbox 1961 2299 3538 2372; baseline 0.006 -20"><span class='ocrx_word' id='word_1_359' title='bbox 1961 2299 2148 2354; x_wconf 89' lang='lat' dir='ltr'><strong>obrem</strong></span> <span class='ocrx_word' id='word_1_360' title='bbox 2210 2310 2262 2356; x_wconf 91' lang='lat' dir='ltr'><strong>te</strong></span> <span class='ocrx_word' id='word_1_361' title='bbox 2290 2317 2599 2372; x_wconf 87' lang='lat' dir='ltr'><strong>precamur,</strong></span> <span class='ocrx_word' id='word_1_362' title='bbox 2649 2312 2707 2356; x_wconf 93' lang='lat' dir='ltr'><strong>ut</strong></span> <span class='ocrx_word' id='word_1_363' title='bbox 2752 2318 2915 2358; x_wconf 90' lang='lat' dir='ltr'><strong>cures</strong></span> <span class='ocrx_word' id='word_1_364' title='bbox 2966 2305 3125 2359; x_wconf 91' lang='lat' dir='ltr'><strong>nobis</strong></span> <span class='ocrx_word' id='word_1_365' title='bbox 3152 2306 3265 2360; x_wconf 90' lang='lat' dir='ltr'><strong>dari</strong></span> <span class='ocrx_word' id='word_1_366' title='bbox 3300 2307 3538 2362; x_wconf 82' lang='lat' dir='ltr'><strong>salutare</strong></span> 
     </span>
    </p>
   </div>
   <div class='ocr_carea' id='block_1_53' title="bbox 1960 2389 3539 2468">
    <p class='ocr_par' dir='ltr' id='par_1_53' title="bbox 1960 2389 3539 2468">
     <span class='ocr_line' id='line_1_53' title="bbox 1960 2389 3539 2468; baseline 0.006 -24"><span class='ocrx_word' id='word_1_367' title='bbox 1960 2389 2230 2460; x_wconf 84' lang='lat' dir='ltr'><strong>baptisma</strong></span> <span class='ocrx_word' id='word_1_368' title='bbox 2261 2392 2318 2446; x_wconf 90' lang='lat' dir='ltr'><strong>in</strong></span> <span class='ocrx_word' id='word_1_369' title='bbox 2354 2393 2575 2447; x_wconf 87' lang='lat' dir='ltr'><strong>nomine</strong></span> <span class='ocrx_word' id='word_1_370' title='bbox 2614 2393 2743 2447; x_wconf 82' lang='lat' dir='ltr'><strong>.lesu</strong></span> <span class='ocrx_word' id='word_1_371' title='bbox 2779 2394 3011 2456; x_wconf 84' lang='lat' dir='ltr'><strong>Christi,</strong></span> <span class='ocrx_word' id='word_1_372' title='bbox 3048 2413 3214 2466; x_wconf 88' lang='lat' dir='ltr'><strong>quem</strong></span> <span class='ocrx_word' id='word_1_373' title='bbox 3246 2407 3302 2452; x_wconf 94' lang='lat' dir='ltr'><strong>tu</strong></span> <span class='ocrx_word' id='word_1_374' title='bbox 3338 2401 3539 2468; x_wconf 68' lang='lat' dir='ltr'><strong>praedi-</strong></span> 
     </span>
    </p>
   </div>
   <div class='ocr_carea' id='block_1_54' title="bbox 1961 2480 3543 2560">
    <p class='ocr_par' dir='ltr' id='par_1_54' title="bbox 1961 2480 3543 2560">
     <span class='ocr_line' id='line_1_54' title="bbox 1961 2480 3543 2560; baseline 0.008 -27"><span class='ocrx_word' id='word_1_375' title='bbox 1961 2494 2072 2534; x_wconf 90' lang='lat' dir='ltr'><strong>cas.</strong></span> <span class='ocrx_word' id='word_1_376' title='bbox 2102 2480 2403 2552; x_wconf 77' lang='lat' dir='ltr'><strong>Respondit</strong></span> <span class='ocrx_word' id='word_1_377' title='bbox 2435 2484 2830 2552; x_wconf 83' lang='lat' dir='ltr'><strong>Sempronius:</strong></span> <span class='ocrx_word' id='word_1_378' title='bbox 2869 2485 2930 2539; x_wconf 91' lang='lat' dir='ltr'><strong>Si</strong></span> <span class='ocrx_word' id='word_1_379' title='bbox 2969 2488 3350 2555; x_wconf 69' lang='lat' dir='ltr'><strong>paenitentiam</strong></span> <span class='ocrx_word' id='word_1_380' title='bbox 3383 2489 3543 2560; x_wconf 87' lang='lat' dir='ltr'><strong>agitis</strong></span> 
     </span>
    </p>
   </div>
   <div class='ocr_carea' id='block_1_55' title="bbox 1961 2575 3544 2649">
    <p class='ocr_par' dir='ltr' id='par_1_55' title="bbox 1961 2575 3544 2649">
     <span class='ocr_line' id='line_1_55' title="bbox 1961 2575 3544 2649; baseline 0.006 -21"><span class='ocrx_word' id='word_1_381' title='bbox 1961 2589 2026 2629; x_wconf 86' lang='lat' dir='ltr'><strong>ex</strong></span> <span class='ocrx_word' id='word_1_382' title='bbox 2065 2582 2179 2628; x_wconf 91' lang='lat' dir='ltr'><strong>toto</strong></span> <span class='ocrx_word' id='word_1_383' title='bbox 2211 2575 2375 2630; x_wconf 89' lang='lat' dir='ltr'><strong>corde</strong></span> <span class='ocrx_word' id='word_1_384' title='bbox 2405 2587 2610 2641; x_wconf 89' lang='lat' dir='ltr'><strong>vestro,</strong></span> <span class='ocrx_word' id='word_1_385' title='bbox 2657 2576 2930 2647; x_wconf 83' lang='lat' dir='ltr'><strong>benignus</strong></span> <span class='ocrx_word' id='word_1_386' title='bbox 2966 2587 3050 2632; x_wconf 89' lang='lat' dir='ltr'><strong>est</strong></span> <span class='ocrx_word' id='word_1_387' title='bbox 3107 2581 3253 2635; x_wconf 90' lang='lat' dir='ltr'><strong>Deus</strong></span> <span class='ocrx_word' id='word_1_388' title='bbox 3281 2598 3458 2649; x_wconf 87' lang='lat' dir='ltr'><strong>meus,</strong></span> <span class='ocrx_word' id='word_1_389' title='bbox 3487 2592 3544 2638; x_wconf 89' lang='lat' dir='ltr'><strong>ct</strong></span> 
     </span>
    </p>
   </div>
   <div class='ocr_carea' id='block_1_56' title="bbox 1961 2666 3533 2744">
    <p class='ocr_par' dir='ltr' id='par_1_56' title="bbox 1961 2666 3533 2744">
     <span class='ocr_line' id='line_1_56' title="bbox 1961 2666 3533 2744; baseline 0.007 -25"><span class='ocrx_word' id='word_1_390' title='bbox 1961 2666 2191 2736; x_wconf 84' lang='lat' dir='ltr'><strong>accipiet</strong></span> <span class='ocrx_word' id='word_1_391' title='bbox 2213 2682 2308 2722; x_wconf 89' lang='lat' dir='ltr'><strong>vos</strong></span> <span class='ocrx_word' id='word_1_392' title='bbox 2351 2668 2728 2737; x_wconf 80' lang='lat' dir='ltr'><strong>paenitentiam</strong></span> <span class='ocrx_word' id='word_1_393' title='bbox 2757 2682 3001 2736; x_wconf 81' lang='lat' dir='ltr'><strong>agentes.</strong></span> <span class='ocrx_word' id='word_1_394' title='bbox 3029 2672 3186 2728; x_wconf 92' lang='lat' dir='ltr'><strong>Tunc</strong></span> <span class='ocrx_word' id='word_1_395' title='bbox 3211 2671 3495 2744; x_wconf 81' lang='lat' dir='ltr'><strong>Olympius</strong></span> <span class='ocrx_word' id='word_1_396' title='bbox 3519 2691 3533 2730; x_wconf 90' lang='lat'><strong>:</strong></span> 
     </span>
    </p>
   </div>
   <div class='ocr_carea' id='block_1_57' title="bbox 1959 2759 3542 2831">
    <p class='ocr_par' dir='ltr' id='par_1_57' title="bbox 1959 2759 3542 2831">
     <span class='ocr_line' id='line_1_57' title="bbox 1959 2759 3542 2831; baseline 0.006 -17"><span class='ocrx_word' id='word_1_397' title='bbox 1959 2759 2210 2830; x_wconf 88' lang='lat' dir='ltr'><strong>Jamjam,</strong></span> <span class='ocrx_word' id='word_1_398' title='bbox 2244 2761 2441 2831; x_wconf 90' lang='lat' dir='ltr'><strong>inquit,</strong></span> <span class='ocrx_word' id='word_1_399' title='bbox 2492 2761 2710 2827; x_wconf 89' lang='lat' dir='ltr'><strong>faciam,</strong></span> <span class='ocrx_word' id='word_1_400' title='bbox 2760 2772 2818 2816; x_wconf 90' lang='lat' dir='ltr'><strong>ut</strong></span> <span class='ocrx_word' id='word_1_401' title='bbox 2857 2764 3048 2818; x_wconf 86' lang='lat' dir='ltr'><strong>credas</strong></span> <span class='ocrx_word' id='word_1_402' title='bbox 3082 2781 3166 2820; x_wconf 91' lang='lat' dir='ltr'><strong>me</strong></span> <span class='ocrx_word' id='word_1_403' title='bbox 3219 2776 3332 2822; x_wconf 92' lang='lat' dir='ltr'><strong>toto</strong></span> <span class='ocrx_word' id='word_1_404' title='bbox 3375 2768 3542 2824; x_wconf 83' lang='lat' dir='ltr'><strong>corde</strong></span> 
     </span>
    </p>
   </div>
   <div class='ocr_carea' id='block_1_58' title="bbox 1959 2851 3535 2924">
    <p class='ocr_par' dir='ltr' id='par_1_58' title="bbox 1959 2851 3535 2924">
     <span class='ocr_line' id='line_1_58' title="bbox 1959 2851 3535 2924; baseline 0.004 -16"><span class='ocrx_word' id='word_1_405' title='bbox 1959 2851 2164 2908; x_wconf 87' lang='lat' dir='ltr'><strong>Christi</strong></span> <span class='ocrx_word' id='word_1_406' title='bbox 2196 2853 2288 2907; x_wconf 90' lang='lat' dir='ltr'><strong>Dei</strong></span> <span class='ocrx_word' id='word_1_407' title='bbox 2313 2853 2476 2909; x_wconf 90' lang='lat' dir='ltr'><strong>ﬁdem</strong></span> <span class='ocrx_word' id='word_1_408' title='bbox 2517 2856 2694 2924; x_wconf 84' lang='lat' dir='ltr'><strong>sequi.</strong></span> <span class='ocrx_word' id='word_1_409' title='bbox 2724 2853 2852 2909; x_wconf 75' lang='lat' dir='ltr'><strong>Haec</strong></span> <span class='ocrx_word' id='word_1_410' title='bbox 2879 2855 3041 2923; x_wconf 80' lang='lat' dir='ltr'><strong>dixit,</strong></span> <span class='ocrx_word' id='word_1_411' title='bbox 3071 2867 3127 2913; x_wconf 90' lang='lat' dir='ltr'><strong>et</strong></span> <span class='ocrx_word' id='word_1_412' title='bbox 3156 2860 3342 2914; x_wconf 78' lang='lat' dir='ltr'><strong>Statim</strong></span> <span class='ocrx_word' id='word_1_413' title='bbox 3372 2861 3535 2916; x_wconf 79' lang='lat' dir='ltr'><strong>cubi-</strong></span> 
     </span>
    </p>
   </div>
   <div class='ocr_carea' id='block_1_59' title="bbox 1960 2946 3545 3020">
    <p class='ocr_par' dir='ltr' id='par_1_59' title="bbox 1960 2946 3545 3020">
     <span class='ocr_line' id='line_1_59' title="bbox 1960 2946 3545 3020; baseline 0.009 -22"><span class='ocrx_word' id='word_1_414' title='bbox 1960 2946 2143 2999; x_wconf 90' lang='lat' dir='ltr'><strong>culum</strong></span> <span class='ocrx_word' id='word_1_415' title='bbox 2188 2947 2466 3017; x_wconf 74' lang='lat' dir='ltr'><strong>patefecit,</strong></span> <span class='ocrx_word' id='word_1_416' title='bbox 2513 2949 2567 3004; x_wconf 93' lang='lat' dir='ltr'><strong>in</strong></span> <span class='ocrx_word' id='word_1_417' title='bbox 2619 2966 2728 3020; x_wconf 92' lang='lat' dir='ltr'><strong>quo</strong></span> <span class='ocrx_word' id='word_1_418' title='bbox 2781 2951 3019 3008; x_wconf 87' lang='lat' dir='ltr'><strong>habebat</strong></span> <span class='ocrx_word' id='word_1_419' title='bbox 3071 2955 3243 3010; x_wconf 91' lang='lat' dir='ltr'><strong>multa</strong></span> <span class='ocrx_word' id='word_1_420' title='bbox 3295 2966 3350 3010; x_wconf 92' lang='lat' dir='ltr'><strong>et</strong></span> <span class='ocrx_word' id='word_1_421' title='bbox 3394 2957 3545 3012; x_wconf 90' lang='lat' dir='ltr'><strong>varia</strong></span> 
     </span>
    </p>
   </div>
   <div class='ocr_carea' id='block_1_60' title="bbox 1960 3035 3539 3117">
    <p class='ocr_par' dir='ltr' id='par_1_60' title="bbox 1960 3035 3539 3117">
     <span class='ocr_line' id='line_1_60' title="bbox 1960 3035 3539 3117; baseline 0.009 -28"><span class='ocrx_word' id='word_1_422' title='bbox 1960 3035 2126 3093; x_wconf 88' lang='lat' dir='ltr'><strong>idola.</strong></span> <span class='ocrx_word' id='word_1_423' title='bbox 2163 3038 2370 3106; x_wconf 88' lang='lat' dir='ltr'><strong>Quibus</strong></span> <span class='ocrx_word' id='word_1_424' title='bbox 2397 3041 2636 3096; x_wconf 82' lang='lat' dir='ltr'><strong>ostensis</strong></span> <span class='ocrx_word' id='word_1_425' title='bbox 2670 3061 2682 3096; x_wconf 92' lang='lat'>:</span> <span class='ocrx_word' id='word_1_426' title='bbox 2713 3041 2818 3110; x_wconf 84' lang='lat' dir='ltr'><strong>En,</strong></span> <span class='ocrx_word' id='word_1_427' title='bbox 2844 3043 3040 3114; x_wconf 90' lang='lat' dir='ltr'><strong>inquit,</strong></span> <span class='ocrx_word' id='word_1_428' title='bbox 3075 3045 3388 3117; x_wconf 87' lang='lat' dir='ltr'><strong>Semproni,</strong></span> <span class='ocrx_word' id='word_1_429' title='bbox 3422 3049 3539 3104; x_wconf 82' lang='lat' dir='ltr'><strong>haec</strong></span> 
     </span>
    </p>
   </div>
   <div class='ocr_carea' id='block_1_61' title="bbox 276 3134 3527 3220">
    <p class='ocr_par' dir='ltr' id='par_1_61' title="bbox 276 3134 3527 3220">
     <span class='ocr_line' id='line_1_61' title="bbox 276 3134 3527 3220; baseline 0.003 -35"><span class='ocrx_word' id='word_1_430' title='bbox 276 3141 647 3202; x_wconf 82' lang='lat' dir='ltr'><strong>torqueretur,</strong></span> <span class='ocrx_word' id='word_1_431' title='bbox 687 3143 742 3187; x_wconf 88' lang='lat' dir='ltr'><strong>et</strong></span> <span class='ocrx_word' id='word_1_432' title='bbox 779 3134 845 3189; x_wconf 89' lang='lat' dir='ltr'><strong>de</strong></span> <span class='ocrx_word' id='word_1_433' title='bbox 879 3135 1102 3190; x_wconf 91' lang='lat' dir='ltr'><strong>domino</strong></span> <span class='ocrx_word' id='word_1_434' title='bbox 1146 3136 1320 3206; x_wconf 91' lang='lat' dir='ltr'><strong>ipsius</strong></span> <span class='ocrx_word' id='word_1_435' title='bbox 1366 3152 1464 3206; x_wconf 88' lang='lat' dir='ltr'><strong>per</strong></span> <span class='ocrx_word' id='word_1_436' title='bbox 1507 3153 1633 3194; x_wconf 91' lang='lat' dir='ltr'><strong>eum</strong></span> <span class='ocrx_word' id='word_1_437' title='bbox 1677 3140 1860 3211; x_wconf 79' lang='lat' dir='ltr'><strong>inqui-</strong></span> <span class='ocrx_word' id='word_1_438' title='bbox 1885 3157 1930 3220; x_wconf 68' lang='grc' dir='ltr'><strong>ρ</strong></span> <span class='ocrx_word' id='word_1_439' title='bbox 1963 3134 2145 3186; x_wconf 91' lang='lat' dir='ltr'><strong>omnia</strong></span> <span class='ocrx_word' id='word_1_440' title='bbox 2187 3135 2474 3220; x_wconf 66' lang='lat' dir='ltr'><strong>simulacra</strong></span> <span class='ocrx_word' id='word_1_441' title='bbox 2512 3136 2566 3189; x_wconf 94' lang='lat' dir='ltr'><strong>in</strong></span> <span class='ocrx_word' id='word_1_442' title='bbox 2603 3145 2878 3206; x_wconf 88' lang='lat' dir='ltr'><strong>potestate</strong></span> <span class='ocrx_word' id='word_1_443' title='bbox 2919 3147 3010 3193; x_wconf 91' lang='lat' dir='ltr'><strong>tua</strong></span> <span class='ocrx_word' id='word_1_444' title='bbox 3068 3149 3198 3194; x_wconf 91' lang='lat' dir='ltr'><strong>sunt</strong></span> <span class='ocrx_word' id='word_1_445' title='bbox 3244 3157 3260 3196; x_wconf 88' lang='lat'><strong>:</strong></span> <span class='ocrx_word' id='word_1_446' title='bbox 3302 3142 3387 3196; x_wconf 87' lang='lat' dir='ltr'><strong>fac</strong></span> <span class='ocrx_word' id='word_1_447' title='bbox 3422 3142 3527 3196; x_wconf 82' lang='lat' dir='ltr'><strong>ill&#39;s</strong></span> 
     </span>
    </p>
   </div>
   <div class='ocr_carea' id='block_1_62' title="bbox 275 3225 1867 3304">
    <p class='ocr_par' dir='ltr' id='par_1_62' title="bbox 275 3225 1867 3304">
     <span class='ocr_line' id='line_1_62' title="bbox 275 3225 1867 3304; baseline 0.008 -25"><span class='ocrx_word' id='word_1_448' title='bbox 275 3234 512 3279; x_wconf 89' lang='lat' dir='ltr'><strong>reretur.</strong></span> <span class='ocrx_word' id='word_1_449' title='bbox 549 3225 705 3280; x_wconf 86' lang='lat' dir='ltr'><strong>illum</strong></span> <span class='ocrx_word' id='word_1_450' title='bbox 741 3226 906 3298; x_wconf 88' lang='lat' dir='ltr'><strong>igitur</strong></span> <span class='ocrx_word' id='word_1_451' title='bbox 935 3228 1217 3299; x_wconf 85' lang='lat' dir='ltr'><strong>Olympius</strong></span> <span class='ocrx_word' id='word_1_452' title='bbox 1239 3231 1343 3300; x_wconf 58' lang='lat' dir='ltr'><strong>{his</strong></span> <span class='ocrx_word' id='word_1_453' title='bbox 1375 3232 1554 3288; x_wconf 87' lang='lat' dir='ltr'><strong>verbis</strong></span> <span class='ocrx_word' id='word_1_454' title='bbox 1578 3249 1867 3304; x_wconf 77' lang='lat' dir='ltr'><strong>aggressus</strong></span> 
     </span>
    </p>
   </div>
   <div class='ocr_carea' id='block_1_63' title="bbox 275 3316 1860 3387">
    <p class='ocr_par' dir='ltr' id='par_1_63' title="bbox 275 3316 1860 3387">
     <span class='ocr_line' id='line_1_63' title="bbox 275 3316 1860 3387; baseline 0.006 -15"><span class='ocrx_word' id='word_1_455' title='bbox 275 3325 362 3372; x_wconf 90' lang='lat' dir='ltr'><strong>est</strong></span> <span class='ocrx_word' id='word_1_456' title='bbox 414 3316 750 3372; x_wconf 83' lang='lat' dir='ltr'><strong>:Novisline</strong></span> <span class='ocrx_word' id='word_1_457' title='bbox 785 3335 889 3387; x_wconf 90' lang='lat' dir='ltr'><strong>qua</strong></span> <span class='ocrx_word' id='word_1_458' title='bbox 931 3320 999 3374; x_wconf 93' lang='lat' dir='ltr'><strong>de</strong></span> <span class='ocrx_word' id='word_1_459' title='bbox 1052 3336 1216 3375; x_wconf 85' lang='lat' dir='ltr'><strong>causa</strong></span> <span class='ocrx_word' id='word_1_460' title='bbox 1271 3323 1361 3377; x_wconf 84' lang='lat' dir='ltr'><strong>hic</strong></span> <span class='ocrx_word' id='word_1_461' title='bbox 1404 3335 1531 3380; x_wconf 89' lang='lat' dir='ltr'><strong>ante</strong></span> <span class='ocrx_word' id='word_1_462' title='bbox 1575 3341 1677 3380; x_wconf 88' lang='lat' dir='ltr'><strong>nos</strong></span> <span class='ocrx_word' id='word_1_463' title='bbox 1723 3343 1860 3382; x_wconf 83' lang='lat' dir='ltr'><strong>con-</strong></span> 
     </span>
    </p>
   </div>
   <div class='ocr_carea' id='block_1_64' title="bbox 275 3406 1868 3484">
    <p class='ocr_par' dir='ltr' id='par_1_64' title="bbox 275 3406 1868 3484">
     <span class='ocr_line' id='line_1_64' title="bbox 275 3406 1868 3484; baseline 0.006 -23"><span class='ocrx_word' id='word_1_464' title='bbox 275 3406 507 3461; x_wconf 75' lang='lat' dir='ltr'><strong>stitutus</strong></span> <span class='ocrx_word' id='word_1_465' title='bbox 537 3422 597 3462; x_wconf 90' lang='lat' dir='ltr'><strong>es</strong></span> <span class='ocrx_word' id='word_1_466' title='bbox 625 3407 648 3460; x_wconf 88' lang='lat'><strong>?</strong></span> <span class='ocrx_word' id='word_1_467' title='bbox 693 3406 821 3463; x_wconf 70' lang='lat' dir='ltr'><strong>Haec</strong></span> <span class='ocrx_word' id='word_1_468' title='bbox 848 3408 936 3463; x_wconf 91' lang='lat' dir='ltr'><strong>ille</strong></span> <span class='ocrx_word' id='word_1_469' title='bbox 963 3409 1058 3464; x_wconf 89' lang='lat' dir='ltr'><strong>ait.</strong></span> <span class='ocrx_word' id='word_1_470' title='bbox 1083 3411 1163 3466; x_wconf 79' lang='lat' dir='ltr'><strong>Ad</strong></span> <span class='ocrx_word' id='word_1_471' title='bbox 1189 3427 1310 3481; x_wconf 67' lang='lat' dir='ltr'><strong>quae</strong></span> <span class='ocrx_word' id='word_1_472' title='bbox 1341 3411 1695 3484; x_wconf 89' lang='lat' dir='ltr'><strong>Sempronius</strong></span> <span class='ocrx_word' id='word_1_473' title='bbox 1728 3417 1868 3471; x_wconf 88' lang='lat' dir='ltr'><strong>nihil</strong></span> 
     </span>
    </p>
   </div>
   <div class='ocr_carea' id='block_1_65' title="bbox 273 3497 1856 3576">
    <p class='ocr_par' dir='ltr' id='par_1_65' title="bbox 273 3497 1856 3576">
     <span class='ocr_line' id='line_1_65' title="bbox 273 3497 1856 3576; baseline 0.007 -24"><span class='ocrx_word' id='word_1_474' title='bbox 273 3498 585 3568; x_wconf 83' lang='lat' dir='ltr'><strong>respondit.</strong></span> <span class='ocrx_word' id='word_1_475' title='bbox 619 3497 729 3553; x_wconf 92' lang='lat' dir='ltr'><strong>Sed</strong></span> <span class='ocrx_word' id='word_1_476' title='bbox 771 3499 1131 3556; x_wconf 91' lang='lat' dir='ltr'><strong>nihilominus</strong></span> <span class='ocrx_word' id='word_1_477' title='bbox 1182 3502 1467 3574; x_wconf 86' lang='lat' dir='ltr'><strong>Olympius</strong></span> <span class='ocrx_word' id='word_1_478' title='bbox 1507 3524 1520 3561; x_wconf 90' lang='lat'><strong>:</strong></span> <span class='ocrx_word' id='word_1_479' title='bbox 1570 3506 1856 3576; x_wconf 86' lang='lat' dir='ltr'><strong>Ausculta,</strong></span> 
     </span>
    </p>
   </div>
   <div class='ocr_carea' id='block_1_66' title="bbox 271 3589 1867 3669">
    <p class='ocr_par' dir='ltr' id='par_1_66' title="bbox 271 3589 1867 3669">
     <span class='ocr_line' id='line_1_66' title="bbox 271 3589 1867 3669; baseline 0.008 -25"><span class='ocrx_word' id='word_1_480' title='bbox 271 3589 477 3661; x_wconf 87' lang='lat' dir='ltr'><strong>inquit,</strong></span> <span class='ocrx_word' id='word_1_481' title='bbox 529 3591 844 3663; x_wconf 90' lang='lat' dir='ltr'><strong>Semproni,</strong></span> <span class='ocrx_word' id='word_1_482' title='bbox 883 3603 940 3648; x_wconf 91' lang='lat' dir='ltr'><strong>et</strong></span> <span class='ocrx_word' id='word_1_483' title='bbox 969 3593 1056 3648; x_wconf 88' lang='lat' dir='ltr'><strong>fac</strong></span> <span class='ocrx_word' id='word_1_484' title='bbox 1087 3596 1232 3665; x_wconf 92' lang='lat' dir='ltr'><strong>quod</strong></span> <span class='ocrx_word' id='word_1_485' title='bbox 1269 3597 1466 3666; x_wconf 90' lang='lat' dir='ltr'><strong>jubent</strong></span> <span class='ocrx_word' id='word_1_486' title='bbox 1503 3599 1867 3669; x_wconf 87' lang='lat' dir='ltr'><strong>imperatores</strong></span> 
     </span>
    </p>
   </div>
   <div class='ocr_carea' id='block_1_67' title="bbox 271 3685 1866 3750">
    <p class='ocr_par' dir='ltr' id='par_1_67' title="bbox 271 3685 1866 3750">
     <span class='ocr_line' id='line_1_67' title="bbox 271 3685 1866 3750; baseline 0.006 -13"><span class='ocrx_word' id='word_1_487' title='bbox 271 3686 454 3738; x_wconf 88' lang='lat' dir='ltr'><strong>nostri</strong></span> <span class='ocrx_word' id='word_1_488' title='bbox 486 3685 616 3740; x_wconf 88' lang='lat' dir='ltr'><strong>:sin</strong></span> <span class='ocrx_word' id='word_1_489' title='bbox 661 3685 867 3750; x_wconf 90' lang='lat' dir='ltr'><strong>minus,</strong></span> <span class='ocrx_word' id='word_1_490' title='bbox 910 3687 1100 3740; x_wconf 89' lang='lat' dir='ltr'><strong>multis</strong></span> <span class='ocrx_word' id='word_1_491' title='bbox 1131 3695 1186 3741; x_wconf 88' lang='lat' dir='ltr'><strong>et</strong></span> <span class='ocrx_word' id='word_1_492' title='bbox 1216 3689 1382 3743; x_wconf 88' lang='lat' dir='ltr'><strong>variis</strong></span> <span class='ocrx_word' id='word_1_493' title='bbox 1416 3692 1706 3745; x_wconf 87' lang='lat' dir='ltr'><strong>tormentis</strong></span> <span class='ocrx_word' id='word_1_494' title='bbox 1738 3707 1866 3746; x_wconf 90' lang='lat' dir='ltr'><strong>cru-</strong></span> 
     </span>
    </p>
   </div>
   <div class='ocr_carea' id='block_1_68' title="bbox 271 3775 1861 3849">
    <p class='ocr_par' dir='ltr' id='par_1_68' title="bbox 271 3775 1861 3849">
     <span class='ocr_line' id='line_1_68' title="bbox 271 3775 1861 3849; baseline 0.006 -20"><span class='ocrx_word' id='word_1_495' title='bbox 271 3777 535 3831; x_wconf 88' lang='lat' dir='ltr'><strong>ciaberis.</strong></span> <span class='ocrx_word' id='word_1_496' title='bbox 569 3775 838 3832; x_wconf 89' lang='lat' dir='ltr'><strong>Ostendas</strong></span> <span class='ocrx_word' id='word_1_497' title='bbox 875 3778 1040 3849; x_wconf 87' lang='lat' dir='ltr'><strong>igitur</strong></span> <span class='ocrx_word' id='word_1_498' title='bbox 1085 3780 1243 3833; x_wconf 88' lang='lat' dir='ltr'><strong>nobis</strong></span> <span class='ocrx_word' id='word_1_499' title='bbox 1270 3780 1510 3836; x_wconf 80' lang='lat' dir='ltr'><strong>Nemesii</strong></span> <span class='ocrx_word' id='word_1_500' title='bbox 1543 3782 1747 3837; x_wconf 89' lang='lat' dir='ltr'><strong>domini</strong></span> <span class='ocrx_word' id='word_1_501' title='bbox 1781 3785 1861 3838; x_wconf 91' lang='lat' dir='ltr'><strong>tui</strong></span> 
     </span>
    </p>
   </div>
   <div class='ocr_carea' id='block_1_69' title="bbox 273 3867 1860 3941">
    <p class='ocr_par' dir='ltr' id='par_1_69' title="bbox 273 3867 1860 3941">
     <span class='ocr_line' id='line_1_69' title="bbox 273 3867 1860 3941; baseline 0.005 -20"><span class='ocrx_word' id='word_1_502' title='bbox 273 3867 591 3934; x_wconf 78' lang='lat' dir='ltr'><strong>facultates,</strong></span> <span class='ocrx_word' id='word_1_503' title='bbox 639 3869 838 3924; x_wconf 87' lang='lat' dir='ltr'><strong>deinde</strong></span> <span class='ocrx_word' id='word_1_504' title='bbox 864 3886 994 3924; x_wconf 89' lang='lat' dir='ltr'><strong>vero</strong></span> <span class='ocrx_word' id='word_1_505' title='bbox 1022 3871 1272 3941; x_wconf 88' lang='lat' dir='ltr'><strong>propitiis</strong></span> <span class='ocrx_word' id='word_1_506' title='bbox 1297 3874 1520 3926; x_wconf 87' lang='lat' dir='ltr'><strong>deorum</strong></span> <span class='ocrx_word' id='word_1_507' title='bbox 1550 3885 1860 3929; x_wconf 88' lang='lat' dir='ltr'><strong>nostrorum</strong></span> 
     </span>
    </p>
   </div>
   <div class='ocr_carea' id='block_1_70' title="bbox 270 3962 1863 4036">
    <p class='ocr_par' dir='ltr' id='par_1_70' title="bbox 270 3962 1863 4036">
     <span class='ocr_line' id='line_1_70' title="bbox 270 3962 1863 4036; baseline 0.005 -22"><span class='ocrx_word' id='word_1_508' title='bbox 270 3962 602 4016; x_wconf 86' lang='lat' dir='ltr'><strong>numinibus</strong></span> <span class='ocrx_word' id='word_1_509' title='bbox 623 3963 925 4016; x_wconf 77' lang='lat' dir='ltr'><strong>sacriﬁcos.</strong></span> <span class='ocrx_word' id='word_1_510' title='bbox 946 3963 1027 4018; x_wconf 79' lang='lat' dir='ltr'><strong>Ad</strong></span> <span class='ocrx_word' id='word_1_511' title='bbox 1053 3965 1166 4019; x_wconf 77' lang='lat' dir='ltr'><strong>haec</strong></span> <span class='ocrx_word' id='word_1_512' title='bbox 1193 3963 1587 4036; x_wconf 88' lang='lat' dir='ltr'><strong>Sempronius:</strong></span> <span class='ocrx_word' id='word_1_513' title='bbox 1614 3969 1666 4022; x_wconf 92' lang='lat' dir='ltr'><strong>Si</strong></span> <span class='ocrx_word' id='word_1_514' title='bbox 1694 3969 1863 4023; x_wconf 83' lang='lat' dir='ltr'><strong>facul-</strong></span> 
     </span>
    </p>
   </div>
   <div class='ocr_carea' id='block_1_71' title="bbox 271 4051 1860 4123">
    <p class='ocr_par' dir='ltr' id='par_1_71' title="bbox 271 4051 1860 4123">
     <span class='ocr_line' id='line_1_71' title="bbox 271 4051 1860 4123; baseline 0.004 -17"><span class='ocrx_word' id='word_1_515' title='bbox 271 4062 418 4108; x_wconf 86' lang='lat' dir='ltr'><strong>tates</strong></span> <span class='ocrx_word' id='word_1_516' title='bbox 448 4051 658 4106; x_wconf 90' lang='lat' dir='ltr'><strong>domini</strong></span> <span class='ocrx_word' id='word_1_517' title='bbox 688 4053 794 4107; x_wconf 89' lang='lat' dir='ltr'><strong>mei</strong></span> <span class='ocrx_word' id='word_1_518' title='bbox 831 4053 1069 4108; x_wconf 84' lang='lat' dir='ltr'><strong>Nemesii</strong></span> <span class='ocrx_word' id='word_1_519' title='bbox 1104 4056 1359 4123; x_wconf 89' lang='lat' dir='ltr'><strong>requiris,</strong></span> <span class='ocrx_word' id='word_1_520' title='bbox 1400 4057 1535 4111; x_wconf 91' lang='lat' dir='ltr'><strong>scito</strong></span> <span class='ocrx_word' id='word_1_521' title='bbox 1564 4059 1681 4112; x_wconf 88' lang='lat' dir='ltr'><strong>illas</strong></span> <span class='ocrx_word' id='word_1_522' title='bbox 1709 4076 1737 4113; x_wconf 91' lang='lat' dir='ltr'><strong>a</strong></span> <span class='ocrx_word' id='word_1_523' title='bbox 1774 4075 1860 4114; x_wconf 89' lang='lat' dir='ltr'><strong>me</strong></span> 
     </span>
    </p>
   </div>
   <div class='ocr_carea' id='block_1_72' title="bbox 271 4143 1860 4212">
    <p class='ocr_par' dir='ltr' id='par_1_72' title="bbox 271 4143 1860 4212">
     <span class='ocr_line' id='line_1_72' title="bbox 271 4143 1860 4212; baseline 0.005 -16"><span class='ocrx_word' id='word_1_524' title='bbox 271 4144 501 4198; x_wconf 86' lang='lat' dir='ltr'><strong>Christo</strong></span> <span class='ocrx_word' id='word_1_525' title='bbox 529 4143 701 4199; x_wconf 87' lang='lat' dir='ltr'><strong>fuisse</strong></span> <span class='ocrx_word' id='word_1_526' title='bbox 731 4145 977 4212; x_wconf 88' lang='lat' dir='ltr'><strong>oblatas;</strong></span> <span class='ocrx_word' id='word_1_527' title='bbox 1009 4161 1118 4200; x_wconf 91' lang='lat' dir='ltr'><strong>non</strong></span> <span class='ocrx_word' id='word_1_528' title='bbox 1154 4147 1300 4200; x_wconf 89' lang='lat' dir='ltr'><strong>enim</strong></span> <span class='ocrx_word' id='word_1_529' title='bbox 1337 4157 1546 4211; x_wconf 88' lang='lat' dir='ltr'><strong>nostra,</strong></span> <span class='ocrx_word' id='word_1_530' title='bbox 1579 4149 1674 4203; x_wconf 90' lang='lat' dir='ltr'><strong>sed</strong></span> <span class='ocrx_word' id='word_1_531' title='bbox 1716 4149 1860 4204; x_wconf 88' lang='lat' dir='ltr'><strong>illius</strong></span> 
     </span>
    </p>
   </div>
   <div class='ocr_carea' id='block_1_73' title="bbox 276 4235 1860 4304">
    <p class='ocr_par' dir='ltr' id='par_1_73' title="bbox 276 4235 1860 4304">
     <span class='ocr_line' id='line_1_73' title="bbox 276 4235 1860 4304; baseline 0.006 -17"><span class='ocrx_word' id='word_1_532' title='bbox 276 4243 434 4290; x_wconf 86' lang='lat' dir='ltr'><strong>erant</strong></span> <span class='ocrx_word' id='word_1_533' title='bbox 466 4236 628 4289; x_wconf 90' lang='lat' dir='ltr'><strong>bona.</strong></span> <span class='ocrx_word' id='word_1_534' title='bbox 657 4235 813 4301; x_wconf 83' lang='lat' dir='ltr'><strong>Quod</strong></span> <span class='ocrx_word' id='word_1_535' title='bbox 839 4253 964 4292; x_wconf 90' lang='lat' dir='ltr'><strong>vero</strong></span> <span class='ocrx_word' id='word_1_536' title='bbox 993 4239 1131 4292; x_wconf 90' lang='lat' dir='ltr'><strong>dicis</strong></span> <span class='ocrx_word' id='word_1_537' title='bbox 1173 4247 1228 4294; x_wconf 90' lang='lat' dir='ltr'><strong>et</strong></span> <span class='ocrx_word' id='word_1_538' title='bbox 1259 4255 1344 4294; x_wconf 88' lang='lat' dir='ltr'><strong>me</strong></span> <span class='ocrx_word' id='word_1_539' title='bbox 1371 4241 1626 4304; x_wconf 86' lang='lat' dir='ltr'><strong>hortaris,</strong></span> <span class='ocrx_word' id='word_1_540' title='bbox 1671 4249 1727 4295; x_wconf 90' lang='lat' dir='ltr'><strong>ut</strong></span> <span class='ocrx_word' id='word_1_541' title='bbox 1759 4243 1860 4297; x_wconf 89' lang='lat' dir='ltr'><strong>diis</strong></span> 
     </span>
    </p>
   </div>
   <div class='ocr_carea' id='block_1_74' title="bbox 277 4326 1856 4393">
    <p class='ocr_par' dir='ltr' id='par_1_74' title="bbox 277 4326 1856 4393">
     <span class='ocr_line' id='line_1_74' title="bbox 277 4326 1856 4393; baseline 0.004 -10"><span class='ocrx_word' id='word_1_542' title='bbox 277 4328 385 4383; x_wconf 89' lang='lat' dir='ltr'><strong>tuis</strong></span> <span class='ocrx_word' id='word_1_543' title='bbox 425 4326 756 4393; x_wconf 89' lang='lat' dir='ltr'><strong>sacriﬁcem,</strong></span> <span class='ocrx_word' id='word_1_544' title='bbox 801 4330 948 4383; x_wconf 92' lang='lat' dir='ltr'><strong>nullo</strong></span> <span class='ocrx_word' id='word_1_545' title='bbox 987 4331 1152 4386; x_wconf 90' lang='lat' dir='ltr'><strong>modo</strong></span> <span class='ocrx_word' id='word_1_546' title='bbox 1190 4331 1430 4388; x_wconf 88' lang='lat' dir='ltr'><strong>faciam:</strong></span> <span class='ocrx_word' id='word_1_547' title='bbox 1460 4333 1678 4388; x_wconf 87' lang='lat' dir='ltr'><strong>Christo</strong></span> <span class='ocrx_word' id='word_1_548' title='bbox 1712 4335 1856 4389; x_wconf 90' lang='lat' dir='ltr'><strong>enim</strong></span> 
     </span>
    </p>
   </div>
   <div class='ocr_carea' id='block_1_75' title="bbox 275 4420 1860 4482">
    <p class='ocr_par' dir='ltr' id='par_1_75' title="bbox 275 4420 1860 4482">
     <span class='ocr_line' id='line_1_75' title="bbox 275 4420 1860 4482; baseline 0.005 -8"><span class='ocrx_word' id='word_1_549' title='bbox 275 4420 532 4475; x_wconf 77' lang='lat' dir='ltr'><strong>sacriﬁco</strong></span> <span class='ocrx_word' id='word_1_550' title='bbox 583 4421 677 4475; x_wconf 90' lang='lat' dir='ltr'><strong>Dei</strong></span> <span class='ocrx_word' id='word_1_551' title='bbox 719 4423 955 4476; x_wconf 89' lang='lat' dir='ltr'><strong>viventis</strong></span> <span class='ocrx_word' id='word_1_552' title='bbox 1003 4424 1140 4480; x_wconf 85' lang='lat' dir='ltr'><strong>Filio</strong></span> <span class='ocrx_word' id='word_1_553' title='bbox 1201 4426 1526 4482; x_wconf 87' lang='lat' dir='ltr'><strong>sacriﬁcium</strong></span> <span class='ocrx_word' id='word_1_554' title='bbox 1580 4428 1754 4482; x_wconf 82' lang='lat' dir='ltr'><strong>laudis</strong></span> <span class='ocrx_word' id='word_1_555' title='bbox 1805 4437 1860 4482; x_wconf 90' lang='lat' dir='ltr'><strong>et</strong></span> 
     </span>
    </p>
   </div>
   <div class='ocr_carea' id='block_1_76' title="bbox 1969 3209 3544 3302">
    <p class='ocr_par' dir='ltr' id='par_1_76' title="bbox 1969 3209 3544 3302">
     <span class='ocr_line' id='line_1_76' title="bbox 1969 3209 3544 3302; baseline 0.008 -26"><span class='ocrx_word' id='word_1_556' title='bbox 1969 3224 2227 3294; x_wconf 89' lang='lat' dir='ltr'><strong>quidquid</strong></span> <span class='ocrx_word' id='word_1_557' title='bbox 2273 3209 2570 3281; x_wconf 51' lang='lat' dir='ltr'><strong>libet.&#39;Cui</strong></span> <span class='ocrx_word' id='word_1_558' title='bbox 2620 3227 2982 3300; x_wconf 86' lang='lat' dir='ltr'><strong>Sempronius</strong></span> <span class='ocrx_word' id='word_1_559' title='bbox 3017 3248 3032 3286; x_wconf 90' lang='lat'><strong>:</strong></span> <span class='ocrx_word' id='word_1_560' title='bbox 3065 3230 3197 3302; x_wconf 86' lang='lat' dir='ltr'><strong>Age,</strong></span> <span class='ocrx_word' id='word_1_561' title='bbox 3247 3233 3544 3290; x_wconf 81' lang='lat' dir='ltr'><strong>simulacra</strong></span> 
     </span>
    </p>
   </div>
   <div class='ocr_carea' id='block_1_77' title="bbox 1970 3315 3545 3393">
    <p class='ocr_par' dir='ltr' id='par_1_77' title="bbox 1970 3315 3545 3393">
     <span class='ocr_line' id='line_1_77' title="bbox 1970 3315 3545 3393; baseline 0.006 -25"><span class='ocrx_word' id='word_1_562' title='bbox 1970 3315 2070 3370; x_wconf 90' lang='lat' dir='ltr'><strong>ista</strong></span> <span class='ocrx_word' id='word_1_563' title='bbox 2097 3317 2282 3371; x_wconf 88' lang='lat' dir='ltr'><strong>omnia</strong></span> <span class='ocrx_word' id='word_1_564' title='bbox 2329 3319 2583 3372; x_wconf 88' lang='lat' dir='ltr'><strong>manibus</strong></span> <span class='ocrx_word' id='word_1_565' title='bbox 2630 3320 2866 3390; x_wconf 88' lang='lat' dir='ltr'><strong>propriis</strong></span> <span class='ocrx_word' id='word_1_566' title='bbox 2919 3330 3166 3388; x_wconf 90' lang='lat' dir='ltr'><strong>contere,</strong></span> <span class='ocrx_word' id='word_1_567' title='bbox 3202 3338 3449 3393; x_wconf 83' lang='lat' dir='ltr'><strong>auroque</strong></span> <span class='ocrx_word' id='word_1_568' title='bbox 3489 3334 3545 3378; x_wconf 84' lang='lat' dir='ltr'><strong>et</strong></span> 
     </span>
    </p>
   </div>
   <div class='ocr_carea' id='block_1_78' title="bbox 1967 3411 3536 3483">
    <p class='ocr_par' dir='ltr' id='par_1_78' title="bbox 1967 3411 3536 3483">
     <span class='ocr_line' id='line_1_78' title="bbox 1967 3411 3536 3483; baseline 0.01 -26"><span class='ocrx_word' id='word_1_569' title='bbox 1967 3416 2215 3477; x_wconf 86' lang='lat' dir='ltr'><strong>argento,</strong></span> <span class='ocrx_word' id='word_1_570' title='bbox 2261 3423 2326 3462; x_wconf 89' lang='lat' dir='ltr'><strong>ex</strong></span> <span class='ocrx_word' id='word_1_571' title='bbox 2373 3411 2572 3478; x_wconf 88' lang='lat' dir='ltr'><strong>quibus</strong></span> <span class='ocrx_word' id='word_1_572' title='bbox 2619 3411 2873 3466; x_wconf 84' lang='lat' dir='ltr'><strong>confecta</strong></span> <span class='ocrx_word' id='word_1_573' title='bbox 2902 3423 3050 3478; x_wconf 91' lang='lat' dir='ltr'><strong>sunt,</strong></span> <span class='ocrx_word' id='word_1_574' title='bbox 3090 3413 3214 3483; x_wconf 84' lang='lat' dir='ltr'><strong>igne</strong></span> <span class='ocrx_word' id='word_1_575' title='bbox 3261 3417 3536 3480; x_wconf 86' lang='lat' dir='ltr'><strong>conﬂatis,</strong></span> 
     </span>
    </p>
   </div>
   <div class='ocr_carea' id='block_1_79' title="bbox 1967 3503 3546 3571">
    <p class='ocr_par' dir='ltr' id='par_1_79' title="bbox 1967 3503 3546 3571">
     <span class='ocr_line' id='line_1_79' title="bbox 1967 3503 3546 3571; baseline 0.008 -20"><span class='ocrx_word' id='word_1_576' title='bbox 1967 3514 2238 3568; x_wconf 88' lang='lat' dir='ltr'><strong>pauperes</strong></span> <span class='ocrx_word' id='word_1_577' title='bbox 2268 3515 2560 3571; x_wconf 78' lang='lat' dir='ltr'><strong>congrege,</strong></span> <span class='ocrx_word' id='word_1_578' title='bbox 2610 3511 2665 3556; x_wconf 90' lang='lat' dir='ltr'><strong>et</strong></span> <span class='ocrx_word' id='word_1_579' title='bbox 2718 3503 2826 3557; x_wconf 89' lang='lat' dir='ltr'><strong>illis</strong></span> <span class='ocrx_word' id='word_1_580' title='bbox 2876 3503 2994 3559; x_wconf 62' lang='lat' dir='ltr'><strong>haec</strong></span> <span class='ocrx_word' id='word_1_581' title='bbox 3047 3507 3336 3562; x_wconf 88' lang='lat' dir='ltr'><strong>distribue.</strong></span> <span class='ocrx_word' id='word_1_582' title='bbox 3389 3508 3546 3564; x_wconf 81' lang='lat' dir='ltr'><strong>Fecit</strong></span> 
     </span>
    </p>
   </div>
   <div class='ocr_carea' id='block_1_80' title="bbox 1968 3592 3548 3666">
    <p class='ocr_par' dir='ltr' id='par_1_80' title="bbox 1968 3592 3548 3666">
     <span class='ocr_line' id='line_1_80' title="bbox 1968 3592 3548 3666; baseline 0.006 -20"><span class='ocrx_word' id='word_1_583' title='bbox 1968 3592 2171 3655; x_wconf 91' lang='lat' dir='ltr'><strong>omnia,</strong></span> <span class='ocrx_word' id='word_1_584' title='bbox 2211 3607 2331 3661; x_wconf 64' lang='lat' dir='ltr'><strong>quae</strong></span> <span class='ocrx_word' id='word_1_585' title='bbox 2375 3592 2738 3662; x_wconf 87' lang='lat' dir='ltr'><strong>Sempronius</strong></span> <span class='ocrx_word' id='word_1_586' title='bbox 2785 3593 3024 3661; x_wconf 78' lang='lat' dir='ltr'><strong>dixerat,</strong></span> <span class='ocrx_word' id='word_1_587' title='bbox 3060 3594 3368 3666; x_wconf 82' lang='lat' dir='ltr'><strong>Olympius,</strong></span> <span class='ocrx_word' id='word_1_588' title='bbox 3403 3599 3548 3656; x_wconf 89' lang='lat' dir='ltr'><strong>nihil</strong></span> 
     </span>
    </p>
   </div>
   <div class='ocr_carea' id='block_1_81' title="bbox 1967 3683 3543 3754">
    <p class='ocr_par' dir='ltr' id='par_1_81' title="bbox 1967 3683 3543 3754">
     <span class='ocr_line' id='line_1_81' title="bbox 1967 3683 3543 3754; baseline 0.008 -21"><span class='ocrx_word' id='word_1_589' title='bbox 1967 3698 2189 3751; x_wconf 89' lang='lat' dir='ltr'><strong>prorsus</strong></span> <span class='ocrx_word' id='word_1_590' title='bbox 2235 3683 2515 3738; x_wconf 85' lang='lat' dir='ltr'><strong>dubitans.</strong></span> <span class='ocrx_word' id='word_1_591' title='bbox 2574 3685 2822 3754; x_wconf 73' lang='lat' dir='ltr'><strong>Repente</strong></span> <span class='ocrx_word' id='word_1_592' title='bbox 2867 3701 3002 3741; x_wconf 87' lang='lat' dir='ltr'><strong>vero</strong></span> <span class='ocrx_word' id='word_1_593' title='bbox 3031 3688 3217 3742; x_wconf 87' lang='lat' dir='ltr'><strong>audita</strong></span> <span class='ocrx_word' id='word_1_594' title='bbox 3252 3700 3340 3744; x_wconf 91' lang='lat' dir='ltr'><strong>est</strong></span> <span class='ocrx_word' id='word_1_595' title='bbox 3379 3706 3480 3745; x_wconf 89' lang='lat' dir='ltr'><strong>vox</strong></span> <span class='ocrx_word' id='word_1_596' title='bbox 3511 3708 3543 3745; x_wconf 89' lang='lat' dir='ltr'><strong>e</strong></span> 
     </span>
    </p>
   </div>
   <div class='ocr_carea' id='block_1_82' title="bbox 1967 3774 3544 3850">
    <p class='ocr_par' dir='ltr' id='par_1_82' title="bbox 1967 3774 3544 3850">
     <span class='ocr_line' id='line_1_82' title="bbox 1967 3774 3544 3850; baseline 0.006 -22"><span class='ocrx_word' id='word_1_597' title='bbox 1967 3774 2127 3838; x_wconf 85' lang='lat' dir='ltr'><strong>coelo,</strong></span> <span class='ocrx_word' id='word_1_598' title='bbox 2157 3775 2346 3829; x_wconf 89' lang='lat' dir='ltr'><strong>dicens</strong></span> <span class='ocrx_word' id='word_1_599' title='bbox 2377 3793 2389 3828; x_wconf 92' lang='lat'><strong>:</strong></span> <span class='ocrx_word' id='word_1_600' title='bbox 2429 3776 2488 3829; x_wconf 90' lang='lat' dir='ltr'><strong>ln</strong></span> <span class='ocrx_word' id='word_1_601' title='bbox 2541 3784 2613 3841; x_wconf 90' lang='lat' dir='ltr'><strong>te,</strong></span> <span class='ocrx_word' id='word_1_602' title='bbox 2646 3777 2967 3846; x_wconf 84' lang='lat' dir='ltr'><strong>Semproni,</strong></span> <span class='ocrx_word' id='word_1_603' title='bbox 3004 3781 3273 3848; x_wconf 83' lang='lat' dir='ltr'><strong>requievit</strong></span> <span class='ocrx_word' id='word_1_604' title='bbox 3319 3782 3544 3850; x_wconf 88' lang='lat' dir='ltr'><strong>spiritus</strong></span> 
     </span>
    </p>
   </div>
   <div class='ocr_carea' id='block_1_83' title="bbox 1967 3867 3544 3944">
    <p class='ocr_par' dir='ltr' id='par_1_83' title="bbox 1967 3867 3544 3944">
     <span class='ocr_line' id='line_1_83' title="bbox 1967 3867 3544 3944; baseline 0.007 -25"><span class='ocrx_word' id='word_1_605' title='bbox 1967 3882 2138 3920; x_wconf 89' lang='lat' dir='ltr'><strong>meus.</strong></span> <span class='ocrx_word' id='word_1_606' title='bbox 2181 3867 2492 3922; x_wconf 85' lang='lat' dir='ltr'><strong>Audierunt</strong></span> <span class='ocrx_word' id='word_1_607' title='bbox 2539 3884 2730 3922; x_wconf 89' lang='lat' dir='ltr'><strong>vocem</strong></span> <span class='ocrx_word' id='word_1_608' title='bbox 2784 3870 2934 3925; x_wconf 91' lang='lat' dir='ltr'><strong>illam</strong></span> <span class='ocrx_word' id='word_1_609' title='bbox 2999 3871 3286 3944; x_wconf 87' lang='lat' dir='ltr'><strong>Olympius</strong></span> <span class='ocrx_word' id='word_1_610' title='bbox 3329 3885 3380 3929; x_wconf 88' lang='lat' dir='ltr'><strong>et</strong></span> <span class='ocrx_word' id='word_1_611' title='bbox 3422 3878 3544 3944; x_wconf 76' lang='lat' dir='ltr'><strong>ejus</strong></span> 
     </span>
    </p>
   </div>
   <div class='ocr_carea' id='block_1_84' title="bbox 1967 3959 3542 4037">
    <p class='ocr_par' dir='ltr' id='par_1_84' title="bbox 1967 3959 3542 4037">
     <span class='ocr_line' id='line_1_84' title="bbox 1967 3959 3542 4037; baseline 0.008 -26"><span class='ocrx_word' id='word_1_612' title='bbox 1967 3975 2122 4022; x_wconf 85' lang='lat' dir='ltr'><strong>uxor,</strong></span> <span class='ocrx_word' id='word_1_613' title='bbox 2151 3968 2204 4014; x_wconf 92' lang='lat' dir='ltr'><strong>et</strong></span> <span class='ocrx_word' id='word_1_614' title='bbox 2246 3962 2298 4012; x_wconf 93' lang='lat' dir='ltr'><strong>in</strong></span> <span class='ocrx_word' id='word_1_615' title='bbox 2329 3959 2433 4014; x_wconf 81' lang='lat' dir='ltr'><strong>ﬁde</strong></span> <span class='ocrx_word' id='word_1_616' title='bbox 2462 3961 2576 4030; x_wconf 89' lang='lat' dir='ltr'><strong>ipsa</strong></span> <span class='ocrx_word' id='word_1_617' title='bbox 2605 3961 2729 4016; x_wconf 87' lang='lat' dir='ltr'><strong>facti</strong></span> <span class='ocrx_word' id='word_1_618' title='bbox 2771 3973 2901 4017; x_wconf 91' lang='lat' dir='ltr'><strong>sunt</strong></span> <span class='ocrx_word' id='word_1_619' title='bbox 2932 3965 3225 4031; x_wconf 90' lang='lat' dir='ltr'><strong>ﬁrmiores,</strong></span> <span class='ocrx_word' id='word_1_620' title='bbox 3269 3968 3339 4022; x_wconf 91' lang='lat' dir='ltr'><strong>ob</strong></span> <span class='ocrx_word' id='word_1_621' title='bbox 3383 3968 3542 4037; x_wconf 86' lang='lat' dir='ltr'><strong>idque</strong></span> 
     </span>
    </p>
   </div>
   <div class='ocr_carea' id='block_1_85' title="bbox 1965 4053 3544 4130">
    <p class='ocr_par' dir='ltr' id='par_1_85' title="bbox 1965 4053 3544 4130">
     <span class='ocr_line' id='line_1_85' title="bbox 1965 4053 3544 4130; baseline 0.004 -24"><span class='ocrx_word' id='word_1_622' title='bbox 1965 4053 2031 4106; x_wconf 90' lang='lat' dir='ltr'><strong>ad</strong></span> <span class='ocrx_word' id='word_1_623' title='bbox 2058 4053 2297 4107; x_wconf 88' lang='lat' dir='ltr'><strong>salutare</strong></span> <span class='ocrx_word' id='word_1_624' title='bbox 2325 4053 2594 4122; x_wconf 89' lang='lat' dir='ltr'><strong>baptisma</strong></span> <span class='ocrx_word' id='word_1_625' title='bbox 2625 4057 3017 4125; x_wconf 84' lang='lat' dir='ltr'><strong>promptiores.</strong></span> <span class='ocrx_word' id='word_1_626' title='bbox 3052 4060 3238 4127; x_wconf 89' lang='lat' dir='ltr'><strong>Itaque</strong></span> <span class='ocrx_word' id='word_1_627' title='bbox 3283 4060 3544 4130; x_wconf 59' lang='lat' dir='ltr'><strong>Sempro.</strong></span> 
     </span>
    </p>
   </div>
   <div class='ocr_carea' id='block_1_86' title="bbox 1963 4144 3546 4218">
    <p class='ocr_par' dir='ltr' id='par_1_86' title="bbox 1963 4144 3546 4218">
     <span class='ocr_line' id='line_1_86' title="bbox 1963 4144 3546 4218; baseline 0.006 -20"><span class='ocrx_word' id='word_1_628' title='bbox 1963 4144 2112 4198; x_wconf 91' lang='lat' dir='ltr'><strong>nium</strong></span> <span class='ocrx_word' id='word_1_629' title='bbox 2131 4145 2513 4215; x_wconf 89' lang='lat' dir='ltr'><strong>precabantur,</strong></span> <span class='ocrx_word' id='word_1_630' title='bbox 2540 4155 2792 4214; x_wconf 88' lang='lat' dir='ltr'><strong>petentes</strong></span> <span class='ocrx_word' id='word_1_631' title='bbox 2815 4157 2872 4202; x_wconf 89' lang='lat' dir='ltr'><strong>ut</strong></span> <span class='ocrx_word' id='word_1_632' title='bbox 2901 4149 3140 4218; x_wconf 85' lang='lat' dir='ltr'><strong>sigillum</strong></span> <span class='ocrx_word' id='word_1_633' title='bbox 3162 4152 3365 4206; x_wconf 85' lang='lat' dir='ltr'><strong>Christi</strong></span> <span class='ocrx_word' id='word_1_634' title='bbox 3397 4154 3546 4207; x_wconf 82' lang='lat' dir='ltr'><strong>acci-</strong></span> 
     </span>
    </p>
   </div>
   <div class='ocr_carea' id='block_1_87' title="bbox 1964 4237 3541 4308">
    <p class='ocr_par' dir='ltr' id='par_1_87' title="bbox 1964 4237 3541 4308">
     <span class='ocr_line' id='line_1_87' title="bbox 1964 4237 3541 4308; baseline 0.006 -16"><span class='ocrx_word' id='word_1_635' title='bbox 1964 4246 2180 4307; x_wconf 90' lang='lat' dir='ltr'><strong>perent,</strong></span> <span class='ocrx_word' id='word_1_636' title='bbox 2197 4247 2251 4291; x_wconf 89' lang='lat' dir='ltr'><strong>et</strong></span> <span class='ocrx_word' id='word_1_637' title='bbox 2270 4253 2368 4307; x_wconf 87' lang='lat' dir='ltr'><strong>per</strong></span> <span class='ocrx_word' id='word_1_638' title='bbox 2387 4252 2582 4306; x_wconf 86' lang='lat' dir='ltr'><strong>aquam</strong></span> <span class='ocrx_word' id='word_1_639' title='bbox 2601 4253 2663 4290; x_wconf 92' lang='lat' dir='ltr'><strong>ac</strong></span> <span class='ocrx_word' id='word_1_640' title='bbox 2681 4237 2941 4308; x_wconf 81' lang='lat' dir='ltr'><strong>Spiritum</strong></span> <span class='ocrx_word' id='word_1_641' title='bbox 2961 4242 3142 4296; x_wconf 88' lang='lat' dir='ltr'><strong>denuo</strong></span> <span class='ocrx_word' id='word_1_642' title='bbox 3161 4254 3541 4302; x_wconf 85' lang='lat' dir='ltr'><strong>nascerentur.</strong></span> 
     </span>
    </p>
   </div>
   <div class='ocr_carea' id='block_1_88' title="bbox 2036 4321 3545 4401">
    <p class='ocr_par' dir='ltr' id='par_1_88' title="bbox 2036 4321 3545 4401">
     <span class='ocr_line' id='line_1_88' title="bbox 2036 4321 3545 4401; baseline 0.005 -17"><span class='ocrx_word' id='word_1_643' title='bbox 2036 4330 2130 4384; x_wconf 80' lang='lat' dir='ltr'><strong>1x.</strong></span> <span class='ocrx_word' id='word_1_644' title='bbox 2185 4331 2380 4384; x_wconf 88' lang='lat' dir='ltr'><strong>Omnia</strong></span> <span class='ocrx_word' id='word_1_645' title='bbox 2432 4331 2547 4384; x_wconf 69' lang='lat' dir='ltr'><strong>haec</strong></span> <span class='ocrx_word' id='word_1_646' title='bbox 2599 4331 2959 4401; x_wconf 86' lang='lat' dir='ltr'><strong>Sempronius</strong></span> <span class='ocrx_word' id='word_1_647' title='bbox 3008 4335 3266 4391; x_wconf 84' lang='lat' dir='ltr'><strong>Nemesio</strong></span> <span class='ocrx_word' id='word_1_648' title='bbox 3322 4321 3545 4391; x_wconf 81' lang='lat' dir='ltr'><strong>domino</strong></span> 
     </span>
    </p>
   </div>
   <div class='ocr_carea' id='block_1_89' title="bbox 1967 4428 3542 4496">
    <p class='ocr_par' dir='ltr' id='par_1_89' title="bbox 1967 4428 3542 4496">
     <span class='ocr_line' id='line_1_89' title="bbox 1967 4428 3542 4496; baseline -0.002 -13"><span class='ocrx_word' id='word_1_649' title='bbox 1967 4444 2066 4484; x_wconf 89' lang='lat' dir='ltr'><strong>suo</strong></span> <span class='ocrx_word' id='word_1_650' title='bbox 2093 4429 2302 4484; x_wconf 89' lang='lat' dir='ltr'><strong>retulit.</strong></span> <span class='ocrx_word' id='word_1_651' title='bbox 2333 4428 2464 4494; x_wconf 77' lang='lat' dir='ltr'><strong>Qua:</strong></span> <span class='ocrx_word' id='word_1_652' title='bbox 2497 4446 2622 4484; x_wconf 91' lang='lat' dir='ltr'><strong>eum</strong></span> <span class='ocrx_word' id='word_1_653' title='bbox 2655 4429 2947 4485; x_wconf 78' lang='lat' dir='ltr'><strong>Nemesius</strong></span> <span class='ocrx_word' id='word_1_654' title='bbox 2975 4429 3303 4496; x_wconf 78' lang='lat' dir='ltr'><strong>accepisset,</strong></span> <span class='ocrx_word' id='word_1_655' title='bbox 3341 4429 3542 4483; x_wconf 77' lang='lat' dir='ltr'><strong>celeri-</strong></span> 
     </span>
    </p>
   </div>
   <div class='ocr_carea' id='block_1_90' title="bbox 272 4495 3539 4590">
    <p class='ocr_par' dir='ltr' id='par_1_90' title="bbox 272 4495 3539 4590">
     <span class='ocr_line' id='line_1_90' title="bbox 272 4495 3539 4590; baseline 0.002 -25"><span class='ocrx_word' id='word_1_656' title='bbox 272 4514 660 4577; x_wconf 85' lang='lat' dir='ltr'><strong>confessionis,</strong></span> <span class='ocrx_word' id='word_1_657' title='bbox 683 4514 1114 4570; x_wconf 88' lang='lat' dir='ltr'><strong>cuietdominus</strong></span> <span class='ocrx_word' id='word_1_658' title='bbox 1139 4534 1294 4573; x_wconf 90' lang='lat' dir='ltr'><strong>meus</strong></span> <span class='ocrx_word' id='word_1_659' title='bbox 1317 4519 1857 4590; x_wconf 84' lang='lat' dir='ltr'><strong>Nemesiusseipsum</strong></span> <span class='ocrx_word' id='word_1_660' title='bbox 1891 4495 1936 4550; x_wconf 70' lang='grc' dir='ltr'><strong>θ</strong></span> <span class='ocrx_word' id='word_1_661' title='bbox 1968 4531 2050 4576; x_wconf 86' lang='lat' dir='ltr'><strong>ter</strong></span> <span class='ocrx_word' id='word_1_662' title='bbox 2086 4522 2223 4576; x_wconf 86' lang='lat' dir='ltr'><strong>adiit</strong></span> <span class='ocrx_word' id='word_1_663' title='bbox 2263 4522 2330 4576; x_wconf 84' lang='lat' dir='ltr'><strong>ad</strong></span> <span class='ocrx_word' id='word_1_664' title='bbox 2381 4521 2757 4576; x_wconf 82' lang='lat' dir='ltr'><strong>beatissimum</strong></span> <span class='ocrx_word' id='word_1_665' title='bbox 2808 4520 3123 4589; x_wconf 88' lang='lat' dir='ltr'><strong>pontiﬁcem</strong></span> <span class='ocrx_word' id='word_1_666' title='bbox 3171 4519 3539 4587; x_wconf 84' lang='lat' dir='ltr'><strong>Stephanum,</strong></span> 
     </span>
    </p>
   </div>
   <div class='ocr_carea' id='block_1_91' title="bbox 272 4606 1861 4679">
    <p class='ocr_par' dir='ltr' id='par_1_91' title="bbox 272 4606 1861 4679">
     <span class='ocr_line' id='line_1_91' title="bbox 272 4606 1861 4679; baseline 0.004 -21"><span class='ocrx_word' id='word_1_667' title='bbox 272 4606 496 4660; x_wconf 90' lang='lat' dir='ltr'><strong>obtulit.</strong></span> <span class='ocrx_word' id='word_1_668' title='bbox 531 4606 665 4658; x_wconf 90' lang='lat' dir='ltr'><strong>Cum</strong></span> <span class='ocrx_word' id='word_1_669' title='bbox 709 4607 823 4660; x_wconf 63' lang='lat' dir='ltr'><strong>haec</strong></span> <span class='ocrx_word' id='word_1_670' title='bbox 854 4607 1081 4662; x_wconf 73' lang='lat' dir='ltr'><strong>dixisset</strong></span> <span class='ocrx_word' id='word_1_671' title='bbox 1115 4609 1498 4679; x_wconf 78' lang='lat' dir='ltr'><strong>Sempronius,</strong></span> <span class='ocrx_word' id='word_1_672' title='bbox 1535 4611 1720 4665; x_wconf 83' lang='lat' dir='ltr'><strong>furore</strong></span> <span class='ocrx_word' id='word_1_673' title='bbox 1769 4627 1861 4665; x_wconf 80' lang='lat' dir='ltr'><strong>ac-</strong></span> 
     </span>
    </p>
   </div>
   <div class='ocr_carea' id='block_1_92' title="bbox 271 4696 1858 4769">
    <p class='ocr_par' dir='ltr' id='par_1_92' title="bbox 271 4696 1858 4769">
     <span class='ocr_line' id='line_1_92' title="bbox 271 4696 1858 4769; baseline 0.004 -20"><span class='ocrx_word' id='word_1_674' title='bbox 271 4711 476 4750; x_wconf 87' lang='lat' dir='ltr'><strong>census</strong></span> <span class='ocrx_word' id='word_1_675' title='bbox 514 4707 599 4751; x_wconf 90' lang='lat' dir='ltr'><strong>est</strong></span> <span class='ocrx_word' id='word_1_676' title='bbox 635 4696 934 4769; x_wconf 78' lang='lat' dir='ltr'><strong>Olympius,</strong></span> <span class='ocrx_word' id='word_1_677' title='bbox 971 4708 1023 4753; x_wconf 88' lang='lat' dir='ltr'><strong>et</strong></span> <span class='ocrx_word' id='word_1_678' title='bbox 1051 4702 1378 4757; x_wconf 85' lang='lat' dir='ltr'><strong>satellitibus</strong></span> <span class='ocrx_word' id='word_1_679' title='bbox 1402 4704 1533 4756; x_wconf 82' lang='lat' dir='ltr'><strong>dixit</strong></span> <span class='ocrx_word' id='word_1_680' title='bbox 1561 4719 1574 4755; x_wconf 88' lang='lat'><strong>:</strong></span> <span class='ocrx_word' id='word_1_681' title='bbox 1605 4702 1858 4757; x_wconf 88' lang='lat' dir='ltr'><strong>Proster-</strong></span> 
     </span>
    </p>
   </div>
   <div class='ocr_carea' id='block_1_93' title="bbox 271 4789 1860 4864">
    <p class='ocr_par' dir='ltr' id='par_1_93' title="bbox 271 4789 1860 4864">
     <span class='ocr_line' id='line_1_93' title="bbox 271 4789 1860 4864; baseline 0.005 -23"><span class='ocrx_word' id='word_1_682' title='bbox 271 4790 387 4842; x_wconf 88' lang='lat' dir='ltr'><strong>nite</strong></span> <span class='ocrx_word' id='word_1_683' title='bbox 439 4789 721 4842; x_wconf 89' lang='lat' dir='ltr'><strong>hominem</strong></span> <span class='ocrx_word' id='word_1_684' title='bbox 773 4792 957 4856; x_wconf 89' lang='lat' dir='ltr'><strong>istum,</strong></span> <span class='ocrx_word' id='word_1_685' title='bbox 989 4802 1043 4845; x_wconf 90' lang='lat' dir='ltr'><strong>et</strong></span> <span class='ocrx_word' id='word_1_686' title='bbox 1093 4795 1256 4864; x_wconf 84' lang='lat' dir='ltr'><strong>virgis</strong></span> <span class='ocrx_word' id='word_1_687' title='bbox 1307 4795 1597 4864; x_wconf 83' lang='lat' dir='ltr'><strong>percutitc.</strong></span> <span class='ocrx_word' id='word_1_688' title='bbox 1653 4796 1860 4849; x_wconf 81' lang='lat' dir='ltr'><strong>Allerte</strong></span> 
     </span>
    </p>
   </div>
   <div class='ocr_carea' id='block_1_94' title="bbox 271 4881 1860 4956">
    <p class='ocr_par' dir='ltr' id='par_1_94' title="bbox 271 4881 1860 4956">
     <span class='ocr_line' id='line_1_94' title="bbox 271 4881 1860 4956; baseline 0.004 -24"><span class='ocrx_word' id='word_1_689' title='bbox 271 4893 399 4935; x_wconf 89' lang='lat' dir='ltr'><strong>ante</strong></span> <span class='ocrx_word' id='word_1_690' title='bbox 441 4883 596 4936; x_wconf 89' lang='lat' dir='ltr'><strong>illum</strong></span> <span class='ocrx_word' id='word_1_691' title='bbox 631 4883 790 4936; x_wconf 90' lang='lat' dir='ltr'><strong>deum</strong></span> <span class='ocrx_word' id='word_1_692' title='bbox 831 4881 1054 4938; x_wconf 87' lang='lat' dir='ltr'><strong>Martem</strong></span> <span class='ocrx_word' id='word_1_693' title='bbox 1103 4902 1166 4939; x_wconf 90' lang='lat' dir='ltr'><strong>ac</strong></span> <span class='ocrx_word' id='word_1_694' title='bbox 1221 4889 1509 4956; x_wconf 80' lang='lat' dir='ltr'><strong>tripodem,</strong></span> <span class='ocrx_word' id='word_1_695' title='bbox 1545 4897 1603 4941; x_wconf 91' lang='lat' dir='ltr'><strong>ut</strong></span> <span class='ocrx_word' id='word_1_696' title='bbox 1641 4887 1724 4940; x_wconf 87' lang='lat' dir='ltr'><strong>vel</strong></span> <span class='ocrx_word' id='word_1_697' title='bbox 1757 4887 1860 4940; x_wconf 91' lang='lat' dir='ltr'><strong>diis</strong></span> 
     </span>
    </p>
   </div>
   <div class='ocr_carea' id='block_1_95' title="bbox 274 4973 1858 5048">
    <p class='ocr_par' dir='ltr' id='par_1_95' title="bbox 274 4973 1858 5048">
     <span class='ocr_line' id='line_1_95' title="bbox 274 4973 1858 5048; baseline 0.004 -23"><span class='ocrx_word' id='word_1_698' title='bbox 274 4973 411 5042; x_wconf 87' lang='lat' dir='ltr'><strong>ipsis</strong></span> <span class='ocrx_word' id='word_1_699' title='bbox 468 4975 630 5026; x_wconf 91' lang='lat' dir='ltr'><strong>thura</strong></span> <span class='ocrx_word' id='word_1_700' title='bbox 671 4973 885 5039; x_wconf 84' lang='lat' dir='ltr'><strong>oﬂ&#39;erat,</strong></span> <span class='ocrx_word' id='word_1_701' title='bbox 921 4976 1003 5029; x_wconf 86' lang='lat' dir='ltr'><strong>vel</strong></span> <span class='ocrx_word' id='word_1_702' title='bbox 1053 4977 1171 5030; x_wconf 91' lang='lat' dir='ltr'><strong>sine</strong></span> <span class='ocrx_word' id='word_1_703' title='bbox 1221 4977 1629 5032; x_wconf 72' lang='lat' dir='ltr'><strong>interu&#39;iissione</strong></span> <span class='ocrx_word' id='word_1_704' title='bbox 1680 4980 1858 5048; x_wconf 89' lang='lat' dir='ltr'><strong>aliqua</strong></span> 
     </span>
    </p>
   </div>
   <div class='ocr_carea' id='block_1_96' title="bbox 272 5066 1859 5145">
    <p class='ocr_par' dir='ltr' id='par_1_96' title="bbox 272 5066 1859 5145">
     <span class='ocr_line' id='line_1_96' title="bbox 272 5066 1859 5145; baseline 0.004 -26"><span class='ocrx_word' id='word_1_705' title='bbox 272 5066 443 5135; x_wconf 84' lang='lat' dir='ltr'><strong>virgis</strong></span> <span class='ocrx_word' id='word_1_706' title='bbox 496 5066 855 5134; x_wconf 88' lang='lat' dir='ltr'><strong>percutiatur.</strong></span> <span class='ocrx_word' id='word_1_707' title='bbox 891 5067 1126 5122; x_wconf 84' lang='lat' dir='ltr'><strong>Allatum</strong></span> <span class='ocrx_word' id='word_1_708' title='bbox 1158 5070 1318 5139; x_wconf 85' lang='lat' dir='ltr'><strong>igitur</strong></span> <span class='ocrx_word' id='word_1_709' title='bbox 1357 5086 1582 5124; x_wconf 84' lang='lat' dir='ltr'><strong>aureum</strong></span> <span class='ocrx_word' id='word_1_710' title='bbox 1607 5072 1859 5145; x_wconf 67' lang='lat' dir='ltr'><strong>[aereum]</strong></span> 
     </span>
    </p>
   </div>
   <div class='ocr_carea' id='block_1_97' title="bbox 269 5157 1862 5233">
    <p class='ocr_par' dir='ltr' id='par_1_97' title="bbox 269 5157 1862 5233">
     <span class='ocr_line' id='line_1_97' title="bbox 269 5157 1862 5233; baseline 0.005 -23"><span class='ocrx_word' id='word_1_711' title='bbox 269 5157 462 5210; x_wconf 73' lang='lat' dir='ltr'><strong>Martis</strong></span> <span class='ocrx_word' id='word_1_712' title='bbox 494 5157 698 5211; x_wconf 91' lang='lat' dir='ltr'><strong>idolum</strong></span> <span class='ocrx_word' id='word_1_713' title='bbox 731 5175 837 5212; x_wconf 89' lang='lat' dir='ltr'><strong>una</strong></span> <span class='ocrx_word' id='word_1_714' title='bbox 869 5176 990 5214; x_wconf 88' lang='lat' dir='ltr'><strong>cum</strong></span> <span class='ocrx_word' id='word_1_715' title='bbox 1025 5162 1257 5230; x_wconf 88' lang='lat' dir='ltr'><strong>tripode,</strong></span> <span class='ocrx_word' id='word_1_716' title='bbox 1291 5163 1344 5214; x_wconf 89' lang='lat' dir='ltr'><strong>in</strong></span> <span class='ocrx_word' id='word_1_717' title='bbox 1374 5175 1672 5233; x_wconf 82' lang='lat' dir='ltr'><strong>conspectu</strong></span> <span class='ocrx_word' id='word_1_718' title='bbox 1705 5165 1862 5218; x_wconf 89' lang='lat' dir='ltr'><strong>Sem-</strong></span> 
     </span>
    </p>
   </div>
   <div class='ocr_carea' id='block_1_98' title="bbox 266 5253 1856 5323">
    <p class='ocr_par' dir='ltr' id='par_1_98' title="bbox 266 5253 1856 5323">
     <span class='ocr_line' id='line_1_98' title="bbox 266 5253 1856 5323; baseline 0.004 -19"><span class='ocrx_word' id='word_1_719' title='bbox 266 5253 447 5322; x_wconf 89' lang='lat' dir='ltr'><strong>pronii</strong></span> <span class='ocrx_word' id='word_1_720' title='bbox 477 5253 713 5304; x_wconf 87' lang='lat' dir='ltr'><strong>locatum</strong></span> <span class='ocrx_word' id='word_1_721' title='bbox 742 5253 863 5306; x_wconf 89' lang='lat' dir='ltr'><strong>fuit.</strong></span> <span class='ocrx_word' id='word_1_722' title='bbox 890 5254 1042 5319; x_wconf 89' lang='lat' dir='ltr'><strong>Quod</strong></span> <span class='ocrx_word' id='word_1_723' title='bbox 1067 5269 1191 5309; x_wconf 90' lang='lat' dir='ltr'><strong>cum</strong></span> <span class='ocrx_word' id='word_1_724' title='bbox 1218 5256 1575 5323; x_wconf 88' lang='lat' dir='ltr'><strong>Sempronius</strong></span> <span class='ocrx_word' id='word_1_725' title='bbox 1603 5257 1856 5311; x_wconf 88' lang='lat' dir='ltr'><strong>vidisset:</strong></span> 
     </span>
    </p>
   </div>
   <div class='ocr_carea' id='block_1_99' title="bbox 267 5343 1861 5412">
    <p class='ocr_par' dir='ltr' id='par_1_99' title="bbox 267 5343 1861 5412">
     <span class='ocr_line' id='line_1_99' title="bbox 267 5343 1861 5412; baseline 0.004 -16"><span class='ocrx_word' id='word_1_726' title='bbox 267 5344 554 5406; x_wconf 86' lang='lat' dir='ltr'><strong>Conterat,</strong></span> <span class='ocrx_word' id='word_1_727' title='bbox 601 5343 798 5412; x_wconf 90' lang='lat' dir='ltr'><strong>inquit,</strong></span> <span class='ocrx_word' id='word_1_728' title='bbox 839 5353 888 5397; x_wconf 88' lang='lat' dir='ltr'><strong>te</strong></span> <span class='ocrx_word' id='word_1_729' title='bbox 921 5343 1187 5398; x_wconf 84' lang='lat' dir='ltr'><strong>Dominus</strong></span> <span class='ocrx_word' id='word_1_730' title='bbox 1225 5345 1384 5400; x_wconf 84' lang='lat' dir='ltr'><strong>Jcsus</strong></span> <span class='ocrx_word' id='word_1_731' title='bbox 1415 5347 1664 5401; x_wconf 83' lang='lat' dir='ltr'><strong>Christus</strong></span> <span class='ocrx_word' id='word_1_732' title='bbox 1691 5348 1861 5402; x_wconf 86' lang='lat' dir='ltr'><strong>Filius</strong></span> 
     </span>
    </p>
   </div>
   <div class='ocr_carea' id='block_1_100' title="bbox 267 5433 1856 5507">
    <p class='ocr_par' dir='ltr' id='par_1_100' title="bbox 267 5433 1856 5507">
     <span class='ocr_line' id='line_1_100' title="bbox 267 5433 1856 5507; baseline 0.003 -19"><span class='ocrx_word' id='word_1_733' title='bbox 267 5433 362 5488; x_wconf 85' lang='lat' dir='ltr'><strong>Dei</strong></span> <span class='ocrx_word' id='word_1_734' title='bbox 395 5435 526 5488; x_wconf 89' lang='lat' dir='ltr'><strong>vivi.</strong></span> <span class='ocrx_word' id='word_1_735' title='bbox 568 5433 681 5487; x_wconf 87' lang='lat' dir='ltr'><strong>Hoc</strong></span> <span class='ocrx_word' id='word_1_736' title='bbox 721 5436 858 5489; x_wconf 81' lang='lat' dir='ltr'><strong>dixit</strong></span> <span class='ocrx_word' id='word_1_737' title='bbox 891 5435 1272 5505; x_wconf 87' lang='lat' dir='ltr'><strong>Sempronius,</strong></span> <span class='ocrx_word' id='word_1_738' title='bbox 1303 5453 1365 5490; x_wconf 89' lang='lat' dir='ltr'><strong>ac</strong></span> <span class='ocrx_word' id='word_1_739' title='bbox 1396 5448 1622 5507; x_wconf 88' lang='lat' dir='ltr'><strong>repente</strong></span> <span class='ocrx_word' id='word_1_740' title='bbox 1654 5439 1856 5492; x_wconf 87' lang='lat' dir='ltr'><strong>idolum</strong></span> 
     </span>
    </p>
   </div>
   <div class='ocr_carea' id='block_1_101' title="bbox 267 5527 1856 5600">
    <p class='ocr_par' dir='ltr' id='par_1_101' title="bbox 267 5527 1856 5600">
     <span class='ocr_line' id='line_1_101' title="bbox 267 5527 1856 5600; baseline 0.006 -21"><span class='ocrx_word' id='word_1_741' title='bbox 267 5527 400 5582; x_wconf 91' lang='lat' dir='ltr'><strong>illud</strong></span> <span class='ocrx_word' id='word_1_742' title='bbox 453 5527 532 5581; x_wconf 91' lang='lat' dir='ltr'><strong>sic</strong></span> <span class='ocrx_word' id='word_1_743' title='bbox 580 5527 934 5596; x_wconf 85' lang='lat' dir='ltr'><strong>liquefactum</strong></span> <span class='ocrx_word' id='word_1_744' title='bbox 973 5538 1077 5594; x_wconf 90' lang='lat' dir='ltr'><strong>est,</strong></span> <span class='ocrx_word' id='word_1_745' title='bbox 1109 5529 1264 5598; x_wconf 87' lang='lat' dir='ltr'><strong>quasi</strong></span> <span class='ocrx_word' id='word_1_746' title='bbox 1307 5546 1429 5584; x_wconf 86' lang='lat' dir='ltr'><strong>cera</strong></span> <span class='ocrx_word' id='word_1_747' title='bbox 1459 5531 1584 5600; x_wconf 78' lang='lat' dir='ltr'><strong>igne</strong></span> <span class='ocrx_word' id='word_1_748' title='bbox 1616 5531 1856 5588; x_wconf 79' lang='lat' dir='ltr'><strong>admoto.</strong></span> 
     </span>
    </p>
   </div>
   <div class='ocr_carea' id='block_1_102' title="bbox 267 5619 1857 5692">
    <p class='ocr_par' dir='ltr' id='par_1_102' title="bbox 267 5619 1857 5692">
     <span class='ocr_line' id='line_1_102' title="bbox 267 5619 1857 5692; baseline 0.003 -20"><span class='ocrx_word' id='word_1_749' title='bbox 267 5619 424 5685; x_wconf 88' lang='lat' dir='ltr'><strong>Quod</strong></span> <span class='ocrx_word' id='word_1_750' title='bbox 474 5635 603 5674; x_wconf 90' lang='lat' dir='ltr'><strong>cum</strong></span> <span class='ocrx_word' id='word_1_751' title='bbox 661 5619 893 5674; x_wconf 83' lang='lat' dir='ltr'><strong>vidisset</strong></span> <span class='ocrx_word' id='word_1_752' title='bbox 941 5619 1248 5691; x_wconf 78' lang='lat' dir='ltr'><strong>Olympius,</strong></span> <span class='ocrx_word' id='word_1_753' title='bbox 1307 5631 1532 5691; x_wconf 86' lang='lat' dir='ltr'><strong>stupore</strong></span> <span class='ocrx_word' id='word_1_754' title='bbox 1574 5623 1857 5692; x_wconf 72' lang='lat' dir='ltr'><strong>perculsus</strong></span> 
     </span>
    </p>
   </div>
   <div class='ocr_carea' id='block_1_103' title="bbox 266 5713 1857 5783">
    <p class='ocr_par' dir='ltr' id='par_1_103' title="bbox 266 5713 1857 5783">
     <span class='ocr_line' id='line_1_103' title="bbox 266 5713 1857 5783; baseline 0.001 -16"><span class='ocrx_word' id='word_1_755' title='bbox 266 5713 547 5768; x_wconf 87' lang='lat' dir='ltr'><strong>obmutuit</strong></span> <span class='ocrx_word' id='word_1_756' title='bbox 576 5728 589 5765; x_wconf 89' lang='lat'><strong>:</strong></span> <span class='ocrx_word' id='word_1_757' title='bbox 614 5726 738 5766; x_wconf 83' lang='lat' dir='ltr'><strong>mox</strong></span> <span class='ocrx_word' id='word_1_758' title='bbox 761 5728 892 5767; x_wconf 87' lang='lat' dir='ltr'><strong>vero</strong></span> <span class='ocrx_word' id='word_1_759' title='bbox 921 5713 1068 5768; x_wconf 88' lang='lat' dir='ltr'><strong>domi</strong></span> <span class='ocrx_word' id='word_1_760' title='bbox 1086 5729 1197 5768; x_wconf 79' lang='lat' dir='ltr'><strong>sua:</strong></span> <span class='ocrx_word' id='word_1_761' title='bbox 1216 5713 1365 5768; x_wconf 91' lang='lat' dir='ltr'><strong>illum</strong></span> <span class='ocrx_word' id='word_1_762' title='bbox 1390 5714 1857 5783; x_wconf 85' lang='lat' dir='ltr'><strong>custodirijussit,</strong></span> 
     </span>
    </p>
   </div>
   <div class='ocr_carea' id='block_1_104' title="bbox 268 5801 1855 5872">
    <p class='ocr_par' dir='ltr' id='par_1_104' title="bbox 268 5801 1855 5872">
     <span class='ocr_line' id='line_1_104' title="bbox 268 5801 1855 5872; baseline 0 -12"><span class='ocrx_word' id='word_1_763' title='bbox 268 5804 459 5862; x_wconf 87' lang='lat' dir='ltr'><strong>dicens</strong></span> <span class='ocrx_word' id='word_1_764' title='bbox 493 5822 507 5862; x_wconf 92' lang='lat'><strong>:</strong></span> <span class='ocrx_word' id='word_1_765' title='bbox 544 5801 660 5858; x_wconf 85' lang='lat' dir='ltr'><strong>llac</strong></span> <span class='ocrx_word' id='word_1_766' title='bbox 687 5812 850 5860; x_wconf 87' lang='lat' dir='ltr'><strong>nocte</strong></span> <span class='ocrx_word' id='word_1_767' title='bbox 883 5805 1066 5861; x_wconf 87' lang='lat' dir='ltr'><strong>omnia</strong></span> <span class='ocrx_word' id='word_1_768' title='bbox 1099 5814 1371 5864; x_wconf 85' lang='lat' dir='ltr'><strong>tormenta</strong></span> <span class='ocrx_word' id='word_1_769' title='bbox 1401 5807 1498 5864; x_wconf 88' lang='lat' dir='ltr'><strong>tibi</strong></span> <span class='ocrx_word' id='word_1_770' title='bbox 1526 5807 1774 5872; x_wconf 69' lang='lat' dir='ltr'><strong>aderam,</strong></span> <span class='ocrx_word' id='word_1_771' title='bbox 1800 5815 1855 5860; x_wconf 89' lang='lat' dir='ltr'><strong>et</strong></span> 
     </span>
    </p>
   </div>
   <div class='ocr_carea' id='block_1_105' title="bbox 1963 4611 3535 4690">
    <p class='ocr_par' dir='ltr' id='par_1_105' title="bbox 1963 4611 3535 4690">
     <span class='ocr_line' id='line_1_105' title="bbox 1963 4611 3535 4690; baseline -0.003 -22"><span class='ocrx_word' id='word_1_772' title='bbox 1963 4615 2122 4690; x_wconf 72' lang='lat' dir='ltr'><strong>eiqpe</strong></span> <span class='ocrx_word' id='word_1_773' title='bbox 2150 4630 2264 4668; x_wconf 92' lang='lat' dir='ltr'><strong>rem</strong></span> <span class='ocrx_word' id='word_1_774' title='bbox 2300 4629 2518 4668; x_wconf 88' lang='lat' dir='ltr'><strong>onmem</strong></span> <span class='ocrx_word' id='word_1_775' title='bbox 2551 4613 2822 4682; x_wconf 79' lang='lat' dir='ltr'><strong>exposuit.</strong></span> <span class='ocrx_word' id='word_1_776' title='bbox 2865 4612 2957 4666; x_wconf 86' lang='lat' dir='ltr'><strong>llle</strong></span> <span class='ocrx_word' id='word_1_777' title='bbox 3002 4627 3134 4665; x_wconf 91' lang='lat' dir='ltr'><strong>vero</strong></span> <span class='ocrx_word' id='word_1_778' title='bbox 3162 4611 3384 4665; x_wconf 86' lang='lat' dir='ltr'><strong>Christo</strong></span> <span class='ocrx_word' id='word_1_779' title='bbox 3420 4613 3535 4664; x_wconf 84' lang='lat' dir='ltr'><strong>Deo</strong></span> 
     </span>
    </p>
   </div>
   <div class='ocr_carea' id='block_1_106' title="bbox 1963 4703 3541 4775">
    <p class='ocr_par' dir='ltr' id='par_1_106' title="bbox 1963 4703 3541 4775">
     <span class='ocr_line' id='line_1_106' title="bbox 1963 4703 3541 4775; baseline -0.003 -14"><span class='ocrx_word' id='word_1_780' title='bbox 1963 4720 2154 4761; x_wconf 89' lang='lat' dir='ltr'><strong>nostro</strong></span> <span class='ocrx_word' id='word_1_781' title='bbox 2206 4707 2432 4775; x_wconf 85' lang='lat' dir='ltr'><strong>gloriam</strong></span> <span class='ocrx_word' id='word_1_782' title='bbox 2485 4707 2658 4768; x_wconf 84' lang='lat' dir='ltr'><strong>dedit,</strong></span> <span class='ocrx_word' id='word_1_783' title='bbox 2707 4713 2762 4757; x_wconf 86' lang='lat' dir='ltr'><strong>et</strong></span> <span class='ocrx_word' id='word_1_784' title='bbox 2807 4707 3052 4772; x_wconf 79' lang='lat' dir='ltr'><strong>proxima</strong></span> <span class='ocrx_word' id='word_1_785' title='bbox 3099 4713 3256 4756; x_wconf 78' lang='lat' dir='ltr'><strong>nocte</strong></span> <span class='ocrx_word' id='word_1_786' title='bbox 3306 4703 3541 4771; x_wconf 69' lang='lat' dir='ltr'><strong>Olympii</strong></span> 
     </span>
    </p>
   </div>
   <div class='ocr_carea' id='block_1_107' title="bbox 1966 4792 3538 4862">
    <p class='ocr_par' dir='ltr' id='par_1_107' title="bbox 1966 4792 3538 4862">
     <span class='ocr_line' id='line_1_107' title="bbox 1966 4792 3538 4862; baseline -0.003 -9"><span class='ocrx_word' id='word_1_787' title='bbox 1966 4802 2188 4854; x_wconf 87' lang='lat' dir='ltr'><strong>domum</strong></span> <span class='ocrx_word' id='word_1_788' title='bbox 2219 4798 2373 4852; x_wconf 81' lang='lat' dir='ltr'><strong>adiit.</strong></span> <span class='ocrx_word' id='word_1_789' title='bbox 2406 4798 2524 4862; x_wconf 78' lang='lat' dir='ltr'><strong>Quo</strong></span> <span class='ocrx_word' id='word_1_790' title='bbox 2550 4798 2685 4857; x_wconf 74' lang='lat' dir='ltr'><strong>viso,</strong></span> <span class='ocrx_word' id='word_1_791' title='bbox 2717 4796 2901 4848; x_wconf 81' lang='lat' dir='ltr'><strong>statim</strong></span> <span class='ocrx_word' id='word_1_792' title='bbox 2931 4792 3213 4862; x_wconf 80' lang='lat' dir='ltr'><strong>Olympius</strong></span> <span class='ocrx_word' id='word_1_793' title='bbox 3235 4795 3538 4860; x_wconf 71' lang='lat' dir='ltr'><strong>prostravit</strong></span> 
     </span>
    </p>
   </div>
   <div class='ocr_carea' id='block_1_108' title="bbox 1961 4889 3538 4959">
    <p class='ocr_par' dir='ltr' id='par_1_108' title="bbox 1961 4889 3538 4959">
     <span class='ocr_line' id='line_1_108' title="bbox 1961 4889 3538 4959; baseline -0.003 -13"><span class='ocrx_word' id='word_1_794' title='bbox 1961 4908 2020 4946; x_wconf 85' lang='lat' dir='ltr'><strong>se</strong></span> <span class='ocrx_word' id='word_1_795' title='bbox 2055 4893 2120 4945; x_wconf 88' lang='lat' dir='ltr'><strong>ad</strong></span> <span class='ocrx_word' id='word_1_796' title='bbox 2160 4892 2430 4958; x_wconf 77' lang='lat' dir='ltr'><strong>pontificis</strong></span> <span class='ocrx_word' id='word_1_797' title='bbox 2462 4891 2631 4959; x_wconf 76' lang='lat' dir='ltr'><strong>pedes</strong></span> <span class='ocrx_word' id='word_1_798' title='bbox 2673 4905 2778 4942; x_wconf 85' lang='lat' dir='ltr'><strong>una</strong></span> <span class='ocrx_word' id='word_1_799' title='bbox 2803 4905 2927 4942; x_wconf 88' lang='lat' dir='ltr'><strong>cum</strong></span> <span class='ocrx_word' id='word_1_800' title='bbox 2962 4904 3130 4942; x_wconf 85' lang='lat' dir='ltr'><strong>uxore</strong></span> <span class='ocrx_word' id='word_1_801' title='bbox 3155 4889 3450 4955; x_wconf 74' lang='lat' dir='ltr'><strong>Exuperia,</strong></span> <span class='ocrx_word' id='word_1_802' title='bbox 3481 4896 3538 4941; x_wconf 85' lang='lat' dir='ltr'><strong>et</strong></span> 
     </span>
    </p>
   </div>
   <div class='ocr_carea' id='block_1_109' title="bbox 1962 4981 3540 5039">
    <p class='ocr_par' dir='ltr' id='par_1_109' title="bbox 1962 4981 3540 5039">
     <span class='ocr_line' id='line_1_109' title="bbox 1962 4981 3540 5039; baseline -0.002 -2"><span class='ocrx_word' id='word_1_803' title='bbox 1962 4983 2072 5038; x_wconf 88' lang='lat' dir='ltr'><strong>lilio</strong></span> <span class='ocrx_word' id='word_1_804' title='bbox 2127 4983 2430 5039; x_wconf 87' lang='lat' dir='ltr'><strong>Theodulo.</strong></span> <span class='ocrx_word' id='word_1_805' title='bbox 2497 4983 2886 5038; x_wconf 75' lang='lat' dir='ltr'><strong>Erexitantem</strong></span> <span class='ocrx_word' id='word_1_806' title='bbox 2950 4981 3072 5035; x_wconf 88' lang='lat' dir='ltr'><strong>illos</strong></span> <span class='ocrx_word' id='word_1_807' title='bbox 3150 4983 3540 5034; x_wconf 72' lang='lat' dir='ltr'><strong>santctissimus</strong></span> 
     </span>
    </p>
   </div>
   <div class='ocr_carea' id='block_1_110' title="bbox 1963 5073 3536 5147">
    <p class='ocr_par' dir='ltr' id='par_1_110' title="bbox 1963 5073 3536 5147">
     <span class='ocr_line' id='line_1_110' title="bbox 1963 5073 3536 5147; baseline -0.004 -16"><span class='ocrx_word' id='word_1_808' title='bbox 1963 5077 2228 5147; x_wconf 86' lang='lat' dir='ltr'><strong>pontifex,</strong></span> <span class='ocrx_word' id='word_1_809' title='bbox 2272 5088 2434 5146; x_wconf 82' lang='lat' dir='ltr'><strong>atque</strong></span> <span class='ocrx_word' id='word_1_810' title='bbox 2479 5075 2856 5146; x_wconf 83' lang='lat' dir='ltr'><strong>interrogavit,</strong></span> <span class='ocrx_word' id='word_1_811' title='bbox 2894 5088 2963 5126; x_wconf 92' lang='lat' dir='ltr'><strong>an</strong></span> <span class='ocrx_word' id='word_1_812' title='bbox 3003 5075 3290 5127; x_wconf 84' lang='lat' dir='ltr'><strong>crederent</strong></span> <span class='ocrx_word' id='word_1_813' title='bbox 3337 5073 3388 5125; x_wconf 87' lang='lat' dir='ltr'><strong>in</strong></span> <span class='ocrx_word' id='word_1_814' title='bbox 3427 5073 3536 5124; x_wconf 78' lang='lat' dir='ltr'><strong>llo-</strong></span> 
     </span>
    </p>
   </div>
   <div class='ocr_carea' id='block_1_111' title="bbox 1963 5167 3539 5223">
    <p class='ocr_par' dir='ltr' id='par_1_111' title="bbox 1963 5167 3539 5223">
     <span class='ocr_line' id='line_1_111' title="bbox 1963 5167 3539 5223; baseline -0.004 -1"><span class='ocrx_word' id='word_1_815' title='bbox 1963 5170 2173 5223; x_wconf 88' lang='lat' dir='ltr'><strong>minum</strong></span> <span class='ocrx_word' id='word_1_816' title='bbox 2203 5179 2449 5223; x_wconf 88' lang='lat' dir='ltr'><strong>nostrum</strong></span> <span class='ocrx_word' id='word_1_817' title='bbox 2482 5167 2668 5222; x_wconf 77' lang='lat' dir='ltr'><strong>Jesum</strong></span> <span class='ocrx_word' id='word_1_818' title='bbox 2703 5169 2999 5221; x_wconf 79' lang='lat' dir='ltr'><strong>Christum.</strong></span> <span class='ocrx_word' id='word_1_819' title='bbox 3035 5167 3132 5220; x_wconf 84' lang='lat' dir='ltr'><strong>Cui</strong></span> <span class='ocrx_word' id='word_1_820' title='bbox 3161 5181 3352 5220; x_wconf 88' lang='lat' dir='ltr'><strong>omnes</strong></span> <span class='ocrx_word' id='word_1_821' title='bbox 3405 5181 3539 5218; x_wconf 89' lang='lat' dir='ltr'><strong>con-</strong></span> 
     </span>
    </p>
   </div>
   <div class='ocr_carea' id='block_1_112' title="bbox 1963 5257 3542 5329">
    <p class='ocr_par' dir='ltr' id='par_1_112' title="bbox 1963 5257 3542 5329">
     <span class='ocr_line' id='line_1_112' title="bbox 1963 5257 3542 5329; baseline -0.005 -14"><span class='ocrx_word' id='word_1_822' title='bbox 1963 5261 2114 5316; x_wconf 91' lang='lat' dir='ltr'><strong>cordi</strong></span> <span class='ocrx_word' id='word_1_823' title='bbox 2149 5262 2329 5314; x_wconf 89' lang='lat' dir='ltr'><strong>animo</strong></span> <span class='ocrx_word' id='word_1_824' title='bbox 2365 5261 2768 5329; x_wconf 85' lang='lat' dir='ltr'><strong>responderunt</strong></span> <span class='ocrx_word' id='word_1_825' title='bbox 2805 5275 2819 5311; x_wconf 88' lang='lat'><strong>:</strong></span> <span class='ocrx_word' id='word_1_826' title='bbox 2856 5258 3169 5321; x_wconf 89' lang='lat' dir='ltr'><strong>Credimus,</strong></span> <span class='ocrx_word' id='word_1_827' title='bbox 3217 5257 3380 5310; x_wconf 67' lang='lat' dir='ltr'><strong>l’atc-r</strong></span> <span class='ocrx_word' id='word_1_828' title='bbox 3419 5273 3542 5308; x_wconf 80' lang='lat' dir='ltr'><strong>san-</strong></span> 
     </span>
    </p>
   </div>
   <div class='ocr_carea' id='block_1_113' title="bbox 1961 5351 3538 5430">
    <p class='ocr_par' dir='ltr' id='par_1_113' title="bbox 1961 5351 3538 5430">
     <span class='ocr_line' id='line_1_113' title="bbox 1961 5351 3538 5430; baseline -0.006 -22"><span class='ocrx_word' id='word_1_829' title='bbox 1961 5355 2222 5430; x_wconf 67' lang='lat' dir='ltr'><strong>ctissime,</strong></span> <span class='ocrx_word' id='word_1_830' title='bbox 2246 5355 2298 5408; x_wconf 93' lang='lat' dir='ltr'><strong>in</strong></span> <span class='ocrx_word' id='word_1_831' title='bbox 2320 5353 2556 5415; x_wconf 81' lang='lat' dir='ltr'><strong>Patrem,</strong></span> <span class='ocrx_word' id='word_1_832' title='bbox 2581 5361 2635 5407; x_wconf 89' lang='lat' dir='ltr'><strong>et</strong></span> <span class='ocrx_word' id='word_1_833' title='bbox 2659 5353 2876 5416; x_wconf 83' lang='lat' dir='ltr'><strong>Filium,</strong></span> <span class='ocrx_word' id='word_1_834' title='bbox 2896 5362 2952 5406; x_wconf 91' lang='lat' dir='ltr'><strong>et</strong></span> <span class='ocrx_word' id='word_1_835' title='bbox 2978 5351 3240 5421; x_wconf 81' lang='lat' dir='ltr'><strong>Spiritum</strong></span> <span class='ocrx_word' id='word_1_836' title='bbox 3265 5361 3538 5406; x_wconf 83' lang='lat' dir='ltr'><strong>sanctum.</strong></span> 
     </span>
    </p>
   </div>
   <div class='ocr_carea' id='block_1_114' title="bbox 1963 5443 3538 5515">
    <p class='ocr_par' dir='ltr' id='par_1_114' title="bbox 1963 5443 3538 5515">
     <span class='ocr_line' id='line_1_114' title="bbox 1963 5443 3538 5515; baseline -0.004 -17"><span class='ocrx_word' id='word_1_837' title='bbox 1963 5443 2117 5499; x_wconf 88' lang='lat' dir='ltr'><strong>Tunc</strong></span> <span class='ocrx_word' id='word_1_838' title='bbox 2176 5444 2424 5515; x_wconf 82' lang='lat' dir='ltr'><strong>pontifex</strong></span> <span class='ocrx_word' id='word_1_839' title='bbox 2465 5460 2561 5498; x_wconf 90' lang='lat' dir='ltr'><strong>eos</strong></span> <span class='ocrx_word' id='word_1_840' title='bbox 2602 5444 2899 5512; x_wconf 86' lang='lat' dir='ltr'><strong>baptizavit</strong></span> <span class='ocrx_word' id='word_1_841' title='bbox 2950 5445 3000 5496; x_wconf 91' lang='lat' dir='ltr'><strong>in</strong></span> <span class='ocrx_word' id='word_1_842' title='bbox 3039 5443 3261 5496; x_wconf 89' lang='lat' dir='ltr'><strong>nomine</strong></span> <span class='ocrx_word' id='word_1_843' title='bbox 3313 5451 3538 5501; x_wconf 64' lang='lat' dir='ltr'><strong>sanctae,</strong></span> 
     </span>
    </p>
   </div>
   <div class='ocr_carea' id='block_1_115' title="bbox 1962 5533 3539 5602">
    <p class='ocr_par' dir='ltr' id='par_1_115' title="bbox 1962 5533 3539 5602">
     <span class='ocr_line' id='line_1_115' title="bbox 1962 5533 3539 5602; baseline -0.004 -12"><span class='ocrx_word' id='word_1_844' title='bbox 1962 5537 2451 5590; x_wconf 78' lang='lat' dir='ltr'><strong>consubstantialis</strong></span> <span class='ocrx_word' id='word_1_845' title='bbox 2509 5545 2564 5589; x_wconf 92' lang='lat' dir='ltr'><strong>et</strong></span> <span class='ocrx_word' id='word_1_846' title='bbox 2621 5536 2920 5589; x_wconf 70' lang='lat' dir='ltr'><strong>individua:</strong></span> <span class='ocrx_word' id='word_1_847' title='bbox 2983 5547 3148 5602; x_wconf 86' lang='lat' dir='ltr'><strong>atque</strong></span> <span class='ocrx_word' id='word_1_848' title='bbox 3214 5533 3539 5586; x_wconf 63' lang='lat' dir='ltr'><strong>vixilicantis</strong></span> 
     </span>
    </p>
   </div>
   <div class='ocr_carea' id='block_1_116' title="bbox 1963 5624 3540 5690">
    <p class='ocr_par' dir='ltr' id='par_1_116' title="bbox 1963 5624 3540 5690">
     <span class='ocr_line' id='line_1_116' title="bbox 1963 5624 3540 5690; baseline -0.004 -10"><span class='ocrx_word' id='word_1_849' title='bbox 1963 5626 2269 5683; x_wconf 85' lang='lat' dir='ltr'><strong>Trinitatis.</strong></span> <span class='ocrx_word' id='word_1_850' title='bbox 2330 5627 2711 5682; x_wconf 84' lang='lat' dir='ltr'><strong>Ostendcrunt</strong></span> <span class='ocrx_word' id='word_1_851' title='bbox 2767 5637 2951 5682; x_wconf 88' lang='lat' dir='ltr'><strong>autem</strong></span> <span class='ocrx_word' id='word_1_852' title='bbox 3006 5627 3085 5680; x_wconf 90' lang='lat' dir='ltr'><strong>illi</strong></span> <span class='ocrx_word' id='word_1_853' title='bbox 3124 5637 3178 5679; x_wconf 90' lang='lat' dir='ltr'><strong>et</strong></span> <span class='ocrx_word' id='word_1_854' title='bbox 3212 5624 3375 5688; x_wconf 83' lang='lat' dir='ltr'><strong>idola,</strong></span> <span class='ocrx_word' id='word_1_855' title='bbox 3419 5636 3540 5690; x_wconf 59' lang='lat' dir='ltr'><strong>quin</strong></span> 
     </span>
    </p>
   </div>
   <div class='ocr_carea' id='block_1_117' title="bbox 1963 5714 3540 5788">
    <p class='ocr_par' dir='ltr' id='par_1_117' title="bbox 1963 5714 3540 5788">
     <span class='ocr_line' id='line_1_117' title="bbox 1963 5714 3540 5788; baseline -0.005 -17"><span class='ocrx_word' id='word_1_856' title='bbox 1963 5719 2202 5788; x_wconf 65' lang='lat' dir='ltr'><strong>proiiriis</strong></span> <span class='ocrx_word' id='word_1_857' title='bbox 2230 5719 2486 5774; x_wconf 89' lang='lat' dir='ltr'><strong>manibus</strong></span> <span class='ocrx_word' id='word_1_858' title='bbox 2509 5721 2969 5777; x_wconf 86' lang='lat' dir='ltr'><strong>eomininuerant.</strong></span> <span class='ocrx_word' id='word_1_859' title='bbox 2995 5719 3111 5784; x_wconf 89' lang='lat' dir='ltr'><strong>Qua</strong></span> <span class='ocrx_word' id='word_1_860' title='bbox 3139 5718 3205 5771; x_wconf 88' lang='lat' dir='ltr'><strong>de</strong></span> <span class='ocrx_word' id='word_1_861' title='bbox 3229 5732 3285 5770; x_wconf 89' lang='lat' dir='ltr'><strong>re</strong></span> <span class='ocrx_word' id='word_1_862' title='bbox 3310 5714 3540 5768; x_wconf 81' lang='lat' dir='ltr'><strong>sanctis-</strong></span> 
     </span>
    </p>
   </div>
   <div class='ocr_carea' id='block_1_118' title="bbox 1964 5805 3542 5882">
    <p class='ocr_par' dir='ltr' id='par_1_118' title="bbox 1964 5805 3542 5882">
     <span class='ocr_line' id='line_1_118' title="bbox 1964 5805 3542 5882; baseline -0.003 -19"><span class='ocrx_word' id='word_1_863' title='bbox 1964 5809 2135 5864; x_wconf 87' lang='lat' dir='ltr'><strong>simus</strong></span> <span class='ocrx_word' id='word_1_864' title='bbox 2169 5808 2414 5880; x_wconf 88' lang='lat' dir='ltr'><strong>pontifex</strong></span> <span class='ocrx_word' id='word_1_865' title='bbox 2464 5809 2665 5882; x_wconf 84' lang='lat' dir='ltr'><strong>gratias</strong></span> <span class='ocrx_word' id='word_1_866' title='bbox 2696 5810 2801 5880; x_wconf 82' lang='lat' dir='ltr'><strong>egit</strong></span> <span class='ocrx_word' id='word_1_867' title='bbox 2847 5809 2980 5876; x_wconf 88' lang='lat' dir='ltr'><strong>Deo,</strong></span> <span class='ocrx_word' id='word_1_868' title='bbox 3016 5820 3070 5865; x_wconf 91' lang='lat' dir='ltr'><strong>ct</strong></span> <span class='ocrx_word' id='word_1_869' title='bbox 3112 5824 3209 5878; x_wconf 86' lang='lat' dir='ltr'><strong>pro</strong></span> <span class='ocrx_word' id='word_1_870' title='bbox 3236 5807 3341 5864; x_wconf 88' lang='lat' dir='ltr'><strong>illis</strong></span> <span class='ocrx_word' id='word_1_871' title='bbox 3372 5805 3542 5861; x_wconf 75' lang='lat' dir='ltr'><strong>sacri-</strong></span> 
     </span>
    </p>
   </div>
  </div>
