3996 6456
426 382 571 455 ΜΨ

1674 383 1957 445 MENSIS
1995 380 2428 448 AUGUSTUS.

3585 376 3695 440 520

416 506 603 561 ficium
657 505 859 561 obtulit
915 503 1154 575 benigno
1214 508 1268 556 et
1299 499 1492 556 salutis
1537 507 1739 554 nostra:
1789 495 2000 552 auctori
2034 507 2077 560 Α
2111 512 2227 552 rum
2274 492 2536 562 reliquias
2586 491 2882 563 diligenter
2923 489 3185 560 inquiras.
3228 488 3362 542 Cum
3404 487 3507 542 hoc
3539 504 3704 543 mat:—

425 596 659 651 Domino
729 593 860 649 Jesu
907 593 1157 660 Christo;
1200 606 1408 669 eosque
1459 599 1663 646 sanctm
1708 588 2003 644 oblationis

419 687 720 758 participes
742 686 893 743 fecit.
917 689 1107 757 Itaque
1124 692 1234 740 tota
1257 685 1345 739 illa
1367 684 1564 740 domus
1588 681 1785 755 gaudio
1803 695 2004 753 magno

421 787 479 831 et
529 776 806 831 hilaritate
843 776 1044 847 repleta
1078 784 1187 830 est;

499 869 570 923 Χ.
614 867 835 923 Tertius
906 870 1024 924 dies
1068 869 1432 939 prteterierat,
1488 883 1611 922 cum
1682 865 2007 921 Valerianus

429 971 486 1014 et
555 959 843 1014 Gallienus
911 960 1272 1030 imperatores
1321 960 1481 1015 valde
1534 958 1685 1027 impii
1736 958 1854 1012 haec
1902 970 2007 1009 au-

428 1053 672 1117 dierunt,
706 1052 797 1120 qui
843 1050 1027 1106 furore
1069 1052 1308 1117 accensi,
1356 1051 1642 1120 jusserunt
1689 1046 2007 1101 Nemesium

426 1150 483 1197 et
513 1143 634 1211 ejus
683 1143 847 1195 filiam
901 1140 1195 1207 Lucillam,
1239 1141 1446 1196 indicta
1502 1154 1687 1201 causa,
1740 1136 2007 1207 torqueri.

432 1233 540 1289 Sed
567 1249 690 1287 cum
726 1233 893 1288 nullis
923 1233 1209 1288 tormentis
1235 1233 1303 1287 de
1334 1233 1608 1288 sententia
1642 1231 1849 1285 mereri
1883 1243 2010 1299 pos-

427 1333 574 1387 sent,
602 1325 726 1380 illos
751 1324 1071 1382 obtruncari
1113 1326 1418 1394 jusserunt.
1460 1325 1524 1378 Et
1554 1324 1678 1394 quia
1715 1322 2012 1393 cupiebant

424 1414 649 1468 Lucillae
699 1415 843 1485 patri
887 1417 1245 1486 persuadere,
1274 1425 1335 1469 ut
1368 1415 1696 1470 sententiam
1749 1422 2009 1476 mutaret,

424 1514 806 1574 prazceperunt
837 1506 1099 1561 Lucillam
1135 1506 1286 1576 prius
1324 1505 1666 1560 obtruncari.
1710 1503 1846 1558 Cum
1877 1518 2012 1557 vero

425 1610 482 1655 ct
515 1599 760 1656 Nemesii
790 1600 1134 1671 propositum
1167 1599 1361 1654 stabile
1410 1609 1577 1668 atque
1605 1597 1886 1673 immobile
1916 1612 2013 1651 co-

426 1694 767 1762 gnovissent,
803 1692 957 1746 illum
989 1693 1154 1747 etiam
1186 1693 1366 1746 securi
1404 1690 1616 1761 percuti
1641 1691 1928 1760 jusserunt
1957 1689 2013 1742 in

425 1784 549 1839 loco
576 1785 691 1847 illo,
715 1784 806 1852 qui
825 1792 909 1837 est
927 1783 1069 1837 inter
1091 1783 1228 1837 duas
1252 1785 1388 1845 vias,
1414 1784 1643 1853 Appiam
1668 1790 1721 1837 et
1739 1781 2011 1847 Latinam,

2106 587 2291 643 datum
2319 585 2621 654 accepisset
2648 583 3011 647 Tertullinus,
3047 592 3171 652 post
3198 584 3336 637 duos
3373 583 3491 637 dies
3522 586 3693 652 quam

2105 678 2388 749 presbyter
2422 676 2707 731 ordinatus
2747 685 2852 740 est,
2886 691 2917 729 a
2954 674 3136 728 Marco
3182 673 3400 727 tribuno
3445 689 3700 744 compre-

2114 772 2339 832 hensns,
2361 769 2426 823 ad
2446 768 2793 822 Valerianum
2813 767 3049 821 ducitur.
3066 765 3165 820 Cui
3194 766 3538 820 Valerianus:
3560 769 3698 838 Age,

2108 860 2311 930 inquit,
2340 859 2546 913 domini
2576 858 2647 913 tui
2670 860 2930 927 pecunias
2963 858 3072 912 huc
3097 858 3272 923 affer;
3301 872 3481 915 secus.
3526 857 3705 912 intz-r-

2109 952 2329 1008 ficieris.
2364 952 2443 1005 Ad
2474 952 2591 1005 brec
2611 951 2947 1005 Tertullinus
2980 950 3272 1020 respondit
3300 968 3314 1004 :
3343 951 3400 1005 Si
3435 965 3498 1018 [te
3536 951 3702 1003 unias

2112 1044 2320 1099 domini
2360 1043 2468 1096 mei
2499 1052 2554 1097 et
2613 1053 2669 1096 tu
2722 1043 2927 1096 habere
2980 1045 3160 1110 cupis.
3216 1051 3474 1096 aeternam
3526 1043 3701 1094 vitam

2111 1135 2327 1205 assequi
2361 1136 2601 1205 poteris;
2630 1150 2757 1187 nam
2790 1134 2879 1189 ille
2910 1150 3009 1203 pro
3033 1134 3258 1188 Christo
3290 1134 3550 1196 moriens,
3583 1131 3705 1186 Deo

2114 1229 2218 1298 ipsi
2254 1227 2545 1281 facultates
2576 1241 2703 1281 suas
2751 1227 2967 1291 obtulit,
3008 1227 3062 1280 in
3095 1226 3282 1280 futuro
3317 1226 3407 1280 illo
3440 1242 3558 1280 aavo
3604 1241 3709 1280 eas

2114 1329 2459 1391 recepturus.
2494 1320 2547 1374 Si
2582 1335 2712 1395 ergo
2739 1329 2794 1375 et
2833 1330 2889 1375 tu
2918 1335 3042 1376 vere
3074 1320 3128 1375 in
3166 1319 3335 1374 Deum
3374 1319 3704 1379 credideris,

2117 1424 2381 1484 mutaque
2403 1429 2467 1468 ac
2494 1428 2694 1468 sensus
2719 1414 2965 1484 expertia
2989 1414 3130 1468 idola
3159 1423 3478 1468 exsecratus
3502 1413 3702 1479 fueris,

2116 1506 2429 1561 misericors
2467 1513 2522 1560 et
2562 1504 2803 1559 clemens
2845 1504 2985 1559 Deus
3017 1512 3070 1558 te
3106 1504 3484 1573 poenitentiam
3534 1517 3711 1574 agm-

2118 1606 2228 1651 tem
2270 1597 2655 1667 amplectetur.
2709 1596 2865 1650 Tunc
2921 1596 3059 1649 dixit
3110 1593 3432 1649 Valerianus
3487 1614 3501 1648 :
3558 1597 3709 1667 Ergo

2118 1688 2327 1743 domini
2367 1688 2444 1742 tui
2497 1687 2749 1758 pecunia:
2784 1695 3044 1741 a-ternam
3076 1687 3241 1741 vitam
3276 1687 3351 1741 illi
3412 1686 3652 1742 afferunt
3682 1686 3709 1739 ?

2119 1781 2377 1843 Maxime,
2416 1781 2594 1852 inquit
2647 1780 3014 1847 Tertullinus,
3055 1789 3110 1835 et
3162 1796 3272 1835 non
3316 1781 3495 1835 solum
3541 1790 3714 1836 aster-

425 1890 537 1930 non
584 1875 746 1944 longe
794 1873 862 1928 ab
897 1873 1034 1929 urbe
1076 1874 1270 1928 Roma.
1331 1875 1556 1929 Postera
1615 1873 1703 1929 die
1761 1873 2012 1929 nefarius
2048 1861 2089 1915 Β
2121 1889 2248 1928 nam
2284 1875 2478 1940 vitam,
2510 1873 2604 1928 sed
2641 1882 2971 1943 perpetuum
3026 1874 3192 1927 etiam
3250 1888 3481 1943 regnum
3521 1874 3713 1926 conci-

427 1962 750 2022 Valerianus
774 1966 940 2038 jussit
969 1965 1377 2038 Sempronium,
1412 1967 1632 2038 publice
1658 1965 2014 2029 audiendum,

426 2059 565 2113 sisti.
601 2058 702 2113 Cui
755 2058 895 2113 dixit
930 2075 947 2112 :
983 2057 1169 2124 Quare
1218 2075 1329 2115 non
1365 2060 1609 2115 consulis
1643 2060 1738 2114 tibi
1799 2059 1922 2128 ipsi,
1962 2068 2017 2113 et

428 2151 533 2205 diis
564 2161 618 2205 te
642 2149 896 2220 subjicis,
934 2165 1033 2221 per
1081 2169 1217 2221 quos
1264 2140 1523 2209 universa
1566 2161 1765 2207 natura
1802 2153 2014 2224 regitur

427 2250 481 2295 et
506 2241 844 2311 gubernatur
861 2243 889 2296 τ
910 2243 1168 2298 Christus
1192 2259 1277 2299 me
1298 2245 1437 2315 regit
1453 2252 1505 2299 et
1524 2245 1812 2316 gubernat,
1839 2227 2019 2314 inquit

429 2331 817 2403 Sempronius,
848 2334 938 2404 qui
963 2344 1019 2388 et
1046 2336 1189 2389 hanc
1215 2335 1546 2390 sententiam
1572 2336 1705 2390 mihi
1731 2336 2019 2391 confirma-

443 2425 543 2479 vit.
581 2424 737 2481 Tunc
768 2424 938 2495 jussit
962 2427 1286 2482 Valerianus
1314 2427 1698 2499 Sempronium
1741 2427 1797 2481 in
1833 2428 2016 2498 ignem

428 2516 655 2585 conjici.
689 2517 887 2572 Milites
941 2518 1107 2589 igitur
1156 2534 1281 2573 cum
1322 2519 1503 2590 ignem
1554 2521 1785 2574 multum
1823 2535 2019 2574 accen-

427 2608 657 2673 dissent,
692 2611 1132 2671 sanctumillum
1174 2611 1354 2667 virum
1381 2612 1793 2681 Sempronium,
1820 2610 2020 2666 vinctis

429 2708 553 2768 post
578 2709 728 2771 terga
763 2700 1045 2765 manibus,
1082 2702 1138 2756 in
1186 2702 1423 2757 mediam
1459 2701 1730 2757 flammam
1764 2701 2020 2772 coniece-

433 2800 580 2846 runt.
608 2792 796 2862 Itaque
820 2794 1176 2849 beatissimus
1198 2804 1406 2866 martyr
1426 2792 1790 2865 Sempronius
1814 2794 1870 2848 in
1902 2809 2017 2847 me-

444 2884 531 2937 dia
569 2881 792 2937 ﬂamma
858 2885 1097 2954 positus,
1130 2885 1382 2954 spiritum
1446 2883 1579 2938 Jesu
1612 2884 1830 2939 Christo
1866 2898 2021 2938 com-

435 2976 734 3029 mendavit.
766 2976 1030 3031 Pretiosa:
1084 2987 1266 3031 autem
1298 2977 1476 3047 ipsius
1506 2976 1755 3047 reliquiae
1804 2978 2021 3033 intactae

434 3076 872 3134 permanserunt.
930 3068 1093 3123 Venit
1143 3077 1329 3123 autem
1375 3069 1570 3124 beatus
1600 3068 1850 3140 pontifex
1886 3069 2015 3125 Ste-

2120 1966 2280 2021 Iiant.

2188 2055 2328 2111 XIII.
2375 2056 2470 2110 liis
2506 2056 2727 2122 auditis,
2774 2056 3097 2112 Valerianus
3129 2057 3194 2109 ad
3247 2070 3343 2110 eos
3390 2071 3710 2111 sermonem

2126 2150 2388 2221 dirigens,
2434 2149 2525 2220 qui
2558 2149 2789 2205 aderant
2820 2168 2833 2204 :
2860 2150 3087 2218 Delirat,
3128 2149 3327 2219 inquit,
3361 2148 3712 2205 Tertullinus

2122 2243 2243 2298 iste.
2278 2232 2666 2298 Prosternatur
2701 2243 2868 2314 igitur
2901 2243 2956 2297 in
2988 2252 3211 2306 terram,
3237 2252 3293 2297 et
3324 2241 3510 2297 multis
3535 2244 3715 2314 virgis

2123 2335 2483 2405 percutiatur.
2521 2336 2710 2406 Itaque
2738 2351 2862 2391 cum
2903 2334 2964 2391 Β.
2992 2336 3332 2391 Tertullinus
3381 2336 3502 2391 sine
3538 2337 3717 2392 mise-

2122 2430 2356 2484 ricordia
2390 2431 2796 2495 verberarctur,
2820 2445 2951 2484 voce
2974 2446 3166 2500 magna
3193 2429 3408 2491 dicebat
3437 2447 3451 2486 :
3486 2428 3717 2486 Gratias

2121 2536 2221 2593 ago
2259 2521 2379 2585 tibi,
2425 2522 2654 2576 Domine
2684 2521 2811 2576 Jesu
2845 2520 3086 2583 Christe,
3120 2520 3263 2590 quod
3299 2535 3409 2573 non
3434 2520 3716 2591 disjnnxi-

2123 2614 2195 2669 sti
2231 2630 2319 2668 me
2343 2631 2373 2669 a
2405 2616 2629 2669 domino
2659 2630 2782 2670 meo
2834 2623 2890 2668 et
2918 2630 3077 2669 servo
3112 2621 3205 2667 tuo
3231 2611 3502 2685 Olympio,
3531 2615 3625 2682 qui
3657 2626 3719 2668 et

2120 2723 2209 2762 me
2240 2708 2536 2763 antecessit
2571 2707 2834 2778 martyrio
2878 2706 3121 2761 functus.
3158 2707 3293 2768 Cum
3344 2706 3526 2785 itaque
3567 2706 3718 2761 inter

2122 2799 2355 2854 verbera
2391 2809 2444 2853 et
2470 2799 2658 2873 plagas
2689 2800 2793 2854 hoc
2815 2799 3045 2859 diceret,
3075 2798 3238 2869 jussit
3260 2797 3559 2867 imperator
3589 2800 3715 2868 ejus

2120 2889 2385 2946 lateribus
2446 2890 2629 2964 ignem
2680 2890 2894 2961 subjici.
2945 2889 3042 2944 Cui
3116 2889 3311 2944 nefarii
3361 2900 3519 2959 atque
3553 2889 3709 2959 impii

2122 2981 2379 3037 homines
2402 2982 2509 3037 hoc
2526 2997 2670 3052 saepe
2689 2982 3073 3037 inculcabant:
3102 2980 3405 3036 Tertulline
3425 2983 3700 3050 sacrilege,

2123 3076 2291 3132 redde
2324 3075 2588 3146 pecunias
2632 3075 2837 3129 domini
2883 3075 2981 3130 tui.
3034 3073 3230 3130 Beatus
3276 3089 3409 3129 vero
3442 3072 3702 3128 Tertulli-

435 3159 655 3227 phanus
704 3174 826 3213 cum
880 3160 1093 3215 clericis
1127 3169 1183 3216 et
1228 3162 1360 3216 viris
1392 3161 1682 3232 religiosis,
1733 3165 2018 3233 sanctique
2046 3199 2089 3256 ο
2126 3186 2230 3224 nus
2259 3169 2532 3224 constanti
2570 3169 2755 3223 animo
2788 3178 2952 3238 atque
2977 3168 3135 3222 hilari
3169 3168 3320 3222 vultu
3351 3167 3567 3223 dicebat
3600 3167 3711 3221 Va-

432 3249 745 3318 Sempronii
784 3250 1042 3319 reliquias
1073 3251 1311 3323 collegit,
1361 3260 1420 3307 et
1456 3251 1575 3306 illas
1623 3266 1750 3307 cum
1782 3252 2019 3323 Olympii

428 3351 487 3395 et
511 3343 812 3406 sociorum,
870 3344 961 3411 qui
1021 3345 1173 3412 prius
1225 3353 1453 3416 prepter
1509 3345 1789 3401 Christum
1848 3347 2020 3402 inter-

432 3434 558 3491 fecti
584 3435 824 3499 fuerant,
852 3437 1222 3493 suauissimis
1271 3438 1521 3508 reliquiis
1551 3439 1861 3496 collocavit.

515 3525 605 3581 XI.
666 3527 797 3584 Post
856 3528 1062 3584 multos
1121 3528 1242 3584 diss
1297 3528 1623 3585 Valerianus
1657 3541 1709 3585 et
1742 3529 2021 3587 Gallienus

430 3629 723 3688 cmperunt
763 3622 980 3676 beatum
1032 3620 1349 3693 episcopum
1407 3620 1750 3693 Stephanum
1799 3633 1852 3680 et
1901 3627 2021 3695 ejus

432 3709 639 3763 clerum
680 3710 959 3782 inquirere
1012 3730 1026 3767 :
1080 3714 1212 3783 quin
1284 3714 1448 3769 etiam
1511 3714 1694 3771 edicto
1744 3718 2022 3788 preposito

426 3800 735 3872 jusserunt,
760 3811 824 3857 ut
850 3804 1169 3875 ubicunque
1192 3805 1401 3860 inventi
1426 3806 1682 3875 fuissent,
1705 3820 1823 3878 post
1853 3811 2021 3866 nmlta

431 3899 491 3944 et
521 3891 668 3947 varia
698 3901 1000 3958 tormenta,
1056 3903 1234 3950 morte
1265 3897 1621 3953 acerbissima
1662 3913 2019 3957 necarentur.

430 3982 620 4054 Itaque
680 3985 893 4041 detenti
954 3998 1083 4041 sunt
1148 3988 1335 4044 clerici
1398 3991 1711 4058 duodecim,
1774 4009 2016 4063 quorum

430 4076 654 4129 nomina
693 4077 809 4131 haec
843 4086 972 4132 sunt
1010 4096 1024 4134 :
1080 4077 1340 4148 Fausms,
1376 4080 1621 4150 Maurus,
1674 4085 2018 4147 Priniitirm,

428 4168 748 4221 (lolumnitts
792 4167 1240 4244 [Calumniosus],
1287 4172 1552 4241 Joannes,
1590 4176 2017 4247 Exuperantius,

429 4256 684 4327 Cyrillus,
707 4258 1039 4323 Honoratus,
1077 4260 1421 4318 Theodosius
1446 4264 1839 4340 [Theodorus],
1864 4267 2018 4323 Basi-

428 4352 555 4416 lius,
575 4353 854 4423 Castulus,
889 4356 1156 4414 Donatus.
1184 4358 1284 4425 Qui
1319 4376 1443 4414 cum
1471 4362 1657 4417 multis
1686 4364 2018 4419 cruciatibus

431 4450 835 4512 torquerentur,
862 4460 1040 4515 neque
1058 4447 1253 4503 adduci
1276 4460 1501 4519 possent
1524 4460 1584 4506 ut
1603 4451 1853 4509 facerent
1873 4455 2018 4525 quad

2130 3262 2348 3316 Ieriano
2380 3280 2391 3315 :
2422 3262 2555 3332 Age,
2596 3260 2787 3327 miser,
2848 3258 2933 3314 fac
2964 3259 3253 3315 celerrime
3285 3260 3545 3329 quidquid
3602 3261 3714 3322 vis,

2129 3362 2188 3409 ut
2214 3370 2312 3425 per
2348 3354 2668 3409 incendium
2707 3365 2760 3408 et
2798 3353 3051 3408 flammas
3095 3354 3230 3409 istas
3253 3369 3339 3413 me
3373 3354 3716 3419 sacrificium

2128 3448 2242 3503 Deo
2264 3455 2475 3519 gratum
2507 3446 2704 3501 offerre
2733 3448 2959 3516 possim.
2993 3447 3151 3501 Tunc
3179 3447 3347 3518 jussit
3387 3448 3724 3515 Valerianus

2129 3538 2495 3593 Tertullinum
2531 3554 2643 3591 non
2675 3539 2910 3609 an‘plins
2948 3540 3251 3601 verberari.
3294 3541 3388 3603 sed
3424 3540 3564 3603 tradi
3616 3540 3720 3593 Sa-

2128 3633 2292 3705 pritio
2342 3633 2494 3688 urbis
2537 3634 2777 3705 praesidi,
2829 3634 2918 3695 cui
2949 3635 3084 3693 dixit
3128 3653 3151 3699 ς
3200 3636 3332 3707 Age,
3374 3635 3595 3703 require
3648 3635 3724 3689 ab

2132 3725 2236 3781 isto
2282 3727 2548 3796 pecunias
2598 3725 2834 3798 Olympii
2874 3726 3082 3787 domini
3135 3727 3259 3793 sui;
3330 3727 3531 3782 deinde
3584 3744 3725 3802 coge

2130 3818 2282 3873 illum
2318 3819 2425 3873 diis
2458 3818 2669 3876 libare:
2704 3819 2849 3890 quod
2877 3819 2980 3874 nisi
3014 3819 3231 3885 fecerit,
3263 3820 3428 3875 variis
3461 3830 3680 3875 termer.
3708 3850 3723 3861 ς

2131 3910 2200 3963 ίέ
2235 3909 2537 3966 crucietur.

2206 4000 2346 4057 XIV.
2378 4002 2516 4057 Cum
2570 4003 2676 4059 hoc
2712 4004 3027 4058 mandatum
3069 4005 3373 4076 accepisset
3418 4005 3717 4075 Saprit'us,

2129 4094 2314 4147 statim
2343 4094 2579 4149 tribunal
2626 4094 2731 4151 sibi
2782 4095 2962 4166 parari
3000 4096 3163 4165 jussit
3207 4097 3257 4149 in
3312 4112 3377 4151 co
3419 4095 3565 4158 loco,
3625 4100 3715 4165 qn;

2128 4185 2432 4242 Mamertini
2467 4188 2663 4244 domus
2716 4189 3042 4259 appellatur,
3097 4188 3463 4260 praecepitque
3518 4189 3719 4245 adduci

2127 4279 2193 4333 al
2223 4295 2281 4335 se
2312 4289 2627 4351 martyrem,
2653 4297 2901 4350 praecone
2931 4280 3009 4336 sic
3037 4282 3315 4337 indicente
3347 4299 3362 4336 :
3400 4282 3721 4337 Adducatur

2129 4371 2235 4424 huc
2272 4371 2569 4442 sacrilegus
2600 4370 2939 4432 Tertullinus
2996 4391 3009 4427 :
3052 4373 3332 4429 Adductus
3380 4374 3565 4442 itaque
3619 4374 3721 4428 fuit

2127 4459 2492 4524 Tertullinus,
2524 4476 2688 4531 quem
2720 4477 2919 4540 praeses
2947 4461 3325 4536 interrogavit,
3357 4477 3466 4540 quo
3493 4468 3721 4515 nomine

424 4533 564 4627 iussi
655 4546 849 4604 erant,
932 4547 1215 4608 postremo
1284 4542 1643 4612 imperatores
1737 4546 2015 4615 jusserunt
2050 4559 2102 4617 ι)
2133 4562 2443 4606 vocaretur.
2489 4552 2588 4607 Cui
2629 4533 3316 4615 Tertullinus:Peccator,
3360 4536 3557 4627 inquit,
3597 4569 3719 4606 sum

429 4626 555 4682 illos
608 4628 924 4685 obtruncari
982 4632 1035 4685 in
1087 4633 1173 4686 via
1228 4648 1350 4703 quae
1393 4635 1705 4704 appellatur
1757 4639 2032 4707 Aquasdu-

429 4723 573 4772 ctus.
594 4716 840 4782 Quorum
862 4722 1171 4776 veneranda
1190 4736 1417 4793 corpora
1439 4725 1649 4779 curavit
1671 4724 2029 4794 Tertullinus,

429 4810 521 4878 qui
538 4810 719 4866 fuerat
739 4810 970 4883 Olympii
1003 4825 1216 4876 servus,
1244 4816 1497 4883 quamvis
1516 4815 1697 4872 adhuc
1718 4827 1867 4874 esset
1895 4833 2030 4888 gen-

431 4904 559 4977 .ilis,
592 4911 648 4957 et
669 4916 859 4957 eorum
897 4900 1157 4970 reliquias
1177 4902 1421 4971 reposuit
1455 4917 1629 4973 prope
1657 4918 1886 4974 corpora
1902 4920 2030 4959 san-

430 5004 643 5050 etorum
673 4993 860 5050 Juvini
897 5001 953 5048 et
982 4993 1200 5061 Basilei,
1232 4995 1288 5048 in
1322 4995 1410 5050 via
1436 4994 1655 5051 Latina.
1685 4997 1802 5054 Cal.
1835 4999 1973 5070 Aug.

507 5109 632 5164 XII.
692 5110 821 5165 Haec
898 5124 1023 5165 cum
1085 5109 1393 5166 audivisset
1444 5111 1641 5167 beatus
1716 5113 2031 5184 Stephanus

429 5199 712 5271 pontifex,
739 5199 905 5271 jussit
931 5199 999 5254 ad
1046 5213 1108 5254 se
1138 5199 1405 5255 accersiri
1436 5188 1831 5269 Tertullinum,
1857 5219 2019 5278 quem

429 5292 623 5347 multis
659 5293 1073 5347 hortationihus
1102 5291 1171 5347 ad
1202 5291 1573 5347 Christianam
1605 5293 1764 5348 fidem
1791 5308 2026 5349 conver-

428 5400 549 5439 sum
570 5382 840 5438 docuitde
870 5398 1042 5454 regno
1072 5382 1194 5447 Dei,
1216 5391 1272 5438 et
1299 5383 1800 5454 sempiternaeﬁitas
1825 5395 2030 5456 myste-

430 5476 527 5531 riis
568 5476 820 5543 initiavit,
868 5475 1327 5545 sanctissimoque
1391 5475 1721 5545 baptismate
1750 5477 2026 5548 purgavit,

431 5578 595 5639 atque
622 5569 777 5624 illum
831 5568 1014 5623 adhuc
1062 5569 1186 5623 alba
1232 5577 1383 5623 veste
1426 5568 1707 5635 indutu‘m,
1741 5570 2026 5625 ordinavit

431 5662 833 5732 presbyterum.
892 5659 1066 5725 Quem
1118 5675 1244 5715 cum
1302 5660 1581 5715 docuisset
1635 5661 1704 5714 de
1754 5659 1932 5713 salute
1960 5675 2025 5715 ac

432 5752 638 5817 cgelesti
664 5770 834 5823 regno
865 5764 1088 5809 sanctus
1116 5753 1363 5825 pontifex
1407 5772 1422 5809 :
1457 5754 1607 5817 Esto,
1638 5754 1816 5822 inquit
1846 5794 1861 5819 ,
1905 5753 2024 5821 tibi,

433 5842 628 5908 frater,
684 5847 789 5899 hoc
818 5860 958 5901 onus
990 5847 1331 5917 impositum,
1372 5855 1432 5900 ut
1464 5846 1763 5902 multorum.
1814 5854 2021 5916 marty-

2137 4659 2256 4714 ego,
2293 4658 2485 4698 servus
2514 4659 2798 4699 servorum
2828 4642 2958 4699 Jesn
2990 4642 3216 4699 Christi.
3251 4642 3406 4705 Tunc
3444 4642 3721 4712 Snprllius

2140 4749 2347 4803 praeses
2386 4736 2465 4790 sic
2495 4750 2618 4790 eum
2650 4733 2850 4789 affatus
2885 4742 2970 4797 est
3003 4751 3016 4786 :
3059 4733 3361 4788 Conatdcra
3396 4748 3519 4803 qua:
3569 4750 3719 4788 nunc

2138 4828 2231 4883 tibi
2270 4829 2685 4898 praecipiuntur,
2718 4834 2775 4888 et
2805 4827 2925 4882 sine
2956 4842 3109 4881 mora
3144 4826 3333 4893 facias,
3376 4828 3522 4895 quod
3571 4827 3718 4890 dico,

2133 4927 2194 4971 ut
2225 4917 2397 4971 vivas.
2453 4917 2551 4971 Eia
2600 4915 2765 4985 igitur
2812 4915 2917 4969 diis
2964 4913 3235 4981 sacrifica,
3271 4921 3324 4967 et
3359 4912 3550 4975 redde,
3601 4928 3723 4983 qum

2130 5010 2413 5083 jubemus,
2467 5011 2610 5064 bona
2665 5007 2899 5079 Olympii
2950 5006 3160 5060 domini
3216 5006 3326 5071 tui;
3382 5007 3466 5059 sin
3515 5006 3718 5069 minus,

2143 5113 2554 5158 tormentorum
2577 5100 2864 5171 suppliciis
2886 5107 3245 5169 consumptus
3273 5097 3462 5152 fueris.
3496 5098 3577 5150 Ad
3606 5096 3721 5151 haec

2134 5194 2419 5265 respondit
2447 5191 2788 5247 Tertullinus
2818 5207 2831 5244 :
2864 5191 2921 5245 Si
2958 5204 3151 5244 nosses
3186 5198 3406 5243 aeterna:
3441 5189 3567 5243 vita:
3600 5188 3721 5242 feli-

2132 5289 2383 5355 citatem,
2418 5303 2528 5341 non
2578 5302 2732 5341 esses
2761 5286 2831 5340 de
2882 5283 3142 5355 prmsenti
3190 5282 3392 5338 saeculo
3426 5281 3623 5335 anxius
3658 5295 3723 5336 ac

2132 5384 2418 5448 sollicitus,
2475 5395 2538 5434 ea
2579 5394 2779 5433 curans
2806 5392 2927 5448 quae
2969 5393 2999 5430 a
3031 5375 3393 5438 daemonibus,
3429 5388 3569 5443 quos
3621 5389 3719 5427 vos

2132 5478 2336 5542 colitis,
2370 5482 2762 5545 suggeruntur,
2799 5479 2855 5525 ct
2901 5470 2997 5525 tibi
3033 5477 3088 5523 et
3120 5468 3198 5522 tui
3240 5466 3517 5521 similibus
3551 5475 3721 5520 teter-

2132 5584 2233 5624 nos
2284 5566 2560 5622 cruciatus
2589 5563 2841 5617 afferent.
2876 5561 2971 5617 llis
2998 5560 3221 5625 auditis,
3256 5557 3530 5628 Sapritius
3579 5572 3722 5627 pras-

2132 5675 2219 5715 scs
2240 5658 2403 5729 jussit
2434 5654 2727 5710 Tcrtullini
2759 5652 2955 5709 faciem
2989 5653 3261 5724 lapidibus
3312 5650 3522 5706 collidi.
3573 5652 3722 5705 San-

2133 5764 2254 5808 ctus
2306 5766 2435 5805 vero
2505 5747 2869 5815 Tertullinus,
2905 5744 3017 5801 Deo
3073 5745 3275 5817 gratias
3323 5759 3515 5815 agens,
3580 5742 3724 5797 dixit

2133 5844 2347 5918 praesidi
2377 5859 2392 5897 :
2428 5841 2508 5897 Tu
2544 5856 2723 5899 meum
2756 5855 2818 5896 os
2864 5838 3139 5911 confringi
3174 5837 3407 5911 jussisti,
3439 5844 3497 5891 ei
3532 5833 3729 5892 Do:ni-.
