3996 6442
296 449 358 511 ξιξ
370 450 389 513 ι

1543 449 1727 511 vrm
1770 449 1830 507 s.
1878 448 2283 533 STEPHANI.

3440 454 3544 516 522

291 580 390 618 nus
444 576 599 617 meus
631 561 795 617 Iesus
826 558 1099 622 Christus,
1148 574 1309 629 quem
1349 573 1450 631 ego
1490 561 1630 624 colo,
1685 572 1736 615 te
1801 575 1866 614 ac
1895 567 1939 622 Α
1970 563 2321 619 beatissimus
2386 565 2631 635 pontifex
2674 582 2702 619 a
2761 566 3085 623 satellitibus
3139 575 3291 621 extra
3341 569 3542 623 moenia

286 653 555 710 diabolum
578 653 907 709 idololatriae
934 659 1214 709 auctorem
1242 660 1509 707 conteret.
1531 651 1687 708 Tune
1720 667 1860 723 prte-

287 761 374 800 scs
413 745 552 800 dixit
615 742 705 799 his
750 745 843 815 qni
899 755 1198 815 praesentes
1234 751 1392 798 erant
1436 763 1450 800 :
1485 742 1722 799 Curnam
1762 745 1864 798 iste

288 845 531 890 moratur
577 832 814 906 Olympii
859 834 1122 904 pecunias
1169 834 1444 889 reddere?
1504 835 1572 889 Et
1622 835 1689 889 ad
1739 850 1864 890 eum

286 943 622 985 conversus:
651 927 785 998 Age,
819 927 1018 997 inquit,
1045 925 1179 982 affer
1204 926 1468 990 pecunias
1503 942 1639 996 quas
1674 928 1862 994 dehes,

290 1028 342 1075 ct
392 1019 503 1074 diis
556 1019 827 1083 sacrifica,
884 1033 957 1074 ne
1026 1017 1207 1087 capite
1259 1017 1644 1080 obtruncatus,
1699 1019 1865 1073 vitam

291 1111 535 1165 amittas.
590 1109 897 1180 Respondit
940 1109 1277 1165 Tertullinus
1319 1127 1334 1163 :
1382 1107 1494 1178 Ego
1530 1109 1583 1163 in
1633 1109 1866 1164 Domino

290 1219 416 1258 meo
466 1202 598 1257 .lesu
656 1201 900 1269 Christo,
940 1203 1031 1257 cui
1069 1202 1306 1268 credidi,
1364 1202 1726 1257 confirmatus
1789 1203 1864 1258 ita

286 1311 431 1359 sum,
463 1305 520 1351 et
551 1295 625 1349 ita
651 1294 805 1349 illum
836 1294 1040 1349 habere
1064 1295 1246 1365 cupio,
1280 1303 1340 1349 ut
1369 1306 1692 1363 praesentem
1724 1294 1864 1349 hanc

286 1387 455 1441 vitam
493 1402 591 1457 pro
624 1387 799 1441 nihilo
831 1387 1053 1456 ducam,
1095 1387 1254 1458 cujus
1282 1387 1463 1442 nullos
1506 1397 1687 1443 certos
1729 1387 1865 1441 fines

287 1478 621 1535 constitutos
649 1479 836 1534 video.

356 1568 473 1624 XV.
536 1569 664 1624 Ilaec
712 1570 944 1625 audiens
990 1569 1283 1640 Sapritius.
1346 1570 1531 1626 furore
1575 1585 1865 1636 accensos,

283 1663 447 1733 jussit
476 1659 843 1715 Tertullinum
891 1660 944 1714 in
990 1660 1137 1730 ligno
1159 1661 1402 1727 extendi,
1449 1671 1503 1715 et
1551 1664 1736 1719 nervis
1770 1664 1863 1718 diu

287 1752 589 1808 verberari.
611 1751 750 1807 Cum
778 1753 944 1823 igitur
969 1752 1153 1807 nervis
1177 1753 1484 1807 caederetur
1506 1751 1866 1820 Tertullinus,

289 1847 561 1899 clamabat
590 1862 603 1898 :
636 1845 867 1899 Domine
893 1843 1023 1900 Jesu
1043 1844 1282 1909 Christe,
1311 1861 1380 1899 ne
1404 1845 1627 1900 deseras
1652 1862 1867 1903 servum

1968 667 2020 709 et
2054 644 2264 724 portam
2298 655 2525 725 Appiam
2557 654 2623 709 ad
2650 655 2916 726 templum
2948 655 3156 710 Martis.
3188 653 3309 722 Quo
3336 654 3390 709 in
3422 656 3543 709 lacn

1969 746 2264 817 episcopus
2305 744 2448 816 ipse,
2507 746 2764 802 omnibus
2807 747 3211 816 spectantibus,
3251 747 3441 801 oculos
3489 747 3544 800 in

1969 828 2166 893 cmlum
2203 838 2402 905 erexit,
2433 854 2495 894 ac
2534 839 2670 893 dixit
2718 856 2732 892 :
2788 839 3019 894 Domine
3054 839 3218 904 Deus,
3248 839 3407 895 Pater
3439 839 3547 895 Do-

1971 929 2103 983 mini
2144 930 2316 985 nostri
2342 929 2474 986 Jesu
2504 931 2730 997 Christi,
2768 933 2860 1002 qui
2893 933 3138 987 evertisti
3187 931 3381 986 turrim
3410 948 3547 986 con-

1974 1021 2207 1077 fusionis
2239 1022 2387 1093 apud
2444 1021 2801 1094 Babylonem,
2852 1024 3095 1090 destrue,
3147 1039 3356 1093 qumso,
3401 1038 3550 1077 nunc

1970 1123 2026 1167 et
2054 1112 2238 1169 locum
2273 1113 2443 1179 hunc,
2484 1115 2543 1169 in
2574 1131 2682 1185 quo
2713 1115 2914 1171 diaboli
2946 1116 3266 1186 superstitio
3310 1131 3409 1185 per
3432 1115 3550 1170 ido-

1970 1205 2149 1260 lorum
2194 1205 2400 1261 cultum
2444 1217 2753 1264 exercetur.
2798 1207 2936 1263 Cum
2976 1208 3091 1263 haec
3127 1208 3360 1263 dixisset
3408 1222 3548 1278 pon-

1973 1296 2129 1361 tifex,
2178 1309 2411 1367 repente
2451 1298 2598 1354 facto
2645 1300 2891 1355 tonitruo
2932 1309 2989 1354 et
3027 1300 3242 1370 fulgure
3283 1306 3545 1365 maxime,

1974 1388 2241 1459 templum
2292 1389 2480 1446 Martis
2531 1406 2728 1462 magna
2787 1407 2851 1445 ex
2887 1400 3043 1462 parte
3092 1391 3323 1445 corruit.
3390 1390 3548 1457 Quod

1972 1480 2224 1537 videntes
2243 1482 2470 1548 milites,
2501 1482 2880 1553 perterrefacti
2920 1483 3278 1554 aufugerunt,
3309 1501 3375 1540 ae
3421 1486 3553 1541 relic

1972 1582 2217 1643 querunt
2272 1566 2651 1629 beatissimum
2693 1575 3033 1645 Stephanum
3098 1592 3222 1631 eum
3291 1579 3553 1634 oninibus

1973 1658 2325 1726 Christianis,
2367 1664 2458 1734 qui
2514 1680 2639 1719 eum
2698 1667 2869 1721 secuti
2928 1667 3168 1723 fuerant.
3214 1668 3403 1739 Itaque
3461 1671 3552 1724 illa

1976 1753 2095 1821 ipsa
2126 1752 2260 1807 hora
2295 1751 2358 1805 Β.
2398 1752 2720 1823 Stephanus
2765 1754 2899 1809 abiit
2934 1770 3058 1810 cum
3100 1757 3354 1813 omnibus
3398 1758 3556 1814 Chri-

1977 1845 2191 1910 stianis,
2257 1860 2396 1916 quos
2460 1861 2646 1901 secum
2710 1846 2967 1911 habebat,
3027 1847 3096 1902 ad
3179 1852 3553 1904 caemeterium

290 1950 465 1998 tuum.
493 1937 591 2007 qui
633 1938 794 1992 tidem
844 1946 900 1992 et
942 1952 1094 2006 spem
1147 1953 1304 1992 suam
1334 1937 1388 1992 in
1440 1947 1491 1992 te
1522 1939 1807 1994 collocavit
1852 1958 1866 1994 :
1899 1915 1946 1969 Β
1981 1935 2040 1989 Β.
2070 1915 2404 2009 I.ucill:e[al.
2431 1936 2696 2009 Lucium],
2722 1938 2815 1993 ubi
2847 1937 3037 1994 multis
3064 1938 3549 1995 adhortationibus

288 2031 384 2085 sed
418 2031 486 2085 da
526 2031 691 2097 vires,
728 2038 787 2084 ut
812 2030 863 2082 in
920 2038 1106 2085 sancta
1134 2039 1190 2085 et
1222 2033 1369 2085 recta
1396 2029 1741 2086 confessione
1774 2039 1865 2086 tua

289 2134 665 2189 perseverem,
703 2119 966 2189 quoniam
1011 2127 1069 2174 tu
1127 2135 1188 2175 es
1241 2136 1371 2190 spes
1425 2136 1567 2185 mea,
1606 2119 1707 2175 Fili
1768 2121 1867 2175 Dei

290 2209 415 2265 vivi.
472 2208 594 2263 Mox
649 2210 815 2279 jussit
884 2209 1159 2281 Sapritius
1217 2210 1587 2267 Tertullinum
1639 2211 1695 2267 in
1747 2221 1867 2268 rota

290 2301 565 2371 suspendi.
605 2303 745 2357 Dum
773 2302 935 2373 igitur
962 2304 1015 2357 in
1049 2313 1165 2359 rota
1208 2304 1475 2381 penderet
1518 2305 1711 2361 beatus
1755 2306 1871 2372 ille,

291 2392 525 2461 Spiritus
570 2395 748 2450 sancti
800 2395 1071 2451 auxilium
1122 2395 1438 2452 invocabat.
1494 2396 1631 2453 Cum
1686 2407 1871 2452 autem

295 2485 464 2554 ipsius
490 2487 733 2541 animum
763 2503 828 2543 ac
872 2488 1217 2558 propositum
1248 2489 1321 2543 ita
1349 2488 1565 2544 firmum
1598 2498 1653 2544 et
1682 2490 1876 2546 stabile

294 2578 519 2633 vidisset
566 2578 861 2650 Sapritius,
912 2589 973 2634 ut
1016 2582 1223 2636 moveri
1269 2597 1379 2635 non
1436 2591 1640 2651 posset,
1691 2580 1878 2636 retulit

297 2666 587 2724 Valeriano
609 2680 868 2741 tyranno,
895 2671 1263 2726 Tertullinum
1286 2672 1454 2729 nullis
1487 2674 1673 2739 minis,
1706 2674 1876 2728 nullis

294 2761 794 2827 adhortationibus,
852 2762 1024 2817 nullis
1076 2762 1318 2833 denique
1378 2763 1722 2819 cruciatibus
1786 2774 1881 2819 aut

295 2853 564 2908 machinis
594 2853 793 2909 adduci
825 2869 1010 2925 posse,
1038 2863 1099 2909 ut
1123 2855 1208 2910 vel
1230 2854 1339 2911 diis
1369 2855 1632 2924 immolet,
1660 2857 1744 2912 vel
1782 2857 1880 2911 do-

298 2944 425 3000 mini
465 2944 548 2998 sui
606 2944 892 3000 facultates
922 2961 986 3001 ac
1013 2947 1273 3016 pecunias
1295 2946 1348 3001 in
1371 2947 1614 3002 medium
1660 2948 1877 3004 afferat.

296 3038 447 3095 Tune
482 3037 798 3097 Valerianus
827 3042 1155 3097 sententiam
1206 3041 1413 3108 ferens,
1447 3042 1609 3112 jussit
1636 3042 1887 3099 Tertulli-

298 3148 424 3186 nutn
438 3131 831 3187 obtruncari.E
850 3142 965 3188 rota
984 3132 1149 3204 igitur
1161 3133 1671 3204 depositus,ductus
1684 3146 1770 3189 est
1786 3150 1885 3207 per

298 3220 436 3274 viam
457 3219 706 3276 Latinam
722 3222 789 3276 ad
808 3222 1110 3278 secundum
1130 3223 1280 3279 urbis
1298 3222 1673 3296 lapidem,quo
1689 3226 1744 3279 in
1766 3227 1884 3283 loco

299 3311 396 3367 fuit
427 3313 608 3383 capite
629 3315 1007 3369 obtruncatus.
1033 3315 1166 3384 Ejus
1188 3325 1371 3371 autem
1395 3316 1660 3388 reliquias
1682 3317 1741 3373 Β.
1759 3318 1886 3374 Ste-

301 3404 512 3473 phanus
546 3404 786 3475 collegit,
835 3414 890 3460 et
915 3405 1166 3475 sepelivit
1191 3406 1245 3460 in
1284 3416 1632 3479 crypta,quae
1657 3426 1886 3467 arenosa

300 3494 528 3561 dicitur,
549 3496 725 3567 pridie
748 3496 1015 3552 Kalendas
1032 3499 1261 3570 August.
1284 3497 1442 3572 [Cod
1459 3501 1582 3556 Kal.
1606 3503 1883 3577 Augusti].

367 3587 512 3643 XVI.
545 3589 774 3643 Postero
807 3596 989 3645 autem
1024 3591 1113 3646 die
1143 3590 1472 3647 Valerianus
1505 3593 1652 3649 misit
1683 3597 1885 3650 cohor-

304 3688 431 3744 tem,
455 3696 580 3750 quae
597 3681 819 3735 beatum
838 3682 1154 3752 pontificem
1179 3682 1524 3754 Stephanum
1550 3702 1675 3742 cum
1696 3689 1884 3745 multis

302 3768 540 3836 clericis,
574 3773 913 3843 presbyteris
948 3789 1013 3829 ac
1064 3774 1319 3830 diaconis
1359 3778 1880 3848 comprehenderet.

300 3863 434 3920 Cum
468 3867 639 3936 igitur
661 3866 902 3936 pontifex
925 3874 982 3921 et
1009 3867 1132 3937 ejus
1161 3868 1346 3923 clerici
1378 3885 1504 3925 eum
1532 3887 1599 3925 eo
1626 3888 1883 3944 compre-

305 3952 700 4019 hensiesseut,
737 3956 962 4026 plurimi
1010 3957 1315 4013 Christiani
1364 3959 1613 4031 lugentes
1661 3963 1884 4034 alonge

302 4046 425 4101 illos
458 4048 853 4116 sequebantur.
880 4048 1074 4104 Postea
1107 4065 1242 4105 vero
1272 4066 1437 4121 quam
1472 4051 1534 4106 Β.
1571 4052 1887 4125 Stephanus

296 4141 452 4211 jussu
493 4139 769 4195 Valeriani
801 4149 928 4196 ante
957 4142 1131 4212 ipsius
1163 4141 1405 4199 tribunal
1459 4147 1613 4202 stetit
1653 4166 1668 4203 τ
1702 4149 1884 4215 Tune,

302 4233 485 4302 inquit
521 4233 944 4289 scelestissimus
984 4235 1308 4305 imperator,
1337 4252 1397 4291 es
1420 4237 1511 4294 ille
1545 4238 1883 4310 Stephanus,

303 4325 396 4395 qui
423 4323 830 4394 rempublicam
861 4336 1106 4381 nostram
1139 4328 1463 4397 perturbare
1492 4344 1557 4384 ac
1585 4332 1886 4391 dissolvere

305 4428 611 4487 aggressus
661 4430 745 4481 es,
783 4415 988 4486 quique
1038 4419 1286 4473 consiliis
1318 4428 1370 4475 et
1434 4424 1731 4495 praestigiis
1780 4429 1889 4481 tuis

303 4510 510 4565 suades
526 4508 753 4578 populo,
783 4517 837 4562 ut
866 4524 896 4562 a
921 4509 1147 4564 deorum
1179 4510 1326 4565 cultu
1348 4512 1658 4569 desciscat?
1686 4518 1887 4574 Adhaec

1970 2027 2313 2085 Christianos
2369 2031 2783 2095 consolabatur,
2846 2031 2996 2100 ipsos
3046 2030 3281 2086 hortans
3328 2041 3385 2086 et
3427 2049 3556 2086 eor-

1973 2115 2264 2184 roborans,
2298 2133 2369 2173 ne
2406 2129 2760 2190 tyrannorum
2792 2120 2968 2174 minas
2999 2130 3056 2175 et
3074 2130 3342 2176 tormenta
3369 2121 3557 2176 formi-

1975 2206 2188 2271 darent,
2211 2223 2335 2262 eum
2364 2209 2765 2279 Dominusipse
2796 2210 2942 2265 dicat
2977 2209 3196 2265 :Nolite
3233 2212 3417 2266 timere
3467 2230 3553 2267 eos

1980 2300 2070 2367 qui
2095 2310 2315 2367 possunt
2341 2303 2580 2356 occidere
2616 2319 2826 2372 corpus,
2874 2303 3115 2357 animam
3146 2320 3267 2358 vero
3297 2321 3400 2359 non
3432 2323 3557 2375 pos-

1976 2400 2096 2444 sunt
2129 2393 2362 2447 occidere
2402 2411 2420 2448 .'
2446 2394 2625 2447 timete
2651 2394 2825 2457 illum,
2869 2396 2958 2464 qui
3000 2406 3168 2463 potest
3218 2406 3268 2449 et
3318 2398 3557 2451 animam

1979 2491 2026 2538 et
2056 2498 2246 2552 corpus
2272 2485 2489 2552 perdere
2527 2486 2582 2539 in
2611 2486 2902 2555 gehennam
2946 2486 2984 2540 ¹.
3019 2486 3116 2541 IIis
3153 2487 3557 2542 adhortationi-

1981 2575 2084 2631 bus
2144 2576 2322 2631 bonus
2370 2577 2460 2632 ille
2511 2585 2699 2647 pastor
2739 2577 2991 2647 proprias
3024 2562 3157 2633 oves
3200 2579 3557 2643 confirmans,

1982 2667 2179 2722 obtulit
2209 2666 2427 2722 Christo
2450 2667 2563 2723 Deo
2588 2668 2956 2738 omnipotenti
2985 2668 3343 2723 oblationem.

2055 2760 2217 2817 XVII.
2250 2761 2321 2815 At
2356 2761 2555 2831 impius
2579 2741 2922 2824 Valerianus,
2956 2776 3079 2816 cum
3111 2770 3166 2816 et
3193 2761 3380 2816 Martis
3425 2772 3561 2817 tem-

1988 2854 2141 2925 plum
2181 2866 2435 2907 eversum
2478 2853 2668 2919 fuisse,
2716 2862 2773 2908 et
2822 2850 3262 2909 Christianorum
3314 2855 3563 2910 innititu—

1987 2946 2170 2999 dinem
2216 2960 2341 2999 cum
2402 2944 2663 3015 pontifice
2725 2944 3005 3014 Stephano
3056 2959 3180 3000 esse
3227 2945 3554 3009 audivisset.

1989 3036 2138 3090 misit
2173 3035 2372 3089 milites
2398 3035 2559 3105 longe
2601 3035 2787 3103 plures
2820 3034 2907 3091 his
2956 3050 3097 3104 quos
3123 3044 3284 3090 antea
3314 3036 3561 3092 miserat.

1989 3129 2093 3195 Qui
2129 3144 2253 3183 cum
2291 3130 2595 3193 Venissent,
2632 3128 2966 3182 invenerunt
2990 3129 3209 3184 beatum
3249 3131 3563 3200 pontificem

1993 3221 2335 3290 Stephanum
2386 3219 2497 3274 Deo
2549 3219 2880 3274 sacrificium
2932 3219 3276 3276 oﬂerentem.
3342 3222 3563 3289 Illorum

1989 3321 2174 3367 autem
2199 3313 2439 3367 adventu
2463 3321 2686 3368 sanctus
2721 3311 3014 3382 episcopus
3045 3312 3182 3367 nihil
3215 3316 3567 3381 perturbatus

1988 3414 2095 3470 est,
2144 3405 2238 3459 sed
2279 3405 2576 3473 tranquillo
2610 3413 2667 3458 et
2721 3404 2910 3474 quieto
2962 3407 3149 3459 animo
3195 3402 3415 3460 Christo
3455 3408 3574 3462 Deo

1990 3496 2317 3550 sacrificium
2349 3497 2569 3558 obtulit,
2618 3507 2782 3565 atque
2822 3495 3026 3550 ibidem
3058 3496 3240 3565 capite
3272 3499 3567 3554 obtrunca-

1989 3598 2080 3643 tus
2114 3597 2220 3655 est,
2263 3596 2461 3658 quarto
2504 3587 2692 3642 Nonas
2747 3588 3002 3659 Augusti.
3060 3588 3356 3644 Christiani
3411 3608 3564 3655 vero,

1987 3679 2079 3749 qui
2102 3688 2260 3732 erant
2282 3678 2412 3742 illic,
2432 3692 2556 3732 cum
2578 3692 2636 3731 se
2664 3677 2757 3732 tali
2785 3688 3006 3747 pastore
3032 3680 3254 3735 orbatos
3276 3680 3562 3744 vidissent,

1988 3771 2189 3825 multas
2220 3770 2484 3841 lacrymas
2520 3768 2856 3824 effuderunt.
2903 3769 3038 3838 Ejus
3069 3778 3255 3824 autem
3298 3784 3566 3826 veneran-

1996 3863 2125 3918 dum
2168 3875 2371 3932 corpus
2440 3860 2496 3915 in
2552 3860 2642 3914 illa
2693 3860 2885 3914 eadem
2926 3870 3114 3931 crypta
3166 3860 3564 3931 deposuerunt,

1993 3955 2083 4010 ubi
2114 3963 2171 4009 et
2205 3954 2325 4025 ejus
2366 3954 2588 4024 sanguis
2623 3952 2831 4008 effusus
2878 3952 3078 4018 fuerat,
3118 3953 3173 4007 in
3224 3956 3313 4009 via
3365 3957 3563 4026 Appia,

1989 4049 2044 4104 in
2074 4065 2179 4117 qua
2214 4058 2417 4120 martyr
2456 4048 2543 4102 ille
2567 4047 2738 4102 multa
2771 4060 2894 4101 cum
2926 4061 3061 4116 pace
3092 4047 3359 4117 requievit
3391 4048 3492 4121 (I).

2066 4141 2257 4197 XVIII.
2318 4142 2524 4197 Eodem
2580 4142 2667 4197 die
2737 4139 2941 4196 milites
2992 4139 3262 4195 idolorum
3323 4145 3566 4199 cultores

1989 4236 2278 4291 diaconum
2339 4234 2414 4306 (Ξ)
2455 4237 2744 4305 quemdam
2828 4240 3178 4302 invenerunt,
3230 4234 3565 4292 Tltarsitium

1990 4329 2237 4394 nomine,
2288 4329 2383 4399 qui
2433 4330 2784 4400 purissimum
2837 4332 3038 4386 Christi
3087 4342 3287 4400 cerpus
3338 4330 3565 4385 ferebat.

1989 4422 2545 4494 Comprehenderunt
2597 4423 2767 4495 igitur
2815 4423 2968 4478 illum
3020 4424 3225 4477 milites
3275 4439 3289 4476 :
3339 4439 3572 4491 cumquo

1992 4519 2265 4573 curiosius
2302 4518 2370 4572 ab
2392 4533 2459 4573 eo
2490 4518 2851 4585 inquirerent,
2876 4519 3149 4588 quidnam
3165 4533 3352 4572 secum
3372 4516 3567 4578 ferret.

301 4609 531 4656 sanctus
558 4599 849 4669 episcopus
878 4597 1194 4669 Stephanus
1247 4604 1532 4671 respondit
1563 4623 1576 4662 :
1604 4605 1713 4676 Ego
1746 4624 1890 4663 rcm-
1925 4618 1965 4671 D
1995 4620 2052 4664 et
2080 4610 2197 4680 ipse
2227 4609 2510 4681 indignum
2542 4609 2814 4679 judicaret
2844 4619 2971 4664 ante
3002 4624 3201 4679 porcos
3245 4609 3570 4679 margaritas

303 4694 585 4764 publicam
643 4707 755 4746 non
794 4693 1081 4762 perturbo,
1137 4693 1233 4749 sed
1289 4694 1562 4751 admoneo
1595 4708 1652 4754 et
1702 4701 1891 4756 hortor

302 4799 502 4839 omnes
530 4783 804 4845 homines,
836 4793 897 4838 ut
925 4783 1205 4839 derelictis
1234 4784 1604 4855 daemonibus,
1636 4792 1727 4861 qui
1755 4794 1892 4849 ado-

302 4885 504 4930 rantur
552 4874 609 4928 in
641 4873 762 4929 istis
794 4874 994 4929 vestris
1050 4875 1232 4942 idolis,
1268 4878 1335 4933 ad
1374 4894 1565 4933 verum
1632 4881 1799 4938 Deum
1830 4900 1888 4939 se

301 4974 661 5024 convertant.
702 4965 867 5038 Ergo,
899 4965 1078 5035 inquit
1107 4967 1456 5036 Valerianus,
1488 4980 1546 5025 tu
1578 4974 1764 5028 statim
1800 4974 1887 5029 in-

302 5056 673 5127 terﬁciendus
698 5072 779 5123 es,
823 5066 888 5113 ut
920 5058 1013 5112 alii
1051 5062 1306 5131 exemplo
1341 5070 1436 5119 tuo
1482 5066 1884 5135 perterrefacti,

299 5150 642 5220 resipiscam
674 5157 731 5203 et
762 5152 968 5204 vivant.
1003 5147 1100 5206 His
1131 5152 1319 5222 dictis,
1347 5155 1514 5227 jussit
1542 5157 1595 5211 in
1622 5159 1883 5229 templum

300 5242 496 5298 Martis
550 5240 891 5312 Stephanum
958 5243 1273 5315 pontificem
1345 5249 1497 5313 duci,
1554 5258 1718 5320 atque
1774 5250 1888 5307 illic

302 5337 650 5392 sententiam
677 5336 745 5391 de
793 5337 884 5392 illo
940 5338 1310 5407 pronuntiari.
1349 5341 1683 5397 Ductus'est
1723 5342 1887 5416 igitur

415 5521 431 5551 '
469 5516 660 5571 Matth.
698 5534 746 5580 ς,
773 5518 868 5572 28.

384 5679 464 5749 (I)
495 5679 621 5733 Lat.
640 5675 777 5749 cod.
802 5691 833 5749 Δι
868 5672 1197 5749 Sepelierunt
1220 5688 1409 5749 corpus
1454 5674 1570 5742 ejus
1609 5687 1729 5749 cum
1764 5672 1885 5749 ipsa

303 5741 717 5816 sede'sanyuine
763 5745 879 5813 ejus
917 5741 1425 5816 tispergajnendem
1455 5741 1661 5813 crypta,
1697 5741 1886 5795 inloco

305 5824 400 5892 qui
420 5812 624 5892 dicitur
649 5812 1015 5892 Carataci-iuni
1048 5812 1255 5892 Calist'i.
1290 5832 1308 5865 ι
1539 5820 1543 5824 ’

384 5891 463 5961 (ξ)
502 5886 622 5941 Lat.
658 5885 781 5938 eod.
815 5885 1141 5937 acalntlmm.
1176 5882 1309 5936 Nam
1341 5898 1451 5937 non
1478 5882 1746 5939 acoluthis
1770 5892 1889 5937 tan-

637 5980 910 6040 I‘ATnOL.
945 5980 1058 6037 Cn.
1099 5980 1269 6041 CXV.

1996 4699 2286 4770 projicere,
2316 4699 2465 4753 nulla
2503 4698 2711 4752 ratione
2745 4698 2941 4752 adduci
2975 4698 3172 4766 potuit,
3202 4706 3263 4751 ut
3287 4697 3570 4751 sanctissi-

1999 4806 2146 4845 mum
2182 4804 2247 4844 ac
2288 4790 2642 4860 purissimum
2680 4797 3081 4844 sacramentum
3115 4787 3345 4856 impuris
3389 4786 3569 4841 homi-

1996 4882 2158 4938 nibus
2188 4883 2478 4937 revelaret.
2517 4880 2696 4952 Virgis
2732 4880 2898 4952 igitur
2938 4890 2993 4934 et
3025 4879 3299 4948 lapidibus
3328 4892 3570 4948 eousque

1996 4975 2333 5030 Tharsitium
2377 4974 2768 5035 contuderunt,
2806 4970 2985 5042 quoad
3038 4970 3295 5040 spiritum
3347 4970 3568 5026 efﬂavit.

1993 5066 2132 5123 Cum
2171 5081 2300 5121 vero
2328 5065 2450 5136 ejus
2477 5081 2678 5135 covpus
2710 5065 2966 5120 exanime
2998 5078 3095 5131 per
3125 5070 3327 5117 terram
3355 5063 3568 5118 voluta-

1997 5171 2173 5222 retur,
2204 5158 2409 5214 curiosi
2440 5167 2497 5213 et
2530 5158 2783 5228 sacrilegi
2816 5156 3018 5211 milites
3049 5171 3226 5225 neque
3274 5155 3377 5211 sub
3423 5155 3568 5210 ulnis

1998 5252 2139 5306 intra
2167 5250 2430 5315 manicas,
2459 5265 2637 5320 neque
2666 5250 2768 5303 sub
2797 5247 3040 5303 vestibus
3071 5246 3273 5317 aliquid
3320 5245 3570 5300 invenire

2002 5348 2319 5414 potuerunt.
2351 5340 2561 5398 Relicto
2589 5341 2752 5412 igitur
2800 5340 2901 5405 sic,
2959 5349 3020 5394 ut
3068 5346 3207 5400 crat.
3257 5336 3570 5391 venerando

1998 5682 2136 5733 tum.
2173 5674 2267 5729 sed
2298 5686 2354 5728 et
2388 5675 2540 5731 laicis
2585 5676 2719 5749 olim
2741 5678 3122 5749 persecutione
3182 5688 3407 5748 urgente
3437 5692 3572 5733 con-

1995 5757 2209 5867 cessurp
2238 5753 2356 5800 erat
2393 5755 2674 5818 acceptam
2708 5747 2762 5803 in
2790 5748 3026 5805 Ecclesia
3055 5747 3449 5805 Eucharistiam
3471 5751 3577 5805 do-

1996 5828 2143 5867 mum
2198 5829 2338 5867 erre.

1996 5828 2143 5867 mum
2176 5828 2338 5870 terre.

3224 5983 3291 6048 17
