  <div class='ocr_page' id='page_1' title='image "/cluster/home/n/w/nwhite01/storage/ocr_20150623/115:no.2/coo.31924054870195/269.png"; bbox 0 0 3996 6444; ppageno 0'>
   <div class='ocr_carea' id='block_1_1' title="bbox 391 408 498 468">
    <p class='ocr_par' dir='ltr' id='par_1_1' title="bbox 391 408 498 468">
     <span class='ocr_line' id='line_1_1' title="bbox 391 408 498 468; baseline 0.009 -1"><span class='ocrx_word' id='word_1_1' title='bbox 391 408 498 468; x_wconf 68' lang='grc'><strong>523</strong></span> 
     </span>
    </p>
   </div>
   <div class='ocr_carea' id='block_1_2' title="bbox 1646 391 2395 459">
    <p class='ocr_par' dir='ltr' id='par_1_2' title="bbox 1646 391 2395 459">
     <span class='ocr_line' id='line_1_2' title="bbox 1646 391 2395 459; baseline 0.011 -9"><span class='ocrx_word' id='word_1_2' title='bbox 1646 391 1933 452; x_wconf 73' lang='lat' dir='ltr'><strong>MENSIS</strong></span> <span class='ocrx_word' id='word_1_3' title='bbox 1971 395 2395 459; x_wconf 80' lang='lat' dir='ltr'><strong>AUGUSTUS.</strong></span> 
     </span>
    </p>
   </div>
   <div class='ocr_carea' id='block_1_3' title="bbox 3547 401 3650 465">
    <p class='ocr_par' dir='ltr' id='par_1_3' title="bbox 3547 401 3650 465">
     <span class='ocr_line' id='line_1_3' title="bbox 3547 401 3650 465; baseline 0 0"><span class='ocrx_word' id='word_1_4' title='bbox 3547 401 3650 465; x_wconf 61' lang='lat' dir='ltr'><strong>Mi</strong></span> 
     </span>
    </p>
   </div>
   <div class='ocr_carea' id='block_1_4' title="bbox 393 502 3651 581">
    <p class='ocr_par' dir='ltr' id='par_1_4' title="bbox 393 502 3651 581">
     <span class='ocr_line' id='line_1_4' title="bbox 393 502 3651 581; baseline -0.002 -6"><span class='ocrx_word' id='word_1_5' title='bbox 393 522 486 577; x_wconf 84' lang='lat' dir='ltr'><strong>ilio</strong></span> <span class='ocrx_word' id='word_1_6' title='bbox 527 515 786 572; x_wconf 83' lang='lat' dir='ltr'><strong>Tharsitii</strong></span> <span class='ocrx_word' id='word_1_7' title='bbox 818 526 1068 580; x_wconf 80' lang='lat' dir='ltr'><strong>corpore,</strong></span> <span class='ocrx_word' id='word_1_8' title='bbox 1107 506 1278 559; x_wconf 80' lang='lat' dir='ltr'><strong>multo</strong></span> <span class='ocrx_word' id='word_1_9' title='bbox 1310 519 1430 558; x_wconf 85' lang='lat' dir='ltr'><strong>eum</strong></span> <span class='ocrx_word' id='word_1_10' title='bbox 1478 513 1698 572; x_wconf 87' lang='lat' dir='ltr'><strong>stupore</strong></span> <span class='ocrx_word' id='word_1_11' title='bbox 1743 502 1967 574; x_wconf 77' lang='lat' dir='ltr'><strong>aufuge-</strong></span> <span class='ocrx_word' id='word_1_12' title='bbox 2003 509 2045 566; x_wconf 78' lang='grc' dir='ltr'><strong>Α</strong></span> <span class='ocrx_word' id='word_1_13' title='bbox 2073 509 2298 562; x_wconf 87' lang='lat' dir='ltr'><strong>ctissimi</strong></span> <span class='ocrx_word' id='word_1_14' title='bbox 2332 508 2596 578; x_wconf 78' lang='lat' dir='ltr'><strong>Stephani</strong></span> <span class='ocrx_word' id='word_1_15' title='bbox 2633 509 2906 579; x_wconf 75' lang='lat' dir='ltr'><strong>pontiﬁcis</strong></span> <span class='ocrx_word' id='word_1_16' title='bbox 2934 518 2990 566; x_wconf 91' lang='lat' dir='ltr'><strong>et</strong></span> <span class='ocrx_word' id='word_1_17' title='bbox 3025 509 3279 581; x_wconf 78' lang='lat' dir='ltr'><strong>martyris</strong></span> <span class='ocrx_word' id='word_1_18' title='bbox 3307 511 3511 577; x_wconf 88' lang='lat' dir='ltr'><strong>locum,</strong></span> <span class='ocrx_word' id='word_1_19' title='bbox 3549 512 3651 569; x_wconf 79' lang='lat' dir='ltr'><strong>Xi-</strong></span> 
     </span>
    </p>
   </div>
   <div class='ocr_carea' id='block_1_5' title="bbox 392 594 1961 678">
    <p class='ocr_par' dir='ltr' id='par_1_5' title="bbox 392 594 1961 678">
     <span class='ocr_line' id='line_1_5' title="bbox 392 594 1961 678; baseline -0.014 -10"><span class='ocrx_word' id='word_1_20' title='bbox 392 623 544 678; x_wconf 79' lang='lat' dir='ltr'><strong>runt,</strong></span> <span class='ocrx_word' id='word_1_21' title='bbox 571 621 625 666; x_wconf 89' lang='lat' dir='ltr'><strong>et</strong></span> <span class='ocrx_word' id='word_1_22' title='bbox 655 609 718 663; x_wconf 89' lang='lat' dir='ltr'><strong>ad</strong></span> <span class='ocrx_word' id='word_1_23' title='bbox 752 605 937 675; x_wconf 68' lang='lat' dir='ltr'><strong>Appiae</strong></span> <span class='ocrx_word' id='word_1_24' title='bbox 973 601 1069 656; x_wconf 79' lang='lat' dir='ltr'><strong>via:</strong></span> <span class='ocrx_word' id='word_1_25' title='bbox 1102 609 1314 670; x_wconf 85' lang='lat' dir='ltr'><strong>portam</strong></span> <span class='ocrx_word' id='word_1_26' title='bbox 1353 596 1659 659; x_wconf 76' lang='lat' dir='ltr'><strong>venientes,</strong></span> <span class='ocrx_word' id='word_1_27' title='bbox 1689 594 1961 648; x_wconf 81' lang='lat' dir='ltr'><strong>Christia-</strong></span> 
     </span>
    </p>
   </div>
   <div class='ocr_carea' id='block_1_6' title="bbox 393 687 1958 756">
    <p class='ocr_par' dir='ltr' id='par_1_6' title="bbox 393 687 1958 756">
     <span class='ocr_line' id='line_1_6' title="bbox 393 687 1958 756; baseline -0.01 -2"><span class='ocrx_word' id='word_1_28' title='bbox 393 719 489 756; x_wconf 77' lang='lat' dir='ltr'><strong>nos</strong></span> <span class='ocrx_word' id='word_1_29' title='bbox 507 699 702 755; x_wconf 92' lang='lat' dir='ltr'><strong>multos</strong></span> <span class='ocrx_word' id='word_1_30' title='bbox 735 698 1080 750; x_wconf 85' lang='lat' dir='ltr'><strong>invenerunt.</strong></span> <span class='ocrx_word' id='word_1_31' title='bbox 1111 688 1228 742; x_wconf 75' lang='lat' dir='ltr'><strong>Mox</strong></span> <span class='ocrx_word' id='word_1_32' title='bbox 1264 687 1552 744; x_wconf 81' lang='lat' dir='ltr'><strong>Valeriano</strong></span> <span class='ocrx_word' id='word_1_33' title='bbox 1579 700 1693 738; x_wconf 88' lang='lat' dir='ltr'><strong>rem</strong></span> <span class='ocrx_word' id='word_1_34' title='bbox 1740 699 1958 739; x_wconf 86' lang='lat' dir='ltr'><strong>onmem</strong></span> 
     </span>
    </p>
   </div>
   <div class='ocr_carea' id='block_1_7' title="bbox 390 779 1960 863">
    <p class='ocr_par' dir='ltr' id='par_1_7' title="bbox 390 779 1960 863">
     <span class='ocr_line' id='line_1_7' title="bbox 390 779 1960 863; baseline -0.011 -16"><span class='ocrx_word' id='word_1_35' title='bbox 390 805 712 863; x_wconf 69' lang='lat' dir='ltr'><strong>exposuere.</strong></span> <span class='ocrx_word' id='word_1_36' title='bbox 744 787 838 842; x_wconf 84' lang='grc'><strong>1110</strong></span> <span class='ocrx_word' id='word_1_37' title='bbox 872 794 1052 839; x_wconf 86' lang='lat' dir='ltr'><strong>autem</strong></span> <span class='ocrx_word' id='word_1_38' title='bbox 1086 785 1204 853; x_wconf 84' lang='lat' dir='ltr'><strong>ipso</strong></span> <span class='ocrx_word' id='word_1_39' title='bbox 1246 782 1333 836; x_wconf 86' lang='lat' dir='ltr'><strong>die</strong></span> <span class='ocrx_word' id='word_1_40' title='bbox 1365 779 1661 834; x_wconf 77' lang='lat' dir='ltr'><strong>Christiani</strong></span> <span class='ocrx_word' id='word_1_41' title='bbox 1695 794 1960 833; x_wconf 79' lang='lat' dir='ltr'><strong>veneran-</strong></span> 
     </span>
    </p>
   </div>
   <div class='ocr_carea' id='block_1_8' title="bbox 391 871 1963 952">
    <p class='ocr_par' dir='ltr' id='par_1_8' title="bbox 391 871 1963 952">
     <span class='ocr_line' id='line_1_8' title="bbox 391 871 1963 952; baseline -0.009 -15"><span class='ocrx_word' id='word_1_42' title='bbox 391 885 517 937; x_wconf 84' lang='lat' dir='ltr'><strong>dum</strong></span> <span class='ocrx_word' id='word_1_43' title='bbox 549 880 766 952; x_wconf 75' lang='lat' dir='ltr'><strong>gloriosi</strong></span> <span class='ocrx_word' id='word_1_44' title='bbox 799 876 1052 948; x_wconf 74' lang='lat' dir='ltr'><strong>martyris</strong></span> <span class='ocrx_word' id='word_1_45' title='bbox 1080 873 1339 929; x_wconf 79' lang='lat' dir='ltr'><strong>&#39;l&#39;ltarsitii</strong></span> <span class='ocrx_word' id='word_1_46' title='bbox 1370 887 1570 941; x_wconf 88' lang='lat' dir='ltr'><strong>corpus</strong></span> <span class='ocrx_word' id='word_1_47' title='bbox 1621 871 1674 924; x_wconf 91' lang='lat' dir='ltr'><strong>in</strong></span> <span class='ocrx_word' id='word_1_48' title='bbox 1706 881 1963 926; x_wconf 79' lang='lat' dir='ltr'><strong>coemete-</strong></span> 
     </span>
    </p>
   </div>
   <div class='ocr_carea' id='block_1_9' title="bbox 390 961 1968 1038">
    <p class='ocr_par' dir='ltr' id='par_1_9' title="bbox 390 961 1968 1038">
     <span class='ocr_line' id='line_1_9' title="bbox 390 961 1968 1038; baseline -0.007 -11"><span class='ocrx_word' id='word_1_49' title='bbox 390 975 472 1027; x_wconf 85' lang='lat' dir='ltr'><strong>rio</strong></span> <span class='ocrx_word' id='word_1_50' title='bbox 509 973 696 1029; x_wconf 79' lang='lat' dir='ltr'><strong>Calisti</strong></span> <span class='ocrx_word' id='word_1_51' title='bbox 752 973 806 1026; x_wconf 91' lang='lat' dir='ltr'><strong>in</strong></span> <span class='ocrx_word' id='word_1_52' title='bbox 845 972 926 1025; x_wconf 89' lang='lat' dir='ltr'><strong>via</strong></span> <span class='ocrx_word' id='word_1_53' title='bbox 983 968 1158 1038; x_wconf 83' lang='lat' dir='ltr'><strong>Appia</strong></span> <span class='ocrx_word' id='word_1_54' title='bbox 1212 967 1610 1035; x_wconf 82' lang='lat' dir='ltr'><strong>deposuerunt.</strong></span> <span class='ocrx_word' id='word_1_55' title='bbox 1668 962 1798 1017; x_wconf 82' lang='lat' dir='ltr'><strong>Post</strong></span> <span class='ocrx_word' id='word_1_56' title='bbox 1853 961 1968 1018; x_wconf 67' lang='lat' dir='ltr'><strong>[nec</strong></span> 
     </span>
    </p>
   </div>
   <div class='ocr_carea' id='block_1_10' title="bbox 387 1055 1964 1121">
    <p class='ocr_par' dir='ltr' id='par_1_10' title="bbox 387 1055 1964 1121">
     <span class='ocr_line' id='line_1_10' title="bbox 387 1055 1964 1121; baseline -0.009 -1"><span class='ocrx_word' id='word_1_57' title='bbox 387 1066 829 1121; x_wconf 75' lang='lat' dir='ltr'><strong>Christianorum</strong></span> <span class='ocrx_word' id='word_1_58' title='bbox 871 1061 1114 1116; x_wconf 81' lang='lat' dir='ltr'><strong>Ecclesia</strong></span> <span class='ocrx_word' id='word_1_59' title='bbox 1147 1059 1201 1112; x_wconf 89' lang='lat' dir='ltr'><strong>in</strong></span> <span class='ocrx_word' id='word_1_60' title='bbox 1239 1073 1408 1110; x_wconf 85' lang='lat' dir='ltr'><strong>unum</strong></span> <span class='ocrx_word' id='word_1_61' title='bbox 1439 1057 1688 1119; x_wconf 85' lang='lat' dir='ltr'><strong>collecta,</strong></span> <span class='ocrx_word' id='word_1_62' title='bbox 1743 1055 1797 1108; x_wconf 90' lang='lat' dir='ltr'><strong>in</strong></span> <span class='ocrx_word' id='word_1_63' title='bbox 1835 1069 1964 1108; x_wconf 84' lang='lat' dir='ltr'><strong>san-</strong></span> 
     </span>
    </p>
   </div>
   <div class='ocr_carea' id='block_1_11' title="bbox 2072 602 3652 673">
    <p class='ocr_par' dir='ltr' id='par_1_11' title="bbox 2072 602 3652 673">
     <span class='ocr_line' id='line_1_11' title="bbox 2072 602 3652 673; baseline 0.003 -18"><span class='ocrx_word' id='word_1_64' title='bbox 2072 613 2214 656; x_wconf 90' lang='lat' dir='ltr'><strong>stum</strong></span> <span class='ocrx_word' id='word_1_65' title='bbox 2254 602 2510 657; x_wconf 72' lang='lat' dir='ltr'><strong>Romanae</strong></span> <span class='ocrx_word' id='word_1_66' title='bbox 2543 603 2693 657; x_wconf 82' lang='lat' dir='ltr'><strong>urbis</strong></span> <span class='ocrx_word' id='word_1_67' title='bbox 2723 605 3040 673; x_wconf 85' lang='lat' dir='ltr'><strong>episcopum</strong></span> <span class='ocrx_word' id='word_1_68' title='bbox 3064 603 3479 659; x_wconf 90' lang='lat' dir='ltr'><strong>constituerunt</strong></span> <span class='ocrx_word' id='word_1_69' title='bbox 3503 620 3652 660; x_wconf 90' lang='lat' dir='ltr'><strong>nono</strong></span> 
     </span>
    </p>
   </div>
   <div class='ocr_carea' id='block_1_12' title="bbox 2075 695 3654 765">
    <p class='ocr_par' dir='ltr' id='par_1_12' title="bbox 2075 695 3654 765">
     <span class='ocr_line' id='line_1_12' title="bbox 2075 695 3654 765; baseline 0 -16"><span class='ocrx_word' id='word_1_70' title='bbox 2075 696 2352 750; x_wconf 79' lang='lat' dir='ltr'><strong>Kalendas</strong></span> <span class='ocrx_word' id='word_1_71' title='bbox 2389 696 2667 765; x_wconf 79' lang='lat' dir='ltr'><strong>Septemb.</strong></span> <span class='ocrx_word' id='word_1_72' title='bbox 2700 697 2863 751; x_wconf 88' lang='lat' dir='ltr'><strong>tertio</strong></span> <span class='ocrx_word' id='word_1_73' title='bbox 2919 711 3066 750; x_wconf 83' lang='lat' dir='ltr'><strong>anno</strong></span> <span class='ocrx_word' id='word_1_74' title='bbox 3107 695 3406 761; x_wconf 76' lang='lat' dir='ltr'><strong>Valeriani,</strong></span> <span class='ocrx_word' id='word_1_75' title='bbox 3437 706 3494 751; x_wconf 92' lang='lat' dir='ltr'><strong>et</strong></span> <span class='ocrx_word' id='word_1_76' title='bbox 3526 696 3654 752; x_wconf 86' lang='lat' dir='ltr'><strong>Gal-</strong></span> 
     </span>
    </p>
   </div>
   <div class='ocr_carea' id='block_1_13' title="bbox 2072 787 3658 860">
    <p class='ocr_par' dir='ltr' id='par_1_13' title="bbox 2072 787 3658 860">
     <span class='ocr_line' id='line_1_13' title="bbox 2072 787 3658 860; baseline 0.001 -18"><span class='ocrx_word' id='word_1_77' title='bbox 2072 788 2202 842; x_wconf 90' lang='lat' dir='ltr'><strong>lieni</strong></span> <span class='ocrx_word' id='word_1_78' title='bbox 2235 788 2474 843; x_wconf 89' lang='lat' dir='ltr'><strong>secundo</strong></span> <span class='ocrx_word' id='word_1_79' title='bbox 2500 787 2576 860; x_wconf 82' lang='lat'><strong>(5)</strong></span> <span class='ocrx_word' id='word_1_80' title='bbox 2611 806 2624 841; x_wconf 89' lang='lat'><strong>:</strong></span> <span class='ocrx_word' id='word_1_81' title='bbox 2659 787 2713 842; x_wconf 89' lang='lat' dir='ltr'><strong>in</strong></span> <span class='ocrx_word' id='word_1_82' title='bbox 2735 788 2893 844; x_wconf 92' lang='lat' dir='ltr'><strong>nobis</strong></span> <span class='ocrx_word' id='word_1_83' title='bbox 2924 798 3104 843; x_wconf 86' lang='lat' dir='ltr'><strong>autem</strong></span> <span class='ocrx_word' id='word_1_84' title='bbox 3130 798 3395 860; x_wconf 79' lang='lat' dir='ltr'><strong>regnante</strong></span> <span class='ocrx_word' id='word_1_85' title='bbox 3420 789 3658 844; x_wconf 88' lang='lat' dir='ltr'><strong>Domino</strong></span> 
     </span>
    </p>
   </div>
   <div class='ocr_carea' id='block_1_14' title="bbox 2077 879 3656 952">
    <p class='ocr_par' dir='ltr' id='par_1_14' title="bbox 2077 879 3656 952">
     <span class='ocr_line' id='line_1_14' title="bbox 2077 879 3656 952; baseline 0 -18"><span class='ocrx_word' id='word_1_86' title='bbox 2077 890 2265 935; x_wconf 92' lang='lat' dir='ltr'><strong>nostro</strong></span> <span class='ocrx_word' id='word_1_87' title='bbox 2303 880 2433 934; x_wconf 85' lang='lat' dir='ltr'><strong>Jesu</strong></span> <span class='ocrx_word' id='word_1_88' title='bbox 2473 879 2696 934; x_wconf 86' lang='lat' dir='ltr'><strong>Christo</strong></span> <span class='ocrx_word' id='word_1_89' title='bbox 2731 897 2745 934; x_wconf 90' lang='lat'><strong>:</strong></span> <span class='ocrx_word' id='word_1_90' title='bbox 2797 881 2882 935; x_wconf 90' lang='lat' dir='ltr'><strong>cui</strong></span> <span class='ocrx_word' id='word_1_91' title='bbox 2923 881 2994 934; x_wconf 91' lang='lat' dir='ltr'><strong>sit</strong></span> <span class='ocrx_word' id='word_1_92' title='bbox 3035 880 3205 952; x_wconf 80' lang='lat' dir='ltr'><strong>gloria</strong></span> <span class='ocrx_word' id='word_1_93' title='bbox 3245 890 3302 936; x_wconf 91' lang='lat' dir='ltr'><strong>et</strong></span> <span class='ocrx_word' id='word_1_94' title='bbox 3360 881 3656 951; x_wconf 88' lang='lat' dir='ltr'><strong>imperium</strong></span> 
     </span>
    </p>
   </div>
   <div class='ocr_carea' id='block_1_15' title="bbox 2077 973 3554 1043">
    <p class='ocr_par' dir='ltr' id='par_1_15' title="bbox 2077 973 3554 1043">
     <span class='ocr_line' id='line_1_15' title="bbox 2077 973 3554 1043; baseline -0.001 -15"><span class='ocrx_word' id='word_1_95' title='bbox 2077 990 2226 1029; x_wconf 88' lang='lat' dir='ltr'><strong>nunc</strong></span> <span class='ocrx_word' id='word_1_96' title='bbox 2255 981 2309 1029; x_wconf 89' lang='lat' dir='ltr'><strong>et</strong></span> <span class='ocrx_word' id='word_1_97' title='bbox 2333 988 2575 1043; x_wconf 86' lang='lat' dir='ltr'><strong>semper,</strong></span> <span class='ocrx_word' id='word_1_98' title='bbox 2609 984 2665 1028; x_wconf 92' lang='lat' dir='ltr'><strong>et</strong></span> <span class='ocrx_word' id='word_1_99' title='bbox 2687 973 2744 1027; x_wconf 90' lang='lat' dir='ltr'><strong>in</strong></span> <span class='ocrx_word' id='word_1_100' title='bbox 2773 974 2971 1028; x_wconf 60' lang='lat' dir='ltr'><strong>saecula</strong></span> <span class='ocrx_word' id='word_1_101' title='bbox 3005 974 3356 1029; x_wconf 82' lang='lat' dir='ltr'><strong>saeculorum.</strong></span> <span class='ocrx_word' id='word_1_102' title='bbox 3380 976 3554 1029; x_wconf 83' lang='lat' dir='ltr'><strong>Amen</strong></span> 
     </span>
    </p>
   </div>
   <div class='ocr_carea' id='block_1_16' title="bbox 468 1242 3660 1325">
    <p class='ocr_par' dir='ltr' id='par_1_16' title="bbox 468 1242 3660 1325">
     <span class='ocr_line' id='line_1_16' title="bbox 468 1242 3660 1325; baseline -0.003 -19"><span class='ocrx_word' id='word_1_103' title='bbox 468 1253 543 1325; x_wconf 28' lang='lat'><strong>(5.)</strong></span> <span class='ocrx_word' id='word_1_104' title='bbox 577 1252 830 1308; x_wconf 84' lang='lat' dir='ltr'><strong>Mendum</strong></span> <span class='ocrx_word' id='word_1_105' title='bbox 867 1253 958 1307; x_wconf 84' lang='lat' dir='ltr'><strong>hic</strong></span> <span class='ocrx_word' id='word_1_106' title='bbox 987 1252 1271 1323; x_wconf 77' lang='lat' dir='ltr'><strong>irrepsisse</strong></span> <span class='ocrx_word' id='word_1_107' title='bbox 1300 1249 1415 1305; x_wconf 86' lang='lat' dir='ltr'><strong>vult</strong></span> <span class='ocrx_word' id='word_1_108' title='bbox 1441 1248 1706 1303; x_wconf 78' lang='lat' dir='ltr'><strong>Baronius</strong></span> <span class='ocrx_word' id='word_1_109' title='bbox 1734 1261 1879 1300; x_wconf 89' lang='lat' dir='ltr'><strong>anno</strong></span> <span class='ocrx_word' id='word_1_110' title='bbox 1919 1243 2027 1299; x_wconf 75' lang='lat'><strong>260</strong></span> <span class='ocrx_word' id='word_1_111' title='bbox 2061 1246 2489 1317; x_wconf 87' lang='lat' dir='ltr'><strong>ponendumque</strong></span> <span class='ocrx_word' id='word_1_112' title='bbox 2547 1261 2751 1300; x_wconf 89' lang='lat' dir='ltr'><strong>annum</strong></span> <span class='ocrx_word' id='word_1_113' title='bbox 2784 1246 3052 1302; x_wconf 67' lang='lat' dir='ltr'><strong>Valeriani</strong></span> <span class='ocrx_word' id='word_1_114' title='bbox 3111 1258 3363 1316; x_wconf 89' lang='lat' dir='ltr'><strong>quartum</strong></span> <span class='ocrx_word' id='word_1_115' title='bbox 3418 1255 3473 1300; x_wconf 92' lang='lat' dir='ltr'><strong>et</strong></span> <span class='ocrx_word' id='word_1_116' title='bbox 3533 1242 3660 1297; x_wconf 80' lang='lat' dir='ltr'><strong>Gal-</strong></span> 
     </span>
    </p>
   </div>
   <div class='ocr_carea' id='block_1_17' title="bbox 393 1321 914 1396">
    <p class='ocr_par' dir='ltr' id='par_1_17' title="bbox 393 1321 914 1396">
     <span class='ocr_line' id='line_1_17' title="bbox 393 1321 914 1396; baseline 0.013 -22"><span class='ocrx_word' id='word_1_117' title='bbox 393 1321 522 1376; x_wconf 87' lang='lat' dir='ltr'><strong>lieni</strong></span> <span class='ocrx_word' id='word_1_118' title='bbox 558 1325 803 1379; x_wconf 89' lang='lat' dir='ltr'><strong>tertium.</strong></span> <span class='ocrx_word' id='word_1_119' title='bbox 895 1381 914 1396; x_wconf 51' lang='grc' dir='ltr'><strong><em>ο</em></strong></span> 
     </span>
    </p>
   </div>
   <div class='ocr_carea' id='block_1_18' title="bbox 397 1503 3634 1564">
    <p class='ocr_par' dir='ltr' id='par_1_18' title="bbox 397 1503 3634 1564">
     <span class='ocr_line' id='line_1_18' title="bbox 397 1503 3634 1564; baseline -0.009 0"><span class='ocrx_word' id='word_1_120' title='bbox 397 1503 3634 1564; x_wconf 63' lang='lat' dir='ltr'><em>W</em></span> 
     </span>
    </p>
   </div>
   <div class='ocr_carea' id='block_1_19' title="bbox 1283 1539 1670 1550">
    <p class='ocr_par' dir='ltr' id='par_1_19' title="bbox 1283 1539 1670 1550">
     <span class='ocr_line' id='line_1_19' title="bbox 1283 1539 1670 1550; baseline -0.013 0"><span class='ocrx_word' id='word_1_121' title='bbox 1283 1539 1670 1550; x_wconf 55' lang='lat' dir='ltr'><strong>W—</strong></span> 
     </span>
    </p>
   </div>
   <div class='ocr_carea' id='block_1_20' title="bbox 1605 1702 2480 1827">
    <p class='ocr_par' dir='ltr' id='par_1_20' title="bbox 1605 1702 2480 1827">
     <span class='ocr_line' id='line_1_20' title="bbox 1605 1702 2480 1827; baseline -0.013 0"><span class='ocrx_word' id='word_1_122' title='bbox 1605 1702 2480 1827; x_wconf 86' lang='grc' dir='ltr'><strong>ΜΑΡΤΥΡΙΟΝ</strong></span> 
     </span>
    </p>
   </div>
   <div class='ocr_carea' id='block_1_21' title="bbox 959 1923 3113 2029">
    <p class='ocr_par' dir='ltr' id='par_1_21' title="bbox 959 1923 3113 2029">
     <span class='ocr_line' id='line_1_21' title="bbox 959 1923 3113 2029; baseline -0.009 0"><span class='ocrx_word' id='word_1_123' title='bbox 959 1942 1188 2029; x_wconf 85' lang='grc' dir='ltr'><strong>ΤΟΥ</strong></span> <span class='ocrx_word' id='word_1_124' title='bbox 1263 1939 1602 2026; x_wconf 86' lang='grc' dir='ltr'><strong>ΑΓΙΟΥ</strong></span> <span class='ocrx_word' id='word_1_125' title='bbox 1675 1923 2456 2024; x_wconf 84' lang='grc' dir='ltr'><strong>ΠΑΝΕΝΔΟΞΟΥ</strong></span> <span class='ocrx_word' id='word_1_126' title='bbox 2529 1926 3113 2018; x_wconf 86' lang='grc' dir='ltr'><strong>ΜΑΡΤΥΡΟΣ</strong></span> 
     </span>
    </p>
   </div>
   <div class='ocr_carea' id='block_1_22' title="bbox 1654 2129 2408 2265">
    <p class='ocr_par' dir='ltr' id='par_1_22' title="bbox 1654 2129 2408 2265">
     <span class='ocr_line' id='line_1_22' title="bbox 1654 2129 2408 2265; baseline -0.021 0"><span class='ocrx_word' id='word_1_127' title='bbox 1654 2129 2408 2265; x_wconf 88' lang='grc' dir='ltr'><strong>ΕΥΠΛΟΥ.</strong></span> 
     </span>
    </p>
   </div>
   <div class='ocr_carea' id='block_1_23' title="bbox 1596 2568 2477 2688">
    <p class='ocr_par' dir='ltr' id='par_1_23' title="bbox 1596 2568 2477 2688">
     <span class='ocr_line' id='line_1_23' title="bbox 1596 2568 2477 2688; baseline -0.009 0"><span class='ocrx_word' id='word_1_128' title='bbox 1596 2568 2477 2688; x_wconf 81' lang='lat' dir='ltr'><strong>MARTYRIUM</strong></span> 
     </span>
    </p>
   </div>
   <div class='ocr_carea' id='block_1_24' title="bbox 797 2833 1210 2921">
    <p class='ocr_par' dir='ltr' id='par_1_24' title="bbox 797 2833 1210 2921">
     <span class='ocr_line' id='line_1_24' title="bbox 797 2833 1210 2921; baseline -0.005 -1"><span class='ocrx_word' id='word_1_129' title='bbox 797 2833 1210 2921; x_wconf 83' lang='lat' dir='ltr'><strong>SANCTI</strong></span> 
     </span>
    </p>
   </div>
   <div class='ocr_carea' id='block_1_25' title="bbox 1338 2813 3275 2926">
    <p class='ocr_par' dir='ltr' id='par_1_25' title="bbox 1338 2813 3275 2926">
     <span class='ocr_line' id='line_1_25' title="bbox 1338 2813 3275 2926; baseline -0.009 -9"><span class='ocrx_word' id='word_1_130' title='bbox 1338 2819 2513 2926; x_wconf 78' lang='lat' dir='ltr'><strong>GLORIOSISSIMIQUE</strong></span> <span class='ocrx_word' id='word_1_131' title='bbox 2656 2813 3275 2905; x_wconf 76' lang='lat' dir='ltr'><strong>MARTYRIS</strong></span> 
     </span>
    </p>
   </div>
   <div class='ocr_carea' id='block_1_26' title="bbox 1721 3045 2354 3200">
    <p class='ocr_par' dir='ltr' id='par_1_26' title="bbox 1721 3045 2354 3200">
     <span class='ocr_line' id='line_1_26' title="bbox 1721 3045 2354 3200; baseline -0.006 -4"><span class='ocrx_word' id='word_1_132' title='bbox 1721 3045 2354 3200; x_wconf 90' lang='lat' dir='ltr'><strong>EUPLl.</strong></span> 
     </span>
    </p>
   </div>
   <div class='ocr_carea' id='block_1_27' title="bbox 861 3293 3234 3389">
    <p class='ocr_par' dir='ltr' id='par_1_27' title="bbox 861 3293 3234 3389">
     <span class='ocr_line' id='line_1_27' title="bbox 861 3293 3234 3389; baseline -0.009 -14"><span class='ocrx_word' id='word_1_133' title='bbox 861 3326 943 3389; x_wconf 73' lang='lat'><strong>(12</strong></span> <span class='ocrx_word' id='word_1_134' title='bbox 964 3321 1198 3386; x_wconf 75' lang='lat' dir='ltr'><strong>Augusti.</strong></span> <span class='ocrx_word' id='word_1_135' title='bbox 1223 3347 1284 3359; x_wconf 84' lang='lat'><strong>-—-</strong></span> <span class='ocrx_word' id='word_1_136' title='bbox 1304 3320 1378 3371; x_wconf 78' lang='lat' dir='ltr'><strong>Ex</strong></span> <span class='ocrx_word' id='word_1_137' title='bbox 1410 3315 1750 3368; x_wconf 80' lang='lat' dir='ltr'><strong>monumentis</strong></span> <span class='ocrx_word' id='word_1_138' title='bbox 1771 3313 1910 3364; x_wconf 85' lang='lat' dir='ltr'><strong>Eccl.</strong></span> <span class='ocrx_word' id='word_1_139' title='bbox 1935 3314 2120 3364; x_wconf 69' lang='lat' dir='ltr'><strong>Graecae</strong></span> <span class='ocrx_word' id='word_1_140' title='bbox 2152 3311 2295 3361; x_wconf 79' lang='lat' dir='ltr'><strong>Joan.</strong></span> <span class='ocrx_word' id='word_1_141' title='bbox 2332 3309 2472 3370; x_wconf 83' lang='lat' dir='ltr'><strong>Bapt.</strong></span> <span class='ocrx_word' id='word_1_142' title='bbox 2505 3307 2767 3370; x_wconf 84' lang='lat' dir='ltr'><strong>Cotelerti,</strong></span> <span class='ocrx_word' id='word_1_143' title='bbox 2793 3313 2921 3357; x_wconf 90' lang='lat' dir='ltr'><strong>tom.</strong></span> <span class='ocrx_word' id='word_1_144' title='bbox 2952 3293 2990 3363; x_wconf 86' lang='lat' dir='ltr'><strong>l.</strong></span> <span class='ocrx_word' id='word_1_145' title='bbox 3023 3320 3072 3368; x_wconf 92' lang='lat' dir='ltr'><strong>p.</strong></span> <span class='ocrx_word' id='word_1_146' title='bbox 3101 3304 3234 3367; x_wconf 62' lang='lat' dir='ltr'><strong>19L)</strong></span> 
     </span>
    </p>
   </div>
   <div class='ocr_carea' id='block_1_28' title="bbox 475 3633 1976 3732">
    <p class='ocr_par' dir='ltr' id='par_1_28' title="bbox 475 3646 1976 3732">
     <span class='ocr_line' id='line_1_28' title="bbox 475 3646 1976 3732; baseline -0.018 -10"><span class='ocrx_word' id='word_1_147' title='bbox 475 3668 518 3722; x_wconf 93' lang='grc'><strong>1.</strong></span> <span class='ocrx_word' id='word_1_148' title='bbox 560 3658 925 3732; x_wconf 89' lang='lat' dir='ltr'><strong>Temporibus</strong></span> <span class='ocrx_word' id='word_1_149' title='bbox 953 3652 1273 3709; x_wconf 77' lang='lat' dir='ltr'><strong>Diocletiani</strong></span> <span class='ocrx_word' id='word_1_150' title='bbox 1303 3661 1359 3705; x_wconf 93' lang='lat' dir='ltr'><strong>et</strong></span> <span class='ocrx_word' id='word_1_151' title='bbox 1391 3646 1703 3704; x_wconf 83' lang='lat' dir='ltr'><strong>Maximiani</strong></span> <span class='ocrx_word' id='word_1_152' title='bbox 1739 3647 1976 3714; x_wconf 90' lang='lat' dir='ltr'><strong>impera-</strong></span> 
     </span>
    </p>
   </div>
   <div class='ocr_carea' id='block_1_29' title="bbox 2086 3633 3673 3732">
    <p class='ocr_par' dir='ltr' id='par_1_29' title="bbox 2153 3633 3673 3706">
     <span class='ocr_line' id='line_1_29' title="bbox 2153 3633 3673 3706; baseline -0.001 -16"><span class='ocrx_word' id='word_1_153' title='bbox 2153 3636 2232 3692; x_wconf 82' lang='lat' dir='ltr'><strong>A&#39;.</strong></span> <span class='ocrx_word' id='word_1_154' title='bbox 2262 3636 2417 3690; x_wconf 82' lang='grc' dir='ltr'>Κατὰ</span> <span class='ocrx_word' id='word_1_155' title='bbox 2448 3635 2576 3696; x_wconf 84' lang='grc' dir='ltr'>τοὺς</span> <span class='ocrx_word' id='word_1_156' title='bbox 2606 3633 2830 3701; x_wconf 82' lang='grc' dir='ltr'>καιροὺς</span> <span class='ocrx_word' id='word_1_157' title='bbox 2855 3633 3240 3704; x_wconf 78' lang='grc' dir='ltr'>Διοκλητιανοῦ</span> <span class='ocrx_word' id='word_1_158' title='bbox 3270 3635 3360 3687; x_wconf 81' lang='grc' dir='ltr'>καὶ</span> <span class='ocrx_word' id='word_1_159' title='bbox 3386 3635 3673 3706; x_wconf 79' lang='grc' dir='ltr'>Μαξιμια-</span> 
     </span>
    </p>
   </div>
   <div class='ocr_carea' id='block_1_30' title="bbox 404 3739 1978 3820">
    <p class='ocr_par' dir='ltr' id='par_1_30' title="bbox 404 3739 1978 3820">
     <span class='ocr_line' id='line_1_30' title="bbox 404 3739 1978 3820; baseline -0.018 -4"><span class='ocrx_word' id='word_1_160' title='bbox 404 3770 605 3820; x_wconf 86' lang='lat' dir='ltr'><strong>torum,</strong></span> <span class='ocrx_word' id='word_1_161' title='bbox 639 3762 824 3810; x_wconf 86' lang='lat' dir='ltr'><strong>tantus</strong></span> <span class='ocrx_word' id='word_1_162' title='bbox 847 3746 1147 3804; x_wconf 85' lang='lat' dir='ltr'><strong>idololatris</strong></span> <span class='ocrx_word' id='word_1_163' title='bbox 1165 3744 1344 3799; x_wconf 80' lang='lat' dir='ltr'><strong>fervor</strong></span> <span class='ocrx_word' id='word_1_164' title='bbox 1363 3739 1647 3804; x_wconf 85' lang='lat' dir='ltr'><strong>insederat</strong></span> <span class='ocrx_word' id='word_1_165' title='bbox 1662 3753 1757 3806; x_wconf 89' lang='lat' dir='ltr'><strong>per</strong></span> <span class='ocrx_word' id='word_1_166' title='bbox 1786 3749 1978 3790; x_wconf 90' lang='lat' dir='ltr'><strong>omnes</strong></span> 
     </span>
    </p>
   </div>
   <div class='ocr_carea' id='block_1_31' title="bbox 400 3826 1978 3922">
    <p class='ocr_par' dir='ltr' id='par_1_31' title="bbox 400 3826 1978 3922">
     <span class='ocr_line' id='line_1_31' title="bbox 400 3826 1978 3922; baseline -0.018 -15"><span class='ocrx_word' id='word_1_167' title='bbox 400 3851 655 3922; x_wconf 77' lang='lat' dir='ltr'><strong>regiones</strong></span> <span class='ocrx_word' id='word_1_168' title='bbox 675 3855 730 3901; x_wconf 91' lang='lat' dir='ltr'><strong>et</strong></span> <span class='ocrx_word' id='word_1_169' title='bbox 762 3841 991 3904; x_wconf 83' lang='lat' dir='ltr'><strong>insulas,</strong></span> <span class='ocrx_word' id='word_1_170' title='bbox 1020 3849 1077 3893; x_wconf 87' lang='lat' dir='ltr'><strong>ut</strong></span> <span class='ocrx_word' id='word_1_171' title='bbox 1107 3835 1252 3891; x_wconf 85' lang='lat' dir='ltr'><strong>idola</strong></span> <span class='ocrx_word' id='word_1_172' title='bbox 1284 3842 1482 3888; x_wconf 88' lang='lat' dir='ltr'><strong>cuncta</strong></span> <span class='ocrx_word' id='word_1_173' title='bbox 1510 3826 1978 3900; x_wconf 77' lang='lat' dir='ltr'><strong>erigerent.Mise-</strong></span> 
     </span>
    </p>
   </div>
   <div class='ocr_carea' id='block_1_32' title="bbox 401 3918 1978 4002">
    <p class='ocr_par' dir='ltr' id='par_1_32' title="bbox 401 3918 1978 4002">
     <span class='ocr_line' id='line_1_32' title="bbox 401 3918 1978 4002; baseline -0.017 -7"><span class='ocrx_word' id='word_1_174' title='bbox 401 3918 532 3994; x_wconf 77' lang='lat' dir='ltr'><strong>runt</strong></span> <span class='ocrx_word' id='word_1_175' title='bbox 560 3946 742 3991; x_wconf 87' lang='lat' dir='ltr'><strong>autem</strong></span> <span class='ocrx_word' id='word_1_176' title='bbox 782 3935 1144 4002; x_wconf 82' lang='lat' dir='ltr'><strong>imperatores</strong></span> <span class='ocrx_word' id='word_1_177' title='bbox 1185 3925 1474 3995; x_wconf 87' lang='lat' dir='ltr'><strong>quemdam</strong></span> <span class='ocrx_word' id='word_1_178' title='bbox 1502 3921 1723 3975; x_wconf 89' lang='lat' dir='ltr'><strong>nomine</strong></span> <span class='ocrx_word' id='word_1_179' title='bbox 1779 3918 1978 3972; x_wconf 87' lang='lat' dir='ltr'><strong>Penta-</strong></span> 
     </span>
    </p>
   </div>
   <div class='ocr_carea' id='block_1_33' title="bbox 394 4007 1978 4101">
    <p class='ocr_par' dir='ltr' id='par_1_33' title="bbox 394 4007 1978 4101">
     <span class='ocr_line' id='line_1_33' title="bbox 394 4007 1978 4101; baseline -0.013 -18"><span class='ocrx_word' id='word_1_180' title='bbox 394 4043 596 4101; x_wconf 72' lang='lat' dir='ltr'><strong>gurum</strong></span> <span class='ocrx_word' id='word_1_181' title='bbox 632 4026 686 4079; x_wconf 92' lang='lat' dir='ltr'><strong>in</strong></span> <span class='ocrx_word' id='word_1_182' title='bbox 719 4023 858 4077; x_wconf 82' lang='lat' dir='ltr'><strong>lines</strong></span> <span class='ocrx_word' id='word_1_183' title='bbox 888 4018 1185 4090; x_wconf 73' lang='lat' dir='ltr'><strong>provinciae</strong></span> <span class='ocrx_word' id='word_1_184' title='bbox 1225 4015 1445 4078; x_wconf 85' lang='lat' dir='ltr'><strong>Siciliae,</strong></span> <span class='ocrx_word' id='word_1_185' title='bbox 1481 4012 1573 4081; x_wconf 91' lang='lat' dir='ltr'><strong>qui</strong></span> <span class='ocrx_word' id='word_1_186' title='bbox 1604 4010 1784 4064; x_wconf 88' lang='lat' dir='ltr'><strong>omnia</strong></span> <span class='ocrx_word' id='word_1_187' title='bbox 1818 4007 1978 4075; x_wconf 76' lang='lat' dir='ltr'><strong>idola</strong></span> 
     </span>
    </p>
   </div>
   <div class='ocr_carea' id='block_1_34' title="bbox 388 4103 1979 4190">
    <p class='ocr_par' dir='ltr' id='par_1_34' title="bbox 388 4103 1979 4190">
     <span class='ocr_line' id='line_1_34' title="bbox 388 4103 1979 4190; baseline -0.014 -14"><span class='ocrx_word' id='word_1_188' title='bbox 388 4121 657 4190; x_wconf 70' lang='lat' dir='ltr'><strong>erigeret,</strong></span> <span class='ocrx_word' id='word_1_189' title='bbox 693 4113 1040 4171; x_wconf 81' lang='lat' dir='ltr'><strong>Christianos</strong></span> <span class='ocrx_word' id='word_1_190' title='bbox 1073 4124 1202 4165; x_wconf 92' lang='lat' dir='ltr'><strong>vero</strong></span> <span class='ocrx_word' id='word_1_191' title='bbox 1233 4108 1456 4178; x_wconf 90' lang='lat' dir='ltr'><strong>impune</strong></span> <span class='ocrx_word' id='word_1_192' title='bbox 1490 4103 1832 4174; x_wconf 86' lang='lat' dir='ltr'><strong>disperderet</strong></span> <span class='ocrx_word' id='word_1_193' title='bbox 1856 4115 1979 4170; x_wconf 78' lang='lat' dir='ltr'><strong>gra-</strong></span> 
     </span>
    </p>
   </div>
   <div class='ocr_carea' id='block_1_35' title="bbox 401 4194 1980 4280">
    <p class='ocr_par' dir='ltr' id='par_1_35' title="bbox 401 4194 1980 4280">
     <span class='ocr_line' id='line_1_35' title="bbox 401 4194 1980 4280; baseline -0.012 -12"><span class='ocrx_word' id='word_1_194' title='bbox 401 4213 673 4280; x_wconf 86' lang='lat' dir='ltr'><strong>vibusque</strong></span> <span class='ocrx_word' id='word_1_195' title='bbox 727 4213 1005 4276; x_wconf 86' lang='lat' dir='ltr'><strong>torqueret</strong></span> <span class='ocrx_word' id='word_1_196' title='bbox 1026 4202 1335 4273; x_wconf 91' lang='lat' dir='ltr'><strong>suppliciis.</strong></span> <span class='ocrx_word' id='word_1_197' title='bbox 1388 4199 1614 4269; x_wconf 81' lang='lat' dir='ltr'><strong>Utergo</strong></span> <span class='ocrx_word' id='word_1_198' title='bbox 1639 4196 1887 4268; x_wconf 89' lang='lat' dir='ltr'><strong>pervenit</strong></span> <span class='ocrx_word' id='word_1_199' title='bbox 1913 4194 1980 4249; x_wconf 90' lang='lat' dir='ltr'><strong>ad</strong></span> 
     </span>
    </p>
   </div>
   <div class='ocr_carea' id='block_1_36' title="bbox 400 4288 1982 4364">
    <p class='ocr_par' dir='ltr' id='par_1_36' title="bbox 400 4288 1982 4364">
     <span class='ocr_line' id='line_1_36' title="bbox 400 4288 1982 4364; baseline -0.011 -4"><span class='ocrx_word' id='word_1_200' title='bbox 400 4305 663 4360; x_wconf 79' lang='lat' dir='ltr'><strong>Catanam</strong></span> <span class='ocrx_word' id='word_1_201' title='bbox 689 4298 990 4364; x_wconf 80' lang='lat' dir='ltr'><strong>civitatem,</strong></span> <span class='ocrx_word' id='word_1_202' title='bbox 1023 4294 1367 4349; x_wconf 83' lang='lat' dir='ltr'><strong>Calvisianus</strong></span> <span class='ocrx_word' id='word_1_203' title='bbox 1391 4292 1458 4346; x_wconf 91' lang='lat' dir='ltr'><strong>de</strong></span> <span class='ocrx_word' id='word_1_204' title='bbox 1484 4305 1636 4346; x_wconf 90' lang='lat' dir='ltr'><strong>more</strong></span> <span class='ocrx_word' id='word_1_205' title='bbox 1662 4289 1805 4359; x_wconf 81' lang='lat' dir='ltr'><strong>plebi</strong></span> <span class='ocrx_word' id='word_1_206' title='bbox 1832 4288 1982 4342; x_wconf 87' lang='lat' dir='ltr'><strong>urbis</strong></span> 
     </span>
    </p>
   </div>
   <div class='ocr_carea' id='block_1_37' title="bbox 391 4379 1981 4467">
    <p class='ocr_par' dir='ltr' id='par_1_37' title="bbox 391 4379 1981 4467">
     <span class='ocr_line' id='line_1_37' title="bbox 391 4379 1981 4467; baseline -0.011 -16"><span class='ocrx_word' id='word_1_207' title='bbox 391 4395 663 4467; x_wconf 63' lang='lat' dir='ltr'><strong>praecepit</strong></span> <span class='ocrx_word' id='word_1_208' title='bbox 711 4391 925 4446; x_wconf 80' lang='lat' dir='ltr'><strong>obviam</strong></span> <span class='ocrx_word' id='word_1_209' title='bbox 960 4387 1182 4458; x_wconf 90' lang='lat' dir='ltr'><strong>prodire</strong></span> <span class='ocrx_word' id='word_1_210' title='bbox 1222 4385 1272 4440; x_wconf 93' lang='lat' dir='ltr'><strong>ei</strong></span> <span class='ocrx_word' id='word_1_211' title='bbox 1303 4385 1395 4455; x_wconf 88' lang='lat' dir='ltr'><strong>qui</strong></span> <span class='ocrx_word' id='word_1_212' title='bbox 1434 4383 1502 4437; x_wconf 87' lang='lat' dir='ltr'><strong>ab</strong></span> <span class='ocrx_word' id='word_1_213' title='bbox 1560 4379 1981 4452; x_wconf 83' lang='lat' dir='ltr'><strong>imperatoribus</strong></span> 
     </span>
    </p>
   </div>
   <div class='ocr_carea' id='block_1_38' title="bbox 394 4474 1980 4553">
    <p class='ocr_par' dir='ltr' id='par_1_38' title="bbox 394 4474 1980 4553">
     <span class='ocr_line' id='line_1_38' title="bbox 394 4474 1980 4553; baseline -0.013 -7"><span class='ocrx_word' id='word_1_214' title='bbox 394 4491 604 4545; x_wconf 79' lang='lat' dir='ltr'><strong>missus</strong></span> <span class='ocrx_word' id='word_1_215' title='bbox 627 4488 832 4542; x_wconf 81' lang='lat' dir='ltr'><strong>fuerat.</strong></span> <span class='ocrx_word' id='word_1_216' title='bbox 860 4484 934 4538; x_wconf 92' lang='lat' dir='ltr'><strong>Ea</strong></span> <span class='ocrx_word' id='word_1_217' title='bbox 961 4481 1163 4553; x_wconf 87' lang='lat' dir='ltr'><strong>quippe</strong></span> <span class='ocrx_word' id='word_1_218' title='bbox 1192 4479 1475 4551; x_wconf 77' lang='lat' dir='ltr'><strong>gentilium</strong></span> <span class='ocrx_word' id='word_1_219' title='bbox 1504 4474 1849 4531; x_wconf 90' lang='lat' dir='ltr'><strong>consuetudo</strong></span> <span class='ocrx_word' id='word_1_220' title='bbox 1877 4480 1980 4526; x_wconf 88' lang='lat' dir='ltr'><strong>est.</strong></span> 
     </span>
    </p>
   </div>
   <div class='ocr_carea' id='block_1_39' title="bbox 400 4564 1984 4652">
    <p class='ocr_par' dir='ltr' id='par_1_39' title="bbox 400 4564 1984 4652">
     <span class='ocr_line' id='line_1_39' title="bbox 400 4564 1984 4652; baseline -0.012 -15"><span class='ocrx_word' id='word_1_221' title='bbox 400 4583 471 4637; x_wconf 83' lang='lat' dir='ltr'><strong>Et</strong></span> <span class='ocrx_word' id='word_1_222' title='bbox 499 4582 779 4652; x_wconf 77' lang='lat' dir='ltr'><strong>ingressus</strong></span> <span class='ocrx_word' id='word_1_223' title='bbox 815 4586 901 4632; x_wconf 91' lang='lat' dir='ltr'><strong>est</strong></span> <span class='ocrx_word' id='word_1_224' title='bbox 926 4571 1344 4644; x_wconf 80' lang='lat' dir='ltr'><strong>Pentagurusin</strong></span> <span class='ocrx_word' id='word_1_225' title='bbox 1384 4570 1598 4624; x_wconf 91' lang='lat' dir='ltr'><strong>urbem.</strong></span> <span class='ocrx_word' id='word_1_226' title='bbox 1629 4566 1782 4621; x_wconf 88' lang='lat' dir='ltr'><strong>Tune</strong></span> <span class='ocrx_word' id='word_1_227' title='bbox 1821 4564 1984 4634; x_wconf 82' lang='lat' dir='ltr'><strong>jussit</strong></span> 
     </span>
    </p>
   </div>
   <div class='ocr_carea' id='block_1_40' title="bbox 402 4655 1994 4730">
    <p class='ocr_par' dir='ltr' id='par_1_40' title="bbox 402 4655 1994 4730">
     <span class='ocr_line' id='line_1_40' title="bbox 402 4655 1994 4730; baseline -0.014 0"><span class='ocrx_word' id='word_1_228' title='bbox 402 4675 747 4730; x_wconf 78' lang='lat' dir='ltr'><strong>Calvisianus</strong></span> <span class='ocrx_word' id='word_1_229' title='bbox 802 4667 1043 4724; x_wconf 87' lang='lat' dir='ltr'><strong>tribunal</strong></span> <span class='ocrx_word' id='word_1_230' title='bbox 1105 4680 1264 4722; x_wconf 88' lang='lat' dir='ltr'><strong>suum</strong></span> <span class='ocrx_word' id='word_1_231' title='bbox 1303 4661 1568 4718; x_wconf 83' lang='lat' dir='ltr'><strong>conStitui</strong></span> <span class='ocrx_word' id='word_1_232' title='bbox 1603 4660 1659 4714; x_wconf 91' lang='lat' dir='ltr'><strong>in</strong></span> <span class='ocrx_word' id='word_1_233' title='bbox 1712 4659 1832 4713; x_wconf 90' lang='lat' dir='ltr'><strong>loco</strong></span> <span class='ocrx_word' id='word_1_234' title='bbox 1891 4655 1994 4730; x_wconf 20' lang='lat' dir='ltr'><strong>qui.</strong></span> 
     </span>
    </p>
   </div>
   <div class='ocr_carea' id='block_1_41' title="bbox 404 4749 1985 4833">
    <p class='ocr_par' dir='ltr' id='par_1_41' title="bbox 404 4749 1985 4833">
     <span class='ocr_line' id='line_1_41' title="bbox 404 4749 1985 4833; baseline -0.013 -12"><span class='ocrx_word' id='word_1_235' title='bbox 404 4767 672 4821; x_wconf 82' lang='lat' dir='ltr'><strong>Acbillius</strong></span> <span class='ocrx_word' id='word_1_236' title='bbox 723 4763 1063 4833; x_wconf 85' lang='lat' dir='ltr'><strong>appellatur;</strong></span> <span class='ocrx_word' id='word_1_237' title='bbox 1097 4759 1164 4813; x_wconf 89' lang='lat' dir='ltr'><strong>ad</strong></span> <span class='ocrx_word' id='word_1_238' title='bbox 1213 4757 1331 4812; x_wconf 65' lang='lat' dir='ltr'><strong>haec</strong></span> <span class='ocrx_word' id='word_1_239' title='bbox 1376 4766 1656 4826; x_wconf 66' lang='lat' dir='ltr'><strong>praecones</strong></span> <span class='ocrx_word' id='word_1_240' title='bbox 1687 4749 1829 4804; x_wconf 88' lang='lat' dir='ltr'><strong>mitti</strong></span> <span class='ocrx_word' id='word_1_241' title='bbox 1889 4763 1985 4819; x_wconf 87' lang='lat' dir='ltr'><strong>per</strong></span> 
     </span>
    </p>
   </div>
   <div class='ocr_carea' id='block_1_42' title="bbox 405 4847 1763 4930">
    <p class='ocr_par' dir='ltr' id='par_1_42' title="bbox 405 4847 1763 4930">
     <span class='ocr_line' id='line_1_42' title="bbox 405 4847 1763 4930; baseline -0.012 -16"><span class='ocrx_word' id='word_1_242' title='bbox 405 4861 611 4930; x_wconf 90' lang='lat' dir='ltr'><strong>plateas</strong></span> <span class='ocrx_word' id='word_1_243' title='bbox 639 4856 896 4920; x_wconf 86' lang='lat' dir='ltr'><strong>civitatis,</strong></span> <span class='ocrx_word' id='word_1_244' title='bbox 927 4870 1037 4924; x_wconf 79' lang='lat' dir='ltr'><strong>quo</strong></span> <span class='ocrx_word' id='word_1_245' title='bbox 1088 4850 1328 4907; x_wconf 85' lang='lat' dir='ltr'><strong>universi</strong></span> <span class='ocrx_word' id='word_1_246' title='bbox 1381 4847 1763 4904; x_wconf 87' lang='lat' dir='ltr'><strong>convenirent.</strong></span> 
     </span>
    </p>
   </div>
   <div class='ocr_carea' id='block_1_43' title="bbox 482 5104 1984 5184">
    <p class='ocr_par' dir='ltr' id='par_1_43' title="bbox 482 5104 1984 5184">
     <span class='ocr_line' id='line_1_43' title="bbox 482 5104 1984 5184; baseline -0.007 -17"><span class='ocrx_word' id='word_1_247' title='bbox 482 5113 551 5167; x_wconf 93' lang='lat' dir='ltr'><strong>ll.</strong></span> <span class='ocrx_word' id='word_1_248' title='bbox 599 5113 768 5184; x_wconf 82' lang='lat' dir='ltr'><strong>Igitur</strong></span> <span class='ocrx_word' id='word_1_249' title='bbox 794 5127 917 5166; x_wconf 92' lang='lat' dir='ltr'><strong>cum</strong></span> <span class='ocrx_word' id='word_1_250' title='bbox 943 5111 1281 5180; x_wconf 82' lang='lat' dir='ltr'><strong>Pentagurus</strong></span> <span class='ocrx_word' id='word_1_251' title='bbox 1313 5108 1368 5162; x_wconf 93' lang='lat' dir='ltr'><strong>in</strong></span> <span class='ocrx_word' id='word_1_252' title='bbox 1407 5106 1679 5162; x_wconf 89' lang='lat' dir='ltr'><strong>diabolico</strong></span> <span class='ocrx_word' id='word_1_253' title='bbox 1714 5121 1814 5159; x_wconf 91' lang='lat' dir='ltr'><strong>suo</strong></span> <span class='ocrx_word' id='word_1_254' title='bbox 1845 5104 1984 5158; x_wconf 92' lang='lat' dir='ltr'><strong>solio</strong></span> 
     </span>
    </p>
   </div>
   <div class='ocr_carea' id='block_1_44' title="bbox 405 5197 1986 5267">
    <p class='ocr_par' dir='ltr' id='par_1_44' title="bbox 405 5197 1986 5267">
     <span class='ocr_line' id='line_1_44' title="bbox 405 5197 1986 5267; baseline -0.006 -7"><span class='ocrx_word' id='word_1_255' title='bbox 405 5207 622 5260; x_wconf 77' lang='lat' dir='ltr'><strong>sederet</strong></span> <span class='ocrx_word' id='word_1_256' title='bbox 672 5219 779 5259; x_wconf 91' lang='lat' dir='ltr'><strong>una</strong></span> <span class='ocrx_word' id='word_1_257' title='bbox 831 5218 955 5258; x_wconf 92' lang='lat' dir='ltr'><strong>cum</strong></span> <span class='ocrx_word' id='word_1_258' title='bbox 1019 5200 1350 5265; x_wconf 89' lang='lat' dir='ltr'><strong>Calvisiano,</strong></span> <span class='ocrx_word' id='word_1_259' title='bbox 1401 5199 1694 5254; x_wconf 88' lang='lat' dir='ltr'><strong>universus</strong></span> <span class='ocrx_word' id='word_1_260' title='bbox 1751 5197 1986 5267; x_wconf 90' lang='lat' dir='ltr'><strong>populus</strong></span> 
     </span>
    </p>
   </div>
   <div class='ocr_carea' id='block_1_45' title="bbox 402 5289 1984 5369">
    <p class='ocr_par' dir='ltr' id='par_1_45' title="bbox 402 5289 1984 5369">
     <span class='ocr_line' id='line_1_45' title="bbox 402 5289 1984 5369; baseline -0.008 -15"><span class='ocrx_word' id='word_1_261' title='bbox 402 5305 764 5369; x_wconf 77' lang='lat' dir='ltr'><strong>congregatus</strong></span> <span class='ocrx_word' id='word_1_262' title='bbox 790 5305 875 5352; x_wconf 91' lang='lat' dir='ltr'><strong>est</strong></span> <span class='ocrx_word' id='word_1_263' title='bbox 903 5304 1029 5351; x_wconf 90' lang='lat' dir='ltr'><strong>ante</strong></span> <span class='ocrx_word' id='word_1_264' title='bbox 1055 5293 1294 5350; x_wconf 90' lang='lat' dir='ltr'><strong>tribunal</strong></span> <span class='ocrx_word' id='word_1_265' title='bbox 1330 5308 1542 5348; x_wconf 91' lang='lat' dir='ltr'><strong>eorum.</strong></span> <span class='ocrx_word' id='word_1_266' title='bbox 1599 5290 1759 5345; x_wconf 91' lang='lat' dir='ltr'><strong>Tunc</strong></span> <span class='ocrx_word' id='word_1_267' title='bbox 1785 5289 1984 5343; x_wconf 90' lang='lat' dir='ltr'><strong>Penta-</strong></span> 
     </span>
    </p>
   </div>
   <div class='ocr_carea' id='block_1_46' title="bbox 403 5381 1980 5460">
    <p class='ocr_par' dir='ltr' id='par_1_46' title="bbox 403 5381 1980 5460">
     <span class='ocr_line' id='line_1_46' title="bbox 403 5381 1980 5460; baseline -0.007 -17"><span class='ocrx_word' id='word_1_268' title='bbox 403 5404 571 5460; x_wconf 78' lang='lat' dir='ltr'><strong>gurus</strong></span> <span class='ocrx_word' id='word_1_269' title='bbox 620 5388 938 5460; x_wconf 88' lang='lat' dir='ltr'><strong>postulavit,</strong></span> <span class='ocrx_word' id='word_1_270' title='bbox 975 5386 1060 5442; x_wconf 88' lang='lat' dir='ltr'><strong>his</strong></span> <span class='ocrx_word' id='word_1_271' title='bbox 1110 5385 1179 5440; x_wconf 91' lang='lat' dir='ltr'><strong>ad</strong></span> <span class='ocrx_word' id='word_1_272' title='bbox 1215 5384 1584 5441; x_wconf 87' lang='lat' dir='ltr'><strong>Calvisianutn</strong></span> <span class='ocrx_word' id='word_1_273' title='bbox 1612 5381 1796 5436; x_wconf 87' lang='lat' dir='ltr'><strong>verbis</strong></span> <span class='ocrx_word' id='word_1_274' title='bbox 1827 5394 1980 5433; x_wconf 87' lang='lat' dir='ltr'><strong>usus:</strong></span> 
     </span>
    </p>
   </div>
   <div class='ocr_carea' id='block_1_47' title="bbox 404 5473 1983 5545">
    <p class='ocr_par' dir='ltr' id='par_1_47' title="bbox 404 5473 1983 5545">
     <span class='ocr_line' id='line_1_47' title="bbox 404 5473 1983 5545; baseline -0.005 -12"><span class='ocrx_word' id='word_1_275' title='bbox 404 5480 570 5536; x_wconf 89' lang='lat' dir='ltr'><strong>lstine</strong></span> <span class='ocrx_word' id='word_1_276' title='bbox 599 5495 792 5536; x_wconf 86' lang='lat' dir='ltr'><strong>omnes</strong></span> <span class='ocrx_word' id='word_1_277' title='bbox 836 5480 1062 5534; x_wconf 85' lang='lat' dir='ltr'><strong>deorum</strong></span> <span class='ocrx_word' id='word_1_278' title='bbox 1092 5488 1408 5534; x_wconf 87' lang='lat' dir='ltr'><strong>nostrorum</strong></span> <span class='ocrx_word' id='word_1_279' title='bbox 1437 5475 1756 5545; x_wconf 79' lang='lat' dir='ltr'><strong>religionem</strong></span> <span class='ocrx_word' id='word_1_280' title='bbox 1791 5473 1983 5527; x_wconf 88' lang='lat' dir='ltr'><strong>obser-</strong></span> 
     </span>
    </p>
   </div>
   <div class='ocr_carea' id='block_1_48' title="bbox 402 5565 1979 5643">
    <p class='ocr_par' dir='ltr' id='par_1_48' title="bbox 402 5565 1979 5643">
     <span class='ocr_line' id='line_1_48' title="bbox 402 5565 1979 5643; baseline -0.003 -19"><span class='ocrx_word' id='word_1_281' title='bbox 402 5574 576 5628; x_wconf 79' lang='lat' dir='ltr'><strong>vant?</strong></span> <span class='ocrx_word' id='word_1_282' title='bbox 609 5572 918 5643; x_wconf 77' lang='lat' dir='ltr'><strong>Respondit</strong></span> <span class='ocrx_word' id='word_1_283' title='bbox 966 5571 1314 5627; x_wconf 86' lang='lat' dir='ltr'><strong>Calvisianus</strong></span> <span class='ocrx_word' id='word_1_284' title='bbox 1366 5571 1484 5624; x_wconf 89' lang='lat' dir='ltr'><strong>sic:</strong></span> <span class='ocrx_word' id='word_1_285' title='bbox 1521 5565 1720 5622; x_wconf 84' lang='lat' dir='ltr'><strong>Cuncti</strong></span> <span class='ocrx_word' id='word_1_286' title='bbox 1747 5565 1803 5619; x_wconf 88' lang='lat' dir='ltr'><strong>bi</strong></span> <span class='ocrx_word' id='word_1_287' title='bbox 1835 5579 1979 5635; x_wconf 85' lang='lat' dir='ltr'><strong>quos</strong></span> 
     </span>
    </p>
   </div>
   <div class='ocr_carea' id='block_1_49' title="bbox 2085 3725 3676 3799">
    <p class='ocr_par' dir='ltr' id='par_1_49' title="bbox 2085 3725 3676 3799">
     <span class='ocr_line' id='line_1_49' title="bbox 2085 3725 3676 3799; baseline -0.001 -18"><span class='ocrx_word' id='word_1_288' title='bbox 2085 3729 2175 3781; x_wconf 77' lang='grc' dir='ltr'>νοῦ</span> <span class='ocrx_word' id='word_1_289' title='bbox 2207 3729 2314 3780; x_wconf 86' lang='grc' dir='ltr'>τῶν</span> <span class='ocrx_word' id='word_1_290' title='bbox 2352 3725 2646 3797; x_wconf 82' lang='grc' dir='ltr'>βασιλέων,</span> <span class='ocrx_word' id='word_1_291' title='bbox 2682 3725 2926 3786; x_wconf 80' lang='grc' dir='ltr'>τοιοῦτος</span> <span class='ocrx_word' id='word_1_292' title='bbox 2955 3725 3124 3794; x_wconf 73' lang='grc' dir='ltr'>θυμὸς</span> <span class='ocrx_word' id='word_1_293' title='bbox 3151 3729 3217 3794; x_wconf 81' lang='grc' dir='ltr'><strong>τῇ</strong></span> <span class='ocrx_word' id='word_1_294' title='bbox 3249 3726 3676 3799; x_wconf 76' lang='grc' dir='ltr'>εἱδωλολατρείᾳ</span> 
     </span>
    </p>
   </div>
   <div class='ocr_carea' id='block_1_50' title="bbox 2084 3813 3675 3886">
    <p class='ocr_par' dir='ltr' id='par_1_50' title="bbox 2084 3813 3675 3886">
     <span class='ocr_line' id='line_1_50' title="bbox 2084 3813 3675 3886; baseline 0.001 -16"><span class='ocrx_word' id='word_1_295' title='bbox 2084 3817 2303 3886; x_wconf 78' lang='grc' dir='ltr'>ἐγένετο</span> <span class='ocrx_word' id='word_1_296' title='bbox 2333 3815 2456 3869; x_wconf 85' lang='grc' dir='ltr'><strong>καθ’</strong></span> <span class='ocrx_word' id='word_1_297' title='bbox 2487 3815 2726 3885; x_wconf 75' lang='grc' dir='ltr'><strong>ἑκάστην</strong></span> <span class='ocrx_word' id='word_1_298' title='bbox 2759 3813 2942 3885; x_wconf 84' lang='grc' dir='ltr'>χώραν</span> <span class='ocrx_word' id='word_1_299' title='bbox 2970 3817 3065 3868; x_wconf 78' lang='grc' dir='ltr'><strong>καὶ</strong></span> <span class='ocrx_word' id='word_1_300' title='bbox 3100 3815 3280 3884; x_wconf 79' lang='grc' dir='ltr'><strong>νῆσον,</strong></span> <span class='ocrx_word' id='word_1_301' title='bbox 3315 3815 3456 3869; x_wconf 82' lang='grc' dir='ltr'>ὥστε</span> <span class='ocrx_word' id='word_1_302' title='bbox 3487 3819 3675 3872; x_wconf 72' lang='grc' dir='ltr'>πάντα</span> 
     </span>
    </p>
   </div>
   <div class='ocr_carea' id='block_1_51' title="bbox 2080 3907 3672 3978">
    <p class='ocr_par' dir='ltr' id='par_1_51' title="bbox 2080 3907 3672 3978">
     <span class='ocr_line' id='line_1_51' title="bbox 2080 3907 3672 3978; baseline 0.001 -15"><span class='ocrx_word' id='word_1_303' title='bbox 2080 3911 2149 3964; x_wconf 77' lang='grc' dir='ltr'>τὰ</span> <span class='ocrx_word' id='word_1_304' title='bbox 2176 3910 2370 3964; x_wconf 77' lang='grc' dir='ltr'>εἴδωλα</span> <span class='ocrx_word' id='word_1_305' title='bbox 2397 3909 2694 3978; x_wconf 76' lang='grc' dir='ltr'>ἐξεγεῖραι.</span> <span class='ocrx_word' id='word_1_306' title='bbox 2732 3907 3094 3960; x_wconf 76' lang='grc' dir='ltr'>Ἀπέστειλαν</span> <span class='ocrx_word' id='word_1_307' title='bbox 3116 3908 3173 3960; x_wconf 81' lang='grc' dir='ltr'><strong>δὲ</strong></span> <span class='ocrx_word' id='word_1_308' title='bbox 3203 3911 3250 3961; x_wconf 70' lang='grc' dir='ltr'>οἱ</span> <span class='ocrx_word' id='word_1_309' title='bbox 3277 3908 3520 3978; x_wconf 79' lang='grc' dir='ltr'><strong>βασιλεῖς</strong></span> <span class='ocrx_word' id='word_1_310' title='bbox 3547 3927 3672 3964; x_wconf 81' lang='grc' dir='ltr'>τινα</span> 
     </span>
    </p>
   </div>
   <div class='ocr_carea' id='block_1_52' title="bbox 2081 4000 3674 4072">
    <p class='ocr_par' dir='ltr' id='par_1_52' title="bbox 2081 4000 3674 4072">
     <span class='ocr_line' id='line_1_52' title="bbox 2081 4000 3674 4072; baseline 0 -18"><span class='ocrx_word' id='word_1_311' title='bbox 2081 4003 2305 4071; x_wconf 74' lang='grc' dir='ltr'>ὀνόματι</span> <span class='ocrx_word' id='word_1_312' title='bbox 2355 4001 2736 4069; x_wconf 81' lang='grc' dir='ltr'>Πεντάγουρον</span> <span class='ocrx_word' id='word_1_313' title='bbox 2774 4001 2831 4052; x_wconf 82' lang='grc' dir='ltr'><strong>ὲν</strong></span> <span class='ocrx_word' id='word_1_314' title='bbox 2873 4001 2988 4062; x_wconf 74' lang='grc' dir='ltr'>τοῖς</span> <span class='ocrx_word' id='word_1_315' title='bbox 3038 4000 3210 4070; x_wconf 79' lang='grc' dir='ltr'><strong>ὁρίοις</strong></span> <span class='ocrx_word' id='word_1_316' title='bbox 3257 4002 3356 4070; x_wconf 84' lang='grc' dir='ltr'>τῆς</span> <span class='ocrx_word' id='word_1_317' title='bbox 3397 4003 3674 4072; x_wconf 77' lang='grc' dir='ltr'><strong>ἐπαρχίας</strong></span> 
     </span>
    </p>
   </div>
   <div class='ocr_carea' id='block_1_53' title="bbox 2083 4093 3673 4165">
    <p class='ocr_par' dir='ltr' id='par_1_53' title="bbox 2083 4093 3673 4165">
     <span class='ocr_line' id='line_1_53' title="bbox 2083 4093 3673 4165; baseline 0.001 -17"><span class='ocrx_word' id='word_1_318' title='bbox 2083 4096 2360 4160; x_wconf 75' lang='grc' dir='ltr'>Σικελίας,</span> <span class='ocrx_word' id='word_1_319' title='bbox 2419 4094 2599 4147; x_wconf 80' lang='grc' dir='ltr'>πάντα</span> <span class='ocrx_word' id='word_1_320' title='bbox 2647 4093 2716 4148; x_wconf 83' lang='grc' dir='ltr'>τὰ</span> <span class='ocrx_word' id='word_1_321' title='bbox 2773 4094 2975 4147; x_wconf 72' lang='grc' dir='ltr'>εἴδωλα</span> <span class='ocrx_word' id='word_1_322' title='bbox 3029 4094 3346 4165; x_wconf 78' lang='grc' dir='ltr'><strong>ἐξεγεῖραι,</strong></span> <span class='ocrx_word' id='word_1_323' title='bbox 3396 4097 3489 4151; x_wconf 76' lang='grc' dir='ltr'><strong>καὶ</strong></span> <span class='ocrx_word' id='word_1_324' title='bbox 3539 4097 3673 4160; x_wconf 80' lang='grc' dir='ltr'>τοὺς</span> 
     </span>
    </p>
   </div>
   <div class='ocr_carea' id='block_1_54' title="bbox 2082 4184 3674 4258">
    <p class='ocr_par' dir='ltr' id='par_1_54' title="bbox 2082 4184 3674 4258">
     <span class='ocr_line' id='line_1_54' title="bbox 2082 4184 3674 4258; baseline 0.002 -19"><span class='ocrx_word' id='word_1_325' title='bbox 2082 4187 2443 4258; x_wconf 80' lang='grc' dir='ltr'>Χριστιανοὺς</span> <span class='ocrx_word' id='word_1_326' title='bbox 2464 4185 2655 4249; x_wconf 84' lang='grc' dir='ltr'><strong>ἁθὼως</strong></span> <span class='ocrx_word' id='word_1_327' title='bbox 2674 4184 3015 4255; x_wconf 81' lang='grc' dir='ltr'><strong>ἀναλωθῆναι</strong></span> <span class='ocrx_word' id='word_1_328' title='bbox 3039 4189 3134 4239; x_wconf 78' lang='grc' dir='ltr'><strong>καὶ</strong></span> <span class='ocrx_word' id='word_1_329' title='bbox 3153 4188 3353 4251; x_wconf 74' lang='grc' dir='ltr'>δειναῖς</span> <span class='ocrx_word' id='word_1_330' title='bbox 3374 4191 3674 4258; x_wconf 77' lang='grc' dir='ltr'>τιμωρίαις</span> 
     </span>
    </p>
   </div>
   <div class='ocr_carea' id='block_1_55' title="bbox 2086 4276 3676 4349">
    <p class='ocr_par' dir='ltr' id='par_1_55' title="bbox 2086 4276 3676 4349">
     <span class='ocr_line' id='line_1_55' title="bbox 2086 4276 3676 4349; baseline 0.004 -20"><span class='ocrx_word' id='word_1_331' title='bbox 2086 4277 2505 4348; x_wconf 80' lang='grc' dir='ltr'>βασανισθῆναι.</span> <span class='ocrx_word' id='word_1_332' title='bbox 2550 4276 2638 4340; x_wconf 83' lang='grc' dir='ltr'>Ὦς</span> <span class='ocrx_word' id='word_1_333' title='bbox 2671 4277 2725 4328; x_wconf 82' lang='grc' dir='ltr'>δὲ</span> <span class='ocrx_word' id='word_1_334' title='bbox 2757 4276 2993 4344; x_wconf 77' lang='grc' dir='ltr'><strong>ἔφθασεν</strong></span> <span class='ocrx_word' id='word_1_335' title='bbox 3031 4279 3087 4330; x_wconf 79' lang='grc' dir='ltr'><strong>ἐν</strong></span> <span class='ocrx_word' id='word_1_336' title='bbox 3117 4282 3182 4349; x_wconf 81' lang='grc' dir='ltr'>τῇ</span> <span class='ocrx_word' id='word_1_337' title='bbox 3214 4281 3438 4334; x_wconf 77' lang='grc' dir='ltr'>Κατανα</span> <span class='ocrx_word' id='word_1_338' title='bbox 3461 4300 3537 4335; x_wconf 88' lang='grc' dir='ltr'><strong>ων</strong></span> <span class='ocrx_word' id='word_1_339' title='bbox 3569 4284 3676 4336; x_wconf 83' lang='grc' dir='ltr'>πό-</span> 
     </span>
    </p>
   </div>
   <div class='ocr_carea' id='block_1_56' title="bbox 2083 4367 3674 4435">
    <p class='ocr_par' dir='ltr' id='par_1_56' title="bbox 2083 4367 3674 4435">
     <span class='ocr_line' id='line_1_56' title="bbox 2083 4367 3674 4435; baseline 0.004 -15"><span class='ocrx_word' id='word_1_340' title='bbox 2083 4368 2165 4420; x_wconf 84' lang='grc' dir='ltr'><strong>λει</strong></span> <span class='ocrx_word' id='word_1_341' title='bbox 2189 4411 2203 4433; x_wconf 91' lang='grc'>,</span> <span class='ocrx_word' id='word_1_342' title='bbox 2251 4367 2396 4420; x_wconf 84' lang='grc' dir='ltr'>κατὰ</span> <span class='ocrx_word' id='word_1_343' title='bbox 2440 4367 2500 4419; x_wconf 83' lang='grc' dir='ltr'>τὸ</span> <span class='ocrx_word' id='word_1_344' title='bbox 2535 4367 2725 4428; x_wconf 87' lang='grc' dir='ltr'>εἰωθὸς</span> <span class='ocrx_word' id='word_1_345' title='bbox 2764 4367 3055 4422; x_wconf 71' lang='grc' dir='ltr'>ἐκέλευσεν</span> <span class='ocrx_word' id='word_1_346' title='bbox 3086 4371 3113 4422; x_wconf 77' lang='grc' dir='ltr'><strong><em>ὁ</em></strong></span> <span class='ocrx_word' id='word_1_347' title='bbox 3148 4369 3514 4434; x_wconf 76' lang='grc' dir='ltr'>Καλϐισιανὸς</span> <span class='ocrx_word' id='word_1_348' title='bbox 3552 4375 3674 4435; x_wconf 79' lang='grc' dir='ltr'>τοῖς</span> 
     </span>
    </p>
   </div>
   <div class='ocr_carea' id='block_1_57' title="bbox 2085 4457 3676 4530">
    <p class='ocr_par' dir='ltr' id='par_1_57' title="bbox 2085 4457 3676 4530">
     <span class='ocr_line' id='line_1_57' title="bbox 2085 4457 3676 4530; baseline 0.003 -18"><span class='ocrx_word' id='word_1_349' title='bbox 2085 4458 2261 4530; x_wconf 75' lang='grc' dir='ltr'>ὄχλοις</span> <span class='ocrx_word' id='word_1_350' title='bbox 2277 4459 2377 4526; x_wconf 76' lang='grc' dir='ltr'><strong>τῆς</strong></span> <span class='ocrx_word' id='word_1_351' title='bbox 2400 4457 2608 4520; x_wconf 83' lang='grc' dir='ltr'>πόλεως</span> <span class='ocrx_word' id='word_1_352' title='bbox 2630 4458 2934 4528; x_wconf 79' lang='grc' dir='ltr'><strong>ἀπάντησιν</strong></span> <span class='ocrx_word' id='word_1_353' title='bbox 2963 4461 3292 4529; x_wconf 78' lang='grc' dir='ltr'>ποιήσασθαι</span> <span class='ocrx_word' id='word_1_354' title='bbox 3314 4461 3408 4514; x_wconf 86' lang='grc' dir='ltr'>τοῦ</span> <span class='ocrx_word' id='word_1_355' title='bbox 3431 4463 3676 4518; x_wconf 66' lang='lat' dir='ltr'><strong>(imo-ta.-</strong></span> 
     </span>
    </p>
   </div>
   <div class='ocr_carea' id='block_1_58' title="bbox 2083 4547 3675 4625">
    <p class='ocr_par' dir='ltr' id='par_1_58' title="bbox 2083 4547 3675 4625">
     <span class='ocr_line' id='line_1_58' title="bbox 2083 4547 3675 4625; baseline 0.004 -21"><span class='ocrx_word' id='word_1_356' title='bbox 2083 4553 2266 4614; x_wconf 84' lang='grc' dir='ltr'>λέντος</span> <span class='ocrx_word' id='word_1_357' title='bbox 2299 4552 2403 4604; x_wconf 78' lang='grc' dir='ltr'><strong>ὑπὸ</strong></span> <span class='ocrx_word' id='word_1_358' title='bbox 2429 4551 2538 4605; x_wconf 86' lang='grc' dir='ltr'>τῶν</span> <span class='ocrx_word' id='word_1_359' title='bbox 2569 4550 2860 4621; x_wconf 78' lang='grc' dir='ltr'>βασιλέων,</span> <span class='ocrx_word' id='word_1_360' title='bbox 2889 4551 2962 4611; x_wconf 67' lang='grc' dir='ltr'>ὡς</span> <span class='ocrx_word' id='word_1_361' title='bbox 2990 4551 3111 4613; x_wconf 73' lang='grc' dir='ltr'>ἔθος</span> <span class='ocrx_word' id='word_1_362' title='bbox 3135 4547 3203 4624; x_wconf 77' lang='grc' dir='ltr'><strong>ἦν</strong></span> <span class='ocrx_word' id='word_1_363' title='bbox 3225 4553 3337 4606; x_wconf 83' lang='grc' dir='ltr'><strong>τῶν</strong></span> <span class='ocrx_word' id='word_1_364' title='bbox 3373 4553 3675 4625; x_wconf 83' lang='grc' dir='ltr'>Ἑλλήνων.</span> 
     </span>
    </p>
   </div>
   <div class='ocr_carea' id='block_1_59' title="bbox 2089 4645 3675 4716">
    <p class='ocr_par' dir='ltr' id='par_1_59' title="bbox 2089 4645 3675 4716">
     <span class='ocr_line' id='line_1_59' title="bbox 2089 4645 3675 4716; baseline 0.003 -18"><span class='ocrx_word' id='word_1_365' title='bbox 2089 4647 2198 4699; x_wconf 75' lang='grc' dir='ltr'><strong>Καὶ</strong></span> <span class='ocrx_word' id='word_1_366' title='bbox 2226 4646 2475 4716; x_wconf 79' lang='grc' dir='ltr'>εἰσῆλθεν</span> <span class='ocrx_word' id='word_1_367' title='bbox 2501 4648 2528 4698; x_wconf 83' lang='grc' dir='ltr'>ὁ</span> <span class='ocrx_word' id='word_1_368' title='bbox 2574 4645 2951 4714; x_wconf 81' lang='grc' dir='ltr'>Πεντάγουρος</span> <span class='ocrx_word' id='word_1_369' title='bbox 2979 4646 3036 4696; x_wconf 84' lang='grc' dir='ltr'><strong>ὲν</strong></span> <span class='ocrx_word' id='word_1_370' title='bbox 3066 4647 3136 4715; x_wconf 80' lang='grc' dir='ltr'>τῇ</span> <span class='ocrx_word' id='word_1_371' title='bbox 3178 4646 3354 4700; x_wconf 79' lang='grc' dir='ltr'>πόλει.</span> <span class='ocrx_word' id='word_1_372' title='bbox 3383 4647 3515 4700; x_wconf 78' lang='grc' dir='ltr'>Τότε</span> <span class='ocrx_word' id='word_1_373' title='bbox 3548 4649 3675 4702; x_wconf 81' lang='grc' dir='ltr'><strong>ὲκέ-</strong></span> 
     </span>
    </p>
   </div>
   <div class='ocr_carea' id='block_1_60' title="bbox 2086 4721 3673 4811">
    <p class='ocr_par' dir='ltr' id='par_1_60' title="bbox 2086 4721 3673 4811">
     <span class='ocr_line' id='line_1_60' title="bbox 2086 4721 3673 4811; baseline 0.003 -22"><span class='ocrx_word' id='word_1_374' title='bbox 2086 4739 2278 4790; x_wconf 83' lang='grc' dir='ltr'>λευσεν</span> <span class='ocrx_word' id='word_1_375' title='bbox 2316 4741 2343 4791; x_wconf 87' lang='grc' dir='ltr'>ὁ</span> <span class='ocrx_word' id='word_1_376' title='bbox 2374 4737 2739 4800; x_wconf 74' lang='grc' dir='ltr'>Καλϐισιανὸς</span> <span class='ocrx_word' id='word_1_377' title='bbox 2772 4721 2834 4790; x_wconf 68' lang='grc' dir='ltr'>τὸ</span> <span class='ocrx_word' id='word_1_378' title='bbox 2865 4736 3222 4807; x_wconf 73' lang='grc' dir='ltr'>τριϐωνάλιον</span> <span class='ocrx_word' id='word_1_379' title='bbox 3252 4740 3417 4792; x_wconf 81' lang='grc' dir='ltr'>αὐτοῦ</span> <span class='ocrx_word' id='word_1_380' title='bbox 3447 4741 3673 4811; x_wconf 82' lang='grc' dir='ltr'>τεθῆναι</span> 
     </span>
    </p>
   </div>
   <div class='ocr_carea' id='block_1_61' title="bbox 2089 4828 3672 4900">
    <p class='ocr_par' dir='ltr' id='par_1_61' title="bbox 2089 4828 3672 4900">
     <span class='ocr_line' id='line_1_61' title="bbox 2089 4828 3672 4900; baseline 0.004 -18"><span class='ocrx_word' id='word_1_381' title='bbox 2089 4832 2146 4882; x_wconf 74' lang='grc' dir='ltr'>ἐν</span> <span class='ocrx_word' id='word_1_382' title='bbox 2182 4830 2260 4900; x_wconf 84' lang='grc' dir='ltr'>τῷ</span> <span class='ocrx_word' id='word_1_383' title='bbox 2287 4831 2436 4900; x_wconf 85' lang='grc' dir='ltr'><strong>τόπῳ</strong></span> <span class='ocrx_word' id='word_1_384' title='bbox 2472 4831 2548 4900; x_wconf 81' lang='grc' dir='ltr'>τῷ</span> <span class='ocrx_word' id='word_1_385' title='bbox 2592 4828 2877 4900; x_wconf 82' lang='grc' dir='ltr'><strong>λεγομένῳ</strong></span> <span class='ocrx_word' id='word_1_386' title='bbox 2926 4828 3198 4900; x_wconf 84' lang='grc' dir='ltr'>Ἀχιλλίῳ.</span> <span class='ocrx_word' id='word_1_387' title='bbox 3238 4830 3351 4884; x_wconf 77' lang='grc' dir='ltr'>Καὶ</span> <span class='ocrx_word' id='word_1_388' title='bbox 3379 4833 3672 4888; x_wconf 79' lang='grc' dir='ltr'>ἐκέλευσεν</span> 
     </span>
    </p>
   </div>
   <div class='ocr_carea' id='block_1_62' title="bbox 2091 4919 3672 4991">
    <p class='ocr_par' dir='ltr' id='par_1_62' title="bbox 2091 4919 3672 4991">
     <span class='ocr_line' id='line_1_62' title="bbox 2091 4919 3672 4991; baseline 0.005 -22"><span class='ocrx_word' id='word_1_389' title='bbox 2091 4919 2336 4988; x_wconf 79' lang='grc' dir='ltr'>κήρυκας</span> <span class='ocrx_word' id='word_1_390' title='bbox 2358 4919 2732 4989; x_wconf 81' lang='grc' dir='ltr'><strong>ἀποσταλῆναι</strong></span> <span class='ocrx_word' id='word_1_391' title='bbox 2757 4921 2896 4972; x_wconf 85' lang='grc' dir='ltr'>κατά</span> <span class='ocrx_word' id='word_1_392' title='bbox 2918 4922 3016 4984; x_wconf 74' lang='grc' dir='ltr'>τὰς</span> <span class='ocrx_word' id='word_1_393' title='bbox 3037 4920 3299 4984; x_wconf 76' lang='grc' dir='ltr'>πλατείας</span> <span class='ocrx_word' id='word_1_394' title='bbox 3316 4923 3413 4991; x_wconf 82' lang='grc' dir='ltr'>τῆς</span> <span class='ocrx_word' id='word_1_395' title='bbox 3437 4923 3672 4990; x_wconf 80' lang='grc' dir='ltr'>πόλεως,</span> 
     </span>
    </p>
   </div>
   <div class='ocr_carea' id='block_1_63' title="bbox 2015 5005 2956 5080">
    <p class='ocr_par' dir='ltr' id='par_1_63' title="bbox 2015 5005 2956 5080">
     <span class='ocr_line' id='line_1_63' title="bbox 2015 5005 2956 5080; baseline 0.002 -17"><span class='ocrx_word' id='word_1_396' title='bbox 2015 5005 2057 5063; x_wconf 87' lang='lat' dir='ltr'><strong><em>C</em></strong></span> <span class='ocrx_word' id='word_1_397' title='bbox 2089 5009 2228 5062; x_wconf 80' lang='grc' dir='ltr'>ὥστε</span> <span class='ocrx_word' id='word_1_398' title='bbox 2256 5011 2462 5072; x_wconf 81' lang='grc' dir='ltr'>πάντας</span> <span class='ocrx_word' id='word_1_399' title='bbox 2482 5011 2956 5080; x_wconf 81' lang='grc' dir='ltr'>συναθροισθῆναι.</span> 
     </span>
    </p>
   </div>
   <div class='ocr_carea' id='block_1_64' title="bbox 2162 5083 3673 5177">
    <p class='ocr_par' dir='ltr' id='par_1_64' title="bbox 2162 5083 3673 5177">
     <span class='ocr_line' id='line_1_64' title="bbox 2162 5083 3673 5177; baseline 0.006 -27"><span class='ocrx_word' id='word_1_400' title='bbox 2162 5100 2236 5153; x_wconf 84' lang='lat' dir='ltr'><strong>B&#39;.</strong></span> <span class='ocrx_word' id='word_1_401' title='bbox 2260 5101 2390 5153; x_wconf 84' lang='grc' dir='ltr'>Τότε</span> <span class='ocrx_word' id='word_1_402' title='bbox 2423 5102 2450 5152; x_wconf 91' lang='grc' dir='ltr'>ὁ</span> <span class='ocrx_word' id='word_1_403' title='bbox 2483 5102 2860 5170; x_wconf 74' lang='grc' dir='ltr'>Πεντάγουρος</span> <span class='ocrx_word' id='word_1_404' title='bbox 2886 5101 3182 5166; x_wconf 80' lang='grc' dir='ltr'>καθεσθεὶς</span> <span class='ocrx_word' id='word_1_405' title='bbox 3200 5105 3260 5158; x_wconf 77' lang='grc' dir='ltr'><strong>ὲν</strong></span> <span class='ocrx_word' id='word_1_406' title='bbox 3281 5103 3359 5168; x_wconf 83' lang='grc' dir='ltr'>τῷ</span> <span class='ocrx_word' id='word_1_407' title='bbox 3375 5083 3673 5177; x_wconf 64' lang='grc' dir='ltr'>διαϐολίκῷ</span> 
     </span>
    </p>
   </div>
   <div class='ocr_carea' id='block_1_65' title="bbox 2088 5195 3674 5270">
    <p class='ocr_par' dir='ltr' id='par_1_65' title="bbox 2088 5195 3674 5270">
     <span class='ocr_line' id='line_1_65' title="bbox 2088 5195 3674 5270; baseline 0.003 -21"><span class='ocrx_word' id='word_1_408' title='bbox 2088 5196 2252 5250; x_wconf 72' lang='grc' dir='ltr'>αὐτοῦ</span> <span class='ocrx_word' id='word_1_409' title='bbox 2283 5195 2459 5264; x_wconf 72' lang='grc' dir='ltr'>θρόνῳ</span> <span class='ocrx_word' id='word_1_410' title='bbox 2503 5195 2601 5248; x_wconf 82' lang='grc' dir='ltr'><strong>σὺν</strong></span> <span class='ocrx_word' id='word_1_411' title='bbox 2634 5196 2710 5263; x_wconf 82' lang='grc' dir='ltr'>τῷ</span> <span class='ocrx_word' id='word_1_412' title='bbox 2743 5195 3120 5266; x_wconf 78' lang='grc' dir='ltr'>Καλϐισιανῴ,</span> <span class='ocrx_word' id='word_1_413' title='bbox 3157 5199 3521 5270; x_wconf 81' lang='grc' dir='ltr'><strong>συνηθροίσθη</strong></span> <span class='ocrx_word' id='word_1_414' title='bbox 3561 5203 3674 5263; x_wconf 81' lang='grc' dir='ltr'><strong>πᾶς</strong></span> 
     </span>
    </p>
   </div>
   <div class='ocr_carea' id='block_1_66' title="bbox 2086 5285 3674 5356">
    <p class='ocr_par' dir='ltr' id='par_1_66' title="bbox 2086 5285 3674 5356">
     <span class='ocr_line' id='line_1_66' title="bbox 2086 5285 3674 5356; baseline 0.003 -16"><span class='ocrx_word' id='word_1_415' title='bbox 2086 5291 2114 5341; x_wconf 85' lang='grc' dir='ltr'>ὁ</span> <span class='ocrx_word' id='word_1_416' title='bbox 2144 5287 2269 5349; x_wconf 79' lang='grc' dir='ltr'>λαὸς</span> <span class='ocrx_word' id='word_1_417' title='bbox 2297 5285 2607 5356; x_wconf 75' lang='grc' dir='ltr'>ἔμπροσθεν</span> <span class='ocrx_word' id='word_1_418' title='bbox 2627 5285 2721 5338; x_wconf 75' lang='grc' dir='ltr'>τοῦ</span> <span class='ocrx_word' id='word_1_419' title='bbox 2741 5286 2984 5356; x_wconf 82' lang='grc' dir='ltr'>βήματος</span> <span class='ocrx_word' id='word_1_420' title='bbox 3008 5289 3206 5340; x_wconf 82' lang='grc' dir='ltr'>αὐτῶν.</span> <span class='ocrx_word' id='word_1_421' title='bbox 3233 5289 3363 5342; x_wconf 84' lang='grc' dir='ltr'><strong>Τότε</strong></span> <span class='ocrx_word' id='word_1_422' title='bbox 3384 5290 3674 5353; x_wconf 65' lang='grc' dir='ltr'>ἐκέλευσεν</span> 
     </span>
    </p>
   </div>
   <div class='ocr_carea' id='block_1_67' title="bbox 2087 5375 3671 5447">
    <p class='ocr_par' dir='ltr' id='par_1_67' title="bbox 2087 5375 3671 5447">
     <span class='ocr_line' id='line_1_67' title="bbox 2087 5375 3671 5447; baseline 0.003 -15"><span class='ocrx_word' id='word_1_423' title='bbox 2087 5380 2114 5432; x_wconf 87' lang='grc' dir='ltr'>ὁ</span> <span class='ocrx_word' id='word_1_424' title='bbox 2169 5378 2574 5446; x_wconf 78' lang='grc' dir='ltr'>Πεντὰγυυρος,</span> <span class='ocrx_word' id='word_1_425' title='bbox 2623 5375 2800 5443; x_wconf 79' lang='grc' dir='ltr'>λέγων</span> <span class='ocrx_word' id='word_1_426' title='bbox 2855 5377 2992 5447; x_wconf 78' lang='grc' dir='ltr'>πρὸς</span> <span class='ocrx_word' id='word_1_427' title='bbox 3051 5377 3450 5431; x_wconf 71' lang='grc' dir='ltr'>Καλϐισιανόνι</span> <span class='ocrx_word' id='word_1_428' title='bbox 3508 5375 3671 5436; x_wconf 77' lang='grc' dir='ltr'>Οὗτοι</span> 
     </span>
    </p>
   </div>
   <div class='ocr_carea' id='block_1_68' title="bbox 2087 5466 3670 5539">
    <p class='ocr_par' dir='ltr' id='par_1_68' title="bbox 2087 5466 3670 5539">
     <span class='ocr_line' id='line_1_68' title="bbox 2087 5466 3670 5539; baseline 0.001 -17"><span class='ocrx_word' id='word_1_429' title='bbox 2087 5469 2292 5530; x_wconf 80' lang='grc' dir='ltr'>πάντες</span> <span class='ocrx_word' id='word_1_430' title='bbox 2332 5467 2434 5538; x_wconf 78' lang='grc' dir='ltr'>τὴν</span> <span class='ocrx_word' id='word_1_431' title='bbox 2464 5467 2574 5520; x_wconf 87' lang='grc' dir='ltr'><strong>τῶν</strong></span> <span class='ocrx_word' id='word_1_432' title='bbox 2607 5466 2742 5519; x_wconf 84' lang='grc' dir='ltr'>θεῶν</span> <span class='ocrx_word' id='word_1_433' title='bbox 2772 5468 2930 5538; x_wconf 82' lang='grc' dir='ltr'><strong>ἡμῶν</strong></span> <span class='ocrx_word' id='word_1_434' title='bbox 2980 5468 3242 5538; x_wconf 82' lang='grc' dir='ltr'>λατρείαν</span> <span class='ocrx_word' id='word_1_435' title='bbox 3295 5471 3670 5539; x_wconf 82' lang='grc' dir='ltr'>ὲπιτελοῦσιν;</span> 
     </span>
    </p>
   </div>
   <div class='ocr_carea' id='block_1_69' title="bbox 2097 5556 3671 5628">
    <p class='ocr_par' dir='ltr' id='par_1_69' title="bbox 2097 5556 3671 5628">
     <span class='ocr_line' id='line_1_69' title="bbox 2097 5556 3671 5628; baseline 0.003 -17"><span class='ocrx_word' id='word_1_436' title='bbox 2097 5557 2444 5628; x_wconf 78' lang='grc' dir='ltr'><strong>Ἀποκριθεὶς</strong></span> <span class='ocrx_word' id='word_1_437' title='bbox 2485 5557 2540 5609; x_wconf 84' lang='grc' dir='ltr'><strong>δὲ</strong></span> <span class='ocrx_word' id='word_1_438' title='bbox 2571 5559 2599 5609; x_wconf 85' lang='grc' dir='ltr'>ὀ</span> <span class='ocrx_word' id='word_1_439' title='bbox 2631 5557 2992 5623; x_wconf 77' lang='grc' dir='ltr'>Καλϐισιανδς</span> <span class='ocrx_word' id='word_1_440' title='bbox 3023 5556 3212 5615; x_wconf 73' lang='grc' dir='ltr'>εἰπενο</span> <span class='ocrx_word' id='word_1_441' title='bbox 3246 5561 3486 5624; x_wconf 78' lang='grc' dir='ltr'>Τούτους</span> <span class='ocrx_word' id='word_1_442' title='bbox 3529 5564 3671 5616; x_wconf 79' lang='grc' dir='ltr'>πάν·</span> 
     </span>
    </p>
   </div>
   <div class='ocr_carea' id='block_1_70' title="bbox 403 5648 1976 5732">
    <p class='ocr_par' dir='ltr' id='par_1_70' title="bbox 403 5653 1976 5732">
     <span class='ocr_line' id='line_1_70' title="bbox 403 5653 1976 5732; baseline -0.007 -14"><span class='ocrx_word' id='word_1_443' title='bbox 403 5664 580 5732; x_wconf 84' lang='lat' dir='ltr'><strong>pietas</strong></span> <span class='ocrx_word' id='word_1_444' title='bbox 636 5672 728 5719; x_wconf 86' lang='lat' dir='ltr'><strong>tua</strong></span> <span class='ocrx_word' id='word_1_445' title='bbox 789 5661 1093 5732; x_wconf 84' lang='lat' dir='ltr'><strong>conspicit,</strong></span> <span class='ocrx_word' id='word_1_446' title='bbox 1143 5660 1370 5714; x_wconf 70' lang='lat' dir='ltr'><strong>deorum</strong></span> <span class='ocrx_word' id='word_1_447' title='bbox 1431 5666 1748 5713; x_wconf 87' lang='lat' dir='ltr'><strong>nostrorum</strong></span> <span class='ocrx_word' id='word_1_448' title='bbox 1807 5653 1976 5710; x_wconf 92' lang='lat' dir='ltr'><strong>cultui</strong></span> 
     </span>
    </p>
   </div>
   <div class='ocr_carea' id='block_1_71' title="bbox 2086 5648 3672 5732">
    <p class='ocr_par' dir='ltr' id='par_1_71' title="bbox 2086 5648 3672 5722">
     <span class='ocr_line' id='line_1_71' title="bbox 2086 5648 3672 5722; baseline 0.001 -20"><span class='ocrx_word' id='word_1_449' title='bbox 2086 5665 2184 5712; x_wconf 84' lang='grc' dir='ltr'><strong>τας</strong></span> <span class='ocrx_word' id='word_1_450' title='bbox 2204 5648 2298 5712; x_wconf 82' lang='grc' dir='ltr'>οὓς</span> <span class='ocrx_word' id='word_1_451' title='bbox 2324 5648 2586 5719; x_wconf 74' lang='grc' dir='ltr'><strong>καθορᾷή</strong></span> <span class='ocrx_word' id='word_1_452' title='bbox 2615 5648 2683 5718; x_wconf 70' lang='grc' dir='ltr'>σὴ</span> <span class='ocrx_word' id='word_1_453' title='bbox 2704 5648 2957 5704; x_wconf 79' lang='grc' dir='ltr'>εὐσέϐεια</span> <span class='ocrx_word' id='word_1_454' title='bbox 2976 5651 3076 5722; x_wconf 80' lang='grc' dir='ltr'>τὴν</span> <span class='ocrx_word' id='word_1_455' title='bbox 3099 5652 3208 5704; x_wconf 86' lang='grc' dir='ltr'>τῶν</span> <span class='ocrx_word' id='word_1_456' title='bbox 3235 5651 3372 5706; x_wconf 86' lang='grc' dir='ltr'>θεῶν</span> <span class='ocrx_word' id='word_1_457' title='bbox 3390 5653 3551 5722; x_wconf 79' lang='grc' dir='ltr'><strong>ἡμῶν</strong></span> <span class='ocrx_word' id='word_1_458' title='bbox 3573 5653 3672 5704; x_wconf 83' lang='grc' dir='ltr'>λα-</span> 
     </span>
    </p>
   </div>
   <div class='ocr_carea' id='block_1_72' title="bbox 403 5746 1974 5823">
    <p class='ocr_par' dir='ltr' id='par_1_72' title="bbox 403 5746 1974 5823">
     <span class='ocr_line' id='line_1_72' title="bbox 403 5746 1974 5823; baseline -0.004 -17"><span class='ocrx_word' id='word_1_459' title='bbox 403 5753 574 5806; x_wconf 78' lang='lat' dir='ltr'><strong>dediti</strong></span> <span class='ocrx_word' id='word_1_460' title='bbox 602 5762 753 5808; x_wconf 85' lang='lat' dir='ltr'><strong>sunt.</strong></span> <span class='ocrx_word' id='word_1_461' title='bbox 800 5753 932 5817; x_wconf 57' lang='lat' dir='ltr'><strong>Quae</strong></span> <span class='ocrx_word' id='word_1_462' title='bbox 981 5761 1269 5823; x_wconf 85' lang='lat' dir='ltr'><strong>postquam</strong></span> <span class='ocrx_word' id='word_1_463' title='bbox 1323 5749 1532 5803; x_wconf 85' lang='lat' dir='ltr'><strong>audivit</strong></span> <span class='ocrx_word' id='word_1_464' title='bbox 1563 5764 1592 5802; x_wconf 89' lang='lat' dir='ltr'><strong>a</strong></span> <span class='ocrx_word' id='word_1_465' title='bbox 1639 5746 1974 5811; x_wconf 85' lang='lat' dir='ltr'><strong>Calvisiano,</strong></span> 
     </span>
    </p>
   </div>
   <div class='ocr_carea' id='block_1_73' title="bbox 405 5837 1969 5911">
    <p class='ocr_par' dir='ltr' id='par_1_73' title="bbox 405 5837 1969 5911">
     <span class='ocr_line' id='line_1_73' title="bbox 405 5837 1969 5911; baseline -0.001 -19"><span class='ocrx_word' id='word_1_466' title='bbox 405 5841 594 5894; x_wconf 85' lang='lat' dir='ltr'><strong>turbas</strong></span> <span class='ocrx_word' id='word_1_467' title='bbox 631 5839 791 5902; x_wconf 82' lang='lat' dir='ltr'><strong>iussit</strong></span> <span class='ocrx_word' id='word_1_468' title='bbox 819 5841 1044 5899; x_wconf 87' lang='lat' dir='ltr'><strong>dimitti.</strong></span> <span class='ocrx_word' id='word_1_469' title='bbox 1103 5841 1305 5896; x_wconf 85' lang='lat' dir='ltr'><strong>Deinde</strong></span> <span class='ocrx_word' id='word_1_470' title='bbox 1349 5839 1688 5911; x_wconf 77' lang='lat' dir='ltr'><strong>Pentagurus</strong></span> <span class='ocrx_word' id='word_1_471' title='bbox 1729 5837 1969 5894; x_wconf 89' lang='lat' dir='ltr'><strong>edictum</strong></span> 
     </span>
    </p>
   </div>
   <div class='ocr_carea' id='block_1_74' title="bbox 2084 5740 3671 5813">
    <p class='ocr_par' dir='ltr' id='par_1_74' title="bbox 2084 5740 3671 5813">
     <span class='ocr_line' id='line_1_74' title="bbox 2084 5740 3671 5813; baseline 0.003 -19"><span class='ocrx_word' id='word_1_472' title='bbox 2084 5741 2271 5813; x_wconf 83' lang='grc' dir='ltr'>τρείαν</span> <span class='ocrx_word' id='word_1_473' title='bbox 2291 5740 2654 5794; x_wconf 73' lang='grc' dir='ltr'>ἐπιτελοῦσιν.</span> <span class='ocrx_word' id='word_1_474' title='bbox 2683 5740 2870 5796; x_wconf 81' lang='grc' dir='ltr'>Ταῦτα</span> <span class='ocrx_word' id='word_1_475' title='bbox 2889 5742 2944 5795; x_wconf 80' lang='grc' dir='ltr'>δὲ</span> <span class='ocrx_word' id='word_1_476' title='bbox 2969 5743 3213 5808; x_wconf 80' lang='grc' dir='ltr'>ἀκούσας</span> <span class='ocrx_word' id='word_1_477' title='bbox 3235 5744 3338 5798; x_wconf 80' lang='grc' dir='ltr'><strong>ὑπὸ</strong></span> <span class='ocrx_word' id='word_1_478' title='bbox 3366 5745 3671 5798; x_wconf 79' lang='grc' dir='ltr'>Καλϐισια-</span> 
     </span>
    </p>
   </div>
   <div class='ocr_carea' id='block_1_75' title="bbox 2086 5834 3670 5908">
    <p class='ocr_par' dir='ltr' id='par_1_75' title="bbox 2086 5834 3670 5908">
     <span class='ocr_line' id='line_1_75' title="bbox 2086 5834 3670 5908; baseline 0.002 -17"><span class='ocrx_word' id='word_1_479' title='bbox 2086 5835 2204 5904; x_wconf 79' lang='grc' dir='ltr'>νοῦ,</span> <span class='ocrx_word' id='word_1_480' title='bbox 2229 5834 2483 5890; x_wconf 75' lang='grc' dir='ltr'>ἐκέλευσε</span> <span class='ocrx_word' id='word_1_481' title='bbox 2518 5836 2646 5900; x_wconf 73' lang='grc' dir='ltr'>τοὺς</span> <span class='ocrx_word' id='word_1_482' title='bbox 2673 5836 2868 5908; x_wconf 71' lang='grc' dir='ltr'>ὅχλοὺς</span> <span class='ocrx_word' id='word_1_483' title='bbox 2900 5838 3266 5907; x_wconf 81' lang='grc' dir='ltr'>ἀπολυθῆναι.</span> <span class='ocrx_word' id='word_1_484' title='bbox 3298 5841 3435 5895; x_wconf 83' lang='grc' dir='ltr'>Τότε</span> <span class='ocrx_word' id='word_1_485' title='bbox 3472 5843 3500 5894; x_wconf 85' lang='grc' dir='ltr'>ὁ</span> <span class='ocrx_word' id='word_1_486' title='bbox 3527 5841 3670 5894; x_wconf 62' lang='lat' dir='ltr'><strong>[leva</strong></span> 
     </span>
    </p>
   </div>
  </div>
