3996 6454
435 335 544 399 527

1683 337 1971 398 MENSIS
2009 339 2442 403 AUGUSTUS.

3589 346 3696 412 ΗΒ

435 449 740 512 dilaniant,
773 446 1097 515 nudumque
1133 459 1218 498 nrc
1246 445 1640 500 voinntastare
1670 457 1799 502 ante
1821 449 1995 504 diabo~

2121 469 2223 521 μου
2274 452 2653 518 καταξέουσιν,
2705 457 2798 508 καὶ
2854 459 3058 526 γυμνόν
3115 475 3179 528 με
3240 458 3518 528 βούλονται
3582 476 3693 513 πα-

435 542 599 596 licum
655 552 816 593 suum
866 535 1136 598 tribunal,
1185 535 1351 589 indue
1392 551 1479 591 mc
1539 551 1706 591 carne
1759 538 2013 593 incorru-

433 637 656 704 ptionis,
680 648 857 703 neque
885 633 1113 686 istorum
1145 640 1414 686 tormenta
1446 632 1711 688 adversus
1758 650 1843 688 me
1873 650 2012 704 pra:-

433 726 814 785 valeant.Tum
849 742 952 779 vox
986 740 1016 779 e
1051 724 1190 779 caalo
1237 725 1423 780 audita
1452 733 1561 790 est,
1595 725 1905 797 hujusmodi
1942 727 2012 782 ad

433 841 557 879 eum
604 840 618 876 :
654 822 901 887 Confide,
937 820 1147 891 Euple;
1181 820 1308 876 forti
1336 822 1411 876 sis
1457 824 1665 877 animo.
1723 821 1857 877 Nam
1889 839 2012 878 vera

431 917 596 972 vestis
622 915 716 970 tibi
764 923 1066 985 praeparata
1136 926 1240 972 esu
1292 914 1435 970 ~Post
1469 916 1617 985 quod
1668 916 2012 972 Calvisianus

429 1023 634 1078 praeses
663 1008 852 1062 dixit:
893 1005 990 1061 Vel
1033 1021 1180 1061 nunc
1226 1021 1334 1060 non
1361 1006 1621 1062 destitisti
1655 1007 1724 1062 ab
1757 1009 1874 1062 istis
1903 1008 2012 1062 tuis

431 1103 624 1175 nugis?
649 1099 943 1172 Ingredere
964 1140 978 1164 ,
1003 1099 1117 1154 rdiis
1139 1100 1411 1166 sacriﬁca,
1477 1109 1534 1154 ut
1565 1100 1736 1154 multa
1767 1101 1909 1155 bona
1942 1103 2010 1154 ab

430 1197 650 1253 invictis
691 1193 1115 1265 imperatoribus
1167 1193 1429 1264 accipias,
1459 1202 1768 1262 nosterque
1808 1193 2010 1248 evades

429 1287 1011 1359 amicus,etingenlia
1055 1285 1276 1356 praemia
1346 1301 1444 1355 per
1492 1301 1590 1340 nos
1630 1286 2005 1355 consequeris.

427 1385 662 1440 Sanctus
691 1381 900 1451 Euplus
927 1380 1002 1434 ita
1048 1379 1263 1434 locutus
1305 1389 1414 1433 est:
1453 1377 1511 1432 ln
1545 1378 1649 1432 hoc
1701 1392 2004 1449 cognosce,

426 1473 753 1545 perditionis
779 1473 854 1527 fili
874 1511 891 1536 ,
920 1473 1171 1541 operarie
1198 1472 1404 1526 diaboli
1429 1512 1444 1536 ,
1477 1471 1623 1541 quod
1650 1487 1786 1526 auro
1811 1486 2006 1540 argen-

428 1579 592 1639 toque
627 1569 729 1622 hos
761 1581 954 1621 omnes
988 1564 1230 1619 adducas
1260 1563 1324 1616 ad
1357 1562 1566 1617 cultum
1597 1562 1889 1617 idolorum.
1923 1561 2003 1615 Ad

431 1664 546 1717 haec
570 1661 648 1716 ira
674 1673 938 1714 accensus
978 1667 1242 1728 tyrannus
1275 1654 1620 1710 Calvisianns
1642 1695 1656 1718 ,
1718 1654 2003 1724 imperavit

429 1754 652 1810 mallcos
675 1750 952 1810 fabricari.
980 1757 1035 1804 et
1055 1747 1333 1803 verberari
1357 1762 1518 1802 crura
1547 1747 1714 1802 illius.
1741 1747 1848 1802 Sed
1877 1747 2007 1802 bea-

2119 546 2386 616 ραστῆσαι
2441 546 2532 597 ἐπὶ
2571 547 2630 598 τί)
2685 547 2991 602 διαϐολικὺν
3047 549 3227 603 αὐτῶν
3268 551 3442 620 βῆμα,
3475 549 3695 604 ἔνδυσόν

2121 651 2188 704 με
2231 637 2406 705 σάρκα
2437 635 2765 707 ἀφθαρσίας,
2796 640 2888 692 καὶ
2921 639 2994 710 μὴ
3024 640 3089 693 τά
3115 640 3320 693 τούτων
3351 641 3560 711 βάσανα
3608 641 3697 692 ιν-

2121 726 2413 794 ισχύσωσιν
2437 727 2522 778 ἐπ’
2542 727 2663 797 ὲμέ.
2690 730 2796 782 Καὶ
2820 731 2970 801 φωνὴ
2993 731 3052 795 ἐξ
3085 729 3318 800 ούρανοῦ
3341 731 3582 801 ἠκούσθη
3601 729 3693 781 λέ·

2115 831 2286 882 γουσα
2312 816 2448 886 πρὸς
2477 817 2660 870 αὐτόν’
2685 818 2907 888 Θάρσει,
2937 817 3136 886 Εὖπλε,
3165 820 3256 872 καὶ
3285 820 3439 889 ῖσχυε
3459 836 3475 852 ·
3501 822 3562 872 τὸ
3585 821 3695 888 γὰρ

2115 903 2321 975 ἔνδυμα
2355 907 2416 960 τὸ
2445 907 2698 977 ἀληθινὸν
2726 912 3036 980 ἡτοιμάσθη
3081 929 3186 965 σοι.
3216 912 3351 962 Τότε
3385 910 3692 964 Καλϐισια-

2116 993 2204 1057 νὸς
2237 999 2265 1048 6
2294 996 2536 1068 ἔπαρχος
2575 993 2730 1050 εἶπεν
2752 1015 2767 1030 ·
2814 999 2930 1052 Κᾶν
2966 1000 3061 1052 νῦν
3091 1001 3193 1052 ούκ
3223 1000 3466 1068 ἀπέστης
3496 1000 3560 1051 ἔκ
3590 994 3694 1067 τῆς

2115 1085 2386 1158 φλυαρίας
2413 1105 2504 1141 σου
2530 1105 2544 1154 ;
2589 1090 2840 1157 Εἰσελθε,
2881 1093 2976 1144 καὶ
3006 1091 3167 1145 θῦσον
3195 1093 3306 1154 τοῖς
3337 1090 3480 1152 θεοῖς
3504 1105 3518 1120 ’
3541 1091 3693 1150 ὅπως

2113 1179 2287 1233 πολλά
2331 1181 2512 1249 ἀγαθὰ
2555 1184 2704 1253 παρά
2743 1183 2853 1236 τῶν
2898 1185 3183 1256 ἀηττήτων
3235 1183 3499 1253 βασιλέων
3549 1183 3692 1234 ἀπο-

2111 1268 2275 1341 λήψῃ,
2313 1274 2407 1326 καὶ
2445 1274 2600 1344 ήμῶν
2646 1276 2797 1343 φίλος
2841 1276 2958 1347 ἔσῃ,
3006 1278 3099 1330 καὶ
3135 1275 3337 1340 πολλὰς
3374 1275 3694 1346 ἀντιλήψεις

2111 1363 2242 1432 παρ’
2283 1365 2442 1434 ήμῶν
2475 1367 2771 1438 ἀποτεύξῃ.
2823 1369 2880 1422 '0
2925 1371 3079 1436 ἆγιος
3114 1366 3328 1429 Εὗπλος
3366 1365 3520 1420 εἶπεν
3544 1381 3558 1396 ⁸
3602 1367 3693 1419 Ἑν

2110 1454 2284 1525 τούτῳ
2304 1455 2493 1522 γνῶθι,
2518 1457 2598 1510 ult
2623 1458 2720 1527 τῆς
2745 1458 3044 1522 ἀπωλείας,
3067 1458 3276 1528 ἑργάτα
3297 1457 3391 1510 τοῦ
3414 1457 3690 1520 διαϐόλου,

2110 1547 2192 1599 ὅτι
2235 1550 2292 1601 ἐν
2333 1551 2524 1620 χρυσῴ
2565 1551 2661 1604 καὶ
2695 1551 2925 1622 ἀργύρῳ
2959 1551 3184 1615 τούτους
3221 1552 3429 1615 πάντας
3477 1550 3690 1612 πείθεις

2111 1644 2438 1708 προσκυνεῖν
2468 1646 2536 1695 τὰ
2583 1644 2798 1698 εἴδωλα.
2845 1645 2988 1714 Πρὸς
3016 1643 3190 1698 ταῦτα
3222 1644 3498 1712 θυμωθεὶς
3527 1647 3555 1697 ὁ
3589 1643 3692 1696 τύ-

2112 1747 2306 1800 ραννος
2334 1733 2718 1799 Καλϐισιανὸς,
2747 1736 3005 1788 ἐκέλευσε
3040 1735 3253 1806 σφύρας
3285 1735 3558 1804 γενέσθαι,
3594 1733 3692 1787 καὶ

430 1858 516 1900 tus
549 1843 756 1914 Euplus
797 1843 964 1896 istum
997 1839 1187 1895 habuit
1223 1853 1570 1895 sermonem:
1607 1839 1840 1905 lnsane,
1876 1840 1995 1894 insi-

2112 1826 2227 1886 ταῖς
2263 1825 2500 1894 κνήμαις
2522 1827 2849 1882 τύπτεσθαι.
2888 1829 2945 1882 '0
2972 1829 3026 1882 δὲ
3062 1829 3338 1899 μακάριος
3372 1825 3580 1890 Εὗπλος
3613 1825 3694 1880 εἴ·

427 1939 615 2008 piens,
644 1937 807 1992 corde
831 1948 996 2001 caece,
1032 1949 1131 1988 cur
1167 1931 1300 1987 mibi
1349 1931 1520 1987 infers
1562 1940 1831 1987 tormenta
1873 1930 2004 1986 tua?

504 2040 694 2102 potes,
723 2028 844 2084 aliis
880 2025 1170 2097 suppliciis
1199 2040 1436 2097 propera
1473 2040 1562 2082 me
1592 2025 1830 2081 allicere.

487 2295 722 2351 NJl‘unc
746 2297 815 2352 ad
846 2296 983 2351 iram
1014 2305 1613 2367 concitatustyrannus
1631 2294 1999 2361 Calvisianus,

419 2388 582 2459 jussit
610 2389 832 2444 beatum
873 2388 1106 2457 Euplum
1165 2388 1436 2442 devinciri
1462 2428 1477 2452 ,
1506 2394 1562 2441 et
1604 2401 1860 2455 magnum
1898 2387 2001 2440 im-

421 2482 859 2550 maculatumque
893 2479 1249 2550 Evangelium
1303 2479 1507 2548 alligari
1545 2479 1687 2533 collo
1715 2479 1865 2549 ejus,
1899 2478 2002 2534 sic-

417 2592 524 2646 que
555 2575 715 2646 quasi
765 2589 865 2646 per
920 2573 1218 2630 ludibrium
1268 2572 1463 2628 abduci
1515 2572 1570 2625 in
1612 2588 1910 2628 carcerem.
1940 2571 1999 2627 1n

416 2682 577 2739 quem
624 2669 872 2737 ingresso
895 2666 1057 2722 beato
1109 2665 1316 2735 Euplo,
1351 2662 1996 2734 praecepitCalvisianus,

418 2762 563 2816 fores
590 2759 828 2814 carceris
877 2759 1083 2829 signari
1115 2758 1319 2812 annulo
1353 2760 1474 2826 ejus
1501 2797 1515 2822 ,
1577 2768 1743 2826 utque
1794 2758 1997 2813 milites

414 2851 668 2908 eumdem
699 2864 976 2905 carcerem
1027 2849 1217 2903 sedulo
1254 2849 1614 2903 cuStodirent.
1647 2846 1784 2902 Cum
1813 2856 1994 2902 autem

415 2949 602 3001 beatus
616 2943 831 3014 .Euplus
850 2942 902 2996 in
932 2957 1155 2998 carcere
1187 2949 1398 3011 septem
1429 2943 1544 2996 dies
1575 2958 1639 2997 ac
1660 2951 1867 3011 septem
1896 2955 1994 2995 no-

410 3048 528 3092 ctes
557 3035 930 3102 transegisset,
954 3033 1044 3088 siti
1074 3035 1240 3102 coepit
1270 3033 1538 3088 laborare.
1601 3033 1866 3100 Quocirca
1901 3049 1994 3088 ex-

417 3129 585 3184 tensis
605 3127 857 3182 manibus
885 3127 1062 3181 oravit
1092 3145 1105 3179 :
1137 3125 1279 3181 Here
1314 3125 1541 3181 Domine
1569 3126 1698 3182 Jesu
1743 3127 1991 3192 Christe;
2025 3167 2065 3193 η

416 3237 574 3276 verus
606 3221 750 3274 Deus
775 3228 993 3283 .noster,
1017 3217 1107 3287 qui
1138 3218 1234 3273 das
1260 3233 1440 3274 escam
1472 3217 1619 3272 omni
1648 3218 1854 3279 carni',
1900 3215 1993 3284 qui
2023 3197 2046 3226 ‘

413 3327 504 3380 per
540 3312 770 3383 Moysem
806 3327 1022 3366 servum
1057 3320 1208 3365 tuum
1242 3309 1368 3366 filiis
1398 3309 1608 3364 lsraelis
1637 3324 1789 3377 aquze
1815 3307 1993 3361 abun-

410 3407 648 3461 alantiam
681 3404 904 3476 largitus
922 3419 981 3459 es
1009 3407 1059 3469 ’,
1078 3405 1169 3473 qui
1194 3401 1551 3474 Sampsonem
1592 3417 1688 3472 per
1707 3415 1900 3470 aquam
1928 3415 1990 3454 ex

412 3498 627 3553 maxilla
688 3497 939 3552 eductam
969 3495 1258 3563 irrorasti',
1281 3497 1374 3566 qui
1419 3494 1705 3550 luetiticasti
1739 3509 1838 3548 nos
1866 3509 1991 3567 pre-

409 3594 548 3646 tioso
603 3590 946 3657 maximeque
1011 3588 1246 3660 glorioso
1306 3589 1658 3658 baptismate,
1722 3590 1813 3658 qui
1866 3590 1990 3646 Jor-

409 3687 602 3742 «lanico
629 3685 836 3740 ﬂuento
865 3694 920 3740 et
946 3685 1168 3738 lavacro
1198 3683 1324 3738 vita:
1352 3682 1681 3737 immortalis
1707 3683 1869 3736 etiam
1895 3699 1989 3738 su-

410 3795 504 3850 per
538 3790 737 3834 terram
797 3778 1105 3833 contrivisti
1158 3777 1484 3840 inimicum;
1526 3783 1581 3828 tu
1633 3775 1751 3844 ipse
1806 3791 1984 3840 nunc,

412 3869 637 3948 Domine
675 3868 806 3924 Jesu
861 3869 1116 3932 Christe,
1169 3866 1376 3936 impera
1416 3864 1620 3918 fontem
1659 3879 1812 3933 aqua:
1851 3865 1986 3919 viva:

407 3966 671 4019 scaturire
705 3979 772 4018 ex
833 3976 1055 4018 carcere
1121 3958 1360 4023 hoc,de
1407 3972 1512 4026 qua
1569 3958 1807 4012 cxsatier
1855 3973 1871 4022 ;
1927 3965 1987 4011 ut

406 4065 703 4127 :gnoscant
733 4055 912 4110 cuncti
942 4096 957 4118 ,
985 4070 1095 4107 non
1128 4066 1252 4106 esse
1284 4051 1454 4105 Deum
1477 4051 1643 4104 alium
1680 4059 1879 4120 praeter
1908 4059 1980 4115 te,

411 4147 656 4202 Domine.
709 4144 860 4200 Hanc
891 4159 1108 4214 precem
1142 4157 1266 4196 cum
1304 4140 1392 4194 ille
1443 4140 1861 4210 complevisset,
1894 4156 1982 4194 ro-

408 4246 567 4304 pente
605 4251 757 4306 aquae
799 4234 955 4303 copia
996 4237 1137 4286 intra
1175 4245 1452 4286 carcerem
1511 4229 1792 4295 manavit;
1827 4229 1982 4300 isque

402 4329 588 4399 gratiis
645 4329 781 4384 actis
839 4327 1010 4390 bibit,
1043 4333 1098 4380 et
1156 4323 1470 4395 glorificans
1528 4330 1811 4388 sanctam,
1853 4338 1983 4377 con-

402 4422 818 4476 substantialem
840 4461 856 4484 ,
893 4419 1160 4474 vivificam
1237 4415 1556 4471 Trinitatem
1581 4454 1596 4480 ,
1641 4416 1805 4486 coepit
1834 4417 1977 4486 psal~

2110 1932 2247 1970 πεν·
2315 1919 2542 1990 Ἄφρων
2606 1922 2702 1974 καὶ
2757 1923 2988 1976 ἁσύνετε
3045 1925 3140 1977 καὶ
3198 1924 3372 1991 τυφλὲ
3424 1926 3490 1993 τῇ
3553 1939 3695 1990 καρ-

2107 2009 2219 2081 δίᾳ,
2248 2011 2300 2063 τί
2334 2030 2424 2082 μοι
2470 2013 2760 2084 ὲπιφέρεις
2798 2016 2900 2079 τὰς
2948 2015 3213 2086 βασάνους
3242 2033 3372 2082 σούς
3425 2018 3487 2070 Εἰ
3532 2018 3696 2070 δυνα-

2105 2101 2198 2154 τόν
2249 2103 2331 2156 σοί
2392 2107 2575 2170 ἐστιν,
2635 2106 2825 2176 ἑτέρας
2897 2106 3162 2176 βασάνους
3233 2109 3529 2176 ἐπενέγκαι
3597 2125 3692 2178 μοι

2112 2213 2144 2246 σ
2148 2209 2216 2246 πε
2223 2213 2251 2246 υ
2262 2213 2372 2250 σον.

2174 2289 2253 2346 E'.
2291 2289 2423 2341 Τότε
2460 2288 2739 2360 θυμωθεὶς
2770 2291 2798 2344 6
2835 2291 3098 2362 τύραννος
3132 2292 3498 2354 Καλϐισιανὺς
3521 2333 3535 2357 ,
3567 2292 3694 2345 ἐκέ-

2101 2377 2294 2434 λευσεν
2335 2381 2559 2448 δεθῆναι
2598 2384 2688 2436 τὸν
2735 2387 3007 2454 μακάριον
3054 2384 3286 2451 Εὗπλον,
3322 2388 3414 2438 καὶ
3450 2387 3510 2438 τὸ
3541 2388 3692 2455 μέγα

2102 2471 2375 2541 ἄχραντον
2396 2474 2727 2543 Εὐαγγέλιον
2746 2479 2965 2547 δεθῆναι
2984 2480 3075 2531 ἐπὶ
3096 2480 3186 2532 τὸν
3203 2480 3476 2550 τράχηλον
3494 2480 3692 2545 αὑτοῦ,

2101 2565 2196 2614 καὶ
2219 2562 2294 2626 ὡς
2321 2565 2412 2617 ἐπὶ
2451 2567 2837 2637 ὲμπαίγματος
2863 2571 3173 2639 ἀπάγεσθαι
3198 2574 3361 2625 αὑτὸν
3388 2576 3446 2625 ἐν
3482 2575 3559 2645 τῴ
3580 2574 3638 2626 δε
3660 2604 3686 2618 ο

2102 2655 2784 2727 σμωτηρίῳ.·Εξσελθόντος
2803 2662 2859 2714 δὲ
2881 2662 2974 2715 τοῦ
2999 2664 3271 2734 μακαρίου
3295 2663 3509 2719 Εὔπλου
3533 2671 3591 2719 ἐν
3620 2671 3687 2737 τῇ

2101 2747 2662 2818 φυλακῇ,,ἐκὲλευσεν
2692 2751 2719 2802 6
2743 2751 3107 2815 Ka).6totav6;
3148 2754 3558 2824 σφραγισθῆναι
3584 2761 3688 2826 τὴν

2100 2837 2272 2908 θύραν
2315 2837 2410 2892 τοῦ
2452 2840 2835 2912 δεσμωτηρίου
2876 2844 2953 2913 τῷ
2989 2844 3308 2915 δακτυλιδίερ
3350 2848 3536 2914 αὐτοῦ,
3587 2851 3684 2901 καὶ

2098 2932 2435 3002 στρατιώτας
2473 2934 2730 3001 ἀσφαλῶς
2777 2935 3070 3004 φυλάττειν
3112 2940 3211 3009 τὴν
3259 2939 3526 3012 φυλακήν.
3569 2943 3677 2996 Καὶ

2099 3025 2331 3094 ποιήσας
2355 3027 2384 3078 6
2415 3028 2684 3095 μακάριος
2715 3027 2927 3093 Εὓπλος
2961 3033 3020 3084 ἐν
3053 3034 3119 3101 τῇ
3148 3033 3364 3104 φυλακῇ
3386 3036 3522 3088 ἑπτὰ
3543 3037 3679 3106 ἡμε-

2101 3131 2198 3185 ρας
2220 3116 2316 3168 καὶ
2339 3118 2479 3170 ἑπτὰ
2501 3119 2722 3183 νύκτας,
2745 3120 3020 3192 ἐδίψησεν.
3066 3121 3342 3188 Ἐκτείνας
3364 3127 3420 3179 δὲ
3439 3131 3535 3192 τὰς
3567 3133 3683 3199 χεῖ-

2049 3204 2067 3226 ⁴
2101 3223 2198 3276 ρας
2225 3209 2386 3261 αὑτοῦ
2415 3211 2442 3262 6
2471 3212 2736 3281 μακάριος
2768 3212 2979 3279 Εὒπλος
3010 3212 3162 3270 εἶπεν
3183 3237 3196 3251 ·
3229 3222 3475 3274 Δέσποτα
3508 3224 3683 3292 Κύριε

2110 3302 2283 3372 Ἰησοῦ
2314 3305 2539 3375 Χριστὲ,
2575 3307 2603 3359 6
2630 3308 2884 3378 ἀληθινὸς
2921 3310 3050 3374 Θεὸς
3085 3313 3263 3382 ήμῶν,
3293 3316 3320 3367 6
3347 3314 3522 3378 διδοὺς
3548 3334 3682 3386 τρο-

2101 3397 2208 3464 φὴν
2243 3397 2394 3469 πάσῃ
2423 3402 2606 3469 σαρκὶ,
2638 3405 2664 3452 6
2687 3401 2774 3453 διὰ
2799 3404 3083 3466 Μωῡσέως
3111 3406 3204 3459 τοῦ
3224 3408 3556 3478 θεράποντὸς
3579 3429 3678 3463 σου

2093 3487 2271 3552 δώσας
2298 3491 2621 3564 πλησμονὴν
2647 3494 2854 3548 ὑδάτων
2875 3499 2986 3558 τοῖς
3015 3500 3150 3561 υἱοῖς
3173 3499 3414 3568 Ἰσραὴλ,
3439 3506 3466 3556 6
3489 3505 3682 3573 δροσίο

2094 3597 2192 3645 σας
2221 3583 2311 3636 τὸν
2339 3585 2575 3655 Σαμψὼν
2606 3587 2760 3641 ὕδατι
2791 3591 2854 3642 ἐκ
2877 3594 3148 3658 σιαγόνος,
3172 3593 3199 3644 6
3221 3595 3500 3662 εὐφράνας
3527 3601 3692 3666 ἡμᾶς,

2091 3675 2169 3745 τῷ
2188 3678 2356 3748 τιμίῳ
2377 3681 2468 3730 καὶ
2489 3680 2828 3753 ὑπερενδόξῳ
2850 3683 3208 3754 βαπτίσματι,
3230 3689 3344 3758 ὁτῷ
3367 3689 3680 3762 Ἰορδανείῳ

2093 3768 2295 3838 ῥείθρῳ
2325 3771 2422 3822 καὶ
2445 3770 2658 3842 λουτρῴ
2687 3774 2787 3842 τῆς
2822 3775 3094 3830 ἀθανάτου
3125 3779 3272 3848 ζωῆς
3303 3785 3396 3833 καὶ
3435 3784 3679 3854 ὲπὶ’γῆς

2089 3860 2180 3912 τὸν
2230 3860 2511 3932 ἀλλότριον
2565 3867 2898 3934 συντρίψαςο
2964 3871 3060 3922 καὶ
3109 3870 3202 3922 νῦν
3253 3873 3435 3940 αὐτὸς,
3496 3877 3677 3947 Κύριε

2103 3951 2277 4022 Ὶητοῦ
2303 3954 2526 4024 Χριστὲ,
2556 3957 2812 4010 κέλευσον
2836 3961 2898 4012 ἐκ
2922 3962 3016 4013 τοῦ
3041 3961 3420 4034 δεσμωτηρίου
3451 3972 3676 4034 τούτου,

2090 4042 2280 4109 ὓδατος
2316 4046 2499 4118 πηγὴν
2546 4048 2748 4114 ζῶντος
2795 4052 3078 4121 ἐκϐλύσαι,
3123 4059 3217 4109 καὶ
3257 4059 3316 4124 ἐξ
3357 4060 3526 4113 αὑτοῦ
3575 4064 3675 4131 ἐμ-

2089 4135 2393 4205 πλησθῆναι
2436 4155 2536 4207 με,
2576 4141 2661 4192 ἵνα
2697 4142 2866 4209 γνῶσι
2910 4145 3106 4207 πάντες
3137 4147 3218 4200 ὅτι
3251 4151 3350 4201 οὐκ
3389 4151 3505 4203 ἐστι
3534 4152 3670 4218 Θεὶς

2085 4228 2244 4289 ἄλλος
2274 4229 2412 4299 πλὴν
2440 4229 2556 4294 σοῦ,
2591 4230 2784 4302 Κύριε.
2820 4235 2929 4286 Καὶ
2962 4236 3350 4306 πληρώσαντας
3381 4244 3543 4296 αὐτοῦ
3570 4245 3671 4315 τῆν

2085 4322 2250 4392 εὐχὴν
2281 4322 2523 4392 ταύτην,
2560 4325 2715 4392 ἄφνω
2753 4327 2988 4395 ἀνῆλθεν
3029 4330 3319 4404 πλησμονὴ
3351 4334 3542 4400 ὓδατος
3578 4338 3670 4390 ἐν-

2083 4413 2236 4465 δοθεν
2277 4415 2374 4484 τῆς
2425 4415 2695 4485 φυλακῆς.
2748 4419 2859 4471 Καὶ
2902 4421 3310 4494 εὐχαριστήσας
3345 4426 3528 4480 ἔπιενο
3574 4433 3670 4484 καὶ

401 4516 545 4574 lere,
593 4527 656 4566 ac
704 4509 1033 4565 ineffabilem
1101 4507 1197 4563 Dei
1255 4523 1379 4577 erga
1431 4508 1676 4562 homines
1733 4521 1971 4560 amorem

2100 4506 2311 4570 ῑοξάσας
2329 4508 2606 4578 τὴνλάγίαν
2628 4512 2718 4564 καὶ
2741 4514 3026 4581 ὁμοούσιον
3043 4518 3136 4569 καὶ
3156 4518 3418 4581 ξωοποιδν
3436 4523 3667 4594 Τριάδα,

399 4604 648 4658 laudibus
676 4602 972 4659 celebrare.

461 4781 552 4836 Vl.
613 4782 882 4836 Caeterum
924 4789 1050 4852 post
1108 4791 1317 4852 septem
1376 4781 1497 4836 illos
1549 4780 1712 4843 dies,
1776 4781 1976 4835 iterum

396 4875 673 4929 mandavit
697 4874 1051 4943 impiissimus
1089 4873 1462 4938 Calvisianus,
1496 4873 1714 4928 beatum
1746 4873 1979 4942 Euplum

395 4966 637 5020 vinctum
677 4964 800 5019 duci
841 4964 907 5018 ad
956 4963 1208 5017 tribunal.
1257 4963 1504 5033 Cumque
1562 4962 1786 5032 profecti
1839 4962 1978 5016 fuis-

393 5065 515 5110 sent
541 5041 766 5110 lictores
792 5096 806 5120 ,
846 5065 902 5110 et
959 5055 1303 5124 aperuissent
1340 5070 1637 5119 carcerem,
1691 5053 1977 5109 confestim

395 5148 648 5202 viderunt
694 5161 955 5216 aquarum
1002 5147 1354 5203 afﬂuentiam.
1387 5147 1589 5202 Verum
1639 5147 1834 5202 beatus
1864 5148 1977 5201 Eu-

395 5238 512 5307 plus
538 5254 733 5309 aquam
765 5241 1037 5308 increpuit
1063 5256 1251 5303 manu,
1302 5238 1499 5308 illaque
1525 5239 1768 5293 evanuit.
1805 5238 1976 5303 Quam

391 5347 504 5386 rem
535 5331 590 5385 in
619 5347 840 5386 carcere
870 5341 1075 5402 gestam
1129 5331 1312 5386 intuiti
1364 5330 1649 5394 satellites,
1722 5330 1979 5385 dixerunt

388 5424 533 5480 Inter
564 5441 623 5480 se
663 5445 676 5481 :
715 5426 936 5497 Magnus
963 5435 1045 5481 est
1073 5427 1218 5481 Deus
1248 5426 1488 5480 hominis
1509 5427 1684 5480 istius.
1719 5425 1786 5479 Et
1838 5425 1973 5479 edu-

386 5528 535 5574 ctum
578 5517 802 5573 Beatum
847 5535 876 5574 e
919 5535 1161 5585 carcere,
1191 5522 1539 5576 adduxerunt
1577 5521 1644 5575 ad
1677 5520 1970 5574 Calvisiani

386 5611 649 5666 tribunal.
683 5611 786 5678 Qui
823 5613 876 5668 in
912 5611 1108 5668 faciem
1181 5613 1325 5668 beati
1356 5613 1515 5684 Enpli
1577 5615 1763 5670 oculos
1793 5613 1966 5683 conji-

499 5795 517 5824 ⁸
553 5792 694 5847 i‘sal.
725 5810 918 5862 cxxxv,
955 5798 1045 5855 25.
1155 5801 1174 5832 ’
1203 5797 1373 5855 Exod.
1405 5816 1537 5866 xvu,
1567 5802 1618 5856 6.

2072 4597 2276 4666 ἡρξατο
2302 4597 2525 4668 ψάλλειν
2556 4601 2651 4654 καὶ
2683 4605 2853 4657 αἰνεῖν
2894 4607 2992 4676 τὴν
3023 4608 3234 4677 ἄφατον
3265 4613 3432 4666 αὐτοῦ
3472 4617 3672 4682 φιλαν-

2076 4687 2349 4758 θρωπίαν.

2151 4780 2240 4850 εἷ’,
2270 4783 2380 4837 Καὶ
2413 4785 2554 4855 μετά
2586 4787 2685 4851 τὰς
2715 4790 2854 4844 ἑπτὰ
2894 4791 3128 4862 ἡμέρας,
3161 4795 3416 4850 ἐκέλευσε
3449 4800 3614 4854 πάλιν
3640 4804 3670 4856 6

2077 4875 2441 4940 ἀσεῦἐστατος
2492 4879 2897 4950 Καλϐισιανὺς,
2955 4885 3177 4955 δέσμιον
3234 4891 3328 4943 τὸν
3389 4896 3667 4962 μακάριον

2079 4967 2292 5021 Εὖπλον
2353 4969 2587 5040 ἀχθῆναι
2641 4972 2953 5044 ἔμπροσθεν
3009 4978 3103 5029 τού
3169 4979 3412 5051 βήματος
3470 4987 3662 5044 αὐτοῦ.

2092 5060 2462 5115 ’Δπελθόντων
2493 5063 2549 5116 δὲ
2583 5066 2692 5118 τῶν
2724 5068 3036 5138 ὑπηρετῶν,
3070 5073 3164 5124 καὶ
3204 5076 3535 5139 ἀνοιξάντων
3562 5081 3665 5151 τὴν

2082 5153 2351 5221 φυλακὴν,
2394 5156 2548 5223 ἄφνω
2594 5153 2733 5210 εἶδον
2779 5164 2879 5229 τὴν
2927 5162 3250 5235 πλησμονὴν
3296 5170 3390 5221 τοῦ
3444 5170 3662 5236 ὕδατος.

2093 5245 2454 5318 Ἐπιτιμήσας
2480 5250 2537 5301 δὲ
2570 5250 2631 5303 τὸ
2656 5251 2800 5322 ὕδωρ
2822 5255 2849 5305 6
2876 5257 3150 5327 μακάριος
3177 5256 3387 5325 Εὖπλος
3418 5267 3483 5334 τῇ
3514 5269 3664 5336 χειρὶ

2080 5339 2267 5405 αὐτοῦ,
2302 5341 2505 5411 ἀφανὲς
2540 5345 2778 5412 ἐγένετο.
2823 5349 3043 5412 Ἰδὸντες
3073 5351 3129 5403 δὲ
3163 5353 3223 5405 τὸ
3253 5355 3474 5423 γεγονὸς
3504 5359 3563 5410 ἐν
3593 5363 3662 5430 τῇ

2082 5433 2297 5502 φυλακῇ
2337 5436 2386 5486 οί
2427 5436 2719 5504 ὑπηρέται,
2772 5440 2854 5501 είς
2900 5441 3160 5515 ἀλλήλους
3198 5445 3384 5512 ἔλεγον
3412 5463 3425 5477 ’
3466 5451 3664 5517 Μέγας

2077 5527 2226 5577 ἐστὶν
2256 5525 2283 5576 6
2314 5526 2445 5590 Θεὸς
2473 5527 2565 5581 τοῦ
2597 5529 2885 5601 ἀνθρώπου
2918 5534 3130 5591 τούτου.
3171 5538 3280 5590 Καὶ
3312 5540 3665 5608 παραλαϐόν-

2077 5635 2165 5680 τες
2193 5619 2280 5671 τὸν
2309 5621 2580 5692 μακάριον
2606 5623 2668 5675 ἐκ
2691 5624 2783 5677 τοῦ
2807 5626 3205 5699 δεσμωτηρίου,
3232 5632 3468 5702 ἤνεγκαν
3495 5637 3660 5691 αὐτὸν

1746 5803 1766 5834 ³
1794 5803 1972 5862 Judic.
2007 5821 2094 5872 xv,
2135 5809 2219 5864 to.
