3996 6472
327 451 428 515 529

1417 447 1706 510 ORATIO
1749 447 1849 510 DE
1886 446 2177 510 SANCTA
2218 447 2494 508 MARIA.

3488 445 3602 510 διο

319 558 633 632 ἕμπροσθεν
672 559 767 613 τοῦ
806 559 1055 630 βήματος
1107 558 1500 614 Καλϐισιανοῦ.
1554 561 1665 614 Καὶ
1711 561 1901 631 ἐμϐλέ-

2013 561 2196 616 ciens:
2259 558 2468 614 Saltem
2522 571 2708 624 nunc,
2775 556 2970 626 inquit,
3039 555 3283 612 sacriﬁca
3347 555 3454 610 diis
3493 568 3597 609 no-

315 654 422 722 ψας
461 652 542 715 εἰς
576 651 640 703 τὸ
678 651 978 721 πρόσωπον
1009 651 1104 702 τοῦ
1149 651 1426 722 μακαρίου
1463 648 1680 704 Εὗπλου
1715 647 1902 705 εἶπεν·

315 742 434 796 Κᾶν
472 740 570 794 νῦν
611 740 776 794 θῦσον
815 744 928 806 τοῖς
961 741 1107 805 θεοῖς
1138 742 1320 811 ἡμῶν,
1363 742 1472 811 πρὸ
1514 743 1608 796 τοῦ
1637 741 1716 813 τῷ
1759 742 1907 812 ξίφει

318 851 374 887 σι
397 834 772 904 ἆναλωθῆναι.
811 834 872 887 Ὀ
896 833 952 886 δὲ
974 833 1131 902 am;
1154 830 1364 897 Εὗπλος
1386 829 1542 887 εἶπεν
1561 850 1576 865 ·
1610 835 1906 905 Παρὰνομε

315 929 409 980 καὶ
440 926 610 994 τυφλὲ
637 929 703 995 τῇ
742 926 960 997 καρδία,
992 927 1200 998 ὲργάτα
1227 927 1322 980 τοῦ
1352 926 1622 988 διαϐόλου,
1651 927 1746 980 καὶ
1779 926 1906 980 σύν-

315 1020 476 1088 θρονε
523 1019 714 1081 αὑτοῦ,
765 1021 852 1083 τίς
898 1021 1081 1091 παρεᾷ
1121 1020 1181 1073 τὸ
1227 1019 1343 1088 φῶς
1389 1022 1486 1090 τῆς
1528 1020 1762 1090 ἡμέρας,
1810 1023 1908 1073 καὶ

315 1113 614 1182 πορεύεται
643 1113 702 1163 ἐν
730 1116 797 1184 τῇ
826 1114 1049 1185 σκοτίας
1083 1113 1267 1167 Ταῦτα
1303 1109 1398 1168 οὖν
1428 1113 1668 1175 ἀκούσας
1696 1113 1904 1167 Καλϐι-

315 1203 504 1266 σιανὸς
555 1205 586 1256 ὁ
637 1203 925 1274 τύραννος,
979 1207 1282 1278 ἐταράχθη,
1334 1207 1430 1261 καὶ
1487 1207 1742 1260 ἐκέλευσε
1794 1209 1907 1268 τοῖς

287 1297 625 1364 ’ὑπηρέταις
680 1297 846 1350 αὐτοῦ
905 1297 1125 1368 δεθῆναι
1175 1299 1268 1350 τὸν
1329 1299 1601 1370 μακάριον
1651 1295 1904 1364 Εὗπλον,

314 1390 410 1440 καὶ
472 1390 724 1458 σιδηραῖς
769 1388 1011 1456 ὀγκίνοις
1064 1389 1165 1454 τὰς
1197 1390 1370 1453 ἀκοὰς
1424 1389 1730 1453 πιέζεσθαι.
1794 1389 1906 1442 Καὶ

311 1481 546 1548 ἄγουσιν
582 1481 748 1534 αὑτὸν
789 1483 882 1534 ἐπὶ
905 1481 968 1533 τὸ
1028 1481 1214 1551 βῆμαο
1271 1481 1369 1534 καὶ
1417 1482 1661 1551 συνήχθη
1709 1483 1820 1544 πᾶς
1876 1481 1904 1533 ὀ

310 1573 441 1636 λαδς
478 1572 589 1626 τῶν
618 1588 679 1624 τε
721 1572 935 1624 πιστῶν
975 1572 1071 1625 καὶ
1110 1573 1381 1636 ἀπίστων,
1419 1572 1496 1635 ὼς
1531 1573 1622 1625 ἐπὶ
1661 1572 1906 1642 μεγίστῳ

310 1665 576 1734 θεάματι.
631 1665 693 1719 '0
732 1665 788 1718 δὲ
825 1665 1194 1728 ἀσεϐέστατος
1235 1666 1608 1728 Καλϐισιανὸς
1648 1667 1902 1720 ἐκέλευσε

309 1754 540 1825 τεθῆναι
571 1757 664 1809 τὸν
694 1757 888 1826 θρόνον
918 1756 1083 1810 αὑτοῦ
1121 1756 1353 1825 πλησίον
1383 1759 1482 1826 τῆς
1526 1755 1774 1825 φυλακῆς
1801 1755 1902 1823 ἔμε

311 1848 556 1917 προσθεν
587 1847 684 1900 τοῦ
716 1849 943 1915 λουτροῦ
971 1848 1066 1900 τοῦ
1097 1849 1250 1911 ὄντος
1289 1848 1520 1916 πλησίον
1560 1849 1728 1918 αὐτῆς
1760 1848 1903 1900 κατὰ

2009 654 2170 720 stris,
2199 662 2490 722 antequam
2517 649 2694 722 gladio
2724 647 3353 722 perimarislﬂespondit
3375 657 3597 703 sanctus

2010 747 2219 815 Euplus
2240 764 2250 798 :
2274 746 2547 816 Improbe,
2572 760 2718 801 caece
2737 745 2902 800 corde
2924 743 3197 808 ,miuister
3223 742 3425 798 diaboli
3443 743 3596 813 ejus-

2009 853 2116 906 que
2145 838 2292 892 socie
2320 838 2372 892 in
2399 837 2535 893 solio
2557 879 2570 901 ,
2628 837 2751 908 quis
2779 836 2887 892 diei
2914 836 3096 890 lumen
3128 833 3418 904 relinquit,
3450 835 3592 887 ut-in

2011 929 2256 984 tenebris
2278 929 2559 984 ambulet?
2591 927 2686 982 His
2716 928 2920 983 auditis
2948 927 3591 996 Calvisianustyrannus,

2009 1029 2316 1075 commotus
2347 1030 2432 1076 est
2475 1060 2490 1086 ,
2519 1035 2584 1075 ac
2630 1019 2829 1075 indixit
2879 1019 3148 1074 ministris
3178 1018 3292 1073 suis
3321 1058 3336 1082 ,
3363 1017 3586 1072 beatum

2013 1112 2245 1182 Euplum
2271 1114 2463 1184 ligari,
2518 1123 2684 1184 atque
2741 1113 2934 1168 ferreis
2979 1112 3200 1168 uncinis
3254 1126 3417 1166 aures
3473 1111 3593 1182 ejus

2013 1205 2305 1260 contundi.
2341 1205 2558 1260 Ducunt
2579 1221 2706 1274 ergo
2737 1205 2887 1260 Illum
2925 1205 2993 1259 ad
3023 1203 3264 1259 tribunal
3292 1222 3305 1257 :
3338 1203 3594 1258 convenit

2009 1312 2140 1350 vero
2170 1296 2464 1353 universus
2490 1299 2727 1368 populus
2755 1304 2862 1352 tam
2921 1295 3162 1351 ﬁdelium
3195 1310 3358 1365 quam
3398 1294 3592 1348 intide-

2010 1386 2139 1440 lium
2164 1427 2178 1450 ,
2212 1387 2366 1457 quasi
2402 1387 2471 1442 ad
2498 1387 2796 1442 maximum
2842 1385 3239 1456 spectaculum.
3274 1383 3344 1439 At
3376 1383 3593 1452 impiis-

2007 1479 2178 1534 simus
2213 1481 2554 1536 Calvisianus
2603 1480 2776 1536 voluit
2807 1481 3004 1535 solium
3056 1493 3216 1533 suum
3278 1477 3405 1548 poni
3436 1477 3591 1544 juxta

2007 1587 2328 1639 Carcerem,
2369 1588 2555 1631 coram
2625 1572 2844 1628 lavacro
2900 1573 3044 1642 quod
3103 1570 3312 1626 carceri
3378 1569 3609 1639 adjacet‘

2007 1684 2196 1725 versus
2231 1668 2541 1727 meridiem.
2589 1667 2836 1736 Cumque
2874 1667 3108 1722 sedisset
3157 1679 3325 1735 super
3362 1663 3589 1734 impium

2006 1764 2199 1817 Solium
2231 1777 2390 1816 suum
2421 1803 2436 1827 ,
2464 1761 2629 1830 jussit
2681 1761 2901 1817 beatum
2943 1759 3176 1828 Euplum
3220 1756 3397 1828 capite
3437 1765 3590 1809 trun-

2010 1853 2143 1906 cari.
2183 1851 2282 1907 Hic
2330 1868 2465 1908 vero
2501 1852 2725 1922 impium
2755 1852 2990 1908 maxime
3039 1849 3326 1921 praesidem
3361 1847 3589 1917 rogavit.

311 1940 691 2010 μεσημϐρίαν.
718 1942 827 1994 Καὶ
852 1941 1209 2004 καθεσθέντος
1241 1941 1405 1995 αὑτοῦ
1429 1941 1522 1994 ἐπὶ
1551 1938 1645 1994 τοῦ
1673 1941 1901 2003 ἀσεϐοῦς

2010 1958 2067 1998 ut
2097 1944 2358 2014 temporis
2394 1945 2740 2000 intervallum
2778 1945 2878 2014 ipsi
2910 1943 2981 1997 ad
3008 1940 3339 2012 precandum
3387 1951 3590 1992 conce-

308 2030 480 2084 αὐτοῦ
508 2032 722 2100 θρόνου,
751 2032 1040 2086 ἐκέλευσεν
1068 2031 1577 2101 ἁποκεφαλισθῆναι
1602 2034 1692 2087 τὸν
1720 2035 1902 2101 μακά-

312 2142 430 2196 ριον
471 2120 704 2179 Εὗπλον.
745 2126 804 2178 ’0
850 2125 908 2178 δὲ
962 2126 1233 2196 μακάριος
1285 2120 1495 2189 Εὖπλος
1555 2127 1900 2196 παρεκάλεσε

310 2215 420 2285 τδνξ
447 2217 816 2270 ἀσεϐέστατον
855 2217 1244 2283 Καλϐισιανδν,
1273 2217 1460 2272 λαϐεῖν
1491 2218 1654 2273 αὐτὸν
1692 2221 1901 2288 διορίαν

309 2307 404 2361 τοῦ
434 2308 868 2375 προσεύξασθαι.
906 2310 1015 2362 Kal
1043 2309 1261 2373 ἀνοίξας
1289 2309 1351 2362 τὸ
1383 2309 1540 2379 ἅγιον
1569 2310 1904 2379 Εὑαγγέλιον

312 2399 406 2452 τοῦ
454 2399 616 2464 Θεοῦ,
664 2400 869 2471 ἣρξατο
913 2401 1272 2469 ἁναγγέλλειν
1310 2402 1409 2465 τὰς
1449 2402 1898 2472 θαυματουργίας

313 2490 404 2543 τοῦ
451 2492 664 2560 Κυρίου
733 2492 889 2562 ἡμῶν
940 2493 1116 2562 Ἰησοῦ
1145 2494 1404 2564 Χριστοῦ.
1444 2494 1555 2546 Καὶ
1600 2494 1790 2546 πολλοὶ
1834 2495 1897 2547 ἐκ

311 2580 406 2635 τοῦ
445 2583 607 2653 ὄχλου
646 2585 1030 2654 ὲφωτίσθησαν
1067 2585 1137 2638 δι’
1179 2585 1367 2638 αὑτοῦ.
1405 2584 1517 2639 Καὶ
1559 2584 1698 2653 μετὰ
1726 2583 1900 2636 ταῦτα

313 2673 780 2742 προσευξάμενος,
811 2676 1016 2747 ἢκουσε
1046 2679 1233 2746 φωνῆς
1256 2674 1314 2741 ἐξ
1339 2673 1572 2746 οὐρανοῦ
1601 2674 1867 2745 λεγούσης
1885 2689 1898 2702 ·

2009 2035 2251 2090 derelur.
2280 2037 2485 2101 Quare,
2518 2045 2708 2105 aperto
2731 2044 2921 2090 sancto
2957 2034 3049 2088 Dei
3092 2023 3387 2102 Evangelia
3407 2069 3421 2091 ,
3451 2041 3590 2097 prte-

2007 2126 2188 2180 dicare
2220 2127 2388 2197 eospit
2423 2127 2641 2182 Domini
2681 2127 2852 2181 nostri
2878 2125 3005 2180 Jesu
3053 2125 3256 2180 Christi
3305 2121 3589 2180 miracula,

2005 2219 2140 2274 adeo
2177 2229 2234 2272 ut
2266 2234 2296 2274 e
2329 2219 2486 2288 plebe
2532 2219 2686 2274 multi
2723 2235 2820 2288 per
2855 2233 2980 2273 eum
3021 2214 3304 2271 illutuiuati
3352 2211 3573 2266 fuerint.

2004 2308 2217 2365 Postea
2237 2327 2362 2367 cum
2378 2319 2608 2375 orasset,
2623 2310 2830 2365 audivit
2855 2324 3046 2365 vocem
3065 2324 3096 2364 e
3112 2308 3251 2363 caelo
3276 2305 3542 2361 dicetith
3573 2316 3587 2356 :

2011 2405 2161 2461 Bono
2189 2407 2264 2463 sis
2305 2409 2516 2473 animo,
2561 2409 2770 2478 Euple;
2814 2409 3007 2462 beatus
3060 2422 3119 2461 es
3167 2416 3276 2471 tu;-
3308 2403 3468 2463 veni,
3507 2417 3593 2455 re-

2009 2497 2232 2566 quiesce
2261 2512 2384 2551 cu-m
2418 2495 2487 2550 iis
2533 2497 2626 2566 qui
2653 2498 2744 2565 abf
2780 2496 2938 2550 initio
2975 2495 3264 2563 hucusque
3313 2489 3443 2545 mihi
3473 2487 3589 2558 pla-

2009 2595 2264 2640 cuerunt.
2302 2587 2544 2641 Tandem
2585 2595 2808 2655 accepta
2862 2585 3132 2641 sententia
3157 2625 3170 2650 ,
3217 2597 3315 2653 per
3351 2579 3586 2652 gladium

2010 2678 2269 2748 martyrio
2300 2674 2714 2733 consummatus
2738 2687 2845 2732 est.

314 2767 539 2837 Θάρσει,
581 2767 762 2824 Εὗπλε
785 2785 802 2803 ο
838 2771 934 2825 καὶ
967 2773 1243 2843 μακάριος
1276 2768 1328 2825 el
1379 2772 1480 2826 σύ-
1519 2771 1700 2842 δεῦρο,
1737 2772 2095 2827 ἑπαναπαύου
2130 2776 2273 2846 μετὰ·
2311 2776 2422 2830 τῶν
2472 2777 2568 2830 ἀπ’
2595 2774 2788 2838 αἰῶνος
2821 2771 3303 2843 εὐαρεστητάντων
3342 2783 3450 2838 μοι.
3481 2765 3591 2818 Kal.

311 2865 492 2920 λαϐὼν
521 2869 622 2937 τὴν
654 2869 956 2937 ἀπόφασιν,
990 2869 1282 2940 ἐτελειώθη
1311 2869 1401 2922 διὰ
1437 2869 1534 2922 τοῦ
1571 2869 1779 2939 ξίφους.

381 2957 454 3013 Z'.
497 2959 659 3023 Τινὲς
696 2959 752 3012 δὲ
789 2961 901 3012 τῶν
942 2961 1303 3032 φιλοχρίστων
1347 2959 1601 3030 μοναχῶν
1640 2959 1897 3023 λαϐόντες

311 3052 370 3104 τὺ
406 3052 594 3121 τίμιον
620 3051 789 3106 αὑτοῦ
829 3052 1120 3122 λείψανον,
1175 3053 1471 3106 κατέθεντο
1505 3051 1639 3106 αὐτὸ
1679 3053 1737 3106 ὲν
1770 3053 1894 3104 ἑπι-

312 3146 474 3216 σήμῳ
499 3147 672 3217 τόπῳ,
715 3147 773 3199 ἐν
807 3140 851 3214 ᾧ
885 3147 1094 3217 ἰάματα
1123 3145 1524 3200 ἐπιτελοῦντα-ι.
1573 3143 1896 3215 Ἐτελειὼοη

308 3235 364 3287 δὲ
415 3234 587 3288 αὐτοῦ
629 3239 663 3306 ἡ
715 3237 1000 3308 μαρτυρία
1039 3237 1098 3290 ὲν
1143 3236 1284 3307 καλῇ
1334 3236 1597 3307 ὁμολογίᾳ
1643 3235 1775 3306 μηνὶ
1797 3235 1902 3288 Αὐ-

310 3327 527 3398 γοὺστῳ
565 3327 864 3400 δωδεκάτῃ,
896 3331 954 3382 ὲν
989 3329 1069 3397 τῷ
1104 3330 1333 3399 ὀνόματι
1377 3330 1470 3382 τοῦ
1505 3329 1709 3399 Κυρίου
1743 3329 1904 3398 ήμῶν

321 3421 496 3490 Ἰησοῦ
546 3421 810 3493 Χριστοῦ,
861 3415 906 3490 ᾧ
933 3423 966 3491 ἡ
1009 3422 1134 3489 δόξα
1175 3425 1271 3478 xal
1312 3423 1374 3476 τὸ
1423 3425 1647 3493 κράτος,
1683 3423 1783 3476 σὺν
1825 3421 1904 3492 τῷ

311 3513 486 3584 [Ia-cpi.
527 3515 622 3567 καὶ
662 3514 741 3582 τῷ
779 3515 921 3584 ἁγίῳ
952 3515 1258 3584 Πνεῦματι,
1287 3515 1381 3569 νῦν
1429 3515 1524 3570 καὶ
1571 3513 1658 3568 ἀεὶ
1699 3514 1794 3567 καὶ
1824 3514 1903 3577 εἰς

309 3604 433 3670 τοὺς
462 3607 674 3672 αἰῶνας
701 3607 812 3662 τῶν
836 3609 1068 3663 αίώνων.
1103 3607 1300 3680 Ἀμήν.

2077 2956 2187 3012 Vll'.
2219 2956 2450 3024 Quidam
2481 2972 2611 3012 vero
2632 2973 2661 3012 e
2696 2955 2898 3012 Christi
2921 2956 3256 3012 amatoribus
3282 2953 3587 3018 monachis,

2003 3050 2268 3120 pretiosas
2316 3051 2434 3121 ejus
2486 3050 2740 3122 reliquias
2810 3051 3094 3118 collectas,
3132 3049 3501 3120 deposuerunt
3532 3050 3615 3103 in.~~

2003 3141 2124 3195 loco
2157 3141 2352 3213 insigni
2377 3160 2392 3198 :
2425 3143 2514 3199 ubi
2543 3145 2858 3200 morborum
2888 3145 3205 3200 curationes
3225 3152 3585 3215 peraguntur.
3666 3185 3678 3193 .

2006 3231 2175 3290 Porro
2203 3233 2322 3303 ejus
2352 3237 2668 3308 martyrium
2697 3237 2750 3292 in
2777 3238 3033 3308 pra-clara
3063 3235 3585 3305 confessioneﬁcom-

2008 3326 2210 3395 pletqu
2239 3327 2339 3384 fuit
2390 3328 2718 3386 duodecimo
2743 3330 2832 3385 die
2866 3331 3069 3387 mensis
3101 3329 3324 3400 Augusti
3354 3348 3367 3396 ;
3402 3327 3454 3383 in
3494 3342 3612 3381 κιο·-

2011 3419 2158 3476 mine
2184 3420 2396 3477 Domini
2423 3425 2592 3479 nostri
2614 3423 2744 3478 Jesu
2768 3423 2995 3490 Christi,
3022 3424 3110 3478 cui
3129 3424 3296 3494 gloria
3327 3423 3583 3492 acimpe-

2011 3510 2154 3570 rium
2174 3556 2189 3582 ,
2219 3531 2342 3571 cum
2368 3514 2530 3570 Patre
2555 3525 2609 3570 et
2636 3524 2828 3570 sancto
2851 3514 3080 3584 Spiritu,
3111 3531 3259 3569 nunc
3290 3523 3345 3569 et
3372 3528 3619 3582 semper:

2011 3615 2066 3662 et
2102 3607 2156 3660 in
2188 3605 2387 3662 saecula
2421 3603 2768 3659 saeculorum.
2827 3601 3018 3658 Amen.

313 3776 3576 3814 Μ

1723 3961 2186 4053 ORATIO

449 4161 605 4230 Quae
643 4161 864 4216 tractat
893 4171 927 4216 a
962 4155 1326 4216 venerando
1359 4161 1500 4217 ortu
1541 4161 1602 4218 et
1641 4155 2026 4218 educatione
2069 4157 2488 4220 sanctissimae
2525 4155 2814 4219 Domina
2848 4156 3094 4218 Nostras
3126 4155 3437 4235 Deiparao,

1486 4237 1559 4296 Et
1588 4243 1732 4297 ortu
1767 4235 1993 4297 Christi
2033 4236 2147 4297 Dei
2172 4237 2407 4312 nostri,

957 4320 1030 4379 Et
1064 4333 1471 4396 quaecunque
1494 4315 1929 4398 contigerunt
1958 4314 2038 4376 ad
2067 4311 2399 4398 viviﬁcum
2419 4317 2946 4398 ejusdecessum.

787 4397 856 4456 Et
886 4394 1193 4475 praeterea
1228 4394 1554 4477 quomodo
1591 4394 1654 4454 in
1690 4401 1980 4474 apertum
2019 4396 2260 4477 prolata
2299 4396 2380 4477 sit
2415 4394 2694 4476 pretiosa
2727 4400 2864 4477 ejus
2912 4397 3126 4458 vestis.

814 4473 1460 4555 Et'quemadm'odum
1495 4473 1590 4534 hee
1623 4473 1868 4551 magna:
1911 4473 2072 4553 epes
2103 4474 2283 4537 fuere
2315 4473 2684 4538 ChriStianis
2717 4473 3084 4540 reconditae.

573 4599 846 4662 Auctore
875 4601 1170 4679 Symeone
1209 4598 1656 4678 Metaphraste,
1690 4599 1800 4678 qui
1831 4600 2360 4678 gravissimorum
2392 4602 2658 4662 Patrum
2685 4601 2898 4662 utitur
2933 4603 3352 4664 testimoniis.

311 4765 481 4828 (Apud
505 4769 715 4818 burtum
748 4767 808 4817 ad
837 4767 971 4817 diem
996 4767 1312 4832 t.'_S_Augusti.
1358 4769 1739 4832 -Fragmenta
1792 4767 1962 4832 Graeca
2005 4767 2246 4832 nonnulla
2265 4765 2588 4832 subiecimus
2634 4782 2747 4832 qua
2767 4768 3060 4832 eastautdn
3104 4768 3289 4820 Catena
3329 4768 3387 4815 ad
3444 4766 3589 4816 Lucra

1029 4828 1354 4891 Evangelium
1377 4843 1524 4892 quam
1547 4829 1706 4879 edidit
1730 4831 1861 4879 card.
1902 4831 2035 4893 Aug.
2071 4829 2168 4880 Mai
2189 4829 2241 4879 in
2265 4828 2384 4883 Ver;
2411 4831 2601 4882 Saturn
2630 4828 2751 4880 tom.
2781 4828 2887 4892 IX.)

375 5157 418 5213 l.
455 5156 760 5228 Oportebat
814 5174 1006 5214 revera
1051 5159 1326 5230 Virginem
1354 5200 1367 5223 ,
1425 5159 1566 5216 sicut
1610 5159 1728 5232 ipsa
1790 5162 1886 5216 Dei
1915 5165 1968 5226 D
1995 5179 2121 5234 que,
2158 5165 2276 5221 Filii
2305 5168 2508 5223 cedens
2531 5167 2762 5240 legibus,
2823 5171 3036 5236 gratum
3086 5165 3290 5222 habere
3323 5166 3398 5229 id,
3441 5166 3586 5236 quod

308 5251 372 5303 ad
399 5249 657 5304 homines
688 5251 902 5305 venturi
937 5252 1158 5306 inventa
1187 5263 1271 5306 est
1296 5252 1519 5324 dignum
1543 5261 1599 5308 et
1629 5255 1740 5308 Deo
1772 5270 1906 5308 con-

310 5342 546 5397 veniens
581 5343 982 5408 habitaculum,
1043 5345 1117 5399 ita
1165 5359 1315 5400 nunc
1364 5346 1510 5400 illam
1563 5345 1631 5401 ad
1669 5348 1904 5402 encomii

309 5443 696 5506 argumentum
743 5436 905 5490 nobis
960 5437 1329 5506 prepositum,
1391 5439 1610 5510 dignam
1659 5439 1899 5510 linguam
2003 5442 2114 5504 rit,
2163 5440 2342 5510 deque
2390 5440 2718 5495 educatione
2770 5439 2926 5510 ejus,
2980 5447 3036 5494 et
3085 5439 3195 5494 ﬁne
3248 5441 3414 5493 vitae:
3452 5435 3625 5510 quin;

2009 5255 2068 5311 tit
2107 5273 2206 5326 pro
2243 5257 2472 5314 viribus.
2510 5258 2813 5314 Dicendum
2847 5264 2932 5312 est
2981 5272 3144 5328 ergo,
3182 5265 3238 5312 et
3291 5258 3586 5328 diligenter

2005 5349 2364 5416 narrandum,
2393 5360 2449 5406 et
2482 5350 2630 5405 unde
2655 5360 2772 5405 orta
2805 5350 2894 5414 sit,
2913 5365 3052 5420 quos
3083 5359 3340 5419 parentes
3377 5349 3585 5404 habue-

307 5543 434 5582 esse
474 5537 852 5592 consecutam,
886 5544 1015 5597 qua:-
1039 5544 1128 5584 res
1157 5530 1278 5600 ejus
1308 5531 1586 5601 eleganter
1629 5541 1897 5600 narraret,
2000 5531 2164 5586 etiam
2199 5547 2543 5603 quaecunque
2581 5532 2655 5586 illi
2689 5533 3033 5604 contigerunt
3075 5546 3143 5586 ex
3186 5532 3370 5586 divina
3401 5530 3588 5586 Provi-
3617 5527 3626 5596 ξ

309 5629 365 5673 et
392 5617 817 5675 convenientem
865 5622 915 5676 ei
953 5623 1167 5677 laudem
1212 5623 1452 5679 aﬂ‘erret.
1489 5623 1596 5680 Sed
1628 5625 1893 5696 quoniam

310 5726 420 5780 quo
448 5711 554 5767 hoc
596 5719 682 5766 est
710 5713 909 5784 majus,
946 5730 1011 5769 eo
1044 5715 1320 5770 diiiicilius
1365 5717 1622 5786 explicari
1680 5725 1893 5788 potest,

314 5819 412 5871 pro
452 5804 663 5862 viribus
693 5807 885 5863 saltem
916 5807 1081 5864 alacri
1123 5809 1308 5866 animo
1337 5811 1512 5866 danda
1560 5819 1644 5867 est
1690 5826 1853 5881 opera
1883 5851 1897 5876 ,

319 5900 374 5946 ut
409 5903 656 5952 texamus
687 5897 806 5970 ejus
838 5899 1228 5958 laudationem.
1264 5902 1376 5959 Scit
1430 5902 1575 5959 enim
1609 5903 1727 5974 ipsa
1759 5918 1898 5974 quo-

2007 5623 2192 5679 dentia
2249 5633 2305 5679 et
2341 5624 2558 5679 arcanis
2606 5623 2936 5679 rationibus.
2993 5622 3151 5689 Quod
3186 5621 3229 5678 si
3279 5622 3455 5678 oratio
3485 5621 3622 5722 alia‘

2008 5733 2226 5789 quoque
2266 5717 2705 5788 comprehendit,
2753 5726 2808 5772 et
2841 5716 3151 5772 necessario
3202 5716 3589 5786 persequitur,

2008 5826 2118 5865 non
2186 5818 2270 5865 est
2308 5826 2338 5865 a
2399 5810 2611 5866 ratione
2663 5808 2938 5875 alienum,
2997 5809 3142 5880 quod
3204 5807 3406 5864 factum
3456 5817 3591 5874 est;

2011 5905 2192 5961 omnia
2223 5905 2369 5960 enim
2397 5905 2461 5962 ad
2491 5919 2610 5962 eam
2645 5903 2980 5972 referuntur,
3015 5905 3242 5974 ejusque
3271 5915 3397 5961 sunt
3422 5899 3608 5976 gloria-
