3996 6446
388 382 487 448 531
1650 401 1939 465 MENSIS
1972 404 2403 469 AUGUSTUS.
3542 417 3651 483 532

385 502 441 547 et
471 496 745 551 encomia.
798 496 1046 565 Quiirum
1073 504 1314 562 narratio
1337 521 1448 563 non
1483 507 1588 563 erit
1629 510 1793 566 nobis
1839 512 1964 567 ahs-
1993 520 2039 576 Α
2067 515 2191 574 Ave,
2241 519 2417 585 gratia
2469 516 2651 582 plena,
2708 517 2910 591 inquit,
2962 521 3216 579 Dominus
3272 534 3461 582 tecum.
3497 529 3653 584 Con-

384 599 494 653 que
539 585 644 639 [ide
673 585 852 658 dignis
878 588 1130 659 testibus,
1180 609 1285 651 nec
1312 604 1564 652 sumetur
1598 614 1663 653 ex
1714 603 1963 669 personis

385 676 764 745 quLbuslibet:
796 678 894 734 sed
951 696 1116 750 quam
1158 685 1281 754 viri,
1312 688 1514 757 quibus
1560 691 1682 760 jure
1735 691 1963 747 creden-

382 764 513 820 dum
537 775 689 822 estet
711 768 805 839 qui
829 771 992 827 simul
1018 788 1143 829 cum
1170 775 1420 833 doctrina
1448 781 1720 851 egregiam
1749 798 1964 852 quoque

334 850 339 855 ’
389 859 551 915 vitam
578 862 903 928 attulerunt,
931 864 1224 937 diligenter
1256 850 1721 941 composuerunt;
1754 850 1961 946 Grego-

385 949 523 1015 rius,
552 951 797 1023 inquam,
844 956 1146 1028 Nyssenus,
1184 961 1516 1019 Athanasius
1545 964 1963 1033 Alexandrinus,

382 1036 678 1111 Dionysius
701 1044 1053 1118 AreOpagita,
1085 1059 1142 1106 et
1193 1052 1351 1107 multi
1379 1054 1493 1119 alii,
1544 1055 1639 1125 qui
1688 1070 1789 1110 nec
1838 1066 1968 1111 sunt

382 1133 644 1203 vulgaris,
682 1146 740 1192 ut
765 1139 1028 1204 diximus,
1060 1143 1409 1211 eruditionis,
1446 1155 1502 1202 et
1531 1158 1661 1203 sunt
1712 1147 1819 1203 vita
1865 1148 1964 1203 ad-

380 1225 660 1283 mirabiles
686 1243 701 1281 :
735 1238 812 1295 et,
844 1233 989 1301 quod
1018 1235 1192 1302 majus
1220 1245 1323 1300 est,
1355 1253 1517 1307 quam
1546 1238 1724 1309 ipsum
1748 1254 1965 1310 quoque

380 1314 629 1373 divinum
663 1323 831 1378 refert
863 1323 1241 1396 Evangelium.

452 1409 520 1464 ll.
575 1409 696 1467 Jam
728 1415 875 1471 enim
910 1417 1128 1474 divinus
1159 1419 1456 1492 Gregorius
1482 1422 1535 1477 in
1567 1422 1812 1479 oratione
1851 1440 1969 1495 qua!

380 1502 451 1556 de
483 1513 606 1558 ortu
635 1505 842 1562 Christi
883 1509 953 1565 ab
998 1510 1118 1580 ipso
1166 1521 1249 1568 est
1298 1514 1709 1587 composita(a).
1744 1519 1861 1572 haec
1902 1518 1970 1573 de

381 1606 447 1646 ea
480 1602 719 1650 tractat:
750 1596 977 1667 Audivi,
1018 1600 1235 1668 dicens,
1287 1618 1549 1660 arcanam
1582 1607 1873 1676 quamdam
1917 1617 1973 1661 et

380 1686 650 1741 occultam
682 1687 989 1756 historiam,
1015 1690 1083 1746 de
1110 1708 1173 1748 ea
1202 1690 1320 1748 hmc
1342 1707 1656 1751 narrantem
1682 1708 1700 1748 :
1733 1696 1864 1751 Erat
1890 1696 1973 1751 in-

379 1775 549 1845 signis
579 1777 638 1832 in
666 1790 921 1836 accurata
945 1782 1095 1848 vitm,
1116 1799 1238 1854 quae
1269 1798 1355 1841 eSt
1388 1801 1455 1842 ex
1485 1787 1632 1859 lege,
1666 1788 1972 1843 institutio~

2072 608 2232 660 traria
2262 606 2336 659 illi
2365 607 2555 677 primae
2591 610 2732 674 voci,
2772 627 2895 682 qua:
2938 612 3078 668 faeta
3125 625 3210 669 est
3240 618 3476 683 mulieri,
3500 637 3652 676 nunc

2069 698 2233 753 verba
2264 696 2403 753 ﬁunt
2428 698 2659 771 Virgini.
2694 702 2789 757 llla
2810 703 3087 761 doloribus
3124 706 3178 760 in
3205 718 3364 777 partu
3391 710 3656 764 condem—

2068 800 2196 845 nata
2238 790 2340 848 fuit
2365 802 2588 862 propter
2616 805 2897 864 peccatum
2928 816 2941 851 :
2968 800 3022 853 in
3051 800 3153 855 hac
3175 810 3357 856 autem
3401 819 3497 872 per
3518 804 3658 859 laeti-

2074 886 2200 939 tiam
2232 885 2523 956 expellitur
2545 887 2783 945 tristitia.
2810 890 2869 944 In
2906 892 2993 946 illa
3022 902 3233 962 partum
3256 906 3658 965 praecesserunt

2070 974 2287 1029 dolores
2328 993 2341 1030 :
2391 976 2477 1030 hic
2515 992 2646 1032 vero
2678 979 2863 1035 laetitia
2899 991 2984 1037 est
3011 984 3278 1039 obstetrix
3324 995 3543 1054 partus.
3574 987 3659 1041 Ne

2070 1066 2281 1133 timeas,
2306 1066 2505 1137 inquit.
2536 1068 2805 1134 Quoniam
2841 1074 2989 1127 enim
3015 1075 3165 1129 omni
3199 1076 3411 1131 mulieri
3448 1086 3659 1134 metum

2069 1156 2228 1212 aflert
2253 1168 2441 1229 partus
2468 1162 2824 1230 exspectatio,
2852 1172 3057 1218 metum
3084 1167 3303 1235 expellit
3328 1167 3503 1231 dulcis
3532 1186 3663 1238 par-

2074 1259 2165 1304 tus
2200 1249 2490 1319 promissio
2530 1272 2545 1306 :
2581 1250 2645 1305 In
2675 1263 2824 1307 utero
2869 1256 3149 1325 concipiet,
3180 1266 3230 1310 et
3253 1260 3436 1326 paries
3462 1259 3660 1327 ﬁlium.

2073 1349 2122 1394 et
2152 1340 2364 1394 vocabis
2394 1357 2580 1397 nomen
2610 1344 2725 1412 ejus
2748 1343 2926 1397 Jesum
2953 1346 2994 1400 ⁸.

2149 1432 2239 1487 ιν.
2271 1431 2413 1499 Quid
2443 1443 2627 1489 autem
2659 1435 2826 1491 Maria
2852 1436 2875 1489 7
2906 1438 3048 1493 Audi
3082 1456 3277 1510 puram
3316 1457 3505 1497 vocem
3539 1440 3658 1497 Vir-

2073 1523 2234 1595 ginis.
2269 1524 2508 1593 Angelus
2555 1534 2770 1595 partum
2818 1529 3126 1594 annuntiat,
3184 1539 3240 1585 et
3285 1530 3375 1586 illa
3421 1531 3667 1588 adhaeret

2075 1616 2395 1688 virginitati,
2434 1633 2543 1672 non
2589 1619 2893 1690 corrumpi,
2925 1620 3179 1690 judicans
3226 1639 3348 1679 esse
3399 1637 3665 1695 prteStan—

2075 1710 2204 1775 tius,
2236 1714 2414 1780 quam;
2451 1711 2850 1780 apparitionem
2896 1713 3097 1785 angeli.
3144 1714 3210 1769 Et
3253 1730 3435 1785 neque
3481 1727 3668 1787 potest

2074 1801 2269 1872 angelo
2317 1816 2430 1856 non
2483 1803 2731 1869 credere,
2791 1818 2971 1874 neque
3025 1806 3262 1863 discedit
3308 1808 3377 1863 ab
3426 1809 3494 1864 iis
3541 1825 3667 1879 qua!

379 1880 472 1970 ηε»
534 1878 590 1970 οξ
642 1869 787 1925 inter
820 1873 1060 1942 optimos
1085 1877 1336 1948 apprime
1386 1887 1576 1945 notus.
1606 1888 1762 1950 pater
1792 1880 1965 1952 Virsi-
1999 1869 2363 1950 Bstatuerat.
2415 1894 2531 1962 Est,
2584 1897 2782 1967 inquit,
2837 1869 2975 1954 mihi
3035 1900 3320 1970 prohibita
3371 1918 3497 1958 cum
3545 1869 3666 1958 {um

379 1961 487 2014 uis.
548 1959 931 2020 Consenuerat
982 1975 1168 2025 autem
1222 1970 1341 2026 sine
1391 1970 1599 2035 liberis,
1666 1973 1809 2042 quod
1855 1988 1964 2027 non

379 2061 497 2107 erat
537 2053 657 2123 ejus
694 2058 897 2127 conjux
947 2068 1072 2130 apta
1127 2062 1195 2117 ad
1231 2065 1604 2134 procreandos
1638 2065 1801 2120 ﬁlios.
1836 2065 1965 2121 Erat

381 2159 514 2200 vero
545 2161 612 2199 ex
646 2147 763 2218 lege
792 2151 1014 2219 quidam
1069 2153 1251 2209 honor
1302 2156 1592 2220 matribus,
1643 2174 1803 2229 quem
1858 2175 1965 2214 non

381 2237 846 2309 adipiscehantur,
895 2261 1017 2314 qua!
1043 2248 1312 2303 carebant
1352 2249 1496 2306 filiis.
1549 2246 1800 2307 lmiiatur
1838 2268 1969 2325 ergo

380 2345 445 2384 ea
471 2346 690 2402 quoque
723 2334 837 2401 illa,
871 2350 993 2406 quae
1023 2349 1280 2395 narratur
1307 2341 1375 2397 de
1406 2350 1584 2399 matre
1614 2343 1885 2402 Samuelis
1905 2348 1920 2379 ¹
1950 2388 1963 2402 .

381 2422 596 2478 Etcum
629 2424 822 2483 fuisset
861 2429 1002 2486 intra
1031 2434 1235 2503 templa
1272 2445 1610 2503 sanctorum,
1654 2436 1712 2491 fit
1739 2439 1967 2509 supplex

386 2514 518 2580 Deo,
558 2531 755 2584 rogans
796 2536 866 2575 ne
912 2524 1191 2579 excideret
1216 2527 1285 2582 ab
1310 2543 1399 2592 ea,
1429 2545 1551 2598 qum
1589 2539 1675 2586 est
1705 2547 1771 2587 ex
1813 2532 1965 2605 lege,

383 2605 789 2678 benedictione,
822 2627 947 2667 cum
986 2614 1037 2669 in
1091 2615 1264 2688 legem
1311 2620 1447 2675 nihil
1488 2634 1778 2691 peccaret:
1812 2624 1970 2680 ﬁeret

384 2708 569 2753 autem
599 2712 790 2768 mater,
828 2714 880 2760 et
914 2705 1027 2763 Deo
1057 2721 1408 2767 consecraret
1448 2713 1502 2769 id
1532 2715 1676 2785 quod
1710 2727 1966 2787 pareret.

385 2786 524 2844 Cum
562 2803 698 2848 nutu
735 2808 919 2851 autem
951 2800 1138 2857 divino
1191 2805 1515 2863 conﬁrmata
1559 2786 1719 2864 esset
1737 2811 1805 2865 ad
1846 2825 1971 2882 gra-

387 2879 542 2948 tiam,
581 2898 744 2954 quam
787 2889 1044 2958 petierat,
1093 2904 1380 2964 postquam
1425 2899 1641 2968 peperit
1691 2879 1923 2968 puellam
1950 2942 1965 2967 ,

386 2987 509 3026 eam
539 2975 759 3044 quidem
788 2980 1094 3038 nominavit
1119 2982 1344 3041 Mariam
1372 3006 1386 3042 :
1418 2996 1478 3043 ut
1508 2989 1594 3044 vel
1649 2989 1829 3061 ipsum
1867 3007 1970 3047 no-

383 3076 514 3116 men
554 3064 908 3136 signiﬁraret,
937 3087 967 3126 a
995 3072 1105 3130 Deo
1148 3075 1327 3132 datam
1380 3094 1500 3135 esse
1542 3082 1793 3151 gratiam.
1829 3081 1967 3137 Cum

2073 1987 2438 2045 consuetudo.
2495 1988 2784 2056 Quomodo
2837 1991 2943 2048 erit
3000 1992 3135 2048 mihi
3205 1994 3335 2058 hoc,
3396 1995 3662 2067 quoniam

2073 2081 2250 2135 virum
2284 2097 2395 2136 non
2426 2084 2741 2153 cognosco?
2771 2082 2898 2139 Haec
2928 2101 3034 2140 vox
3074 2085 3280 2153 Marite,
3312 2097 3399 2143 est
3428 2089 3664 2144 demon-

2073 2173 2265 2229 stratio
2298 2189 2490 2229 eorum
2528 2189 2653 2245 quae
2675 2189 2879 2230 arcane
2912 2186 2968 2231 et
3000 2177 3217 2233 occulte
3245 2190 3563 2234 narrantur.
3604 2180 3664 2235 Si

2072 2265 2219 2320 enim
2294 2281 2414 2322 eam
2472 2267 2674 2339 Joseph
2748 2279 3039 2338 acceperat
3103 2272 3160 2325 in
3220 2272 3663 2338 matrimonium,

2071 2358 2533 2428 quemadmodum
2575 2359 2625 2414 ei
2652 2359 2828 2417 visum
2856 2371 2942 2419 est
2969 2361 3233 2430 alienum,
3266 2364 3412 2433 quod
3445 2373 3662 2433 partum

2072 2456 2198 2503 ante
2229 2448 2584 2520 signiﬁcaret,
2616 2451 2662 2506 si
2687 2451 2804 2522 ipsa
2830 2453 3056 2509 omnino
3084 2455 3437 2525 exspectabat
3465 2456 3583 2510 ﬁeri
3610 2455 3663 2511 ei

2071 2549 2246 2597 mater
2275 2542 2393 2613 lege
2421 2549 2634 2597 naturae
2658 2544 2682 2597 ἲ
2710 2542 2942 2610 Quando
2987 2546 3211 2617 quidem
3261 2562 3509 2612 carnem,
3539 2563 3683 2617 quae

2074 2633 2186 2689 Deo
2240 2633 2420 2689 fuerat
2472 2646 2818 2704 consecrata,
2868 2637 3034 2694 veluti
3088 2636 3359 2709 quoddam
3408 2651 3661 2696 sanctum

2070 2722 2381 2792 donarium,
2447 2727 2714 2782 intactum
2781 2729 3094 2784 conservari
3159 2730 3481 2800 oportebat;
3536 2746 3665 2800 pro-

2071 2824 2258 2889 pterea
2283 2835 2296 2872 :
2318 2819 2432 2874 Etsi
2459 2819 2537 2876 sis
2561 2822 2810 2893 angelus,
2835 2822 3034 2892 inquit,
3055 2822 3157 2878 etsi
3183 2822 3250 2877 de
3277 2822 3416 2879 coelo
3443 2825 3654 2886 venias.

2071 2908 2282 2967 etiamsi
2330 2911 2404 2966 sit
2444 2926 2611 2982 super
2675 2913 2954 2969 hominem
3002 2913 3057 2970 id
3081 2915 3227 2984 quod
3261 2926 3508 2986 apparet,
3548 2932 3655 2969 non

2071 3010 2253 3071 potest
2282 3011 2461 3058 tamen
2493 3003 2631 3069 ﬁeri,
2665 3015 2726 3060 ut
2763 3006 2944 3060 virum
2979 3021 3332 3077 cognoscam.
3364 3006 3652 3073 Quomodo

2071 3105 2201 3166 ergo
2244 3110 2341 3150 ero
2382 3106 2558 3152 mater
2584 3098 2789 3168 absque
2820 3098 2984 3154 viro?
3011 3098 3147 3154 Nam
3191 3098 3394 3170 Joseph
3434 3099 3656 3170 quidem

384 3171 518 3211 vero
540 3157 651 3227 jam
699 3162 961 3219 crevisset
1014 3166 1215 3236 puella,
1270 3179 1330 3225 ut
1376 3186 1487 3225 non
1538 3173 1773 3243 amplius
1831 3190 1966 3245 opus

2075 3186 2201 3241 novi
2244 3201 2528 3259 sponsum,
2573 3190 2751 3244 virum
2783 3201 2965 3245 autem
3016 3206 3124 3244 non
3173 3206 3467 3262 cognosco.
3516 3190 3661 3257 Quid

386 3251 620 3306 haberet
674 3268 868 3325 sugere
923 3258 1245 3326 mamillam,
1293 3276 1415 3317 eam
1472 3263 1586 3319 Deo
1637 3266 1880 3332 tradidit,
1913 3278 1970 3324 et

384 3343 720 3411 promissum
810 3347 1080 3419 implevit,
1136 3360 1192 3407 et
1270 3353 1337 3407 ad
1394 3355 1660 3425 templum
1706 3358 1968 3415 adduxit.

386 3435 713 3493 Sacerdotes
739 3450 922 3495 autem
953 3442 1169 3498 interim
1192 3444 1436 3514 quidem,
1465 3447 1533 3503 ad
1561 3447 1971 3507 similitudinem

387 3528 680 3598 Samuelis,
712 3531 856 3588 inter
886 3544 1107 3592 sanctos
1138 3537 1448 3596 educabant
1476 3542 1739 3611 puellam.

457 3621 549 3679 Ill.
602 3624 739 3680 Cum
791 3643 922 3683 vero
992 3629 1278 3699 crevisset,
1328 3633 1617 3689 consilium
1686 3649 1968 3708 ceperunt,

391 3714 652 3783 quidnam
685 3732 845 3773 sacro
899 3719 977 3775 illi
1002 3724 1220 3793 corpori
1250 3723 1537 3792 facientes,
1568 3726 1625 3781 in
1658 3728 1829 3783 Deum
1859 3745 1968 3785 non

387 3818 703 3876 peccarent.
758 3810 889 3865 Eam
946 3812 1095 3868 enim
1135 3814 1240 3887 legi
1279 3827 1491 3873 natura:
1544 3818 1875 3892 subjungere
1917 3832 1973 3877 et

388 3916 511 3955 eam
565 3903 697 3958 dare
760 3904 815 3959 in
875 3892 1192 3963 servitutem
1241 3910 1292 3964 ei
1349 3911 1442 3981 qui
1496 3911 1641 3968 illam
1695 3914 1920 3970 duceret
1954 3956 1970 3983 ,

385 3992 680 4050 videbatur
733 3995 1210 4054 absurdissimum.
1264 4001 1648 4058 Existimatum
1691 4015 1776 4061 est
1813 4009 1972 4075 plane

384 4091 753 4160 sacrilegium,
787 4092 832 4146 si
860 4093 1030 4149 divini
1060 4094 1277 4151 denarii
1308 4097 1474 4152 homo
1496 4097 1651 4153 fieret
1679 4098 1965 4155 dominus:

384 4182 831 4251 quandoquidem
868 4200 900 4239 a
931 4184 1050 4254 lege
1101 4195 1188 4241 est
1234 4189 1615 4257 constitutum,
1650 4197 1711 4245 ut
1741 4191 1970 4249 maritus

382 4286 534 4332 esset
562 4275 819 4331 dominus
852 4278 1101 4350 conjugis
1129 4281 1172 4334 ⁸.
1208 4279 1281 4337 Ut
1308 4291 1487 4337 autem
1521 4283 1575 4337 in
1606 4285 1821 4354 templis
1842 4301 1967 4340 ver-

385 4380 643 4425 sarentur
672 4371 929 4427 mulieres
960 4387 1085 4428 cum
1120 4374 1515 4445 sacerdotibus,
1561 4387 1618 4434 et
1651 4378 1794 4434 inter
1844 4395 1964 4436 san-

384 4474 506 4520 ctos
538 4465 878 4533 viderentur,
909 4483 1089 4537 neque
1120 4467 1237 4540 lege
1266 4469 1706 4540 permittebatur,
1744 4487 1849 4528 nec
1879 4487 1968 4527 res

2074 3292 2205 3349 ergo
2261 3280 2673 3352 paranymphus
2745 3279 2988 3347 Gabriel,
3052 3281 3272 3352 qualem
3354 3281 3661 3335 thalamum

2074 3376 2229 3437 parat
2257 3384 2396 3439 puro
2440 3378 2494 3425 et
2523 3370 2809 3441 impolluto
2843 3369 3239 3426 matrimonio?
3284 3368 3548 3440 Spiritus,
3579 3370 3663 3422 in-

2073 3460 2214 3529 quit,
2262 3471 2478 3515 sanctus
2511 3464 2841 3532 superveniet
2890 3463 2947 3517 in
2981 3472 3050 3527 te,
3102 3472 3152 3518 et
3180 3464 3350 3518 uirtus
3401 3462 3665 3516 Altissimi

2076 3551 2413 3607 obumbrabit
2478 3553 2569 3607 tibi
2596 3554 2639 3609 δ.
2694 3553 2739 3610 Ο
2772 3556 2985 3611 beatam
3044 3555 3194 3610 illam
3239 3569 3485 3616 carnem,
3536 3570 3664 3624 qua:

2075 3655 2296 3714 propter
2341 3644 2614 3716 insignem
2668 3646 2985 3717 puritatem,
3036 3646 3234 3702 animae
3286 3646 3429 3701 bona
3477 3646 3544 3700 ad
3602 3661 3665 3700 se

2072 3736 2315 3790 attraxit.
2366 3736 2424 3791 In
2472 3737 2596 3792 aliis
2646 3738 2792 3792 enim
2844 3738 3103 3793 omnibus
3150 3739 3239 3793 vix
3287 3737 3471 3793 anima
3524 3754 3664 3808 pura

2073 3830 2247 3884 sancti
2279 3829 2515 3900 Spiritus
2567 3831 2864 3886 adventum
2901 3831 3214 3902 acceperit:
3251 3832 3341 3887 hic
3384 3841 3568 3886 autem
3604 3832 3667 3885 ﬁt

2072 3937 2200 3977 caro
2264 3919 2505 3989 Spiritus
2561 3922 2994 3991 receptaculum.
3049 3922 3191 3988 Quin
3251 3922 3417 3977 etiam
3478 3921 3663 3975 virtus

2075 4012 2288 4068 Domini
2314 4014 2665 4068 obumbrabit
2697 4015 2813 4070 tibi.
2848 4014 2989 4081 Quid
3018 4015 3132 4070 haec
3159 4030 3449 4086 perarcana
3483 4014 3666 4087 signi-

2072 4104 2200 4160 ﬁcat
2235 4104 2459 4161 oratio?
2485 4103 2728 4160 Christus
2781 4105 2880 4160 Dei
2924 4107 3112 4170 uirtus,
3136 4115 3186 4161 et
3233 4106 3334 4161 Dei
3367 4107 3659 4178 sapientia,

2071 4197 2251 4267 inquit
2280 4196 2572 4266 Apostolus
2601 4196 2642 4251 '.
2675 4196 2943 4252 Altissimi
2974 4212 3105 4268 ergo
3167 4197 3263 4251 Dei
3302 4197 3498 4263 virtus,
3532 4213 3659 4268 qute

2069 4301 2151 4345 est
2180 4288 2434 4344 Christus
2466 4304 2563 4359 per
2592 4289 2886 4345 adventum
2914 4291 3087 4345 sancti
3124 4288 3362 4359 Spiritus
3390 4289 3660 4345 formatur

2071 4380 2125 4435 in
2176 4380 2514 4452 virginitate.
2572 4379 2858 4445 Quomodo
2907 4381 3054 4436 enim
3112 4382 3307 4436 umbra
3362 4396 3655 4450 corporqu

2071 4471 2449 4526 conformatur
2510 4475 2695 4541 figura
2747 4488 2935 4528 eorum
2995 4488 3116 4543 qute
3176 4472 3517 4543 pnecedunt,
3580 4472 3655 4526 ita

385 4567 504 4614 erat
538 4558 785 4615 honesta.
819 4557 911 4615 Eis
939 4575 1070 4615 vero
1097 4562 1166 4617 de
1196 4561 1284 4618 his
1310 4563 1762 4630 consultantibus,
1794 4580 1825 4619 a
1853 4565 1965 4620 Deo
1997 4552 2041 4607 υ
2072 4564 2236 4617 etiam
2283 4563 2566 4619 character
2594 4572 2650 4620 et
2678 4565 2854 4636 signa,
2884 4565 3086 4635 quibus
3123 4564 3244 4619 Filii
3299 4563 3394 4618 Dei
3446 4579 3655 4635 cogno~

387 4652 551 4706 datur
580 4652 898 4717 consilium,
931 4662 991 4708 ut
1019 4669 1140 4710 eam
1177 4655 1395 4723 quidem
1431 4656 1565 4710 dent
1596 4656 1714 4711 viro
1742 4656 1965 4711 nomine

385 4742 830 4812 deSponsationis
856 4760 872 4799 :
906 4746 953 4800 is
971 4754 1165 4818 autem
1197 4747 1319 4802 talis
1347 4754 1514 4812 esset,
1557 4748 1648 4818 qui
1679 4748 1747 4802 ad
1800 4747 1968 4818 virgi-

382 4834 576 4888 uitatis
617 4842 779 4903 aptus
822 4843 970 4890 esset
999 4834 1328 4891 custodiam.
1359 4835 1622 4892 Inventus
1655 4846 1741 4893 est
1784 4837 1967 4908 itaque

383 4924 611 4994 Joseph,
641 4924 856 4994 qualem
880 4927 1161 5013 quaerebat
1184 4926 1343 4990 ratio,
1376 4941 1442 4983 ex
1470 4928 1658 4983 eadem
1686 4927 1827 4983 tribu
1860 4944 1965 4998 qua

383 5025 501 5070 erat
519 5018 705 5088 virgo:
735 5026 790 5073 et
813 5033 881 5072 ex
910 5018 1142 5073 consilio
1166 5018 1509 5075 sacerdotum
1535 5020 1636 5074 sibi
1661 5020 1965 5089 despondet

390 5108 692 5179 Virginem.
720 5110 1050 5179 Conjunctio
1077 5119 1263 5166 autem
1319 5120 1666 5183 processerat
1698 5128 1869 5180 usque
1893 5112 1960 5166 ad

387 5201 892 5271 deSponsationem.
932 5202 1090 5260 Tunc
1114 5203 1313 5274 virgini
1361 5203 1666 5260 aGabriele
1716 5205 1963 5273 aperitur

386 5296 731 5367 mysterium.
758 5298 928 5355 Erant
954 5308 1137 5357 autem
1168 5299 1334 5356 verba
1358 5297 1597 5370 mysterii
1632 5297 1959 5352 benedictio.

492 5480 508 5511 ι
546 5475 561 5528 Ι
598 5476 729 5547 Reg.
760 5479 843 5543 1,1
882 5493 1036 5549 seqq.
1151 5481 1169 5510 ⁸
1199 5477 1339 5535 Gen.
1368 5496 1447 5542 nt,
1485 5478 1569 5533 l6.

457 5636 533 5703 (ι)
582 5636 691 5690 Τοῦ
734 5638 1188 5707 Μεταφραστοῦ.
1238 5640 1325 5702 Ὡς
1357 5642 1467 5709 γὰρ
1495 5641 1692 5712 ἤκουσε
1723 5641 1948 5705 τούτων,

386 5725 547 5788 εὐθὺς
593 5727 697 5783 ὑπὸ
738 5728 832 5782 τοῦ
876 5729 1213 5796 ἐνοικοῦντος
1260 5731 1400 5803 αὐτῇ
1450 5731 1765 5801 Πνεύματος
1812 5730 1960 5786 διαυ-

1684 5480 1702 5509 ³
1742 5478 1871 5533 Luc.
1905 5494 1940 5541 t,
1974 5480 2201 5535 Ξεοὸι.

2073 4656 2244 4710 scitur
2293 4655 2568 4719 divinitas,
2605 4657 2948 4726 apparebunt
2982 4657 3038 4711 in
3092 4656 3234 4726 ejus,
3286 4657 3375 4726 qui
3424 4655 3653 4724 paritur,

2073 4749 2292 4814 virtute,
2319 4757 2380 4803 ut
2412 4747 2506 4818 qui
2534 4750 2711 4820 imago
2737 4758 2796 4804 et
2819 4747 3158 4820 signaculum
3197 4757 3255 4803 et
3281 4747 3652 4807 adumbratio,

2069 4851 2127 4898 et
2187 4841 2445 4912 splendor
2507 4841 2667 4911 primi
2734 4841 3082 4911 exemplaris,
3144 4856 3244 4911 per
3302 4839 3656 4895 admirabiles

2075 4936 2396 4992 ostendatur
2445 4937 2817 5003 operationes.
2880 4934 2948 4988 Et
2991 4933 3107 4989 haec
3155 4933 3375 5003 quidem
3434 4932 3657 4986 divinus

2073 5026 2387 5098 Gregorius.
2420 5026 2539 5079 Alia
2593 5034 2777 5080 autem
2829 5034 2886 5080 et
2911 5039 3123 5079 sacrum
3176 5022 3554 5093 Evangelium,
3600 5028 3660 5075 et

2075 5120 2165 5175 alii
2199 5119 2297 5174 viri
2321 5118 2417 5189 pii,
2448 5133 2513 5172 ac
2544 5117 2636 5173 Dei
2662 5126 2933 5183 amantes,
2967 5133 3107 5187 quos
3137 5116 3566 5176 nominavimus,
3599 5123 3655 5168 et

2073 5225 2304 5281 quorum
2333 5210 2655 5266 nominatim
2696 5226 2802 5264 non
2846 5209 3221 5277 meminimus,
3269 5224 3397 5264 vere
3429 5210 3655 5263 docent.

2147 5300 2213 5355 V.
2253 5301 2330 5371 tl)
2359 5300 2483 5355 llaec
2525 5318 2655 5371 ergo
2686 5310 2972 5372 postquam
3007 5299 3169 5372 Virgo
3196 5301 3425 5365 audivit,
3468 5300 3654 5355 statim

2314 5482 2334 5512 ⁸
2365 5481 2493 5536 ibid.
2526 5480 2614 5535 35.

2728 5484 2746 5516 '
2780 5483 2800 5536 ι
2857 5479 2985 5537 Cor.
3019 5497 3057 5548 ι,
3108 5481 3201 5536 24.

2061 5642 2329 5711 γαεθεῖσςι
2357 5642 2447 5693 τὸν
2478 5638 2623 5702 νοῦν,
2652 5639 2906 5708 ἀσμένως
2936 5656 2995 5695 τε
3022 5640 3238 5714 διετέθη
3266 5640 3343 5713 τῷ
3371 5640 3653 5709 ἱπαγγέλ-

2072 5752 2203 5806 ματι
2227 5751 2241 5766 ·
2283 5733 2374 5786 καὶ
2432 5731 2590 5787 Ἰδοὺ
2630 5731 2667 5798 ή
2710 5732 2900 5801 δούλη
2931 5732 3175 5804 Κυρίου,
3219 5735 3353 5805 φησὶ
3391 5735 3525 5805 πρὸς
3560 5740 3657 5787 τὴν

454 5861 525 5923 (a)
562 5863 690 5926 Opp.
718 5866 946 5930 Gregorii
973 5869 1207 5931 Nysseni,
1241 5870 1534 5938 Patroloqiw
1559 5880 1676 5923 tom.
1704 5873 1962 5949 κωνιηςο

2075 5875 2149 5924 158
2175 5873 2235 5936 D,
2266 5873 2398 5923 inter
2423 5871 2587 5923 dubia.
2618 5871 2759 5925 Eon.

3976 373 3986 431 5

3972 492 3988 529 Ι

3968 572 3983 623 i

3969 678 3983 711 ι

3965 766 3985 806 ΙΙ

3968 862 3985 896 ἓ

3966 954 3987 991 ῘῖΞ

3966 1052 3985 1083 ᾖ

3966 1144 3987 1175 Ξι.
