3996 6500
389 404 496 472 533

1467 408 1753 470 ORATIO
1793 409 1890 471 DE
1932 408 2219 469 SANCTA
2262 405 2534 467 MARIA.

3545 405 3652 469 53$

386 524 574 569 mente
634 513 908 572 illustrat:
962 532 994 571 a
1048 516 1278 588 Spiritu,
1353 520 1444 590 qui
1500 521 1551 576 ei
1611 518 1971 578 inhabitabat,
2006 514 2232 578 Atione
2280 511 2605 568 admirabili.
2643 512 2879 584 Virginis
2909 513 3063 568 enim
3088 515 3380 570 adventum
3411 515 3652 571 admira-

384 606 623 662 libenter
665 610 882 679 accepit
929 610 1302 677 promissum:
1356 620 1413 667 et
1459 610 1590 666 Ecce
1635 610 1832 665 ancilla
1867 608 1972 664 Do-

388 697 542 758 mini.
568 696 645 752 ait
666 698 879 769 angelo,
909 697 1035 755 Fiat
1063 701 1187 757 mihi
1214 703 1502 756 secundum
1529 703 1739 755 verbum
1767 701 1972 765 luum‘;

382 787 551 843 simul
585 796 644 842 et
691 788 759 844 ad
793 790 970 861 angeli
1013 806 1202 847 vocem
1232 807 1296 847 ea
1340 802 1523 854 utens,
1574 808 1680 862 qua
1726 809 1822 862 par
1868 803 1975 856 est,

383 880 668 945 cautione,
701 891 758 935 et
810 891 1099 952 postquam
1159 883 1267 939 ﬁde
1312 884 1472 953 digna
1513 883 1625 938 visa
1679 892 1865 939 essent
1912 898 1975 938 ea

381 987 508 1041 quae
534 972 683 1027 dicta
725 975 964 1039 fuerant,
1002 976 1177 1031 uoluit
1216 976 1450 1047 amplius
1489 992 1611 1032 esse
1657 976 1975 1033 incredula:

384 1063 482 1118 sed
514 1063 610 1117 illo
640 1064 863 1133 quidem
909 1066 1085 1122 evasit
1116 1069 1307 1134 prima
1352 1067 1547 1123 matris
1575 1068 1977 1139 deceptionem,

386 1155 495 1210 hoc
526 1157 733 1225 [autem
781 1157 971 1213 vitavit
1024 1159 1301 1216 Zachariae
1351 1160 1809 1226 incredulitatem,
1858 1176 1981 1232 qua:

385 1248 552 1310 ultra,
586 1264 751 1318 quam
781 1251 1023 1313 deceret,
1057 1253 1344 1322 processit.

466 1335 559 1391 Vl.
612 1339 688 1407 (2)
739 1340 917 1409 Atque
965 1343 1191 1413 angelus
1243 1343 1460 1412 quidem
1516 1344 1585 1398 ab
1613 1359 1677 1399 ea
1730 1343 1975 1399 recessit.

383 1429 696 1486 Consecuta
725 1442 813 1486 est
857 1445 1037 1488 autem
1075 1433 1234 1502 paulo
1263 1442 1387 1503 post
1410 1442 1467 1489 et
1495 1432 1675 1489 Maria:
1705 1450 1828 1489 cum
1869 1444 1983 1490 stu-

389 1518 483 1574 dio
511 1520 578 1573 ad
608 1529 869 1575 montana
909 1522 1202 1584 adventus,
1250 1531 1302 1576 et
1349 1521 1470 1590 ejus
1507 1521 1562 1574 in
1613 1521 1834 1577 domum
1882 1520 1982 1574 Za-

388 1611 599 1665 chariae
647 1612 953 1683 ingressus.
1000 1613 1195 1684 Magno
1253 1612 1399 1668 enim
1465 1613 1648 1669 studio
1701 1613 1984 1668 contendit

390 1703 659 1774 gratulari
688 1704 1037 1769 Elisabethae,
1087 1714 1146 1760 ut
1199 1719 1321 1775 quae
1367 1704 1436 1759 ab
1478 1705 1673 1775 angelo
1705 1704 1984 1760 didicisset

393 1810 591 1849 novam
632 1795 755 1863 ejus
801 1796 1241 1866 conceptionem.
1276 1797 1503 1853 Accedit
1530 1811 1682 1868 ergo,
1718 1807 1774 1852 et
1825 1797 1984 1852 beni-

2080 616 2185 665 tur.
2224 608 2424 676 quippe
2458 606 2547 675 qui
2579 607 2697 676 ejus
2725 615 3014 674 superaret
3054 606 3446 672 conditionem,
3513 607 3656 664 Unde
3702 608 3712 645 τ

2079 698 2173 751 hoc
2201 697 2349 761 mihi,
2380 699 2568 752 dicens
2599 716 2611 751 ε
2645 698 2787 751 sicut
2819 697 2979 752 etiam
3032 698 3173 753 illius
3205 685 3347 754 illius
3375 700 3441 755 de
3473 698 3655 755 Domi-

2078 788 2135 842 ni
2165 789 2407 843 adventu
2443 789 2497 843 in
2542 798 2787 858 tempore
2835 788 3114 856 baptismi.
3167 788 3284 844 Jam
3337 806 3467 847 vero
3514 791 3658 846 hanc

2077 892 2297 947 quoque
2331 888 2560 930 matrem
2588 886 2645 932 et
2690 877 2966 932 dominam
3018 894 3173 934 suam
3223 880 3505 934 nominat:
3560 881 3675 937 sed.

2080 973 2246 1024 etiam
2293 969 2637 1026 benediclam
2684 970 2819 1025 dicit
2844 971 2898 1024 in
2935 971 3275 1038 mulieribus,
3306 984 3363 1027 et
3388 989 3536 1039 eum,
3565 974 3656 1044 qui

2080 1057 2134 1113 in
2167 1067 2325 1114 utero
2360 1059 2693 1130 gestabatur,
2724 1058 2963 1116 fructum
2984 1061 3193 1116 ventris
3236 1071 3396 1118 vocat
3425 1062 3661 1118 admira-

2080 1149 2285 1213 biliter,
2343 1148 2524 1220 utqui
2583 1165 2707 1205 cum
2765 1149 2871 1206 viri
2931 1151 3139 1207 semine
3190 1151 3325 1207 nihil
3378 1151 3661 1208 habuisset

2080 1256 2392 1296 commune.

2146 1331 2256 1388 νη.
2277 1333 2593 1404 (Zujusmodi
2612 1348 2744 1389 vero
2763 1342 2849 1390 est
2869 1334 2957 1389 illa
2980 1349 3198 1405 quoque
3217 1351 3405 1391 rursus
3420 1336 3676 1392 admira-

2084 1423 2209 1479 bilis
2231 1423 2409 1479 Mariae
2440 1425 2743 1496 praedictio,
2765 1424 2880 1481 fore
2897 1433 2958 1480 ut
2985 1425 3354 1482 celebraretur
3385 1426 3454 1482 ab
3483 1426 3665 1482 omni-

2084 1514 2187 1570 bus
2206 1516 2669 1586 generationibus.
2694 1516 2815 1572 Non
2835 1516 2983 1571 enim
3004 1515 3085 1588 (5)
3099 1517 3382 1573 sebeatam
3400 1517 3665 1588 praedicat

2085 1622 2221 1662 vana
2256 1617 2401 1664 mota
2428 1609 2763 1681 arrogantia,
2804 1624 2986 1680 neque
3015 1609 3200 1682 lingua
3229 1610 3514 1666 communi
3545 1609 3673 1665 hac

2087 1698 2349 1769 loquitur:
2387 1700 2482 1756 sed
2501 1701 2688 1757 divino
2725 1699 2937 1772 Spiritu
2976 1702 3244 1770 serviens,
3279 1711 3336 1758 et
3364 1702 3416 1758 id
3432 1702 3581 1774 quod
3605 1703 3666 1758 iit

2087 1790 2141 1845 in
2177 1802 2471 1859 aeternum,
2491 1792 2765 1849 divinans.
2796 1793 3107 1865 Magniﬁcat
3136 1803 3321 1850 autem
3352 1796 3522 1858 Deum
3552 1794 3666 1850 Ma-

396 1902 508 1958 gne
549 1887 768 1942 salutat.
808 1888 895 1943 Fit
941 1897 1125 1944 autem
1172 1889 1424 1944 salutatio
1470 1867 1645 1945 dulcis
1695 1889 1985 1944 exsultatio
2017 1867 2058 1923 Β
2089 1884 2189 1943 ria.
2217 1900 2276 1939 se
2295 1894 2344 1940 et
2369 1887 2601 1941 credere
2653 1886 2957 1943 ostendens
2984 1896 3213 1958 propter
3241 1903 3432 1943 vocem
3485 1887 3665 1944 Elisa-

394 1977 645 2045 lnl'antis,
678 1980 769 2050 qui
794 1991 912 2037 erat
947 1981 1000 2036 in
1034 1993 1188 2037 utero
1219 1982 1567 2038 Elisabelhaa.
1599 1982 1719 2038 Jam
1743 1982 1889 2038 enim
1915 1997 1980 2037 ex
2092 1974 2305 2030 bellule:
2343 1977 2506 2030 Beata
2553 1975 2724 2042 enim,
2757 1976 2957 2046 inquit,
2997 1993 3115 2048 qua:
3148 1977 3372 2032 credidit
3431 1978 3565 2049 fore,
3607 1986 3666 2030 ut

396 2081 592 2126 ventre
630 2072 842 2129 sciebat
870 2088 1062 2129 servus
1098 2074 1410 2142 Dominum,
1434 2075 1526 2145 qui
1556 2083 1673 2130 erat
1707 2073 1762 2128 in
1791 2083 1985 2129 utero:
2092 2085 2155 2123 ea
2182 2069 2547 2139 perﬁciantur,
2579 2071 2760 2141 (μιωεὶ
2784 2070 2924 2125 dicta
2949 2079 3073 2125 sunt
3095 2087 3129 2124 a
3154 2069 3378 2124 Domino
3406 2069 3480 2135 “;
3507 2077 3566 2124 et
3607 2083 3668 2124 so

396 2168 459 2214 et
483 2174 611 2214 cum
643 2161 908 2216 sensisset
957 2162 1077 2232 ejus
1100 2163 1155 2217 in
1200 2164 1465 2218 mundum
1515 2164 1832 2229 adventum,
1886 2163 1986 2218 mi-
2092 2160 2142 2214 ei
2164 2170 2271 2216 tam
2286 2174 2495 2231 magna:
2522 2161 2596 2215 rei
2625 2161 2909 2218 inservire.
2938 2160 3044 2217 Sed
3069 2161 3184 2216 haec
3207 2160 3425 2232 quidem
3462 2160 3541 2216 sic
3573 2159 3669 2214 ha-

397 2251 632 2306 randum
680 2252 738 2307 in
794 2252 1019 2309 modum
1063 2254 1364 2309 laetabatur.
1422 2254 1537 2310 lloc
1583 2254 1732 2310 enim
1791 2263 1979 2324 aperte
2083 2251 2238 2309 bent.
2265 2250 2321 2305 ln
2352 2250 2515 2309 domo
2539 2259 2719 2308 autem
2750 2251 3076 2308 Elisabetbaa
3100 2252 3176 2324 (4)
3201 2253 3349 2308 circa
3381 2261 3493 2308 tres
3515 2266 3671 2307 men-

395 2342 744 2408 signilicabat
795 2345 891 2402 illa
938 2346 1253 2407 exsultatio.
1303 2345 1425 2401 Non
1480 2354 1534 2402 te
1577 2357 1761 2401 autem
1813 2345 1980 2401 lateat
2086 2359 2176 2401 ses
2198 2344 2466 2401 habitavit
2491 2344 2678 2401 Maria.
2697 2346 2902 2403 Deinde
2924 2347 3024 2413 sic,
3060 2347 3256 2416 inquit,
3288 2362 3492 2401 reversa
3515 2354 3590 2401 est
3614 2347 3671 2400 in

398 2432 734 2493 Elisabetbre
790 2437 1100 2494 reverentia
1132 2446 1191 2493 et
1238 2436 1552 2504 submissio,
1602 2452 1727 2493 cum
1779 2437 1979 2507 praedi-

471 2623 494 2654 ⁸
519 2619 664 2679 Luc.
702 2639 747 2692 ι,
779 2622 874 2681 38.
991 2624 1035 2658 "
1070 2625 1203 2684 ibid.
1236 2627 1330 2683 45.
1441 2627 1461 2658 ⁷
1490 2626 1627 2684 ibid.
1659 2627 1749 2685 56.

402 2802 641 2873 ἄγγελον
659 2819 675 2837 ο
706 2803 957 2861 Γένοιτό
977 2822 1082 2875 μοι
1107 2805 1261 2861 κατὰ
1286 2806 1352 2860 τὸ
1363 2806 1532 2879 ῥῆμά
1556 2823 1674 2864 σου
1697 2825 1712 2842 ο
1743 2808 1861 2880 ἅμα
1887 2809 1989 2881 τήν

400 2912 465 2949 τε
487 2894 777 2967 ἀκρίϐειαν
794 2897 873 2962 είς
895 2899 1019 2952 ὅσον
1034 2898 1143 2953 ἔδει
1165 2900 1301 2971 πρὸς
1317 2900 1416 2972 τὴν
1436 2900 1532 2954 τοῦ
1551 2902 1785 2970 ἀγγέλου
1803 2904 1987 2971 φωνὴν

404 2988 713 3057 φυλάξασα,
737 2991 832 3045 καὶ
853 2991 929 3062 μὴ
956 2991 1118 3047 πλέον
1138 2993 1278 3063 μετά
1292 2993 1392 3065 τὴν
1410 2993 1751 3062 ἀξιοπιστίαν
1781 2994 1888 3049 τῶν
1906 2997 1987 3049 εί-

402 3082 664 3155 ρημένων
681 3084 910 3158 ἑλομένη
931 3084 1234 3141 διαπιστεῖν
1252 3103 1269 3119 ο
1296 3087 1434 3142 ἀλλὰ
1461 3088 1541 3160 τῷ
1565 3088 1686 3158 μὲν,
1716 3090 1816 3159 τῆς
1850 3106 1988 3161 προ-

406 3175 647 3244 μήτορος
679 3175 779 3248 τὴν
798 3176 1013 3247 ἀπάτην
1028 3177 1369 3247 διαφυγοῦσα
1388 3194 1402 3210 ⁸
1430 3179 1509 3250 τῷ
1527 3181 1583 3234 δὲ
1611 3180 1672 3236 τὸ
1698 3179 1985 3246 δυσπειθὲς

404 3267 708 3323 έκκλίνασα
757 3273 1031 3342 Ζαχαρίου
1075 3272 1172 3327 καὶ
1213 3274 1357 3342 πέρα
1394 3274 1489 3328 τοῦ
1524 3274 1703 3338 καλῶς
1748 3274 1985 3345 ἔχοντος.
2015 3255 2058 3314 C

480 3360 561 3431 (2)
595 3362 671 3415 Ού
707 3362 902 3433 φθάνει
933 3364 1065 3434 γοῦν
1097 3364 1467 3437 ἀσπασαμένη
1500 3366 1601 3438 τὴν
1647 3365 1927 3422 Ἐλισάϐετ
1956 3369 1990 3439 ἡ

408 3455 796 3526 πολυύμνητος
834 3458 1125 3513 Δέσποινα’
1156 3461 1249 3513 καὶ
1290 3461 1320 3513 ὁ
1350 3461 1668 3533 ἀσπασμὸς,
1713 3461 1995 3532 σκίρτημα

407 3545 505 3600 τοῦ
546 3546 834 3619 ὲν“γαστρὶ
866 3550 1039 3619 αὐτῆς
1074 3550 1310 3622 βρέφους
1344 3552 1443 3613 ἡδὺ
1471 3553 1704 3622 γίνεται.
1746 3554 1856 3607 Καὶ
1886 3555 1995 3623 γὰρ

407 3641 519 3694 ἀπὸ
541 3642 777 3712 γαστρὸς
797 3641 1101 3712 ἐμάνθανεν
1123 3642 1225 3714 ἥδη
1249 3645 1338 3698 τὸν
1363 3645 1423 3697 έν
1443 3645 1648 3713 γαστρὶ
1668 3645 1948 3717 Δεσπότην
1968 3648 1996 3700 δ

406 3730 621 3798 δοῦλος,
652 3733 746 3786 καὶ
778 3733 876 3805 τὴν
906 3736 987 3798 είς
1015 3735 1106 3789 τὸν
1130 3734 1339 3804 κόσμον
1369 3735 1535 3791 αὐτοῦ
1554 3738 1788 3806 πάροδον
1818 3740 1993 3812 ᾐσθη-

412 3823 598 3893 μένος,
629 3826 924 3895 ὑπερφυῶς
952 3827 1129 3898 ἥδετο.
1163 3827 1334 3881 Τοῦτο
1362 3828 1469 3900 γὰρ
1500 3829 1563 3882 τὸ
1591 3830 1651 3883 ὲν
1676 3830 1997 3899 ἀγαλλιάσει

410 3914 693 3986 σκίρτημα
723 3917 975 3988 φανερῶς
1014 3917 1228 3985 ἐδήλου.
1271 3918 1365 3988 Μὴ
1403 3918 1556 3972 λάθοι
1586 3919 1645 3976 δέ
1670 3937 1728 3973 σε
1759 3921 1895 3992 μηδὲ
1938 3922 1999 3976 τὸ

408 4004 535 4058 λίαν
570 4005 792 4075 μέτριόν
819 4022 879 4059 τε
926 4006 1022 4060 καὶ
1065 4005 1485 4077 ύποχωρητικὸν
1531 4006 1816 4062 Ἐλισάδετ
1858 4010 1998 4080 μετὰ

410 4097 511 4150 καὶ
539 4095 862 4168 θαυμαστῆς
885 4099 983 4169 τῆς
1005 4100 1364 4171 προρρήσεως
1382 4111 1397 4128 ⁸
1423 4098 1602 4170 ῄδεῖτο
1628 4099 1737 4171 γὰρ
1771 4101 1870 4172 τὴν
1899 4105 2000 4173 τῆς

412 4187 700 4259 Παρθένου
729 4187 1074 4253 ἐπιστασίαν,
1105 4188 1180 4251 ὡς
1219 4188 1361 4257 ὑπὲρ
1396 4188 1554 4255 ἀξίαν
1588 4188 1756 4243 οὖσαν
1790 4191 1996 4262 αὐτῆς·

412 4283 512 4337 καὶ
533 4281 622 4335 διὰ
649 4279 825 4334 ταῦτα
849 4280 1209 4352 διαποροῦσα,
1233 4282 1425 4335 Πόθεν
1446 4298 1551 4351 μοι
1582 4283 1780 4347 τοῦτο,
1814 4284 1997 4354 λέγεις

413 4374 665 4447 καθάπερ
706 4375 801 4430 καὶ
838 4375 868 4429 ὀ
914 4377 1044 4439 παῖς
1089 4372 1307 4446 ἐκείνης
1347 4376 1485 4448 πρὸς
1521 4375 1620 4446 τὴν
1663 4377 2000 4449 Δεσποτικὴν

411 4468 595 4524 ἐποίει
632 4467 1010 4541 προσέλευσιν,
1046 4467 1159 4523 Καὶ
1194 4468 1276 4521 σὺ
1310 4467 1459 4538 ἔρχῃ
1484 4470 1641 4538 πρός
1666 4489 1764 4540 με,
1801 4470 1995 4542 λέγων,

413 4563 563 4617 κατά
587 4563 683 4617 τὸν
709 4562 905 4633 καιρὸν
933 4559 1031 4616 τοῦ
1064 4562 1467 4633 βαπτίσματος.
1503 4564 1642 4636 Ὅρα
1674 4564 1732 4617 δὲ
1759 4566 1875 4628 πῶς
1904 4568 2001 4620 καὶ

414 4652 807 4727 προαγορεύει,
854 4655 949 4709 καὶ
998 4654 1212 4726 μητέρα
1255 4655 1463 4726 ταύτην
1511 4656 1615 4728 ἤδη
1665 4656 1760 4711 κει)⁵
1802 4659 1999 4729 κυρίαν

412 4749 619 4818 ἑαυτῆς
647 4745 905 4818 ὀνομάζει
927 4763 944 4781 ο
981 4746 1119 4800 ἀλλά
1155 4749 1249 4803 καὶ
1279 4747 1660 4821 εύλογημένην
1693 4751 1751 4803 ὲν
1784 4751 1999 4819 γυναιξὶ

411 4841 601 4910 λέγει·
625 4842 721 4895 καὶ
745 4841 838 4895 τὸν
860 4839 1299 4911 κυοφορούμενον
1316 4843 1374 4894 ὲν
1394 4842 1534 4912 αὐτῇ
1561 4843 1772 4913 καρπὸν
1793 4843 2002 4909 κοιλίας

418 4932 745 5001 παραδόξως
796 4931 1081 4988 ἀποκαλεῖ.
1141 4933 1207 4986 Τί
1261 4932 1419 4988 τοῦτο
1478 4933 1857 5005 σημαίνουσα;
1918 4938 2001 4993 ὅτι

417 5022 743 5093 σπέρματος
788 5022 981 5094 ἀνδρὸς
1031 5021 1283 5094 οὐδαμῶς
1329 5023 1626 5082 ἐκοινώνει.

490 5136 571 5207 (3}
607 5135 718 5191 Τοῦ
742 5136 1200 5206 Μεταφραστοῦ.
1236 5137 1312 5191 Οὐ
1346 5137 1648 5210 μακαρίζει
1676 5138 1733 5194 δὲ
1764 5139 1964 5211 ἑαυτὴν
1982 5180 2001 5207 ,

413 5228 578 5300 τύφῳ
601 5228 744 5299 κενῷ
766 5230 1076 5301 κινηθεῖσα,
1108 5231 1233 5285 οὐδὲ
1259 5231 1486 5305 γλώσσῃ
1514 5235 1668 5303 κοινῇ
1700 5232 2002 5303 φθέγγεται

414 5318 617 5386 ταῦτα,
632 5320 770 5376 ἀλλά
792 5320 921 5393 θείῳ
934 5320 1639 5392 Πνεύματιλειτουργοῦσα,
1655 5324 1787 5378 αὐτὸ
1812 5326 1871 5378 τὸ
1892 5326 2005 5379 είσ-

417 5414 512 5467 αεὶ
560 5413 884 5484 τελούμενον
932 5415 1315 5485 προθεσπίζει,
1346 5417 1443 5468 καὶ
1472 5417 1534 5470 οὐ
1566 5417 1633 5471 τά
1664 5418 1772 5471 ῖδια
1814 5414 1998 5490 μόνον,

415 5503 558 5559 ἀλλά
594 5504 688 5558 κα)⁵
714 5506 786 5560 τά
816 5507 995 5561 κοινά.
1026 5506 1138 5559 Ποῦ
1183 5508 1292 5577 γὰρ
1318 5507 1380 5561 τὸ
1406 5507 1836 5572 ἀλαζονεύεσθαι
1867 5509 2001 5582 παρ’

416 5598 588 5666 αὐτῇ,
635 5597 757 5667 ἥτις
786 5598 882 5651 καὶ
909 5597 1103 5672 δούλην
1126 5599 1329 5671 ἑαυτὴν
1358 5600 1537 5665 καλεῖ,
1566 5604 1663 5654 καὶ
1687 5600 1788 5672 τὴν
1812 5603 2004 5657 ταπεί-

421 5704 588 5741 νωσιν
615 5689 892 5759 ὁμολογεῖ.
927 5691 1021 5744 καὶ
1050 5691 1248 5762 ἀπορεῖ
1277 5691 1377 5764 τὴν
1410 5692 1497 5746 ἐπ’
1529 5693 1666 5762 αὐτῇ
1698 5693 1850 5748 θείαν
1881 5694 2003 5751 επί-

420 5779 483 5831 6)
501 5779 646 5849 ιψιν;
669 5779 950 5854 Πνεύματι
966 5782 1149 5837 τοίνυν
1168 5783 1298 5856 θείῳ
1316 5786 1633 5857 κινουμένη,
1652 5785 1712 5839 οὐ
1732 5786 1866 5840 κενά
1881 5803 2002 5841 τινα

423 5871 520 5927 καὶ
563 5871 918 5945 ὖπέρκομπα,
956 5874 1073 5929 ἀλλ’
1113 5875 1252 5932 αὐτά
1294 5875 1468 5955 ταῦτα
1506 5876 1905 5950 προσαγορεύει
1935 5878 2003 5932 τὰ

2084 2439 2295 2493 domum
2313 2454 2488 2493 suam.
2516 2437 2608 2495 Sic
2629 2439 2776 2496 enim
2803 2453 2892 2496 me
2906 2440 3063 2497 docet
3084 2439 3440 2511 Evangelium
3466 2442 3508 2494 '.
3529 2437 3685 2507 Quid

2091 2807 2352 2879 ἐσόμενα.
2402 2806 2721 2878 Μεγαλύνει
2754 2807 2812 2863 δὲ
2855 2808 2948 2862 τὶν
2988 2807 3122 2862 Θεδν
3164 2808 3201 2879 ἡ
3243 2807 3447 2878 Μαρία,
3490 2807 3576 2863 δτι
3612 2825 3677 2863 τε

2091 2900 2341 2954 πιστεύει
2386 2900 2645 2956 δεικνῦσα
2688 2900 2777 2955 διά
2817 2898 2917 2973 τὴν
2953 2900 3056 2971 τῆς
3116 2900 3404 2955 Ἐλισάδετ
3450 2902 3671 2974 φωνήνο

2091 2993 2362 3062 Μακαρία
2395 2992 2524 3066 γὰρ,
2556 2993 2713 3064 φησι,
2746 2993 2785 3062 ἠ
2815 2993 3201 3049 πιστεύσασα
3240 2993 3368 3059 τοῖς
3411 2996 3676 3062 deam/tn-

2092 3085 2296 3156 μένοις
2322 3086 2481 3157 αὐτῇ
2511 3086 2672 3155 παρὰ
2704 3086 2956 3156 Κυρίου*
2984 3087 3079 3141 καὶ
3100 3084 3176 3149 ὡς
3205 3086 3426 3157 μεγάλῳ
3450 3084 3679 3158 τοιούτῳ

2094 3181 2359 3252 ὑπηρετεί
2378 3183 2668 3253 πράγματι
2689 3198 2706 3215 ο
2733 3180 2870 3237 ἀλλά
2898 3180 3007 3238 Kal
3032 3180 3370 3252 ὴγαλλίασε
3398 3181 3468 3235 τὸ
3497 3180 3681 3236 πνεῦ-

2087 3271 2175 3346 μά
2195 3291 2315 3344 μου
2347 3275 2446 3330 ἐπὶ
2480 3275 2561 3342 τῷ
2600 3274 2745 3341 Θεῷ.

2166 3366 2243 3440 (4)
2293 3369 2405 3423 Τοῦ
2439 3366 2901 3436 Μεταφραστοῦ.
2944 3361 3074 3438 Εῖχε
3117 3365 3218 3438 μὲν
3261 3367 3294 3438 ή
3328 3366 3428 3434 τῆς
3470 3364 3681 3420 Ἐλισά-

2097 3462 2193 3516 ὃετ
2213 3463 2363 3518 οἰκία
2402 3463 2502 3533 τὴν
2551 3461 2834 3531 Παρθένον
2875 3460 3089 3515 ἔνοικον
3117 3459 3251 3530 περὶ
3282 3459 3460 3530 μῆνας
3491 3459 3641 3528 τρεῖς
3661 3474 3675 3488 ⁸

2098 3552 2350 3608 ἐϐούλετο
2372 3551 2429 3606 δὲ
2463 3553 2599 3623 αὐτῇ
2637 3554 2670 3622 ή
2706 3551 3024 3623 παραμονὴ,
3073 3551 3238 3621 τυχὸν
3298 3548 3401 3621 μὲν
3434 3549 3530 3603 καὶ
3578 3548 3677 3602 τοῦ

2100 3646 2407 3718 παραδόξου
2434 3643 2771 3715 κατανοῆσαι
2810 3643 2912 3712 τὴν
2960 3642 3189 3698 ἔκϐασιν
3208 3659 3220 3672 ·
3255 3642 3515 3713 ἠπορεῖτο
3543 3637 3675 3711 γὰρ.

2097 3739 2173 3802 ὡς
2203 3737 2372 3802 εἰκὸς,
2401 3738 2512 3800 τοῖς
2538 3735 2662 3789 καθ’
2695 3735 2895 3806 ἑαυτήν
2914 3748 2929 3764 ⁸
2976 3734 3070 3787 καὶ
3119 3727 3522 3802 ἔκπληξιςκεῖχε
3545 3731 3678 3785 ταύ-

2098 3850 2197 3903 την
2221 3831 2343 3901 οὐχὶ
2372 3828 2570 3900 μετρία
2594 3844 2607 3858 ·
2637 3826 2806 3898 τυχὸν
2846 3825 2903 3879 δὲ
2945 3826 3037 3881 καὶ
3070 3824 3401 3896 συνησθῆναι
3428 3826 3493 3895 τῇ
3534 3822 3678 3877 Ἐλι-

2101 3925 2268 3979 σάὸετ
2296 3922 2366 3976 τὰ
2392 3921 2618 3976 τοιαῦτα
2657 3918 2920 3990 μεγαλεῖα
2957 3917 3053 3973 καὶ
3086 3916 3416 3987 εὐαγγέλιαο
3461 3916 3584 3970 ὅτου
3622 3915 3691 3969 δὲ·

2101 4020 2261 4091 χάριν
2289 4018 2385 4071 ἐπὶ
2413 4017 2565 4087 τρεῖς
2595 4013 2774 4086 μῆνας
2804 4014 2900 4067 καὶ
2952 4011 3028 4083 μὴ
3061 4011 3226 4065 πλέον
3258 4012 3292 4082 ὴ
3341 4009 3677 4079 συνοικία,.ἢ

2102 4114 2320 4174 πάντως
2349 4108 2424 4173 ὡς
2453 4108 2658 4163 τίκτειν
2708 4103 3011 4175 μελλούσης
3036 4104 3157 4157 τότε
3203 4104 3301 4174 τῆς
3359 4100 3679 4166 Ἕλισάδετς

2101 4206 2165 4260 Εἰ
2197 4204 2306 4275 γὰρ
2338 4203 2467 4273 περὶ
2493 4201 2586 4257 τὸν
2611 4200 2770 4255 ἕκτον
2794 4200 2939 4271 μῆνα
2960 4195 3054 4252 τοῦ
3082 4195 3287 4266 ταύτην
3308 4194 3375 4266 δὴ
3398 4192 3681 4249 συλλαϐεῖν

2099 4304 2134 4372 ἡ
2156 4299 2252 4354 τοῦ
2276 4298 2512 4367 ἀγγέλου
2547 4297 2741 4365 γέγονε
2778 4292 2915 4365 πρὸς
2948 4293 3049 4363 τὴν
3083 4290 3362 4364 Παρθένον
3386 4287 3679 4359 ἀποστολὴ,

2100 4395 2239 4466 αὑτὴ
2267 4395 2327 4448 δὲ
2355 4390 2627 4463 γενομένη
2656 4388 2794 4459 πρὸς
2834 4385 3118 4442 Ἐλισάδετ
3154 4384 3334 4455 μῆνας
3364 4383 3515 4450 τρεῖς
3546 4382 3678 4453 παρ)

2103 4488 2240 4558 αὐτῇ
2267 4484 2520 4557 διαμένῃ,
2542 4480 2769 4552 εὔδηλον
2786 4478 2978 4535 ὅτιτοῦ
2998 4478 3191 4550 χρόνου
3217 4476 3313 4548 τῆς
3340 4473 3678 4544 συλλήψεως,
3732 4482 3744 4487 “

2102 4581 2162 4635 ὃν
2191 4583 2219 4634 ὁ
2241 4578 2430 4635 ἔνατος
2453 4559 2786 4646 περιγράφει
2823 4571 2952 4642 μὴν,
2981 4570 3153 4640 πέρας
3198 4567 3437 4638 ἔχοντος,
3480 4567 3561 4629 εἰς
3590 4564 3684 4618 τὸν

2103 4675 2274 4743 αὐτῆς
2300 4669 2448 4726 οἷκον
2469 4669 2748 4724 ἐπάνεισιν
2770 4666 2806 4738 ὴ
2834 4664 3143 4735 Παρθένος’
3165 4663 3258 4715 καὶ
3286 4660 3474 4714 τούτου
3500 4658 3682 4729 τυχδν⁹

2104 4768 2195 4823 διά
2221 4766 2284 4820 τὸ
2313 4763 2508 4836 μέλλον
2533 4760 2781 4829 ἀπαντᾷν
2823 4756 3028 4825 πλῆθος
3062 4758 3140 4818 είς
3169 4754 3258 4807 τὸν
3287 4750 3563 4822 Ζαχαρίου
3599 4744 3683 4804 οῖ-

2105 4876 2222 4925 κον,
2243 4860 2404 4912 τόκου
2440 4855 2541 4925 μὲν
2564 4850 2721 4924 ὥραν
2742 4849 2842 4920 τῆς
2883 4847 3166 4901 Ἑλισάθετ
3198 4844 3430 4916 ἐχούσης
3449 4858 3463 4874 ·
3493 4842 3594 4913 τῆς
3625 4841 3694 4896 δὲ,

2109 4948 2448 5020 παρθενικῆς
2472 4944 2645 5000 ταῦτα
2664 4941 2847 5005 αίδοῦς
2880 4939 2982 4995 οὐκ
3005 4939 3339 5009 άνεχομένης
3359 4953 3373 4969 ·
3399 4935 3590 5005 ἔθιμον
3618 4934 3681 5006 δὴ

2105 5041 2165 5098 δν
2190 5040 2498 5111 ὑποχωρεῖν
2530 5036 2627 5099 τὰς
2659 5032 2993 5103 παρθένους,
3022 5031 3244 5085 ἐπειδὰν
3279 5027 3449 5100 μέλλῃ
3477 5026 3684 5079 τίκτειν

2104 5137 2166 5188 ἐν
2199 5132 2398 5203 γαστρὶ
2419 5131 2619 5199 ἔχουσα
2638 5144 2653 5159 ·
2686 5125 2767 5180 δεῖ
2808 5124 2918 5195 γὰρ
2967 5122 3063 5177 καὶ
3092 5119 3251 5176 τοῦτο
3284 5120 3510 5174 σκοπεῖν
3538 5132 3551 5147 ’
3582 5117 3683 5189 ἥδη

2106 5227 2318 5296 καὶτῆς
2347 5221 2632 5278 Ἔλισάὸετ
2652 5219 2816 5274 τόκου
2838 5216 2990 5287 ὥραν
3012 5215 3267 5286 ἐχούσης,
3294 5215 3329 5281 ή
3351 5212 3540 5281 Μαρία
3564 5209 3686 5265 καί·

2104 5338 2188 5377 τοι
2215 5317 2458 5390 ἀτεχνῶς
2485 5310 2621 5370 οὖσα
2644 5313 2861 5381 ἔγκυος,
2884 5310 3001 5366 ἀλλ’
3028 5306 3146 5375 οὖν,
3178 5308 3255 5372 ὡς
3291 5305 3557 5379 παρθένος
3593 5303 3681 5366 ἐξ-

2106 5414 2339 5469 ίσταται.
2380 5408 2534 5463 Ἐπεὶ
2557 5406 2615 5460 δὲ
2660 5407 2755 5461 καὶ
2780 5407 2858 5467 είς
2886 5402 2977 5457 τὸν
3011 5398 3163 5485 οἷκον
3195 5400 3288 5453 τδν
3339 5398 3536 5466 ἑαυτῆς
3586 5396 3686 5447 έπ-

2104 5505 2357 5576 ανῆλθεν,
2379 5500 2613 5571 ἀλλαχοῦ
2632 5498 2751 5569 μὲν,
2776 5496 3015 5567 οὐδαμοῦ
3030 5512 3044 5528 ⁸
3073 5496 3188 5548 ἐκεῖ
3207 5495 3266 5548 δὲ
3287 5491 3347 5546 τὸ
3371 5491 3508 5562 μετά
3524 5488 3685 5543 τοῦτο

2103 5598 2366 5666 διάγουσα
2395 5589 2486 5665 ἦν,
2511 5592 2616 5657 ἕως
2659 5589 2902 5659 ἐγγίζειν
2950 5587 3049 5656 ἤδη
3099 5586 3193 5639 τὸν
3235 5584 3332 5653 τῆς
3380 5582 3678 5651 κυοφορίας

2106 5686 2299 5759 καιρὸν
2341 5686 2606 5756 ἔγνωκεν.
2648 5682 2809 5736 Ἀλλά
2838 5680 2915 5751 τῷ
2953 5676 3213 5748 Ἰωσὴφὴ
3256 5676 3354 5745 τῆς
3396 5671 3681 5745 Παρθένου

2105 5778 2320 5849 γαστὴρ
2354 5779 2433 5841 είς
2463 5776 2626 5844 δγκον
2655 5774 2885 5844 ἀρθεῖσα
2912 5771 2931 5842 (
2957 5770 3142 5840 ἠγνόει
3182 5766 3291 5840 γὰρ
3319 5769 3402 5823 δτι
3430 5764 3685 5833 Πνεύμαε-

2104 5889 2195 5936 τος
2244 5867 2311 5942 ἧν
2360 5868 2541 5940 ἀγίου)
2588 5867 2883 5938 λογισμοὺς
2945 5862 3137 5934 ἐνῆκεν
3202 5860 3302 5916 οὐκ
3356 5857 3671 5930 εὐπρεπεῖς.
