  <div class='ocr_page' id='page_1' title='image "/cluster/home/n/w/nwhite01/storage/ocr_20150623/115:no.2/coo.31924054870195/275.png"; bbox 0 0 3996 6450; ppageno 0'>
   <div class='ocr_carea' id='block_1_1' title="bbox 291 329 3588 417">
    <p class='ocr_par' dir='ltr' id='par_1_1' title="bbox 291 329 3588 417">
     <span class='ocr_line' id='line_1_1' title="bbox 291 329 3588 417; baseline 0.005 -12"><span class='ocrx_word' id='word_1_1' title='bbox 291 329 419 406; x_wconf 51' lang='lat' dir='ltr'><strong>ius</strong></span> <span class='ocrx_word' id='word_1_2' title='bbox 1581 346 1867 411; x_wconf 78' lang='lat' dir='ltr'>MENSIS</span> <span class='ocrx_word' id='word_1_3' title='bbox 1907 350 2342 417; x_wconf 83' lang='lat' dir='ltr'>AUGUSTUS.</span> <span class='ocrx_word' id='word_1_4' title='bbox 3479 344 3588 412; x_wconf 66' lang='grc' dir='ltr'>ωδ</span> 
     </span>
    </p>
   </div>
   <div class='ocr_carea' id='block_1_2' title="bbox 312 458 3587 540">
    <p class='ocr_par' dir='ltr' id='par_1_2' title="bbox 312 458 3587 540">
     <span class='ocr_line' id='line_1_2' title="bbox 312 458 3587 540; baseline 0.002 -28"><span class='ocrx_word' id='word_1_5' title='bbox 312 469 495 513; x_wconf 78' lang='lat' dir='ltr'><strong>autem</strong></span> <span class='ocrx_word' id='word_1_6' title='bbox 532 460 636 514; x_wconf 84' lang='lat' dir='ltr'><strong>sibi</strong></span> <span class='ocrx_word' id='word_1_7' title='bbox 675 460 845 514; x_wconf 87' lang='lat' dir='ltr'><strong>voluit</strong></span> <span class='ocrx_word' id='word_1_8' title='bbox 875 458 1054 514; x_wconf 64' lang='lat' dir='ltr'><strong>Maria:</strong></span> <span class='ocrx_word' id='word_1_9' title='bbox 1089 461 1204 514; x_wconf 69' lang='lat' dir='ltr'><strong>haec</strong></span> <span class='ocrx_word' id='word_1_10' title='bbox 1234 461 1470 514; x_wconf 78' lang='lat' dir='ltr'><strong>mansio?</strong></span> <span class='ocrx_word' id='word_1_11' title='bbox 1498 461 1755 517; x_wconf 78' lang='lat' dir='ltr'>Fortasse</span> <span class='ocrx_word' id='word_1_12' title='bbox 1782 463 1897 531; x_wconf 85' lang='lat' dir='ltr'><strong>qui-</strong></span> <span class='ocrx_word' id='word_1_13' title='bbox 1928 475 1972 524; x_wconf 71' lang='grc' dir='ltr'><strong>Α</strong></span> <span class='ocrx_word' id='word_1_14' title='bbox 2005 466 2133 517; x_wconf 79' lang='lat' dir='ltr'><strong>tium</strong></span> <span class='ocrx_word' id='word_1_15' title='bbox 2166 465 2329 520; x_wconf 62' lang='lat' dir='ltr'><strong>David</strong></span> <span class='ocrx_word' id='word_1_16' title='bbox 2361 468 2510 521; x_wconf 86' lang='lat' dir='ltr'><strong>illum</strong></span> <span class='ocrx_word' id='word_1_17' title='bbox 2540 483 2759 530; x_wconf 86' lang='lat' dir='ltr'><strong>vocans.</strong></span> <span class='ocrx_word' id='word_1_18' title='bbox 2790 470 3053 540; x_wconf 78' lang='lat' dir='ltr'><strong>quidnam</strong></span> <span class='ocrx_word' id='word_1_19' title='bbox 3080 466 3199 523; x_wconf 89' lang='lat' dir='ltr'><strong>vult</strong></span> <span class='ocrx_word' id='word_1_20' title='bbox 3216 465 3385 529; x_wconf 86' lang='lat' dir='ltr'>aliud,</span> <span class='ocrx_word' id='word_1_21' title='bbox 3417 482 3587 536; x_wconf 82' lang='lat' dir='ltr'><strong>quam</strong></span> 
     </span>
    </p>
   </div>
   <div class='ocr_carea' id='block_1_3' title="bbox 308 553 3594 624">
    <p class='ocr_par' dir='ltr' id='par_1_3' title="bbox 308 553 3594 624">
     <span class='ocr_line' id='line_1_3' title="bbox 308 553 3594 624; baseline 0.001 -16"><span class='ocrx_word' id='word_1_22' title='bbox 308 554 457 617; x_wconf 86' lang='lat' dir='ltr'><strong>dem,</strong></span> <span class='ocrx_word' id='word_1_23' title='bbox 487 562 548 607; x_wconf 89' lang='lat' dir='ltr'>ut</span> <span class='ocrx_word' id='word_1_24' title='bbox 573 554 692 623; x_wconf 85' lang='lat' dir='ltr'><strong>eius</strong></span> <span class='ocrx_word' id='word_1_25' title='bbox 723 556 801 609; x_wconf 85' lang='lat' dir='ltr'>rei</span> <span class='ocrx_word' id='word_1_26' title='bbox 830 553 1169 609; x_wconf 83' lang='lat' dir='ltr'>admirabilis</span> <span class='ocrx_word' id='word_1_27' title='bbox 1203 553 1413 609; x_wconf 76' lang='lat' dir='ltr'><strong>videret</strong></span> <span class='ocrx_word' id='word_1_28' title='bbox 1434 555 1662 618; x_wconf 79' lang='lat' dir='ltr'><strong>exitum,</strong></span> <span class='ocrx_word' id='word_1_29' title='bbox 1694 555 1763 610; x_wconf 88' lang='lat' dir='ltr'>de</span> <span class='ocrx_word' id='word_1_30' title='bbox 1785 570 1891 624; x_wconf 88' lang='lat' dir='ltr'>qua</span> <span class='ocrx_word' id='word_1_31' title='bbox 1998 558 2047 609; x_wconf 77' lang='lat' dir='ltr'>ei</span> <span class='ocrx_word' id='word_1_32' title='bbox 2095 574 2353 612; x_wconf 77' lang='lat' dir='ltr'><strong>revocare</strong></span> <span class='ocrx_word' id='word_1_33' title='bbox 2385 564 2436 612; x_wconf 88' lang='lat' dir='ltr'><strong>in</strong></span> <span class='ocrx_word' id='word_1_34' title='bbox 2500 561 2846 623; x_wconf 87' lang='lat' dir='ltr'><strong>memoriam,</strong></span> <span class='ocrx_word' id='word_1_35' title='bbox 2900 560 3174 616; x_wconf 86' lang='lat' dir='ltr'><strong>undenam</strong></span> <span class='ocrx_word' id='word_1_36' title='bbox 3210 559 3281 614; x_wconf 85' lang='lat' dir='ltr'>sit</span> <span class='ocrx_word' id='word_1_37' title='bbox 3337 556 3594 612; x_wconf 76' lang='lat' dir='ltr'><strong>Christus</strong></span> 
     </span>
    </p>
   </div>
   <div class='ocr_carea' id='block_1_4' title="bbox 307 645 3594 717">
    <p class='ocr_par' dir='ltr' id='par_1_4' title="bbox 307 645 3594 717">
     <span class='ocr_line' id='line_1_4' title="bbox 307 645 3594 717; baseline 0.001 -19"><span class='ocrx_word' id='word_1_38' title='bbox 307 660 419 700; x_wconf 89' lang='lat' dir='ltr'>non</span> <span class='ocrx_word' id='word_1_39' title='bbox 444 645 706 700; x_wconf 80' lang='lat' dir='ltr'><strong>mediocri</strong></span> <span class='ocrx_word' id='word_1_40' title='bbox 738 645 1029 701; x_wconf 85' lang='lat' dir='ltr'><strong>tenebatur</strong></span> <span class='ocrx_word' id='word_1_41' title='bbox 1055 645 1443 702; x_wconf 83' lang='lat' dir='ltr'><strong>admiratione.</strong></span> <span class='ocrx_word' id='word_1_42' title='bbox 1476 647 1574 702; x_wconf 85' lang='lat' dir='ltr'>Est</span> <span class='ocrx_word' id='word_1_43' title='bbox 1599 657 1782 702; x_wconf 84' lang='lat' dir='ltr'><strong>autem</strong></span> <span class='ocrx_word' id='word_1_44' title='bbox 1836 648 1891 701; x_wconf 87' lang='lat' dir='ltr'>in</span> <span class='ocrx_word' id='word_1_45' title='bbox 2004 651 2391 717; x_wconf 80' lang='lat' dir='ltr'><strong>processurus?</strong></span> <span class='ocrx_word' id='word_1_46' title='bbox 2424 651 2661 705; x_wconf 89' lang='lat' dir='ltr'><strong>Dicendo</strong></span> <span class='ocrx_word' id='word_1_47' title='bbox 2714 662 2926 715; x_wconf 86' lang='lat' dir='ltr'><strong>autem,</strong></span> <span class='ocrx_word' id='word_1_48' title='bbox 2954 651 3034 706; x_wconf 78' lang='lat' dir='ltr'><strong>Ne</strong></span> <span class='ocrx_word' id='word_1_49' title='bbox 3088 651 3297 712; x_wconf 75' lang='lat' dir='ltr'><strong>timeas.</strong></span> <span class='ocrx_word' id='word_1_50' title='bbox 3349 650 3594 704; x_wconf 87' lang='lat' dir='ltr'><strong>ostendit</strong></span> 
     </span>
    </p>
   </div>
   <div class='ocr_carea' id='block_1_5' title="bbox 310 738 3589 809">
    <p class='ocr_par' dir='ltr' id='par_1_5' title="bbox 310 738 3589 809">
     <span class='ocr_line' id='line_1_5' title="bbox 310 738 3589 809; baseline 0.001 -18"><span class='ocrx_word' id='word_1_51' title='bbox 310 738 819 808; x_wconf 77' lang='lat' dir='ltr'><strong>morepositnm.ut</strong></span> <span class='ocrx_word' id='word_1_52' title='bbox 840 738 1077 807; x_wconf 71' lang='lat' dir='ltr'><strong>virgines</strong></span> <span class='ocrx_word' id='word_1_53' title='bbox 1106 739 1387 801; x_wconf 83' lang='lat' dir='ltr'><strong>secedant,</strong></span> <span class='ocrx_word' id='word_1_54' title='bbox 1432 754 1580 803; x_wconf 86' lang='lat' dir='ltr'><strong>cum,</strong></span> <span class='ocrx_word' id='word_1_55' title='bbox 1622 755 1742 809; x_wconf 72' lang='lat' dir='ltr'><strong>qua:</strong></span> <span class='ocrx_word' id='word_1_56' title='bbox 1787 739 1894 794; x_wconf 82' lang='lat' dir='ltr'><strong>fert</strong></span> <span class='ocrx_word' id='word_1_57' title='bbox 1998 757 2125 794; x_wconf 86' lang='lat' dir='ltr'>eum</span> <span class='ocrx_word' id='word_1_58' title='bbox 2186 741 2432 795; x_wconf 87' lang='lat' dir='ltr'><strong>timuisse</strong></span> <span class='ocrx_word' id='word_1_59' title='bbox 2483 757 2553 795; x_wconf 89' lang='lat' dir='ltr'>ne</span> <span class='ocrx_word' id='word_1_60' title='bbox 2590 741 2768 797; x_wconf 80' lang='lat' dir='ltr'><strong>Deum</strong></span> <span class='ocrx_word' id='word_1_61' title='bbox 2817 742 3144 805; x_wconf 76' lang='lat' dir='ltr'><strong>oﬂ’endcret,</strong></span> <span class='ocrx_word' id='word_1_62' title='bbox 3182 741 3229 795; x_wconf 87' lang='lat' dir='ltr'>si</span> <span class='ocrx_word' id='word_1_63' title='bbox 3285 740 3589 795; x_wconf 85' lang='lat' dir='ltr'><strong>adulteram</strong></span> 
     </span>
    </p>
   </div>
   <div class='ocr_carea' id='block_1_6' title="bbox 309 830 1889 902">
    <p class='ocr_par' dir='ltr' id='par_1_6' title="bbox 309 830 1889 902">
     <span class='ocr_line' id='line_1_6' title="bbox 309 830 1889 902; baseline 0.002 -19"><span class='ocrx_word' id='word_1_64' title='bbox 309 837 547 892; x_wconf 85' lang='lat' dir='ltr'><strong>uterum,</strong></span> <span class='ocrx_word' id='word_1_65' title='bbox 596 839 681 885; x_wconf 89' lang='lat' dir='ltr'>est</span> <span class='ocrx_word' id='word_1_66' title='bbox 734 832 992 899; x_wconf 74' lang='lat' dir='ltr'><strong>paritura.</strong></span> <span class='ocrx_word' id='word_1_67' title='bbox 1046 830 1275 901; x_wconf 84' lang='lat' dir='ltr'><strong>Oportet</strong></span> <span class='ocrx_word' id='word_1_68' title='bbox 1301 832 1447 885; x_wconf 89' lang='lat' dir='ltr'><strong>enim</strong></span> <span class='ocrx_word' id='word_1_69' title='bbox 1510 832 1615 886; x_wconf 90' lang='lat' dir='ltr'>hoc</span> <span class='ocrx_word' id='word_1_70' title='bbox 1667 847 1889 902; x_wconf 84' lang='lat' dir='ltr'><strong>quoque</strong></span> 
     </span>
    </p>
   </div>
   <div class='ocr_carea' id='block_1_7' title="bbox 311 922 1895 994">
    <p class='ocr_par' dir='ltr' id='par_1_7' title="bbox 311 922 1895 994">
     <span class='ocr_line' id='line_1_7' title="bbox 311 922 1895 994; baseline 0.001 -17"><span class='ocrx_word' id='word_1_71' title='bbox 311 923 682 978; x_wconf 68' lang='lat' dir='ltr'><strong>considerare.</strong></span> <span class='ocrx_word' id='word_1_72' title='bbox 714 922 785 977; x_wconf 88' lang='lat' dir='ltr'><strong>Ea</strong></span> <span class='ocrx_word' id='word_1_73' title='bbox 821 924 889 979; x_wconf 87' lang='lat' dir='ltr'>de</span> <span class='ocrx_word' id='word_1_74' title='bbox 923 940 1090 980; x_wconf 87' lang='lat' dir='ltr'><strong>causa</strong></span> <span class='ocrx_word' id='word_1_75' title='bbox 1122 941 1244 980; x_wconf 90' lang='lat' dir='ltr'>cum</span> <span class='ocrx_word' id='word_1_76' title='bbox 1272 925 1383 994; x_wconf 88' lang='lat' dir='ltr'><strong>jam</strong></span> <span class='ocrx_word' id='word_1_77' title='bbox 1412 925 1645 979; x_wconf 79' lang='lat' dir='ltr'><strong>instaret</strong></span> <span class='ocrx_word' id='word_1_78' title='bbox 1677 936 1895 992; x_wconf 85' lang='lat' dir='ltr'><strong>tempus</strong></span> 
     </span>
    </p>
   </div>
   <div class='ocr_carea' id='block_1_8' title="bbox 311 1012 1898 1084">
    <p class='ocr_par' dir='ltr' id='par_1_8' title="bbox 311 1012 1898 1084">
     <span class='ocr_line' id='line_1_8' title="bbox 311 1012 1898 1084; baseline 0.004 -22"><span class='ocrx_word' id='word_1_79' title='bbox 311 1019 370 1063; x_wconf 91' lang='lat' dir='ltr'>ut</span> <span class='ocrx_word' id='word_1_80' title='bbox 401 1023 617 1078; x_wconf 92' lang='lat' dir='ltr'><strong>pareret</strong></span> <span class='ocrx_word' id='word_1_81' title='bbox 644 1012 903 1078; x_wconf 82' lang='lat' dir='ltr'><strong>Elisabet,</strong></span> <span class='ocrx_word' id='word_1_82' title='bbox 934 1022 989 1068; x_wconf 89' lang='lat' dir='ltr'>et</span> <span class='ocrx_word' id='word_1_83' title='bbox 1013 1015 1055 1068; x_wconf 88' lang='lat' dir='ltr'><strong>si</strong></span> <span class='ocrx_word' id='word_1_84' title='bbox 1085 1030 1276 1069; x_wconf 79' lang='lat' dir='ltr'><strong>revera</strong></span> <span class='ocrx_word' id='word_1_85' title='bbox 1303 1025 1450 1068; x_wconf 82' lang='lat' dir='ltr'><strong>esset</strong></span> <span class='ocrx_word' id='word_1_86' title='bbox 1477 1028 1785 1084; x_wconf 57' lang='lat' dir='ltr'><strong>praegnans,</strong></span> <span class='ocrx_word' id='word_1_87' title='bbox 1812 1029 1898 1068; x_wconf 90' lang='lat' dir='ltr'><strong>re-</strong></span> 
     </span>
    </p>
   </div>
   <div class='ocr_carea' id='block_1_9' title="bbox 309 1103 1897 1176">
    <p class='ocr_par' dir='ltr' id='par_1_9' title="bbox 309 1103 1897 1176">
     <span class='ocr_line' id='line_1_9' title="bbox 309 1103 1897 1176; baseline 0.002 -20"><span class='ocrx_word' id='word_1_88' title='bbox 309 1103 452 1157; x_wconf 85' lang='lat' dir='ltr'><strong>cedit</strong></span> <span class='ocrx_word' id='word_1_89' title='bbox 494 1111 700 1165; x_wconf 86' lang='lat' dir='ltr'><strong>tamen,</strong></span> <span class='ocrx_word' id='word_1_90' title='bbox 743 1114 1002 1174; x_wconf 82' lang='lat' dir='ltr'><strong>tanquam</strong></span> <span class='ocrx_word' id='word_1_91' title='bbox 1051 1106 1224 1176; x_wconf 81' lang='lat' dir='ltr'><strong>virgo,</strong></span> <span class='ocrx_word' id='word_1_92' title='bbox 1270 1116 1325 1161; x_wconf 89' lang='lat' dir='ltr'>et</span> <span class='ocrx_word' id='word_1_93' title='bbox 1356 1108 1411 1160; x_wconf 92' lang='lat' dir='ltr'>in</span> <span class='ocrx_word' id='word_1_94' title='bbox 1466 1106 1687 1159; x_wconf 88' lang='lat' dir='ltr'><strong>domum</strong></span> <span class='ocrx_word' id='word_1_95' title='bbox 1743 1120 1897 1159; x_wconf 84' lang='lat' dir='ltr'><strong>suam</strong></span> 
     </span>
    </p>
   </div>
   <div class='ocr_carea' id='block_1_10' title="bbox 310 1195 1896 1265">
    <p class='ocr_par' dir='ltr' id='par_1_10' title="bbox 310 1195 1896 1265">
     <span class='ocr_line' id='line_1_10' title="bbox 310 1195 1896 1265; baseline 0.002 -20"><span class='ocrx_word' id='word_1_96' title='bbox 310 1195 629 1249; x_wconf 73' lang='lat' dir='ltr'><strong>revertitur.</strong></span> <span class='ocrx_word' id='word_1_97' title='bbox 664 1195 960 1265; x_wconf 78' lang='lat' dir='ltr'><strong>Postquam</strong></span> <span class='ocrx_word' id='word_1_98' title='bbox 1003 1206 1189 1251; x_wconf 83' lang='lat' dir='ltr'><strong>autem</strong></span> <span class='ocrx_word' id='word_1_99' title='bbox 1225 1211 1442 1250; x_wconf 88' lang='lat' dir='ltr'><strong>reversa</strong></span> <span class='ocrx_word' id='word_1_100' title='bbox 1460 1204 1564 1259; x_wconf 85' lang='lat' dir='ltr'><strong>est,</strong></span> <span class='ocrx_word' id='word_1_101' title='bbox 1625 1210 1896 1265; x_wconf 78' lang='lat' dir='ltr'><strong>nusquam</strong></span> 
     </span>
    </p>
   </div>
   <div class='ocr_carea' id='block_1_11' title="bbox 308 1288 1898 1361">
    <p class='ocr_par' dir='ltr' id='par_1_11' title="bbox 308 1288 1898 1361">
     <span class='ocr_line' id='line_1_11' title="bbox 308 1288 1898 1361; baseline 0.001 -20"><span class='ocrx_word' id='word_1_102' title='bbox 308 1288 530 1357; x_wconf 82' lang='lat' dir='ltr'><strong>quidem</strong></span> <span class='ocrx_word' id='word_1_103' title='bbox 565 1290 716 1353; x_wconf 85' lang='lat' dir='ltr'><strong>alibi,</strong></span> <span class='ocrx_word' id='word_1_104' title='bbox 749 1291 847 1343; x_wconf 90' lang='lat' dir='ltr'>sed</span> <span class='ocrx_word' id='word_1_105' title='bbox 878 1290 1024 1343; x_wconf 90' lang='lat' dir='ltr'><strong>domi</strong></span> <span class='ocrx_word' id='word_1_106' title='bbox 1057 1290 1317 1358; x_wconf 79' lang='lat' dir='ltr'><strong>deinceps</strong></span> <span class='ocrx_word' id='word_1_107' title='bbox 1337 1290 1588 1361; x_wconf 80' lang='lat' dir='ltr'><strong>degebat,</strong></span> <span class='ocrx_word' id='word_1_108' title='bbox 1608 1289 1785 1344; x_wconf 91' lang='lat' dir='ltr'><strong>donec</strong></span> <span class='ocrx_word' id='word_1_109' title='bbox 1808 1304 1898 1343; x_wconf 85' lang='lat' dir='ltr'><strong>co-</strong></span> 
     </span>
    </p>
   </div>
   <div class='ocr_carea' id='block_1_12' title="bbox 311 1384 1346 1454">
    <p class='ocr_par' dir='ltr' id='par_1_12' title="bbox 311 1384 1346 1454">
     <span class='ocr_line' id='line_1_12' title="bbox 311 1384 1346 1454; baseline 0.002 -19"><span class='ocrx_word' id='word_1_110' title='bbox 311 1384 630 1453; x_wconf 71' lang='lat' dir='ltr'><strong>gnovitjam</strong></span> <span class='ocrx_word' id='word_1_111' title='bbox 666 1393 882 1453; x_wconf 79' lang='lat' dir='ltr'><strong>tempus</strong></span> <span class='ocrx_word' id='word_1_112' title='bbox 913 1385 1104 1438; x_wconf 83' lang='lat' dir='ltr'><strong>adesse</strong></span> <span class='ocrx_word' id='word_1_113' title='bbox 1135 1394 1346 1454; x_wconf 88' lang='lat' dir='ltr'><strong>partus.</strong></span> 
     </span>
    </p>
   </div>
   <div class='ocr_carea' id='block_1_13' title="bbox 384 1475 1901 1546">
    <p class='ocr_par' dir='ltr' id='par_1_13' title="bbox 384 1475 1901 1546">
     <span class='ocr_line' id='line_1_13' title="bbox 384 1475 1901 1546; baseline -0.004 -14"><span class='ocrx_word' id='word_1_114' title='bbox 384 1477 520 1532; x_wconf 77' lang='lat' dir='ltr'><strong>VIII.</strong></span> <span class='ocrx_word' id='word_1_115' title='bbox 550 1477 820 1531; x_wconf 59' lang='lat' dir='ltr'><strong>Caeterum</strong></span> <span class='ocrx_word' id='word_1_116' title='bbox 853 1476 1155 1546; x_wconf 86' lang='lat' dir='ltr'><strong>Josephnm</strong></span> <span class='ocrx_word' id='word_1_117' title='bbox 1197 1486 1415 1531; x_wconf 88' lang='lat' dir='ltr'><strong>tumens</strong></span> <span class='ocrx_word' id='word_1_118' title='bbox 1448 1475 1683 1545; x_wconf 83' lang='lat' dir='ltr'><strong>Virginis</strong></span> <span class='ocrx_word' id='word_1_119' title='bbox 1713 1483 1901 1527; x_wconf 88' lang='lat' dir='ltr'><strong>uterus</strong></span> 
     </span>
    </p>
   </div>
   <div class='ocr_carea' id='block_1_14' title="bbox 1999 833 3589 901">
    <p class='ocr_par' dir='ltr' id='par_1_14' title="bbox 1999 833 3589 901">
     <span class='ocr_line' id='line_1_14' title="bbox 1999 833 3589 901; baseline -0.001 -15"><span class='ocrx_word' id='word_1_120' title='bbox 1999 834 2145 887; x_wconf 90' lang='lat' dir='ltr'><strong>domi</strong></span> <span class='ocrx_word' id='word_1_121' title='bbox 2166 848 2277 887; x_wconf 74' lang='lat' dir='ltr'><strong>suae</strong></span> <span class='ocrx_word' id='word_1_122' title='bbox 2309 833 2554 888; x_wconf 85' lang='lat' dir='ltr'><strong>haberet.</strong></span> <span class='ocrx_word' id='word_1_123' title='bbox 2585 835 2660 889; x_wconf 85' lang='lat' dir='ltr'><strong>Ea</strong></span> <span class='ocrx_word' id='word_1_124' title='bbox 2687 835 2756 889; x_wconf 91' lang='lat' dir='ltr'>de</span> <span class='ocrx_word' id='word_1_125' title='bbox 2777 848 2959 899; x_wconf 83' lang='lat' dir='ltr'><strong>causa,</strong></span> <span class='ocrx_word' id='word_1_126' title='bbox 2988 833 3217 888; x_wconf 74' lang='lat' dir='ltr'><strong>Uxorem</strong></span> <span class='ocrx_word' id='word_1_127' title='bbox 3245 843 3415 897; x_wconf 84' lang='lat' dir='ltr'><strong>tuam,</strong></span> <span class='ocrx_word' id='word_1_128' title='bbox 3450 848 3589 901; x_wconf 87' lang='lat' dir='ltr'><strong>pure</strong></span> 
     </span>
    </p>
   </div>
   <div class='ocr_carea' id='block_1_15' title="bbox 2002 923 3595 995">
    <p class='ocr_par' dir='ltr' id='par_1_15' title="bbox 2002 923 3595 995">
     <span class='ocr_line' id='line_1_15' title="bbox 2002 923 3595 995; baseline 0 -19"><span class='ocrx_word' id='word_1_129' title='bbox 2002 925 2271 989; x_wconf 77' lang='lat' dir='ltr'><strong>ltutttittal,</strong></span> <span class='ocrx_word' id='word_1_130' title='bbox 2310 925 2508 979; x_wconf 87' lang='lat' dir='ltr'><strong>tollens</strong></span> <span class='ocrx_word' id='word_1_131' title='bbox 2563 925 2960 995; x_wconf 87' lang='lat' dir='ltr'><strong>suspicionem.</strong></span> <span class='ocrx_word' id='word_1_132' title='bbox 3029 923 3220 993; x_wconf 87' lang='lat' dir='ltr'><strong>Neque</strong></span> <span class='ocrx_word' id='word_1_133' title='bbox 3255 924 3403 977; x_wconf 81' lang='lat' dir='ltr'><strong>enirn</strong></span> <span class='ocrx_word' id='word_1_134' title='bbox 3435 924 3480 977; x_wconf 90' lang='lat' dir='ltr'>si</span> <span class='ocrx_word' id='word_1_135' title='bbox 3543 926 3595 977; x_wconf 90' lang='lat' dir='ltr'><strong>ei</strong></span> 
     </span>
    </p>
   </div>
   <div class='ocr_carea' id='block_1_16' title="bbox 2002 1017 3593 1081">
    <p class='ocr_par' dir='ltr' id='par_1_16' title="bbox 2002 1017 3593 1081">
     <span class='ocr_line' id='line_1_16' title="bbox 2002 1017 3593 1081; baseline -0.001 -12"><span class='ocrx_word' id='word_1_136' title='bbox 2002 1017 2230 1071; x_wconf 88' lang='lat' dir='ltr'><strong>omnino</strong></span> <span class='ocrx_word' id='word_1_137' title='bbox 2255 1017 2449 1072; x_wconf 79' lang='lat' dir='ltr'><strong>fuisset</strong></span> <span class='ocrx_word' id='word_1_138' title='bbox 2476 1017 2697 1072; x_wconf 85' lang='lat' dir='ltr'><strong>ailatum</strong></span> <span class='ocrx_word' id='word_1_139' title='bbox 2730 1017 2941 1081; x_wconf 84' lang='lat' dir='ltr'><strong>vitium,</strong></span> <span class='ocrx_word' id='word_1_140' title='bbox 2973 1032 3112 1071; x_wconf 80' lang='lat' dir='ltr'><strong>uxor</strong></span> <span class='ocrx_word' id='word_1_141' title='bbox 3128 1017 3274 1071; x_wconf 85' lang='lat' dir='ltr'><strong>illius</strong></span> <span class='ocrx_word' id='word_1_142' title='bbox 3294 1017 3593 1070; x_wconf 81' lang='lat' dir='ltr'><strong>diceretur.</strong></span> 
     </span>
    </p>
   </div>
   <div class='ocr_carea' id='block_1_17' title="bbox 2004 1107 3596 1177">
    <p class='ocr_par' dir='ltr' id='par_1_17' title="bbox 2004 1107 3596 1177">
     <span class='ocr_line' id='line_1_17' title="bbox 2004 1107 3596 1177; baseline 0.001 -18"><span class='ocrx_word' id='word_1_143' title='bbox 2004 1110 2159 1172; x_wconf 78' lang='lat' dir='ltr'><strong>Quod</strong></span> <span class='ocrx_word' id='word_1_144' title='bbox 2202 1120 2385 1164; x_wconf 80' lang='lat' dir='ltr'><strong>autem</strong></span> <span class='ocrx_word' id='word_1_145' title='bbox 2429 1125 2655 1164; x_wconf 75' lang='lat' dir='ltr'><strong>uxorem</strong></span> <span class='ocrx_word' id='word_1_146' title='bbox 2686 1109 2774 1163; x_wconf 92' lang='lat' dir='ltr'>hic</span> <span class='ocrx_word' id='word_1_147' title='bbox 2818 1109 2969 1163; x_wconf 83' lang='lat' dir='ltr'><strong>dicat</strong></span> <span class='ocrx_word' id='word_1_148' title='bbox 3000 1123 3281 1177; x_wconf 87' lang='lat' dir='ltr'><strong>sponsam,</strong></span> <span class='ocrx_word' id='word_1_149' title='bbox 3318 1107 3414 1161; x_wconf 85' lang='lat' dir='ltr'><strong>tibi</strong></span> <span class='ocrx_word' id='word_1_150' title='bbox 3465 1122 3596 1177; x_wconf 87' lang='lat' dir='ltr'><strong>per-</strong></span> 
     </span>
    </p>
   </div>
   <div class='ocr_carea' id='block_1_18' title="bbox 2003 1201 3597 1272">
    <p class='ocr_par' dir='ltr' id='par_1_18' title="bbox 2003 1201 3597 1272">
     <span class='ocr_line' id='line_1_18' title="bbox 2003 1201 3597 1272; baseline -0.003 -15"><span class='ocrx_word' id='word_1_151' title='bbox 2003 1204 2231 1258; x_wconf 83' lang='lat' dir='ltr'><strong>suadeat</strong></span> <span class='ocrx_word' id='word_1_152' title='bbox 2271 1203 2577 1272; x_wconf 85' lang='lat' dir='ltr'><strong>Scriptura,</strong></span> <span class='ocrx_word' id='word_1_153' title='bbox 2602 1218 2721 1272; x_wconf 64' lang='lat' dir='ltr'><strong>qute</strong></span> <span class='ocrx_word' id='word_1_154' title='bbox 2748 1211 2877 1256; x_wconf 84' lang='lat' dir='ltr'><strong>ante</strong></span> <span class='ocrx_word' id='word_1_155' title='bbox 2908 1201 3319 1256; x_wconf 80' lang='lat' dir='ltr'><strong>matrimonium</strong></span> <span class='ocrx_word' id='word_1_156' title='bbox 3358 1215 3597 1270; x_wconf 80' lang='lat' dir='ltr'><strong>generos</strong></span> 
     </span>
    </p>
   </div>
   <div class='ocr_carea' id='block_1_19' title="bbox 2004 1292 3599 1365">
    <p class='ocr_par' dir='ltr' id='par_1_19' title="bbox 2004 1292 3599 1365">
     <span class='ocr_line' id='line_1_19' title="bbox 2004 1292 3599 1365; baseline -0.003 -16"><span class='ocrx_word' id='word_1_157' title='bbox 2004 1305 2156 1349; x_wconf 79' lang='lat' dir='ltr'><strong>vocat</strong></span> <span class='ocrx_word' id='word_1_158' title='bbox 2188 1310 2441 1365; x_wconf 89' lang='lat' dir='ltr'><strong>sponsos.</strong></span> <span class='ocrx_word' id='word_1_159' title='bbox 2504 1293 2792 1362; x_wconf 85' lang='lat' dir='ltr'><strong>Quomodo</strong></span> <span class='ocrx_word' id='word_1_160' title='bbox 2836 1309 2970 1349; x_wconf 88' lang='lat' dir='ltr'><strong>vero</strong></span> <span class='ocrx_word' id='word_1_161' title='bbox 3032 1293 3282 1363; x_wconf 70' lang='lat' dir='ltr'><strong>praecipit</strong></span> <span class='ocrx_word' id='word_1_162' title='bbox 3345 1292 3599 1360; x_wconf 86' lang='lat' dir='ltr'><strong>accipere</strong></span> 
     </span>
    </p>
   </div>
   <div class='ocr_carea' id='block_1_20' title="bbox 2004 1384 3603 1457">
    <p class='ocr_par' dir='ltr' id='par_1_20' title="bbox 2004 1384 3603 1457">
     <span class='ocr_line' id='line_1_20' title="bbox 2004 1384 3603 1457; baseline -0.003 -13"><span class='ocrx_word' id='word_1_163' title='bbox 2004 1406 2147 1451; x_wconf 89' lang='lat' dir='ltr'><strong>eam,</strong></span> <span class='ocrx_word' id='word_1_164' title='bbox 2175 1403 2296 1457; x_wconf 63' lang='lat' dir='ltr'><strong>quae</strong></span> <span class='ocrx_word' id='word_1_165' title='bbox 2321 1387 2432 1455; x_wconf 84' lang='lat' dir='ltr'><strong>jam</strong></span> <span class='ocrx_word' id='word_1_166' title='bbox 2469 1393 2588 1441; x_wconf 86' lang='lat' dir='ltr'><strong>erat</strong></span> <span class='ocrx_word' id='word_1_167' title='bbox 2607 1396 2855 1456; x_wconf 74' lang='lat' dir='ltr'><strong>accepta,</strong></span> <span class='ocrx_word' id='word_1_168' title='bbox 2887 1394 2942 1440; x_wconf 93' lang='lat' dir='ltr'>et</span> <span class='ocrx_word' id='word_1_169' title='bbox 2980 1400 3101 1455; x_wconf 78' lang='lat' dir='ltr'><strong>qua:</strong></span> <span class='ocrx_word' id='word_1_170' title='bbox 3126 1385 3274 1438; x_wconf 89' lang='lat' dir='ltr'><strong>intus</strong></span> <span class='ocrx_word' id='word_1_171' title='bbox 3305 1384 3603 1439; x_wconf 69' lang='lat' dir='ltr'><strong>manebat?</strong></span> 
     </span>
    </p>
   </div>
   <div class='ocr_carea' id='block_1_21' title="bbox 2004 1478 3604 1550">
    <p class='ocr_par' dir='ltr' id='par_1_21' title="bbox 2004 1478 3604 1550">
     <span class='ocr_line' id='line_1_21' title="bbox 2004 1478 3604 1550; baseline -0.003 -15"><span class='ocrx_word' id='word_1_172' title='bbox 2004 1482 2226 1535; x_wconf 82' lang='lat' dir='ltr'><strong>Clarum</strong></span> <span class='ocrx_word' id='word_1_173' title='bbox 2258 1492 2362 1542; x_wconf 89' lang='lat' dir='ltr'><strong>est.</strong></span> <span class='ocrx_word' id='word_1_174' title='bbox 2389 1480 2534 1550; x_wconf 89' lang='lat' dir='ltr'><strong>quod</strong></span> <span class='ocrx_word' id='word_1_175' title='bbox 2562 1481 2615 1533; x_wconf 91' lang='lat' dir='ltr'><strong>in</strong></span> <span class='ocrx_word' id='word_1_176' title='bbox 2647 1480 2830 1533; x_wconf 86' lang='lat' dir='ltr'><strong>animo</strong></span> <span class='ocrx_word' id='word_1_177' title='bbox 2858 1494 2959 1533; x_wconf 90' lang='lat' dir='ltr'>suo</span> <span class='ocrx_word' id='word_1_178' title='bbox 2997 1480 3107 1549; x_wconf 85' lang='lat' dir='ltr'><strong>jam</strong></span> <span class='ocrx_word' id='word_1_179' title='bbox 3140 1478 3363 1532; x_wconf 85' lang='lat' dir='ltr'><strong>dimissa</strong></span> <span class='ocrx_word' id='word_1_180' title='bbox 3415 1478 3604 1543; x_wconf 63' lang='lat' dir='ltr'><strong>fuerat</strong></span> 
     </span>
    </p>
   </div>
   <div class='ocr_carea' id='block_1_22' title="bbox 317 1567 3603 1643">
    <p class='ocr_par' dir='ltr' id='par_1_22' title="bbox 317 1567 3603 1643">
     <span class='ocr_line' id='line_1_22' title="bbox 317 1567 3603 1643; baseline -0.002 -11"><span class='ocrx_word' id='word_1_181' title='bbox 317 1571 622 1632; x_wconf 76' lang='lat' dir='ltr'><strong>(nesciebat</strong></span> <span class='ocrx_word' id='word_1_182' title='bbox 655 1572 800 1625; x_wconf 87' lang='lat' dir='ltr'><strong>enim</strong></span> <span class='ocrx_word' id='word_1_183' title='bbox 852 1570 906 1624; x_wconf 84' lang='lat' dir='ltr'>id</span> <span class='ocrx_word' id='word_1_184' title='bbox 937 1585 1059 1625; x_wconf 80' lang='lat' dir='ltr'><strong>esse</strong></span> <span class='ocrx_word' id='word_1_185' title='bbox 1093 1584 1233 1639; x_wconf 85' lang='lat' dir='ltr'><strong>opus</strong></span> <span class='ocrx_word' id='word_1_186' title='bbox 1274 1571 1449 1623; x_wconf 79' lang='lat' dir='ltr'><strong>sancti</strong></span> <span class='ocrx_word' id='word_1_187' title='bbox 1522 1567 1783 1635; x_wconf 68' lang='lat' dir='ltr'><strong>Spiritus)</strong></span> <span class='ocrx_word' id='word_1_188' title='bbox 1846 1568 1902 1619; x_wconf 83' lang='lat' dir='ltr'><strong>iu</strong></span> <span class='ocrx_word' id='word_1_189' title='bbox 2007 1585 2064 1629; x_wconf 89' lang='lat' dir='ltr'>et</span> <span class='ocrx_word' id='word_1_190' title='bbox 2095 1583 2212 1629; x_wconf 88' lang='lat' dir='ltr'><strong>erat</strong></span> <span class='ocrx_word' id='word_1_191' title='bbox 2232 1582 2384 1628; x_wconf 81' lang='lat' dir='ltr'><strong>extra</strong></span> <span class='ocrx_word' id='word_1_192' title='bbox 2422 1574 2590 1628; x_wconf 83' lang='lat' dir='ltr'><strong>tores.</strong></span> <span class='ocrx_word' id='word_1_193' title='bbox 2612 1573 2775 1629; x_wconf 88' lang='lat' dir='ltr'><strong>Visus</strong></span> <span class='ocrx_word' id='word_1_194' title='bbox 2801 1580 2888 1627; x_wconf 86' lang='lat' dir='ltr'>est</span> <span class='ocrx_word' id='word_1_195' title='bbox 2914 1587 3045 1643; x_wconf 81' lang='lat' dir='ltr'><strong>ergo</strong></span> <span class='ocrx_word' id='word_1_196' title='bbox 3100 1573 3191 1627; x_wconf 87' lang='lat' dir='ltr'><strong>ille</strong></span> <span class='ocrx_word' id='word_1_197' title='bbox 3235 1587 3357 1627; x_wconf 85' lang='lat' dir='ltr'>eam</span> <span class='ocrx_word' id='word_1_198' title='bbox 3421 1572 3603 1643; x_wconf 72' lang='lat' dir='ltr'><strong>angeli</strong></span> 
     </span>
    </p>
   </div>
   <div class='ocr_carea' id='block_1_23' title="bbox 313 1658 3604 1737">
    <p class='ocr_par' dir='ltr' id='par_1_23' title="bbox 313 1658 3604 1737">
     <span class='ocr_line' id='line_1_23' title="bbox 313 1658 3604 1737; baseline -0.002 -20"><span class='ocrx_word' id='word_1_199' title='bbox 313 1662 508 1717; x_wconf 86' lang='lat' dir='ltr'><strong>dubias</strong></span> <span class='ocrx_word' id='word_1_200' title='bbox 540 1661 754 1716; x_wconf 77' lang='lat' dir='ltr'><strong>induxit</strong></span> <span class='ocrx_word' id='word_1_201' title='bbox 781 1661 1156 1731; x_wconf 76' lang='lat' dir='ltr'><strong>cogitationes,</strong></span> <span class='ocrx_word' id='word_1_202' title='bbox 1191 1670 1247 1716; x_wconf 92' lang='lat' dir='ltr'>et</span> <span class='ocrx_word' id='word_1_203' title='bbox 1278 1662 1401 1715; x_wconf 86' lang='lat' dir='ltr'><strong>ideo</strong></span> <span class='ocrx_word' id='word_1_204' title='bbox 1439 1675 1558 1714; x_wconf 88' lang='lat' dir='ltr'>eam</span> <span class='ocrx_word' id='word_1_205' title='bbox 1591 1658 1903 1714; x_wconf 77' lang='lat' dir='ltr'><strong>clanculum</strong></span> <span class='ocrx_word' id='word_1_206' title='bbox 2007 1684 2142 1723; x_wconf 56' lang='lat' dir='ltr'><strong>voce</strong></span> <span class='ocrx_word' id='word_1_207' title='bbox 2176 1666 2415 1737; x_wconf 63' lang='grc' dir='ltr'>,Ιοερνηο</span> <span class='ocrx_word' id='word_1_208' title='bbox 2444 1667 2609 1720; x_wconf 72' lang='lat' dir='ltr'><strong>modo</strong></span> <span class='ocrx_word' id='word_1_209' title='bbox 2648 1665 2882 1727; x_wconf 75' lang='lat' dir='ltr'><strong>tradere,</strong></span> <span class='ocrx_word' id='word_1_210' title='bbox 2916 1664 3010 1735; x_wconf 82' lang='lat' dir='ltr'>qui</span> <span class='ocrx_word' id='word_1_211' title='bbox 3043 1666 3206 1719; x_wconf 73' lang='lat' dir='ltr'><strong>etiam</strong></span> <span class='ocrx_word' id='word_1_212' title='bbox 3237 1680 3357 1719; x_wconf 76' lang='lat' dir='ltr'>eam</span> <span class='ocrx_word' id='word_1_213' title='bbox 3414 1677 3604 1733; x_wconf 65' lang='lat' dir='ltr'><strong>postea</strong></span> 
     </span>
    </p>
   </div>
   <div class='ocr_carea' id='block_1_24' title="bbox 315 1745 1918 1828">
    <p class='ocr_par' dir='ltr' id='par_1_24' title="bbox 315 1745 1902 1821">
     <span class='ocr_line' id='line_1_24' title="bbox 315 1745 1902 1821; baseline -0.003 -15"><span class='ocrx_word' id='word_1_214' title='bbox 315 1755 597 1808; x_wconf 84' lang='lat' dir='ltr'><strong>dimittere</strong></span> <span class='ocrx_word' id='word_1_215' title='bbox 624 1752 861 1807; x_wconf 85' lang='lat' dir='ltr'><strong>habebat</strong></span> <span class='ocrx_word' id='word_1_216' title='bbox 890 1754 942 1807; x_wconf 90' lang='lat' dir='ltr'>in</span> <span class='ocrx_word' id='word_1_217' title='bbox 980 1754 1186 1806; x_wconf 87' lang='lat' dir='ltr'><strong>animo:</strong></span> <span class='ocrx_word' id='word_1_218' title='bbox 1222 1749 1290 1805; x_wconf 83' lang='lat' dir='ltr'><strong>Ut</strong></span> <span class='ocrx_word' id='word_1_219' title='bbox 1319 1752 1410 1821; x_wconf 84' lang='lat' dir='ltr'>qui</span> <span class='ocrx_word' id='word_1_220' title='bbox 1440 1759 1573 1805; x_wconf 76' lang='lat' dir='ltr'><strong>esset</strong></span> <span class='ocrx_word' id='word_1_221' title='bbox 1591 1745 1793 1817; x_wconf 77' lang='lat' dir='ltr'><strong>justus,</strong></span> <span class='ocrx_word' id='word_1_222' title='bbox 1819 1748 1902 1802; x_wconf 86' lang='lat' dir='ltr'><strong>in-</strong></span> 
     </span>
    </p>
   </div>
   <div class='ocr_carea' id='block_1_25' title="bbox 2025 1745 3605 1828">
    <p class='ocr_par' dir='ltr' id='par_1_25' title="bbox 2031 1756 3605 1828">
     <span class='ocr_line' id='line_1_25' title="bbox 2031 1756 3605 1828; baseline -0.003 -15"><span class='ocrx_word' id='word_1_223' title='bbox 2031 1776 2064 1813; x_wconf 91' lang='lat' dir='ltr'>n</span> <span class='ocrx_word' id='word_1_224' title='bbox 2086 1775 2248 1814; x_wconf 90' lang='lat' dir='ltr'><strong>cruce</strong></span> <span class='ocrx_word' id='word_1_225' title='bbox 2281 1758 2502 1813; x_wconf 88' lang='lat' dir='ltr'><strong>tradidit</strong></span> <span class='ocrx_word' id='word_1_226' title='bbox 2539 1757 2832 1828; x_wconf 89' lang='lat' dir='ltr'><strong>discipulo.</strong></span> <span class='ocrx_word' id='word_1_227' title='bbox 2859 1756 3008 1821; x_wconf 82' lang='lat' dir='ltr'><strong>Quod</strong></span> <span class='ocrx_word' id='word_1_228' title='bbox 3048 1757 3207 1819; x_wconf 82' lang='lat' dir='ltr'><strong>enim,</strong></span> <span class='ocrx_word' id='word_1_229' title='bbox 3256 1756 3396 1826; x_wconf 80' lang='lat' dir='ltr'><strong>(ait),</strong></span> <span class='ocrx_word' id='word_1_230' title='bbox 3428 1757 3483 1809; x_wconf 82' lang='lat' dir='ltr'>in</span> <span class='ocrx_word' id='word_1_231' title='bbox 3540 1772 3605 1809; x_wconf 81' lang='lat' dir='ltr'>ea</span> 
     </span>
    </p>
   </div>
   <div class='ocr_carea' id='block_1_26' title="bbox 315 1827 3607 1920">
    <p class='ocr_par' dir='ltr' id='par_1_26' title="bbox 315 1827 3607 1920">
     <span class='ocr_line' id='line_1_26' title="bbox 315 1827 3607 1920; baseline -0.003 -9"><span class='ocrx_word' id='word_1_232' title='bbox 315 1847 456 1911; x_wconf 69' lang='lat' dir='ltr'><strong>«suit.</strong></span> <span class='ocrx_word' id='word_1_233' title='bbox 482 1857 529 1900; x_wconf 77' lang='grc' dir='ltr'>ει</span> <span class='ocrx_word' id='word_1_234' title='bbox 556 1864 673 1900; x_wconf 62' lang='lat' dir='ltr'><strong>eam</strong></span> <span class='ocrx_word' id='word_1_235' title='bbox 705 1847 865 1901; x_wconf 65' lang='grc' dir='ltr'>ηοίίεε</span> <span class='ocrx_word' id='word_1_236' title='bbox 897 1847 1175 1901; x_wconf 57' lang='lat' dir='ltr'><strong>&quot;adﬁce&quot;</strong></span> <span class='ocrx_word' id='word_1_237' title='bbox 1207 1847 1251 1913; x_wconf 68' lang='lat'>&#39;3</span> <span class='ocrx_word' id='word_1_238' title='bbox 1291 1847 1431 1902; x_wconf 63' lang='lat' dir='ltr'><strong>ade”</strong></span> <span class='ocrx_word' id='word_1_239' title='bbox 1462 1848 1662 1917; x_wconf 65' lang='grc' dir='ltr'>ἱυδῑυδν</span> <span class='ocrx_word' id='word_1_240' title='bbox 1712 1855 1768 1899; x_wconf 75' lang='lat' dir='ltr'>ul</span> <span class='ocrx_word' id='word_1_241' title='bbox 1799 1859 1907 1897; x_wconf 78' lang='grc' dir='ltr'>ηοιι</span> <span class='ocrx_word' id='word_1_242' title='bbox 1936 1827 1983 1886; x_wconf 79' lang='grc' dir='ltr'><strong>Β</strong></span> <span class='ocrx_word' id='word_1_243' title='bbox 2011 1863 2087 1906; x_wconf 87' lang='lat' dir='ltr'>est</span> <span class='ocrx_word' id='word_1_244' title='bbox 2118 1853 2354 1919; x_wconf 79' lang='lat' dir='ltr'><strong>genitum</strong></span> <span class='ocrx_word' id='word_1_245' title='bbox 2413 1867 2477 1905; x_wconf 76' lang='lat' dir='ltr'><strong>ea:</strong></span> <span class='ocrx_word' id='word_1_246' title='bbox 2505 1827 2710 1920; x_wconf 69' lang='lat' dir='ltr'><strong>Spiritu</strong></span> <span class='ocrx_word' id='word_1_247' title='bbox 2767 1859 2950 1904; x_wconf 77' lang='lat' dir='ltr'><strong>sancto</strong></span> <span class='ocrx_word' id='word_1_248' title='bbox 2994 1859 3090 1902; x_wconf 80' lang='lat' dir='ltr'><strong>est.</strong></span> <span class='ocrx_word' id='word_1_249' title='bbox 3142 1848 3221 1902; x_wconf 78' lang='lat' dir='ltr'><strong>Ex</strong></span> <span class='ocrx_word' id='word_1_250' title='bbox 3270 1848 3607 1903; x_wconf 87' lang='lat' dir='ltr'><strong>redundanti</strong></span> 
     </span>
    </p>
   </div>
   <div class='ocr_carea' id='block_1_27' title="bbox 316 1938 3603 2013">
    <p class='ocr_par' dir='ltr' id='par_1_27' title="bbox 316 1938 3603 2013">
     <span class='ocr_line' id='line_1_27' title="bbox 316 1938 3603 2013; baseline 0 -22"><span class='ocrx_word' id='word_1_251' title='bbox 316 1942 493 1994; x_wconf 62' lang='lat' dir='ltr'><strong>salum</strong></span> <span class='ocrx_word' id='word_1_252' title='bbox 526 1940 934 2009; x_wconf 86' lang='lat' dir='ltr'><strong>uolletpunire,</strong></span> <span class='ocrx_word' id='word_1_253' title='bbox 973 1942 1136 2000; x_wconf 87' lang='lat' dir='ltr'><strong>etiam</strong></span> <span class='ocrx_word' id='word_1_254' title='bbox 1173 1942 1218 1996; x_wconf 91' lang='lat' dir='ltr'>si</span> <span class='ocrx_word' id='word_1_255' title='bbox 1251 1942 1356 1995; x_wconf 87' lang='lat' dir='ltr'>hoc</span> <span class='ocrx_word' id='word_1_256' title='bbox 1386 1941 1473 1995; x_wconf 80' lang='lat' dir='ltr'><strong>lex</strong></span> <span class='ocrx_word' id='word_1_257' title='bbox 1507 1940 1774 2010; x_wconf 80' lang='lat' dir='ltr'><strong>juberet’;</strong></span> <span class='ocrx_word' id='word_1_258' title='bbox 1815 1938 1910 1992; x_wconf 90' lang='lat' dir='ltr'>sed</span> <span class='ocrx_word' id='word_1_259' title='bbox 2012 1946 2246 2013; x_wconf 79' lang='lat' dir='ltr'><strong>quadam</strong></span> <span class='ocrx_word' id='word_1_260' title='bbox 2292 1945 2451 2013; x_wconf 77' lang='lat' dir='ltr'><strong>copia</strong></span> <span class='ocrx_word' id='word_1_261' title='bbox 2482 1944 2646 1998; x_wconf 78' lang='lat' dir='ltr'><strong>solvit</strong></span> <span class='ocrx_word' id='word_1_262' title='bbox 2695 1942 2817 2010; x_wconf 77' lang='lat' dir='ltr'><strong>ejus</strong></span> <span class='ocrx_word' id='word_1_263' title='bbox 2876 1957 3161 2011; x_wconf 79' lang='lat' dir='ltr'><strong>angorem.</strong></span> <span class='ocrx_word' id='word_1_264' title='bbox 3213 1939 3331 1994; x_wconf 84' lang='lat' dir='ltr'><strong>Non</strong></span> <span class='ocrx_word' id='word_1_265' title='bbox 3402 1942 3603 2003; x_wconf 69' lang='lat' dir='ltr'><strong>sofum,</strong></span> 
     </span>
    </p>
   </div>
   <div class='ocr_carea' id='block_1_28' title="bbox 318 2028 3602 2103">
    <p class='ocr_par' dir='ltr' id='par_1_28' title="bbox 318 2028 3602 2103">
     <span class='ocr_line' id='line_1_28' title="bbox 318 2028 3602 2103; baseline -0.001 -20"><span class='ocrx_word' id='word_1_266' title='bbox 318 2048 497 2099; x_wconf 71' lang='lat' dir='ltr'><strong>neque</strong></span> <span class='ocrx_word' id='word_1_267' title='bbox 552 2049 665 2087; x_wconf 87' lang='lat' dir='ltr'>rem</span> <span class='ocrx_word' id='word_1_268' title='bbox 720 2034 882 2088; x_wconf 75' lang='lat' dir='ltr'><strong>vellet</strong></span> <span class='ocrx_word' id='word_1_269' title='bbox 912 2034 1218 2103; x_wconf 85' lang='lat' dir='ltr'><strong>propalare,</strong></span> <span class='ocrx_word' id='word_1_270' title='bbox 1254 2043 1312 2087; x_wconf 87' lang='lat' dir='ltr'>ct</span> <span class='ocrx_word' id='word_1_271' title='bbox 1359 2034 1412 2087; x_wconf 90' lang='lat' dir='ltr'>in</span> <span class='ocrx_word' id='word_1_272' title='bbox 1468 2032 1748 2102; x_wconf 91' lang='lat' dir='ltr'><strong>publicum</strong></span> <span class='ocrx_word' id='word_1_273' title='bbox 1789 2047 1914 2100; x_wconf 87' lang='lat' dir='ltr'><strong>pro-</strong></span> <span class='ocrx_word' id='word_1_274' title='bbox 2016 2033 2381 2103; x_wconf 76' lang='lat' dir='ltr'><strong>inquit.virgo</strong></span> <span class='ocrx_word' id='word_1_275' title='bbox 2406 2042 2490 2087; x_wconf 91' lang='lat' dir='ltr'>est</span> <span class='ocrx_word' id='word_1_276' title='bbox 2522 2033 2773 2087; x_wconf 89' lang='lat' dir='ltr'><strong>intactaa</strong></span> <span class='ocrx_word' id='word_1_277' title='bbox 2805 2033 2954 2088; x_wconf 91' lang='lat' dir='ltr'><strong>coitu</strong></span> <span class='ocrx_word' id='word_1_278' title='bbox 2983 2030 3286 2101; x_wconf 79' lang='lat' dir='ltr'><strong>illegitimo,</strong></span> <span class='ocrx_word' id='word_1_279' title='bbox 3312 2028 3404 2081; x_wconf 84' lang='lat' dir='ltr'>sed</span> <span class='ocrx_word' id='word_1_280' title='bbox 3433 2028 3602 2081; x_wconf 84' lang='lat' dir='ltr'><strong>etiam</strong></span> 
     </span>
    </p>
   </div>
   <div class='ocr_carea' id='block_1_29' title="bbox 317 2121 3610 2193">
    <p class='ocr_par' dir='ltr' id='par_1_29' title="bbox 317 2121 3610 2193">
     <span class='ocr_line' id='line_1_29' title="bbox 317 2121 3610 2193; baseline -0.004 -15"><span class='ocrx_word' id='word_1_281' title='bbox 317 2130 482 2181; x_wconf 72' lang='lat' dir='ltr'><strong>terre.</strong></span> <span class='ocrx_word' id='word_1_282' title='bbox 532 2126 647 2181; x_wconf 90' lang='lat' dir='ltr'><strong>Hoc</strong></span> <span class='ocrx_word' id='word_1_283' title='bbox 702 2126 848 2183; x_wconf 90' lang='lat' dir='ltr'><strong>enim</strong></span> <span class='ocrx_word' id='word_1_284' title='bbox 900 2126 1002 2181; x_wconf 90' lang='lat' dir='ltr'><strong>sibi</strong></span> <span class='ocrx_word' id='word_1_285' title='bbox 1063 2126 1176 2180; x_wconf 88' lang='lat' dir='ltr'><strong>vult</strong></span> <span class='ocrx_word' id='word_1_286' title='bbox 1202 2126 1356 2193; x_wconf 90' lang='lat' dir='ltr'><strong>illud,</strong></span> <span class='ocrx_word' id='word_1_287' title='bbox 1400 2124 1717 2179; x_wconf 83' lang='lat' dir='ltr'><strong>Traducere.</strong></span> <span class='ocrx_word' id='word_1_288' title='bbox 1775 2123 1912 2179; x_wconf 86' lang='lat' dir='ltr'><strong>Cum</strong></span> <span class='ocrx_word' id='word_1_289' title='bbox 2019 2134 2211 2178; x_wconf 86' lang='lat' dir='ltr'><strong>natura</strong></span> <span class='ocrx_word' id='word_1_290' title='bbox 2236 2132 2322 2177; x_wconf 92' lang='lat' dir='ltr'>est</span> <span class='ocrx_word' id='word_1_291' title='bbox 2348 2124 2713 2193; x_wconf 66' lang='lat' dir='ltr'><strong>praestantior,</strong></span> <span class='ocrx_word' id='word_1_292' title='bbox 2736 2131 2794 2176; x_wconf 94' lang='lat' dir='ltr'>et</span> <span class='ocrx_word' id='word_1_293' title='bbox 2842 2121 3119 2174; x_wconf 84' lang='lat' dir='ltr'><strong>hominem</strong></span> <span class='ocrx_word' id='word_1_294' title='bbox 3151 2124 3378 2186; x_wconf 81' lang='lat' dir='ltr'><strong>superat</strong></span> <span class='ocrx_word' id='word_1_295' title='bbox 3402 2128 3610 2169; x_wconf 80' lang='lat' dir='ltr'><strong>conce—</strong></span> 
     </span>
    </p>
   </div>
   <div class='ocr_carea' id='block_1_30' title="bbox 321 2215 1913 2289">
    <p class='ocr_par' dir='ltr' id='par_1_30' title="bbox 321 2215 1913 2289">
     <span class='ocr_line' id='line_1_30' title="bbox 321 2215 1913 2289; baseline 0.004 -26"><span class='ocrx_word' id='word_1_296' title='bbox 321 2223 436 2271; x_wconf 62' lang='grc' dir='ltr'>πλεο</span> <span class='ocrx_word' id='word_1_297' title='bbox 521 2227 729 2277; x_wconf 82' lang='lat' dir='ltr'><strong>autem.</strong></span> <span class='ocrx_word' id='word_1_298' title='bbox 804 2218 1001 2287; x_wconf 84' lang='lat' dir='ltr'><strong>inquit.</strong></span> <span class='ocrx_word' id='word_1_299' title='bbox 1071 2219 1383 2289; x_wconf 83' lang='lat' dir='ltr'><strong>cogitasset,</strong></span> <span class='ocrx_word' id='word_1_300' title='bbox 1446 2216 1600 2271; x_wconf 81' lang='lat' dir='ltr'><strong>venit</strong></span> <span class='ocrx_word' id='word_1_301' title='bbox 1664 2215 1913 2287; x_wconf 70' lang='lat' dir='ltr'><strong>angelus,</strong></span> 
     </span>
    </p>
   </div>
   <div class='ocr_carea' id='block_1_31' title="bbox 319 2306 1917 2377">
    <p class='ocr_par' dir='ltr' id='par_1_31' title="bbox 319 2306 1917 2377">
     <span class='ocr_line' id='line_1_31' title="bbox 319 2306 1917 2377; baseline 0.001 -18"><span class='ocrx_word' id='word_1_302' title='bbox 319 2318 571 2377; x_wconf 84' lang='lat' dir='ltr'><strong>prompte</strong></span> <span class='ocrx_word' id='word_1_303' title='bbox 604 2311 824 2365; x_wconf 72' lang='lat' dir='ltr'><strong>solvens</strong></span> <span class='ocrx_word' id='word_1_304' title='bbox 855 2310 1279 2365; x_wconf 84' lang='lat' dir='ltr'><strong>dubitationem.</strong></span> <span class='ocrx_word' id='word_1_305' title='bbox 1342 2308 1489 2362; x_wconf 80' lang='lat' dir='ltr'><strong>Nihil</strong></span> <span class='ocrx_word' id='word_1_306' title='bbox 1523 2307 1671 2362; x_wconf 91' lang='lat' dir='ltr'><strong>enim</strong></span> <span class='ocrx_word' id='word_1_307' title='bbox 1731 2306 1917 2377; x_wconf 91' lang='lat' dir='ltr'><strong>probri</strong></span> 
     </span>
    </p>
   </div>
   <div class='ocr_carea' id='block_1_32' title="bbox 318 2400 1917 2471">
    <p class='ocr_par' dir='ltr' id='par_1_32' title="bbox 318 2400 1917 2471">
     <span class='ocr_line' id='line_1_32' title="bbox 318 2400 1917 2471; baseline 0.001 -19"><span class='ocrx_word' id='word_1_308' title='bbox 318 2416 354 2452; x_wconf 83' lang='grc' dir='ltr'>ιι</span> <span class='ocrx_word' id='word_1_309' title='bbox 376 2416 422 2454; x_wconf 72' lang='lat' dir='ltr'><strong>:c</strong></span> <span class='ocrx_word' id='word_1_310' title='bbox 448 2402 797 2456; x_wconf 81' lang='lat' dir='ltr'><strong>contumeliae</strong></span> <span class='ocrx_word' id='word_1_311' title='bbox 821 2419 940 2457; x_wconf 83' lang='lat' dir='ltr'>eam</span> <span class='ocrx_word' id='word_1_312' title='bbox 983 2403 1169 2457; x_wconf 88' lang='lat' dir='ltr'><strong>subire</strong></span> <span class='ocrx_word' id='word_1_313' title='bbox 1191 2401 1499 2471; x_wconf 88' lang='lat' dir='ltr'><strong>oportebat,</strong></span> <span class='ocrx_word' id='word_1_314' title='bbox 1522 2416 1644 2469; x_wconf 67' lang='lat' dir='ltr'><strong>quas</strong></span> <span class='ocrx_word' id='word_1_315' title='bbox 1668 2400 1737 2454; x_wconf 89' lang='lat' dir='ltr'>ab</span> <span class='ocrx_word' id='word_1_316' title='bbox 1768 2401 1917 2454; x_wconf 90' lang='lat' dir='ltr'><strong>omni</strong></span> 
     </span>
    </p>
   </div>
   <div class='ocr_carea' id='block_1_33' title="bbox 321 2492 1920 2565">
    <p class='ocr_par' dir='ltr' id='par_1_33' title="bbox 321 2492 1920 2565">
     <span class='ocr_line' id='line_1_33' title="bbox 321 2492 1920 2565; baseline 0.001 -20"><span class='ocrx_word' id='word_1_317' title='bbox 321 2495 523 2560; x_wconf 63' lang='lat' dir='ltr'><strong>probro</strong></span> <span class='ocrx_word' id='word_1_318' title='bbox 578 2505 632 2549; x_wconf 76' lang='lat' dir='ltr'>et</span> <span class='ocrx_word' id='word_1_319' title='bbox 683 2496 951 2551; x_wconf 84' lang='lat' dir='ltr'><strong>dedecore</strong></span> <span class='ocrx_word' id='word_1_320' title='bbox 995 2505 1112 2550; x_wconf 85' lang='lat' dir='ltr'><strong>erat</strong></span> <span class='ocrx_word' id='word_1_321' title='bbox 1157 2496 1314 2564; x_wconf 84' lang='lat' dir='ltr'><strong>longe</strong></span> <span class='ocrx_word' id='word_1_322' title='bbox 1372 2494 1683 2565; x_wconf 83' lang='lat' dir='ltr'><strong>purissima.</strong></span> <span class='ocrx_word' id='word_1_323' title='bbox 1732 2492 1920 2558; x_wconf 86' lang='lat' dir='ltr'><strong>Qualis</strong></span> 
     </span>
    </p>
   </div>
   <div class='ocr_carea' id='block_1_34' title="bbox 316 2584 1918 2658">
    <p class='ocr_par' dir='ltr' id='par_1_34' title="bbox 316 2584 1918 2658">
     <span class='ocr_line' id='line_1_34' title="bbox 316 2584 1918 2658; baseline 0.002 -23"><span class='ocrx_word' id='word_1_324' title='bbox 316 2595 499 2638; x_wconf 75' lang='lat' dir='ltr'><strong>autem</strong></span> <span class='ocrx_word' id='word_1_325' title='bbox 533 2588 635 2639; x_wconf 82' lang='lat' dir='ltr'><strong>fuit</strong></span> <span class='ocrx_word' id='word_1_326' title='bbox 670 2604 771 2641; x_wconf 75' lang='lat' dir='ltr'><strong>vox</strong></span> <span class='ocrx_word' id='word_1_327' title='bbox 802 2588 979 2658; x_wconf 74' lang='lat' dir='ltr'><strong>angeli</strong></span> <span class='ocrx_word' id='word_1_328' title='bbox 1002 2588 1070 2641; x_wconf 86' lang='lat' dir='ltr'>ad</span> <span class='ocrx_word' id='word_1_329' title='bbox 1100 2585 1668 2657; x_wconf 65' lang='lat' dir='ltr'><strong>Josepbtnn?!oseph,</strong></span> <span class='ocrx_word' id='word_1_330' title='bbox 1697 2586 1777 2653; x_wconf 81' lang='lat' dir='ltr'><strong>ﬁli</strong></span> <span class='ocrx_word' id='word_1_331' title='bbox 1808 2584 1918 2639; x_wconf 87' lang='lat' dir='ltr'>Da-</span> 
     </span>
    </p>
   </div>
   <div class='ocr_carea' id='block_1_35' title="bbox 317 2676 1918 2750">
    <p class='ocr_par' dir='ltr' id='par_1_35' title="bbox 317 2676 1918 2750">
     <span class='ocr_line' id='line_1_35' title="bbox 317 2676 1918 2750; baseline 0.003 -24"><span class='ocrx_word' id='word_1_332' title='bbox 317 2677 421 2736; x_wconf 74' lang='lat' dir='ltr'><strong>vid,</strong></span> <span class='ocrx_word' id='word_1_333' title='bbox 454 2695 518 2730; x_wconf 81' lang='lat' dir='ltr'>ne</span> <span class='ocrx_word' id='word_1_334' title='bbox 551 2680 739 2732; x_wconf 81' lang='lat' dir='ltr'><strong>timeas</strong></span> <span class='ocrx_word' id='word_1_335' title='bbox 773 2684 1011 2750; x_wconf 71' lang='lat' dir='ltr'><strong>accipere</strong></span> <span class='ocrx_word' id='word_1_336' title='bbox 1041 2680 1271 2735; x_wconf 80' lang='lat' dir='ltr'><strong>Mariam</strong></span> <span class='ocrx_word' id='word_1_337' title='bbox 1306 2695 1521 2733; x_wconf 74' lang='lat' dir='ltr'><strong>uxorem</strong></span> <span class='ocrx_word' id='word_1_338' title='bbox 1570 2677 1789 2733; x_wconf 82' lang='lat' dir='ltr'><strong>tuam“.</strong></span> <span class='ocrx_word' id='word_1_339' title='bbox 1826 2676 1918 2731; x_wconf 81' lang='lat' dir='ltr'>Fi-</span> 
     </span>
    </p>
   </div>
   <div class='ocr_carea' id='block_1_36' title="bbox 437 2863 1474 2934">
    <p class='ocr_par' dir='ltr' id='par_1_36' title="bbox 437 2863 1474 2934">
     <span class='ocr_line' id='line_1_36' title="bbox 437 2863 1474 2934; baseline 0.002 -16"><span class='ocrx_word' id='word_1_340' title='bbox 437 2863 680 2919; x_wconf 74' lang='lat' dir='ltr'><strong>‘Muttb.</strong></span> <span class='ocrx_word' id='word_1_341' title='bbox 710 2881 749 2925; x_wconf 85' lang='lat' dir='ltr'>t.</span> <span class='ocrx_word' id='word_1_342' title='bbox 787 2864 875 2918; x_wconf 79' lang='grc'>19.</span> <span class='ocrx_word' id='word_1_343' title='bbox 989 2866 1009 2897; x_wconf 86' lang='grc'><strong><em>⁹</em></strong></span> <span class='ocrx_word' id='word_1_344' title='bbox 1045 2866 1218 2920; x_wconf 72' lang='lat' dir='ltr'><strong>Lerit.</strong></span> <span class='ocrx_word' id='word_1_345' title='bbox 1256 2882 1345 2934; x_wconf 76' lang='lat' dir='ltr'>xx,</span> <span class='ocrx_word' id='word_1_346' title='bbox 1389 2866 1474 2921; x_wconf 72' lang='grc'>10.</span> 
     </span>
    </p>
   </div>
   <div class='ocr_carea' id='block_1_37' title="bbox 322 3046 1993 3122">
    <p class='ocr_par' dir='ltr' id='par_1_37' title="bbox 322 3046 1993 3122">
     <span class='ocr_line' id='line_1_37' title="bbox 322 3046 1993 3122; baseline -0.001 -17"><span class='ocrx_word' id='word_1_347' title='bbox 322 3051 513 3122; x_wconf 80' lang='grc' dir='ltr'>Ταύτῃ</span> <span class='ocrx_word' id='word_1_348' title='bbox 536 3066 620 3103; x_wconf 90' lang='grc' dir='ltr'>τοι</span> <span class='ocrx_word' id='word_1_349' title='bbox 653 3052 751 3102; x_wconf 73' lang='grc' dir='ltr'>καὶ</span> <span class='ocrx_word' id='word_1_350' title='bbox 796 3050 1064 3122; x_wconf 73' lang='grc' dir='ltr'>λαθραίαν</span> <span class='ocrx_word' id='word_1_351' title='bbox 1107 3050 1246 3122; x_wconf 78' lang='grc' dir='ltr'>αὐτῇ</span> <span class='ocrx_word' id='word_1_352' title='bbox 1292 3050 1391 3121; x_wconf 81' lang='grc' dir='ltr'>τὴν</span> <span class='ocrx_word' id='word_1_353' title='bbox 1414 3046 1684 3105; x_wconf 79' lang='grc' dir='ltr'>ἀπόλυσιν</span> <span class='ocrx_word' id='word_1_354' title='bbox 1714 3049 1919 3120; x_wconf 74' lang='grc' dir='ltr'>ᾠκονόο</span> <span class='ocrx_word' id='word_1_355' title='bbox 1986 3071 1993 3077; x_wconf 68' lang='grc'><em>’</em></span> 
     </span>
    </p>
   </div>
   <div class='ocr_carea' id='block_1_38' title="bbox 327 3141 1981 3216">
    <p class='ocr_par' dir='ltr' id='par_1_38' title="bbox 327 3141 1981 3216">
     <span class='ocr_line' id='line_1_38' title="bbox 327 3141 1981 3216; baseline -0.002 -18"><span class='ocrx_word' id='word_1_356' title='bbox 327 3159 454 3213; x_wconf 80' lang='grc' dir='ltr'>μει·</span> <span class='ocrx_word' id='word_1_357' title='bbox 486 3144 582 3198; x_wconf 80' lang='grc' dir='ltr'>ᾶτε</span> <span class='ocrx_word' id='word_1_358' title='bbox 614 3142 757 3197; x_wconf 77' lang='grc' dir='ltr'>οὕτω</span> <span class='ocrx_word' id='word_1_359' title='bbox 789 3143 1017 3207; x_wconf 78' lang='grc' dir='ltr'>δίκαιος</span> <span class='ocrx_word' id='word_1_360' title='bbox 1039 3143 1145 3208; x_wconf 87' lang='grc' dir='ltr'>ὢν,</span> <span class='ocrx_word' id='word_1_361' title='bbox 1171 3142 1247 3205; x_wconf 81' lang='grc' dir='ltr'>ὡς</span> <span class='ocrx_word' id='word_1_362' title='bbox 1277 3142 1353 3215; x_wconf 82' lang='grc' dir='ltr'>μὴ</span> <span class='ocrx_word' id='word_1_363' title='bbox 1383 3142 1543 3215; x_wconf 88' lang='grc' dir='ltr'>μόνον</span> <span class='ocrx_word' id='word_1_364' title='bbox 1576 3141 1652 3213; x_wconf 83' lang='grc' dir='ltr'>μὴ</span> <span class='ocrx_word' id='word_1_365' title='bbox 1678 3141 1907 3195; x_wconf 81' lang='grc' dir='ltr'>κολάσαι</span> <span class='ocrx_word' id='word_1_366' title='bbox 1942 3197 1981 3216; x_wconf 55' lang='grc' dir='ltr'><strong><em>η</em></strong></span> 
     </span>
    </p>
   </div>
   <div class='ocr_carea' id='block_1_39' title="bbox 327 3234 1909 3307">
    <p class='ocr_par' dir='ltr' id='par_1_39' title="bbox 327 3234 1909 3307">
     <span class='ocr_line' id='line_1_39' title="bbox 327 3234 1909 3307; baseline -0.001 -18"><span class='ocrx_word' id='word_1_367' title='bbox 327 3236 654 3306; x_wconf 75' lang='grc' dir='ltr'>βούλεσθαι,</span> <span class='ocrx_word' id='word_1_368' title='bbox 696 3237 873 3290; x_wconf 85' lang='grc' dir='ltr'>καίτοι</span> <span class='ocrx_word' id='word_1_369' title='bbox 908 3253 971 3303; x_wconf 86' lang='grc' dir='ltr'>γε</span> <span class='ocrx_word' id='word_1_370' title='bbox 996 3236 1091 3289; x_wconf 83' lang='grc' dir='ltr'>τοῦ</span> <span class='ocrx_word' id='word_1_371' title='bbox 1145 3236 1314 3307; x_wconf 86' lang='grc' dir='ltr'>νόμου</span> <span class='ocrx_word' id='word_1_372' title='bbox 1369 3236 1529 3291; x_wconf 77' lang='grc' dir='ltr'>τοῦτο</span> <span class='ocrx_word' id='word_1_373' title='bbox 1569 3234 1909 3302; x_wconf 88' lang='grc' dir='ltr'>κελεύοντος,</span> 
     </span>
    </p>
   </div>
   <div class='ocr_carea' id='block_1_40' title="bbox 321 3326 1913 3401">
    <p class='ocr_par' dir='ltr' id='par_1_40' title="bbox 321 3326 1913 3401">
     <span class='ocr_line' id='line_1_40' title="bbox 321 3326 1913 3401; baseline -0.001 -20"><span class='ocrx_word' id='word_1_374' title='bbox 321 3331 463 3383; x_wconf 77' lang='grc' dir='ltr'>αλλὰ</span> <span class='ocrx_word' id='word_1_375' title='bbox 520 3330 658 3401; x_wconf 82' lang='grc' dir='ltr'>μηδὲ</span> <span class='ocrx_word' id='word_1_376' title='bbox 699 3329 1225 3400; x_wconf 73' lang='grc' dir='ltr'>παραδειγματίσαι,</span> <span class='ocrx_word' id='word_1_377' title='bbox 1263 3329 1511 3383; x_wconf 79' lang='grc' dir='ltr'>τουτέστι</span> <span class='ocrx_word' id='word_1_378' title='bbox 1555 3327 1793 3400; x_wconf 77' lang='grc' dir='ltr'>φανερὸν</span> <span class='ocrx_word' id='word_1_379' title='bbox 1853 3326 1913 3380; x_wconf 88' lang='grc' dir='ltr'>τδ</span> 
     </span>
    </p>
   </div>
   <div class='ocr_carea' id='block_1_41' title="bbox 323 3419 1914 3494">
    <p class='ocr_par' dir='ltr' id='par_1_41' title="bbox 323 3419 1914 3494">
     <span class='ocr_line' id='line_1_41' title="bbox 323 3419 1914 3494; baseline -0.003 -17"><span class='ocrx_word' id='word_1_380' title='bbox 323 3426 562 3494; x_wconf 80' lang='grc' dir='ltr'>πρᾶγμα</span> <span class='ocrx_word' id='word_1_381' title='bbox 597 3422 789 3476; x_wconf 84' lang='grc' dir='ltr'>θέσθαι</span> <span class='ocrx_word' id='word_1_382' title='bbox 822 3424 918 3475; x_wconf 76' lang='grc' dir='ltr'>καὶ</span> <span class='ocrx_word' id='word_1_383' title='bbox 974 3422 1386 3492; x_wconf 81' lang='grc' dir='ltr'>ὲκπομπεῠσαι.</span> <span class='ocrx_word' id='word_1_384' title='bbox 1418 3422 1607 3476; x_wconf 82' lang='grc' dir='ltr'>Ταῦτα</span> <span class='ocrx_word' id='word_1_385' title='bbox 1642 3420 1701 3475; x_wconf 75' lang='grc' dir='ltr'>δὲ</span> <span class='ocrx_word' id='word_1_386' title='bbox 1747 3419 1914 3473; x_wconf 81' lang='grc' dir='ltr'>αὑτοῦ</span> 
     </span>
    </p>
   </div>
   <div class='ocr_carea' id='block_1_42' title="bbox 327 3513 1915 3586">
    <p class='ocr_par' dir='ltr' id='par_1_42' title="bbox 327 3513 1915 3586">
     <span class='ocr_line' id='line_1_42' title="bbox 327 3513 1915 3586; baseline 0 -19"><span class='ocrx_word' id='word_1_387' title='bbox 327 3516 750 3586; x_wconf 78' lang='grc' dir='ltr'>ενθυμηθὲντος,</span> <span class='ocrx_word' id='word_1_388' title='bbox 786 3516 1100 3584; x_wconf 84' lang='grc' dir='ltr'>ἀφικνεῖται</span> <span class='ocrx_word' id='word_1_389' title='bbox 1148 3518 1176 3569; x_wconf 92' lang='lat'>6</span> <span class='ocrx_word' id='word_1_390' title='bbox 1222 3516 1474 3584; x_wconf 78' lang='grc' dir='ltr'>ἄγγελος,</span> <span class='ocrx_word' id='word_1_391' title='bbox 1510 3513 1653 3568; x_wconf 97' lang='grc' dir='ltr'>λύων</span> <span class='ocrx_word' id='word_1_392' title='bbox 1683 3514 1915 3585; x_wconf 80' lang='grc' dir='ltr'>ἑτοίμως</span> 
     </span>
    </p>
   </div>
   <div class='ocr_carea' id='block_1_43' title="bbox 325 3607 1918 3680">
    <p class='ocr_par' dir='ltr' id='par_1_43' title="bbox 325 3607 1918 3680">
     <span class='ocr_line' id='line_1_43' title="bbox 325 3607 1918 3680; baseline -0.001 -20"><span class='ocrx_word' id='word_1_393' title='bbox 325 3608 426 3679; x_wconf 58' lang='grc' dir='ltr'>τὴν</span> <span class='ocrx_word' id='word_1_394' title='bbox 461 3608 738 3678; x_wconf 78' lang='grc' dir='ltr'>ἀπορίαν·</span> <span class='ocrx_word' id='word_1_395' title='bbox 771 3607 878 3660; x_wconf 79' lang='grc' dir='ltr'>ἔδει</span> <span class='ocrx_word' id='word_1_396' title='bbox 906 3608 1013 3680; x_wconf 88' lang='grc' dir='ltr'>γάρ</span> <span class='ocrx_word' id='word_1_397' title='bbox 1064 3609 1233 3680; x_wconf 79' lang='grc' dir='ltr'>μηδὲν</span> <span class='ocrx_word' id='word_1_398' title='bbox 1262 3609 1400 3671; x_wconf 85' lang='grc' dir='ltr'>ὅλως</span> <span class='ocrx_word' id='word_1_399' title='bbox 1430 3607 1749 3679; x_wconf 77' lang='grc' dir='ltr'>ὑϐριστικὸν</span> <span class='ocrx_word' id='word_1_400' title='bbox 1793 3607 1918 3659; x_wconf 74' lang='grc' dir='ltr'>επί-</span> 
     </span>
    </p>
   </div>
   <div class='ocr_carea' id='block_1_44' title="bbox 329 3697 1916 3771">
    <p class='ocr_par' dir='ltr' id='par_1_44' title="bbox 329 3697 1916 3771">
     <span class='ocr_line' id='line_1_44' title="bbox 329 3697 1916 3771; baseline -0.002 -18"><span class='ocrx_word' id='word_1_401' title='bbox 329 3716 523 3771; x_wconf 86' lang='grc' dir='ltr'>μωμον</span> <span class='ocrx_word' id='word_1_402' title='bbox 559 3698 887 3769; x_wconf 80' lang='grc' dir='ltr'>ὑποστῆναι,</span> <span class='ocrx_word' id='word_1_403' title='bbox 915 3699 1012 3771; x_wconf 75' lang='grc' dir='ltr'>τὴν</span> <span class='ocrx_word' id='word_1_404' title='bbox 1045 3700 1247 3763; x_wconf 81' lang='grc' dir='ltr'>παντὸς</span> <span class='ocrx_word' id='word_1_405' title='bbox 1273 3697 1467 3771; x_wconf 87' lang='grc' dir='ltr'>μώμου</span> <span class='ocrx_word' id='word_1_406' title='bbox 1494 3698 1916 3771; x_wconf 77' lang='grc' dir='ltr'>καθαρωτάτηνσ</span> 
     </span>
    </p>
   </div>
   <div class='ocr_carea' id='block_1_45' title="bbox 325 3790 1918 3866">
    <p class='ocr_par' dir='ltr' id='par_1_45' title="bbox 325 3790 1918 3866">
     <span class='ocr_line' id='line_1_45' title="bbox 325 3790 1918 3866; baseline -0.001 -20"><span class='ocrx_word' id='word_1_407' title='bbox 325 3797 387 3847; x_wconf 83' lang='grc' dir='ltr'>οὑ</span> <span class='ocrx_word' id='word_1_408' title='bbox 425 3795 535 3864; x_wconf 85' lang='grc' dir='ltr'>γάρ</span> <span class='ocrx_word' id='word_1_409' title='bbox 568 3794 729 3866; x_wconf 89' lang='grc' dir='ltr'>μόνον</span> <span class='ocrx_word' id='word_1_410' title='bbox 770 3796 936 3866; x_wconf 72' lang='grc' dir='ltr'>φησὶν</span> <span class='ocrx_word' id='word_1_411' title='bbox 985 3794 1206 3859; x_wconf 78' lang='grc' dir='ltr'>ἄθικτος</span> <span class='ocrx_word' id='word_1_412' title='bbox 1249 3793 1575 3865; x_wconf 89' lang='grc' dir='ltr'>παρανόμου</span> <span class='ocrx_word' id='word_1_413' title='bbox 1627 3790 1829 3863; x_wconf 78' lang='grc' dir='ltr'>μίξεως</span> <span class='ocrx_word' id='word_1_414' title='bbox 1883 3791 1918 3861; x_wconf 75' lang='grc' dir='ltr'><strong>ἡ</strong></span> 
     </span>
    </p>
   </div>
   <div class='ocr_carea' id='block_1_46' title="bbox 328 3885 1923 3959">
    <p class='ocr_par' dir='ltr' id='par_1_46' title="bbox 328 3885 1923 3959">
     <span class='ocr_line' id='line_1_46' title="bbox 328 3885 1923 3959; baseline -0.002 -20"><span class='ocrx_word' id='word_1_415' title='bbox 328 3887 625 3957; x_wconf 79' lang='grc' dir='ltr'>Ιῐαρθένος,</span> <span class='ocrx_word' id='word_1_416' title='bbox 659 3887 798 3941; x_wconf 79' lang='grc' dir='ltr'>ἀλλά</span> <span class='ocrx_word' id='word_1_417' title='bbox 823 3886 919 3940; x_wconf 75' lang='grc' dir='ltr'>καὶ</span> <span class='ocrx_word' id='word_1_418' title='bbox 950 3885 1169 3956; x_wconf 83' lang='grc' dir='ltr'>φύσεως</span> <span class='ocrx_word' id='word_1_419' title='bbox 1199 3887 1489 3959; x_wconf 75' lang='grc' dir='ltr'>κρείττων,</span> <span class='ocrx_word' id='word_1_420' title='bbox 1522 3885 1619 3938; x_wconf 81' lang='grc' dir='ltr'>καὶ</span> <span class='ocrx_word' id='word_1_421' title='bbox 1653 3885 1796 3954; x_wconf 75' lang='grc' dir='ltr'>ὑπὲρ</span> <span class='ocrx_word' id='word_1_422' title='bbox 1825 3885 1923 3937; x_wconf 83' lang='grc' dir='ltr'>ἀν-</span> 
     </span>
    </p>
   </div>
   <div class='ocr_carea' id='block_1_47' title="bbox 328 3977 1922 4050">
    <p class='ocr_par' dir='ltr' id='par_1_47' title="bbox 328 3977 1922 4050">
     <span class='ocr_line' id='line_1_47' title="bbox 328 3977 1922 4050; baseline 0 -18"><span class='ocrx_word' id='word_1_423' title='bbox 328 3982 552 4048; x_wconf 65' lang='grc' dir='ltr'>ίδρωπον</span> <span class='ocrx_word' id='word_1_424' title='bbox 585 3981 619 4049; x_wconf 82' lang='grc' dir='ltr'><strong>ή</strong></span> <span class='ocrx_word' id='word_1_425' title='bbox 656 3980 948 4049; x_wconf 84' lang='grc' dir='ltr'>κυοφορία,</span> <span class='ocrx_word' id='word_1_426' title='bbox 982 3978 1124 4033; x_wconf 81' lang='grc' dir='ltr'>ὥστε</span> <span class='ocrx_word' id='word_1_427' title='bbox 1153 3979 1215 4033; x_wconf 81' lang='grc' dir='ltr'>οὐ</span> <span class='ocrx_word' id='word_1_428' title='bbox 1260 3978 1427 4049; x_wconf 80' lang='grc' dir='ltr'>φόϐου</span> <span class='ocrx_word' id='word_1_429' title='bbox 1474 3979 1641 4050; x_wconf 86' lang='grc' dir='ltr'>μόνον</span> <span class='ocrx_word' id='word_1_430' title='bbox 1675 3977 1922 4048; x_wconf 86' lang='grc' dir='ltr'>ἀπηλλά-</span> 
     </span>
    </p>
   </div>
   <div class='ocr_carea' id='block_1_48' title="bbox 328 4070 1921 4143">
    <p class='ocr_par' dir='ltr' id='par_1_48' title="bbox 328 4070 1921 4143">
     <span class='ocr_line' id='line_1_48' title="bbox 328 4070 1921 4143; baseline -0.002 -17"><span class='ocrx_word' id='word_1_431' title='bbox 328 4075 453 4143; x_wconf 68' lang='grc' dir='ltr'>χθαι</span> <span class='ocrx_word' id='word_1_432' title='bbox 491 4073 592 4133; x_wconf 81' lang='grc' dir='ltr'>δεῖ,</span> <span class='ocrx_word' id='word_1_433' title='bbox 632 4072 769 4125; x_wconf 85' lang='grc' dir='ltr'>ἀλλά</span> <span class='ocrx_word' id='word_1_434' title='bbox 815 4074 914 4124; x_wconf 81' lang='grc' dir='ltr'>καὶ</span> <span class='ocrx_word' id='word_1_435' title='bbox 960 4072 1305 4142; x_wconf 77' lang='grc' dir='ltr'>εὐφροσύνης</span> <span class='ocrx_word' id='word_1_436' title='bbox 1351 4070 1804 4142; x_wconf 81' lang='grc' dir='ltr'>ύποπεπλῆσθαι.</span> <span class='ocrx_word' id='word_1_437' title='bbox 1843 4070 1921 4123; x_wconf 75' lang='grc' dir='ltr'>Σὰ</span> 
     </span>
    </p>
   </div>
   <div class='ocr_carea' id='block_1_49' title="bbox 327 4160 1921 4234">
    <p class='ocr_par' dir='ltr' id='par_1_49' title="bbox 327 4160 1921 4234">
     <span class='ocr_line' id='line_1_49' title="bbox 327 4160 1921 4234; baseline -0.001 -18"><span class='ocrx_word' id='word_1_438' title='bbox 327 4164 505 4219; x_wconf 75' lang='grc' dir='ltr'>ταῦτα</span> <span class='ocrx_word' id='word_1_439' title='bbox 531 4164 815 4234; x_wconf 78' lang='grc' dir='ltr'>μεγαλεῖα,</span> <span class='ocrx_word' id='word_1_440' title='bbox 847 4164 1094 4233; x_wconf 79' lang='grc' dir='ltr'>Παρθένε</span> <span class='ocrx_word' id='word_1_441' title='bbox 1113 4182 1128 4198; x_wconf 88' lang='grc'><strong>·</strong></span> <span class='ocrx_word' id='word_1_442' title='bbox 1154 4166 1251 4217; x_wconf 74' lang='grc' dir='ltr'>καὶ</span> <span class='ocrx_word' id='word_1_443' title='bbox 1270 4164 1332 4217; x_wconf 79' lang='grc' dir='ltr'>σὲ</span> <span class='ocrx_word' id='word_1_444' title='bbox 1352 4163 1594 4230; x_wconf 76' lang='grc' dir='ltr'>δοξάζων</span> <span class='ocrx_word' id='word_1_445' title='bbox 1618 4165 1644 4216; x_wconf 91' lang='lat'>6</span> <span class='ocrx_word' id='word_1_446' title='bbox 1662 4160 1921 4229; x_wconf 81' lang='grc' dir='ltr'>Δυνατδς,</span> 
     </span>
    </p>
   </div>
   <div class='ocr_carea' id='block_1_50' title="bbox 330 4257 1710 4330">
    <p class='ocr_par' dir='ltr' id='par_1_50' title="bbox 330 4257 1710 4330">
     <span class='ocr_line' id='line_1_50' title="bbox 330 4257 1710 4330; baseline -0.004 -14"><span class='ocrx_word' id='word_1_447' title='bbox 330 4260 631 4330; x_wconf 76' lang='grc' dir='ltr'>ὑπερφυῶν</span> <span class='ocrx_word' id='word_1_448' title='bbox 659 4258 1007 4329; x_wconf 70' lang='grc' dir='ltr'>πραγμάτων</span> <span class='ocrx_word' id='word_1_449' title='bbox 1046 4257 1359 4326; x_wconf 75' lang='grc' dir='ltr'>οἰκονομίας</span> <span class='ocrx_word' id='word_1_450' title='bbox 1386 4257 1710 4327; x_wconf 88' lang='grc' dir='ltr'>πεποίηκεν.</span> 
     </span>
    </p>
   </div>
   <div class='ocr_carea' id='block_1_51' title="bbox 411 4349 1926 4425">
    <p class='ocr_par' dir='ltr' id='par_1_51' title="bbox 411 4349 1926 4425">
     <span class='ocr_line' id='line_1_51' title="bbox 411 4349 1926 4425; baseline -0.003 -17"><span class='ocrx_word' id='word_1_451' title='bbox 411 4352 492 4425; x_wconf 82' lang='grc'>(5)</span> <span class='ocrx_word' id='word_1_452' title='bbox 539 4354 652 4408; x_wconf 87' lang='grc' dir='ltr'>Τοῦ</span> <span class='ocrx_word' id='word_1_453' title='bbox 689 4353 1123 4422; x_wconf 72' lang='grc' dir='ltr'>Μεταφραστοῦ</span> <span class='ocrx_word' id='word_1_454' title='bbox 1161 4352 1261 4404; x_wconf 70' lang='grc' dir='ltr'>καί</span> <span class='ocrx_word' id='word_1_455' title='bbox 1297 4349 1701 4417; x_wconf 77' lang='grc' dir='ltr'>Ἀλεξάνδρου</span> <span class='ocrx_word' id='word_1_456' title='bbox 1740 4366 1926 4419; x_wconf 82' lang='grc' dir='ltr'>μονα·</span> 
     </span>
    </p>
   </div>
   <div class='ocr_carea' id='block_1_52' title="bbox 337 4445 1926 4519">
    <p class='ocr_par' dir='ltr' id='par_1_52' title="bbox 337 4445 1926 4519">
     <span class='ocr_line' id='line_1_52' title="bbox 337 4445 1926 4519; baseline -0.004 -16"><span class='ocrx_word' id='word_1_457' title='bbox 337 4448 472 4519; x_wconf 82' lang='grc' dir='ltr'>χοῦ.</span> <span class='ocrx_word' id='word_1_458' title='bbox 520 4445 785 4500; x_wconf 80' lang='grc' dir='ltr'>Ἐνταῦθα</span> <span class='ocrx_word' id='word_1_459' title='bbox 822 4449 850 4500; x_wconf 98' lang='lat'>6</span> <span class='ocrx_word' id='word_1_460' title='bbox 880 4446 1036 4514; x_wconf 81' lang='grc' dir='ltr'>λόγος</span> <span class='ocrx_word' id='word_1_461' title='bbox 1065 4447 1351 4513; x_wconf 75' lang='grc' dir='ltr'>διασαφεῖν</span> <span class='ocrx_word' id='word_1_462' title='bbox 1384 4445 1641 4515; x_wconf 79' lang='grc' dir='ltr'>ὥρμηται</span> <span class='ocrx_word' id='word_1_463' title='bbox 1673 4445 1926 4515; x_wconf 78' lang='grc' dir='ltr'>περὶτῆς</span> 
     </span>
    </p>
   </div>
   <div class='ocr_carea' id='block_1_53' title="bbox 2021 2210 3606 2286">
    <p class='ocr_par' dir='ltr' id='par_1_53' title="bbox 2021 2210 3606 2286">
     <span class='ocr_line' id='line_1_53' title="bbox 2021 2210 3606 2286; baseline -0.005 -17"><span class='ocrx_word' id='word_1_464' title='bbox 2021 2215 2160 2286; x_wconf 91' lang='lat' dir='ltr'><strong>ptio.</strong></span> <span class='ocrx_word' id='word_1_465' title='bbox 2197 2213 2567 2280; x_wconf 83' lang='lat' dir='ltr'><strong>Quamobrem</strong></span> <span class='ocrx_word' id='word_1_466' title='bbox 2591 2228 2700 2268; x_wconf 92' lang='lat' dir='ltr'>non</span> <span class='ocrx_word' id='word_1_467' title='bbox 2729 2222 2814 2268; x_wconf 92' lang='lat' dir='ltr'>est</span> <span class='ocrx_word' id='word_1_468' title='bbox 2846 2213 3026 2267; x_wconf 90' lang='lat' dir='ltr'><strong>solum</strong></span> <span class='ocrx_word' id='word_1_469' title='bbox 3068 2210 3369 2265; x_wconf 80' lang='lat' dir='ltr'><strong>solvendus</strong></span> <span class='ocrx_word' id='word_1_470' title='bbox 3405 2219 3606 2271; x_wconf 87' lang='lat' dir='ltr'><strong>metus,</strong></span> 
     </span>
    </p>
   </div>
   <div class='ocr_carea' id='block_1_54' title="bbox 2027 2299 3612 2375">
    <p class='ocr_par' dir='ltr' id='par_1_54' title="bbox 2027 2299 3612 2375">
     <span class='ocr_line' id='line_1_54' title="bbox 2027 2299 3612 2375; baseline -0.008 -12"><span class='ocrx_word' id='word_1_471' title='bbox 2027 2308 2123 2362; x_wconf 88' lang='lat' dir='ltr'>sed</span> <span class='ocrx_word' id='word_1_472' title='bbox 2154 2308 2320 2361; x_wconf 87' lang='lat' dir='ltr'><strong>etiam</strong></span> <span class='ocrx_word' id='word_1_473' title='bbox 2374 2316 2593 2375; x_wconf 85' lang='lat' dir='ltr'><strong>oportet</strong></span> <span class='ocrx_word' id='word_1_474' title='bbox 2647 2320 2769 2361; x_wconf 86' lang='lat' dir='ltr'><strong>esse</strong></span> <span class='ocrx_word' id='word_1_475' title='bbox 2802 2305 3028 2375; x_wconf 87' lang='lat' dir='ltr'><strong>plenum</strong></span> <span class='ocrx_word' id='word_1_476' title='bbox 3060 2303 3267 2357; x_wconf 58' lang='lat' dir='ltr'><strong>laetitia.</strong></span> <span class='ocrx_word' id='word_1_477' title='bbox 3308 2299 3427 2354; x_wconf 89' lang='lat' dir='ltr'><strong>Tua</strong></span> <span class='ocrx_word' id='word_1_478' title='bbox 3479 2309 3612 2353; x_wconf 90' lang='lat' dir='ltr'><strong>sunt</strong></span> 
     </span>
    </p>
   </div>
   <div class='ocr_carea' id='block_1_55' title="bbox 2028 2392 3611 2470">
    <p class='ocr_par' dir='ltr' id='par_1_55' title="bbox 2028 2392 3611 2470">
     <span class='ocr_line' id='line_1_55' title="bbox 2028 2392 3611 2470; baseline -0.008 -14"><span class='ocrx_word' id='word_1_479' title='bbox 2028 2401 2144 2457; x_wconf 71' lang='lat' dir='ltr'><strong>haec</strong></span> <span class='ocrx_word' id='word_1_480' title='bbox 2177 2400 2466 2470; x_wconf 74' lang='lat' dir='ltr'><strong>magnalia,</strong></span> <span class='ocrx_word' id='word_1_481' title='bbox 2499 2414 2533 2452; x_wconf 83' lang='grc' dir='ltr'>ο</span> <span class='ocrx_word' id='word_1_482' title='bbox 2554 2398 2733 2469; x_wconf 78' lang='lat' dir='ltr'><strong>Virgo;</strong></span> <span class='ocrx_word' id='word_1_483' title='bbox 2761 2406 2817 2452; x_wconf 90' lang='lat' dir='ltr'>et</span> <span class='ocrx_word' id='word_1_484' title='bbox 2849 2407 2901 2451; x_wconf 91' lang='lat' dir='ltr'>te</span> <span class='ocrx_word' id='word_1_485' title='bbox 2931 2395 3258 2466; x_wconf 74' lang='lat' dir='ltr'><strong>gloriﬁcans,</strong></span> <span class='ocrx_word' id='word_1_486' title='bbox 3288 2392 3379 2463; x_wconf 91' lang='lat' dir='ltr'>qni</span> <span class='ocrx_word' id='word_1_487' title='bbox 3413 2399 3611 2463; x_wconf 79' lang='lat' dir='ltr'><strong>potens</strong></span> 
     </span>
    </p>
   </div>
   <div class='ocr_carea' id='block_1_56' title="bbox 2027 2484 3613 2560">
    <p class='ocr_par' dir='ltr' id='par_1_56' title="bbox 2027 2484 3613 2560">
     <span class='ocr_line' id='line_1_56' title="bbox 2027 2484 3613 2560; baseline -0.008 -13"><span class='ocrx_word' id='word_1_488' title='bbox 2027 2502 2131 2558; x_wconf 78' lang='lat' dir='ltr'><strong>est,</strong></span> <span class='ocrx_word' id='word_1_489' title='bbox 2183 2492 2309 2546; x_wconf 81' lang='lat' dir='ltr'><strong>fecit</strong></span> <span class='ocrx_word' id='word_1_490' title='bbox 2354 2491 2826 2560; x_wconf 85' lang='lat' dir='ltr'><strong>dispensationem</strong></span> <span class='ocrx_word' id='word_1_491' title='bbox 2868 2503 3054 2544; x_wconf 89' lang='lat' dir='ltr'><strong>rerum</strong></span> <span class='ocrx_word' id='word_1_492' title='bbox 3088 2484 3494 2541; x_wconf 85' lang='lat' dir='ltr'><strong>admirabilium</strong></span> <span class='ocrx_word' id='word_1_493' title='bbox 3551 2489 3613 2537; x_wconf 87' lang='lat' dir='ltr'>et</span> 
     </span>
    </p>
   </div>
   <div class='ocr_carea' id='block_1_57' title="bbox 2026 2582 3507 2653">
    <p class='ocr_par' dir='ltr' id='par_1_57' title="bbox 2026 2582 3507 2653">
     <span class='ocr_line' id='line_1_57' title="bbox 2026 2582 3507 2653; baseline -0.007 -14"><span class='ocrx_word' id='word_1_494' title='bbox 2026 2590 2324 2653; x_wconf 83' lang='lat' dir='ltr'><strong>supernatu</strong></span> <span class='ocrx_word' id='word_1_495' title='bbox 2334 2582 2552 2637; x_wconf 87' lang='lat' dir='ltr'><strong>ralium.</strong></span> <span class='ocrx_word' id='word_1_496' title='bbox 3502 2592 3507 2597; x_wconf 84' lang='lat'>&#39;</span> 
     </span>
    </p>
   </div>
   <div class='ocr_carea' id='block_1_58' title="bbox 2097 2662 3612 2743">
    <p class='ocr_par' dir='ltr' id='par_1_58' title="bbox 2097 2662 3612 2743">
     <span class='ocr_line' id='line_1_58' title="bbox 2097 2662 3612 2743; baseline -0.007 -14"><span class='ocrx_word' id='word_1_497' title='bbox 2097 2673 2191 2731; x_wconf 75' lang='lat' dir='ltr'>IX.</span> <span class='ocrx_word' id='word_1_498' title='bbox 2226 2673 2426 2731; x_wconf 83' lang='lat' dir='ltr'><strong>Verum</strong></span> <span class='ocrx_word' id='word_1_499' title='bbox 2455 2675 2735 2729; x_wconf 69' lang='lat' dir='ltr'><strong>enimvero</strong></span> <span class='ocrx_word' id='word_1_500' title='bbox 2768 2673 2842 2743; x_wconf 73' lang='lat' dir='ltr'>t5)</span> <span class='ocrx_word' id='word_1_501' title='bbox 2879 2670 3149 2741; x_wconf 83' lang='lat' dir='ltr'><strong>quomodo</strong></span> <span class='ocrx_word' id='word_1_502' title='bbox 3182 2666 3388 2723; x_wconf 76' lang='lat' dir='ltr'><strong>exitum</strong></span> <span class='ocrx_word' id='word_1_503' title='bbox 3422 2662 3612 2720; x_wconf 80' lang='lat' dir='ltr'><strong>habuit</strong></span> 
     </span>
    </p>
   </div>
   <div class='ocr_carea' id='block_1_59' title="bbox 1593 2862 2058 2930">
    <p class='ocr_par' dir='ltr' id='par_1_59' title="bbox 1593 2862 2058 2930">
     <span class='ocr_line' id='line_1_59' title="bbox 1593 2862 2058 2930; baseline 0.002 -14"><span class='ocrx_word' id='word_1_504' title='bbox 1593 2865 1636 2895; x_wconf 83' lang='lat'>&#39;°</span> <span class='ocrx_word' id='word_1_505' title='bbox 1658 2862 1847 2921; x_wconf 79' lang='lat' dir='ltr'><strong>Maltlt.</strong></span> <span class='ocrx_word' id='word_1_506' title='bbox 1891 2880 1930 2930; x_wconf 85' lang='grc' dir='ltr'>ι,</span> <span class='ocrx_word' id='word_1_507' title='bbox 1966 2862 2058 2917; x_wconf 73' lang='grc'>20.</span> 
     </span>
    </p>
   </div>
   <div class='ocr_carea' id='block_1_60' title="bbox 2026 3055 3610 3141">
    <p class='ocr_par' dir='ltr' id='par_1_60' title="bbox 2026 3055 3610 3141">
     <span class='ocr_line' id='line_1_60' title="bbox 2026 3055 3610 3141; baseline -0.009 -17"><span class='ocrx_word' id='word_1_508' title='bbox 2026 3072 2359 3141; x_wconf 83' lang='grc' dir='ltr'>πράγματος</span> <span class='ocrx_word' id='word_1_509' title='bbox 2398 3068 2607 3122; x_wconf 83' lang='grc' dir='ltr'>ἀνωθεν</span> <span class='ocrx_word' id='word_1_510' title='bbox 2662 3064 2956 3135; x_wconf 78' lang='grc' dir='ltr'>δηλωτέον.</span> <span class='ocrx_word' id='word_1_511' title='bbox 3019 3060 3290 3134; x_wconf 79' lang='grc' dir='ltr'>Ὑρκανοῦ</span> <span class='ocrx_word' id='word_1_512' title='bbox 3330 3059 3458 3130; x_wconf 79' lang='grc' dir='ltr'>γὰρ,</span> <span class='ocrx_word' id='word_1_513' title='bbox 3508 3055 3610 3111; x_wconf 80' lang='grc' dir='ltr'>τοῦ</span> 
     </span>
    </p>
   </div>
   <div class='ocr_carea' id='block_1_61' title="bbox 2016 3150 3613 3235">
    <p class='ocr_par' dir='ltr' id='par_1_61' title="bbox 2016 3150 3613 3235">
     <span class='ocr_line' id='line_1_61' title="bbox 2016 3150 3613 3235; baseline -0.008 -17"><span class='ocrx_word' id='word_1_514' title='bbox 2016 3162 2247 3235; x_wconf 82' lang='grc' dir='ltr'>ἀδελφοῦ</span> <span class='ocrx_word' id='word_1_515' title='bbox 2328 3159 2742 3234; x_wconf 77' lang='grc' dir='ltr'>Ἀριστοϐούλου</span> <span class='ocrx_word' id='word_1_516' title='bbox 2819 3157 2914 3211; x_wconf 81' lang='grc' dir='ltr'>τοῦ</span> <span class='ocrx_word' id='word_1_517' title='bbox 2988 3153 3326 3227; x_wconf 78' lang='grc' dir='ltr'>ἀρχιερέως,</span> <span class='ocrx_word' id='word_1_518' title='bbox 3395 3152 3455 3218; x_wconf 78' lang='grc' dir='ltr'>ὃς</span> <span class='ocrx_word' id='word_1_519' title='bbox 3513 3150 3613 3206; x_wconf 77' lang='grc' dir='ltr'>καὶ</span> 
     </span>
    </p>
   </div>
   <div class='ocr_carea' id='block_1_62' title="bbox 2014 3245 3615 3326">
    <p class='ocr_par' dir='ltr' id='par_1_62' title="bbox 2014 3245 3615 3326">
     <span class='ocr_line' id='line_1_62' title="bbox 2014 3245 3615 3326; baseline -0.007 -17"><span class='ocrx_word' id='word_1_520' title='bbox 2014 3257 2253 3326; x_wconf 86' lang='grc' dir='ltr'>διάδημα</span> <span class='ocrx_word' id='word_1_521' title='bbox 2298 3256 2396 3326; x_wconf 82' lang='grc' dir='ltr'>μὲν</span> <span class='ocrx_word' id='word_1_522' title='bbox 2443 3252 2721 3323; x_wconf 80' lang='grc' dir='ltr'>βασιλικὸν</span> <span class='ocrx_word' id='word_1_523' title='bbox 2773 3250 3080 3322; x_wconf 81' lang='grc' dir='ltr'>περιέθετο,</span> <span class='ocrx_word' id='word_1_524' title='bbox 3127 3248 3351 3318; x_wconf 82' lang='grc' dir='ltr'>δέσμιος</span> <span class='ocrx_word' id='word_1_525' title='bbox 3396 3246 3453 3300; x_wconf 78' lang='grc' dir='ltr'>δὲ</span> <span class='ocrx_word' id='word_1_526' title='bbox 3503 3245 3615 3298; x_wconf 75' lang='grc' dir='ltr'>ὑπὸ</span> 
     </span>
    </p>
   </div>
   <div class='ocr_carea' id='block_1_63' title="bbox 2020 3342 3618 3420">
    <p class='ocr_par' dir='ltr' id='par_1_63' title="bbox 2020 3342 3618 3420">
     <span class='ocr_line' id='line_1_63' title="bbox 2020 3342 3618 3420; baseline -0.008 -18"><span class='ocrx_word' id='word_1_527' title='bbox 2020 3351 2305 3420; x_wconf 79' lang='grc' dir='ltr'>Πομπηΐου</span> <span class='ocrx_word' id='word_1_528' title='bbox 2350 3344 2661 3417; x_wconf 82' lang='grc' dir='ltr'>στρατηγοῦ</span> <span class='ocrx_word' id='word_1_529' title='bbox 2691 3342 2802 3396; x_wconf 89' lang='grc' dir='ltr'>τῶν</span> <span class='ocrx_word' id='word_1_530' title='bbox 2851 3343 3142 3410; x_wconf 85' lang='grc' dir='ltr'>Ῥωμαίων</span> <span class='ocrx_word' id='word_1_531' title='bbox 3180 3342 3276 3394; x_wconf 76' lang='grc' dir='ltr'>σὺν</span> <span class='ocrx_word' id='word_1_532' title='bbox 3313 3342 3429 3409; x_wconf 70' lang='grc' dir='ltr'>ἅμα</span> <span class='ocrx_word' id='word_1_533' title='bbox 3483 3354 3618 3391; x_wconf 87' lang='grc' dir='ltr'>παι-</span> 
     </span>
    </p>
   </div>
   <div class='ocr_carea' id='block_1_64' title="bbox 2020 3431 3614 3510">
    <p class='ocr_par' dir='ltr' id='par_1_64' title="bbox 2020 3431 3614 3510">
     <span class='ocr_line' id='line_1_64' title="bbox 2020 3431 3614 3510; baseline -0.008 -16"><span class='ocrx_word' id='word_1_534' title='bbox 2020 3443 2104 3496; x_wconf 66' lang='grc' dir='ltr'>σὶν</span> <span class='ocrx_word' id='word_1_535' title='bbox 2153 3442 2230 3504; x_wconf 89' lang='grc' dir='ltr'>είς</span> <span class='ocrx_word' id='word_1_536' title='bbox 2269 3440 2493 3510; x_wconf 83' lang='grc' dir='ltr'>Ῥώμην</span> <span class='ocrx_word' id='word_1_537' title='bbox 2544 3435 2790 3508; x_wconf 75' lang='grc' dir='ltr'>αἰσχρῶς</span> <span class='ocrx_word' id='word_1_538' title='bbox 2847 3431 3256 3504; x_wconf 82' lang='grc' dir='ltr'>παρεπέμφθη,</span> <span class='ocrx_word' id='word_1_539' title='bbox 3312 3431 3476 3501; x_wconf 61' lang='grc' dir='ltr'>ἡνίκα</span> <span class='ocrx_word' id='word_1_540' title='bbox 3515 3431 3614 3483; x_wconf 71' lang='grc' dir='ltr'>καὶ</span> 
     </span>
    </p>
   </div>
   <div class='ocr_carea' id='block_1_65' title="bbox 2017 3520 3615 3601">
    <p class='ocr_par' dir='ltr' id='par_1_65' title="bbox 2017 3520 3615 3601">
     <span class='ocr_line' id='line_1_65' title="bbox 2017 3520 3615 3601; baseline -0.008 -15"><span class='ocrx_word' id='word_1_541' title='bbox 2017 3533 2194 3586; x_wconf 81' lang='grc' dir='ltr'>τελεῖν</span> <span class='ocrx_word' id='word_1_542' title='bbox 2233 3531 2434 3601; x_wconf 82' lang='grc' dir='ltr'>φόρους</span> <span class='ocrx_word' id='word_1_543' title='bbox 2467 3529 2669 3600; x_wconf 79' lang='grc' dir='ltr'>ἐτάχθη</span> <span class='ocrx_word' id='word_1_544' title='bbox 2695 3528 2810 3591; x_wconf 80' lang='grc' dir='ltr'>τοῖς</span> <span class='ocrx_word' id='word_1_545' title='bbox 2844 3525 3147 3588; x_wconf 87' lang='grc' dir='ltr'>Ἰουδαίοις.</span> <span class='ocrx_word' id='word_1_546' title='bbox 3183 3522 3390 3575; x_wconf 79' lang='grc' dir='ltr'>Τούτου</span> <span class='ocrx_word' id='word_1_547' title='bbox 3418 3522 3482 3592; x_wconf 81' lang='grc' dir='ltr'>δὴ</span> <span class='ocrx_word' id='word_1_548' title='bbox 3512 3520 3615 3575; x_wconf 77' lang='grc' dir='ltr'>τοῦ</span> 
     </span>
    </p>
   </div>
   <div class='ocr_carea' id='block_1_66' title="bbox 2034 3613 3614 3697">
    <p class='ocr_par' dir='ltr' id='par_1_66' title="bbox 2034 3613 3614 3697">
     <span class='ocr_line' id='line_1_66' title="bbox 2034 3613 3614 3697; baseline -0.01 -17"><span class='ocrx_word' id='word_1_549' title='bbox 2034 3625 2309 3697; x_wconf 80' lang='grc' dir='ltr'>’Υρκανοῦ</span> <span class='ocrx_word' id='word_1_550' title='bbox 2361 3623 2670 3694; x_wconf 72' lang='grc' dir='ltr'>ἀρχιερέως</span> <span class='ocrx_word' id='word_1_551' title='bbox 2702 3620 2809 3673; x_wconf 74' lang='grc' dir='ltr'>ὑπὸ</span> <span class='ocrx_word' id='word_1_552' title='bbox 2852 3619 3148 3689; x_wconf 74' lang='grc' dir='ltr'>Πομπηΐου</span> <span class='ocrx_word' id='word_1_553' title='bbox 3175 3613 3614 3685; x_wconf 80' lang='grc' dir='ltr'>ἀναδειχθέντος,</span> 
     </span>
    </p>
   </div>
   <div class='ocr_carea' id='block_1_67' title="bbox 2022 3705 3617 3782">
    <p class='ocr_par' dir='ltr' id='par_1_67' title="bbox 2022 3705 3617 3782">
     <span class='ocr_line' id='line_1_67' title="bbox 2022 3705 3617 3782; baseline -0.009 -10"><span class='ocrx_word' id='word_1_554' title='bbox 2022 3720 2216 3773; x_wconf 78' lang='grc' dir='ltr'>ἔπειτα</span> <span class='ocrx_word' id='word_1_555' title='bbox 2243 3718 2301 3771; x_wconf 72' lang='grc' dir='ltr'>δὲ</span> <span class='ocrx_word' id='word_1_556' title='bbox 2329 3719 2425 3770; x_wconf 74' lang='grc' dir='ltr'>καὶ</span> <span class='ocrx_word' id='word_1_557' title='bbox 2468 3715 2574 3770; x_wconf 80' lang='grc' dir='ltr'>ὑπὸ</span> <span class='ocrx_word' id='word_1_558' title='bbox 2606 3714 2841 3782; x_wconf 79' lang='grc' dir='ltr'>Πάρθων</span> <span class='ocrx_word' id='word_1_559' title='bbox 2872 3710 3202 3775; x_wconf 71' lang='grc' dir='ltr'>ἑαλωκότος,</span> <span class='ocrx_word' id='word_1_560' title='bbox 3245 3705 3617 3777; x_wconf 79' lang='grc' dir='ltr'>’Δντιπάτρου</span> 
     </span>
    </p>
   </div>
   <div class='ocr_carea' id='block_1_68' title="bbox 2023 3798 3618 3881">
    <p class='ocr_par' dir='ltr' id='par_1_68' title="bbox 2023 3798 3618 3881">
     <span class='ocr_line' id='line_1_68' title="bbox 2023 3798 3618 3881; baseline -0.011 -15"><span class='ocrx_word' id='word_1_561' title='bbox 2023 3829 2081 3866; x_wconf 86' lang='grc' dir='ltr'>τε</span> <span class='ocrx_word' id='word_1_562' title='bbox 2111 3810 2246 3881; x_wconf 80' lang='grc' dir='ltr'>πρὸς</span> <span class='ocrx_word' id='word_1_563' title='bbox 2273 3810 2442 3864; x_wconf 84' lang='grc' dir='ltr'>δόλων</span> <span class='ocrx_word' id='word_1_564' title='bbox 2473 3805 2880 3877; x_wconf 84' lang='grc' dir='ltr'>ἀναιρεθέντος,</span> <span class='ocrx_word' id='word_1_565' title='bbox 2911 3802 2969 3855; x_wconf 81' lang='grc' dir='ltr'>ὃν</span> <span class='ocrx_word' id='word_1_566' title='bbox 2990 3802 3288 3872; x_wconf 76' lang='grc' dir='ltr'>ἐπίτροπον</span> <span class='ocrx_word' id='word_1_567' title='bbox 3320 3798 3483 3861; x_wconf 72' lang='grc' dir='ltr'>αὐτὸς</span> <span class='ocrx_word' id='word_1_568' title='bbox 3512 3799 3618 3868; x_wconf 76' lang='grc' dir='ltr'>τῆς</span> 
     </span>
    </p>
   </div>
   <div class='ocr_carea' id='block_1_69' title="bbox 2025 3891 3737 3980">
    <p class='ocr_par' dir='ltr' id='par_1_69' title="bbox 2025 3891 3737 3980">
     <span class='ocr_line' id='line_1_69' title="bbox 2025 3891 3737 3980; baseline -0.01 -23"><span class='ocrx_word' id='word_1_569' title='bbox 2025 3906 2211 3980; x_wconf 85' lang='grc' dir='ltr'>χώρας</span> <span class='ocrx_word' id='word_1_570' title='bbox 2241 3902 2601 3972; x_wconf 80' lang='grc' dir='ltr'>κατέστησεν,</span> <span class='ocrx_word' id='word_1_571' title='bbox 2635 3899 2694 3963; x_wconf 76' lang='grc' dir='ltr'>ὃς</span> <span class='ocrx_word' id='word_1_572' title='bbox 2729 3897 2824 3952; x_wconf 74' lang='grc' dir='ltr'>καὶ</span> <span class='ocrx_word' id='word_1_573' title='bbox 2868 3894 3114 3965; x_wconf 82' lang='grc' dir='ltr'>Ἡρώδου</span> <span class='ocrx_word' id='word_1_574' title='bbox 3147 3891 3240 3946; x_wconf 80' lang='grc' dir='ltr'>τοῦ</span> <span class='ocrx_word' id='word_1_575' title='bbox 3273 3892 3413 3964; x_wconf 87' lang='grc' dir='ltr'>μετά</span> <span class='ocrx_word' id='word_1_576' title='bbox 3437 3891 3619 3943; x_wconf 80' lang='grc' dir='ltr'>ταῦτα</span> <span class='ocrx_word' id='word_1_577' title='bbox 3728 3904 3737 3911; x_wconf 89' lang='grc'><strong>·</strong></span> 
     </span>
    </p>
   </div>
   <div class='ocr_carea' id='block_1_70' title="bbox 2031 3981 3622 4070">
    <p class='ocr_par' dir='ltr' id='par_1_70' title="bbox 2031 3981 3622 4070">
     <span class='ocr_line' id='line_1_70' title="bbox 2031 3981 3622 4070; baseline -0.013 -17"><span class='ocrx_word' id='word_1_578' title='bbox 2031 3996 2490 4070; x_wconf 78' lang='grc' dir='ltr'>βεόασιλευκότος</span> <span class='ocrx_word' id='word_1_579' title='bbox 2519 3996 2615 4064; x_wconf 86' lang='grc' dir='ltr'>τῆς</span> <span class='ocrx_word' id='word_1_580' title='bbox 2639 3989 2906 4053; x_wconf 84' lang='grc' dir='ltr'>Ἰουδαίας</span> <span class='ocrx_word' id='word_1_581' title='bbox 2931 3987 3119 4057; x_wconf 81' lang='grc' dir='ltr'>πατὴρ</span> <span class='ocrx_word' id='word_1_582' title='bbox 3146 3982 3235 4056; x_wconf 64' lang='grc' dir='ltr'>ἦν,</span> <span class='ocrx_word' id='word_1_583' title='bbox 3264 3982 3361 4037; x_wconf 72' lang='grc' dir='ltr'>καὶ</span> <span class='ocrx_word' id='word_1_584' title='bbox 3386 3981 3622 4053; x_wconf 79' lang='grc' dir='ltr'>μηδενὸς</span> 
     </span>
    </p>
   </div>
   <div class='ocr_carea' id='block_1_71' title="bbox 2027 4074 3619 4155">
    <p class='ocr_par' dir='ltr' id='par_1_71' title="bbox 2027 4074 3619 4155">
     <span class='ocr_line' id='line_1_71' title="bbox 2027 4074 3619 4155; baseline -0.013 -10"><span class='ocrx_word' id='word_1_585' title='bbox 2027 4093 2179 4149; x_wconf 78' lang='grc' dir='ltr'>ὄντος</span> <span class='ocrx_word' id='word_1_586' title='bbox 2202 4089 2298 4143; x_wconf 82' lang='grc' dir='ltr'>τοῦ</span> <span class='ocrx_word' id='word_1_587' title='bbox 2339 4089 2449 4143; x_wconf 92' lang='grc' dir='ltr'>τῶν</span> <span class='ocrx_word' id='word_1_588' title='bbox 2493 4087 2552 4139; x_wconf 81' lang='grc' dir='ltr'>ὲν</span> <span class='ocrx_word' id='word_1_589' title='bbox 2580 4083 2820 4155; x_wconf 82' lang='grc' dir='ltr'>Ἰουδαίᾳ</span> <span class='ocrx_word' id='word_1_590' title='bbox 2851 4079 3197 4150; x_wconf 83' lang='grc' dir='ltr'>πραγμάτων</span> <span class='ocrx_word' id='word_1_591' title='bbox 3226 4074 3619 4145; x_wconf 84' lang='grc' dir='ltr'>ἀντεχομένου,</span> 
     </span>
    </p>
   </div>
   <div class='ocr_carea' id='block_1_72' title="bbox 2040 4165 3619 4249">
    <p class='ocr_par' dir='ltr' id='par_1_72' title="bbox 2040 4165 3619 4249">
     <span class='ocr_line' id='line_1_72' title="bbox 2040 4165 3619 4249; baseline -0.012 -16"><span class='ocrx_word' id='word_1_592' title='bbox 2040 4178 2288 4249; x_wconf 81' lang='grc' dir='ltr'>Ἡρώδης</span> <span class='ocrx_word' id='word_1_593' title='bbox 2343 4168 2504 4238; x_wconf 75' lang='grc' dir='ltr'>οὗτος</span> <span class='ocrx_word' id='word_1_594' title='bbox 2555 4174 2585 4227; x_wconf 88' lang='lat'>6</span> <span class='ocrx_word' id='word_1_595' title='bbox 2637 4171 2731 4226; x_wconf 80' lang='grc' dir='ltr'>τοῦ</span> <span class='ocrx_word' id='word_1_596' title='bbox 2801 4167 3169 4239; x_wconf 80' lang='grc' dir='ltr'>’Δντιπάτρου</span> <span class='ocrx_word' id='word_1_597' title='bbox 3227 4166 3347 4227; x_wconf 82' lang='grc' dir='ltr'>υίὸς</span> <span class='ocrx_word' id='word_1_598' title='bbox 3404 4165 3619 4234; x_wconf 80' lang='grc' dir='ltr'>πέμπει</span> 
     </span>
    </p>
   </div>
   <div class='ocr_carea' id='block_1_73' title="bbox 2031 4257 3620 4341">
    <p class='ocr_par' dir='ltr' id='par_1_73' title="bbox 2031 4257 3620 4341">
     <span class='ocr_line' id='line_1_73' title="bbox 2031 4257 3620 4341; baseline -0.011 -14"><span class='ocrx_word' id='word_1_599' title='bbox 2031 4273 2208 4328; x_wconf 87' lang='grc' dir='ltr'>πολλά</span> <span class='ocrx_word' id='word_1_600' title='bbox 2234 4289 2357 4325; x_wconf 88' lang='grc' dir='ltr'>τινα</span> <span class='ocrx_word' id='word_1_601' title='bbox 2388 4269 2652 4341; x_wconf 83' lang='grc' dir='ltr'>χρήματα</span> <span class='ocrx_word' id='word_1_602' title='bbox 2692 4265 2819 4329; x_wconf 77' lang='grc' dir='ltr'>δοὺς</span> <span class='ocrx_word' id='word_1_603' title='bbox 2850 4264 2964 4325; x_wconf 82' lang='grc' dir='ltr'>τοῖς</span> <span class='ocrx_word' id='word_1_604' title='bbox 2996 4262 3317 4333; x_wconf 82' lang='grc' dir='ltr'>Ῥωμαίοις,</span> <span class='ocrx_word' id='word_1_605' title='bbox 3355 4260 3453 4312; x_wconf 72' lang='grc' dir='ltr'>καὶ</span> <span class='ocrx_word' id='word_1_606' title='bbox 3486 4257 3620 4309; x_wconf 78' lang='grc' dir='ltr'>ὑπό·</span> 
     </span>
    </p>
   </div>
   <div class='ocr_carea' id='block_1_74' title="bbox 2033 4350 3621 4429">
    <p class='ocr_par' dir='ltr' id='par_1_74' title="bbox 2033 4350 3621 4429">
     <span class='ocr_line' id='line_1_74' title="bbox 2033 4350 3621 4429; baseline -0.013 -9"><span class='ocrx_word' id='word_1_607' title='bbox 2033 4366 2262 4428; x_wconf 88' lang='grc' dir='ltr'>σπονδος</span> <span class='ocrx_word' id='word_1_608' title='bbox 2291 4364 2475 4424; x_wconf 83' lang='grc' dir='ltr'>αὐτοῖς</span> <span class='ocrx_word' id='word_1_609' title='bbox 2505 4357 2768 4429; x_wconf 88' lang='grc' dir='ltr'>γεγονὼς,</span> <span class='ocrx_word' id='word_1_610' title='bbox 2815 4356 3095 4427; x_wconf 71' lang='grc' dir='ltr'>ἐγκρατὴς</span> <span class='ocrx_word' id='word_1_611' title='bbox 3138 4354 3355 4423; x_wconf 86' lang='grc' dir='ltr'>γίνεται</span> <span class='ocrx_word' id='word_1_612' title='bbox 3383 4350 3482 4413; x_wconf 75' lang='grc' dir='ltr'>τῆς</span> <span class='ocrx_word' id='word_1_613' title='bbox 3517 4350 3621 4418; x_wconf 85' lang='grc' dir='ltr'>ἀρ-</span> 
     </span>
    </p>
   </div>
   <div class='ocr_carea' id='block_1_75' title="bbox 2030 4440 3618 4530">
    <p class='ocr_par' dir='ltr' id='par_1_75' title="bbox 2030 4440 3618 4530">
     <span class='ocr_line' id='line_1_75' title="bbox 2030 4440 3618 4530; baseline -0.006 -17"><span class='ocrx_word' id='word_1_614' title='bbox 2030 4460 2151 4530; x_wconf 76' lang='grc' dir='ltr'>χῆς.</span> <span class='ocrx_word' id='word_1_615' title='bbox 2195 4456 2359 4510; x_wconf 80' lang='grc' dir='ltr'>Ὅθεν</span> <span class='ocrx_word' id='word_1_616' title='bbox 2404 4454 2463 4508; x_wconf 82' lang='grc' dir='ltr'>δὲ</span> <span class='ocrx_word' id='word_1_617' title='bbox 2497 4451 2591 4506; x_wconf 75' lang='grc' dir='ltr'>τοῦ</span> <span class='ocrx_word' id='word_1_618' title='bbox 2618 4453 2947 4523; x_wconf 86' lang='grc' dir='ltr'>πράγματος</span> <span class='ocrx_word' id='word_1_619' title='bbox 2980 4448 3107 4518; x_wconf 81' lang='grc' dir='ltr'>ἐσχε</span> <span class='ocrx_word' id='word_1_620' title='bbox 3139 4447 3237 4509; x_wconf 74' lang='grc' dir='ltr'>τὰς</span> <span class='ocrx_word' id='word_1_621' title='bbox 3269 4442 3548 4515; x_wconf 69' lang='grc' dir='ltr'>ἀφορμὰς,</span> <span class='ocrx_word' id='word_1_622' title='bbox 3588 4440 3618 4493; x_wconf 74' lang='grc' dir='ltr'>ὁ</span> 
     </span>
    </p>
   </div>
   <div class='ocr_carea' id='block_1_76' title="bbox 339 4532 3619 4618">
    <p class='ocr_par' dir='ltr' id='par_1_76' title="bbox 339 4532 3619 4618">
     <span class='ocr_line' id='line_1_76' title="bbox 339 4532 3619 4618; baseline -0.006 -13"><span class='ocrx_word' id='word_1_623' title='bbox 339 4541 701 4612; x_wconf 75' lang='grc' dir='ltr'>προφητείας.</span> <span class='ocrx_word' id='word_1_624' title='bbox 752 4542 899 4603; x_wconf 83' lang='grc' dir='ltr'>ὅπως</span> <span class='ocrx_word' id='word_1_625' title='bbox 937 4540 1131 4609; x_wconf 67' lang='grc' dir='ltr'>εἴληφε</span> <span class='ocrx_word' id='word_1_626' title='bbox 1158 4540 1352 4610; x_wconf 71' lang='grc' dir='ltr'>πέρας,</span> <span class='ocrx_word' id='word_1_627' title='bbox 1393 4540 1492 4608; x_wconf 81' lang='grc' dir='ltr'>τῆς</span> <span class='ocrx_word' id='word_1_628' title='bbox 1529 4539 1605 4611; x_wconf 76' lang='grc' dir='ltr'>μὴ</span> <span class='ocrx_word' id='word_1_629' title='bbox 1648 4538 1925 4608; x_wconf 76' lang='grc' dir='ltr'>ἐκλείψειν</span> <span class='ocrx_word' id='word_1_630' title='bbox 1953 4552 2005 4612; x_wconf 85' lang='lat' dir='ltr'><strong>D</strong></span> <span class='ocrx_word' id='word_1_631' title='bbox 2030 4552 2189 4618; x_wconf 76' lang='grc' dir='ltr'>λόγος</span> <span class='ocrx_word' id='word_1_632' title='bbox 2220 4549 2296 4611; x_wconf 79' lang='grc' dir='ltr'>ὡς</span> <span class='ocrx_word' id='word_1_633' title='bbox 2330 4541 2444 4601; x_wconf 75' lang='grc' dir='ltr'>οἷόν</span> <span class='ocrx_word' id='word_1_634' title='bbox 2475 4562 2536 4599; x_wconf 85' lang='grc' dir='ltr'>τε</span> <span class='ocrx_word' id='word_1_635' title='bbox 2568 4544 2656 4599; x_wconf 82' lang='grc' dir='ltr'>διὰ</span> <span class='ocrx_word' id='word_1_636' title='bbox 2698 4543 2947 4613; x_wconf 79' lang='grc' dir='ltr'>βραχέων</span> <span class='ocrx_word' id='word_1_637' title='bbox 2983 4541 3120 4611; x_wconf 76' lang='grc' dir='ltr'>ἐρεῖ.</span> <span class='ocrx_word' id='word_1_638' title='bbox 3156 4536 3472 4605; x_wconf 74' lang='grc' dir='ltr'>Αὐγούστου</span> <span class='ocrx_word' id='word_1_639' title='bbox 3507 4532 3619 4603; x_wconf 78' lang='grc' dir='ltr'>γὰρ</span> 
     </span>
    </p>
   </div>
   <div class='ocr_carea' id='block_1_77' title="bbox 333 4631 1924 4717">
    <p class='ocr_par' dir='ltr' id='par_1_77' title="bbox 333 4631 1924 4717">
     <span class='ocr_line' id='line_1_77' title="bbox 333 4631 1924 4717; baseline -0.003 -29"><span class='ocrx_word' id='word_1_640' title='bbox 333 4634 579 4717; x_wconf 80' lang='grc' dir='ltr'>ἄρχοντα</span> <span class='ocrx_word' id='word_1_641' title='bbox 612 4634 669 4700; x_wconf 72' lang='grc' dir='ltr'>ἐξ</span> <span class='ocrx_word' id='word_1_642' title='bbox 712 4632 881 4686; x_wconf 86' lang='grc' dir='ltr'>Ἰούδα</span> <span class='ocrx_word' id='word_1_643' title='bbox 913 4631 1307 4699; x_wconf 80' lang='grc' dir='ltr'>θεσπιζούσης,</span> <span class='ocrx_word' id='word_1_644' title='bbox 1336 4632 1477 4701; x_wconf 84' lang='grc' dir='ltr'>μηδὲ</span> <span class='ocrx_word' id='word_1_645' title='bbox 1529 4631 1836 4701; x_wconf 80' lang='grc' dir='ltr'>ἡγούμενον</span> <span class='ocrx_word' id='word_1_646' title='bbox 1858 4634 1924 4684; x_wconf 86' lang='grc' dir='ltr'>ὲκ</span> 
     </span>
    </p>
   </div>
   <div class='ocr_carea' id='block_1_78' title="bbox 336 4719 1924 4801">
    <p class='ocr_par' dir='ltr' id='par_1_78' title="bbox 336 4719 1924 4801">
     <span class='ocr_line' id='line_1_78' title="bbox 336 4719 1924 4801; baseline -0.002 -22"><span class='ocrx_word' id='word_1_647' title='bbox 336 4729 447 4779; x_wconf 64' lang='grc' dir='ltr'>τῶν</span> <span class='ocrx_word' id='word_1_648' title='bbox 474 4728 665 4801; x_wconf 81' lang='grc' dir='ltr'>μηρῶν</span> <span class='ocrx_word' id='word_1_649' title='bbox 700 4728 934 4793; x_wconf 78' lang='grc' dir='ltr'>ἐκείνου,</span> <span class='ocrx_word' id='word_1_650' title='bbox 962 4726 1067 4789; x_wconf 79' lang='grc' dir='ltr'>ἕως</span> <span class='ocrx_word' id='word_1_651' title='bbox 1094 4727 1160 4780; x_wconf 86' lang='grc' dir='ltr'>ἂν</span> <span class='ocrx_word' id='word_1_652' title='bbox 1189 4725 1321 4798; x_wconf 74' lang='grc' dir='ltr'>ἔλθῃ</span> <span class='ocrx_word' id='word_1_653' title='bbox 1343 4719 1387 4794; x_wconf 79' lang='grc' dir='ltr'><strong>ᾧ</strong></span> <span class='ocrx_word' id='word_1_654' title='bbox 1413 4726 1725 4789; x_wconf 83' lang='grc' dir='ltr'>ἀπόκειται,</span> <span class='ocrx_word' id='word_1_655' title='bbox 1758 4725 1924 4777; x_wconf 76' lang='grc' dir='ltr'>αὐτὸν</span> 
     </span>
    </p>
   </div>
   <div class='ocr_carea' id='block_1_79' title="bbox 334 4817 1921 4889">
    <p class='ocr_par' dir='ltr' id='par_1_79' title="bbox 334 4817 1921 4889">
     <span class='ocr_line' id='line_1_79' title="bbox 334 4817 1921 4889; baseline -0.004 -14"><span class='ocrx_word' id='word_1_656' title='bbox 334 4821 394 4875; x_wconf 78' lang='grc' dir='ltr'>δὲ</span> <span class='ocrx_word' id='word_1_657' title='bbox 413 4817 555 4875; x_wconf 75' lang='grc' dir='ltr'>εἶναι</span> <span class='ocrx_word' id='word_1_658' title='bbox 575 4821 906 4888; x_wconf 75' lang='grc' dir='ltr'>προσδοκίαν</span> <span class='ocrx_word' id='word_1_659' title='bbox 926 4819 1099 4872; x_wconf 77' lang='grc' dir='ltr'>ἐθνῶν</span> <span class='ocrx_word' id='word_1_660' title='bbox 1117 4836 1131 4851; x_wconf 72' lang='grc' dir='ltr'>ο</span> <span class='ocrx_word' id='word_1_661' title='bbox 1159 4819 1300 4889; x_wconf 78' lang='grc' dir='ltr'>-περὶ</span> <span class='ocrx_word' id='word_1_662' title='bbox 1328 4817 1423 4872; x_wconf 81' lang='grc' dir='ltr'>τοῦ</span> <span class='ocrx_word' id='word_1_663' title='bbox 1454 4818 1694 4889; x_wconf 84' lang='grc' dir='ltr'>Χριστοῦ</span> <span class='ocrx_word' id='word_1_664' title='bbox 1717 4817 1921 4887; x_wconf 83' lang='grc' dir='ltr'>δηλαδὴ</span> 
     </span>
    </p>
   </div>
   <div class='ocr_carea' id='block_1_80' title="bbox 336 4914 1924 4989">
    <p class='ocr_par' dir='ltr' id='par_1_80' title="bbox 336 4914 1924 4989">
     <span class='ocr_line' id='line_1_80' title="bbox 336 4914 1924 4989; baseline -0.003 -19"><span class='ocrx_word' id='word_1_665' title='bbox 336 4918 438 4970; x_wconf 78' lang='grc' dir='ltr'>καὶ</span> <span class='ocrx_word' id='word_1_666' title='bbox 473 4917 632 4971; x_wconf 83' lang='grc' dir='ltr'>τοῦτο</span> <span class='ocrx_word' id='word_1_667' title='bbox 660 4916 950 4989; x_wconf 75' lang='grc' dir='ltr'>λεγούσης.</span> <span class='ocrx_word' id='word_1_668' title='bbox 976 4917 1112 4970; x_wconf 83' lang='grc' dir='ltr'>Τότε</span> <span class='ocrx_word' id='word_1_669' title='bbox 1144 4919 1254 4988; x_wconf 87' lang='grc' dir='ltr'>γὰρ</span> <span class='ocrx_word' id='word_1_670' title='bbox 1283 4919 1495 4979; x_wconf 79' lang='grc' dir='ltr'>ἐκεῖνος</span> <span class='ocrx_word' id='word_1_671' title='bbox 1526 4916 1806 4985; x_wconf 77' lang='grc' dir='ltr'>ἐπιφοιτᾷ,</span> <span class='ocrx_word' id='word_1_672' title='bbox 1836 4914 1924 4966; x_wconf 84' lang='grc' dir='ltr'>ὅτε</span> 
     </span>
    </p>
   </div>
   <div class='ocr_carea' id='block_1_81' title="bbox 336 5004 1920 5079">
    <p class='ocr_par' dir='ltr' id='par_1_81' title="bbox 336 5004 1920 5079">
     <span class='ocr_line' id='line_1_81' title="bbox 336 5004 1920 5079; baseline 0.001 -17"><span class='ocrx_word' id='word_1_673' title='bbox 336 5008 527 5062; x_wconf 77' lang='grc' dir='ltr'>λοιπὸν</span> <span class='ocrx_word' id='word_1_674' title='bbox 556 5008 967 5073; x_wconf 82' lang='grc' dir='ltr'>ἐπιλελοιπότες</span> <span class='ocrx_word' id='word_1_675' title='bbox 1011 5004 1154 5079; x_wconf 81' lang='grc' dir='ltr'>ἦσαν</span> <span class='ocrx_word' id='word_1_676' title='bbox 1196 5010 1247 5062; x_wconf 83' lang='lat' dir='ltr'>oi</span> <span class='ocrx_word' id='word_1_677' title='bbox 1288 5009 1575 5063; x_wconf 71' lang='grc' dir='ltr'>Ἰουδαῖκοὶ</span> <span class='ocrx_word' id='word_1_678' title='bbox 1619 5007 1920 5077; x_wconf 79' lang='grc' dir='ltr'>ἀρχοντες⁶</span> 
     </span>
    </p>
   </div>
   <div class='ocr_carea' id='block_1_82' title="bbox 341 5099 1920 5173">
    <p class='ocr_par' dir='ltr' id='par_1_82' title="bbox 341 5099 1920 5173">
     <span class='ocr_line' id='line_1_82' title="bbox 341 5099 1920 5173; baseline -0.004 -17"><span class='ocrx_word' id='word_1_679' title='bbox 341 5103 436 5156; x_wconf 69' lang='grc' dir='ltr'>καλ⁸</span> <span class='ocrx_word' id='word_1_680' title='bbox 467 5102 573 5154; x_wconf 76' lang='grc' dir='ltr'>ὑπὸ</span> <span class='ocrx_word' id='word_1_681' title='bbox 606 5101 674 5155; x_wconf 90' lang='grc' dir='ltr'>τά</span> <span class='ocrx_word' id='word_1_682' title='bbox 707 5102 967 5171; x_wconf 80' lang='grc' dir='ltr'>σκῆπτρα</span> <span class='ocrx_word' id='word_1_683' title='bbox 993 5102 1094 5173; x_wconf 76' lang='grc' dir='ltr'>ήδη</span> <span class='ocrx_word' id='word_1_684' title='bbox 1126 5103 1194 5157; x_wconf 90' lang='grc' dir='ltr'>τά</span> <span class='ocrx_word' id='word_1_685' title='bbox 1226 5101 1336 5155; x_wconf 89' lang='grc' dir='ltr'>τῶν</span> <span class='ocrx_word' id='word_1_686' title='bbox 1368 5101 1663 5172; x_wconf 83' lang='grc' dir='ltr'>Ῥωμαίων</span> <span class='ocrx_word' id='word_1_687' title='bbox 1695 5099 1920 5167; x_wconf 82' lang='grc' dir='ltr'>γενόμε-</span> 
     </span>
    </p>
   </div>
   <div class='ocr_carea' id='block_1_83' title="bbox 339 5186 1926 5264">
    <p class='ocr_par' dir='ltr' id='par_1_83' title="bbox 339 5186 1926 5264">
     <span class='ocr_line' id='line_1_83' title="bbox 339 5186 1926 5264; baseline -0.006 -13"><span class='ocrx_word' id='word_1_688' title='bbox 339 5213 446 5251; x_wconf 83' lang='grc' dir='ltr'>νοι.</span> <span class='ocrx_word' id='word_1_689' title='bbox 487 5192 659 5262; x_wconf 78' lang='grc' dir='ltr'><strong>Ὀμοῦ</strong></span> <span class='ocrx_word' id='word_1_690' title='bbox 691 5210 751 5247; x_wconf 86' lang='grc' dir='ltr'>τε</span> <span class='ocrx_word' id='word_1_691' title='bbox 785 5196 896 5263; x_wconf 80' lang='grc' dir='ltr'>γὰρ</span> <span class='ocrx_word' id='word_1_692' title='bbox 920 5196 947 5247; x_wconf 89' lang='lat'>6</span> <span class='ocrx_word' id='word_1_693' title='bbox 976 5192 1215 5264; x_wconf 79' lang='grc' dir='ltr'>Χριστὸς</span> <span class='ocrx_word' id='word_1_694' title='bbox 1245 5192 1476 5260; x_wconf 87' lang='grc' dir='ltr'>γίνεται,</span> <span class='ocrx_word' id='word_1_695' title='bbox 1503 5192 1601 5244; x_wconf 72' lang='grc' dir='ltr'>καὶ</span> <span class='ocrx_word' id='word_1_696' title='bbox 1630 5186 1926 5259; x_wconf 80' lang='grc' dir='ltr'>ἀπογραφὴ</span> 
     </span>
    </p>
   </div>
   <div class='ocr_carea' id='block_1_84' title="bbox 345 5281 1926 5355">
    <p class='ocr_par' dir='ltr' id='par_1_84' title="bbox 345 5281 1926 5355">
     <span class='ocr_line' id='line_1_84' title="bbox 345 5281 1926 5355; baseline -0.003 -17"><span class='ocrx_word' id='word_1_697' title='bbox 345 5284 537 5354; x_wconf 67' lang='grc' dir='ltr'>πρώτη</span> <span class='ocrx_word' id='word_1_698' title='bbox 570 5284 757 5354; x_wconf 74' lang='grc' dir='ltr'>ὲκείνη</span> <span class='ocrx_word' id='word_1_699' title='bbox 794 5284 1030 5353; x_wconf 85' lang='grc' dir='ltr'>γίνεται,</span> <span class='ocrx_word' id='word_1_700' title='bbox 1064 5283 1463 5355; x_wconf 82' lang='grc' dir='ltr'>κρατησάντων</span> <span class='ocrx_word' id='word_1_701' title='bbox 1507 5281 1800 5351; x_wconf 82' lang='grc' dir='ltr'>Ῥωμαίων</span> <span class='ocrx_word' id='word_1_702' title='bbox 1833 5281 1926 5335; x_wconf 78' lang='grc' dir='ltr'>τοῦ</span> 
     </span>
    </p>
   </div>
   <div class='ocr_carea' id='block_1_85' title="bbox 340 5372 1925 5444">
    <p class='ocr_par' dir='ltr' id='par_1_85' title="bbox 340 5372 1925 5444">
     <span class='ocr_line' id='line_1_85' title="bbox 340 5372 1925 5444; baseline -0.003 -15"><span class='ocrx_word' id='word_1_703' title='bbox 340 5376 626 5430; x_wconf 77' lang='grc' dir='ltr'>Ἰουδαίων</span> <span class='ocrx_word' id='word_1_704' title='bbox 660 5374 873 5440; x_wconf 75' lang='grc' dir='ltr'>ἔθνους,</span> <span class='ocrx_word' id='word_1_705' title='bbox 912 5376 1007 5427; x_wconf 71' lang='grc' dir='ltr'>καὶ</span> <span class='ocrx_word' id='word_1_706' title='bbox 1053 5373 1159 5427; x_wconf 81' lang='grc' dir='ltr'>ὑπὸ</span> <span class='ocrx_word' id='word_1_707' title='bbox 1189 5372 1354 5441; x_wconf 79' lang='grc' dir='ltr'>ζυγὸν</span> <span class='ocrx_word' id='word_1_708' title='bbox 1386 5376 1487 5444; x_wconf 78' lang='grc' dir='ltr'>τῆς</span> <span class='ocrx_word' id='word_1_709' title='bbox 1516 5373 1727 5435; x_wconf 77' lang='grc' dir='ltr'>οἰκείας</span> <span class='ocrx_word' id='word_1_710' title='bbox 1771 5372 1925 5441; x_wconf 87' lang='grc' dir='ltr'>βασι-</span> 
     </span>
    </p>
   </div>
   <div class='ocr_carea' id='block_1_86' title="bbox 342 5465 1927 5537">
    <p class='ocr_par' dir='ltr' id='par_1_86' title="bbox 342 5465 1927 5537">
     <span class='ocr_line' id='line_1_86' title="bbox 342 5465 1927 5537; baseline -0.002 -17"><span class='ocrx_word' id='word_1_711' title='bbox 342 5469 705 5532; x_wconf 56' lang='lat' dir='ltr'><strong>ieiunii-reb;</strong></span> <span class='ocrx_word' id='word_1_712' title='bbox 729 5468 1084 5535; x_wconf 78' lang='grc' dir='ltr'>ἐνεγκόντων.</span> <span class='ocrx_word' id='word_1_713' title='bbox 1114 5465 1604 5535; x_wconf 29' lang='grc' dir='ltr'>Ἀντίπατροςθγὰρ</span> <span class='ocrx_word' id='word_1_714' title='bbox 1626 5467 1653 5517; x_wconf 88' lang='lat'>6</span> <span class='ocrx_word' id='word_1_715' title='bbox 1685 5465 1927 5537; x_wconf 62' lang='grc' dir='ltr'>Ἡρώδου</span> 
     </span>
    </p>
   </div>
   <div class='ocr_carea' id='block_1_87' title="bbox 344 5557 1930 5634">
    <p class='ocr_par' dir='ltr' id='par_1_87' title="bbox 344 5557 1930 5634">
     <span class='ocr_line' id='line_1_87' title="bbox 344 5557 1930 5634; baseline -0.002 -18"><span class='ocrx_word' id='word_1_716' title='bbox 344 5560 551 5634; x_wconf 74' lang='grc' dir='ltr'>πατὴρ,</span> <span class='ocrx_word' id='word_1_717' title='bbox 583 5560 680 5615; x_wconf 83' lang='grc' dir='ltr'>τοῦ</span> <span class='ocrx_word' id='word_1_718' title='bbox 736 5561 1012 5615; x_wconf 84' lang='grc' dir='ltr'>Ἰουδαίων</span> <span class='ocrx_word' id='word_1_719' title='bbox 1066 5559 1330 5631; x_wconf 78' lang='grc' dir='ltr'>ἄρξαντος</span> <span class='ocrx_word' id='word_1_720' title='bbox 1373 5559 1626 5630; x_wconf 77' lang='grc' dir='ltr'>ὕστερον,</span> <span class='ocrx_word' id='word_1_721' title='bbox 1662 5557 1723 5624; x_wconf 76' lang='grc' dir='ltr'><strong>ἑξ</strong></span> <span class='ocrx_word' id='word_1_722' title='bbox 1762 5560 1930 5631; x_wconf 74' lang='grc' dir='ltr'>Ἀραο</span> 
     </span>
    </p>
   </div>
   <div class='ocr_carea' id='block_1_88' title="bbox 344 5654 1931 5726">
    <p class='ocr_par' dir='ltr' id='par_1_88' title="bbox 344 5654 1931 5726">
     <span class='ocr_line' id='line_1_88' title="bbox 344 5654 1931 5726; baseline 0.001 -21"><span class='ocrx_word' id='word_1_723' title='bbox 344 5657 467 5717; x_wconf 68' lang='grc' dir='ltr'>δίας</span> <span class='ocrx_word' id='word_1_724' title='bbox 519 5656 717 5723; x_wconf 79' lang='grc' dir='ltr'>ἄγεται</span> <span class='ocrx_word' id='word_1_725' title='bbox 754 5660 1014 5723; x_wconf 81' lang='grc' dir='ltr'>γυναῖκα,</span> <span class='ocrx_word' id='word_1_726' title='bbox 1059 5655 1279 5725; x_wconf 79' lang='grc' dir='ltr'>Κύπριν</span> <span class='ocrx_word' id='word_1_727' title='bbox 1307 5655 1501 5726; x_wconf 75' lang='grc' dir='ltr'>ὄνομα,</span> <span class='ocrx_word' id='word_1_728' title='bbox 1548 5655 1669 5725; x_wconf 75' lang='grc' dir='ltr'>ἥτις</span> <span class='ocrx_word' id='word_1_729' title='bbox 1723 5654 1931 5709; x_wconf 81' lang='grc' dir='ltr'>παίδων</span> 
     </span>
    </p>
   </div>
   <div class='ocr_carea' id='block_1_89' title="bbox 349 5740 1926 5819">
    <p class='ocr_par' dir='ltr' id='par_1_89' title="bbox 349 5740 1926 5819">
     <span class='ocr_line' id='line_1_89' title="bbox 349 5740 1926 5819; baseline 0.004 -24"><span class='ocrx_word' id='word_1_730' title='bbox 349 5745 508 5797; x_wconf 73' lang='grc' dir='ltr'>αὐτὸν</span> <span class='ocrx_word' id='word_1_731' title='bbox 536 5747 818 5817; x_wconf 83' lang='grc' dir='ltr'>τεσσάρων</span> <span class='ocrx_word' id='word_1_732' title='bbox 843 5748 1058 5819; x_wconf 77' lang='grc' dir='ltr'>πατέρα</span> <span class='ocrx_word' id='word_1_733' title='bbox 1089 5750 1255 5813; x_wconf 81' lang='grc' dir='ltr'>ποιεῖ,</span> <span class='ocrx_word' id='word_1_734' title='bbox 1285 5740 1360 5802; x_wconf 83' lang='grc' dir='ltr'>ὧν</span> <span class='ocrx_word' id='word_1_735' title='bbox 1384 5741 1466 5810; x_wconf 71' lang='grc' dir='ltr'>εἷς</span> <span class='ocrx_word' id='word_1_736' title='bbox 1494 5740 1651 5812; x_wconf 72' lang='grc' dir='ltr'>οὗτος</span> <span class='ocrx_word' id='word_1_737' title='bbox 1681 5749 1710 5801; x_wconf 91' lang='lat'>6</span> <span class='ocrx_word' id='word_1_738' title='bbox 1750 5746 1926 5819; x_wconf 82' lang='grc' dir='ltr'>Ἦρώ·</span> 
     </span>
    </p>
   </div>
   <div class='ocr_carea' id='block_1_90' title="bbox 346 5829 1926 5909">
    <p class='ocr_par' dir='ltr' id='par_1_90' title="bbox 346 5829 1926 5909">
     <span class='ocr_line' id='line_1_90' title="bbox 346 5829 1926 5909; baseline 0.003 -23"><span class='ocrx_word' id='word_1_739' title='bbox 346 5834 445 5901; x_wconf 62' lang='lat' dir='ltr'><strong>Bri;</strong></span> <span class='ocrx_word' id='word_1_740' title='bbox 475 5829 563 5902; x_wconf 78' lang='grc' dir='ltr'>ἦν.</span> <span class='ocrx_word' id='word_1_741' title='bbox 600 5836 820 5890; x_wconf 69' lang='grc' dir='ltr'>Μᾶλλον</span> <span class='ocrx_word' id='word_1_742' title='bbox 852 5836 907 5890; x_wconf 83' lang='grc' dir='ltr'>δὲ</span> <span class='ocrx_word' id='word_1_743' title='bbox 954 5836 1304 5909; x_wconf 80' lang='grc' dir='ltr'>τρανότερον,</span> <span class='ocrx_word' id='word_1_744' title='bbox 1350 5838 1422 5902; x_wconf 85' lang='grc' dir='ltr'>ῶς</span> <span class='ocrx_word' id='word_1_745' title='bbox 1471 5833 1582 5893; x_wconf 74' lang='grc' dir='ltr'>οἷόν</span> <span class='ocrx_word' id='word_1_746' title='bbox 1613 5855 1693 5906; x_wconf 86' lang='grc' dir='ltr'>τε,</span> <span class='ocrx_word' id='word_1_747' title='bbox 1734 5837 1799 5894; x_wconf 77' lang='grc' dir='ltr'>τὰ</span> <span class='ocrx_word' id='word_1_748' title='bbox 1835 5838 1926 5894; x_wconf 72' lang='grc' dir='ltr'>τοῦ</span> 
     </span>
    </p>
   </div>
   <div class='ocr_carea' id='block_1_91' title="bbox 2029 4625 3618 4713">
    <p class='ocr_par' dir='ltr' id='par_1_91' title="bbox 2029 4625 3618 4713">
     <span class='ocr_line' id='line_1_91' title="bbox 2029 4625 3618 4713; baseline -0.012 -16"><span class='ocrx_word' id='word_1_749' title='bbox 2029 4643 2314 4713; x_wconf 83' lang='grc' dir='ltr'>Καίσαρος</span> <span class='ocrx_word' id='word_1_750' title='bbox 2364 4641 2446 4703; x_wconf 77' lang='grc' dir='ltr'>εἰς</span> <span class='ocrx_word' id='word_1_751' title='bbox 2499 4637 2777 4706; x_wconf 71' lang='grc' dir='ltr'>Αἴγυπτον</span> <span class='ocrx_word' id='word_1_752' title='bbox 2807 4636 3066 4695; x_wconf 82' lang='grc' dir='ltr'>ἀπιόντος</span> <span class='ocrx_word' id='word_1_753' title='bbox 3120 4629 3260 4703; x_wconf 87' lang='grc' dir='ltr'>μετά</span> <span class='ocrx_word' id='word_1_754' title='bbox 3310 4628 3493 4700; x_wconf 76' lang='grc' dir='ltr'>χειρὸς</span> <span class='ocrx_word' id='word_1_755' title='bbox 3541 4625 3618 4686; x_wconf 83' lang='grc' dir='ltr'>ὡς</span> 
     </span>
    </p>
   </div>
   <div class='ocr_carea' id='block_1_92' title="bbox 2034 4719 3619 4808">
    <p class='ocr_par' dir='ltr' id='par_1_92' title="bbox 2034 4719 3619 4808">
     <span class='ocr_line' id='line_1_92' title="bbox 2034 4719 3619 4808; baseline -0.011 -19"><span class='ocrx_word' id='word_1_756' title='bbox 2034 4736 2272 4808; x_wconf 85' lang='grc' dir='ltr'>μάλιστα</span> <span class='ocrx_word' id='word_1_757' title='bbox 2301 4734 2586 4802; x_wconf 80' lang='grc' dir='ltr'>πλείστης,</span> <span class='ocrx_word' id='word_1_758' title='bbox 2639 4731 2775 4802; x_wconf 85' lang='grc' dir='ltr'>πρός</span> <span class='ocrx_word' id='word_1_759' title='bbox 2820 4746 2881 4781; x_wconf 88' lang='grc' dir='ltr'>τε</span> <span class='ocrx_word' id='word_1_760' title='bbox 2929 4727 3020 4779; x_wconf 73' lang='grc' dir='ltr'>τὸν</span> <span class='ocrx_word' id='word_1_761' title='bbox 3066 4723 3426 4794; x_wconf 79' lang='grc' dir='ltr'>Κλεοπάτρας</span> <span class='ocrx_word' id='word_1_762' title='bbox 3470 4719 3619 4789; x_wconf 77' lang='grc' dir='ltr'>φημὶ</span> 
     </span>
    </p>
   </div>
   <div class='ocr_carea' id='block_1_93' title="bbox 2029 4810 3620 4896">
    <p class='ocr_par' dir='ltr' id='par_1_93' title="bbox 2029 4810 3620 4896">
     <span class='ocr_line' id='line_1_93' title="bbox 2029 4810 3620 4896; baseline -0.011 -17"><span class='ocrx_word' id='word_1_763' title='bbox 2029 4825 2289 4896; x_wconf 87' lang='grc' dir='ltr'>πόλεμον,</span> <span class='ocrx_word' id='word_1_764' title='bbox 2316 4824 2397 4886; x_wconf 85' lang='grc' dir='ltr'>είς</span> <span class='ocrx_word' id='word_1_765' title='bbox 2416 4822 2483 4894; x_wconf 78' lang='grc' dir='ltr'>ἢν</span> <span class='ocrx_word' id='word_1_766' title='bbox 2514 4820 2781 4890; x_wconf 72' lang='grc' dir='ltr'>περιέστη</span> <span class='ocrx_word' id='word_1_767' title='bbox 2811 4818 2881 4872; x_wconf 89' lang='grc' dir='ltr'>τά</span> <span class='ocrx_word' id='word_1_768' title='bbox 2906 4817 3006 4887; x_wconf 86' lang='grc' dir='ltr'>τῆς</span> <span class='ocrx_word' id='word_1_769' title='bbox 3028 4813 3202 4886; x_wconf 75' lang='grc' dir='ltr'>ἀρχῆς</span> <span class='ocrx_word' id='word_1_770' title='bbox 3229 4810 3365 4880; x_wconf 79' lang='grc' dir='ltr'>Δίγύ</span> <span class='ocrx_word' id='word_1_771' title='bbox 3380 4827 3529 4873; x_wconf 75' lang='lat' dir='ltr'><strong>meo,</strong></span> <span class='ocrx_word' id='word_1_772' title='bbox 3550 4810 3620 4862; x_wconf 78' lang='grc' dir='ltr'>ὲκ</span> 
     </span>
    </p>
   </div>
   <div class='ocr_carea' id='block_1_94' title="bbox 2028 4903 3620 4986">
    <p class='ocr_par' dir='ltr' id='par_1_94' title="bbox 2028 4903 3620 4986">
     <span class='ocr_line' id='line_1_94' title="bbox 2028 4903 3620 4986; baseline -0.011 -15"><span class='ocrx_word' id='word_1_773' title='bbox 2028 4918 2139 4971; x_wconf 86' lang='grc' dir='ltr'>τῶν</span> <span class='ocrx_word' id='word_1_774' title='bbox 2179 4915 2539 4986; x_wconf 86' lang='grc' dir='ltr'>Πτολεμαίων</span> <span class='ocrx_word' id='word_1_775' title='bbox 2573 4914 2837 4967; x_wconf 65' lang='grc' dir='ltr'>ἕλκουσαν</span> <span class='ocrx_word' id='word_1_776' title='bbox 2868 4910 2929 4963; x_wconf 72' lang='grc' dir='ltr'>τὸ</span> <span class='ocrx_word' id='word_1_777' title='bbox 2950 4909 3130 4973; x_wconf 77' lang='grc' dir='ltr'>γένος,</span> <span class='ocrx_word' id='word_1_778' title='bbox 3157 4905 3349 4974; x_wconf 79' lang='grc' dir='ltr'>ὥσπερ</span> <span class='ocrx_word' id='word_1_779' title='bbox 3385 4904 3492 4973; x_wconf 80' lang='grc' dir='ltr'>ἄρα</span> <span class='ocrx_word' id='word_1_780' title='bbox 3521 4903 3620 4955; x_wconf 84' lang='grc' dir='ltr'>καὶ</span> 
     </span>
    </p>
   </div>
   <div class='ocr_carea' id='block_1_95' title="bbox 2030 4991 3617 5082">
    <p class='ocr_par' dir='ltr' id='par_1_95' title="bbox 2030 4991 3617 5082">
     <span class='ocr_line' id='line_1_95' title="bbox 2030 4991 3617 5082; baseline -0.009 -19"><span class='ocrx_word' id='word_1_781' title='bbox 2030 5011 2281 5082; x_wconf 83' lang='grc' dir='ltr'>Ἰωσήπῳ</span> <span class='ocrx_word' id='word_1_782' title='bbox 2293 5009 2461 5072; x_wconf 80' lang='grc' dir='ltr'>δοκεῖ,</span> <span class='ocrx_word' id='word_1_783' title='bbox 2487 5008 2770 5077; x_wconf 86' lang='grc' dir='ltr'>πρόσεισιν</span> <span class='ocrx_word' id='word_1_784' title='bbox 2796 5001 2947 5072; x_wconf 83' lang='grc' dir='ltr'>αὐτῷ</span> <span class='ocrx_word' id='word_1_785' title='bbox 2975 4999 3225 5072; x_wconf 82' lang='grc' dir='ltr'>Ἡρώδης</span> <span class='ocrx_word' id='word_1_786' title='bbox 3263 4991 3444 5060; x_wconf 71' lang='grc' dir='ltr'>οὗτος,</span> <span class='ocrx_word' id='word_1_787' title='bbox 3468 4994 3617 5048; x_wconf 79' lang='grc' dir='ltr'>λειτ-</span> 
     </span>
    </p>
   </div>
   <div class='ocr_carea' id='block_1_96' title="bbox 2030 5088 3622 5174">
    <p class='ocr_par' dir='ltr' id='par_1_96' title="bbox 2030 5088 3622 5174">
     <span class='ocr_line' id='line_1_96' title="bbox 2030 5088 3622 5174; baseline -0.012 -17"><span class='ocrx_word' id='word_1_788' title='bbox 2030 5105 2260 5174; x_wconf 89' lang='grc' dir='ltr'>ουργίαν</span> <span class='ocrx_word' id='word_1_789' title='bbox 2289 5100 2406 5155; x_wconf 80' lang='grc' dir='ltr'>οΰτι</span> <span class='ocrx_word' id='word_1_790' title='bbox 2451 5099 2682 5170; x_wconf 81' lang='grc' dir='ltr'>μετρίαν</span> <span class='ocrx_word' id='word_1_791' title='bbox 2732 5099 2791 5152; x_wconf 72' lang='grc' dir='ltr'>ἐν</span> <span class='ocrx_word' id='word_1_792' title='bbox 2836 5091 3219 5167; x_wconf 75' lang='grc' dir='ltr'>στρατεύμασι</span> <span class='ocrx_word' id='word_1_793' title='bbox 3251 5107 3312 5144; x_wconf 79' lang='grc' dir='ltr'>τε</span> <span class='ocrx_word' id='word_1_794' title='bbox 3353 5089 3447 5142; x_wconf 81' lang='grc' dir='ltr'>καὶ</span> <span class='ocrx_word' id='word_1_795' title='bbox 3488 5088 3622 5140; x_wconf 75' lang='grc' dir='ltr'>ἀνα·</span> 
     </span>
    </p>
   </div>
   <div class='ocr_carea' id='block_1_97' title="bbox 2033 5180 3624 5266">
    <p class='ocr_par' dir='ltr' id='par_1_97' title="bbox 2033 5180 3624 5266">
     <span class='ocr_line' id='line_1_97' title="bbox 2033 5180 3624 5266; baseline -0.011 -17"><span class='ocrx_word' id='word_1_796' title='bbox 2033 5196 2250 5266; x_wconf 85' lang='grc' dir='ltr'>λώμασι</span> <span class='ocrx_word' id='word_1_797' title='bbox 2274 5194 2551 5266; x_wconf 87' lang='grc' dir='ltr'>χορηγῶν.</span> <span class='ocrx_word' id='word_1_798' title='bbox 2583 5191 2743 5246; x_wconf 76' lang='grc' dir='ltr'>Ἐπεὶ</span> <span class='ocrx_word' id='word_1_799' title='bbox 2782 5188 2840 5244; x_wconf 72' lang='grc' dir='ltr'>δὲ</span> <span class='ocrx_word' id='word_1_800' title='bbox 2874 5188 2970 5243; x_wconf 70' lang='grc' dir='ltr'>καὶ</span> <span class='ocrx_word' id='word_1_801' title='bbox 3020 5186 3350 5254; x_wconf 78' lang='grc' dir='ltr'>Κλεοπάτρα</span> <span class='ocrx_word' id='word_1_802' title='bbox 3398 5182 3493 5235; x_wconf 70' lang='grc' dir='ltr'>καὶ</span> <span class='ocrx_word' id='word_1_803' title='bbox 3524 5180 3624 5233; x_wconf 82' lang='grc' dir='ltr'>Δί-</span> 
     </span>
    </p>
   </div>
   <div class='ocr_carea' id='block_1_98' title="bbox 2033 5279 3622 5362">
    <p class='ocr_par' dir='ltr' id='par_1_98' title="bbox 2033 5279 3622 5362">
     <span class='ocr_line' id='line_1_98' title="bbox 2033 5279 3622 5362; baseline -0.008 -19"><span class='ocrx_word' id='word_1_804' title='bbox 2033 5309 2241 5360; x_wconf 89' lang='grc' dir='ltr'>γυπτος</span> <span class='ocrx_word' id='word_1_805' title='bbox 2271 5292 2330 5343; x_wconf 81' lang='grc' dir='ltr'>ὲν</span> <span class='ocrx_word' id='word_1_806' title='bbox 2352 5291 2544 5362; x_wconf 73' lang='grc' dir='ltr'>χερσὶν</span> <span class='ocrx_word' id='word_1_807' title='bbox 2578 5285 2644 5360; x_wconf 80' lang='grc' dir='ltr'>ἧν</span> <span class='ocrx_word' id='word_1_808' title='bbox 2675 5286 2999 5357; x_wconf 75' lang='grc' dir='ltr'>Αὐγούστῳ,</span> <span class='ocrx_word' id='word_1_809' title='bbox 3028 5283 3334 5338; x_wconf 77' lang='grc' dir='ltr'>δωδέκατον</span> <span class='ocrx_word' id='word_1_810' title='bbox 3366 5282 3486 5343; x_wconf 72' lang='grc' dir='ltr'>ἔτος</span> <span class='ocrx_word' id='word_1_811' title='bbox 3516 5279 3622 5350; x_wconf 75' lang='grc' dir='ltr'>ἤδη</span> 
     </span>
    </p>
   </div>
   <div class='ocr_carea' id='block_1_99' title="bbox 2034 5369 3617 5456">
    <p class='ocr_par' dir='ltr' id='par_1_99' title="bbox 2034 5369 3617 5456">
     <span class='ocr_line' id='line_1_99' title="bbox 2034 5369 3617 5456; baseline -0.009 -18"><span class='ocrx_word' id='word_1_812' title='bbox 2034 5386 2131 5455; x_wconf 75' lang='grc' dir='ltr'>τῆς</span> <span class='ocrx_word' id='word_1_813' title='bbox 2157 5385 2332 5456; x_wconf 82' lang='grc' dir='ltr'>ἀρχῆς</span> <span class='ocrx_word' id='word_1_814' title='bbox 2360 5384 2559 5454; x_wconf 73' lang='grc' dir='ltr'>ἔχοντι,</span> <span class='ocrx_word' id='word_1_815' title='bbox 2593 5380 2836 5435; x_wconf 69' lang='grc' dir='ltr'>ἐπανιὼν</span> <span class='ocrx_word' id='word_1_816' title='bbox 2856 5380 3018 5441; x_wconf 73' lang='grc' dir='ltr'>αὐτὸς</span> <span class='ocrx_word' id='word_1_817' title='bbox 3044 5379 3122 5440; x_wconf 78' lang='grc' dir='ltr'>εἰς</span> <span class='ocrx_word' id='word_1_818' title='bbox 3153 5375 3399 5445; x_wconf 85' lang='grc' dir='ltr'>Ῥώμην,</span> <span class='ocrx_word' id='word_1_819' title='bbox 3436 5369 3617 5443; x_wconf 72' lang='grc' dir='ltr'>Ἠρώ-</span> 
     </span>
    </p>
   </div>
   <div class='ocr_carea' id='block_1_100' title="bbox 2032 5462 3615 5543">
    <p class='ocr_par' dir='ltr' id='par_1_100' title="bbox 2032 5462 3615 5543">
     <span class='ocr_line' id='line_1_100' title="bbox 2032 5462 3615 5543; baseline -0.007 -18"><span class='ocrx_word' id='word_1_820' title='bbox 2032 5476 2123 5527; x_wconf 82' lang='grc' dir='ltr'>δου</span> <span class='ocrx_word' id='word_1_821' title='bbox 2158 5475 2258 5543; x_wconf 81' lang='grc' dir='ltr'>τῆς</span> <span class='ocrx_word' id='word_1_822' title='bbox 2305 5471 2609 5543; x_wconf 82' lang='grc' dir='ltr'>θεραπείας</span> <span class='ocrx_word' id='word_1_823' title='bbox 2660 5468 2851 5538; x_wconf 80' lang='grc' dir='ltr'>ὥσπερ</span> <span class='ocrx_word' id='word_1_824' title='bbox 2910 5468 3061 5530; x_wconf 75' lang='grc' dir='ltr'>είκὺς</span> <span class='ocrx_word' id='word_1_825' title='bbox 3112 5462 3615 5536; x_wconf 74' lang='grc' dir='ltr'>ἀπομνημονεύων,</span> 
     </span>
    </p>
   </div>
   <div class='ocr_carea' id='block_1_101' title="bbox 2036 5555 3619 5637">
    <p class='ocr_par' dir='ltr' id='par_1_101' title="bbox 2036 5555 3619 5637">
     <span class='ocr_line' id='line_1_101' title="bbox 2036 5555 3619 5637; baseline -0.008 -18"><span class='ocrx_word' id='word_1_826' title='bbox 2036 5567 2199 5637; x_wconf 73' lang='grc' dir='ltr'>βουλῇ</span> <span class='ocrx_word' id='word_1_827' title='bbox 2227 5567 2327 5635; x_wconf 87' lang='grc' dir='ltr'>τῆς</span> <span class='ocrx_word' id='word_1_828' title='bbox 2371 5563 2665 5633; x_wconf 82' lang='grc' dir='ltr'>Ῥωμαίων</span> <span class='ocrx_word' id='word_1_829' title='bbox 2688 5561 3020 5632; x_wconf 83' lang='grc' dir='ltr'>συγκλήτου,</span> <span class='ocrx_word' id='word_1_830' title='bbox 3057 5557 3285 5630; x_wconf 81' lang='grc' dir='ltr'>βασιλέα</span> <span class='ocrx_word' id='word_1_831' title='bbox 3307 5555 3498 5609; x_wconf 81' lang='grc' dir='ltr'>τοῦτον</span> <span class='ocrx_word' id='word_1_832' title='bbox 3516 5557 3619 5624; x_wconf 76' lang='grc' dir='ltr'>τῆς</span> 
     </span>
    </p>
   </div>
   <div class='ocr_carea' id='block_1_102' title="bbox 2036 5647 3619 5729">
    <p class='ocr_par' dir='ltr' id='par_1_102' title="bbox 2036 5647 3619 5729">
     <span class='ocr_line' id='line_1_102' title="bbox 2036 5647 3619 5729; baseline -0.012 -14"><span class='ocrx_word' id='word_1_833' title='bbox 2036 5659 2300 5721; x_wconf 87' lang='grc' dir='ltr'>Ἰουδαίας</span> <span class='ocrx_word' id='word_1_834' title='bbox 2330 5658 2656 5729; x_wconf 83' lang='grc' dir='ltr'>χειροτονεῖ,</span> <span class='ocrx_word' id='word_1_835' title='bbox 2684 5653 2935 5726; x_wconf 72' lang='grc' dir='ltr'>περιθεὶς</span> <span class='ocrx_word' id='word_1_836' title='bbox 2958 5651 3215 5721; x_wconf 84' lang='grc' dir='ltr'>διάδημα.</span> <span class='ocrx_word' id='word_1_837' title='bbox 3261 5649 3476 5717; x_wconf 82' lang='grc' dir='ltr'>Ὅσπερ</span> <span class='ocrx_word' id='word_1_838' title='bbox 3499 5647 3619 5699; x_wconf 63' lang='grc' dir='ltr'>ἐπι-</span> 
     </span>
    </p>
   </div>
   <div class='ocr_carea' id='block_1_103' title="bbox 2034 5737 3618 5821">
    <p class='ocr_par' dir='ltr' id='par_1_103' title="bbox 2034 5737 3618 5821">
     <span class='ocr_line' id='line_1_103' title="bbox 2034 5737 3618 5821; baseline -0.009 -16"><span class='ocrx_word' id='word_1_839' title='bbox 2034 5751 2136 5816; x_wconf 60' lang='grc' dir='ltr'>ϐὰς</span> <span class='ocrx_word' id='word_1_840' title='bbox 2190 5749 2605 5821; x_wconf 86' lang='grc' dir='ltr'>Ἰεροσολύμων,</span> <span class='ocrx_word' id='word_1_841' title='bbox 2654 5747 2779 5800; x_wconf 71' lang='grc' dir='ltr'>ἐπεὶ</span> <span class='ocrx_word' id='word_1_842' title='bbox 2836 5746 2962 5808; x_wconf 71' lang='grc' dir='ltr'>τοὺς</span> <span class='ocrx_word' id='word_1_843' title='bbox 3012 5741 3304 5805; x_wconf 76' lang='grc' dir='ltr'>Ἰουδαίους</span> <span class='ocrx_word' id='word_1_844' title='bbox 3349 5742 3491 5807; x_wconf 77' lang='grc' dir='ltr'>ἔγνω</span> <span class='ocrx_word' id='word_1_845' title='bbox 3542 5737 3618 5806; x_wconf 76' lang='grc' dir='ltr'>μὴ</span> 
     </span>
    </p>
   </div>
   <div class='ocr_carea' id='block_1_104' title="bbox 2036 5827 3617 5912">
    <p class='ocr_par' dir='ltr' id='par_1_104' title="bbox 2036 5827 3617 5912">
     <span class='ocr_line' id='line_1_104' title="bbox 2036 5827 3617 5912; baseline -0.011 -15"><span class='ocrx_word' id='word_1_846' title='bbox 2036 5841 2177 5898; x_wconf 73' lang='grc' dir='ltr'>κατὰ</span> <span class='ocrx_word' id='word_1_847' title='bbox 2204 5841 2429 5912; x_wconf 82' lang='grc' dir='ltr'>γνώμην</span> <span class='ocrx_word' id='word_1_848' title='bbox 2453 5837 2597 5910; x_wconf 73' lang='grc' dir='ltr'>αὐτῷ</span> <span class='ocrx_word' id='word_1_849' title='bbox 2628 5834 3030 5907; x_wconf 68' lang='grc' dir='ltr'>διακειμένους,</span> <span class='ocrx_word' id='word_1_850' title='bbox 3058 5832 3190 5888; x_wconf 68' lang='grc' dir='ltr'>ἀλλὰ</span> <span class='ocrx_word' id='word_1_851' title='bbox 3221 5831 3297 5905; x_wconf 82' lang='grc' dir='ltr'>τῷ</span> <span class='ocrx_word' id='word_1_852' title='bbox 3324 5827 3617 5899; x_wconf 68' lang='grc' dir='ltr'>ἀλλόφυλον</span> 
     </span>
    </p>
   </div>
  </div>
