  <div class='ocr_page' id='page_1' title='image "/cluster/home/n/w/nwhite01/storage/ocr_20150623/115:no.2/coo.31924054870195/276.png"; bbox 0 0 3996 6442; ppageno 0'>
   <div class='ocr_carea' id='block_1_1' title="bbox 297 374 394 436">
    <p class='ocr_par' dir='ltr' id='par_1_1' title="bbox 297 374 394 436">
     <span class='ocr_line' id='line_1_1' title="bbox 297 374 394 436; baseline 0 -1"><span class='ocrx_word' id='word_1_1' title='bbox 297 374 394 436; x_wconf 66' lang='grc' dir='ltr'><strong>ιη</strong></span> 
     </span>
    </p>
   </div>
   <div class='ocr_carea' id='block_1_2' title="bbox 1396 378 2463 449">
    <p class='ocr_par' dir='ltr' id='par_1_2' title="bbox 1396 378 2463 449">
     <span class='ocr_line' id='line_1_2' title="bbox 1396 378 2463 449; baseline 0.009 -10"><span class='ocrx_word' id='word_1_2' title='bbox 1396 378 1688 442; x_wconf 77' lang='lat' dir='ltr'><strong>ORATIO</strong></span> <span class='ocrx_word' id='word_1_3' title='bbox 1727 383 1822 443; x_wconf 88' lang='lat' dir='ltr'><strong>DE</strong></span> <span class='ocrx_word' id='word_1_4' title='bbox 1859 382 2150 445; x_wconf 77' lang='lat' dir='ltr'><strong>SANCTA</strong></span> <span class='ocrx_word' id='word_1_5' title='bbox 2193 386 2463 449; x_wconf 73' lang='lat' dir='ltr'><strong>MARIA.</strong></span> 
     </span>
    </p>
   </div>
   <div class='ocr_carea' id='block_1_3' title="bbox 3457 376 3579 455">
    <p class='ocr_par' dir='ltr' id='par_1_3' title="bbox 3457 376 3579 455">
     <span class='ocr_line' id='line_1_3' title="bbox 3457 376 3579 455; baseline -0.008 -1"><span class='ocrx_word' id='word_1_6' title='bbox 3457 376 3579 455; x_wconf 77' lang='lat'><strong>533&#39;</strong></span> 
     </span>
    </p>
   </div>
   <div class='ocr_carea' id='block_1_4' title="bbox 294 470 3569 572">
    <p class='ocr_par' dir='ltr' id='par_1_4' title="bbox 294 470 3569 572">
     <span class='ocr_line' id='line_1_4' title="bbox 294 470 3569 572; baseline 0.007 -29"><span class='ocrx_word' id='word_1_7' title='bbox 294 489 594 562; x_wconf 75' lang='lat' dir='ltr'><strong>prophetia,</strong></span> <span class='ocrx_word' id='word_1_8' title='bbox 630 470 756 565; x_wconf 72' lang='lat' dir='ltr'><strong>qua:</strong></span> <span class='ocrx_word' id='word_1_9' title='bbox 786 507 901 550; x_wconf 85' lang='lat' dir='ltr'><strong>non</strong></span> <span class='ocrx_word' id='word_1_10' title='bbox 924 493 1266 550; x_wconf 74' lang='lat' dir='ltr'><strong>defecturam</strong></span> <span class='ocrx_word' id='word_1_11' title='bbox 1291 495 1597 566; x_wconf 91' lang='lat' dir='ltr'><strong>principem</strong></span> <span class='ocrx_word' id='word_1_12' title='bbox 1638 514 1705 553; x_wconf 81' lang='lat' dir='ltr'><strong>ex</strong></span> <span class='ocrx_word' id='word_1_13' title='bbox 1735 498 1874 555; x_wconf 97' lang='lat' dir='ltr'><strong>Iuda</strong></span> <span class='ocrx_word' id='word_1_14' title='bbox 1901 505 1951 563; x_wconf 80' lang='grc' dir='ltr'>Α</span> <span class='ocrx_word' id='word_1_15' title='bbox 1974 500 2256 572; x_wconf 79' lang='lat' dir='ltr'><strong>Ioseplio)</strong></span> <span class='ocrx_word' id='word_1_16' title='bbox 2284 505 2499 560; x_wconf 75' lang='lat' dir='ltr'><strong>accedit</strong></span> <span class='ocrx_word' id='word_1_17' title='bbox 2524 505 2591 561; x_wconf 87' lang='lat' dir='ltr'><strong>ad</strong></span> <span class='ocrx_word' id='word_1_18' title='bbox 2626 521 2751 561; x_wconf 88' lang='lat' dir='ltr'><strong>eum</strong></span> <span class='ocrx_word' id='word_1_19' title='bbox 2786 482 2875 563; x_wconf 84' lang='lat' dir='ltr'><strong>hic</strong></span> <span class='ocrx_word' id='word_1_20' title='bbox 2906 506 3173 571; x_wconf 77' lang='lat' dir='ltr'><strong>Herodes,</strong></span> <span class='ocrx_word' id='word_1_21' title='bbox 3206 516 3261 564; x_wconf 91' lang='lat' dir='ltr'><strong>et</strong></span> <span class='ocrx_word' id='word_1_22' title='bbox 3290 511 3569 566; x_wconf 78' lang='lat' dir='ltr'><strong>exercitus</strong></span> 
     </span>
    </p>
   </div>
   <div class='ocr_carea' id='block_1_5' title="bbox 295 586 1877 660">
    <p class='ocr_par' dir='ltr' id='par_1_5' title="bbox 295 586 1877 660">
     <span class='ocr_line' id='line_1_5' title="bbox 295 586 1877 660; baseline 0.006 -22"><span class='ocrx_word' id='word_1_23' title='bbox 295 599 464 656; x_wconf 87' lang='lat' dir='ltr'><strong>neque</strong></span> <span class='ocrx_word' id='word_1_24' title='bbox 500 586 699 641; x_wconf 89' lang='lat' dir='ltr'><strong>ducem</strong></span> <span class='ocrx_word' id='word_1_25' title='bbox 737 601 807 642; x_wconf 80' lang='lat' dir='ltr'><strong>ex</strong></span> <span class='ocrx_word' id='word_1_26' title='bbox 855 586 1152 643; x_wconf 80' lang='lat' dir='ltr'><strong>femoribus</strong></span> <span class='ocrx_word' id='word_1_27' title='bbox 1206 587 1377 654; x_wconf 89' lang='lat' dir='ltr'><strong>illius,</strong></span> <span class='ocrx_word' id='word_1_28' title='bbox 1408 588 1586 645; x_wconf 90' lang='lat' dir='ltr'><strong>donec</strong></span> <span class='ocrx_word' id='word_1_29' title='bbox 1640 593 1877 660; x_wconf 76' lang='lat' dir='ltr'><strong>venerit,</strong></span> 
     </span>
    </p>
   </div>
   <div class='ocr_carea' id='block_1_6' title="bbox 294 677 1874 751">
    <p class='ocr_par' dir='ltr' id='par_1_6' title="bbox 294 677 1874 751">
     <span class='ocr_line' id='line_1_6' title="bbox 294 677 1874 751; baseline 0.005 -21"><span class='ocrx_word' id='word_1_30' title='bbox 294 677 380 730; x_wconf 86' lang='lat' dir='ltr'><strong>cui</strong></span> <span class='ocrx_word' id='word_1_31' title='bbox 400 685 485 733; x_wconf 89' lang='lat' dir='ltr'><strong>est</strong></span> <span class='ocrx_word' id='word_1_32' title='bbox 513 679 842 747; x_wconf 88' lang='lat' dir='ltr'><strong>repositum:</strong></span> <span class='ocrx_word' id='word_1_33' title='bbox 863 679 1042 749; x_wconf 87' lang='lat' dir='ltr'><strong>ipsum</strong></span> <span class='ocrx_word' id='word_1_34' title='bbox 1060 689 1243 736; x_wconf 87' lang='lat' dir='ltr'><strong>autem</strong></span> <span class='ocrx_word' id='word_1_35' title='bbox 1271 696 1393 736; x_wconf 86' lang='lat' dir='ltr'><strong>esse</strong></span> <span class='ocrx_word' id='word_1_36' title='bbox 1407 683 1874 751; x_wconf 77' lang='lat' dir='ltr'><strong>exspectationem</strong></span> 
     </span>
    </p>
   </div>
   <div class='ocr_carea' id='block_1_7' title="bbox 294 768 1871 843">
    <p class='ocr_par' dir='ltr' id='par_1_7' title="bbox 294 768 1871 843">
     <span class='ocr_line' id='line_1_7' title="bbox 294 768 1871 843; baseline 0.006 -21"><span class='ocrx_word' id='word_1_37' title='bbox 294 768 534 838; x_wconf 71' lang='lat' dir='ltr'><strong>gentium</strong></span> <span class='ocrx_word' id='word_1_38' title='bbox 576 770 621 801; x_wconf 82' lang='lat'>“</span> <span class='ocrx_word' id='word_1_39' title='bbox 653 770 741 838; x_wconf 90' lang='lat' dir='ltr'><strong>(de</strong></span> <span class='ocrx_word' id='word_1_40' title='bbox 757 771 976 826; x_wconf 81' lang='lat' dir='ltr'><strong>Christo</strong></span> <span class='ocrx_word' id='word_1_41' title='bbox 1002 771 1371 827; x_wconf 75' lang='lat' dir='ltr'><strong>videlicethoc</strong></span> <span class='ocrx_word' id='word_1_42' title='bbox 1393 772 1567 842; x_wconf 84' lang='lat' dir='ltr'><strong>dicit),</strong></span> <span class='ocrx_word' id='word_1_43' title='bbox 1597 774 1871 843; x_wconf 75' lang='lat' dir='ltr'><strong>explicare</strong></span> 
     </span>
    </p>
   </div>
   <div class='ocr_carea' id='block_1_8' title="bbox 291 855 1880 933">
    <p class='ocr_par' dir='ltr' id='par_1_8' title="bbox 291 855 1880 933">
     <span class='ocr_line' id='line_1_8' title="bbox 291 855 1880 933; baseline 0.006 -24"><span class='ocrx_word' id='word_1_44' title='bbox 291 857 659 925; x_wconf 76' lang='lat' dir='ltr'><strong>aggredimur.</strong></span> <span class='ocrx_word' id='word_1_45' title='bbox 682 855 837 912; x_wconf 85' lang='lat' dir='ltr'><strong>Tunc</strong></span> <span class='ocrx_word' id='word_1_46' title='bbox 858 860 1004 912; x_wconf 88' lang='lat' dir='ltr'><strong>enim</strong></span> <span class='ocrx_word' id='word_1_47' title='bbox 1023 859 1112 914; x_wconf 88' lang='lat' dir='ltr'><strong>ille</strong></span> <span class='ocrx_word' id='word_1_48' title='bbox 1132 858 1371 925; x_wconf 83' lang='lat' dir='ltr'><strong>advenit,</strong></span> <span class='ocrx_word' id='word_1_49' title='bbox 1387 861 1604 929; x_wconf 81' lang='lat' dir='ltr'><strong>quando</strong></span> <span class='ocrx_word' id='word_1_50' title='bbox 1619 862 1880 933; x_wconf 81' lang='lat' dir='ltr'><strong>deinceps</strong></span> 
     </span>
    </p>
   </div>
   <div class='ocr_carea' id='block_1_9' title="bbox 290 946 1881 1020">
    <p class='ocr_par' dir='ltr' id='par_1_9' title="bbox 290 946 1881 1020">
     <span class='ocr_line' id='line_1_9' title="bbox 290 946 1881 1020; baseline 0.006 -20"><span class='ocrx_word' id='word_1_51' title='bbox 290 946 611 1003; x_wconf 81' lang='lat' dir='ltr'><strong>defecerant</strong></span> <span class='ocrx_word' id='word_1_52' title='bbox 660 948 871 1010; x_wconf 80' lang='lat' dir='ltr'><strong>Iudaici</strong></span> <span class='ocrx_word' id='word_1_53' title='bbox 928 950 1224 1020; x_wconf 89' lang='lat' dir='ltr'><strong>principes,</strong></span> <span class='ocrx_word' id='word_1_54' title='bbox 1285 960 1341 1005; x_wconf 91' lang='lat' dir='ltr'><strong>et</strong></span> <span class='ocrx_word' id='word_1_55' title='bbox 1402 950 1664 1008; x_wconf 82' lang='lat' dir='ltr'><strong>Romanis</strong></span> <span class='ocrx_word' id='word_1_56' title='bbox 1721 962 1881 1009; x_wconf 89' lang='lat' dir='ltr'><strong>erant</strong></span> 
     </span>
    </p>
   </div>
   <div class='ocr_carea' id='block_1_10' title="bbox 286 1040 1876 1111">
    <p class='ocr_par' dir='ltr' id='par_1_10' title="bbox 286 1040 1876 1111">
     <span class='ocr_line' id='line_1_10' title="bbox 286 1040 1876 1111; baseline 0.005 -20"><span class='ocrx_word' id='word_1_57' title='bbox 286 1040 520 1107; x_wconf 73' lang='lat' dir='ltr'><strong>sceptris</strong></span> <span class='ocrx_word' id='word_1_58' title='bbox 552 1040 809 1108; x_wconf 85' lang='lat' dir='ltr'><strong>subjecti.</strong></span> <span class='ocrx_word' id='word_1_59' title='bbox 845 1040 1017 1095; x_wconf 79' lang='lat' dir='ltr'><strong>Simul</strong></span> <span class='ocrx_word' id='word_1_60' title='bbox 1040 1042 1186 1096; x_wconf 89' lang='lat' dir='ltr'><strong>enim</strong></span> <span class='ocrx_word' id='word_1_61' title='bbox 1240 1051 1297 1098; x_wconf 86' lang='lat' dir='ltr'><strong>et</strong></span> <span class='ocrx_word' id='word_1_62' title='bbox 1327 1042 1580 1098; x_wconf 83' lang='lat' dir='ltr'><strong>Christus</strong></span> <span class='ocrx_word' id='word_1_63' title='bbox 1613 1045 1876 1111; x_wconf 88' lang='lat' dir='ltr'><strong>nascitur,</strong></span> 
     </span>
    </p>
   </div>
   <div class='ocr_carea' id='block_1_11' title="bbox 285 1130 1880 1200">
    <p class='ocr_par' dir='ltr' id='par_1_11' title="bbox 285 1130 1880 1200">
     <span class='ocr_line' id='line_1_11' title="bbox 285 1130 1880 1200; baseline 0.005 -18"><span class='ocrx_word' id='word_1_64' title='bbox 285 1138 339 1183; x_wconf 78' lang='lat' dir='ltr'><strong>rt</strong></span> <span class='ocrx_word' id='word_1_65' title='bbox 364 1130 423 1183; x_wconf 79' lang='lat' dir='ltr'><strong>fit</strong></span> <span class='ocrx_word' id='word_1_66' title='bbox 451 1130 540 1184; x_wconf 88' lang='lat' dir='ltr'><strong>illa</strong></span> <span class='ocrx_word' id='word_1_67' title='bbox 567 1131 742 1200; x_wconf 87' lang='lat' dir='ltr'><strong>prima</strong></span> <span class='ocrx_word' id='word_1_68' title='bbox 768 1131 1062 1200; x_wconf 85' lang='lat' dir='ltr'><strong>descriptio</strong></span> <span class='ocrx_word' id='word_1_69' title='bbox 1085 1149 1099 1187; x_wconf 89' lang='lat'><strong>:</strong></span> <span class='ocrx_word' id='word_1_70' title='bbox 1126 1148 1250 1188; x_wconf 87' lang='lat' dir='ltr'><strong>cum</strong></span> <span class='ocrx_word' id='word_1_71' title='bbox 1276 1133 1507 1189; x_wconf 79' lang='lat' dir='ltr'><strong>Romani</strong></span> <span class='ocrx_word' id='word_1_72' title='bbox 1539 1135 1749 1191; x_wconf 81' lang='lat' dir='ltr'><strong>scilicet</strong></span> <span class='ocrx_word' id='word_1_73' title='bbox 1777 1137 1880 1191; x_wconf 85' lang='lat' dir='ltr'><strong>do-</strong></span> 
     </span>
    </p>
   </div>
   <div class='ocr_carea' id='block_1_12' title="bbox 287 1222 1879 1294">
    <p class='ocr_par' dir='ltr' id='par_1_12' title="bbox 287 1222 1879 1294">
     <span class='ocr_line' id='line_1_12' title="bbox 287 1222 1879 1294; baseline 0.006 -21"><span class='ocrx_word' id='word_1_74' title='bbox 287 1222 556 1276; x_wconf 81' lang='lat' dir='ltr'><strong>minatum</strong></span> <span class='ocrx_word' id='word_1_75' title='bbox 578 1223 977 1278; x_wconf 82' lang='lat' dir='ltr'><strong>obtinerentin</strong></span> <span class='ocrx_word' id='word_1_76' title='bbox 1027 1236 1246 1294; x_wconf 79' lang='lat' dir='ltr'><strong>gentem</strong></span> <span class='ocrx_word' id='word_1_77' title='bbox 1297 1225 1630 1293; x_wconf 67' lang='lat' dir='ltr'><strong>Iudaeorum,</strong></span> <span class='ocrx_word' id='word_1_78' title='bbox 1684 1237 1739 1283; x_wconf 87' lang='lat' dir='ltr'><strong>et</strong></span> <span class='ocrx_word' id='word_1_79' title='bbox 1781 1243 1879 1283; x_wconf 90' lang='lat' dir='ltr'><strong>eos</strong></span> 
     </span>
    </p>
   </div>
   <div class='ocr_carea' id='block_1_13' title="bbox 284 1315 1877 1390">
    <p class='ocr_par' dir='ltr' id='par_1_13' title="bbox 284 1315 1877 1390">
     <span class='ocr_line' id='line_1_13' title="bbox 284 1315 1877 1390; baseline 0.008 -25"><span class='ocrx_word' id='word_1_80' title='bbox 284 1331 383 1367; x_wconf 79' lang='lat' dir='ltr'><strong>suo</strong></span> <span class='ocrx_word' id='word_1_81' title='bbox 405 1315 827 1385; x_wconf 83' lang='lat' dir='ltr'><strong>subjuuxissent</strong></span> <span class='ocrx_word' id='word_1_82' title='bbox 848 1317 1405 1387; x_wconf 9' lang='lat' dir='ltr'><strong>imperio.gAntipater</strong></span> <span class='ocrx_word' id='word_1_83' title='bbox 1424 1319 1572 1372; x_wconf 89' lang='lat' dir='ltr'><strong>enim</strong></span> <span class='ocrx_word' id='word_1_84' title='bbox 1601 1329 1753 1390; x_wconf 81' lang='lat' dir='ltr'><strong>pater</strong></span> <span class='ocrx_word' id='word_1_85' title='bbox 1769 1319 1877 1377; x_wconf 85' lang='lat' dir='ltr'><strong>He-</strong></span> 
     </span>
    </p>
   </div>
   <div class='ocr_carea' id='block_1_14' title="bbox 289 1406 1875 1478">
    <p class='ocr_par' dir='ltr' id='par_1_14' title="bbox 289 1406 1875 1478">
     <span class='ocr_line' id='line_1_14' title="bbox 289 1406 1875 1478; baseline 0.006 -20"><span class='ocrx_word' id='word_1_86' title='bbox 289 1406 461 1470; x_wconf 84' lang='lat' dir='ltr'><strong>rodis,</strong></span> <span class='ocrx_word' id='word_1_87' title='bbox 495 1407 587 1477; x_wconf 90' lang='lat' dir='ltr'><strong>qui</strong></span> <span class='ocrx_word' id='word_1_88' title='bbox 637 1418 827 1477; x_wconf 88' lang='lat' dir='ltr'><strong>postea</strong></span> <span class='ocrx_word' id='word_1_89' title='bbox 871 1409 1131 1478; x_wconf 88' lang='lat' dir='ltr'><strong>princeps</strong></span> <span class='ocrx_word' id='word_1_90' title='bbox 1158 1409 1259 1464; x_wconf 89' lang='lat' dir='ltr'><strong>fuit</strong></span> <span class='ocrx_word' id='word_1_91' title='bbox 1294 1409 1348 1463; x_wconf 88' lang='lat' dir='ltr'><strong>in</strong></span> <span class='ocrx_word' id='word_1_92' title='bbox 1375 1408 1585 1476; x_wconf 71' lang='lat' dir='ltr'><strong>Iudaea,</strong></span> <span class='ocrx_word' id='word_1_93' title='bbox 1652 1427 1875 1467; x_wconf 78' lang='lat' dir='ltr'><strong>uxorem</strong></span> 
     </span>
    </p>
   </div>
   <div class='ocr_carea' id='block_1_15' title="bbox 285 1498 1875 1573">
    <p class='ocr_par' dir='ltr' id='par_1_15' title="bbox 285 1498 1875 1573">
     <span class='ocr_line' id='line_1_15' title="bbox 285 1498 1875 1573; baseline 0.004 -22"><span class='ocrx_word' id='word_1_94' title='bbox 285 1498 441 1552; x_wconf 75' lang='lat' dir='ltr'><strong>duxit</strong></span> <span class='ocrx_word' id='word_1_95' title='bbox 468 1514 537 1552; x_wconf 80' lang='lat' dir='ltr'><strong>ex</strong></span> <span class='ocrx_word' id='word_1_96' title='bbox 575 1498 800 1565; x_wconf 78' lang='lat' dir='ltr'><strong>Arabia,</strong></span> <span class='ocrx_word' id='word_1_97' title='bbox 827 1499 1050 1570; x_wconf 80' lang='lat' dir='ltr'><strong>Cyprim</strong></span> <span class='ocrx_word' id='word_1_98' title='bbox 1066 1501 1290 1555; x_wconf 89' lang='lat' dir='ltr'><strong>nomine</strong></span> <span class='ocrx_word' id='word_1_99' title='bbox 1318 1517 1332 1555; x_wconf 90' lang='lat'><strong>:</strong></span> <span class='ocrx_word' id='word_1_100' title='bbox 1355 1517 1478 1571; x_wconf 72' lang='lat' dir='ltr'><strong>qua:</strong></span> <span class='ocrx_word' id='word_1_101' title='bbox 1505 1516 1631 1556; x_wconf 90' lang='lat' dir='ltr'><strong>eum</strong></span> <span class='ocrx_word' id='word_1_102' title='bbox 1665 1512 1875 1573; x_wconf 84' lang='lat' dir='ltr'><strong>patrem</strong></span> 
     </span>
    </p>
   </div>
   <div class='ocr_carea' id='block_1_16' title="bbox 287 1591 1877 1663">
    <p class='ocr_par' dir='ltr' id='par_1_16' title="bbox 287 1591 1877 1663">
     <span class='ocr_line' id='line_1_16' title="bbox 287 1591 1877 1663; baseline 0.005 -20"><span class='ocrx_word' id='word_1_103' title='bbox 287 1591 466 1644; x_wconf 83' lang='lat' dir='ltr'><strong>eﬂ&#39;ccit</strong></span> <span class='ocrx_word' id='word_1_104' title='bbox 517 1601 754 1661; x_wconf 82' lang='lat' dir='ltr'><strong>quatuor</strong></span> <span class='ocrx_word' id='word_1_105' title='bbox 785 1592 1040 1661; x_wconf 85' lang='lat' dir='ltr'><strong>filiorum,</strong></span> <span class='ocrx_word' id='word_1_106' title='bbox 1063 1608 1299 1663; x_wconf 88' lang='lat' dir='ltr'><strong>quorum</strong></span> <span class='ocrx_word' id='word_1_107' title='bbox 1324 1604 1442 1649; x_wconf 87' lang='lat' dir='ltr'><strong>erat</strong></span> <span class='ocrx_word' id='word_1_108' title='bbox 1473 1594 1563 1649; x_wconf 82' lang='lat' dir='ltr'><strong>hic</strong></span> <span class='ocrx_word' id='word_1_109' title='bbox 1594 1611 1736 1649; x_wconf 90' lang='lat' dir='ltr'><strong>unus</strong></span> <span class='ocrx_word' id='word_1_110' title='bbox 1767 1596 1877 1651; x_wconf 83' lang='lat' dir='ltr'><strong>lle-</strong></span> 
     </span>
    </p>
   </div>
   <div class='ocr_carea' id='block_1_17' title="bbox 286 1682 1878 1757">
    <p class='ocr_par' dir='ltr' id='par_1_17' title="bbox 286 1682 1878 1757">
     <span class='ocr_line' id='line_1_17' title="bbox 286 1682 1878 1757; baseline 0.004 -21"><span class='ocrx_word' id='word_1_111' title='bbox 286 1684 470 1739; x_wconf 88' lang='lat' dir='ltr'><strong>rodes.</strong></span> <span class='ocrx_word' id='word_1_112' title='bbox 494 1682 679 1738; x_wconf 79' lang='lat' dir='ltr'><strong>Satius</strong></span> <span class='ocrx_word' id='word_1_113' title='bbox 715 1695 800 1739; x_wconf 81' lang='lat' dir='ltr'><strong>est</strong></span> <span class='ocrx_word' id='word_1_114' title='bbox 834 1694 1038 1751; x_wconf 88' lang='lat' dir='ltr'><strong>autem,</strong></span> <span class='ocrx_word' id='word_1_115' title='bbox 1081 1693 1144 1739; x_wconf 87' lang='lat' dir='ltr'><strong>ut</strong></span> <span class='ocrx_word' id='word_1_116' title='bbox 1184 1701 1347 1756; x_wconf 87' lang='lat' dir='ltr'><strong>quam</strong></span> <span class='ocrx_word' id='word_1_117' title='bbox 1368 1687 1715 1755; x_wconf 84' lang='lat' dir='ltr'><strong>apertissime</strong></span> <span class='ocrx_word' id='word_1_118' title='bbox 1750 1702 1878 1757; x_wconf 87' lang='lat' dir='ltr'><strong>pos-</strong></span> 
     </span>
    </p>
   </div>
   <div class='ocr_carea' id='block_1_18' title="bbox 284 1777 1875 1849">
    <p class='ocr_par' dir='ltr' id='par_1_18' title="bbox 284 1777 1875 1849">
     <span class='ocr_line' id='line_1_18' title="bbox 284 1777 1875 1849; baseline 0.003 -20"><span class='ocrx_word' id='word_1_119' title='bbox 284 1791 498 1841; x_wconf 80' lang='lat' dir='ltr'><strong>sumus,</strong></span> <span class='ocrx_word' id='word_1_120' title='bbox 534 1792 648 1829; x_wconf 88' lang='lat' dir='ltr'><strong>rem</strong></span> <span class='ocrx_word' id='word_1_121' title='bbox 677 1777 1043 1834; x_wconf 86' lang='lat' dir='ltr'><strong>declaremus.</strong></span> <span class='ocrx_word' id='word_1_122' title='bbox 1063 1779 1200 1833; x_wconf 87' lang='lat' dir='ltr'><strong>Cum</strong></span> <span class='ocrx_word' id='word_1_123' title='bbox 1218 1779 1369 1833; x_wconf 84' lang='lat' dir='ltr'><strong>enim</strong></span> <span class='ocrx_word' id='word_1_124' title='bbox 1394 1777 1676 1849; x_wconf 82' lang='lat' dir='ltr'><strong>Hyrcanus</strong></span> <span class='ocrx_word' id='word_1_125' title='bbox 1705 1779 1875 1835; x_wconf 80' lang='lat' dir='ltr'><strong>frater</strong></span> 
     </span>
    </p>
   </div>
   <div class='ocr_carea' id='block_1_19' title="bbox 1981 596 3570 669">
    <p class='ocr_par' dir='ltr' id='par_1_19' title="bbox 1981 596 3570 669">
     <span class='ocr_line' id='line_1_19' title="bbox 1981 596 3570 669; baseline 0.003 -18"><span class='ocrx_word' id='word_1_126' title='bbox 1981 606 2035 651; x_wconf 91' lang='lat' dir='ltr'><strong>et</strong></span> <span class='ocrx_word' id='word_1_127' title='bbox 2065 596 2342 666; x_wconf 81' lang='lat' dir='ltr'><strong>impensas</strong></span> <span class='ocrx_word' id='word_1_128' title='bbox 2367 597 2417 651; x_wconf 91' lang='lat' dir='ltr'><strong>ei</strong></span> <span class='ocrx_word' id='word_1_129' title='bbox 2448 596 2869 667; x_wconf 81' lang='lat' dir='ltr'><strong>suppeditanda,</strong></span> <span class='ocrx_word' id='word_1_130' title='bbox 2901 613 3012 653; x_wconf 84' lang='lat' dir='ltr'><strong>non</strong></span> <span class='ocrx_word' id='word_1_131' title='bbox 3046 598 3310 654; x_wconf 67' lang='lat' dir='ltr'><strong>mediocri</strong></span> <span class='ocrx_word' id='word_1_132' title='bbox 3338 600 3570 669; x_wconf 76' lang='lat' dir='ltr'><strong>fungens</strong></span> 
     </span>
    </p>
   </div>
   <div class='ocr_carea' id='block_1_20' title="bbox 1981 685 3571 759">
    <p class='ocr_par' dir='ltr' id='par_1_20' title="bbox 1981 685 3571 759">
     <span class='ocr_line' id='line_1_20' title="bbox 1981 685 3571 759; baseline 0.003 -20"><span class='ocrx_word' id='word_1_133' title='bbox 1981 685 2123 752; x_wconf 87' lang='lat' dir='ltr'><strong>apud</strong></span> <span class='ocrx_word' id='word_1_134' title='bbox 2173 701 2299 739; x_wconf 93' lang='lat' dir='ltr'><strong>eum</strong></span> <span class='ocrx_word' id='word_1_135' title='bbox 2351 700 2599 742; x_wconf 87' lang='lat' dir='ltr'><strong>munere.</strong></span> <span class='ocrx_word' id='word_1_136' title='bbox 2651 687 2788 742; x_wconf 86' lang='lat' dir='ltr'><strong>Cum</strong></span> <span class='ocrx_word' id='word_1_137' title='bbox 2838 698 3023 743; x_wconf 89' lang='lat' dir='ltr'><strong>autem</strong></span> <span class='ocrx_word' id='word_1_138' title='bbox 3087 697 3143 744; x_wconf 90' lang='lat' dir='ltr'><strong>et</strong></span> <span class='ocrx_word' id='word_1_139' title='bbox 3180 688 3464 759; x_wconf 83' lang='lat' dir='ltr'><strong>Cleopatra</strong></span> <span class='ocrx_word' id='word_1_140' title='bbox 3511 698 3571 744; x_wconf 82' lang='lat' dir='ltr'><strong>et</strong></span> 
     </span>
    </p>
   </div>
   <div class='ocr_carea' id='block_1_21' title="bbox 1981 775 3569 851">
    <p class='ocr_par' dir='ltr' id='par_1_21' title="bbox 1981 775 3569 851">
     <span class='ocr_line' id='line_1_21' title="bbox 1981 775 3569 851; baseline 0 -21"><span class='ocrx_word' id='word_1_141' title='bbox 1981 775 2249 847; x_wconf 62' lang='lat' dir='ltr'><strong>Egyptus</strong></span> <span class='ocrx_word' id='word_1_142' title='bbox 2282 786 2467 831; x_wconf 83' lang='lat' dir='ltr'><strong>essent</strong></span> <span class='ocrx_word' id='word_1_143' title='bbox 2501 777 2555 830; x_wconf 91' lang='lat' dir='ltr'><strong>in</strong></span> <span class='ocrx_word' id='word_1_144' title='bbox 2592 779 2848 834; x_wconf 90' lang='lat' dir='ltr'><strong>manibus</strong></span> <span class='ocrx_word' id='word_1_145' title='bbox 2873 780 3126 849; x_wconf 78' lang='lat' dir='ltr'><strong>Augusti,</strong></span> <span class='ocrx_word' id='word_1_146' title='bbox 3158 782 3252 850; x_wconf 88' lang='lat' dir='ltr'><strong>qui</strong></span> <span class='ocrx_word' id='word_1_147' title='bbox 3286 782 3394 851; x_wconf 80' lang='lat' dir='ltr'><strong>jam</strong></span> <span class='ocrx_word' id='word_1_148' title='bbox 3434 781 3569 835; x_wconf 79' lang='lat' dir='ltr'><strong>duu-</strong></span> 
     </span>
    </p>
   </div>
   <div class='ocr_carea' id='block_1_22' title="bbox 1981 868 3565 942">
    <p class='ocr_par' dir='ltr' id='par_1_22' title="bbox 1981 868 3565 942">
     <span class='ocr_line' id='line_1_22' title="bbox 1981 868 3565 942; baseline 0.002 -19"><span class='ocrx_word' id='word_1_149' title='bbox 1981 868 2158 923; x_wconf 83' lang='lat' dir='ltr'><strong>decim</strong></span> <span class='ocrx_word' id='word_1_150' title='bbox 2193 884 2369 925; x_wconf 84' lang='lat' dir='ltr'><strong>annos</strong></span> <span class='ocrx_word' id='word_1_151' title='bbox 2398 870 2786 939; x_wconf 81' lang='lat' dir='ltr'><strong>imperaverat,</strong></span> <span class='ocrx_word' id='word_1_152' title='bbox 2824 871 2942 942; x_wconf 91' lang='lat' dir='ltr'><strong>ipse</strong></span> <span class='ocrx_word' id='word_1_153' title='bbox 2981 870 3209 927; x_wconf 79' lang='lat' dir='ltr'><strong>ROmam</strong></span> <span class='ocrx_word' id='word_1_154' title='bbox 3263 884 3565 938; x_wconf 85' lang='lat' dir='ltr'><strong>revertens,</strong></span> 
     </span>
    </p>
   </div>
   <div class='ocr_carea' id='block_1_23' title="bbox 1982 963 3566 1033">
    <p class='ocr_par' dir='ltr' id='par_1_23' title="bbox 1982 963 3566 1033">
     <span class='ocr_line' id='line_1_23' title="bbox 1982 963 3566 1033; baseline 0.003 -19"><span class='ocrx_word' id='word_1_155' title='bbox 1982 975 2212 1025; x_wconf 88' lang='lat' dir='ltr'><strong>metnor,</strong></span> <span class='ocrx_word' id='word_1_156' title='bbox 2249 971 2310 1016; x_wconf 90' lang='lat' dir='ltr'><strong>ut</strong></span> <span class='ocrx_word' id='word_1_157' title='bbox 2339 971 2423 1019; x_wconf 87' lang='lat' dir='ltr'><strong>est</strong></span> <span class='ocrx_word' id='word_1_158' title='bbox 2455 972 2910 1023; x_wconf 88' lang='lat' dir='ltr'><strong>consentaneum.</strong></span> <span class='ocrx_word' id='word_1_159' title='bbox 2959 963 3142 1028; x_wconf 69' lang='lat' dir='ltr'><strong>ofﬁcii,</strong></span> <span class='ocrx_word' id='word_1_160' title='bbox 3187 980 3309 1033; x_wconf 30' lang='lat' dir='ltr'><strong>quo.</strong></span> <span class='ocrx_word' id='word_1_161' title='bbox 3336 965 3389 1018; x_wconf 89' lang='lat' dir='ltr'><strong>in</strong></span> <span class='ocrx_word' id='word_1_162' title='bbox 3440 980 3566 1019; x_wconf 91' lang='lat' dir='ltr'><strong>eum</strong></span> 
     </span>
    </p>
   </div>
   <div class='ocr_carea' id='block_1_24' title="bbox 1981 1044 3566 1115">
    <p class='ocr_par' dir='ltr' id='par_1_24' title="bbox 1981 1044 3566 1115">
     <span class='ocr_line' id='line_1_24' title="bbox 1981 1044 3566 1115; baseline 0 -8"><span class='ocrx_word' id='word_1_163' title='bbox 1981 1044 2114 1107; x_wconf 83' lang='lat' dir='ltr'><strong>usus</strong></span> <span class='ocrx_word' id='word_1_164' title='bbox 2146 1051 2324 1107; x_wconf 78' lang='lat' dir='ltr'><strong>fuerat</strong></span> <span class='ocrx_word' id='word_1_165' title='bbox 2364 1054 2629 1115; x_wconf 83' lang='lat' dir='ltr'><strong>Herodes.</strong></span> <span class='ocrx_word' id='word_1_166' title='bbox 2663 1054 3152 1110; x_wconf 87' lang='lat' dir='ltr'><strong>senatusconsulto</strong></span> <span class='ocrx_word' id='word_1_167' title='bbox 3184 1055 3384 1110; x_wconf 60' lang='lat' dir='ltr'><strong>Iudaeae</strong></span> <span class='ocrx_word' id='word_1_168' title='bbox 3437 1070 3566 1109; x_wconf 87' lang='lat' dir='ltr'><strong>eum</strong></span> 
     </span>
    </p>
   </div>
   <div class='ocr_carea' id='block_1_25' title="bbox 1986 1143 3564 1214">
    <p class='ocr_par' dir='ltr' id='par_1_25' title="bbox 1986 1143 3564 1214">
     <span class='ocr_line' id='line_1_25' title="bbox 1986 1143 3564 1214; baseline 0.002 -17"><span class='ocrx_word' id='word_1_169' title='bbox 1986 1158 2172 1213; x_wconf 75' lang='lat' dir='ltr'><strong>regem</strong></span> <span class='ocrx_word' id='word_1_170' title='bbox 2206 1144 2389 1214; x_wconf 87' lang='lat' dir='ltr'><strong>elegit.</strong></span> <span class='ocrx_word' id='word_1_171' title='bbox 2424 1143 2473 1197; x_wconf 91' lang='lat' dir='ltr'><strong>ei</strong></span> <span class='ocrx_word' id='word_1_172' title='bbox 2524 1159 2742 1213; x_wconf 89' lang='lat' dir='ltr'><strong>quoque</strong></span> <span class='ocrx_word' id='word_1_173' title='bbox 2787 1145 3042 1214; x_wconf 88' lang='lat' dir='ltr'><strong>imposito</strong></span> <span class='ocrx_word' id='word_1_174' title='bbox 3085 1145 3412 1200; x_wconf 85' lang='lat' dir='ltr'><strong>diademate.</strong></span> <span class='ocrx_word' id='word_1_175' title='bbox 3462 1145 3564 1212; x_wconf 86' lang='lat' dir='ltr'><strong>Qui</strong></span> 
     </span>
    </p>
   </div>
   <div class='ocr_carea' id='block_1_26' title="bbox 1980 1234 3567 1306">
    <p class='ocr_par' dir='ltr' id='par_1_26' title="bbox 1980 1234 3567 1306">
     <span class='ocr_line' id='line_1_26' title="bbox 1980 1234 3567 1306; baseline 0.002 -18"><span class='ocrx_word' id='word_1_176' title='bbox 1980 1248 2105 1288; x_wconf 89' lang='lat' dir='ltr'><strong>cum</strong></span> <span class='ocrx_word' id='word_1_177' title='bbox 2125 1236 2364 1289; x_wconf 84' lang='lat' dir='ltr'><strong>venisset</strong></span> <span class='ocrx_word' id='word_1_178' title='bbox 2381 1234 2834 1306; x_wconf 83' lang='lat' dir='ltr'><strong>Hierosolymam,</strong></span> <span class='ocrx_word' id='word_1_179' title='bbox 2855 1236 3110 1305; x_wconf 88' lang='lat' dir='ltr'><strong>quoniam</strong></span> <span class='ocrx_word' id='word_1_180' title='bbox 3128 1234 3567 1291; x_wconf 77' lang='lat' dir='ltr'><strong>sciebatJudaeos</strong></span> 
     </span>
    </p>
   </div>
   <div class='ocr_carea' id='block_1_27' title="bbox 1981 1326 3568 1397">
    <p class='ocr_par' dir='ltr' id='par_1_27' title="bbox 1981 1326 3568 1397">
     <span class='ocr_line' id='line_1_27' title="bbox 1981 1326 3568 1397; baseline 0.001 -20"><span class='ocrx_word' id='word_1_181' title='bbox 1981 1340 2090 1379; x_wconf 88' lang='lat' dir='ltr'><strong>non</strong></span> <span class='ocrx_word' id='word_1_182' title='bbox 2120 1341 2243 1381; x_wconf 90' lang='lat' dir='ltr'><strong>esse</strong></span> <span class='ocrx_word' id='word_1_183' title='bbox 2271 1327 2413 1382; x_wconf 89' lang='lat' dir='ltr'><strong>bene</strong></span> <span class='ocrx_word' id='word_1_184' title='bbox 2443 1328 2496 1381; x_wconf 90' lang='lat' dir='ltr'><strong>in</strong></span> <span class='ocrx_word' id='word_1_185' title='bbox 2530 1342 2655 1381; x_wconf 89' lang='lat' dir='ltr'><strong>eum</strong></span> <span class='ocrx_word' id='word_1_186' title='bbox 2683 1326 2931 1392; x_wconf 75' lang='lat' dir='ltr'><strong>aﬂectos,</strong></span> <span class='ocrx_word' id='word_1_187' title='bbox 2964 1328 3057 1382; x_wconf 79' lang='lat' dir='ltr'><strong>sed</strong></span> <span class='ocrx_word' id='word_1_188' title='bbox 3090 1329 3233 1397; x_wconf 87' lang='lat' dir='ltr'><strong>quod</strong></span> <span class='ocrx_word' id='word_1_189' title='bbox 3264 1336 3409 1382; x_wconf 83' lang='lat' dir='ltr'><strong>esset</strong></span> <span class='ocrx_word' id='word_1_190' title='bbox 3437 1327 3568 1380; x_wconf 91' lang='lat' dir='ltr'><strong>alie-</strong></span> 
     </span>
    </p>
   </div>
   <div class='ocr_carea' id='block_1_28' title="bbox 1980 1419 3562 1490">
    <p class='ocr_par' dir='ltr' id='par_1_28' title="bbox 1980 1419 3562 1490">
     <span class='ocr_line' id='line_1_28' title="bbox 1980 1419 3562 1490; baseline 0.001 -18"><span class='ocrx_word' id='word_1_191' title='bbox 1980 1421 2201 1488; x_wconf 79' lang='lat' dir='ltr'><strong>nigena,</strong></span> <span class='ocrx_word' id='word_1_192' title='bbox 2252 1430 2307 1473; x_wconf 92' lang='lat' dir='ltr'><strong>et</strong></span> <span class='ocrx_word' id='word_1_193' title='bbox 2346 1419 2547 1489; x_wconf 84' lang='lat' dir='ltr'><strong>alioqui</strong></span> <span class='ocrx_word' id='word_1_194' title='bbox 2590 1430 2751 1489; x_wconf 75' lang='lat' dir='ltr'><strong>aSper</strong></span> <span class='ocrx_word' id='word_1_195' title='bbox 2823 1430 2880 1474; x_wconf 89' lang='lat' dir='ltr'><strong>et</strong></span> <span class='ocrx_word' id='word_1_196' title='bbox 2944 1419 3199 1482; x_wconf 70' lang='lat' dir='ltr'><strong>difﬁcilis,</strong></span> <span class='ocrx_word' id='word_1_197' title='bbox 3255 1421 3375 1490; x_wconf 90' lang='lat' dir='ltr'><strong>ejus</strong></span> <span class='ocrx_word' id='word_1_198' title='bbox 3417 1435 3562 1490; x_wconf 58' lang='lat' dir='ltr'><strong>aagre</strong></span> 
     </span>
    </p>
   </div>
   <div class='ocr_carea' id='block_1_29' title="bbox 1979 1509 3564 1581">
    <p class='ocr_par' dir='ltr' id='par_1_29' title="bbox 1979 1509 3564 1581">
     <span class='ocr_line' id='line_1_29' title="bbox 1979 1509 3564 1581; baseline -0.001 -15"><span class='ocrx_word' id='word_1_199' title='bbox 1979 1510 2126 1566; x_wconf 68' lang='lat' dir='ltr'><strong>ferre</strong></span> <span class='ocrx_word' id='word_1_200' title='bbox 2182 1510 2492 1580; x_wconf 89' lang='lat' dir='ltr'><strong>imperium,</strong></span> <span class='ocrx_word' id='word_1_201' title='bbox 2554 1527 2744 1567; x_wconf 91' lang='lat' dir='ltr'><strong>eorum</strong></span> <span class='ocrx_word' id='word_1_202' title='bbox 2815 1509 3034 1581; x_wconf 87' lang='lat' dir='ltr'><strong>quidem</strong></span> <span class='ocrx_word' id='word_1_203' title='bbox 3097 1512 3392 1565; x_wconf 88' lang='lat' dir='ltr'><strong>nonnullos</strong></span> <span class='ocrx_word' id='word_1_204' title='bbox 3471 1526 3564 1564; x_wconf 89' lang='lat' dir='ltr'><strong>oc-</strong></span> 
     </span>
    </p>
   </div>
   <div class='ocr_carea' id='block_1_30' title="bbox 1979 1602 3565 1674">
    <p class='ocr_par' dir='ltr' id='par_1_30' title="bbox 1979 1602 3565 1674">
     <span class='ocr_line' id='line_1_30' title="bbox 1979 1602 3565 1674; baseline -0.001 -17"><span class='ocrx_word' id='word_1_205' title='bbox 1979 1602 2135 1666; x_wconf 89' lang='lat' dir='ltr'><strong>cidit,</strong></span> <span class='ocrx_word' id='word_1_206' title='bbox 2162 1604 2413 1672; x_wconf 86' lang='lat' dir='ltr'><strong>plurimis</strong></span> <span class='ocrx_word' id='word_1_207' title='bbox 2439 1613 2622 1659; x_wconf 88' lang='lat' dir='ltr'><strong>autem</strong></span> <span class='ocrx_word' id='word_1_208' title='bbox 2653 1604 2944 1671; x_wconf 58' lang='lat' dir='ltr'><strong>mali-fecit,</strong></span> <span class='ocrx_word' id='word_1_209' title='bbox 2970 1605 3356 1674; x_wconf 78' lang='lat' dir='ltr'><strong>civitatemque</strong></span> <span class='ocrx_word' id='word_1_210' title='bbox 3384 1614 3440 1659; x_wconf 91' lang='lat' dir='ltr'><strong>et</strong></span> <span class='ocrx_word' id='word_1_211' title='bbox 3472 1603 3565 1657; x_wconf 87' lang='lat' dir='ltr'><strong>Dei</strong></span> 
     </span>
    </p>
   </div>
   <div class='ocr_carea' id='block_1_31' title="bbox 1982 1694 3563 1767">
    <p class='ocr_par' dir='ltr' id='par_1_31' title="bbox 1982 1694 3563 1767">
     <span class='ocr_line' id='line_1_31' title="bbox 1982 1694 3563 1767; baseline 0 -18"><span class='ocrx_word' id='word_1_212' title='bbox 1982 1694 2247 1764; x_wconf 86' lang='lat' dir='ltr'><strong>templum</strong></span> <span class='ocrx_word' id='word_1_213' title='bbox 2279 1696 2474 1750; x_wconf 85' lang='lat' dir='ltr'><strong>stolide</strong></span> <span class='ocrx_word' id='word_1_214' title='bbox 2507 1704 2561 1750; x_wconf 91' lang='lat' dir='ltr'><strong>et</strong></span> <span class='ocrx_word' id='word_1_215' title='bbox 2592 1696 2839 1766; x_wconf 86' lang='lat' dir='ltr'><strong>improbe</strong></span> <span class='ocrx_word' id='word_1_216' title='bbox 2889 1698 3104 1767; x_wconf 76' lang='lat' dir='ltr'><strong>redegit</strong></span> <span class='ocrx_word' id='word_1_217' title='bbox 3133 1700 3185 1750; x_wconf 91' lang='lat' dir='ltr'><strong>in</strong></span> <span class='ocrx_word' id='word_1_218' title='bbox 3219 1700 3563 1752; x_wconf 78' lang='lat' dir='ltr'><strong>servitutem.</strong></span> 
     </span>
    </p>
   </div>
   <div class='ocr_carea' id='block_1_32' title="bbox 1980 1782 3567 1857">
    <p class='ocr_par' dir='ltr' id='par_1_32' title="bbox 1980 1782 3567 1857">
     <span class='ocr_line' id='line_1_32' title="bbox 1980 1782 3567 1857; baseline 0.002 -20"><span class='ocrx_word' id='word_1_219' title='bbox 1980 1782 2075 1839; x_wconf 87' lang='lat' dir='ltr'><strong>Ille</strong></span> <span class='ocrx_word' id='word_1_220' title='bbox 2102 1800 2233 1856; x_wconf 84' lang='lat' dir='ltr'><strong>ergo</strong></span> <span class='ocrx_word' id='word_1_221' title='bbox 2267 1787 2407 1839; x_wconf 88' lang='lat' dir='ltr'><strong>male</strong></span> <span class='ocrx_word' id='word_1_222' title='bbox 2441 1794 2606 1841; x_wconf 91' lang='lat' dir='ltr'><strong>utens</strong></span> <span class='ocrx_word' id='word_1_223' title='bbox 2647 1795 2937 1856; x_wconf 87' lang='lat' dir='ltr'><strong>potestate,</strong></span> <span class='ocrx_word' id='word_1_224' title='bbox 2975 1788 3232 1857; x_wconf 87' lang='lat' dir='ltr'><strong>quiddam</strong></span> <span class='ocrx_word' id='word_1_225' title='bbox 3280 1787 3567 1857; x_wconf 81' lang='lat' dir='ltr'><strong>insigniter</strong></span> 
     </span>
    </p>
   </div>
   <div class='ocr_carea' id='block_1_33' title="bbox 282 1856 3564 1948">
    <p class='ocr_par' dir='ltr' id='par_1_33' title="bbox 282 1856 3564 1948">
     <span class='ocr_line' id='line_1_33' title="bbox 282 1856 3564 1948; baseline 0.003 -27"><span class='ocrx_word' id='word_1_226' title='bbox 282 1869 609 1933; x_wconf 78' lang='lat' dir='ltr'><strong>Aristobnli,</strong></span> <span class='ocrx_word' id='word_1_227' title='bbox 642 1879 765 1939; x_wconf 90' lang='lat' dir='ltr'><strong>post</strong></span> <span class='ocrx_word' id='word_1_228' title='bbox 797 1872 1191 1942; x_wconf 72' lang='lat' dir='ltr'><strong>interemptum</strong></span> <span class='ocrx_word' id='word_1_229' title='bbox 1230 1871 1609 1928; x_wconf 82' lang='lat' dir='ltr'><strong>Aristobulum</strong></span> <span class='ocrx_word' id='word_1_230' title='bbox 1634 1872 1881 1942; x_wconf 60' lang='lat' dir='ltr'><strong>apontiﬁ-</strong></span> <span class='ocrx_word' id='word_1_231' title='bbox 1910 1856 1954 1912; x_wconf 79' lang='grc' dir='ltr'>Β</span> <span class='ocrx_word' id='word_1_232' title='bbox 1982 1878 2305 1933; x_wconf 85' lang='lat' dir='ltr'><strong>sceleratum</strong></span> <span class='ocrx_word' id='word_1_233' title='bbox 2346 1877 2555 1946; x_wconf 78' lang='lat' dir='ltr'><strong>adjicit,</strong></span> <span class='ocrx_word' id='word_1_234' title='bbox 2591 1886 2649 1932; x_wconf 84' lang='lat' dir='ltr'><strong>et</strong></span> <span class='ocrx_word' id='word_1_235' title='bbox 2696 1880 2842 1948; x_wconf 88' lang='lat' dir='ltr'><strong>quod</strong></span> <span class='ocrx_word' id='word_1_236' title='bbox 2889 1856 3006 1933; x_wconf 88' lang='lat' dir='ltr'><strong>erat</strong></span> <span class='ocrx_word' id='word_1_237' title='bbox 3033 1881 3116 1933; x_wconf 87' lang='lat' dir='ltr'><strong>sui</strong></span> <span class='ocrx_word' id='word_1_238' title='bbox 3151 1879 3271 1933; x_wconf 80' lang='lat' dir='ltr'><strong>vitii</strong></span> <span class='ocrx_word' id='word_1_239' title='bbox 3319 1856 3564 1948; x_wconf 82' lang='lat' dir='ltr'><strong>apertum</strong></span> 
     </span>
    </p>
   </div>
   <div class='ocr_carea' id='block_1_34' title="bbox 280 1964 1875 2036">
    <p class='ocr_par' dir='ltr' id='par_1_34' title="bbox 280 1964 1875 2036">
     <span class='ocr_line' id='line_1_34' title="bbox 280 1964 1875 2036; baseline 0.003 -21"><span class='ocrx_word' id='word_1_240' title='bbox 280 1977 423 2023; x_wconf 89' lang='lat' dir='ltr'><strong>cem.</strong></span> <span class='ocrx_word' id='word_1_241' title='bbox 478 1964 571 2033; x_wconf 88' lang='lat' dir='ltr'><strong>qui</strong></span> <span class='ocrx_word' id='word_1_242' title='bbox 616 1964 780 2019; x_wconf 88' lang='lat' dir='ltr'><strong>etiam</strong></span> <span class='ocrx_word' id='word_1_243' title='bbox 814 1964 1066 2019; x_wconf 80' lang='lat' dir='ltr'><strong>diadema</strong></span> <span class='ocrx_word' id='word_1_244' title='bbox 1100 1965 1309 2035; x_wconf 85' lang='lat' dir='ltr'><strong>regium</strong></span> <span class='ocrx_word' id='word_1_245' title='bbox 1363 1964 1467 2020; x_wconf 87' lang='lat' dir='ltr'><strong>sibi</strong></span> <span class='ocrx_word' id='word_1_246' title='bbox 1512 1965 1875 2036; x_wconf 89' lang='lat' dir='ltr'><strong>imposuerat,</strong></span> 
     </span>
    </p>
   </div>
   <div class='ocr_carea' id='block_1_35' title="bbox 282 2054 1876 2126">
    <p class='ocr_par' dir='ltr' id='par_1_35' title="bbox 282 2054 1876 2126">
     <span class='ocr_line' id='line_1_35' title="bbox 282 2054 1876 2126; baseline 0.006 -22"><span class='ocrx_word' id='word_1_247' title='bbox 282 2055 501 2108; x_wconf 65' lang='lat' dir='ltr'><strong>vinctus</strong></span> <span class='ocrx_word' id='word_1_248' title='bbox 554 2071 585 2110; x_wconf 90' lang='lat' dir='ltr'><strong>a</strong></span> <span class='ocrx_word' id='word_1_249' title='bbox 623 2054 884 2126; x_wconf 80' lang='lat' dir='ltr'><strong>Pompeio</strong></span> <span class='ocrx_word' id='word_1_250' title='bbox 946 2060 1087 2112; x_wconf 87' lang='lat' dir='ltr'><strong>duce</strong></span> <span class='ocrx_word' id='word_1_251' title='bbox 1141 2056 1513 2113; x_wconf 71' lang='lat' dir='ltr'><strong>Romanorum</strong></span> <span class='ocrx_word' id='word_1_252' title='bbox 1561 2074 1687 2112; x_wconf 89' lang='lat' dir='ltr'><strong>cum</strong></span> <span class='ocrx_word' id='word_1_253' title='bbox 1746 2058 1876 2113; x_wconf 83' lang='lat' dir='ltr'><strong>ﬁliis</strong></span> 
     </span>
    </p>
   </div>
   <div class='ocr_carea' id='block_1_36' title="bbox 281 2147 1876 2220">
    <p class='ocr_par' dir='ltr' id='par_1_36' title="bbox 281 2147 1876 2220">
     <span class='ocr_line' id='line_1_36' title="bbox 281 2147 1876 2220; baseline 0.002 -19"><span class='ocrx_word' id='word_1_254' title='bbox 281 2147 515 2203; x_wconf 80' lang='lat' dir='ltr'><strong>ltomam</strong></span> <span class='ocrx_word' id='word_1_255' title='bbox 577 2148 810 2219; x_wconf 87' lang='lat' dir='ltr'><strong>turpiter</strong></span> <span class='ocrx_word' id='word_1_256' title='bbox 851 2158 1027 2204; x_wconf 77' lang='lat' dir='ltr'><strong>esset&#39;</strong></span> <span class='ocrx_word' id='word_1_257' title='bbox 1073 2151 1427 2205; x_wconf 86' lang='lat' dir='ltr'><strong>transmissus</strong></span> <span class='ocrx_word' id='word_1_258' title='bbox 1456 2152 1587 2220; x_wconf 90' lang='lat' dir='ltr'><strong>(quo</strong></span> <span class='ocrx_word' id='word_1_259' title='bbox 1628 2160 1876 2220; x_wconf 88' lang='lat' dir='ltr'><strong>tempore</strong></span> 
     </span>
    </p>
   </div>
   <div class='ocr_carea' id='block_1_37' title="bbox 280 2240 1871 2313">
    <p class='ocr_par' dir='ltr' id='par_1_37' title="bbox 280 2240 1871 2313">
     <span class='ocr_line' id='line_1_37' title="bbox 280 2240 1871 2313; baseline 0.003 -21"><span class='ocrx_word' id='word_1_260' title='bbox 280 2240 643 2295; x_wconf 89' lang='lat' dir='ltr'><strong>constitutum</strong></span> <span class='ocrx_word' id='word_1_261' title='bbox 677 2257 894 2311; x_wconf 87' lang='lat' dir='ltr'><strong>quoque</strong></span> <span class='ocrx_word' id='word_1_262' title='bbox 910 2251 996 2298; x_wconf 86' lang='lat' dir='ltr'><strong>est</strong></span> <span class='ocrx_word' id='word_1_263' title='bbox 1025 2253 1083 2297; x_wconf 88' lang='lat' dir='ltr'><strong>ut</strong></span> <span class='ocrx_word' id='word_1_264' title='bbox 1109 2242 1281 2298; x_wconf 84' lang='lat' dir='ltr'><strong>Iudaei</strong></span> <span class='ocrx_word' id='word_1_265' title='bbox 1322 2243 1523 2298; x_wconf 88' lang='lat' dir='ltr'><strong>tributa</strong></span> <span class='ocrx_word' id='word_1_266' title='bbox 1547 2242 1871 2313; x_wconf 88' lang='lat' dir='ltr'><strong>penderent)</strong></span> 
     </span>
    </p>
   </div>
   <div class='ocr_carea' id='block_1_38' title="bbox 281 2336 1875 2408">
    <p class='ocr_par' dir='ltr' id='par_1_38' title="bbox 281 2336 1875 2408">
     <span class='ocr_line' id='line_1_38' title="bbox 281 2336 1875 2408; baseline 0.003 -22"><span class='ocrx_word' id='word_1_267' title='bbox 281 2350 518 2404; x_wconf 77' lang='lat' dir='ltr'><strong>rumque</strong></span> <span class='ocrx_word' id='word_1_268' title='bbox 550 2347 738 2403; x_wconf 87' lang='lat' dir='ltr'><strong>postea</strong></span> <span class='ocrx_word' id='word_1_269' title='bbox 768 2336 1048 2408; x_wconf 80' lang='lat' dir='ltr'><strong>Hyrcanus</strong></span> <span class='ocrx_word' id='word_1_270' title='bbox 1082 2336 1201 2405; x_wconf 89' lang='lat' dir='ltr'><strong>ipse</strong></span> <span class='ocrx_word' id='word_1_271' title='bbox 1232 2347 1456 2392; x_wconf 87' lang='lat' dir='ltr'><strong>creatus</strong></span> <span class='ocrx_word' id='word_1_272' title='bbox 1500 2336 1748 2406; x_wconf 78' lang='lat' dir='ltr'><strong>pontifex</strong></span> <span class='ocrx_word' id='word_1_273' title='bbox 1805 2336 1875 2391; x_wconf 86' lang='lat' dir='ltr'><strong>ab</strong></span> 
     </span>
    </p>
   </div>
   <div class='ocr_carea' id='block_1_39' title="bbox 282 2425 1872 2501">
    <p class='ocr_par' dir='ltr' id='par_1_39' title="bbox 282 2425 1872 2501">
     <span class='ocr_line' id='line_1_39' title="bbox 282 2425 1872 2501; baseline 0.003 -21"><span class='ocrx_word' id='word_1_274' title='bbox 282 2428 476 2481; x_wconf 85' lang='lat' dir='ltr'><strong>eodem</strong></span> <span class='ocrx_word' id='word_1_275' title='bbox 507 2425 782 2498; x_wconf 81' lang='lat' dir='ltr'><strong>Pompeio,</strong></span> <span class='ocrx_word' id='word_1_276' title='bbox 821 2445 850 2483; x_wconf 90' lang='lat' dir='ltr'><strong>a</strong></span> <span class='ocrx_word' id='word_1_277' title='bbox 871 2430 1088 2485; x_wconf 86' lang='lat' dir='ltr'><strong>Parthis</strong></span> <span class='ocrx_word' id='word_1_278' title='bbox 1110 2430 1303 2485; x_wconf 89' lang='lat' dir='ltr'><strong>fuisset</strong></span> <span class='ocrx_word' id='word_1_279' title='bbox 1328 2439 1611 2501; x_wconf 89' lang='lat' dir='ltr'><strong>postremo</strong></span> <span class='ocrx_word' id='word_1_280' title='bbox 1656 2437 1872 2498; x_wconf 85' lang='lat' dir='ltr'><strong>captus,</strong></span> 
     </span>
    </p>
   </div>
   <div class='ocr_carea' id='block_1_40' title="bbox 283 2518 1876 2592">
    <p class='ocr_par' dir='ltr' id='par_1_40' title="bbox 283 2518 1876 2592">
     <span class='ocr_line' id='line_1_40' title="bbox 283 2518 1876 2592; baseline 0.001 -18"><span class='ocrx_word' id='word_1_281' title='bbox 283 2529 336 2574; x_wconf 88' lang='lat' dir='ltr'><strong>et</strong></span> <span class='ocrx_word' id='word_1_282' title='bbox 355 2518 647 2589; x_wconf 87' lang='lat' dir='ltr'><strong>Antipater</strong></span> <span class='ocrx_word' id='word_1_283' title='bbox 678 2519 802 2577; x_wconf 87' lang='lat' dir='ltr'><strong>dolo</strong></span> <span class='ocrx_word' id='word_1_284' title='bbox 826 2522 1021 2578; x_wconf 82' lang='lat' dir='ltr'><strong>fuisset</strong></span> <span class='ocrx_word' id='word_1_285' title='bbox 1052 2524 1437 2592; x_wconf 88' lang='lat' dir='ltr'><strong>interemptus,</strong></span> <span class='ocrx_word' id='word_1_286' title='bbox 1462 2522 1557 2592; x_wconf 88' lang='lat' dir='ltr'><strong>qui</strong></span> <span class='ocrx_word' id='word_1_287' title='bbox 1580 2530 1700 2576; x_wconf 86' lang='lat' dir='ltr'><strong>erat</strong></span> <span class='ocrx_word' id='word_1_288' title='bbox 1722 2531 1876 2591; x_wconf 87' lang='lat' dir='ltr'><strong>pater</strong></span> 
     </span>
    </p>
   </div>
   <div class='ocr_carea' id='block_1_41' title="bbox 288 2612 1872 2687">
    <p class='ocr_par' dir='ltr' id='par_1_41' title="bbox 288 2612 1872 2687">
     <span class='ocr_line' id='line_1_41' title="bbox 288 2612 1872 2687; baseline 0.003 -22"><span class='ocrx_word' id='word_1_289' title='bbox 288 2612 545 2677; x_wconf 77' lang='lat' dir='ltr'><strong>Herodis.</strong></span> <span class='ocrx_word' id='word_1_290' title='bbox 571 2614 665 2683; x_wconf 89' lang='lat' dir='ltr'><strong>qui</strong></span> <span class='ocrx_word' id='word_1_291' title='bbox 691 2615 792 2670; x_wconf 84' lang='lat' dir='ltr'><strong>fuit</strong></span> <span class='ocrx_word' id='word_1_292' title='bbox 837 2626 1025 2687; x_wconf 89' lang='lat' dir='ltr'><strong>postea</strong></span> <span class='ocrx_word' id='word_1_293' title='bbox 1062 2632 1160 2671; x_wconf 80' lang='lat' dir='ltr'><strong>rex</strong></span> <span class='ocrx_word' id='word_1_294' title='bbox 1187 2615 1657 2677; x_wconf 71' lang='lat' dir='ltr'><strong>Judazze.etnemo</strong></span> <span class='ocrx_word' id='word_1_295' title='bbox 1702 2624 1872 2677; x_wconf 77' lang='lat' dir='ltr'><strong>esset,</strong></span> 
     </span>
    </p>
   </div>
   <div class='ocr_carea' id='block_1_42' title="bbox 282 2706 1872 2777">
    <p class='ocr_par' dir='ltr' id='par_1_42' title="bbox 282 2706 1872 2777">
     <span class='ocr_line' id='line_1_42' title="bbox 282 2706 1872 2777; baseline 0.004 -20"><span class='ocrx_word' id='word_1_296' title='bbox 282 2706 375 2774; x_wconf 80' lang='lat' dir='ltr'><strong>qui</strong></span> <span class='ocrx_word' id='word_1_297' title='bbox 410 2722 500 2762; x_wconf 88' lang='lat' dir='ltr'><strong>res</strong></span> <span class='ocrx_word' id='word_1_298' title='bbox 525 2707 840 2764; x_wconf 71' lang='lat' dir='ltr'><strong>Iudaeorum</strong></span> <span class='ocrx_word' id='word_1_299' title='bbox 873 2711 1169 2777; x_wconf 89' lang='lat' dir='ltr'><strong>obtineret,</strong></span> <span class='ocrx_word' id='word_1_300' title='bbox 1199 2712 1293 2766; x_wconf 90' lang='lat' dir='ltr'><strong>hic</strong></span> <span class='ocrx_word' id='word_1_301' title='bbox 1325 2711 1573 2766; x_wconf 84' lang='lat' dir='ltr'><strong>Herodes</strong></span> <span class='ocrx_word' id='word_1_302' title='bbox 1599 2709 1872 2776; x_wconf 84' lang='lat' dir='ltr'><strong>Antipatri</strong></span> 
     </span>
    </p>
   </div>
   <div class='ocr_carea' id='block_1_43' title="bbox 289 2797 1875 2873">
    <p class='ocr_par' dir='ltr' id='par_1_43' title="bbox 289 2797 1875 2873">
     <span class='ocr_line' id='line_1_43' title="bbox 289 2797 1875 2873; baseline 0.003 -22"><span class='ocrx_word' id='word_1_303' title='bbox 289 2797 454 2863; x_wconf 77' lang='lat' dir='ltr'><strong>(ilius,</strong></span> <span class='ocrx_word' id='word_1_304' title='bbox 485 2816 613 2857; x_wconf 88' lang='lat' dir='ltr'><strong>cum</strong></span> <span class='ocrx_word' id='word_1_305' title='bbox 645 2801 889 2857; x_wconf 84' lang='lat' dir='ltr'><strong>dedisset</strong></span> <span class='ocrx_word' id='word_1_306' title='bbox 905 2801 1168 2873; x_wconf 90' lang='lat' dir='ltr'><strong>plurimas</strong></span> <span class='ocrx_word' id='word_1_307' title='bbox 1198 2801 1460 2858; x_wconf 81' lang='lat' dir='ltr'><strong>Romanis</strong></span> <span class='ocrx_word' id='word_1_308' title='bbox 1504 2801 1788 2873; x_wconf 86' lang='lat' dir='ltr'><strong>pecunias,</strong></span> <span class='ocrx_word' id='word_1_309' title='bbox 1818 2810 1875 2858; x_wconf 89' lang='lat' dir='ltr'><strong>et</strong></span> 
     </span>
    </p>
   </div>
   <div class='ocr_carea' id='block_1_44' title="bbox 285 2890 1875 2963">
    <p class='ocr_par' dir='ltr' id='par_1_44' title="bbox 285 2890 1875 2963">
     <span class='ocr_line' id='line_1_44' title="bbox 285 2890 1875 2963; baseline 0.003 -19"><span class='ocrx_word' id='word_1_310' title='bbox 285 2890 466 2947; x_wconf 57' lang='lat' dir='ltr'><strong>turdus</strong></span> <span class='ocrx_word' id='word_1_311' title='bbox 494 2908 620 2948; x_wconf 88' lang='lat' dir='ltr'><strong>cum</strong></span> <span class='ocrx_word' id='word_1_312' title='bbox 668 2894 750 2948; x_wconf 90' lang='lat' dir='ltr'><strong>eis</strong></span> <span class='ocrx_word' id='word_1_313' title='bbox 779 2894 1046 2959; x_wconf 84' lang='lat' dir='ltr'><strong>inivisset,</strong></span> <span class='ocrx_word' id='word_1_314' title='bbox 1093 2894 1307 2950; x_wconf 90' lang='lat' dir='ltr'><strong>obtinet</strong></span> <span class='ocrx_word' id='word_1_315' title='bbox 1350 2892 1662 2963; x_wconf 91' lang='lat' dir='ltr'><strong>imperium.</strong></span> <span class='ocrx_word' id='word_1_316' title='bbox 1716 2892 1875 2959; x_wconf 69' lang='lat' dir='ltr'><strong>Qua:-</strong></span> 
     </span>
    </p>
   </div>
   <div class='ocr_carea' id='block_1_45' title="bbox 286 2982 1873 3056">
    <p class='ocr_par' dir='ltr' id='par_1_45' title="bbox 286 2982 1873 3056">
     <span class='ocr_line' id='line_1_45' title="bbox 286 2982 1873 3056; baseline 0.003 -19"><span class='ocrx_word' id='word_1_317' title='bbox 286 2999 414 3039; x_wconf 81' lang='lat' dir='ltr'><strong>nam</strong></span> <span class='ocrx_word' id='word_1_318' title='bbox 450 2994 636 3040; x_wconf 83' lang='lat' dir='ltr'><strong>autem</strong></span> <span class='ocrx_word' id='word_1_319' title='bbox 666 2987 835 3056; x_wconf 86' lang='lat' dir='ltr'><strong>hujus</strong></span> <span class='ocrx_word' id='word_1_320' title='bbox 864 2987 945 3042; x_wconf 87' lang='lat' dir='ltr'><strong>rei</strong></span> <span class='ocrx_word' id='word_1_321' title='bbox 981 2987 1106 3042; x_wconf 87' lang='lat' dir='ltr'><strong>data</strong></span> <span class='ocrx_word' id='word_1_322' title='bbox 1152 2987 1225 3043; x_wconf 86' lang='lat' dir='ltr'><strong>sit</strong></span> <span class='ocrx_word' id='word_1_323' title='bbox 1264 2987 1313 3042; x_wconf 92' lang='lat' dir='ltr'><strong>ei</strong></span> <span class='ocrx_word' id='word_1_324' title='bbox 1346 2985 1583 3053; x_wconf 89' lang='lat' dir='ltr'><strong>occasio,</strong></span> <span class='ocrx_word' id='word_1_325' title='bbox 1627 2982 1873 3041; x_wconf 82' lang='lat' dir='ltr'><strong>dicemus</strong></span> 
     </span>
    </p>
   </div>
   <div class='ocr_carea' id='block_1_46' title="bbox 283 3079 1173 3152">
    <p class='ocr_par' dir='ltr' id='par_1_46' title="bbox 283 3079 1173 3152">
     <span class='ocr_line' id='line_1_46' title="bbox 283 3079 1173 3152; baseline 0.004 -19"><span class='ocrx_word' id='word_1_326' title='bbox 283 3095 450 3147; x_wconf 81' lang='lat' dir='ltr'><strong>quam</strong></span> <span class='ocrx_word' id='word_1_327' title='bbox 480 3079 595 3135; x_wconf 84' lang='lat' dir='ltr'><strong>fieri</strong></span> <span class='ocrx_word' id='word_1_328' title='bbox 623 3089 805 3152; x_wconf 83' lang='lat' dir='ltr'><strong>potest</strong></span> <span class='ocrx_word' id='word_1_329' title='bbox 835 3082 1173 3137; x_wconf 86' lang='lat' dir='ltr'><strong>brevissime.</strong></span> 
     </span>
    </p>
   </div>
   <div class='ocr_carea' id='block_1_47' title="bbox 352 3170 1939 3265">
    <p class='ocr_par' dir='ltr' id='par_1_47' title="bbox 352 3170 1939 3265">
     <span class='ocr_line' id='line_1_47' title="bbox 352 3170 1939 3265; baseline 0.001 -39"><span class='ocrx_word' id='word_1_330' title='bbox 352 3170 425 3227; x_wconf 75' lang='grc' dir='ltr'>Χ.</span> <span class='ocrx_word' id='word_1_331' title='bbox 458 3170 596 3228; x_wconf 87' lang='lat' dir='ltr'><strong>Cum</strong></span> <span class='ocrx_word' id='word_1_332' title='bbox 634 3174 908 3245; x_wconf 77' lang='lat' dir='ltr'><strong>Augustus</strong></span> <span class='ocrx_word' id='word_1_333' title='bbox 937 3175 1119 3231; x_wconf 58' lang='grc' dir='ltr'>(ἔπεσι-</span> <span class='ocrx_word' id='word_1_334' title='bbox 1148 3175 1206 3229; x_wconf 88' lang='lat' dir='ltr'><strong>in</strong></span> <span class='ocrx_word' id='word_1_335' title='bbox 1254 3173 1547 3246; x_wconf 70' lang='lat' dir='ltr'><strong>Egyptum</strong></span> <span class='ocrx_word' id='word_1_336' title='bbox 1583 3188 1708 3229; x_wconf 90' lang='lat' dir='ltr'><strong>cum</strong></span> <span class='ocrx_word' id='word_1_337' title='bbox 1754 3188 1872 3228; x_wconf 85' lang='lat' dir='ltr'><strong>ma-</strong></span> <span class='ocrx_word' id='word_1_338' title='bbox 1896 3207 1939 3265; x_wconf 59' lang='grc' dir='ltr'><strong>θ</strong></span> 
     </span>
    </p>
   </div>
   <div class='ocr_carea' id='block_1_48' title="bbox 284 3264 1870 3337">
    <p class='ocr_par' dir='ltr' id='par_1_48' title="bbox 284 3264 1870 3337">
     <span class='ocr_line' id='line_1_48' title="bbox 284 3264 1870 3337; baseline 0.003 -20"><span class='ocrx_word' id='word_1_339' title='bbox 284 3264 451 3319; x_wconf 75' lang='grc' dir='ltr'><strong>ιῖωίε</strong></span> <span class='ocrx_word' id='word_1_340' title='bbox 498 3266 672 3337; x_wconf 89' lang='lat' dir='ltr'><strong>copiis</strong></span> <span class='ocrx_word' id='word_1_341' title='bbox 708 3267 832 3334; x_wconf 89' lang='lat' dir='ltr'><strong>iret,</strong></span> <span class='ocrx_word' id='word_1_342' title='bbox 883 3267 950 3323; x_wconf 91' lang='lat' dir='ltr'><strong>ad</strong></span> <span class='ocrx_word' id='word_1_343' title='bbox 999 3268 1220 3333; x_wconf 90' lang='lat' dir='ltr'><strong>bellum,</strong></span> <span class='ocrx_word' id='word_1_344' title='bbox 1273 3267 1517 3337; x_wconf 86' lang='lat' dir='ltr'><strong>inquam,</strong></span> <span class='ocrx_word' id='word_1_345' title='bbox 1567 3265 1870 3336; x_wconf 84' lang='lat' dir='ltr'><strong>Cleopatrae</strong></span> 
     </span>
    </p>
   </div>
   <div class='ocr_carea' id='block_1_49' title="bbox 283 3355 1869 3430">
    <p class='ocr_par' dir='ltr' id='par_1_49' title="bbox 283 3355 1869 3430">
     <span class='ocr_line' id='line_1_49' title="bbox 283 3355 1869 3430; baseline 0.003 -21"><span class='ocrx_word' id='word_1_346' title='bbox 283 3355 493 3425; x_wconf 89' lang='lat' dir='ltr'><strong>(erant</strong></span> <span class='ocrx_word' id='word_1_347' title='bbox 525 3359 668 3413; x_wconf 89' lang='lat' dir='ltr'><strong>enim</strong></span> <span class='ocrx_word' id='word_1_348' title='bbox 710 3360 765 3415; x_wconf 92' lang='lat' dir='ltr'><strong>in</strong></span> <span class='ocrx_word' id='word_1_349' title='bbox 796 3360 919 3428; x_wconf 85' lang='lat' dir='ltr'><strong>ejus</strong></span> <span class='ocrx_word' id='word_1_350' title='bbox 952 3369 1220 3430; x_wconf 87' lang='lat' dir='ltr'><strong>potestate</strong></span> <span class='ocrx_word' id='word_1_351' title='bbox 1246 3375 1334 3415; x_wconf 87' lang='lat' dir='ltr'><strong>res</strong></span> <span class='ocrx_word' id='word_1_352' title='bbox 1373 3358 1614 3430; x_wconf 67' lang='lat' dir='ltr'><strong>Egypti,</strong></span> <span class='ocrx_word' id='word_1_353' title='bbox 1651 3368 1708 3414; x_wconf 91' lang='lat' dir='ltr'><strong>ut</strong></span> <span class='ocrx_word' id='word_1_354' title='bbox 1748 3374 1869 3429; x_wconf 68' lang='lat' dir='ltr'><strong>qua:</strong></span> 
     </span>
    </p>
   </div>
   <div class='ocr_carea' id='block_1_50' title="bbox 283 3447 1868 3517">
    <p class='ocr_par' dir='ltr' id='par_1_50' title="bbox 283 3447 1868 3517">
     <span class='ocr_line' id='line_1_50' title="bbox 283 3447 1868 3517; baseline 0.001 -19"><span class='ocrx_word' id='word_1_355' title='bbox 283 3462 463 3514; x_wconf 75' lang='lat' dir='ltr'><strong>genus</strong></span> <span class='ocrx_word' id='word_1_356' title='bbox 502 3448 749 3505; x_wconf 86' lang='lat' dir='ltr'><strong>traheret</strong></span> <span class='ocrx_word' id='word_1_357' title='bbox 775 3465 843 3504; x_wconf 76' lang='lat' dir='ltr'><strong>es</strong></span> <span class='ocrx_word' id='word_1_358' title='bbox 891 3449 1222 3517; x_wconf 79' lang='lat' dir='ltr'><strong>Ptolemaeis,</strong></span> <span class='ocrx_word' id='word_1_359' title='bbox 1259 3450 1402 3505; x_wconf 78' lang='lat' dir='ltr'><strong>sicut</strong></span> <span class='ocrx_word' id='word_1_360' title='bbox 1440 3448 1607 3503; x_wconf 87' lang='lat' dir='ltr'><strong>etiam</strong></span> <span class='ocrx_word' id='word_1_361' title='bbox 1654 3447 1868 3503; x_wconf 80' lang='lat' dir='ltr'><strong>videtur</strong></span> 
     </span>
    </p>
   </div>
   <div class='ocr_carea' id='block_1_51' title="bbox 386 3631 1316 3700">
    <p class='ocr_par' dir='ltr' id='par_1_51' title="bbox 386 3631 1316 3700">
     <span class='ocr_line' id='line_1_51' title="bbox 386 3631 1316 3700; baseline 0 -12"><span class='ocrx_word' id='word_1_362' title='bbox 386 3633 429 3666; x_wconf 88' lang='lat'><strong>&quot;</strong></span> <span class='ocrx_word' id='word_1_363' title='bbox 459 3631 598 3688; x_wconf 87' lang='lat' dir='ltr'><strong>Gen.</strong></span> <span class='ocrx_word' id='word_1_364' title='bbox 632 3649 692 3699; x_wconf 84' lang='grc' dir='ltr'><strong>ιι,</strong></span> <span class='ocrx_word' id='word_1_365' title='bbox 730 3633 817 3688; x_wconf 77' lang='grc'><strong>10.</strong></span> <span class='ocrx_word' id='word_1_366' title='bbox 934 3635 976 3665; x_wconf 74' lang='grc'>⁸⁸</span> <span class='ocrx_word' id='word_1_367' title='bbox 1007 3636 1137 3688; x_wconf 75' lang='lat' dir='ltr'><strong>Luc.</strong></span> <span class='ocrx_word' id='word_1_368' title='bbox 1171 3649 1232 3700; x_wconf 86' lang='grc' dir='ltr'><strong>ιι,</strong></span> <span class='ocrx_word' id='word_1_369' title='bbox 1265 3632 1316 3688; x_wconf 73' lang='grc'>1.</span> 
     </span>
    </p>
   </div>
   <div class='ocr_carea' id='block_1_52' title="bbox 278 3812 1869 3888">
    <p class='ocr_par' dir='ltr' id='par_1_52' title="bbox 278 3812 1869 3888">
     <span class='ocr_line' id='line_1_52' title="bbox 278 3812 1869 3888; baseline 0.001 -22"><span class='ocrx_word' id='word_1_370' title='bbox 278 3812 421 3869; x_wconf 72' lang='grc' dir='ltr'>εἶναι</span> <span class='ocrx_word' id='word_1_371' title='bbox 456 3814 554 3870; x_wconf 80' lang='grc' dir='ltr'>καὶ</span> <span class='ocrx_word' id='word_1_372' title='bbox 570 3814 746 3879; x_wconf 81' lang='grc' dir='ltr'>ἄλλως</span> <span class='ocrx_word' id='word_1_373' title='bbox 771 3815 1129 3888; x_wconf 72' lang='grc' dir='ltr'><strong>δύσχρηστον,</strong></span> <span class='ocrx_word' id='word_1_374' title='bbox 1158 3816 1556 3888; x_wconf 78' lang='grc' dir='ltr'><strong>βαρυνομένους</strong></span> <span class='ocrx_word' id='word_1_375' title='bbox 1578 3816 1744 3871; x_wconf 83' lang='grc' dir='ltr'>αὐτοῦ</span> <span class='ocrx_word' id='word_1_376' title='bbox 1772 3817 1869 3888; x_wconf 79' lang='grc' dir='ltr'>τὴν</span> 
     </span>
    </p>
   </div>
   <div class='ocr_carea' id='block_1_53' title="bbox 278 3907 1871 3981">
    <p class='ocr_par' dir='ltr' id='par_1_53' title="bbox 278 3907 1871 3981">
     <span class='ocr_line' id='line_1_53' title="bbox 278 3907 1871 3981; baseline -0.001 -19"><span class='ocrx_word' id='word_1_377' title='bbox 278 3908 480 3981; x_wconf 74' lang='grc' dir='ltr'>ἀρχὴν,</span> <span class='ocrx_word' id='word_1_378' title='bbox 508 3908 687 3973; x_wconf 81' lang='grc' dir='ltr'>ὲνίους</span> <span class='ocrx_word' id='word_1_379' title='bbox 714 3908 818 3978; x_wconf 84' lang='grc' dir='ltr'><strong>μὲν</strong></span> <span class='ocrx_word' id='word_1_380' title='bbox 849 3909 1030 3964; x_wconf 77' lang='grc' dir='ltr'>αὐτῶν</span> <span class='ocrx_word' id='word_1_381' title='bbox 1072 3912 1168 3964; x_wconf 82' lang='grc' dir='ltr'>καὶ</span> <span class='ocrx_word' id='word_1_382' title='bbox 1196 3912 1512 3975; x_wconf 81' lang='grc' dir='ltr'>ἀπέκτεινε,</span> <span class='ocrx_word' id='word_1_383' title='bbox 1559 3910 1683 3972; x_wconf 75' lang='grc' dir='ltr'>τοὺς</span> <span class='ocrx_word' id='word_1_384' title='bbox 1711 3907 1871 3962; x_wconf 83' lang='grc' dir='ltr'>πλεί-</span> 
     </span>
    </p>
   </div>
   <div class='ocr_carea' id='block_1_54' title="bbox 281 4001 1870 4074">
    <p class='ocr_par' dir='ltr' id='par_1_54' title="bbox 281 4001 1870 4074">
     <span class='ocr_line' id='line_1_54' title="bbox 281 4001 1870 4074; baseline -0.001 -19"><span class='ocrx_word' id='word_1_385' title='bbox 281 4020 446 4064; x_wconf 78' lang='grc' dir='ltr'>στους</span> <span class='ocrx_word' id='word_1_386' title='bbox 483 4001 543 4055; x_wconf 74' lang='grc' dir='ltr'>δὲ</span> <span class='ocrx_word' id='word_1_387' title='bbox 566 4003 755 4066; x_wconf 81' lang='grc' dir='ltr'>κακῶς</span> <span class='ocrx_word' id='word_1_388' title='bbox 788 4003 1016 4074; x_wconf 78' lang='grc' dir='ltr'><strong>ἔδρασεν</strong></span> <span class='ocrx_word' id='word_1_389' title='bbox 1041 4020 1057 4035; x_wconf 75' lang='grc' dir='ltr'><strong>ο</strong></span> <span class='ocrx_word' id='word_1_390' title='bbox 1091 4002 1528 4074; x_wconf 81' lang='grc' dir='ltr'>ἠνδραποδίσατό</span> <span class='ocrx_word' id='word_1_391' title='bbox 1551 4019 1612 4056; x_wconf 85' lang='grc' dir='ltr'><strong>τε</strong></span> <span class='ocrx_word' id='word_1_392' title='bbox 1638 4002 1738 4071; x_wconf 82' lang='grc' dir='ltr'>τὴν</span> <span class='ocrx_word' id='word_1_393' title='bbox 1772 4002 1870 4053; x_wconf 82' lang='grc' dir='ltr'>πό-</span> 
     </span>
    </p>
   </div>
   <div class='ocr_carea' id='block_1_55' title="bbox 279 4093 1868 4167">
    <p class='ocr_par' dir='ltr' id='par_1_55' title="bbox 279 4093 1868 4167">
     <span class='ocr_line' id='line_1_55' title="bbox 279 4093 1868 4167; baseline 0.002 -20"><span class='ocrx_word' id='word_1_394' title='bbox 279 4095 384 4161; x_wconf 82' lang='grc' dir='ltr'>λιν,</span> <span class='ocrx_word' id='word_1_395' title='bbox 412 4100 512 4150; x_wconf 75' lang='grc' dir='ltr'><strong>καὶ</strong></span> <span class='ocrx_word' id='word_1_396' title='bbox 541 4096 602 4148; x_wconf 82' lang='grc' dir='ltr'>τὸ</span> <span class='ocrx_word' id='word_1_397' title='bbox 648 4096 742 4149; x_wconf 82' lang='grc' dir='ltr'>τοῦ</span> <span class='ocrx_word' id='word_1_398' title='bbox 785 4096 921 4150; x_wconf 80' lang='grc' dir='ltr'>Θεοῦ</span> <span class='ocrx_word' id='word_1_399' title='bbox 950 4096 1093 4167; x_wconf 72' lang='grc' dir='ltr'>ἱερὸν</span> <span class='ocrx_word' id='word_1_400' title='bbox 1119 4097 1368 4167; x_wconf 82' lang='grc' dir='ltr'><strong>ἀνοήτως</strong></span> <span class='ocrx_word' id='word_1_401' title='bbox 1414 4097 1511 4150; x_wconf 76' lang='grc' dir='ltr'><strong>καὶ</strong></span> <span class='ocrx_word' id='word_1_402' title='bbox 1556 4093 1868 4167; x_wconf 81' lang='grc' dir='ltr'><strong>μοχθηρῶς.</strong></span> 
     </span>
    </p>
   </div>
   <div class='ocr_carea' id='block_1_56' title="bbox 277 4185 1868 4259">
    <p class='ocr_par' dir='ltr' id='par_1_56' title="bbox 277 4185 1868 4259">
     <span class='ocr_line' id='line_1_56' title="bbox 277 4185 1868 4259; baseline -0.001 -18"><span class='ocrx_word' id='word_1_403' title='bbox 277 4189 488 4251; x_wconf 82' lang='grc' dir='ltr'>Κακῶς</span> <span class='ocrx_word' id='word_1_404' title='bbox 529 4186 625 4242; x_wconf 79' lang='grc' dir='ltr'><strong>οὖν</strong></span> <span class='ocrx_word' id='word_1_405' title='bbox 668 4190 878 4252; x_wconf 65' lang='grc' dir='ltr'>ἐκεῖνος</span> <span class='ocrx_word' id='word_1_406' title='bbox 914 4191 981 4259; x_wconf 79' lang='grc' dir='ltr'>τῇ</span> <span class='ocrx_word' id='word_1_407' title='bbox 1020 4188 1238 4259; x_wconf 69' lang='grc' dir='ltr'>ἐξουσίᾳ.</span> <span class='ocrx_word' id='word_1_408' title='bbox 1285 4188 1590 4259; x_wconf 85' lang='grc' dir='ltr'>χρώμενος,</span> <span class='ocrx_word' id='word_1_409' title='bbox 1624 4185 1743 4240; x_wconf 72' lang='grc' dir='ltr'>εἶτα</span> <span class='ocrx_word' id='word_1_410' title='bbox 1773 4187 1868 4240; x_wconf 70' lang='grc' dir='ltr'><strong>καὶ</strong></span> 
     </span>
    </p>
   </div>
   <div class='ocr_carea' id='block_1_57' title="bbox 280 4279 1869 4352">
    <p class='ocr_par' dir='ltr' id='par_1_57' title="bbox 280 4279 1869 4352">
     <span class='ocr_line' id='line_1_57' title="bbox 280 4279 1869 4352; baseline 0.001 -21"><span class='ocrx_word' id='word_1_411' title='bbox 280 4279 620 4350; x_wconf 80' lang='grc' dir='ltr'>παράσημόν</span> <span class='ocrx_word' id='word_1_412' title='bbox 660 4297 714 4332; x_wconf 82' lang='grc' dir='ltr'><strong>τι</strong></span> <span class='ocrx_word' id='word_1_413' title='bbox 757 4280 1106 4352; x_wconf 80' lang='grc' dir='ltr'>προστίθησι,</span> <span class='ocrx_word' id='word_1_414' title='bbox 1155 4280 1254 4334; x_wconf 79' lang='grc' dir='ltr'>καὶ</span> <span class='ocrx_word' id='word_1_415' title='bbox 1292 4281 1494 4350; x_wconf 86' lang='grc' dir='ltr'>δεῖγμα</span> <span class='ocrx_word' id='word_1_416' title='bbox 1543 4279 1715 4348; x_wconf 80' lang='grc' dir='ltr'>σαφὲς</span> <span class='ocrx_word' id='word_1_417' title='bbox 1766 4280 1869 4348; x_wconf 86' lang='grc' dir='ltr'>τῆς</span> 
     </span>
    </p>
   </div>
   <div class='ocr_carea' id='block_1_58' title="bbox 278 4370 1870 4444">
    <p class='ocr_par' dir='ltr' id='par_1_58' title="bbox 278 4370 1870 4444">
     <span class='ocr_line' id='line_1_58' title="bbox 278 4370 1870 4444; baseline 0.001 -21"><span class='ocrx_word' id='word_1_418' title='bbox 278 4371 559 4440; x_wconf 63' lang='grc' dir='ltr'>σφετέρας</span> <span class='ocrx_word' id='word_1_419' title='bbox 602 4374 821 4436; x_wconf 89' lang='grc' dir='ltr'>κακίας.</span> <span class='ocrx_word' id='word_1_420' title='bbox 858 4373 1048 4436; x_wconf 79' lang='grc' dir='ltr'>Πάσας</span> <span class='ocrx_word' id='word_1_421' title='bbox 1096 4372 1206 4444; x_wconf 76' lang='grc' dir='ltr'><strong>γὰρ</strong></span> <span class='ocrx_word' id='word_1_422' title='bbox 1253 4372 1353 4436; x_wconf 76' lang='grc' dir='ltr'>τὰς</span> <span class='ocrx_word' id='word_1_423' title='bbox 1385 4373 1497 4428; x_wconf 85' lang='grc' dir='ltr'>τῶν</span> <span class='ocrx_word' id='word_1_424' title='bbox 1544 4373 1603 4426; x_wconf 74' lang='grc' dir='ltr'>ὲν</span> <span class='ocrx_word' id='word_1_425' title='bbox 1639 4370 1870 4442; x_wconf 70' lang='grc' dir='ltr'>Ἰουδαίᾳ.</span> 
     </span>
    </p>
   </div>
   <div class='ocr_carea' id='block_1_59' title="bbox 277 4460 1867 4534">
    <p class='ocr_par' dir='ltr' id='par_1_59' title="bbox 277 4460 1867 4534">
     <span class='ocr_line' id='line_1_59' title="bbox 277 4460 1867 4534; baseline 0 -22"><span class='ocrx_word' id='word_1_426' title='bbox 277 4462 472 4529; x_wconf 70' lang='grc' dir='ltr'>φυλῶν</span> <span class='ocrx_word' id='word_1_427' title='bbox 503 4464 599 4516; x_wconf 81' lang='grc' dir='ltr'><strong>καὶ</strong></span> <span class='ocrx_word' id='word_1_428' title='bbox 630 4462 804 4530; x_wconf 82' lang='grc' dir='ltr'>γενῶν</span> <span class='ocrx_word' id='word_1_429' title='bbox 833 4463 1126 4534; x_wconf 75' lang='grc' dir='ltr'>δημοσίους</span> <span class='ocrx_word' id='word_1_430' title='bbox 1163 4461 1515 4532; x_wconf 76' lang='grc' dir='ltr'>ἀναγραφὰς,</span> <span class='ocrx_word' id='word_1_431' title='bbox 1545 4462 1601 4515; x_wconf 79' lang='grc' dir='ltr'>αἳ</span> <span class='ocrx_word' id='word_1_432' title='bbox 1630 4460 1741 4515; x_wconf 81' lang='grc' dir='ltr'><strong>ἀπὸ</strong></span> <span class='ocrx_word' id='word_1_433' title='bbox 1770 4460 1867 4513; x_wconf 82' lang='grc' dir='ltr'>τοῦ</span> 
     </span>
    </p>
   </div>
   <div class='ocr_carea' id='block_1_60' title="bbox 1981 1966 3560 2041">
    <p class='ocr_par' dir='ltr' id='par_1_60' title="bbox 1981 1966 3560 2041">
     <span class='ocr_line' id='line_1_60' title="bbox 1981 1966 3560 2041; baseline 0 -19"><span class='ocrx_word' id='word_1_434' title='bbox 1981 1967 2269 2023; x_wconf 85' lang='lat' dir='ltr'><strong>indicium.</strong></span> <span class='ocrx_word' id='word_1_435' title='bbox 2304 1966 2572 2023; x_wconf 88' lang='lat' dir='ltr'><strong>Tribuum</strong></span> <span class='ocrx_word' id='word_1_436' title='bbox 2600 1969 2743 2041; x_wconf 87' lang='lat' dir='ltr'><strong>enim</strong></span> <span class='ocrx_word' id='word_1_437' title='bbox 2774 1979 2829 2024; x_wconf 88' lang='lat' dir='ltr'><strong>et</strong></span> <span class='ocrx_word' id='word_1_438' title='bbox 2858 1970 3215 2034; x_wconf 88' lang='lat' dir='ltr'><strong>familiarum,</strong></span> <span class='ocrx_word' id='word_1_439' title='bbox 3246 1986 3369 2039; x_wconf 71' lang='lat' dir='ltr'><strong>qua:</strong></span> <span class='ocrx_word' id='word_1_440' title='bbox 3400 1978 3560 2024; x_wconf 89' lang='lat' dir='ltr'><strong>erant</strong></span> 
     </span>
    </p>
   </div>
   <div class='ocr_carea' id='block_1_61' title="bbox 1976 2059 3563 2132">
    <p class='ocr_par' dir='ltr' id='par_1_61' title="bbox 1976 2059 3563 2132">
     <span class='ocr_line' id='line_1_61' title="bbox 1976 2059 3563 2132; baseline -0.001 -18"><span class='ocrx_word' id='word_1_441' title='bbox 1976 2059 2033 2114; x_wconf 91' lang='lat' dir='ltr'><strong>in</strong></span> <span class='ocrx_word' id='word_1_442' title='bbox 2085 2059 2291 2125; x_wconf 72' lang='lat' dir='ltr'><strong>Iudaea,</strong></span> <span class='ocrx_word' id='word_1_443' title='bbox 2349 2061 2594 2129; x_wconf 87' lang='lat' dir='ltr'><strong>publicas</strong></span> <span class='ocrx_word' id='word_1_444' title='bbox 2646 2062 2946 2132; x_wconf 89' lang='lat' dir='ltr'><strong>scripturas</strong></span> <span class='ocrx_word' id='word_1_445' title='bbox 2996 2080 3025 2116; x_wconf 87' lang='lat' dir='ltr'><strong>a</strong></span> <span class='ocrx_word' id='word_1_446' title='bbox 3058 2071 3305 2131; x_wconf 89' lang='lat' dir='ltr'><strong>tempore</strong></span> <span class='ocrx_word' id='word_1_447' title='bbox 3357 2059 3563 2124; x_wconf 57' lang='lat' dir='ltr'><strong>Esdra&#39;,</strong></span> 
     </span>
    </p>
   </div>
   <div class='ocr_carea' id='block_1_62' title="bbox 1977 2152 3563 2224">
    <p class='ocr_par' dir='ltr' id='par_1_62' title="bbox 1977 2152 3563 2224">
     <span class='ocr_line' id='line_1_62' title="bbox 1977 2152 3563 2224; baseline -0.001 -18"><span class='ocrx_word' id='word_1_448' title='bbox 1977 2168 2092 2207; x_wconf 90' lang='lat' dir='ltr'><strong>rem</strong></span> <span class='ocrx_word' id='word_1_449' title='bbox 2124 2153 2333 2208; x_wconf 83' lang='lat' dir='ltr'><strong>faciens</strong></span> <span class='ocrx_word' id='word_1_450' title='bbox 2366 2153 2576 2208; x_wconf 89' lang='lat' dir='ltr'><strong>invidia</strong></span> <span class='ocrx_word' id='word_1_451' title='bbox 2611 2155 2827 2224; x_wconf 85' lang='lat' dir='ltr'><strong>plenam</strong></span> <span class='ocrx_word' id='word_1_452' title='bbox 2856 2164 2913 2210; x_wconf 88' lang='lat' dir='ltr'><strong>et</strong></span> <span class='ocrx_word' id='word_1_453' title='bbox 2942 2154 3176 2220; x_wconf 88' lang='lat' dir='ltr'><strong>insania,</strong></span> <span class='ocrx_word' id='word_1_454' title='bbox 3226 2152 3337 2224; x_wconf 90' lang='lat' dir='ltr'><strong>igni</strong></span> <span class='ocrx_word' id='word_1_455' title='bbox 3376 2153 3563 2207; x_wconf 90' lang='lat' dir='ltr'><strong>tradit.</strong></span> 
     </span>
    </p>
   </div>
   <div class='ocr_carea' id='block_1_63' title="bbox 1976 2244 3565 2316">
    <p class='ocr_par' dir='ltr' id='par_1_63' title="bbox 1976 2244 3565 2316">
     <span class='ocr_line' id='line_1_63' title="bbox 1976 2244 3565 2316; baseline -0.001 -17"><span class='ocrx_word' id='word_1_456' title='bbox 1976 2244 2191 2315; x_wconf 88' lang='lat' dir='ltr'><strong>Scopus</strong></span> <span class='ocrx_word' id='word_1_457' title='bbox 2242 2255 2424 2299; x_wconf 88' lang='lat' dir='ltr'><strong>autem</strong></span> <span class='ocrx_word' id='word_1_458' title='bbox 2489 2255 2609 2302; x_wconf 87' lang='lat' dir='ltr'><strong>erat</strong></span> <span class='ocrx_word' id='word_1_459' title='bbox 2678 2245 3157 2316; x_wconf 87' lang='lat' dir='ltr'><strong>improbissimus:</strong></span> <span class='ocrx_word' id='word_1_460' title='bbox 3224 2259 3438 2309; x_wconf 76' lang='lat' dir='ltr'><strong>nempe,</strong></span> <span class='ocrx_word' id='word_1_461' title='bbox 3494 2259 3565 2297; x_wconf 89' lang='lat' dir='ltr'><strong>ne</strong></span> 
     </span>
    </p>
   </div>
   <div class='ocr_carea' id='block_1_64' title="bbox 1979 2335 3567 2407">
    <p class='ocr_par' dir='ltr' id='par_1_64' title="bbox 1979 2335 3567 2407">
     <span class='ocr_line' id='line_1_64' title="bbox 1979 2335 3567 2407; baseline -0.001 -17"><span class='ocrx_word' id='word_1_462' title='bbox 1979 2346 2174 2391; x_wconf 89' lang='lat' dir='ltr'><strong>notum</strong></span> <span class='ocrx_word' id='word_1_463' title='bbox 2213 2347 2359 2393; x_wconf 90' lang='lat' dir='ltr'><strong>esset</strong></span> <span class='ocrx_word' id='word_1_464' title='bbox 2399 2337 2627 2402; x_wconf 84' lang='lat' dir='ltr'><strong>Iudaeis,</strong></span> <span class='ocrx_word' id='word_1_465' title='bbox 2658 2352 2723 2391; x_wconf 80' lang='lat' dir='ltr'><strong>ex</strong></span> <span class='ocrx_word' id='word_1_466' title='bbox 2774 2352 3009 2407; x_wconf 88' lang='lat' dir='ltr'><strong>quanam</strong></span> <span class='ocrx_word' id='word_1_467' title='bbox 3066 2337 3104 2391; x_wconf 90' lang='lat' dir='ltr'><strong>ii</strong></span> <span class='ocrx_word' id='word_1_468' title='bbox 3134 2343 3263 2391; x_wconf 90' lang='lat' dir='ltr'><strong>sunt</strong></span> <span class='ocrx_word' id='word_1_469' title='bbox 3297 2335 3463 2399; x_wconf 86' lang='lat' dir='ltr'><strong>tribu,</strong></span> <span class='ocrx_word' id='word_1_470' title='bbox 3510 2345 3567 2389; x_wconf 84' lang='lat' dir='ltr'><strong>et</strong></span> 
     </span>
    </p>
   </div>
   <div class='ocr_carea' id='block_1_65' title="bbox 1974 2425 3564 2498">
    <p class='ocr_par' dir='ltr' id='par_1_65' title="bbox 1974 2425 3564 2498">
     <span class='ocr_line' id='line_1_65' title="bbox 1974 2425 3564 2498; baseline 0.002 -22"><span class='ocrx_word' id='word_1_471' title='bbox 1974 2428 2196 2497; x_wconf 87' lang='lat' dir='ltr'><strong>quinam</strong></span> <span class='ocrx_word' id='word_1_472' title='bbox 2228 2441 2293 2480; x_wconf 80' lang='lat' dir='ltr'><strong>ex</strong></span> <span class='ocrx_word' id='word_1_473' title='bbox 2318 2427 2398 2481; x_wconf 91' lang='lat' dir='ltr'><strong>eis</strong></span> <span class='ocrx_word' id='word_1_474' title='bbox 2430 2435 2558 2481; x_wconf 89' lang='lat' dir='ltr'><strong>sunt</strong></span> <span class='ocrx_word' id='word_1_475' title='bbox 2587 2426 2876 2498; x_wconf 67' lang='lat' dir='ltr'><strong>indigenae.</strong></span> <span class='ocrx_word' id='word_1_476' title='bbox 2904 2435 2959 2481; x_wconf 90' lang='lat' dir='ltr'><strong>et</strong></span> <span class='ocrx_word' id='word_1_477' title='bbox 2984 2427 3203 2496; x_wconf 83' lang='lat' dir='ltr'><strong>quinam</strong></span> <span class='ocrx_word' id='word_1_478' title='bbox 3233 2441 3298 2480; x_wconf 78' lang='lat' dir='ltr'><strong>ex</strong></span> <span class='ocrx_word' id='word_1_479' title='bbox 3335 2425 3400 2479; x_wconf 85' lang='lat' dir='ltr'><strong>iis</strong></span> <span class='ocrx_word' id='word_1_480' title='bbox 3426 2440 3564 2493; x_wconf 80' lang='lat' dir='ltr'><strong>quos</strong></span> 
     </span>
    </p>
   </div>
   <div class='ocr_carea' id='block_1_66' title="bbox 1974 2516 3560 2588">
    <p class='ocr_par' dir='ltr' id='par_1_66' title="bbox 1974 2516 3560 2588">
     <span class='ocr_line' id='line_1_66' title="bbox 1974 2516 3560 2588; baseline -0.002 -16"><span class='ocrx_word' id='word_1_481' title='bbox 1974 2519 2093 2587; x_wconf 90' lang='lat' dir='ltr'><strong>ipso</strong></span> <span class='ocrx_word' id='word_1_482' title='bbox 2145 2518 2356 2572; x_wconf 87' lang='lat' dir='ltr'><strong>solebat</strong></span> <span class='ocrx_word' id='word_1_483' title='bbox 2408 2518 2683 2588; x_wconf 85' lang='lat' dir='ltr'><strong>appellare</strong></span> <span class='ocrx_word' id='word_1_484' title='bbox 2740 2517 3008 2587; x_wconf 83' lang='grc' dir='ltr'>γειὼρας,</span> <span class='ocrx_word' id='word_1_485' title='bbox 3056 2517 3111 2570; x_wconf 92' lang='lat' dir='ltr'><strong>id</strong></span> <span class='ocrx_word' id='word_1_486' title='bbox 3146 2526 3249 2576; x_wconf 85' lang='lat' dir='ltr'><strong>est,</strong></span> <span class='ocrx_word' id='word_1_487' title='bbox 3303 2516 3560 2569; x_wconf 85' lang='lat' dir='ltr'><strong>advenas.</strong></span> 
     </span>
    </p>
   </div>
   <div class='ocr_carea' id='block_1_67' title="bbox 1975 2607 3560 2675">
    <p class='ocr_par' dir='ltr' id='par_1_67' title="bbox 1975 2607 3560 2675">
     <span class='ocr_line' id='line_1_67' title="bbox 1975 2607 3560 2675; baseline -0.003 -12"><span class='ocrx_word' id='word_1_488' title='bbox 1975 2609 2181 2665; x_wconf 72' lang='lat' dir='ltr'><strong>Praeter</strong></span> <span class='ocrx_word' id='word_1_489' title='bbox 2239 2610 2343 2664; x_wconf 87' lang='lat' dir='ltr'><strong>alia</strong></span> <span class='ocrx_word' id='word_1_490' title='bbox 2382 2619 2589 2675; x_wconf 88' lang='lat' dir='ltr'><strong>autem,</strong></span> <span class='ocrx_word' id='word_1_491' title='bbox 2647 2624 2771 2664; x_wconf 89' lang='lat' dir='ltr'><strong>cum</strong></span> <span class='ocrx_word' id='word_1_492' title='bbox 2813 2610 3208 2675; x_wconf 76' lang='lat' dir='ltr'><strong>sacerdotalem</strong></span> <span class='ocrx_word' id='word_1_493' title='bbox 3263 2617 3470 2662; x_wconf 86' lang='lat' dir='ltr'><strong>vestem</strong></span> <span class='ocrx_word' id='word_1_494' title='bbox 3507 2607 3560 2660; x_wconf 90' lang='lat' dir='ltr'><strong>in</strong></span> 
     </span>
    </p>
   </div>
   <div class='ocr_carea' id='block_1_68' title="bbox 1973 2699 3562 2774">
    <p class='ocr_par' dir='ltr' id='par_1_68' title="bbox 1973 2699 3562 2774">
     <span class='ocr_line' id='line_1_68' title="bbox 1973 2699 3562 2774; baseline -0.003 -16"><span class='ocrx_word' id='word_1_495' title='bbox 1973 2703 2210 2774; x_wconf 86' lang='lat' dir='ltr'><strong>quodam</strong></span> <span class='ocrx_word' id='word_1_496' title='bbox 2243 2717 2373 2759; x_wconf 88' lang='lat' dir='ltr'><strong>vase</strong></span> <span class='ocrx_word' id='word_1_497' title='bbox 2418 2702 2777 2773; x_wconf 89' lang='lat' dir='ltr'><strong>reposuisset,</strong></span> <span class='ocrx_word' id='word_1_498' title='bbox 2817 2703 2951 2757; x_wconf 86' lang='lat' dir='ltr'><strong>viris</strong></span> <span class='ocrx_word' id='word_1_499' title='bbox 3001 2701 3260 2772; x_wconf 74' lang='lat' dir='ltr'><strong>indignis,</strong></span> <span class='ocrx_word' id='word_1_500' title='bbox 3315 2699 3562 2771; x_wconf 83' lang='lat' dir='ltr'><strong>pecuniis</strong></span> 
     </span>
    </p>
   </div>
   <div class='ocr_carea' id='block_1_69' title="bbox 1975 2790 3558 2865">
    <p class='ocr_par' dir='ltr' id='par_1_69' title="bbox 1975 2790 3558 2865">
     <span class='ocr_line' id='line_1_69' title="bbox 1975 2790 3558 2865; baseline -0.003 -16"><span class='ocrx_word' id='word_1_501' title='bbox 1975 2794 2159 2865; x_wconf 88' lang='lat' dir='ltr'><strong>(proh</strong></span> <span class='ocrx_word' id='word_1_502' title='bbox 2193 2793 2427 2856; x_wconf 85' lang='lat' dir='ltr'><strong>dolor!)</strong></span> <span class='ocrx_word' id='word_1_503' title='bbox 2483 2802 2726 2864; x_wconf 89' lang='lat' dir='ltr'><strong>emptum</strong></span> <span class='ocrx_word' id='word_1_504' title='bbox 2794 2792 3089 2849; x_wconf 90' lang='lat' dir='ltr'><strong>mandabat</strong></span> <span class='ocrx_word' id='word_1_505' title='bbox 3156 2790 3558 2863; x_wconf 73' lang='lat' dir='ltr'><strong>pontiﬁcatum;</strong></span> 
     </span>
    </p>
   </div>
   <div class='ocr_carea' id='block_1_70' title="bbox 1976 2886 2593 2957">
    <p class='ocr_par' dir='ltr' id='par_1_70' title="bbox 1976 2886 2593 2957">
     <span class='ocr_line' id='line_1_70' title="bbox 1976 2886 2593 2957; baseline -0.003 -14"><span class='ocrx_word' id='word_1_506' title='bbox 1976 2887 2043 2944; x_wconf 89' lang='lat' dir='ltr'><strong>Et</strong></span> <span class='ocrx_word' id='word_1_507' title='bbox 2074 2889 2187 2943; x_wconf 65' lang='lat' dir='ltr'><strong>haec</strong></span> <span class='ocrx_word' id='word_1_508' title='bbox 2213 2887 2434 2957; x_wconf 90' lang='lat' dir='ltr'><strong>quidem</strong></span> <span class='ocrx_word' id='word_1_509' title='bbox 2466 2886 2593 2942; x_wconf 87' lang='lat' dir='ltr'><strong>iste.</strong></span> 
     </span>
    </p>
   </div>
   <div class='ocr_carea' id='block_1_71' title="bbox 2047 2975 3558 3049">
    <p class='ocr_par' dir='ltr' id='par_1_71' title="bbox 2047 2975 3558 3049">
     <span class='ocr_line' id='line_1_71' title="bbox 2047 2975 3558 3049; baseline -0.004 -15"><span class='ocrx_word' id='word_1_510' title='bbox 2047 2980 2138 3036; x_wconf 77' lang='lat' dir='ltr'><strong>XI.</strong></span> <span class='ocrx_word' id='word_1_511' title='bbox 2172 2980 2310 3036; x_wconf 91' lang='lat' dir='ltr'><strong>Cum</strong></span> <span class='ocrx_word' id='word_1_512' title='bbox 2338 2987 2522 3034; x_wconf 89' lang='lat' dir='ltr'><strong>autem</strong></span> <span class='ocrx_word' id='word_1_513' title='bbox 2561 2978 2746 3034; x_wconf 66' lang='lat' dir='ltr'><strong>Caesar</strong></span> <span class='ocrx_word' id='word_1_514' title='bbox 2773 2977 3050 3049; x_wconf 84' lang='lat' dir='ltr'><strong>Augustus</strong></span> <span class='ocrx_word' id='word_1_515' title='bbox 3082 2975 3558 3047; x_wconf 75' lang='lat' dir='ltr'><strong>quadragesimum</strong></span> 
     </span>
    </p>
   </div>
   <div class='ocr_carea' id='block_1_72' title="bbox 1974 3068 3561 3141">
    <p class='ocr_par' dir='ltr' id='par_1_72' title="bbox 1974 3068 3561 3141">
     <span class='ocr_line' id='line_1_72' title="bbox 1974 3068 3561 3141; baseline -0.007 -11"><span class='ocrx_word' id='word_1_516' title='bbox 1974 3072 2277 3130; x_wconf 87' lang='lat' dir='ltr'><strong>secundum</strong></span> <span class='ocrx_word' id='word_1_517' title='bbox 2315 3071 2399 3125; x_wconf 89' lang='lat' dir='ltr'><strong>sui</strong></span> <span class='ocrx_word' id='word_1_518' title='bbox 2433 3071 2648 3141; x_wconf 90' lang='lat' dir='ltr'><strong>imperii</strong></span> <span class='ocrx_word' id='word_1_519' title='bbox 2698 3081 2887 3140; x_wconf 78' lang='lat' dir='ltr'><strong>ageret</strong></span> <span class='ocrx_word' id='word_1_520' title='bbox 2934 3084 3165 3131; x_wconf 86' lang='lat' dir='ltr'><strong>annum,</strong></span> <span class='ocrx_word' id='word_1_521' title='bbox 3216 3068 3327 3124; x_wconf 79' lang='lat' dir='ltr'><strong>exit</strong></span> <span class='ocrx_word' id='word_1_522' title='bbox 3376 3068 3445 3122; x_wconf 89' lang='lat' dir='ltr'><strong>ab</strong></span> <span class='ocrx_word' id='word_1_523' title='bbox 3494 3081 3561 3120; x_wconf 85' lang='lat' dir='ltr'><strong>eo</strong></span> 
     </span>
    </p>
   </div>
   <div class='ocr_carea' id='block_1_73' title="bbox 1975 3159 3559 3231">
    <p class='ocr_par' dir='ltr' id='par_1_73' title="bbox 1975 3159 3559 3231">
     <span class='ocr_line' id='line_1_73' title="bbox 1975 3159 3559 3231; baseline -0.006 -10"><span class='ocrx_word' id='word_1_524' title='bbox 1975 3167 2239 3225; x_wconf 89' lang='lat' dir='ltr'><strong>edictum.</strong></span> <span class='ocrx_word' id='word_1_525' title='bbox 2271 3172 2331 3219; x_wconf 90' lang='lat' dir='ltr'><strong>ut</strong></span> <span class='ocrx_word' id='word_1_526' title='bbox 2360 3163 2455 3218; x_wconf 84' lang='lat' dir='ltr'><strong>ﬁat</strong></span> <span class='ocrx_word' id='word_1_527' title='bbox 2507 3161 2803 3231; x_wconf 89' lang='lat' dir='ltr'><strong>descriptio</strong></span> <span class='ocrx_word' id='word_1_528' title='bbox 2833 3160 3075 3216; x_wconf 83' lang='lat' dir='ltr'><strong>universi</strong></span> <span class='ocrx_word' id='word_1_529' title='bbox 3114 3161 3264 3217; x_wconf 89' lang='lat' dir='ltr'><strong>orbis</strong></span> <span class='ocrx_word' id='word_1_530' title='bbox 3308 3171 3467 3216; x_wconf 82' lang='lat' dir='ltr'><strong>terra:</strong></span> <span class='ocrx_word' id='word_1_531' title='bbox 3495 3159 3559 3212; x_wconf 80' lang='lat'><strong>“.</strong></span> 
     </span>
    </p>
   </div>
   <div class='ocr_carea' id='block_1_74' title="bbox 1981 3249 3560 3326">
    <p class='ocr_par' dir='ltr' id='par_1_74' title="bbox 1981 3249 3560 3326">
     <span class='ocr_line' id='line_1_74' title="bbox 1981 3249 3560 3326; baseline -0.006 -13"><span class='ocrx_word' id='word_1_532' title='bbox 1981 3257 2131 3313; x_wconf 82' lang='lat' dir='ltr'><strong>Abiit</strong></span> <span class='ocrx_word' id='word_1_533' title='bbox 2158 3257 2343 3326; x_wconf 89' lang='lat' dir='ltr'><strong>itaque</strong></span> <span class='ocrx_word' id='word_1_534' title='bbox 2372 3255 2751 3323; x_wconf 85' lang='lat' dir='ltr'><strong>unusquisque</strong></span> <span class='ocrx_word' id='word_1_535' title='bbox 2784 3254 2837 3307; x_wconf 92' lang='lat' dir='ltr'><strong>in</strong></span> <span class='ocrx_word' id='word_1_536' title='bbox 2866 3268 3021 3307; x_wconf 84' lang='lat' dir='ltr'><strong>suam</strong></span> <span class='ocrx_word' id='word_1_537' title='bbox 3057 3253 3355 3315; x_wconf 87' lang='lat' dir='ltr'><strong>civitatem,</strong></span> <span class='ocrx_word' id='word_1_538' title='bbox 3393 3259 3452 3304; x_wconf 91' lang='lat' dir='ltr'><strong>ut</strong></span> <span class='ocrx_word' id='word_1_539' title='bbox 3486 3249 3560 3304; x_wconf 91' lang='lat' dir='ltr'><strong>ibi</strong></span> 
     </span>
    </p>
   </div>
   <div class='ocr_carea' id='block_1_75' title="bbox 1978 3343 3556 3416">
    <p class='ocr_par' dir='ltr' id='par_1_75' title="bbox 1978 3343 3556 3416">
     <span class='ocr_line' id='line_1_75' title="bbox 1978 3343 3556 3416; baseline -0.006 -10"><span class='ocrx_word' id='word_1_540' title='bbox 1978 3349 2407 3406; x_wconf 86' lang='lat' dir='ltr'><strong>describeretur.</strong></span> <span class='ocrx_word' id='word_1_541' title='bbox 2462 3344 2760 3416; x_wconf 89' lang='lat' dir='ltr'><strong>Oportebat</strong></span> <span class='ocrx_word' id='word_1_542' title='bbox 2808 3345 2963 3398; x_wconf 87' lang='lat' dir='ltr'><strong>enim</strong></span> <span class='ocrx_word' id='word_1_543' title='bbox 2986 3344 3040 3398; x_wconf 91' lang='lat' dir='ltr'><strong>in</strong></span> <span class='ocrx_word' id='word_1_544' title='bbox 3097 3344 3367 3399; x_wconf 84' lang='lat' dir='ltr'><strong>descensu</strong></span> <span class='ocrx_word' id='word_1_545' title='bbox 3417 3343 3556 3412; x_wconf 82' lang='lat' dir='ltr'><strong>ejus,</strong></span> 
     </span>
    </p>
   </div>
   <div class='ocr_carea' id='block_1_76' title="bbox 1975 3438 3558 3514">
    <p class='ocr_par' dir='ltr' id='par_1_76' title="bbox 1975 3438 3558 3514">
     <span class='ocr_line' id='line_1_76' title="bbox 1975 3438 3558 3514; baseline -0.004 -19"><span class='ocrx_word' id='word_1_546' title='bbox 1975 3444 2069 3514; x_wconf 88' lang='lat' dir='ltr'><strong>qui</strong></span> <span class='ocrx_word' id='word_1_547' title='bbox 2099 3450 2291 3514; x_wconf 87' lang='lat' dir='ltr'><strong>regnat</strong></span> <span class='ocrx_word' id='word_1_548' title='bbox 2324 3441 2379 3495; x_wconf 91' lang='lat' dir='ltr'><strong>in</strong></span> <span class='ocrx_word' id='word_1_549' title='bbox 2412 3439 2566 3495; x_wconf 75' lang='lat' dir='ltr'><strong>ctelis</strong></span> <span class='ocrx_word' id='word_1_550' title='bbox 2598 3478 2614 3506; x_wconf 92' lang='lat'><strong>,</strong></span> <span class='ocrx_word' id='word_1_551' title='bbox 2666 3450 2825 3494; x_wconf 72' lang='lat' dir='ltr'><strong>terra:</strong></span> <span class='ocrx_word' id='word_1_552' title='bbox 2858 3453 3075 3509; x_wconf 89' lang='lat' dir='ltr'><strong>quoque</strong></span> <span class='ocrx_word' id='word_1_553' title='bbox 3102 3438 3378 3509; x_wconf 87' lang='lat' dir='ltr'><strong>principes</strong></span> <span class='ocrx_word' id='word_1_554' title='bbox 3424 3451 3558 3490; x_wconf 92' lang='lat' dir='ltr'><strong>con-</strong></span> 
     </span>
    </p>
   </div>
   <div class='ocr_carea' id='block_1_77' title="bbox 1977 3807 3559 3886">
    <p class='ocr_par' dir='ltr' id='par_1_77' title="bbox 1977 3807 3559 3886">
     <span class='ocr_line' id='line_1_77' title="bbox 1977 3807 3559 3886; baseline -0.003 -22"><span class='ocrx_word' id='word_1_555' title='bbox 1977 3813 2103 3884; x_wconf 89' lang='grc' dir='ltr'>ρίας</span> <span class='ocrx_word' id='word_1_556' title='bbox 2163 3815 2283 3886; x_wconf 74' lang='grc' dir='ltr'>ἦτοι</span> <span class='ocrx_word' id='word_1_557' title='bbox 2311 3813 2412 3883; x_wconf 76' lang='grc' dir='ltr'>τῆς</span> <span class='ocrx_word' id='word_1_558' title='bbox 2445 3811 2732 3875; x_wconf 83' lang='grc' dir='ltr'>Ἰουδαίας.</span> <span class='ocrx_word' id='word_1_559' title='bbox 2773 3810 2970 3882; x_wconf 78' lang='grc' dir='ltr'>Ἀπῄει</span> <span class='ocrx_word' id='word_1_560' title='bbox 2996 3807 3289 3879; x_wconf 82' lang='grc' dir='ltr'>τοιγαροῦν</span> <span class='ocrx_word' id='word_1_561' title='bbox 3325 3808 3559 3870; x_wconf 76' lang='grc' dir='ltr'>ἕκαστος</span> 
     </span>
    </p>
   </div>
   <div class='ocr_carea' id='block_1_78' title="bbox 1969 3901 3557 3977">
    <p class='ocr_par' dir='ltr' id='par_1_78' title="bbox 1969 3901 3557 3977">
     <span class='ocr_line' id='line_1_78' title="bbox 1969 3901 3557 3977; baseline -0.003 -20"><span class='ocrx_word' id='word_1_562' title='bbox 1969 3905 2053 3969; x_wconf 84' lang='grc' dir='ltr'><strong>είς</strong></span> <span class='ocrx_word' id='word_1_563' title='bbox 2098 3906 2199 3977; x_wconf 81' lang='grc' dir='ltr'>τὴν</span> <span class='ocrx_word' id='word_1_564' title='bbox 2241 3905 2382 3959; x_wconf 87' lang='grc' dir='ltr'>ίδίαν</span> <span class='ocrx_word' id='word_1_565' title='bbox 2438 3903 2875 3975; x_wconf 74' lang='grc' dir='ltr'>ἀπογράψασθαι</span> <span class='ocrx_word' id='word_1_566' title='bbox 2923 3902 3102 3958; x_wconf 79' lang='grc' dir='ltr'>πόλιν.</span> <span class='ocrx_word' id='word_1_567' title='bbox 3143 3901 3290 3955; x_wconf 83' lang='grc' dir='ltr'>Ἔδει</span> <span class='ocrx_word' id='word_1_568' title='bbox 3348 3901 3458 3971; x_wconf 80' lang='grc' dir='ltr'>γὰρ</span> <span class='ocrx_word' id='word_1_569' title='bbox 3488 3903 3557 3969; x_wconf 79' lang='grc' dir='ltr'>τῇ</span> 
     </span>
    </p>
   </div>
   <div class='ocr_carea' id='block_1_79' title="bbox 1969 3990 3560 4068">
    <p class='ocr_par' dir='ltr' id='par_1_79' title="bbox 1969 3990 3560 4068">
     <span class='ocr_line' id='line_1_79' title="bbox 1969 3990 3560 4068; baseline -0.004 -19"><span class='ocrx_word' id='word_1_570' title='bbox 1969 3997 2107 4068; x_wconf 79' lang='grc' dir='ltr'>πρὸς</span> <span class='ocrx_word' id='word_1_571' title='bbox 2131 3997 2237 4065; x_wconf 87' lang='grc' dir='ltr'>γῆν</span> <span class='ocrx_word' id='word_1_572' title='bbox 2267 3996 2481 4067; x_wconf 81' lang='grc' dir='ltr'><strong>καθόδῳ</strong></span> <span class='ocrx_word' id='word_1_573' title='bbox 2514 3994 2609 4049; x_wconf 82' lang='grc' dir='ltr'><strong>τοῦ</strong></span> <span class='ocrx_word' id='word_1_574' title='bbox 2639 3996 2697 4048; x_wconf 86' lang='grc' dir='ltr'>ὲν</span> <span class='ocrx_word' id='word_1_575' title='bbox 2743 3994 2995 4066; x_wconf 84' lang='grc' dir='ltr'>οὐρανοῖς</span> <span class='ocrx_word' id='word_1_576' title='bbox 3041 3992 3424 4065; x_wconf 80' lang='grc' dir='ltr'>βασιλεύοντος</span> <span class='ocrx_word' id='word_1_577' title='bbox 3462 3990 3560 4045; x_wconf 65' lang='grc' dir='ltr'><strong>καὶ⁵</strong></span> 
     </span>
    </p>
   </div>
   <div class='ocr_carea' id='block_1_80' title="bbox 1970 4077 3561 4158">
    <p class='ocr_par' dir='ltr' id='par_1_80' title="bbox 1970 4077 3561 4158">
     <span class='ocr_line' id='line_1_80' title="bbox 1970 4077 3561 4158; baseline -0.006 -18"><span class='ocrx_word' id='word_1_578' title='bbox 1970 4088 2102 4149; x_wconf 79' lang='grc' dir='ltr'>τοὺς</span> <span class='ocrx_word' id='word_1_579' title='bbox 2122 4090 2221 4158; x_wconf 76' lang='grc' dir='ltr'>τῆς</span> <span class='ocrx_word' id='word_1_580' title='bbox 2241 4087 2343 4157; x_wconf 86' lang='grc' dir='ltr'><strong>γῆς</strong></span> <span class='ocrx_word' id='word_1_581' title='bbox 2375 4085 2646 4156; x_wconf 79' lang='grc' dir='ltr'>ἄρχοντας</span> <span class='ocrx_word' id='word_1_582' title='bbox 2685 4083 3034 4154; x_wconf 80' lang='grc' dir='ltr'>λειτουργίας</span> <span class='ocrx_word' id='word_1_583' title='bbox 3061 4082 3415 4148; x_wconf 78' lang='grc' dir='ltr'>εἰσενεγκεῖν.</span> <span class='ocrx_word' id='word_1_584' title='bbox 3445 4077 3561 4133; x_wconf 73' lang='grc' dir='ltr'>Καὶ</span> 
     </span>
    </p>
   </div>
   <div class='ocr_carea' id='block_1_81' title="bbox 1975 4170 3561 4247">
    <p class='ocr_par' dir='ltr' id='par_1_81' title="bbox 1975 4170 3561 4247">
     <span class='ocr_line' id='line_1_81' title="bbox 1975 4170 3561 4247; baseline -0.005 -16"><span class='ocrx_word' id='word_1_585' title='bbox 1975 4178 2098 4232; x_wconf 65' lang='grc' dir='ltr'>ἐπεὶ</span> <span class='ocrx_word' id='word_1_586' title='bbox 2127 4178 2187 4232; x_wconf 86' lang='grc' dir='ltr'><strong>τὸ</strong></span> <span class='ocrx_word' id='word_1_587' title='bbox 2239 4177 2422 4246; x_wconf 87' lang='grc' dir='ltr'>δόγμα</span> <span class='ocrx_word' id='word_1_588' title='bbox 2471 4174 2674 4247; x_wconf 83' lang='grc' dir='ltr'>δηλαδὴ</span> <span class='ocrx_word' id='word_1_589' title='bbox 2737 4175 2838 4245; x_wconf 80' lang='grc' dir='ltr'>τῆς</span> <span class='ocrx_word' id='word_1_590' title='bbox 2891 4173 3224 4243; x_wconf 80' lang='grc' dir='ltr'>ἀπογραφῆς</span> <span class='ocrx_word' id='word_1_591' title='bbox 3271 4171 3410 4243; x_wconf 78' lang='grc' dir='ltr'>πρὸς</span> <span class='ocrx_word' id='word_1_592' title='bbox 3459 4170 3561 4239; x_wconf 72' lang='grc' dir='ltr'>τὴν</span> 
     </span>
    </p>
   </div>
   <div class='ocr_carea' id='block_1_82' title="bbox 1977 4263 3563 4340">
    <p class='ocr_par' dir='ltr' id='par_1_82' title="bbox 1977 4263 3563 4340">
     <span class='ocr_line' id='line_1_82' title="bbox 1977 4263 3563 4340; baseline -0.004 -18"><span class='ocrx_word' id='word_1_593' title='bbox 1977 4270 2254 4340; x_wconf 82' lang='grc' dir='ltr'>σφετέραν</span> <span class='ocrx_word' id='word_1_594' title='bbox 2282 4270 2512 4323; x_wconf 77' lang='grc' dir='ltr'>ἕκαστον</span> <span class='ocrx_word' id='word_1_595' title='bbox 2543 4267 2772 4322; x_wconf 85' lang='grc' dir='ltr'>ουνώθει</span> <span class='ocrx_word' id='word_1_596' title='bbox 2805 4267 3070 4338; x_wconf 83' lang='grc' dir='ltr'>πατρίδα·</span> <span class='ocrx_word' id='word_1_597' title='bbox 3109 4265 3287 4336; x_wconf 82' lang='grc' dir='ltr'>τούτῳ</span> <span class='ocrx_word' id='word_1_598' title='bbox 3323 4266 3418 4318; x_wconf 80' lang='grc' dir='ltr'>καὶ</span> <span class='ocrx_word' id='word_1_599' title='bbox 3446 4263 3563 4317; x_wconf 88' lang='grc' dir='ltr'><strong>Ἰω-</strong></span> 
     </span>
    </p>
   </div>
   <div class='ocr_carea' id='block_1_83' title="bbox 1977 4356 3562 4431">
    <p class='ocr_par' dir='ltr' id='par_1_83' title="bbox 1977 4356 3562 4431">
     <span class='ocr_line' id='line_1_83' title="bbox 1977 4356 3562 4431; baseline -0.004 -18"><span class='ocrx_word' id='word_1_600' title='bbox 1977 4361 2086 4430; x_wconf 75' lang='grc' dir='ltr'>σὴφ</span> <span class='ocrx_word' id='word_1_601' title='bbox 2122 4361 2465 4430; x_wconf 77' lang='grc' dir='ltr'><strong>πειθόμενος,</strong></span> <span class='ocrx_word' id='word_1_602' title='bbox 2490 4363 2557 4415; x_wconf 83' lang='grc' dir='ltr'>ὲκ</span> <span class='ocrx_word' id='word_1_603' title='bbox 2581 4361 2683 4431; x_wconf 85' lang='grc' dir='ltr'>τῆς</span> <span class='ocrx_word' id='word_1_604' title='bbox 2707 4359 3021 4422; x_wconf 78' lang='grc' dir='ltr'>Γαλιλαίας,</span> <span class='ocrx_word' id='word_1_605' title='bbox 3054 4359 3131 4413; x_wconf 75' lang='grc' dir='ltr'><strong>ὲκΔ</strong></span> <span class='ocrx_word' id='word_1_606' title='bbox 3163 4356 3372 4420; x_wconf 87' lang='grc' dir='ltr'>πόλεώς</span> <span class='ocrx_word' id='word_1_607' title='bbox 3415 4372 3562 4426; x_wconf 71' lang='grc' dir='ltr'>φημι</span> 
     </span>
    </p>
   </div>
   <div class='ocr_carea' id='block_1_84' title="bbox 1977 4451 3562 4525">
    <p class='ocr_par' dir='ltr' id='par_1_84' title="bbox 1977 4451 3562 4525">
     <span class='ocr_line' id='line_1_84' title="bbox 1977 4451 3562 4525; baseline -0.001 -19"><span class='ocrx_word' id='word_1_608' title='bbox 1977 4452 2253 4525; x_wconf 80' lang='grc' dir='ltr'>Ναζαρὲτ,</span> <span class='ocrx_word' id='word_1_609' title='bbox 2279 4455 2361 4517; x_wconf 91' lang='grc' dir='ltr'><strong>είς</strong></span> <span class='ocrx_word' id='word_1_610' title='bbox 2391 4456 2491 4522; x_wconf 77' lang='grc' dir='ltr'><strong>τὴν</strong></span> <span class='ocrx_word' id='word_1_611' title='bbox 2513 4454 2780 4508; x_wconf 82' lang='grc' dir='ltr'>Ἰουδαίαν</span> <span class='ocrx_word' id='word_1_612' title='bbox 2806 4456 3120 4523; x_wconf 65' lang='grc' dir='ltr'>ἀφικνεῖται</span> <span class='ocrx_word' id='word_1_613' title='bbox 3153 4458 3288 4524; x_wconf 69' lang='grc' dir='ltr'>πρὸς</span> <span class='ocrx_word' id='word_1_614' title='bbox 3312 4451 3562 4523; x_wconf 84' lang='grc' dir='ltr'>Βηθλεὲμ</span> 
     </span>
    </p>
   </div>
   <div class='ocr_carea' id='block_1_85' title="bbox 279 4539 3558 4631">
    <p class='ocr_par' dir='ltr' id='par_1_85' title="bbox 279 4539 3558 4631">
     <span class='ocr_line' id='line_1_85' title="bbox 279 4539 3558 4631; baseline -0.002 -28"><span class='ocrx_word' id='word_1_615' title='bbox 279 4555 495 4624; x_wconf 66' lang='grc' dir='ltr'>Ἐσδρι</span> <span class='ocrx_word' id='word_1_616' title='bbox 520 4554 821 4625; x_wconf 77' lang='grc' dir='ltr'>ἐτύγχανον</span> <span class='ocrx_word' id='word_1_617' title='bbox 856 4554 1035 4622; x_wconf 61' lang='grc' dir='ltr'>οὖσαι,</span> <span class='ocrx_word' id='word_1_618' title='bbox 1087 4556 1286 4625; x_wconf 81' lang='grc' dir='ltr'>φθόνου</span> <span class='ocrx_word' id='word_1_619' title='bbox 1329 4555 1424 4609; x_wconf 78' lang='grc' dir='ltr'><strong>καὶ</strong></span> <span class='ocrx_word' id='word_1_620' title='bbox 1470 4553 1669 4625; x_wconf 74' lang='grc' dir='ltr'>μανίας</span> <span class='ocrx_word' id='word_1_621' title='bbox 1707 4552 1869 4623; x_wconf 63' lang='grc' dir='ltr'>ἔργον</span> <span class='ocrx_word' id='word_1_622' title='bbox 1903 4573 1951 4631; x_wconf 81' lang='lat' dir='ltr'><strong>D</strong></span> <span class='ocrx_word' id='word_1_623' title='bbox 1979 4544 2216 4615; x_wconf 77' lang='grc' dir='ltr'>πόλιν,ἥ</span> <span class='ocrx_word' id='word_1_624' title='bbox 2254 4544 2409 4608; x_wconf 85' lang='grc' dir='ltr'>πόλις</span> <span class='ocrx_word' id='word_1_625' title='bbox 2436 4547 2554 4631; x_wconf 48' lang='grc' dir='ltr'>ὲσῄ</span> <span class='ocrx_word' id='word_1_626' title='bbox 2582 4545 2766 4600; x_wconf 79' lang='grc' dir='ltr'>Δασίδ.</span> <span class='ocrx_word' id='word_1_627' title='bbox 2801 4547 2913 4599; x_wconf 72' lang='grc' dir='ltr'>Καὶ</span> <span class='ocrx_word' id='word_1_628' title='bbox 2937 4548 2970 4616; x_wconf 80' lang='grc' dir='ltr'><strong>ὴ</strong></span> <span class='ocrx_word' id='word_1_629' title='bbox 3003 4546 3175 4609; x_wconf 86' lang='grc' dir='ltr'>αίτία,</span> <span class='ocrx_word' id='word_1_630' title='bbox 3201 4545 3262 4597; x_wconf 83' lang='grc' dir='ltr'><strong>τὸ</strong></span> <span class='ocrx_word' id='word_1_631' title='bbox 3295 4539 3436 4598; x_wconf 76' lang='grc' dir='ltr'>εἶναι</span> <span class='ocrx_word' id='word_1_632' title='bbox 3457 4543 3558 4598; x_wconf 58' lang='lat' dir='ltr'><strong>at)-</strong></span> 
     </span>
    </p>
   </div>
   <div class='ocr_carea' id='block_1_86' title="bbox 273 4646 1873 4718">
    <p class='ocr_par' dir='ltr' id='par_1_86' title="bbox 273 4646 1873 4718">
     <span class='ocr_line' id='line_1_86' title="bbox 273 4646 1873 4718; baseline -0.002 -17"><span class='ocrx_word' id='word_1_633' title='bbox 273 4647 481 4711; x_wconf 77' lang='grc' dir='ltr'>ποιῶν,</span> <span class='ocrx_word' id='word_1_634' title='bbox 515 4647 652 4718; x_wconf 79' lang='grc' dir='ltr'>πυρὶ</span> <span class='ocrx_word' id='word_1_635' title='bbox 690 4647 893 4702; x_wconf 81' lang='grc' dir='ltr'>δίδωσι.</span> <span class='ocrx_word' id='word_1_636' title='bbox 931 4648 1042 4703; x_wconf 79' lang='grc' dir='ltr'><strong>Καὶ</strong></span> <span class='ocrx_word' id='word_1_637' title='bbox 1084 4651 1113 4703; x_wconf 85' lang='grc' dir='ltr'><strong>ὁ</strong></span> <span class='ocrx_word' id='word_1_638' title='bbox 1156 4648 1386 4714; x_wconf 82' lang='grc' dir='ltr'>σκοπὸς,</span> <span class='ocrx_word' id='word_1_639' title='bbox 1414 4646 1493 4710; x_wconf 82' lang='grc' dir='ltr'>ὡς</span> <span class='ocrx_word' id='word_1_640' title='bbox 1524 4646 1724 4717; x_wconf 81' lang='grc' dir='ltr'>κομιδῆ</span> <span class='ocrx_word' id='word_1_641' title='bbox 1774 4662 1873 4698; x_wconf 71' lang='grc' dir='ltr'>που</span> 
     </span>
    </p>
   </div>
   <div class='ocr_carea' id='block_1_87' title="bbox 277 4739 1873 4818">
    <p class='ocr_par' dir='ltr' id='par_1_87' title="bbox 277 4739 1873 4818">
     <span class='ocr_line' id='line_1_87' title="bbox 277 4739 1873 4818; baseline 0.002 -23"><span class='ocrx_word' id='word_1_642' title='bbox 277 4745 482 4813; x_wconf 75' lang='grc' dir='ltr'>νηρόςο</span> <span class='ocrx_word' id='word_1_643' title='bbox 516 4743 606 4796; x_wconf 70' lang='lat' dir='ltr'><strong>tv:</strong></span> <span class='ocrx_word' id='word_1_644' title='bbox 668 4744 870 4815; x_wconf 75' lang='grc' dir='ltr'>μηκέτι</span> <span class='ocrx_word' id='word_1_645' title='bbox 917 4749 1030 4810; x_wconf 77' lang='grc' dir='ltr'>τοῖς</span> <span class='ocrx_word' id='word_1_646' title='bbox 1058 4746 1345 4809; x_wconf 88' lang='grc' dir='ltr'>Ἰουδαίοις</span> <span class='ocrx_word' id='word_1_647' title='bbox 1391 4746 1675 4815; x_wconf 69' lang='grc' dir='ltr'>γνώριμον</span> <span class='ocrx_word' id='word_1_648' title='bbox 1806 4745 1873 4798; x_wconf 83' lang='grc' dir='ltr'>ὲκ</span> 
     </span>
    </p>
   </div>
   <div class='ocr_carea' id='block_1_88' title="bbox 281 4826 1871 4906">
    <p class='ocr_par' dir='ltr' id='par_1_88' title="bbox 281 4826 1871 4906">
     <span class='ocr_line' id='line_1_88' title="bbox 281 4826 1871 4906; baseline 0 -20"><span class='ocrx_word' id='word_1_649' title='bbox 281 4834 453 4896; x_wconf 79' lang='grc' dir='ltr'>ποίας</span> <span class='ocrx_word' id='word_1_650' title='bbox 477 4826 628 4888; x_wconf 75' lang='grc' dir='ltr'>οὗτοι</span> <span class='ocrx_word' id='word_1_651' title='bbox 660 4836 992 4904; x_wconf 78' lang='grc' dir='ltr'>τυγχάνουσι</span> <span class='ocrx_word' id='word_1_652' title='bbox 1037 4837 1301 4906; x_wconf 75' lang='grc' dir='ltr'>πατριᾶς,</span> <span class='ocrx_word' id='word_1_653' title='bbox 1335 4837 1432 4889; x_wconf 76' lang='grc' dir='ltr'>καὶ</span> <span class='ocrx_word' id='word_1_654' title='bbox 1468 4834 1616 4894; x_wconf 86' lang='grc' dir='ltr'>τίνες</span> <span class='ocrx_word' id='word_1_655' title='bbox 1646 4834 1747 4904; x_wconf 75' lang='grc' dir='ltr'>μὲν</span> <span class='ocrx_word' id='word_1_656' title='bbox 1770 4835 1871 4887; x_wconf 80' lang='grc' dir='ltr'><strong>αὐ-</strong></span> 
     </span>
    </p>
   </div>
   <div class='ocr_carea' id='block_1_89' title="bbox 278 4926 1872 4999">
    <p class='ocr_par' dir='ltr' id='par_1_89' title="bbox 278 4926 1872 4999">
     <span class='ocr_line' id='line_1_89' title="bbox 278 4926 1872 4999; baseline 0 -18"><span class='ocrx_word' id='word_1_657' title='bbox 278 4929 397 4984; x_wconf 83' lang='grc' dir='ltr'>τῶν</span> <span class='ocrx_word' id='word_1_658' title='bbox 427 4927 478 4980; x_wconf 88' lang='grc' dir='ltr'><strong>οί</strong></span> <span class='ocrx_word' id='word_1_659' title='bbox 504 4926 784 4997; x_wconf 72' lang='grc' dir='ltr'>ἡμεδαποὶ</span> <span class='ocrx_word' id='word_1_660' title='bbox 810 4930 906 4983; x_wconf 79' lang='grc' dir='ltr'>καὶ</span> <span class='ocrx_word' id='word_1_661' title='bbox 936 4928 1281 4999; x_wconf 80' lang='grc' dir='ltr'>αὐτόχθονες,</span> <span class='ocrx_word' id='word_1_662' title='bbox 1315 4926 1458 4992; x_wconf 81' lang='grc' dir='ltr'>τίνες</span> <span class='ocrx_word' id='word_1_663' title='bbox 1489 4927 1545 4983; x_wconf 65' lang='grc' dir='ltr'><strong>δὲ</strong></span> <span class='ocrx_word' id='word_1_664' title='bbox 1582 4927 1680 4989; x_wconf 76' lang='grc' dir='ltr'><strong>οὓς</strong></span> <span class='ocrx_word' id='word_1_665' title='bbox 1710 4927 1872 4996; x_wconf 72' lang='grc' dir='ltr'>γειώο</span> 
     </span>
    </p>
   </div>
   <div class='ocr_carea' id='block_1_90' title="bbox 284 5003 1871 5091">
    <p class='ocr_par' dir='ltr' id='par_1_90' title="bbox 284 5003 1871 5091">
     <span class='ocr_line' id='line_1_90' title="bbox 284 5003 1871 5091; baseline -0.001 -19"><span class='ocrx_word' id='word_1_666' title='bbox 284 5039 388 5090; x_wconf 74' lang='grc' dir='ltr'><strong>ρας</strong></span> <span class='ocrx_word' id='word_1_667' title='bbox 422 5020 633 5072; x_wconf 82' lang='grc' dir='ltr'>εἴθιστο</span> <span class='ocrx_word' id='word_1_668' title='bbox 665 5018 873 5073; x_wconf 83' lang='grc' dir='ltr'>καλεῖν.</span> <span class='ocrx_word' id='word_1_669' title='bbox 904 5020 1048 5089; x_wconf 82' lang='grc' dir='ltr'>Πρὸς</span> <span class='ocrx_word' id='word_1_670' title='bbox 1082 5021 1197 5084; x_wconf 84' lang='grc' dir='ltr'>τοῖς</span> <span class='ocrx_word' id='word_1_671' title='bbox 1221 5019 1426 5086; x_wconf 77' lang='grc' dir='ltr'>ἄλλοις,</span> <span class='ocrx_word' id='word_1_672' title='bbox 1459 5019 1553 5074; x_wconf 75' lang='grc' dir='ltr'>καὶ</span> <span class='ocrx_word' id='word_1_673' title='bbox 1586 5020 1688 5089; x_wconf 75' lang='grc' dir='ltr'><strong>τὴν</strong></span> <span class='ocrx_word' id='word_1_674' title='bbox 1716 5003 1871 5091; x_wconf 67' lang='lat' dir='ltr'><strong>lapat-</strong></span> 
     </span>
    </p>
   </div>
   <div class='ocr_carea' id='block_1_91' title="bbox 278 5109 1877 5183">
    <p class='ocr_par' dir='ltr' id='par_1_91' title="bbox 278 5109 1877 5183">
     <span class='ocr_line' id='line_1_91' title="bbox 278 5109 1877 5183; baseline 0.002 -21"><span class='ocrx_word' id='word_1_675' title='bbox 278 5111 444 5183; x_wconf 75' lang='grc' dir='ltr'>τικὴν</span> <span class='ocrx_word' id='word_1_676' title='bbox 475 5110 672 5180; x_wconf 76' lang='grc' dir='ltr'>στολὴν</span> <span class='ocrx_word' id='word_1_677' title='bbox 695 5113 752 5164; x_wconf 77' lang='grc' dir='ltr'>ἐν</span> <span class='ocrx_word' id='word_1_678' title='bbox 777 5112 962 5165; x_wconf 83' lang='grc' dir='ltr'>σκεύει</span> <span class='ocrx_word' id='word_1_679' title='bbox 982 5109 1044 5181; x_wconf 81' lang='grc' dir='ltr'><strong>δή</strong></span> <span class='ocrx_word' id='word_1_680' title='bbox 1066 5128 1172 5166; x_wconf 87' lang='grc' dir='ltr'>τινι</span> <span class='ocrx_word' id='word_1_681' title='bbox 1198 5111 1563 5180; x_wconf 79' lang='grc' dir='ltr'>ἀποθέμενος,</span> <span class='ocrx_word' id='word_1_682' title='bbox 1587 5111 1681 5165; x_wconf 75' lang='grc' dir='ltr'>καὶ</span> <span class='ocrx_word' id='word_1_683' title='bbox 1702 5128 1877 5183; x_wconf 79' lang='grc' dir='ltr'>σφρα-</span> 
     </span>
    </p>
   </div>
   <div class='ocr_carea' id='block_1_92' title="bbox 278 5201 1877 5275">
    <p class='ocr_par' dir='ltr' id='par_1_92' title="bbox 278 5201 1877 5275">
     <span class='ocr_line' id='line_1_92' title="bbox 278 5201 1877 5275; baseline -0.001 -17"><span class='ocrx_word' id='word_1_684' title='bbox 278 5205 440 5269; x_wconf 71' lang='grc' dir='ltr'>γῖδας</span> <span class='ocrx_word' id='word_1_685' title='bbox 493 5203 793 5267; x_wconf 75' lang='grc' dir='ltr'>ἐπιϐαλὼν,</span> <span class='ocrx_word' id='word_1_686' title='bbox 854 5204 1088 5275; x_wconf 75' lang='grc' dir='ltr'>ἀσήμοις</span> <span class='ocrx_word' id='word_1_687' title='bbox 1134 5203 1362 5274; x_wconf 82' lang='grc' dir='ltr'>ἀνδράσι</span> <span class='ocrx_word' id='word_1_688' title='bbox 1411 5201 1517 5273; x_wconf 74' lang='grc' dir='ltr'>φεῦ</span> <span class='ocrx_word' id='word_1_689' title='bbox 1573 5204 1877 5275; x_wconf 81' lang='grc' dir='ltr'>χρημάτων</span> 
     </span>
    </p>
   </div>
   <div class='ocr_carea' id='block_1_93' title="bbox 278 5295 1876 5368">
    <p class='ocr_par' dir='ltr' id='par_1_93' title="bbox 278 5295 1876 5368">
     <span class='ocr_line' id='line_1_93' title="bbox 278 5295 1876 5368; baseline 0.003 -20"><span class='ocrx_word' id='word_1_690' title='bbox 278 5296 448 5350; x_wconf 74' lang='grc' dir='ltr'>ὢνιον</span> <span class='ocrx_word' id='word_1_691' title='bbox 485 5295 588 5365; x_wconf 76' lang='grc' dir='ltr'><strong>τὴν</strong></span> <span class='ocrx_word' id='word_1_692' title='bbox 626 5297 1043 5367; x_wconf 77' lang='grc' dir='ltr'>ἀρχιερωσύνην</span> <span class='ocrx_word' id='word_1_693' title='bbox 1076 5295 1267 5351; x_wconf 78' lang='grc' dir='ltr'>ἐτίθει.</span> <span class='ocrx_word' id='word_1_694' title='bbox 1303 5297 1415 5351; x_wconf 79' lang='grc' dir='ltr'><strong>Καὶ</strong></span> <span class='ocrx_word' id='word_1_695' title='bbox 1441 5296 1614 5352; x_wconf 83' lang='grc' dir='ltr'>ταῦτα</span> <span class='ocrx_word' id='word_1_696' title='bbox 1651 5299 1753 5368; x_wconf 77' lang='grc' dir='ltr'>μὲν</span> <span class='ocrx_word' id='word_1_697' title='bbox 1781 5297 1876 5352; x_wconf 77' lang='grc' dir='ltr'><strong>οὔ·</strong></span> 
     </span>
    </p>
   </div>
   <div class='ocr_carea' id='block_1_94' title="bbox 278 5388 1879 5462">
    <p class='ocr_par' dir='ltr' id='par_1_94' title="bbox 278 5388 1879 5462">
     <span class='ocr_line' id='line_1_94' title="bbox 278 5388 1879 5462; baseline 0.001 -18"><span class='ocrx_word' id='word_1_698' title='bbox 278 5409 412 5455; x_wconf 83' lang='grc' dir='ltr'>τως.</span> <span class='ocrx_word' id='word_1_699' title='bbox 458 5388 599 5460; x_wconf 81' lang='grc' dir='ltr'>Ἤδη</span> <span class='ocrx_word' id='word_1_700' title='bbox 651 5388 708 5443; x_wconf 80' lang='grc' dir='ltr'>δὲ</span> <span class='ocrx_word' id='word_1_701' title='bbox 741 5388 1018 5459; x_wconf 76' lang='grc' dir='ltr'>Καίσαρος</span> <span class='ocrx_word' id='word_1_702' title='bbox 1068 5390 1407 5459; x_wconf 78' lang='grc' dir='ltr'>Αὐγούστου,</span> <span class='ocrx_word' id='word_1_703' title='bbox 1452 5390 1706 5462; x_wconf 73' lang='grc' dir='ltr'>δεύτερον</span> <span class='ocrx_word' id='word_1_704' title='bbox 1758 5392 1879 5455; x_wconf 72' lang='grc' dir='ltr'>ἔτος</span> 
     </span>
    </p>
   </div>
   <div class='ocr_carea' id='block_1_95' title="bbox 278 5481 1875 5554">
    <p class='ocr_par' dir='ltr' id='par_1_95' title="bbox 278 5481 1875 5554">
     <span class='ocr_line' id='line_1_95' title="bbox 278 5481 1875 5554; baseline 0.001 -18"><span class='ocrx_word' id='word_1_705' title='bbox 278 5486 381 5537; x_wconf 73' lang='grc' dir='ltr'><strong>καὶ</strong></span> <span class='ocrx_word' id='word_1_706' title='bbox 412 5484 862 5553; x_wconf 63' lang='grc' dir='ltr'>τεσσαρακοστὸν</span> <span class='ocrx_word' id='word_1_707' title='bbox 908 5482 1310 5551; x_wconf 79' lang='grc' dir='ltr'>βασιλεύοντος,</span> <span class='ocrx_word' id='word_1_708' title='bbox 1354 5481 1524 5550; x_wconf 77' lang='grc' dir='ltr'>ἔξεισι</span> <span class='ocrx_word' id='word_1_709' title='bbox 1555 5484 1686 5554; x_wconf 72' lang='grc' dir='ltr'>παρ’</span> <span class='ocrx_word' id='word_1_710' title='bbox 1707 5483 1875 5539; x_wconf 79' lang='grc' dir='ltr'>αὑτοῦ</span> 
     </span>
    </p>
   </div>
   <div class='ocr_carea' id='block_1_96' title="bbox 283 5576 1875 5650">
    <p class='ocr_par' dir='ltr' id='par_1_96' title="bbox 283 5576 1875 5650">
     <span class='ocr_line' id='line_1_96' title="bbox 283 5576 1875 5650; baseline -0.001 -20"><span class='ocrx_word' id='word_1_711' title='bbox 283 5577 312 5630; x_wconf 76' lang='grc'><strong><em>5</em></strong></span> <span class='ocrx_word' id='word_1_712' title='bbox 327 5579 482 5647; x_wconf 62' lang='lat' dir='ltr'><strong>inm,</strong></span> <span class='ocrx_word' id='word_1_713' title='bbox 506 5576 844 5646; x_wconf 66' lang='grc' dir='ltr'>ἀπογραφὴν</span> <span class='ocrx_word' id='word_1_714' title='bbox 867 5576 1012 5646; x_wconf 80' lang='grc' dir='ltr'>πάσῃ</span> <span class='ocrx_word' id='word_1_715' title='bbox 1032 5580 1096 5645; x_wconf 77' lang='grc' dir='ltr'>τῇ</span> <span class='ocrx_word' id='word_1_716' title='bbox 1117 5577 1412 5650; x_wconf 63' lang='grc' dir='ltr'>οίκουμένῃ</span> <span class='ocrx_word' id='word_1_717' title='bbox 1434 5579 1875 5647; x_wconf 67' lang='grc' dir='ltr'>ἐγκελευόμενιν,</span> 
     </span>
    </p>
   </div>
   <div class='ocr_carea' id='block_1_97' title="bbox 285 5666 1881 5742">
    <p class='ocr_par' dir='ltr' id='par_1_97' title="bbox 285 5666 1881 5742">
     <span class='ocr_line' id='line_1_97' title="bbox 285 5666 1881 5742; baseline 0.002 -21"><span class='ocrx_word' id='word_1_718' title='bbox 285 5669 457 5740; x_wconf 53' lang='grc' dir='ltr'>ηιρουν</span> <span class='ocrx_word' id='word_1_719' title='bbox 487 5666 851 5739; x_wconf 79' lang='grc' dir='ltr'>φορλογίανο</span> <span class='ocrx_word' id='word_1_720' title='bbox 875 5670 968 5721; x_wconf 75' lang='grc' dir='ltr'>καὶ</span> <span class='ocrx_word' id='word_1_721' title='bbox 999 5669 1202 5739; x_wconf 83' lang='grc' dir='ltr'>ταύτην</span> <span class='ocrx_word' id='word_1_722' title='bbox 1232 5670 1493 5742; x_wconf 80' lang='grc' dir='ltr'>Κυρηνίῳ</span> <span class='ocrx_word' id='word_1_723' title='bbox 1522 5670 1650 5737; x_wconf 75' lang='grc' dir='ltr'>τινὶ,</span> <span class='ocrx_word' id='word_1_724' title='bbox 1685 5670 1757 5732; x_wconf 76' lang='grc' dir='ltr'>ὠ,</span> <span class='ocrx_word' id='word_1_725' title='bbox 1790 5671 1881 5724; x_wconf 85' lang='grc' dir='ltr'><strong>εὐ-</strong></span> 
     </span>
    </p>
   </div>
   <div class='ocr_carea' id='block_1_98' title="bbox 292 5760 1879 5833">
    <p class='ocr_par' dir='ltr' id='par_1_98' title="bbox 292 5760 1879 5833">
     <span class='ocr_line' id='line_1_98' title="bbox 292 5760 1879 5833; baseline 0.003 -21"><span class='ocrx_word' id='word_1_726' title='bbox 292 5763 571 5832; x_wconf 62' lang='grc' dir='ltr'>νουστάτῳ</span> <span class='ocrx_word' id='word_1_727' title='bbox 602 5761 701 5817; x_wconf 66' lang='grc' dir='ltr'><strong>καὶ</strong></span> <span class='ocrx_word' id='word_1_728' title='bbox 736 5760 937 5833; x_wconf 75' lang='grc' dir='ltr'>πρώτῳ</span> <span class='ocrx_word' id='word_1_729' title='bbox 960 5761 1058 5832; x_wconf 82' lang='grc' dir='ltr'><strong>τῆς</strong></span> <span class='ocrx_word' id='word_1_730' title='bbox 1092 5762 1396 5832; x_wconf 74' lang='grc' dir='ltr'>συγκλήτου</span> <span class='ocrx_word' id='word_1_731' title='bbox 1424 5762 1646 5833; x_wconf 80' lang='grc' dir='ltr'>βουλῆς,</span> <span class='ocrx_word' id='word_1_732' title='bbox 1679 5766 1706 5816; x_wconf 83' lang='grc' dir='ltr'>ὁ</span> <span class='ocrx_word' id='word_1_733' title='bbox 1740 5765 1879 5819; x_wconf 83' lang='grc' dir='ltr'>Καῖ-</span> 
     </span>
    </p>
   </div>
   <div class='ocr_carea' id='block_1_99' title="bbox 289 5852 1879 5929">
    <p class='ocr_par' dir='ltr' id='par_1_99' title="bbox 289 5852 1879 5929">
     <span class='ocr_line' id='line_1_99' title="bbox 289 5852 1879 5929; baseline 0.003 -25"><span class='ocrx_word' id='word_1_734' title='bbox 289 5868 387 5922; x_wconf 64' lang='grc' dir='ltr'>σις,</span> <span class='ocrx_word' id='word_1_735' title='bbox 446 5852 805 5923; x_wconf 75' lang='grc' dir='ltr'>ἐνεχείρισεν,</span> <span class='ocrx_word' id='word_1_736' title='bbox 841 5853 899 5906; x_wconf 73' lang='grc' dir='ltr'>ὃν</span> <span class='ocrx_word' id='word_1_737' title='bbox 944 5855 1038 5909; x_wconf 61' lang='grc' dir='ltr'><strong>καί</strong></span> <span class='ocrx_word' id='word_1_738' title='bbox 1069 5855 1403 5925; x_wconf 56' lang='grc' dir='ltr'>κατέστησεν</span> <span class='ocrx_word' id='word_1_739' title='bbox 1447 5855 1751 5929; x_wconf 59' lang='grc' dir='ltr'>ἡγούμείον</span> <span class='ocrx_word' id='word_1_740' title='bbox 1781 5855 1879 5909; x_wconf 69' lang='grc' dir='ltr'>Συ-</span> 
     </span>
    </p>
   </div>
   <div class='ocr_carea' id='block_1_100' title="bbox 1976 4622 3557 4708">
    <p class='ocr_par' dir='ltr' id='par_1_100' title="bbox 1976 4622 3557 4708">
     <span class='ocr_line' id='line_1_100' title="bbox 1976 4622 3557 4708; baseline -0.001 -20"><span class='ocrx_word' id='word_1_741' title='bbox 1976 4636 2066 4688; x_wconf 69' lang='grc' dir='ltr'><strong>τδν</strong></span> <span class='ocrx_word' id='word_1_742' title='bbox 2092 4634 2152 4701; x_wconf 78' lang='grc' dir='ltr'>ἐξ</span> <span class='ocrx_word' id='word_1_743' title='bbox 2179 4637 2330 4689; x_wconf 80' lang='grc' dir='ltr'>οῐκου</span> <span class='ocrx_word' id='word_1_744' title='bbox 2378 4622 2543 4706; x_wconf 71' lang='grc' dir='ltr'><strong>φησῖ</strong></span> <span class='ocrx_word' id='word_1_745' title='bbox 2560 4636 2656 4690; x_wconf 71' lang='grc' dir='ltr'><strong>καὶ</strong></span> <span class='ocrx_word' id='word_1_746' title='bbox 2688 4636 2953 4708; x_wconf 76' lang='grc' dir='ltr'>πατριᾶς,</span> <span class='ocrx_word' id='word_1_747' title='bbox 3001 4637 3030 4690; x_wconf 84' lang='grc' dir='ltr'><strong>ὅ</strong></span> <span class='ocrx_word' id='word_1_748' title='bbox 3062 4638 3179 4689; x_wconf 76' lang='grc' dir='ltr'>ἐστι</span> <span class='ocrx_word' id='word_1_749' title='bbox 3229 4635 3557 4702; x_wconf 82' lang='grc' dir='ltr'>συγγενείας</span> 
     </span>
    </p>
   </div>
   <div class='ocr_carea' id='block_1_101' title="bbox 1975 4717 3560 4791">
    <p class='ocr_par' dir='ltr' id='par_1_101' title="bbox 1975 4717 3560 4791">
     <span class='ocr_line' id='line_1_101' title="bbox 1975 4717 3560 4791; baseline -0.003 -18"><span class='ocrx_word' id='word_1_750' title='bbox 1975 4720 2163 4775; x_wconf 81' lang='grc' dir='ltr'>Δαδίδ.</span> <span class='ocrx_word' id='word_1_751' title='bbox 2203 4723 2541 4790; x_wconf 71' lang='grc' dir='ltr'>Ἀφικνείται</span> <span class='ocrx_word' id='word_1_752' title='bbox 2569 4721 2626 4774; x_wconf 77' lang='grc' dir='ltr'>δὲ</span> <span class='ocrx_word' id='word_1_753' title='bbox 2652 4721 2786 4790; x_wconf 69' lang='grc' dir='ltr'>πρὸς</span> <span class='ocrx_word' id='word_1_754' title='bbox 2816 4721 3168 4791; x_wconf 74' lang='grc' dir='ltr'>ἀπογραφὴν,</span> <span class='ocrx_word' id='word_1_755' title='bbox 3199 4721 3296 4772; x_wconf 80' lang='grc' dir='ltr'><strong>σὺν</strong></span> <span class='ocrx_word' id='word_1_756' title='bbox 3325 4722 3391 4789; x_wconf 79' lang='grc' dir='ltr'>τῇ</span> <span class='ocrx_word' id='word_1_757' title='bbox 3427 4717 3560 4770; x_wconf 81' lang='grc' dir='ltr'>θαυ-</span> 
     </span>
    </p>
   </div>
   <div class='ocr_carea' id='block_1_102' title="bbox 1983 4809 3559 4886">
    <p class='ocr_par' dir='ltr' id='par_1_102' title="bbox 1983 4809 3559 4886">
     <span class='ocr_line' id='line_1_102' title="bbox 1983 4809 3559 4886; baseline -0.003 -20"><span class='ocrx_word' id='word_1_758' title='bbox 1983 4813 2306 4886; x_wconf 80' lang='grc' dir='ltr'>μασιωτάτῃ</span> <span class='ocrx_word' id='word_1_759' title='bbox 2338 4813 2618 4882; x_wconf 81' lang='grc' dir='ltr'>γυναικῶν</span> <span class='ocrx_word' id='word_1_760' title='bbox 2651 4812 2864 4883; x_wconf 71' lang='grc' dir='ltr'>Μαρίᾳ,</span> <span class='ocrx_word' id='word_1_761' title='bbox 2893 4811 3028 4883; x_wconf 76' lang='grc' dir='ltr'>οὔσῃ</span> <span class='ocrx_word' id='word_1_762' title='bbox 3073 4810 3279 4882; x_wconf 80' lang='grc' dir='ltr'>ὲγκὺῳ.</span> <span class='ocrx_word' id='word_1_763' title='bbox 3309 4809 3420 4864; x_wconf 76' lang='grc' dir='ltr'><strong>Καὶ</strong></span> <span class='ocrx_word' id='word_1_764' title='bbox 3449 4811 3559 4879; x_wconf 73' lang='grc' dir='ltr'><strong>γὰρ</strong></span> 
     </span>
    </p>
   </div>
   <div class='ocr_carea' id='block_1_103' title="bbox 1978 4901 3562 4978">
    <p class='ocr_par' dir='ltr' id='par_1_103' title="bbox 1978 4901 3562 4978">
     <span class='ocr_line' id='line_1_103' title="bbox 1978 4901 3562 4978; baseline -0.004 -18"><span class='ocrx_word' id='word_1_765' title='bbox 1978 4909 2014 4977; x_wconf 79' lang='grc' dir='ltr'>ἠ</span> <span class='ocrx_word' id='word_1_766' title='bbox 2049 4907 2150 4977; x_wconf 85' lang='grc' dir='ltr'>μὲν</span> <span class='ocrx_word' id='word_1_767' title='bbox 2197 4906 2480 4972; x_wconf 79' lang='grc' dir='ltr'>Γαλιλαία,</span> <span class='ocrx_word' id='word_1_768' title='bbox 2515 4907 2671 4978; x_wconf 83' lang='grc' dir='ltr'>χώρα</span> <span class='ocrx_word' id='word_1_769' title='bbox 2698 4907 2782 4969; x_wconf 90' lang='grc' dir='ltr'><strong>τίς</strong></span> <span class='ocrx_word' id='word_1_770' title='bbox 2835 4907 2951 4960; x_wconf 79' lang='grc' dir='ltr'>ἐστι</span> <span class='ocrx_word' id='word_1_771' title='bbox 2999 4901 3562 4973; x_wconf 76' lang='grc' dir='ltr'>Παλαιστίνης’.ἡδὲ</span> 
     </span>
    </p>
   </div>
   <div class='ocr_carea' id='block_1_104' title="bbox 1978 4992 3560 5071">
    <p class='ocr_par' dir='ltr' id='par_1_104' title="bbox 1978 4992 3560 5071">
     <span class='ocr_line' id='line_1_104' title="bbox 1978 4992 3560 5071; baseline -0.003 -19"><span class='ocrx_word' id='word_1_772' title='bbox 1978 4999 2238 5071; x_wconf 76' lang='grc' dir='ltr'>Ναζαρὲτ</span> <span class='ocrx_word' id='word_1_773' title='bbox 2292 4999 2447 5063; x_wconf 79' lang='grc' dir='ltr'>πόλις</span> <span class='ocrx_word' id='word_1_774' title='bbox 2499 5000 2596 5070; x_wconf 81' lang='grc' dir='ltr'>τῆς</span> <span class='ocrx_word' id='word_1_775' title='bbox 2634 4997 2948 5061; x_wconf 85' lang='grc' dir='ltr'>Γαλιλαίας.</span> <span class='ocrx_word' id='word_1_776' title='bbox 3002 4992 3173 5051; x_wconf 79' lang='grc' dir='ltr'>Πάλιν</span> <span class='ocrx_word' id='word_1_777' title='bbox 3222 4998 3257 5069; x_wconf 80' lang='grc' dir='ltr'>ἡ</span> <span class='ocrx_word' id='word_1_778' title='bbox 3306 4996 3560 5061; x_wconf 84' lang='grc' dir='ltr'>Ἰουδαία,</span> 
     </span>
    </p>
   </div>
   <div class='ocr_carea' id='block_1_105' title="bbox 1979 5087 3559 5166">
    <p class='ocr_par' dir='ltr' id='par_1_105' title="bbox 1979 5087 3559 5166">
     <span class='ocr_line' id='line_1_105' title="bbox 1979 5087 3559 5166; baseline -0.005 -19"><span class='ocrx_word' id='word_1_779' title='bbox 1979 5092 2137 5166; x_wconf 82' lang='grc' dir='ltr'>χώρα</span> <span class='ocrx_word' id='word_1_780' title='bbox 2159 5109 2245 5155; x_wconf 79' lang='grc' dir='ltr'><strong>τις</strong></span> <span class='ocrx_word' id='word_1_781' title='bbox 2268 5092 2413 5147; x_wconf 80' lang='grc' dir='ltr'>οὕτω</span> <span class='ocrx_word' id='word_1_782' title='bbox 2445 5093 2967 5164; x_wconf 80' lang='grc' dir='ltr'>προσαγορευομένη</span> <span class='ocrx_word' id='word_1_783' title='bbox 2988 5107 3003 5122; x_wconf 89' lang='grc'><strong>·</strong></span> <span class='ocrx_word' id='word_1_784' title='bbox 3038 5089 3290 5159; x_wconf 81' lang='grc' dir='ltr'>Βηθλεὲμ</span> <span class='ocrx_word' id='word_1_785' title='bbox 3317 5088 3375 5140; x_wconf 79' lang='grc' dir='ltr'><strong>δὲ</strong></span> <span class='ocrx_word' id='word_1_786' title='bbox 3406 5087 3559 5150; x_wconf 87' lang='grc' dir='ltr'>πόλις</span> 
     </span>
    </p>
   </div>
   <div class='ocr_carea' id='block_1_106' title="bbox 1979 5179 3560 5255">
    <p class='ocr_par' dir='ltr' id='par_1_106' title="bbox 1979 5179 3560 5255">
     <span class='ocr_line' id='line_1_106' title="bbox 1979 5179 3560 5255; baseline -0.006 -16"><span class='ocrx_word' id='word_1_787' title='bbox 1979 5186 2078 5255; x_wconf 80' lang='grc' dir='ltr'>τῆς</span> <span class='ocrx_word' id='word_1_788' title='bbox 2108 5184 2393 5243; x_wconf 76' lang='grc' dir='ltr'>Ἰουδαίας.</span> <span class='ocrx_word' id='word_1_789' title='bbox 2449 5186 2554 5239; x_wconf 89' lang='grc' dir='ltr'>Τὸν</span> <span class='ocrx_word' id='word_1_790' title='bbox 2610 5188 2714 5255; x_wconf 84' lang='grc' dir='ltr'>μέν</span> <span class='ocrx_word' id='word_1_791' title='bbox 2757 5200 2841 5238; x_wconf 89' lang='grc' dir='ltr'><strong>τοι</strong></span> <span class='ocrx_word' id='word_1_792' title='bbox 2887 5181 3126 5254; x_wconf 78' lang='grc' dir='ltr'>Χριστὸν</span> <span class='ocrx_word' id='word_1_793' title='bbox 3176 5184 3225 5235; x_wconf 80' lang='lat' dir='ltr'><strong>ot</strong></span> <span class='ocrx_word' id='word_1_794' title='bbox 3277 5179 3560 5251; x_wconf 73' lang='grc' dir='ltr'>προφῆται</span> 
     </span>
    </p>
   </div>
   <div class='ocr_carea' id='block_1_107' title="bbox 1981 5270 3557 5347">
    <p class='ocr_par' dir='ltr' id='par_1_107' title="bbox 1981 5270 3557 5347">
     <span class='ocr_line' id='line_1_107' title="bbox 1981 5270 3557 5347; baseline -0.006 -16"><span class='ocrx_word' id='word_1_795' title='bbox 1981 5278 2185 5342; x_wconf 77' lang='grc' dir='ltr'>πάντες</span> <span class='ocrx_word' id='word_1_796' title='bbox 2214 5278 2315 5331; x_wconf 85' lang='grc' dir='ltr'><strong>οὐκ</strong></span> <span class='ocrx_word' id='word_1_797' title='bbox 2330 5276 2439 5331; x_wconf 82' lang='grc' dir='ltr'><strong>ἀπὸ</strong></span> <span class='ocrx_word' id='word_1_798' title='bbox 2460 5278 2558 5345; x_wconf 71' lang='grc' dir='ltr'>τῆς</span> <span class='ocrx_word' id='word_1_799' title='bbox 2590 5274 2868 5347; x_wconf 81' lang='grc' dir='ltr'>Ναζαρὲτ,</span> <span class='ocrx_word' id='word_1_800' title='bbox 2894 5273 3012 5327; x_wconf 87' lang='grc' dir='ltr'>ἀλλ’</span> <span class='ocrx_word' id='word_1_801' title='bbox 3041 5273 3148 5328; x_wconf 83' lang='grc' dir='ltr'><strong>ἀπὸ</strong></span> <span class='ocrx_word' id='word_1_802' title='bbox 3176 5273 3275 5340; x_wconf 77' lang='grc' dir='ltr'>τῆς</span> <span class='ocrx_word' id='word_1_803' title='bbox 3306 5270 3557 5340; x_wconf 76' lang='grc' dir='ltr'>Βηθλεὲμ</span> 
     </span>
    </p>
   </div>
   <div class='ocr_carea' id='block_1_108' title="bbox 1981 5359 3559 5440">
    <p class='ocr_par' dir='ltr' id='par_1_108' title="bbox 1981 5359 3559 5440">
     <span class='ocr_line' id='line_1_108' title="bbox 1981 5359 3559 5440; baseline -0.007 -17"><span class='ocrx_word' id='word_1_804' title='bbox 1981 5370 2216 5439; x_wconf 76' lang='grc' dir='ltr'>ἔφασκον</span> <span class='ocrx_word' id='word_1_805' title='bbox 2236 5369 2414 5440; x_wconf 78' lang='grc' dir='ltr'>ἥξειν,</span> <span class='ocrx_word' id='word_1_806' title='bbox 2463 5368 2632 5423; x_wconf 82' lang='grc' dir='ltr'>κάκεῖ</span> <span class='ocrx_word' id='word_1_807' title='bbox 2660 5366 3053 5438; x_wconf 82' lang='grc' dir='ltr'>τεχθήσεσθαι.</span> <span class='ocrx_word' id='word_1_808' title='bbox 3086 5365 3241 5418; x_wconf 75' lang='grc' dir='ltr'>Ἐπεὶ</span> <span class='ocrx_word' id='word_1_809' title='bbox 3265 5359 3361 5416; x_wconf 79' lang='grc' dir='ltr'>οὖν</span> <span class='ocrx_word' id='word_1_810' title='bbox 3387 5376 3559 5431; x_wconf 79' lang='grc' dir='ltr'>φανε·</span> 
     </span>
    </p>
   </div>
   <div class='ocr_carea' id='block_1_109' title="bbox 1983 5452 3559 5532">
    <p class='ocr_par' dir='ltr' id='par_1_109' title="bbox 1983 5452 3559 5532">
     <span class='ocr_line' id='line_1_109' title="bbox 1983 5452 3559 5532; baseline -0.009 -16"><span class='ocrx_word' id='word_1_811' title='bbox 1983 5461 2077 5532; x_wconf 70' lang='grc' dir='ltr'>ρὸν</span> <span class='ocrx_word' id='word_1_812' title='bbox 2099 5462 2301 5516; x_wconf 74' lang='grc' dir='ltr'>ἅπασιν</span> <span class='ocrx_word' id='word_1_813' title='bbox 2334 5457 2425 5531; x_wconf 82' lang='grc' dir='ltr'>ἦν,</span> <span class='ocrx_word' id='word_1_814' title='bbox 2453 5461 2563 5514; x_wconf 80' lang='grc' dir='ltr'><strong>ἀπὸ</strong></span> <span class='ocrx_word' id='word_1_815' title='bbox 2593 5459 2692 5532; x_wconf 82' lang='grc' dir='ltr'>τῆς</span> <span class='ocrx_word' id='word_1_816' title='bbox 2738 5458 2987 5528; x_wconf 78' lang='grc' dir='ltr'>Βηθλεὲμ</span> <span class='ocrx_word' id='word_1_817' title='bbox 3020 5458 3110 5510; x_wconf 82' lang='grc' dir='ltr'><strong>τὸν</strong></span> <span class='ocrx_word' id='word_1_818' title='bbox 3156 5456 3363 5525; x_wconf 81' lang='grc' dir='ltr'>Κύριον</span> <span class='ocrx_word' id='word_1_819' title='bbox 3396 5452 3559 5523; x_wconf 77' lang='grc' dir='ltr'>ἔρχε-</span> 
     </span>
    </p>
   </div>
   <div class='ocr_carea' id='block_1_110' title="bbox 1985 5541 3559 5624">
    <p class='ocr_par' dir='ltr' id='par_1_110' title="bbox 1985 5541 3559 5624">
     <span class='ocr_line' id='line_1_110' title="bbox 1985 5541 3559 5624; baseline -0.008 -16"><span class='ocrx_word' id='word_1_820' title='bbox 1985 5555 2132 5619; x_wconf 87' lang='grc' dir='ltr'>σθαι,</span> <span class='ocrx_word' id='word_1_821' title='bbox 2157 5556 2470 5624; x_wconf 76' lang='grc' dir='ltr'>γέγραπται</span> <span class='ocrx_word' id='word_1_822' title='bbox 2493 5555 2626 5624; x_wconf 75' lang='grc' dir='ltr'>γὰρ,</span> <span class='ocrx_word' id='word_1_823' title='bbox 2645 5553 2721 5615; x_wconf 82' lang='grc' dir='ltr'>ὡς</span> <span class='ocrx_word' id='word_1_824' title='bbox 2750 5554 2985 5623; x_wconf 74' lang='grc' dir='ltr'>ἔφημεν,</span> <span class='ocrx_word' id='word_1_825' title='bbox 3018 5551 3128 5604; x_wconf 79' lang='grc' dir='ltr'><strong>Καὶ</strong></span> <span class='ocrx_word' id='word_1_826' title='bbox 3153 5548 3259 5613; x_wconf 85' lang='grc' dir='ltr'>σὺ,</span> <span class='ocrx_word' id='word_1_827' title='bbox 3287 5541 3559 5614; x_wconf 67' lang='grc' dir='ltr'>Βηθλεὲμ</span> 
     </span>
    </p>
   </div>
   <div class='ocr_carea' id='block_1_111' title="bbox 1984 5635 3562 5714">
    <p class='ocr_par' dir='ltr' id='par_1_111' title="bbox 1984 5635 3562 5714">
     <span class='ocr_line' id='line_1_111' title="bbox 1984 5635 3562 5714; baseline -0.008 -13"><span class='ocrx_word' id='word_1_828' title='bbox 1984 5643 2147 5713; x_wconf 76' lang='grc' dir='ltr'>οἶκος</span> <span class='ocrx_word' id='word_1_829' title='bbox 2170 5646 2276 5701; x_wconf 85' lang='grc' dir='ltr'>τοῦ</span> <span class='ocrx_word' id='word_1_830' title='bbox 2302 5643 2587 5714; x_wconf 63' lang='grc' dir='ltr'>Ἐφραθὰ,</span> <span class='ocrx_word' id='word_1_831' title='bbox 2624 5644 2946 5714; x_wconf 70' lang='grc' dir='ltr'>ὀλιγοστὸς</span> <span class='ocrx_word' id='word_1_832' title='bbox 2969 5640 3159 5697; x_wconf 81' lang='grc' dir='ltr'>εί·τοῦ</span> <span class='ocrx_word' id='word_1_833' title='bbox 3187 5635 3339 5694; x_wconf 74' lang='grc' dir='ltr'>εἶναι</span> <span class='ocrx_word' id='word_1_834' title='bbox 3376 5638 3446 5690; x_wconf 75' lang='grc' dir='ltr'><strong>ἐν</strong></span> <span class='ocrx_word' id='word_1_835' title='bbox 3474 5655 3562 5704; x_wconf 83' lang='grc' dir='ltr'>χι-</span> 
     </span>
    </p>
   </div>
   <div class='ocr_carea' id='block_1_112' title="bbox 1984 5723 3559 5804">
    <p class='ocr_par' dir='ltr' id='par_1_112' title="bbox 1984 5723 3559 5804">
     <span class='ocr_line' id='line_1_112' title="bbox 1984 5723 3559 5804; baseline -0.008 -12"><span class='ocrx_word' id='word_1_836' title='bbox 1984 5738 2195 5793; x_wconf 66' lang='grc' dir='ltr'>λιάσιν</span> <span class='ocrx_word' id='word_1_837' title='bbox 2239 5736 2459 5801; x_wconf 82' lang='grc' dir='ltr'>Ἰούδα,</span> <span class='ocrx_word' id='word_1_838' title='bbox 2481 5736 2551 5790; x_wconf 73' lang='grc' dir='ltr'>ἐκ</span> <span class='ocrx_word' id='word_1_839' title='bbox 2591 5733 2707 5790; x_wconf 85' lang='grc' dir='ltr'>σοῦ</span> <span class='ocrx_word' id='word_1_840' title='bbox 2729 5752 2830 5804; x_wconf 84' lang='grc' dir='ltr'><strong>μοι</strong></span> <span class='ocrx_word' id='word_1_841' title='bbox 2860 5733 3245 5799; x_wconf 66' lang='grc' dir='ltr'>ἐξελεύσεται</span> <span class='ocrx_word' id='word_1_842' title='bbox 3280 5728 3385 5785; x_wconf 79' lang='grc' dir='ltr'><strong>τοῦ</strong></span> <span class='ocrx_word' id='word_1_843' title='bbox 3407 5723 3559 5782; x_wconf 74' lang='grc' dir='ltr'>εἶναι</span> 
     </span>
    </p>
   </div>
   <div class='ocr_carea' id='block_1_113' title="bbox 1984 5827 2857 5903">
    <p class='ocr_par' dir='ltr' id='par_1_113' title="bbox 1984 5827 2857 5903">
     <span class='ocr_line' id='line_1_113' title="bbox 1984 5827 2857 5903; baseline -0.005 -17"><span class='ocrx_word' id='word_1_844' title='bbox 1984 5834 2070 5902; x_wconf 66' lang='grc' dir='ltr'><strong>είς</strong></span> <span class='ocrx_word' id='word_1_845' title='bbox 2100 5831 2359 5903; x_wconf 66' lang='grc' dir='ltr'>ᾶρχνντα</span> <span class='ocrx_word' id='word_1_846' title='bbox 2382 5832 2448 5886; x_wconf 73' lang='grc' dir='ltr'><strong>ἐν</strong></span> <span class='ocrx_word' id='word_1_847' title='bbox 2468 5829 2546 5897; x_wconf 77' lang='grc' dir='ltr'>τῷ</span> <span class='ocrx_word' id='word_1_848' title='bbox 2588 5827 2857 5899; x_wconf 64' lang='grc' dir='ltr'>Ἰσραήλ.</span> 
     </span>
    </p>
   </div>
  </div>
