3996 6456
401 345 532 440 ἰον

1671 377 1956 440 MENSIS
1996 376 2425 441 AUGUSTUS.

3573 367 3683 435 5ιο

430 490 567 545 terre
615 503 865 546 munera.
927 488 1196 554 Quoniam
1250 498 1431 546 autem
1489 490 1752 555 edictum,
1792 488 2001 545 scilicet
2029 490 2077 546 Α
2105 504 2300 546 arcana
2331 490 2541 546 ratione
2577 494 2821 559 ceperat.
2867 487 3003 540 Cum
3026 482 3170 540 enim
3196 481 3353 538 multi
3399 497 3465 538 ex
3504 483 3696 540 multis

430 582 820 652 .lescriptionis,
854 596 1301 652 unumquemque
1344 583 1400 638 in
1441 598 1594 639 suam
1642 581 2006 651 compellebat

429 674 683 743 patriam,
710 673 912 742 Joseph
952 687 1172 742 quoque
1215 673 1264 727 ei
1299 689 1519 743 parens,
1553 688 1617 728 ex
1664 672 1905 732 Galilzea.
1938 688 2006 727 ex

429 765 661 828 civitate,
711 764 950 833 inquam,
1005 762 1297 830 Nazareth,
1347 767 1498 822 venit
1539 767 1593 820 in
1640 765 1905 826 Juda‘am,
1950 765 2002 818 iu

429 853 699 908 Bethleem
749 854 1051 922 civitatem,
1093 871 1214 924 quae
1241 865 1327 911 est
1370 856 1560 912 civitas
1607 854 1791 910 David.
1830 853 2005 910 Causa

427 960 555 999 vero
595 954 735 1009 erat,
771 960 838 999 eo
870 946 1015 1014 quod
1061 957 1207 1002 esset
1239 948 1491 1019 (inquit)
1522 950 1590 1003 de
1637 949 1798 1003 domo
1827 955 1880 1000 ct
1927 944 2006 997 fa-

429 1035 579 1088 milia
612 1036 803 1098 David,
854 1037 959 1093 hoc
990 1048 1095 1099 est,
1127 1041 1473 1107 cognatione.
1514 1038 1677 1094 Venit
1715 1047 1896 1094 autem
1938 1035 2007 1091 ad

426 1127 849 1194 descriptionem
918 1147 1042 1185 cum
1101 1132 1204 1186 hac
1263 1148 1331 1188 ex
1384 1133 1707 1188 mulieribus
1772 1130 2007 1185 maxime

426 1219 735 1275 admirabili
781 1221 969 1285 Maria,
1001 1239 1121 1293 qua:
1157 1237 1278 1279 erat
1311 1225 1557 1296 gravida.
1600 1222 1818 1278 Etenim
1856 1221 2005 1277 Gali-

427 1311 524 1366 laea
550 1312 772 1382 quidem
813 1326 897 1368 est
923 1314 1170 1382 quaedam
1202 1315 1349 1385 regio
1377 1315 1715 1381 Palaestinae;
1742 1311 2008 1368 Nazareth

428 1415 604 1457 autem
646 1414 732 1459 est
787 1407 984 1461 civitas
1029 1404 1546 1462 Galil:ca:.-Bursus
1590 1416 1771 1462 autem
1823 1404 2009 1461 Judma

429 1504 512 1550 est
538 1496 806 1564 quaedam,
840 1513 959 1567 quae
988 1499 1068 1554 sie
1092 1498 1311 1562 dicitur,
1353 1498 1538 1569 regio;
1570 1497 1849 1553 Bethleem
1879 1512 2009 1552 vero

428 1586 622 1641 civitas
672 1587 895 1644 iudicas.
949 1590 1125 1660 Atque
1186 1590 1472 1646 Christum
1535 1591 1753 1661 quidem
1815 1604 2008 1645 omnes

429 1677 731 1747 prophetae.
768 1695 879 1734 non
917 1695 981 1735 ex
1009 1680 1276 1736 Nazareth
1307 1691 1592 1737 venturum
1616 1680 1888 1745 dicebant,
1913 1677 2008 1734 sed

429 1782 494 1821 ev
526 1767 827 1831 Bethleem,
868 1787 921 1826 et
955 1771 1071 1827 fore
1112 1783 1170 1827 ut
1196 1773 1307 1828 illic
1344 1782 1643 1844 pareretur.
1678 1772 1820 1827 Ecce
1861 1771 2004 1824 enim

433 1858 528 1913 tibi
561 1862 822 1933 cvestigio
870 1867 1149 1934 proposita
1195 1875 1279 1922 est
1310 1867 1630 1937 prophetia:
1661 1866 1729 1920 Et
1762 1874 1819 1919 tu
1852 1863 2010 1918 Beth-

431 1950 563 2004 leem
596 1961 738 2007 terra
770 1955 935 2017 Iuda,
974 1974 1309 2028 nequaquam
1338 1975 1391 2013 es
1426 1960 1645 2013 minima
1674 1961 1728 2012 in
1759 1957 2010 2026 principi-

432 2042 524 2097 bus
557 2043 698 2098 Juda
723 2047 780 2096 ¹³.
820 2047 888 2101 Ει
919 2064 1038 2116 quae
1072 2060 1377 2119 sequuntur
1401 2051 1680 2119 deinceps,
1713 2049 1805 2105 tibi
1831 2049 2010 2104 decla-

435 2144 518 2189 ret
549 2134 902 2207 Evangelium
930 2137 997 2191 ¹⁸.
1025 2137 1300 2203 Quoniam
1332 2156 1464 2209 ergo
1493 2140 1844 2194 manifestum
1893 2146 2013 2193 erat

434 2227 690 2282 omnibus
731 2227 1009 2285 Christum
1040 2240 1333 2287 venturum
1365 2248 1428 2288 ex
1480 2232 1781 2297 Bethleem,
1810 2231 2014 2286 idcirco

431 2317 729 2388 Josephum
748 2333 803 2376 et
825 2322 1068 2386 Mariam,
1085 2325 1173 2394 qui
1195 2324 1301 2380 etsi
1321 2325 1466 2380 cives
1482 2334 1669 2380 essent
1692 2323 2016 2379 Bethleemi-

438 2419 525 2474 tae,
569 2424 629 2463 ea
683 2419 824 2465 terra
853 2412 1265 2482 diluissa(quod
1298 2413 1484 2468 multis
1525 2428 1667 2481 saepe
1698 2412 1915 2475 accidit,
1957 2419 2017 2467 ut

434 2499 674 2557 dimissis
720 2502 789 2556 iis
844 2519 965 2572 qua:
1017 2504 1167 2573 ipsos
1222 2505 1482 2571 tulerunt,
1504 2505 1701 2559 malint
1742 2504 1798 2559 in
1842 2505 2016 2559 aliena

436 2588 684 2642 habitare
724 2590 992 2658 civitate),
1036 2592 1143 2662 ipsi
1168 2609 1384 2663 quoque
1416 2594 1731 2649 habitabant
1760 2595 1816 2648 in
1842 2594 2018 2649 Naza-

436 2679 580 2745 reth,
637 2682 1018 2751 compellebat,
1072 2693 1131 2739 ut
1171 2686 1375 2741 dictum
1423 2697 1526 2749 est.
1555 2702 1650 2742 eos
1673 2687 1756 2742 vel
1792 2687 2018 2753 invitos,

435 2770 491 2823 in
518 2768 793 2827 Bethleem
846 2774 1109 2843 edictum,
1156 2777 1264 2831 Deo
1317 2770 1708 2834 admirabiliter
1737 2789 1792 2835 et
1824 2789 2022 2851 prater

435 2862 748 2933 Opinionem
781 2866 898 2920 haec
927 2868 1280 2937 dispensante
1311 2878 1367 2925 et
1398 2880 1675 2928 versante.

508 2954 623 3009 XII.
649 2956 783 3012 Cum
815 2956 923 3014 illic
947 2976 1075 3032 ergo
1092 2961 1322 3018 fuissent
1349 2974 1566 3034 propter
1601 2965 2022 3037 descriptionem

435 3046 651 3116 Impleli
679 3060 820 3114 sunt,
848 3051 1024 3122 inquit
1047 3054 1112 3118 ”,
1130 3055 1241 3108 dies
1270 3065 1327 3109 ut
1348 3055 1502 3126 Virgo
1524 3068 1772 3126 pareret;
1805 3067 1855 3113 et
1882 3059 2023 3128 parit

2109 580 2246 637 locis
2263 582 2333 637 ad
2364 580 2787 652 descriptionem
2830 576 3168 634 conﬂuerent
3203 573 3382 646 (utest
3408 584 3700 630 consenta-

2108 674 2298 744 neum)
2325 683 2382 729 et
2406 674 2526 729 loca
2574 673 2784 728 scilicet
2814 675 3278 741 pra'occuparent,
3304 680 3360 720 et
3399 680 3465 720 ex
3505 681 3573 722 eo
3601 682 3698 721 eos

2108 767 2203 837 qui
2234 768 2494 836 postremi
2533 765 2847 827 veniebant,
2877 763 2930 816 in
2975 773 3201 829 magnas
3234 759 3563 814 abducerent
3596 774 3697 813 aie-

2108 860 2334 930 gustias,
2378 859 2530 913 illum
2554 862 2632 913 sic
2662 873 2783 911 cum
2819 855 2941 909 aliis
2977 853 3097 907 loco
3134 859 3408 921 egentem,
3454 866 3697 921 praesepe

2108 950 2834 1021 suscipitzillum,inquam,
2860 945 2951 1014 qui
2994 950 3375 1014 paupertatem
3417 941 3576 1011 cicgit
3628 946 3698 996 ah

2109 1046 2287 1111 initio,
2310 1054 2364 1099 et
2390 1058 2512 1098 eam
2578 1040 2869 1095 honoravit
2943 1038 2997 1090 in
3048 1037 3249 1105 seipse.
3308 1033 3415 1089 Sed
3451 1044 3700 1103 pastores

2108 1153 2345 1209 quoque,
2377 1134 2573 1205 inquit,
2612 1139 2769 1187 erant
2825 1132 2881 1185 in
2937 1129 3041 1184 hac
3067 1128 3317 1198 regione,
3356 1135 3584 1197 agentes
3644 1126 3697 1180 in

2109 1238 2270 1284 nocte
2320 1226 2616 1283 custodias.
2657 1224 2736 1278 Ad
2766 1237 2902 1292 quos
2944 1219 3039 1276 Dei
3087 1235 3306 1289 quoque
3352 1219 3571 1273 advenit
3601 1232 3701 1272 an~

2110 1321 2345 1393 gelus.et
2366 1334 2459 1374 eos
2483 1317 2692 1372 Domini
2716 1316 2886 1386 gloria
2908 1309 3272 1367 circumfulsit
3300 1348 3314 1363 .
3349 1309 3484 1362 Cum
3516 1318 3702 1361 autem

2107 1412 2350 1468 exterriti
2367 1411 2598 1465 fuissent
2614 1406 2923 1478 spectaculo
2944 1422 2957 1458 :
2980 1403 3284 1458 Timuerunt
3301 1400 3472 1465 enim,
3501 1400 3703 1468 inquit.

2110 1506 2296 1559 timore
2331 1500 3072 1573 magno,angelustlmorem,
3121 1494 3288 1564 utqui
3312 1508 3421 1549 non
3444 1493 3705 1546 decenter

2111 1610 2204 1650 eos
2240 1595 2553 1655 invasisset,
2578 1590 2798 1660 expellit
2825 1588 3040 1645 :Naiite
3079 1587 3283 1648 timere,
3334 1584 3558 1651 dicens;
3594 1600 3709 1637 ecre

2111 1689 2250 1741 enim
2277 1686 2535 1740 annuntio
2551 1685 2705 1740 nobis
2724 1683 2979 1755 gaudium
3021 1694 3270 1747 magnum
3294 1676 3434 1749 quod
3454 1678 3554 1730 erit
3584 1676 3708 1729 uni-

2111 1795 2255 1832 verso
2268 1779 2478 1848 populo,
2495 1791 2605 1831 non
2621 1774 2823 1832 Judazis
2835 1773 2988 1837 solis,
3007 1771 3101 1827 sed
3118 1769 3394 1824 omnibus.
3408 1767 3597 1837 Adjice
3614 1767 3681 1821 ad
3696 1797 3710 1804 -

2113 1869 2222 1923 huc
2273 1868 2598 1937 apertiorem
2647 1865 2829 1938 gaudii
2890 1857 3701 1935 signiﬁcationemz'Quoniam,

2114 1960 2308 2030 inquit.
2332 1969 2487 2013 natus
2516 1969 2590 2013 est
2632 1958 2773 2013 vobis
2810 1958 2961 2012 hodie
2985 1954 3234 2010 Salvator
3257 1954 3347 2023 qui
3367 1961 3442 2006 est
3471 1950 3714 2007 Christus

2112 2052 2388 2117 Dominus,
2413 2054 2468 2107 in
2497 2052 2711 2105 civitate
2740 2050 2937 2105 Dauid.
2962 2048 3033 2105 Ut
3071 2057 3254 2102 autem
3285 2061 3314 2098 a
3339 2042 3447 2098 Deu
3465 2042 3713 2112 profecm

2113 2156 2170 2201 et
2188 2162 2312 2200 vera
2326 2161 2424 2200 vox
2440 2144 2799 2215 judicaretur,
2814 2142 2934 2212 ejus
2948 2139 3128 2196 statim
3154 2137 3401 2207 sequitur
3422 2133 3714 2188 continua-

2115 2237 2212 2292 tio.
2261 2235 2507 2306 Repente
2536 2234 2683 2289 enim
2730 2246 2857 2288 cum
2900 2230 3095 2301 angelo
3155 2229 3277 2283 laus
3307 2238 3529 2296 quoque
3550 2222 3713 2278 audi-

2117 2336 2209 2383 tur
2265 2343 2299 2383 a
2367 2325 2715 2383 multitudine
2782 2322 3012 2394 angelici
3085 2318 3381 2382 exercitus,
3453 2315 3711 2372 dicentis:

2118 2420 2298 2477 Gloria
2323 2420 2376 2474 in
2396 2418 2608 2474 excelsis
2628 2417 2760 2484 Deo,
2789 2424 2839 2471 et
2875 2416 2933 2471 in
2957 2421 3099 2469 terra
3117 2428 3225 2484 pax
3247 2408 3545 2465 hominibus
3565 2407 3716 2461 bona:

2118 2512 2403 2569 voluntatis
2421 2511 2487 2567 “.

2186 2602 2333 2658 Xlll.
2356 2601 2617 2669 Quasnam
2643 2613 2775 2655 vero
2792 2597 2869 2668 (7)
2891 2605 3049 2654 erant
3069 2613 3134 2654 ea
3154 2614 3274 2669 quae
3292 2611 3350 2656 tu
3377 2603 3716 2659 admirabilis

2121 2694 2514 2757 conservabas,
2546 2691 2735 2753 Maria,
2764 2698 2822 2745 et
2859 2688 2915 2744 in
2957 2698 3050 2745 tuo
3096 2691 3261 2746 corde
3288 2693 3716 2750 conterehas"?

2119 2784 2262 2840 Num
2287 2781 2512 2837 omnino
2528 2791 2584 2835 et
2607 2779 2661 2834 id
2684 2777 2831 2849 quod
2860 2777 2955 2833 tibi
2985 2777 3197 2835 dixerat
3217 2781 3466 2850 angelus,
3495 2792 3548 2837 et
3564 2798 3716 2852 qua:-

2122 2891 2340 2946 eunque
2389 2888 2584 2929 rursus
2611 2871 2874 2928 dixerunt
2923 2870 3339 2940 pastoresi'llaec
3367 2872 3483 2943 ipsa
3518 2873 3575 2928 in
3614 2883 3716 2929 tuo

2123 2969 2287 3027 corde
2303 2979 2657 3036 componens,
2677 2970 2734 3017 et
2752 2975 2876 3017 cum
2902 2959 2997 3015 illo
3024 2960 3140 3031 ipso
3158 2960 3467 3029 conferens,
3485 2963 3710 3019 videbas

2127 3059 2311 3116 omnia
2357 3057 2423 3111 ad
2453 3069 2620 3109 unum
2654 3050 2949 3108 convenire
2985 3051 3130 3119 quod
3162 3051 3307 3108 Deus
3331 3069 3522 3110 revera
3562 3054 3711 3110 sitis

440 3135 887 3241 (6).ﬁlt'utlrt-8uum
915 3144 1317 3215 primogenitum
1344 3155 1391 3200 et
1424 3148 1605 3218 fasciis
1632 3149 1843 3204 involvit
1877 3167 2019 3215 eum,
2048 3180 2092 3241 α
2126 3153 2220 3226 qui
2252 3160 2338 3208 est
2366 3166 2434 3206 ex
2456 3159 2509 3204 te
2534 3154 2720 3212 natus,
2736 3153 2792 3200 et
2814 3152 2868 3217 te
2895 3142 3024 3199 fecit
3052 3143 3558 3216 miraculum,quod
3572 3146 3717 3202 caelo

439 3230 531 3300 qui
590 3233 752 3287 nullis
814 3244 992 3304 potest
1040 3237 1287 3292 terminis
1333 3239 1750 3306 circumscribi;
1814 3250 1870 3297 et
1897 3260 2019 3311 pro-

440 3330 619 3391 pterea
659 3326 797 3395 quod
824 3343 924 3380 non
960 3338 1089 3382 esset
1118 3329 1190 3382 eis
1217 3329 1357 3383 locus
1385 3332 1439 3384 in
1473 3331 1778 3395 diversorio,
1805 3348 1838 3387 ο
1873 3342 2019 3389 tuam

441 3413 794 3482 inellabilem,
828 3419 1065 3486 Christe,
1114 3431 1340 3492 prapter
1396 3438 1483 3477 me
1527 3436 1920 3495 paupertatem,
1965 3429 2021 3484 in

442 3510 666 3573 ιιι-ωδφὶ
683 3510 900 3564 reclinat
932 3529 1069 3575 eum,
1094 3513 1186 3584 qui
1213 3527 1377 3567 omne
1415 3513 1737 3569 alimentum
1761 3518 2022 3587 suppedi-

446 3606 562 3666 tat;
583 3613 705 3654 eum
725 3600 815 3671 qui
842 3616 1183 3673 nequaquam
1214 3603 1330 3674 capi
1351 3612 1552 3675 potest,
1577 3619 1640 3661 ea
1673 3621 1794 3676 quas
1834 3607 2017 3678 ipsum

555 3764 601 3795 “
626 3762 789 3820 Mich.
818 3781 874 3833 v,
901 3766 958 3820 2.

514 3952 593 4025 (6)
639 3953 755 4009 Τοῦ
785 3956 1240 4025 Μεταφραστοῦ.
1281 3934 1471 4010 Τίκτει
1508 3956 1617 4013 τὸν
1659 3958 1796 4013 υἱόν
1835 3958 2025 4027 αὐτῆς

444 4045 554 4099 τὸν
585 4046 986 4114 πρωτότοκον,
1027 4047 1060 4116 ή
1094 4046 1356 4115 ἀμίαντος
1392 4045 1555 4116 κόρη,
1590 4044 1686 4098 καὶ
1715 4050 2027 4116 σπαργανοῖ

445 4137 539 4191 τδν
572 4138 848 4207 ἀόριστον,
880 4137 979 4190 καὶ
1018 4139 1178 4206 παρὰ
1204 4138 1271 4191 τὸ
1298 4137 1387 4207 μὴ
1415 4134 1569 4192 εἶναι
1597 4139 1788 4192 τόπον
1821 4138 2028 4206 αὐτοῖς

445 4228 518 4282 ἐν
553 4226 633 4292 τῷ
663 4229 1057 4296 καταλύματι,
1086 4227 1132 4281 ὣ
1168 4228 1269 4298 τῆς
1300 4228 1509 4298 ἀφάτου
1549 4247 1666 4296 σου,
1698 4231 1925 4301 Χριστὲ,
1960 4232 2028 4285 δι’

448 4320 550 4391 ἐμὲ
581 4320 890 4390 πτωχείαςὶ
933 4322 1002 4375 ἐν
1039 4321 1113 4391 τῇ
1147 4321 1345 4391 φάτνῃ
1376 4321 1467 4375 τὸν
1500 4322 1601 4392 τῆς
1631 4323 1840 4393 τροφῆς
1882 4322 2028 4377 ἁπά-

1069 3765 1118 3800 “
1145 3767 1334 3823 Matth.
1372 3784 1432 3834 ιι,
1467 3768 1522 3823 6.
1605 3769 1649 3802 ¹⁸
1670 3768 1806 3826 Luc.
1827 3784 1888 3835 ιι,
1908 3770 1962 3837 6,
1988 3770 2044 3827 7.

2120 3255 2179 3306 et
2195 3254 2338 3301 terra
2367 3256 2477 3297 non
2506 3239 2744 3308 capitur.
2771 3234 2872 3303 Qui
2894 3234 3056 3290 etiam
3078 3234 3309 3306 suscipit
3335 3237 3720 3293 circumcisio-

2121 3353 2248 3394 nem
2273 3335 2604 3393 conﬁrmans
2630 3346 2784 3386 suam
2826 3343 2953 3384 cum
2985 3326 3190 3385 Judaeis
3218 3330 3623 3402 cognationem,
3641 3345 3721 3384 ne

2121 3430 2231 3487 illis
2243 3428 2581 3485 occasionem
2600 3425 2865 3497 praeberet
2881 3440 3004 3481 eum
3020 3423 3272 3494 negandi.
3292 3422 3722 3478 Circumciditur

2123 3532 2305 3578 autem
2344 3530 2536 3576 octavo
2560 3519 2646 3574 die
2666 3534 2761 3574 seu
2809 3519 2895 3574 die
2927 3517 3234 3582 Dominico,
3263 3530 3374 3585 quo
3405 3514 3507 3570 fuit
3546 3515 3719 3569 etiam

2120 3612 2471 3676 resurrectio;
2508 3619 2565 3666 et
2586 3609 2746 3666 Jesus
2769 3610 3108 3666 nominatur.
3148 3607 3429 3679 Signiﬁcat
3458 3622 3588 3662 vero
3613 3605 3724 3660 hoc

2097 3768 2203 3805 ει·
2234 3772 2366 3829 ibid.
2400 3772 2556 3829 3-15.
2637 3773 2678 3806 ιτ
2715 3736 2854 3828 ibid.
2883 3772 2966 3828 ιθ.
3056 3768 3061 3773 '

2122 3977 2280 4023 νοις·
2327 3964 2356 4017 6
2410 3964 2630 4019 πάντων
2683 3965 3065 4036 ἀπογραφεὺς,
3120 3966 3179 4020 ὲν
3226 3967 3342 4031 τοῖς
3398 3964 3726 4039 ἀπογραφοο

2134 4073 2339 4127 μενοις.

2202 4172 2474 4240 Ποιμένες
2508 4169 2589 4238 δὲ,
2622 4168 2812 4241 φησιν,
2840 4164 2984 4241 ἦσαν
3013 4169 3072 4222 ὲν
3104 4171 3171 4239 τῇ
3204 4167 3360 4240 χώρα
3387 4165 3582 4242 ταύτῃ,
3614 4184 3725 4237 φυ-

2133 4262 2307 4327 λακὰς
2341 4263 2471 4331 περὶ
2499 4261 2675 4316 νύκτα
2707 4260 3048 4331 ποιούμενοι,
3077 4254 3161 4325 οἷς
3193 4261 3288 4313 καὶ
3316 4259 3550 4330 ἄγγελος
3578 4259 3721 4314 Θεοῦ

2133 4357 2363 4426 ιπὲστη,
2383 4357 2479 4409 καὶ
2501 4354 2629 4421 δόξα
2656 4353 2864 4423 Κυρίου
2889 4351 3090 4415 αὐτοὺς
3116 4351 3518 4423 περιέλαμψεν.
3559 4351 3722 4406 Ἐπεὶ

451 4425 551 4516 ἵης
582 4410 816 4516 χῗρηγδν
842 4410 1184 4516 ἀνξτκλίνείζ
1206 4412 1582 4516 ἣξμηδῗιμθῦ
1603 4412 2026 4516 ἷίξορθῗμενοῆή
2058 4449 2106 4509 D
2130 4448 2187 4503 δὲ
2208 4410 2507 4515 macieion
2535 4410 2797 4515 γεγόνασι
2821 4446 2902 4514 τῷ
2928 4410 3235 4514 θεάμίιτιίό
3252 4410 3507 4513 lyr-aio;
3531 4443 3607 4508 ὡς
3641 4445 3723 4516 μὴ

398 4529 402 4533 -
451 4501 753 4572 ἀχωρήτως
784 4503 1105 4574 χωρήσασα.
1141 4503 1361 4557 Πολλῶν
1395 4504 1505 4577 γὰρ
1533 4505 1860 4577 πολλαχόθεν
1891 4506 2030 4577 πρὸς

447 4595 548 4666 τὴν
577 4595 794 4666 γραφὴν
822 4596 1012 4667 ὥσπερ
1054 4598 1201 4661 εἰκὸς
1252 4599 1622 4670 συῤῥεόντων,
1678 4603 1773 4653 καί⁸
1825 4600 2031 4666 πολλὴν

450 4688 701 4742 ἐντεῦθεν
736 4691 849 4751 τοῖς
889 4688 1118 4760 ἔσχατον
1154 4690 1565 4761 ἐπιγενομένοις
1599 4691 2032 4762 περιποιούντων

449 4779 551 4847 τὴν
586 4780 869 4846 στένωσιν,
901 4777 946 4833 ὣ
976 4778 1074 4845 τῆς
1117 4779 1186 4834 δι’
1213 4778 1315 4849 ἐμὲ
1349 4778 1713 4850 στενοχωρίας
1760 4781 1856 4832 καὶ
1890 4778 2033 4843 ξενι-

450 4871 603 4933 τείας
644 4870 738 4923 τοῦ
772 4870 861 4923 διὰ
899 4872 1118 4923 πάντων
1152 4869 1457 4940 χωροῦντος
1494 4870 1591 4922 καὶ
1634 4871 1817 4923 πᾶσαν
1849 4870 2031 4923 κτίσιν

453 4962 911 5032 ἐμπεριέχοντοςι
960 4963 1169 5014 ἐκεῖνον
1220 4960 1361 5029 μετά
1403 4962 1513 5014 τῶν
1556 4959 1734 5014 ἄλλων
1763 4958 1908 5013 οὕτω
1937 4959 2035 5013 καὶ

453 5054 620 5110 τόπου
652 5053 1105 5124 διαπορούμενον,
1143 5052 1260 5123 οὐχ’
1292 5053 1540 5125 εὑρίσκει
1575 5053 1685 5124 γὰρ
1712 5052 1880 5106 τόπον
1913 5050 2034 5106 οὐδὲ

456 5146 749 5214 κατάλυμα
771 5190 786 5213 ,
823 5148 856 5215 ἡ
888 5148 1063 5219 φάτνη
1093 5146 1304 5217 δέχεται
1340 5145 1438 5217 τὴν
1467 5143 1737 5217 πτωχείαν
1780 5145 2035 5215 ἑλόμενον

458 5238 518 5306 ἐξ
548 5238 744 5309 ἀρχῆς,
787 5239 881 5290 καὶ
918 5237 1125 5306 ταύτην
1165 5241 1222 5291 ἐν
1251 5222 1429 5307 ἑαυτῷ
1451 5238 1779 5306 τιμήσαντα.
1822 5235 2035 5289 Ἐντεῦ-

458 5331 549 5383 θεν
585 5333 614 5384 6
643 5329 1056 5402 ἀπερίγραπτος
1092 5331 1151 5383 ἐν
1178 5329 1451 5400 σπηλαίῳ,
1478 5328 1704 5396 ὀΛόγος
1732 5330 1791 5380 ὲν
1816 5328 1993 5402 φάτνῃ
2018 5364 2034 5390 ,

454 5425 483 5477 6
527 5422 621 5477 τοῦ
660 5400 870 5492 κόσμου
905 5420 1261 5491 δημιουργλς,
1298 5418 1599 5487 αὐτουργὸς
1630 5419 1723 5472 καὶ
1739 5400 2034 5482 τοῦῖτόκου,

460 5517 553 5568 καὶ
604 5514 797 5583 ὁδηγὸς
844 5511 1006 5566 τοῦτό
1054 5528 1155 5563 που
1194 5512 1402 5578 γίνεται
1440 5511 1602 5573 αὐτὸς
1639 5508 1739 5580 μὲν
1773 5509 2035 5578 μαιεύων,

458 5607 622 5669 αὐτὸς
650 5605 707 5659 δὲ
736 5605 1111 5674 μαιευόμενος.
1153 5603 1246 5655 καὶ
1271 5604 1337 5672 τῇ
1373 5602 1543 5672 μητρὶ
1565 5601 1654 5655 τὸν
1676 5598 1916 5669 θάλαμον
1945 5617 2041 5670 χα-

465 5698 764 5766 ριζόμενος.
805 5696 1085 5751 Ἐντεῦθεν
1107 5697 1136 5748 6
1157 5696 1373 5749 πάντων
1399 5694 1679 5765 συνοχεὺς,
1708 5694 1765 5746 ὲν
1792 5691 2040 5763 σπαργά-

470 5799 580 5847 νοις
600 5803 613 5816 -
648 5790 675 5838 ὁ
708 5788 924 5842 πάντων
956 5789 1209 5859 τροφεὺς,
1252 5788 1308 5841 ἔν
1342 5787 1455 5850 τοῖς
1488 5784 2041 5855 γαλακτοτροφουμέ-

2132 4540 2255 4615 καθ’
2285 4539 2439 4610 ὥραν
2481 4539 2782 4594 ἐπελθόντα
2810 4539 2905 4594 τὸν
2950 4539 3116 4610 φόϐον
3145 4538 3251 4604 ἔξω
3283 4541 3447 4605 ποιεῖ,
3476 4538 3572 4609 Μὴ
3613 4556 3724 4607 φο-

2132 4634 2354 4696 ϐεῖσθε,
2371 4633 2570 4702 λέγων,
2584 4631 2719 4688 ἰδοὺ
2734 4632 2846 4702 γὰρ
2865 4631 3317 4702 εὐαγγελίζομαι
3338 4629 3483 4700 ὑμῖν
3502 4631 3722 4701 χαρὰν,

2132 4721 2266 4790 ἥτις
2308 4721 2505 4788 ἔσται,
2535 4720 2635 4774 οὐκ
2676 4718 2952 4783 Ἰουδαίοις
2982 4720 3202 4788 μόνοις,
3236 4718 3353 4774 ἀλλ’
3382 4720 3575 4773 ἅπασι.
3608 4719 3723 4773 Καὶ

2133 4814 2458 4886 προστίθησι
2474 4813 2817 4883 τρανὼτερον
2836 4812 2937 4882 τὴν
2959 4812 3058 4883 τῆς
3071 4814 3292 4885 χάριτος
3312 4811 3570 4883 δήλωσιν·
3596 4812 3724 4865 ὀτι

2134 4906 2322 4976 φησὶν,
2346 4905 2563 4977 ἐτέχθη
2587 4903 2731 4976 ὑμῖν
2750 4903 2976 4975 Σωτήρ.

2205 5041 2284 5113 (7)
2326 5041 2436 5096 Τοῦ
2458 5039 2921 5111 Μεταφραστοῦ.
2956 5040 3092 5094 Ποῖα
3118 5038 3228 5111 γὰρ
3258 5032 3327 5111 ἦν
3353 5038 3539 5108 ιτερα,
3575 5037 3724 5110 ἅπερ

2136 5135 2169 5204 ἡ
2200 5133 2491 5206 θαυμαστὴ
2524 5122 2848 5205 συνετήρεις
2874 5131 3082 5204 Μαρία,
3106 5133 3201 5185 καὶ
3219 5132 3300 5195 είς
3326 5130 3560 5202 καρδίαν
3591 5146 3727 5184 συν-

2136 5222 2382 5287 ἑδαλλες,
2416 5222 2449 5292 ἢ
2491 5222 2711 5287 πάντως
2754 5223 2856 5275 ὅσα
2884 5237 2946 5274 τε
2979 5222 3194 5291 εἰρήκει
3235 5220 3373 5291 πρὸς
3410 5221 3469 5272 σὲ
3499 5221 3526 5271 6
3550 5219 3727 5287 ἄγγε-

2135 5314 2247 5380 λος,
2279 5315 2376 5369 καὶ
2405 5314 2505 5367 ὅσα
2532 5313 2596 5386 δὴ
2628 5313 2793 5367 πάλιν
2822 5313 2873 5367 οι
2913 5312 3172 5382 ποιμένες
3203 5307 3396 5376 εἷπονς
3426 5309 3615 5365 Ταῦτα
3644 5313 3731 5375 εἰς

2137 5406 2365 5477 καρδίαν
2402 5404 2539 5476 αὐτὴ
2575 5402 2905 5469 συντιθεῖσα,
2935 5405 3028 5458 καὶ
3062 5403 3223 5458 τοῦτο
3257 5404 3453 5474 ἐκείνῳ
3491 5403 3730 5473 συγκρί-

2137 5517 2327 5563 νουσα,
2370 5500 2506 5572 πρὸς
2548 5499 2607 5553 ἓν
2652 5500 2833 5571 ἑώρας
2873 5497 3171 5569 συνᾴδοντα
3208 5498 3411 5563 πάντα,
3454 5498 3550 5551 καὶ
3590 5497 3729 5566 μίαν

2139 5596 2413 5668 εὖρισκες,
2445 5588 2491 5647 ὦ
2525 5595 2696 5665 μῆτερ
2716 5592 2931 5661 σοφίας,
2953 5594 3054 5663 τὴν
3083 5589 3440 5664 συμφωνίανο
3473 5589 3558 5643 ὅτι
3591 5587 3730 5652 Θεὸς

2140 5687 2279 5755 πρὸς
2327 5686 2589 5757 ἀλήθειαν
2618 5687 2647 5739 6
2686 5687 2751 5740 ἐκ
2796 5684 2891 5739 σοῦ
2933 5682 3236 5755 γεννηθεὶς,
3292 5682 3388 5736 καὶ
3430 5679 3492 5734 σὲ
3535 5678 3729 5749 θαῦμα

2141 5780 2320 5846 δείξας
2349 5778 2500 5849 παρὰ
2530 5775 2702 5831 ταῦτα
2741 5776 2940 5843 πάντα,
2971 5774 3068 5830 καὶ
3094 5775 3246 5846 παρὰ
3270 5773 3491 5830 πάντων
3518 5770 3730 5826 τούτων
