3996 6480
395 435 497 504 liii

1482 431 1771 494 ORATIO
1805 431 1905 493 DE
1949 431 2235 495 SANCTA
2275 432 2553 496 MARIA.

3564 427 3675 508 sta

394 549 628 606 salutem
649 542 860 616 populi.
890 540 1047 611 Quod
1070 541 1235 597 etiam
1265 538 1475 611 Virgini
1500 539 1993 610 praedicitangelus
2022 551 2063 601 Α
2096 541 2301 594 tionem
2339 559 2352 595 :
2395 539 2464 593 Et
2496 556 2632 605 ecce,
2691 539 2902 604 dicens,
2932 546 3086 597 homo
3140 556 3257 598 erat
3294 546 3348 599 in
3374 543 3679 604 Jerusalem

396 650 525 695 ante
555 637 998 707 conceptionem.
1015 634 1083 689 Et
1107 632 1335 696 vocabis,
1368 631 1643 701 inquiens,
1670 646 1856 684 nomen
1875 631 1990 700 ejus

393 721 577 775 Iesum
599 720 664 781 ",
693 718 950 785 idemque
965 714 1205 784 Josepho
1227 721 1439 783 postea,
1470 719 1634 780 atque
1661 711 1942 780 subjtrugit
1973 726 1987 763 :

392 813 514 879 Ipsa
539 812 678 865 enim
719 808 922 863 saluum
963 807 1121 878 faciet
1178 805 1428 875 populum
1475 819 1633 858 suum
1681 820 1715 858 α
1762 805 1988 871 peccatis

388 920 573 959 eorum
596 904 662 956 “.
685 900 894 955 Deinde
908 900 1074 955 etiam
1100 914 1292 952 rursus
1307 904 1587 965 exspectat
1601 904 1814 964 tempus
1833 896 1988 965 puri-

389 995 687 1051 licationis.
725 991 1013 1062 Postquam
1041 990 1186 1045 enim
1219 989 1422 1058 impleti
1453 997 1596 1051 sunt,
1633 988 1829 1057 inquit,
1879 989 1989 1042 dies

385 1088 722 1158 purgationis
774 1085 894 1155 ejus
954 1091 1241 1138 secundum
1283 1083 1445 1153 legem
1511 1080 1712 1150 Moysi(
1743 1080 1984 1149 comple-

385 1189 631 1232 mentum
649 1187 832 1231 autem
847 1177 1062 1231 dierum
1084 1184 1202 1229 erat
1220 1173 1717 1245 quadragesimus),
1749 1172 1983 1226 tulerunt

386 1271 657 1325 infantem
716 1269 902 1323 Jesum
971 1268 1027 1322 in
1078 1266 1404 1329 Jerusalem,
1450 1276 1504 1321 ut
1567 1267 1807 1320 sisterent
1866 1280 1984 1317 eum

382 1361 637 1423 Domino,
666 1363 802 1414 sicut
846 1362 1105 1427 scriptum
1155 1360 1315 1413 estin
1375 1358 1483 1429 lege
1532 1357 1742 1412 Domini
1793 1373 1811 1410 :
1844 1356 1981 1420 Quia

382 1468 536 1505 omne
613 1450 972 1504 masculinum
1045 1450 1363 1518 adaperieus
1434 1449 1682 1513 vulvam,
1740 1460 1981 1504 sanctum

381 1543 611 1597 Domino
635 1541 906 1595 vocabitur
946 1555 968 1594 :
993 1550 1045 1595 et
1093 1550 1149 1594 ut
1184 1543 1371 1594 darent
1420 1540 1666 1605 hostium,
1697 1541 1982 1594 secundum

379 1636 520 1703 quod
568 1634 768 1687 dictum
797 1634 955 1693 estin
985 1634 1100 1703 lege
1163 1634 1397 1697 Domini,
1432 1650 1534 1703 par
1558 1642 1849 1696 turturum,
1885 1642 1978 1687 aut

378 1726 512 1780 duos
562 1725 735 1795 pullos
760 1726 1125 1781 columbarum
1149 1727 1220 1780 ".

450 1817 593 1874 XIV.
620 1818 727 1874 Sed
764 1819 938 1874 satius
965 1818 1199 1874 fortasse
1220 1818 1299 1889 (8)
1328 1817 1492 1873 luerit
1521 1818 1577 1873 id
1601 1819 1835 1884 solvere,
1866 1834 1977 1888 quo

373 1910 598 1967 videtur
660 1926 963 1982 repugnare
1004 1911 1152 1966 inter
1186 1912 1567 1983 evangelistas.
1604 1911 1892 1966 Mattliaeus
1921 1912 1968 1942 ⁸¹

373 2017 618 2071 namque
656 2002 792 2057 dicit
822 2002 1039 2068 Jesnm,
1062 2013 1355 2074 postquam
1401 2004 1566 2058 natu’s
1598 2012 1767 2066 esset,
1792 2003 1979 2072 profe-

372 2104 527 2150 ctum
548 2095 934 2168 ianEgyptum;
955 2096 1044 2152 hic
1064 2108 1269 2161 autem,
1286 2096 1506 2152 divinus
1529 2097 1757 2162 scilicet,
1781 2097 1973 2161 Lucas,

374 2188 559 2256 ipsum
585 2196 708 2255 post
737 2187 1095 2259 quadraginta
1118 2188 1237 2243 dies
1260 2187 1482 2243 venisse
1509 2186 1971 2258 Hierosolymam.

2092 634 2176 685 cui
2216 648 2402 685 nomen
2431 630 2675 694 Simeon.
2706 640 2754 685 et
2787 633 2941 687 homo
2968 644 3085 687 erat
3134 635 3336 704 justus,
3369 647 3417 691 et
3446 638 3678 706 Spiritus

2092 723 2309 777 Domini
2349 732 2461 776 erat
2518 724 2575 776 in
2611 725 2745 791 ipso.
2793 724 2935 789 Quin
2974 727 3139 779 etiam
3178 728 3338 785 venit.
3381 727 3581 797 inquit,
3623 733 3677 784 in

2089 813 2295 882 Spiritu
2326 816 2382 867 in
2421 819 2697 881 temptant.
2750 825 2805 869 et
2843 815 2892 869 ei
2938 817 3095 870 ulnas
3142 818 3380 887 praebuit
3431 820 3498 873 ad
3548 834 3675 873 eum

2089 903 2494 969 suscipiendum
2527 906 2596 964 ",
2659 905 2947 969 Quodnam
3007 914 3093 971 est
3157 917 3340 962 autem
3434 909 3675 964 salutare

2088 994 2236 1063 quod
2278 1008 2449 1048 senex
2485 994 2601 1048 suis
2638 994 2773 1048 vidit
2801 996 2976 1051 oculis
3005 996 3028 1048 ?
3058 996 3203 1066 Ipse,
3258 997 3347 1067 qui
3391 998 3673 1053 desidera-

2089 1087 2269 1147 batur.
2303 1085 2486 1142 Jesus.
2526 1084 2639 1140 Hoc
2683 1087 2828 1140 enim
2874 1103 3075 1142 nomen
3128 1105 3346 1159 quoque
3375 1090 3668 1162 signiﬁcat.
3718 1098 3721 1101 '

2088 1177 2343 1231 Paratum
2372 1190 2502 1230 vero
2531 1175 2709 1229 fuerat
2732 1176 2853 1245 ejus
2884 1177 3202 1248 mysterium
3234 1179 3460 1232 omnino
3488 1180 3554 1234 ad
3579 1194 3674 1234 sa-

2087 1269 2280 1333 lutem,
2303 1284 2414 1323 non
2437 1268 2570 1323 solis
2597 1267 2821 1333 Judaais,
2844 1269 2940 1324 scd
2966 1270 3174 1324 mundo
3194 1273 3361 1333 etiam
3391 1272 3672 1327 universo.

2088 1363 2202 1417 lloc
2251 1361 2398 1415 enim
2456 1361 2559 1416 sibi
2614 1365 2726 1414 vuit
2780 1361 2909 1416 illud
2952 1378 2966 1416 :
3013 1363 3261 1415 Omnium
3307 1365 3675 1432 populantia;

2086 1456 2230 1509 sicut
2262 1453 2431 1508 etiam
2463 1453 2593 1509 illud
2623 1471 2638 1507 :
2674 1452 2876 1507 Lumen
2906 1454 2977 1506 ad
3018 1454 3387 1509 reuelationem
3416 1457 3671 1525 gentium,

2083 1558 2133 1603 et
2179 1548 2409 1618 qloriam
2459 1547 2639 1615 populi
2671 1545 2753 1600 tui
2782 1543 2975 1600 Israel.
3026 1544 3164 1600 Vide
3200 1561 3330 1600 vero
3354 1548 3460 1617 (9).
3507 1563 3671 1616 quam

2081 1648 2337 1694 accurate
2362 1639 2601 1707 loquitur
2623 1636 2955 1707 evangelista
2983 1653 2996 1690 :
3038 1636 3208 1690 Erant
3236 1647 3443 1701 autem,
3469 1638 3668 1706 inquit,

2079 1730 2272 1799 Ioseph
2290 1739 2337 1784 et
2366 1739 2536 1784 mater
2549 1732 2665 1800 eius
2683 1732 3008 1785 admirantes
3030 1739 3245 1800 propter
3265 1746 3326 1783 ea
3341 1746 3458 1798 qua:
3475 1730 3537 1784 de
3561 1730 3673 1798 ipso

2080 1816 2394 1872 dicebantur
2418 1817 2484 1873 ⁸⁸.
2524 1817 2754 1873 Matrem
2783 1818 3003 1888 quidem
3039 1819 3248 1882 dicens,
3291 1826 3353 1872 ut
3389 1834 3511 1888 quae
3541 1833 3672 1874 vere

2080 1920 2250 1973 esset,
2308 1917 2366 1962 et
2394 1909 2464 1963 ab
2496 1909 2613 1978 ipsa
2647 1924 2851 1965 vocans
2895 1907 3223 1963 habitudine
3251 1925 3268 1974 ;
3303 1909 3455 1964 illum
3487 1919 3671 1964 autem

2080 2001 2231 2056 nudo
2284 2002 2534 2066 nomine,
2603 2011 2664 2057 ut
2713 2003 2807 2073 qui
2867 2003 3147 2058 videretur
3211 2003 3433 2070 quidem
3491 2013 3670 2072 pater.

2081 2106 2191 2147 non
2225 2101 2373 2147 esset
2403 2102 2589 2148 autem
2619 2108 2829 2147 revera.
2868 2094 2943 2148 Ea
2985 2108 3206 2163 quoque
3240 2093 3454 2147 ratione
3483 2093 3672 2147 ambo-

2082 2186 2185 2240 bus
2229 2186 2452 2254 quidem
2492 2185 2774 2241 benedixit
2813 2184 3037 2240 Simeon
3071 2203 3084 2252 ;
3117 2186 3308 2241 relicto
3346 2194 3530 2240 autem
3579 2185 3673 2240 Jo-

372 2279 480 2333 Sed
513 2279 653 2333 nihil
707 2279 930 2347 dicunt,
968 2281 1113 2349 quod
1174 2281 1321 2334 inter
1368 2294 1427 2335 se
1463 2279 1739 2348 discrepet
1791 2293 1969 2349 neque
2005 2311 2047 2364 Β
2081 2277 2252 2349 sepb,
2309 2279 2608 2348 alloquitur
2661 2278 2886 2335 Mariam
2942 2280 3139 2344 solam,
3195 2288 3256 2335 ut
3298 2294 3423 2349 quae
3476 2280 3673 2333 fnissvt

370 2372 522 2443 quod
554 2373 631 2426 rei
693 2373 877 2428 obstet
939 2370 1546 2442 consequentiaz.Cum
1604 2370 1783 2433 enim,
1815 2378 1972 2439 post-

368 2482 537 2536 quam
595 2475 757 2522 natus
819 2477 998 2531 esset.
1062 2469 1339 2523 secundus
1372 2483 1550 2523 annus
1605 2467 1967 2537 praeterisset,

369 2560 632 2615 Christus
687 2560 980 2615 abducitur
1040 2558 1096 2614 in
1150 2560 1480 2631 Egyptum.
1521 2559 1699 2614 Lucas
1734 2574 1868 2629 ergo
1905 2573 1972 2612 ea

369 2667 493 2722 qua:
532 2650 754 2705 interim
805 2649 945 2705 facta
975 2660 1123 2712 sunt.
1165 2660 1223 2706 et
1275 2666 1396 2721 quae
1424 2652 1780 2721 praetermisit
1832 2652 1971 2706 Mat-

369 2744 580 2807 thaetts,
613 2740 1094 2796 circumcisiancm
1127 2740 1337 2797 scilicet
1384 2747 1586 2795 tractat
1629 2747 1685 2794 et
1718 2738 1976 2809 puriﬁcao

2076 2372 2328 2425 ministra
2384 2370 2554 2425 divini
2606 2371 2823 2425 consilii
2874 2388 2888 2424 :
2939 2370 3076 2426 Ecce
3121 2372 3294 2433 enim,
3345 2370 3547 2441 inquit,
3589 2370 3672 2423 hic

2076 2464 2274 2531 positus
2317 2470 2395 2517 est
2427 2463 2482 2516 in
2516 2464 2730 2516 ruinam
2773 2473 2824 2517 et
2876 2465 3315 2519 resurrectionem
3361 2466 3670 2527 multorum,

2078 2563 2127 2609 et
2152 2554 2210 2608 in
2233 2554 2466 2624 signum,
2496 2554 2581 2608 cui
2614 2556 3013 2609 contradicunt
3044 2554 3113 2612 ³⁸.
3163 2554 3451 2621 Quomodo
3482 2563 3667 2608 autem

2079 2645 2219 2718 (ίθ)
2265 2661 2296 2700 a
2343 2661 2423 2711 re,
2466 2647 2715 2702 studiose
2765 2647 3007 2713 auditor,
3058 2649 3329 2718 accipitur
3377 2647 3506 2702 illud
3547 2665 3561 2700 :
3601 2645 3669 2700 Et

2080 2746 2229 2791 tuam
2270 2736 2435 2805 ipsius
2469 2736 2709 2790 animam
2744 2737 3087 2807 pertransibit
3132 2737 3344 2808 gladius
3367 2738 3460 2790 "?
3495 2737 3671 2802 Quid-

442 2931 490 2964 ⁸⁸
521 2929 654 2986 Luc.
686 2946 729 2995 ι,
754 2929 845 2985 51.
924 2928 968 2962 ¹⁹
999 2925 1192 2982 Matth.
1231 2943 1270 2996 ι,
1298 2925 1390 2983 21.
1464 2926 1512 2960 ³⁸
1541 2925 1676 2984 Luc.
1702 2942 1763 2994 ιι,
1789 2926 1966 2982 ει-ιι

2076 2929 2092 2960 ⁸
2124 2928 2318 2985 Matth.
2343 2944 2406 2995 11,
2436 2930 2524 2996 15,
2554 2931 2646 2988 ﬂ.
2699 2933 2747 2965 ³³
2780 2932 2914 2987 Luc.
2948 2946 3012 2998 tl,
3044 2931 3116 2987 25
3145 2930 3237 2987 27.
3320 2931 3371 2964 ’³
3408 2930 3544 2987 ibid.
3575 2932 3666 2988 35.

368 3001 419 3036 ”
450 3001 585 3057 ibid.
630 3001 724 3056 54.
800 3002 847 3032 ’⁸
878 2999 1084 3056 Matth.
1124 2999 1241 3067 11,1
1280 3014 1439 3071 seqq.

368 3207 829 3277 συντεθειμένων,
872 3204 1089 3276 οὐρανῷ
1141 3204 1239 3259 καὶ
1283 3206 1356 3277 γῇ
1401 3203 1778 3277 χωρούμενον,
1825 3202 1966 3259 ἀλλά
1994 3205 2041 3267 G
2071 3196 2175 3258 εἷθ’
2223 3202 2400 3267 οὕτως
2447 3205 2661 3260 ἐκεῖθεν
2711 3205 3049 3272 ἀνελθόντες,
3094 3206 3176 3272 είς
3218 3204 3474 3278 Ναζαρὲτ
3510 3205 3668 3261 αὖθις

368 3300 511 3372 μηδὲ
549 3296 720 3363 ἀξίως
748 3297 1049 3368 ύμνολογού
1058 3314 1243 3367 μενον.

438 3389 517 3460 (8)
549 3388 664 3444 Τοῦ
685 3387 1144 3458 Μεταερραστοῦ.
1164 3386 1455 3455 Ἐνταῦθα,
1486 3387 1590 3443 οὐκ
1610 3388 1799 3459 ἄχαρι,
1829 3389 1968 3444 ἀλλά

364 3487 465 3543 καὶ
484 3489 786 3555 ἀναγκαῖον
808 3484 871 3541 τὸ
891 3484 1086 3540 δοκοῦν
1102 3485 1587 3550 ὲναντιολογεῖσθαι
1601 3488 1715 3550 τοῖς
1732 3486 1966 3554 εὐαγγε-

363 3579 601 3644 λισταῐς,
629 3559 904 3632 ἐπιλῦσαι.
931 3577 1057 3641 Πῶς
1078 3579 1190 3649 γάρ
1214 3566 1349 3647 φηᾶι
1370 3576 1650 3640 Ματθαϊος
1670 3576 1791 3648 μὲν,
1810 3577 1966 3632 Μετὰ

362 3673 468 3741 τὴν
497 3670 752 3740 γέννησιν
778 3671 858 3733 είς
886 3669 1162 3736 Αἴγυπτον
1185 3668 1392 3734 ἀπάγει
1418 3667 1514 3721 τὸν
1552 3665 1782 3737 Ἰησοῦνο
1808 3659 1968 3732 οὗτος

360 3766 444 3826 δὲ,
470 3766 499 3817 ὁ
532 3763 677 3826 θεῖος
706 3761 951 3831 δηλονότι
981 3761 1219 3825 Λουκᾶς,
1256 3759 1413 3815 Μετά
1437 3760 1853 3830 τεσσαράκοντα
1884 3761 1965 3814 δι-

362 3856 581 3911 ἑλευσιν
612 3855 864 3926 ἡμερῶν,
906 3855 989 3917 είς
1024 3852 1412 3924 Ἱεροσόλυμας
1449 3852 1601 3907 οὐδὲν
1632 3853 1839 3924 ἀπᾷδον
1875 3852 1966 3907 λέ-

361 3965 555 4018 γοντες
581 3947 859 4017 ἀλληλοις,
884 3943 1012 3999 οὔτε
1034 3945 1143 4015 μὴν
1169 3946 1237 4015 τῇ
1256 3942 1556 4014 ἀκολουθίᾳ
1582 3942 1679 3996 τοῦ
1701 3943 1965 4014 πράγμα-

357 4057 452 4103 τες
480 4037 948 4109 προσιστάμενον.
971 4034 1238 4105 Δεύτερον
1270 4034 1381 4103 γὰρ
1410 4032 1533 4096 ἔτος
1560 4033 1663 4104 ἥδη
1699 4035 1840 4104 μετά
1861 4034 1965 4104 τὴν

360 4133 624 4201 γέννησιν
653 4127 923 4197 παρελθὸν
945 4128 1025 4190 είς
1046 4124 1325 4195 Αἴγυπτον
1350 4126 1379 4178 ὁ
1408 4125 1646 4197 Χριστὸς
1664 4126 1961 4195 ἀπάγεται,

361 4223 581 4285 Λουκᾶς
609 4220 668 4273 δὲ
697 4217 770 4272 τὰ
802 4219 957 4281 ἐντὸς
985 4216 1178 4271 τούτου
1216 4217 1513 4287 γενόμενα,
1555 4218 1651 4271 καὶ
1678 4216 1717 4271 ἃ
1745 4217 1963 4288 παρῆκε

360 4315 669 4378 Ματθαϊος,
696 4312 767 4365 τά
795 4312 895 4381 τῆς
923 4309 1229 4382 περιτομῆς
1256 4309 1527 4380 λαμϐάνει
1548 4309 1645 4363 καὶ
1671 4308 1767 4362 τοῦ
1792 4309 1965 4363 καθαο

365 4409 590 4484 ρισμοῦ.
622 4407 780 4461 Ἐπεὶ
813 4406 911 4458 καὶ
937 4402 1096 4458 τοῦτο
1110 4404 1224 4467 τοῖς
1256 4402 1678 4471 εύαγγελισταῖς
1711 4401 1961 4470 σύνηθες,

361 4508 453 4560 ἵνα
488 4502 681 4573 μηδεὶς
768 4495 1050 4567 περιττὸς,
1077 4494 1155 4559 ὡς
1187 4493 1356 4565 μηδὲν
1381 4493 1524 4564 ἔχων
1551 4496 1729 4547 εἰπεῖν
1758 4494 1924 4547 πλέον
1942 4507 1957 4522 ⁶

358 4598 461 4653 καὶ
486 4595 631 4650 οῦτω
646 4595 715 4647 τὰ
740 4592 875 4646 πᾶσι
905 4590 1237 4660 παρειμένα,
1266 4588 1403 4642 πᾶσι
1426 4587 1524 4642 καὶ⁵
1545 4586 1959 4658 πεπλήρωνται.

359 4690 487 4754 Πῶς
515 4687 576 4742 δὲ
622 4686 851 4740 κάκεῖνο
903 4680 1190 4735 ὲπιλυτέον
1235 4680 1369 4751 ἡμῖν
1433 4677 1953 4750 ἀμφιλογούμενον;

356 4783 508 4838 κατά
551 4781 650 4852 μὲν
705 4777 818 4847 γὰρ
866 4775 961 4830 τὸν
1015 4774 1159 4828 θεῖον
1209 4772 1492 4828 Ματθαῖον
1551 4771 1954 4843 χρηματισθεὶς

357 4878 387 4929 ὁ
421 4871 644 4942 Ἰωσὴφ,
673 4870 755 4931 είς
776 4865 1036 4937 Ναζαρὲτ
1060 4864 1280 4937 ἔρχεται
1301 4878 1318 4895 ⁸
1349 4861 1486 4932 ὁμοῦ
1510 4880 1574 4917 τε
1596 4865 1690 4918 τὸν
1706 4861 1954 4916 κίνδυνον

359 4965 585 5037 φεύγων
604 5003 621 5027 ,
655 4965 752 5017 καὶ
784 4964 852 5032 τῇ
894 4958 1116 5030 πατρίδι
1147 4956 1551 5029 έμφιλοχωρεῖν
1592 4956 1950 5028 βουλόμενος*

356 5063 387 5113 ὁ
413 5059 475 5114 δὲ
503 5057 723 5119 Λουκᾶς
771 5051 835 5107 οὔ
874 5068 1009 5122 φησι
1036 5051 1179 5105 κατά
1199 5051 1449 5122 χρησμδν
1470 5049 1621 5119 αὐτῷ
1648 5047 1748 5120 τὴν
1766 5045 1952 5117 ἄφιξιν

356 5153 545 5206 ἐκεῖσε
579 5148 870 5217 γενέσθαι,
901 5143 1020 5197 ἀλλ’
1050 5144 1133 5198 ὃτι
1171 5143 1265 5196 τὸν
1297 5141 1585 5211 καθαρμὸν
1623 5136 1951 5210 πληρώσαν-

352 5262 450 5310 τες
476 5242 681 5308 πάντα,
708 5240 845 5309 πρὸς
873 5238 1129 5308 Ναζαρὶτ
1159 5230 1319 5300 αὖθις
1338 5233 1659 5289 ἐπανελθεῖν
1684 5234 1950 5303 ἔγνωσαν,

358 5339 426 5410 ἦν
461 5335 562 5390 καὶ
602 5333 837 5403 πατρίδα
881 5330 1279 5398 ἐπεγράφοντο.
1322 5329 1400 5392 ὡς
1441 5329 1561 5382 ius?
1596 5325 1696 5398 τὴν
1728 5325 1950 5399 οἴκησιν

360 5427 694 5498 πηξάμενοι.
736 5423 934 5477 Ἰστέον
958 5418 1156 5475 οὗνὸτι
1181 5421 1275 5474 τὸν
1295 5420 1402 5493 πρὸ
1430 5419 1535 5490 τῆς
1563 5421 1645 5483 είς
1675 5418 1950 5485 Αἴγυπτον

360 5518 590 5574 καθόδου
617 5516 809 5588 χρόνον
838 5512 1070 5584 ἱστορῶν
1093 5513 1123 5566 ὁ
1153 5513 1393 5580 Λουκᾶς,
1427 5512 1552 5566 οὐδὲ
1573 5510 1682 5580 γὰρ
1714 5512 1823 5581 πρὸ
1854 5509 1948 5564 τοῦ

360 5610 658 5683 καθαρμοῦ
714 5608 1032 5677 κατήγαγεν
1066 5605 1134 5660 ἂν
1187 5607 1389 5669 αὐτοὺς
1434 5607 1634 5669 ἐκεῖσε,
1687 5604 1774 5657 ἵνα
1813 5602 1950 5674 μηδὲ

358 5703 522 5773 παρὰ·
582 5702 676 5755 τὸν
737 5701 940 5771 νόμον
1003 5698 1130 5768 μηδ’
1179 5698 1262 5751 ὅτι
1313 5692 1408 5752 οὖν
1460 5697 1709 5766 γένηται,
1777 5695 1949 5749 ταῦτά

358 5811 531 5867 φησιν
555 5810 567 5823 ’
595 5793 791 5864 ἔμενον
812 5793 920 5864 γάρ
945 5790 1292 5862 καθαρθῆναι
1309 5791 1549 5854 πάντως,
1582 5784 1701 5842 εἶτα
1730 5788 1808 5852 είς
1838 5786 1950 5840 Na-

357 5886 531 5959 ζαρὲτ
559 5883 757 5953 ἐλθεῖν,
792 5886 884 5939 καὶ
917 5885 1041 5939 τῦτε
1071 5884 1136 5957 δὴ
1170 5882 1476 5954 καταϐῆναι
1520 5882 1597 5944 είς
1632 5878 1907 5950 Αἴγυπτον
1929 5895 1944 5909 ·

2068 3297 2246 3350 ἐλθεῖν
2286 3297 2693 3367 ἐγκελεύονται.
2740 3298 2855 3369 Πρδ
2898 3296 3093 3354 τούτου
3128 3298 3186 3354 δὲ
3227 3296 3482 3368 οὐδαμῶς
3525 3294 3667 3369 ἦσαν

2070 3389 2539 3460 χρηματισθέντες
2563 3391 2742 3445 ἐκεῖσε
2770 3392 2984 3463 φοιτᾷν,
3016 3392 3134 3447 ἀλλ’
3156 3391 3663 3463 έμφιλοχωροῦντες

2072 3480 2149 3544 ὡς
2180 3481 2284 3552 ἔφη
2295 3499 2399 3550 μεν
2427 3485 2495 3552 τῇ
2530 3483 2752 3554 πατρίδι
2775 3524 2789 3548 ,
2823 3484 3166 3555 αὐθαιρέτως
3195 3484 3341 3537 τοῦτ’
3369 3484 3662 3552 ἔπραττον.

2083 3575 2236 3627 Ἐπεὶ
2262 3574 2371 3644 γὰρ
2391 3574 2524 3643 παρ’
2545 3575 2701 3628 οὐδὲν
2730 3574 2920 3645 ἕτερον
2946 3577 2978 3646 ἡ
3015 3574 3096 3639 είς
3116 3575 3369 3645 Βηθλεὲμ
3394 3573 3667 3640 ἀνάϐασις

2067 3666 2315 3735 γέγονεν,
2345 3665 2378 3737 ἢ
2409 3665 2498 3720 διὰ
2529 3669 2629 3735 τὴν
2663 3667 3021 3738 ἀπογραφὴν,
3057 3667 3152 3720 καὶ
3188 3666 3309 3720 οὐδὲ
3345 3668 3538 3736 στῆναι
3568 3667 3664 3719 ού-

2068 3761 2243 3831 δαμοῦ
2274 3757 2441 3831 εἶχον,
2476 3760 2863 3832 πληρώσαντες
2895 3764 2997 3835 ἤδη
3030 3764 3101 3818 δι’
3136 3764 3274 3833 ὅπερ
3306 3764 3556 3833 ἀνῆλθον,
3581 3764 3664 3826 είς

2068 3854 2170 3925 τὴν
2206 3855 2462 3926 Ναζαρὲτ
2506 3854 2800 3927 κατῄεσαν.
2840 3855 2915 3909 Οὐ
2961 3855 3141 3909 τοίνυν
3185 3855 3465 3920 ἀντιλογία
3509 3855 3663 3923 παρὰ

2068 3949 2182 4002 τοῖς
2211 3946 2654 4016 εύαγγελισταῖς,
2687 3948 2827 4001 ἀλλά
2863 3947 3123 4017 διάφορος
3148 3948 3463 4017 ἀπαγγελία
3483 3964 3497 3979 '
3531 3948 3667 4003 ἀλλο

2069 4039 2129 4093 δέ
2165 4039 2281 4093 ἔστι
2306 4039 2583 4108 διαφόρως
2618 4039 2815 4101 είπεϊν,
2845 4043 2938 4092 καὶ
2974 4039 3105 4094 ἄλλο
3134 4039 3393 4101 ἐναντίως

2144 4131 2221 4201 (9)
2250 4131 2362 4186 Τοῦ
2385 4126 2847 4200 Μεταφραστοῦ.
2880 4130 3025 4201 Ὅρα
3046 4130 3103 4182 δέ
3139 4147 3228 4200 μοι
3258 4131 3350 4183 καὶ
3374 4128 3470 4182 τοῦ
3493 4128 3663 4197 εὐαγ-

2069 4223 2323 4295 γελιστοῦ
2340 4225 2440 4294 τὴν
2463 4223 2754 4295 ἀκρίϐειαν
2773 4239 2790 4258 ο
2821 4224 2922 4294 τὴν
2951 4224 3050 4294 μὲν
3078 4222 3188 4293 γάρ
3239 4222 3453 4294 μητέρα
3482 4217 3661 4287 εἶπεν,

2070 4319 2167 4374 ἀτε
2212 4317 2276 4383 δὴ
2324 4318 2416 4370 καὶ
2458 4316 2677 4387 ἀληθῶς
2716 4312 2906 4380 οὖσαν,
2949 4316 3044 4370 ἀπ’
3078 4316 3249 4386 αὐτῆς
3290 4316 3522 4378 καλέσας
3557 4314 3656 4383 τῆς

2073 4411 2312 4479 σχέσεως
2332 4427 2347 4441 ο
2381 4410 2477 4462 τδν
2505 4408 2563 4461 δὲ
2588 4409 2697 4462 ἀπὸ
2719 4408 2877 4479 ψιλοῦ
2900 4407 2997 4461 τοῦ
3030 4408 3313 4479 ὀνόματος.
3337 4408 3413 4472 ῶς
3442 4406 3658 4477 πατέρα

2069 4501 2329 4556 δοκοῦντα
2363 4501 2484 4570 μὲν,
2515 4500 2590 4571 μὴ
2619 4499 2748 4554 ὄντα
2776 4500 2834 4553 δὲ
2860 4500 2996 4566 πρὸς
3025 4500 3306 4570 ἀλήθειαν.

2141 4593 2256 4664 (l0)
2296 4595 2409 4649 Τοῦ
2455 4592 2919 4662 Μεταφρᾱστοῦ.
2967 4592 3091 4654 Πῶς
3131 4609 3215 4645 σοι
3261 4591 3340 4662 τῷ
3388 4589 3658 4660 φιλολόγῳ

2065 4688 2308 4757 ἀκροατῇ
2354 4684 2532 4740 ταῦτα
2581 4683 2955 4753 ληφθήσεταις
3006 4685 3100 4736 καὶ
3140 4684 3197 4736 τί
3229 4700 3360 4736 ποτε
3402 4683 3514 4750 ἀρα
3552 4681 3657 4753 τὴν

2065 4779 2344 4850 ῥομφαίαν
2392 4776 2601 4846 ταύτην
2645 4773 3030 4844 ὑποληπτέον;
3078 4774 3111 4842 ἢ
3150 4776 3252 4845 τὴν
3291 4772 3650 4842 ἀμφιϐολίαν,

2061 4871 2153 4925 τὸν
2182 4859 2600 4938 σκανδαλισμδν,
2621 4868 2683 4920 τὸ
2711 4869 3094 4937 πειρατήριον,
3119 4867 3263 4936 ἀπερ
3288 4868 3347 4921 έν
3372 4865 3450 4936 τῷ
3473 4866 3653 4936 καιρῷ

2059 4960 2157 5016 τοῦ
2176 4960 2435 5032 σταυροῦ,
2465 4961 2565 5033 τὴν
2591 4961 2690 5031 τῆς
2718 4961 2882 5027 ἀγίας
2914 4959 3193 5030 Παρθένου
3222 4957 3405 5028 διῆλθε
3428 4957 3650 5029 ψυχήνς

2061 5054 2172 5107 Καὶ
2224 5053 2317 5107 σοῦ
2373 5050 2470 5106 οὖν
2514 5053 2707 5122 αὐτῆς,
2739 5055 2789 5106 εί
2825 5051 2923 5106 καὶ
2961 5050 3145 5113 καλῶς
3187 5049 3256 5105 τά
3297 5049 3392 5104 τοῦ
3439 5049 3649 5119 Κυρίου

2060 5145 2268 5202 ἀνωθεν
2290 5145 2598 5216 ἐδιδάχθης,
2623 5143 2822 5215 ἀψεταί
2847 5160 2934 5208 τις
2961 5144 3145 5209 σάλος,
3174 5142 3270 5197 καὶ
3293 5139 3648 5210 διακρίνουσα

2059 5239 2186 5293 καθ’
2214 5237 2416 5308 ἑαυτὴν
2444 5237 2543 5312 ισῃ
2567 5251 2586 5275 ο
2620 5236 2768 5300 εἰκὸς
2789 5236 2847 5291 δὲ
2876 5235 2972 5289 καὶ
2991 5235 3093 5307 τὴν
3119 5234 3303 5307 λύπην
3334 5233 3646 5296 αἰνίξασθαι

2058 5330 2149 5385 διά
2172 5331 2273 5401 τῆς
2305 5331 2603 5401 ῥομφαίας·
2638 5330 2674 5400 ἥ
2703 5346 2770 5399 γε
2802 5327 2946 5384 κατὰ
2971 5328 3066 5383 τὸν
3094 5328 3289 5400 καιρὸν
3312 5325 3410 5382 τοῦ
3438 5323 3644 5388 πάθους

2064 5422 2332 5490 συνέσχεν
2377 5421 2572 5492 αὐτὴν,
2604 5421 2909 5490 ἀγνοοῦσαν
2945 5419 3021 5484 ὡς
3054 5420 3153 5474 καὶ
3196 5417 3362 5473 αὐτοῦ
3405 5415 3644 5470 θανάτου

2056 5514 2213 5569 ἔσται
2251 5515 2611 5586 περικρατής.
2654 5513 2808 5566 Ἐπεὶ
2840 5512 2935 5567 καὶ.
2967 5511 3125 5566 τοῦτο
3151 5508 3350 5581 δηλοῦν
3389 5507 3643 5579 βούλεται

2056 5609 2137 5672 τὺ,
2162 5608 2356 5670 Ὅπως
2379 5606 2456 5661 ἂν
2479 5607 2718 5662 ἀποκαλ
2727 5605 2998 5676 egredimi-
3020 5605 3088 5659 ἐκ
3108 5600 3361 5658 πολλῶν
3383 5600 3647 5670 καρδιῶν

2056 5697 2441 5769 διαλογισμοί
2454 5713 2467 5726 ⁸
2499 5698 2582 5751 ὅτι
2607 5697 2745 5768 μετὰ
2769 5696 2838 5751 τὰ
2862 5696 3133 5751 σκάνδαλα
3152 5694 3355 5766 δηλαδὴ
3380 5691 3574 5756 ταῦτα,
3601 5690 3639 5746 ἃ

2057 5792 2156 5863 τὴν
2209 5791 2438 5861 καρδίαν
2493 5789 2602 5843 τῶν
2654 5788 2912 5861 μαθητῶν
2961 5788 3189 5844 διέσεισε
3241 5786 3335 5842 καὶ
3391 5784 3634 5857 Μαρίας,

2060 5884 2235 5957 βραχὺ
2273 5885 2329 5938 τὸ
2365 5885 2419 5937 ὲν
2462 5882 2638 5957 μέσῳ,
2684 5883 2779 5938 καὶ
2816 5885 3003 5955 ταχεῖα
3039 5881 3121 5945 τίς
3159 5878 3445 5950 ἐπέλαμψε
3488 5879 3638 5950 παρὰ
