3996 6498
330 423 441 486 5ἱ3

1605 415 1889 480 MENSIS
1927 366 2362 479 AUGUs'rus.

3505 400 3610 470 διι

331 550 455 586 nam
516 550 644 603 ergo
687 534 1000 590 existimare
1030 541 1248 603 Oportet
1295 534 1444 589 hunc
1487 547 1611 588 esse
1645 523 1987 602 gladium?A
2031 530 2216 584 statim
2293 536 2487 584 testem
2563 524 2910 582 adduxerunt
2977 523 3320 594 prophetam,
3392 521 3483 589 qui
3553 522 3609 576 et

329 623 466 678 Num
500 625 920 690 dubitationem,
960 626 1356 688 ostensionem,
1385 625 1762 689 tentationem,
1799 636 1920 693 quac

334 718 388 770 in
450 727 698 786 tempore
749 719 928 773 crucis
983 727 1168 784 tuam,
1225 736 1258 774 ο
1309 719 1494 788 Virgo,
1551 725 1920 788 pervaserunt

333 807 617 862 animam?
677 806 753 860 Te
824 823 953 878 ergo
1032 808 1202 877 ipsam
1257 825 1474 878 quoque
1508 809 1718 863 etiamsi
1755 809 1918 862 desu-

333 913 428 962 per
456 898 668 950 Domini
705 898 932 966 pulchre
977 915 1066 954 res
1103 900 1368 960 didicisti,
1400 900 1633 969 attinget
1677 900 1922 970 aliquid?

331 989 766 1043 Convenieutius
841 999 926 1044 est
991 1003 1174 1045 autem
1212 1032 1228 1056 ,
1294 994 1440 1061 quod
1517 993 1767 1047 dolorem
1835 993 1919 1063 ip-

331 1093 450 1131 sum
523 1079 684 1148 gladii
754 1080 977 1135 nomine
1047 1082 1473 1154 significaverit,
1540 1084 1634 1152 qui
1699 1084 1920 1153 quidem

333 1179 577 1236 tempore
645 1170 923 1226 Passionis
981 1189 1100 1227 eam
1175 1173 1403 1235 invasit',
1459 1173 1592 1228 Nam
1659 1175 1711 1229 id
1776 1175 1922 1244 quod

331 1261 533 1320 dicitur
602 1279 614 1314 :
679 1262 741 1316 Ut
793 1263 1087 1317 revelentur
1145 1281 1210 1318 ea:
1268 1265 1445 1319 multis
1489 1269 1730 1321 cordibus
1781 1268 1925 1336 cogi-

333 1352 585 1409 tationes.
628 1353 695 1405 ad
737 1353 1037 1422 discipulos
1089 1357 1280 1426 magis,
1322 1373 1482 1425 quam
1532 1358 1598 1410 ad
1645 1374 1761 1412 eam
1802 1375 1925 1427 per-

335 1444 510 1498 tinere
557 1445 816 1498 videtur:
862 1463 1060 1515 nempe
1119 1449 1265 1516 quod
1311 1459 1436 1517 post
1495 1451 1824 1503 tentationes
1869 1459 1925 1503 et

333 1536 729 1598 dubitationes,
787 1552 909 1606 quae
967 1555 1062 1592 cor
1105 1555 1296 1593 eorum
1343 1551 1762 1606 concusserunt,
1815 1557 1921 1596 non

336 1628 567 1679 multum
641 1629 902 1696 temporis
952 1629 1297 1694 intercessit,
1347 1642 1403 1687 et
1456 1633 1612 1686 velox
1675 1634 1920 1702 qumdam

339 1717 520 1770 illuxit
577 1732 607 1770 a
674 1717 784 1772 Deo
853 1720 1091 1784 curatio,
1155 1736 1347 1775 eorum
1421 1723 1637 1778 animos
1708 1725 1926 1794 replens

338 1808 751 1875 tranquillitate,
788 1818 842 1862 et
868 1811 934 1863 ad
961 1810 1120 1864 fidem
1151 1827 1304 1866 suam
1339 1813 1671 1872 conﬁrmans
1711 1817 1923 1886 magni-

337 1897 528 1950 tudine
577 1899 1018 1953 resurrectionis.

409 1988 522 2043 XV.
564 1988 672 2043 Sed
743 1991 796 2045 id
846 1993 992 2060 quod
1045 1996 1250 2064 erepit,
1305 2010 1667 2068 persequatur
1725 2006 1919 2070 oratio,

333 2091 390 2134 et
419 2096 612 2135 rursus
640 2082 872 2151 accipiat
905 2100 967 2137 ea
1000 2102 1120 2153 qum
1166 2091 1534 2155 praetermisit.
1569 2091 1699 2145 Cum
1750 2099 1919 2156 enim,

336 2171 533 2240 inquit,
569 2183 727 2226 natus
761 2186 888 2227 esset
916 2173 1070 2229 Jesus
1092 2178 1146 2229 in
1168 2177 1429 2233 Bethleem
1459 2181 1632 2245 ludar,
1667 2185 1720 2236 in
1749 2187 1926 2240 diebus

338 2265 558 2320 Herodis
624 2269 758 2335 regis
790 2269 885 2322 ⁸⁸⁵.
940 2268 1153 2324 Vides?
1199 2271 1266 2324 Et
1295 2280 1508 2342 tempus
1556 2277 1713 2332 nobis
1762 2295 1926 2333 evan-

335 2359 554 2426 gelista,
588 2369 642 2412 et
675 2361 875 2426 locum,
923 2371 980 2416 et
1023 2365 1404 2419 auctoritatem
1453 2368 1704 2424 similiter
1758 2374 1926 2442 signi-

337 2452 462 2503 ficat
515 2454 944 2508 :auctoritatem
1008 2457 1250 2526 quidem,
1311 2466 1371 2512 ut
1431 2474 1556 2513 eum
1619 2462 1689 2516 ab
1757 2464 1926 2519 altero

340 2535 557 2591 llerode
645 2540 924 2596 discernat
989 2559 1054 2597 ac
1115 2546 1434 2617 distinguat,
1505 2550 1597 2618 qui
1659 2551 1925 2609 Joannem

337 2628 690 2684 interfecerat
714 2632 788 2697 ²⁶;
819 2633 909 2686 ille
932 2635 1079 2688 enim
1124 2646 1244 2691 erat
1279 2640 1572 2703 tetrarcha,
1608 2641 1696 2696 hic
1744 2655 1925 2699 autem

344 2737 488 2802 rex;
545 2723 724 2777 locum
791 2740 921 2778 vero
971 2734 1025 2780 et
1078 2737 1318 2797 tempus,
1378 2747 1480 2784 nos
1546 2736 1926 2791 transmittens

335 2814 402 2868 ad
453 2817 791 2885 prophetias.
828 2816 1072 2883 Quarum
1117 2821 1346 2875 alteram
1397 2824 1618 2889 quidem
1676 2830 1926 2897 praedixit

323 2905 638 2983 Illichmas:
703 2906 775 2960 Et
811 2916 867 2961 tu
932 2908 1220 2979 Bethleem,
1277 2913 1490 2979 dicens,
1551 2929 1696 2971 terra
1756 2920 1922 2985 Judu,

338 3014 674 3068 nequaquam
743 3016 796 3054 es
861 3003 1082 3056 minima
1152 3005 1209 3058 in
1267 3007 1592 3075 principibus
1665 3007 1811 3064 Iuda
1860 3013 1925 3066 ".

338 3089 579 3142 Alteram
615 3106 744 3144 vero
777 3091 946 3147 Jacob
979 3096 1284 3164 patriarcha
1322 3114 1336 3152 :
1372 3098 1493 3152 Non
1521 3101 1725 3169 deﬁciet
1757 3104 1926 3166 enim,

2027 621 2306 675 Bethleem
2375 617 2715 688 magnifacit,
2771 625 2826 671 et
2847 630 2914 672 ex
2935 629 3001 670 ea
3051 612 3249 668 ducem
3309 609 3607 670 exiturum,

2023 721 2078 768 et
2122 712 2382 783 populum
2437 710 2800 766 lsraeliticum
2849 708 2917 764 ab
2967 722 3034 762 eo
3095 719 3221 760 esse
3273 701 3606 773 pascendum

2023 801 2291 872 pra-dicit.
2328 800 2420 854 Sic
2465 799 2503 852 ii
2531 801 2623 868 qui
2663 805 2822 852 erant
2868 810 3059 851 revera
3100 791 3333 856 inimici,
3379 803 3609 844 necesse

2024 897 2297 952 habebant
2348 895 2433 950 vel
2474 894 2627 949 inviti
2671 893 2886 963 aperire
2931 888 3302 962 prophetiam,
3351 883 3450 939 etsi
3495 899 3607 937 non

2023 1003 2258 1042 omnem.
2290 986 2446 1052 Quod
2473 987 2618 1040 enim
2643 985 2903 1052 deinceps
2931 976 3214 1050 sequitur,
3244 977 3608 1038 reticuerunt,

2021 1081 2167 1152 quod
2206 1090 2329 1135 est:
2369 1079 2623 1150 Egressus
2652 1079 2763 1148 ejus
2799 1077 2861 1130 ab
2889 1076 3064 1138 initio,
3109 1090 3140 1126 α
3167 1072 3349 1125 diebus
3399 1069 3612 1123 a’teruio

2026 1176 2174 1230 tatis.
2221 1173 2334 1228 Cur
2376 1173 2456 1227 sic
2511 1169 2820 1227 fecerunt?
2877 1168 3034 1234 Quod
3086 1165 3201 1236 regi
3253 1166 3612 1232 loquerentur

2025 1269 2092 1321 ad
2160 1267 2412 1336 gratiam.
2473 1265 2566 1318 Ille
2619 1271 2803 1316 autem
2861 1259 2994 1330 quid
3045 1256 3229 1312 facit?
3283 1254 3608 1310 Clanculutn

2025 1369 2184 1414 vocat
2223 1359 2427 1427 Magos,
2460 1356 2750 1426 diligenter
2791 1343 3169 1421 pet-scrutatur
3217 1348 3418 1402 stultus
3473 1355 3614 1400 tem-

2026 1465 2130 1520 pus
2178 1449 2371 1509 stellee,
2419 1461 2542 1514 qua
2606 1441 2858 1513 apparuit
2927 1440 3029 1502 eis,
3105 1439 3218 1509 jam
3291 1435 3616 1506 aggrediens

2027 1540 2096 1594 de
2161 1539 2344 1592 medio
2399 1538 2590 1591 tollere
2643 1535 2693 1588 id
2759 1549 2869 1604 quo
2941 1542 3133 1586 natum
3203 1529 3399 1583 fuerat.
3457 1525 3614 1592 Quod

2027 1630 2246 1699 quidem
2303 1644 2414 1684 non
2460 1627 2634 1682 solum
2678 1633 2798 1679 erat
2839 1622 3116 1685 amentiae,
3164 1620 3260 1674 sed
3306 1619 3469 1671 etiam
3523 1616 3615 1670 in-

2029 1724 2214 1778 sanire.
2263 1721 2435 1789 Cujus
2489 1717 2636 1772 modi
2660 1717 2807 1771 enim
2849 1721 3004 1767 erant
3031 1727 3096 1767 ea
3151 1725 3273 1780 quae
3303 1709 3442 1765 clam
3497 1707 3618 1760 Ma-

2030 1815 2112 1884 gis
2160 1813 2368 1867 vocatis
2400 1810 2686 1880 loquitur?
2719 1807 2818 1873 Ite,
2861 1816 2908 1860 et
2933 1805 3209 1874 diligenter
3258 1801 3512 1872 inquirite
3551 1800 3620 1853 de

2027 1921 2187 1974 puero
2232 1922 2252 1960 :
2315 1915 2591 1974 postquam
2661 1911 2837 1954 autem
2909 1897 3233 1960 inveneritis,
3319 1895 3620 1948 renuntiate

2029 1999 2177 2060 mihi,
2204 2006 2260 2049 ut
2302 2013 2396 2066 ego
2437 1997 2648 2066 'quoque
2677 1993 2906 2054 veniens,
2937 2005 3055 2043 eum
3105 1990 3342 2042 adorem.
3375 1985 3620 2039 Evidens

2027 2101 2083 2147 et
2143 2101 2330 2160 aperta
2385 2087 2618 2142 insania.
2683 2085 2742 2140 Si
2803 2085 2950 2140 enim
3010 2097 3140 2138 vera
3199 2079 3422 2150 quidem
3489 2084 3622 2132 sunt

2027 2183 2217 2244 verba,
2271 2189 2326 2235 et
2387 2194 2498 2233 non
2559 2177 2844 2237 insidiosa,
2892 2189 2992 2229 cur
3047 2187 3176 2226 cum
3228 2170 3310 2224 eis
3381 2170 3621 2221 latenter

2029 2273 2380 2345 congredcris
2432 2272 2456 2326 ’ἒ
2508 2269 2605 2324 Sin
2661 2277 2844 2322 autem
2903 2266 2987 2320 vis
3047 2261 3251 2331 aliquid
3335 2259 3620 2315 sinistrum

2028 2367 2206 2422 celare
2247 2373 2302 2419 et
2347 2363 2618 2426 dolosum,
2665 2358 2943 2430 quomodo
2990 2372 3060 2410 ne
3109 2356 3212 2410 hoc
3253 2354 3474 2424 quidem
3521 2365 3622 2422 po-

2030 2458 2179 2513 tuisti
2221 2457 2555 2528 perspicere,
2608 2452 2752 2522 quod
2802 2451 2881 2506 sic
2909 2465 2941 2504 a
2979 2447 3146 2514 Magis
3189 2443 3626 2514 deprehenderis

2028 2549 2264 2618 maligne
2309 2555 2358 2600 et
2405 2544 2670 2600 scelerate
2709 2555 2919 2612 gerere,
2959 2539 3104 2608 quod
3151 2551 3364 2605 qumras
3401 2531 3624 2588 latere?

2033 2641 2177 2696 Hinc
2221 2655 2348 2694 cum
2394 2637 2548 2692 stella
2599 2635 2680 2689 eis
2731 2648 2923 2688 rursus
2977 2628 3340 2700 apparuisset,
3384 2627 3464 2681 eis
3515 2627 3623 2678 dux

2029 2733 2280 2796 efﬁcitur,
2357 2730 2500 2786 sicut
2562 2729 2629 2782 ab
2695 2727 2876 2781 initio.
2929 2725 3212 2778 Absconsa
3278 2719 3426 2774 enim
3479 2727 3622 2776 erat.

2030 2834 2315 2896 postquam
2375 2828 2705 2890 apparuerat
2767 2818 2833 2872 ad
2907 2814 3210 2874 Orientem,
3271 2820 3333 2865 ut
3365 2824 3490 2864 cum
3543 2808 3622 2860 illi

2035 2916 2232 2971 ducem
2304 2913 2698 2984 perdidissent,
2752 2908 3067 2963 necessario
3116 2904 3333 2960 Judazos
3384 2902 3626 2956 interro-

2033 3019 2247 3084 garent,
2301 3020 2357 3064 et
2405 3010 2484 3063 sic
2537 3023 2626 3062 res
2677 3004 2935 3060 evaderet
2996 2999 3283 3055 manifesta
3343 2996 3620 3050 omnibus.

2032 3100 2328 3171 Postquam
2375 3114 2508 3154 vero
2547 3097 2630 3152 vel
2669 3097 2817 3165 ipsos
2866 3091 3122 3147 inimicos
3173 3089 3419 3144 habuere
3456 3087 3629 3158 magi-

245 3268 249 3272 _
339 3181 541 3279 inquit,
588 3183 852 3279 Princeps
903 3202 968 3238 ea:
1024 3186 1187 3250 Juda,
1245 3198 1294 3242 et
1350 3190 1460 3242 dua:
1518 3193 1582 3244 de
1645 3194 1928 3265 femoribus
1961 3224 2002 3279 ρ
2035 3205 2200 3259 stros,
2245 3193 2324 3248 eis
2359 3206 2550 3247 rursus
2586 3196 2833 3260 apparet.

338 3274 452 3338 ejus
480 3273 546 3325 ”.
580 3273 866 3338 Quomodo
916 3287 1098 3332 autem
1149 3279 1319 3350 Magis
1366 3283 1516 3336 venit
1561 3283 1614 3338 in
1662 3296 1923 3352 mentem,

342 3372 402 3418 nt
453 3373 664 3419 tantum
718 3368 820 3421 iter
865 3370 1220 3434 conficerent,
1267 3380 1323 3426 et
1371 3375 1623 3430 venirent
1671 3378 1739 3432 ad
1796 3380 1928 3434 ado-

343 3456 572 3510 randum
635 3457 922 3522 infantem,
985 3462 1078 3530 qui
1138 3471 1258 3517 erat
1321 3464 1500 3519 adhuc
1561 3467 1615 3520 in
1672 3467 1858 3525 fasciis
1910 3487 1925 3536 ;

341 3548 504 3617 idque
569 3564 693 3603 cum
747 3562 893 3606 esset
946 3554 1066 3621 ejus
1128 3563 1302 3608 mater
1359 3573 1567 3626 pauper
1616 3569 1672 3616 et
1729 3563 1930 3618 nullius

342 3642 602 3706 nominis,
675 3651 731 3696 et
787 3660 909 3712 qua:
977 3645 1115 3699 nihil
1179 3648 1412 3703 habebat
1485 3662 1682 3721 prteter
1751 3655 1928 3710 solum

343 3734 966 3806 tugurium?Numquid
1033 3739 1260 3807 planum
1330 3752 1437 3807 est,
1505 3742 1673 3798 Deum
1740 3761 1929 3802 eorum

340 3830 554 3882 animos
581 3831 647 3883 ad
685 3829 787 3883 hoc
821 3831 1102 3885 movisse?
1131 3830 1265 3888 Vide
1301 3835 1446 3888 enim
1485 3851 1675 3892 eorum
1711 3856 1930 3911 quoque

342 3921 542 3975 claram
579 3923 751 3976 fuisse
795 3923 1076 3988 virtutem,
1113 3941 1221 3979 non
1266 3928 1442 3982 solum
1483 3944 1548 3984 eo
1580 3932 1725 4001 quod
1769 3951 1934 3990 vene-

341 4012 475 4076 rint,
504 4014 602 4068 sed
640 4015 806 4068 etiam
850 4017 991 4084 quod
1037 4017 1294 4071 audacter
1335 4029 1384 4074 et
1415 4020 1584 4078 libere
1616 4024 1930 4093 loquantur.

341 4104 423 4160 Ne
473 4106 621 4159 enim
678 4106 1130 4161 existimarentur
1174 4109 1346 4164 fuisse
1391 4114 1683 4182 suppositi,
1724 4124 1782 4169 et
1835 4118 1934 4173 viae

343 4195 538 4250 ducem
595 4198 939 4251 ostendunt:
983 4197 1216 4253 Vidimus
1256 4201 1423 4265 enim,
1485 4203 1752 4270 dicentes,
1820 4207 1933 4277 ejus

340 4288 593 4353 stellam;
622 4299 678 4343 et
709 4290 810 4344 via:
853 4291 1321 4361 magnitudinem:
1349 4294 1405 4347 in
1431 4293 1663 4362 Oriente,
1697 4299 1928 4355 scilicet.

345 4380 550 4436 Deinde
574 4382 738 4436 etiam
788 4384 997 4439 addunt
1039 4385 1304 4454 insignem
1355 4386 1633 4452 ﬁduciam,
1673 4406 1797 4446 cum
1850 4393 1936 4448 di-

343 4479 478 4525 cunt
527 4487 541 4523 :
592 4470 657 4524 Et
708 4473 943 4526 uenimus
1011 4482 1080 4529 ad
1149 4491 1268 4528 eum
1326 4478 1684 4535 adorandum.
1739 4480 1934 4553 Neque

2108 3285 2422 3341 XVII.Vide
2454 3293 2661 3348 autem,
2681 3297 2710 3335 a
2739 3295 2902 3350 quam
2932 3277 3118 3334 multis
3147 3276 3340 3346 ﬁlejus
3373 3274 3448 3329 rei
3470 3274 3627 3328 fides.

2035 3378 2168 3433 Nam
2211 3393 2358 3432 nunc
2389 3376 2607 3446 quidem
2637 3374 2809 3436 stella,
2840 3387 2986 3427 nunc
3026 3371 3260 3440 p0pulus
3288 3367 3634 3436 Judaaorum,

2036 3471 2234 3525 deinde
2265 3469 2427 3524 etiam
2479 3467 2710 3531 insidiae,
2760 3474 2816 3519 et
2865 3471 3150 3535 praeterea,
3197 3461 3485 3531 prophetia
3530 3459 3635 3513 do-

2037 3573 2162 3619 cent
2219 3562 2269 3616 id
2307 3562 2448 3632 quod
2473 3558 2839 3630 quaerebatur.
2891 3555 3099 3610 Deinde
3143 3569 3268 3608 cum
3299 3568 3394 3607 eos
3437 3564 3634 3605 rursus

2037 3655 2191 3711 stella
2235 3653 2535 3721 accepisset
2561 3668 2622 3704 ex
2680 3647 3090 3718 Hierosolymis,
3138 3655 3431 3716 postquam
3500 3658 3631 3696 cum

2038 3763 2166 3819 rege
2217 3745 2479 3803 collocuti
2541 3754 2748 3805 essent,
2800 3741 3023 3796 deducit
3057 3739 3111 3792 in
3163 3738 3467 3797 Bethleem,
3516 3752 3633 3790 non

2038 3840 2361 3910 simpliciter
2422 3837 2648 3902 vadens,
2704 3836 2799 3891 sed
2853 3851 2951 3890 eos
3005 3833 3251 3896 trahens,
3312 3839 3366 3885 et
3423 3830 3638 3882 ducens

2040 3935 2266 3990 meridie
2299 3954 2313 3988 :
2349 3941 2408 3986 ut
2455 3933 2538 3986 vel
2565 3948 2632 3986 ex
2663 3945 2730 3985 eo
2760 3937 2950 3984 notum
2990 3937 3136 3981 esset
3190 3924 3468 3987 omnibus,
3506 3938 3634 3977 eam

2038 4043 2150 4082 non
2193 4041 2313 4082 esse
2371 4024 2584 4080 stellam
2643 4038 2805 4077 unam
2846 4036 2878 4075 e
2913 4019 3124 4083 multis,
3162 4033 3341 4087 neque
3396 4015 3632 4070 omnino

2042 4121 2236 4175 similis
2287 4134 2411 4174 cum
2465 4119 2585 4173 aliis
2633 4116 2865 4171 ordinis.
2920 4113 3048 4167 ideo
3078 4111 3226 4166 enim
3289 4110 3494 4164 vadens
3565 4125 3634 4163 ex

2040 4211 2374 4277 Jerusalem,
2427 4227 2539 4266 non
2589 4209 2742 4280 prius
2795 4203 3074 4268 consistit,
3117 4202 3297 4257 donec
3348 4202 3413 4256 ad
3451 4202 3634 4272 ipsum

2043 4304 2258 4360 venerit
2317 4316 2583 4372 praesepe.
2647 4299 2944 4367 Postquam
3004 4303 3188 4349 autem
3258 4294 3409 4350 stetit
3467 4309 3634 4363 supra

2044 4407 2300 4464 puerum,
2338 4389 2522 4443 statim
2556 4387 2825 4443 constitit.
2859 4386 2929 4441 Et
2964 4393 3256 4455 propterea
3293 4383 3439 4453 quod
3478 4399 3633 4438 nunc

2045 4485 2267 4557 quidem
2319 4481 2770 4547 absconderetur,
2804 4495 2953 4534 nunc
3000 4488 3184 4532 autem
3233 4487 3543 4546 appareret,
3581 4489 3632 4530 et

347 4563 441 4616 irae
481 4565 690 4634 pepuli,
753 4581 929 4634 neque
972 4567 1118 4635 regis
1168 4569 1470 4638 tyrannidis
1509 4572 1674 4627 ullam
1722 4575 1934 4631 ducunt
1965 4583 2011 4639 ι)
2040 4577 2240 4634 deinde
2278 4591 2401 4631 cum
2448 4573 2811 4644 apparuisset,
2854 4586 3041 4625 rursus
3074 4579 3262 4637 staret,
3311 4568 3638 4623 ostendebat

348 4656 638 4711 rationem.
667 4658 798 4723 Qua:
825 4674 949 4712 cum
993 4659 1256 4715 audiisset
1301 4659 1566 4729 Herodes,
1601 4668 1938 4723 conturbatus

347 4759 445 4812 est,
491 4749 687 4820 inquit.
729 4752 803 4806 De
842 4753 1076 4822 imperio
1111 4753 1256 4808 enim
1301 4769 1426 4808 eum
1473 4766 1653 4812 metus
1691 4769 1936 4828 ceperat.

353 4842 416 4897 Et
463 4843 586 4898 ideo
652 4845 719 4899 ad
778 4860 838 4899 se
897 4861 1135 4914 quoque
1181 4857 1476 4918 congregat
1535 4850 1824 4918 pontifices
1881 4863 1940 4908 et

348 4935 559 4990 scribas
611 4937 820 5006 pOpuli,
855 4947 910 4991 et
956 4953 1053 4992 eos
1095 4938 1387 5008 diligenter
1433 4941 1766 5015 interrogat,
1816 4945 1939 5000 ubi-

351 5043 476 5081 nam
521 5028 784 5083 Christus
819 5039 1166 5086 nasceretur.

424 5118 562 5174 XVI.
599 5121 901 5176 Considera
941 5131 1122 5177 autem
1169 5122 1546 5180 admirabilem
1593 5141 1778 5181 rerum
1824 5128 1936 5184 dis-

351 5211 754 5281 pensationem,
780 5223 836 5268 et
869 5215 1333 5283 quemadmodum
1367 5217 1572 5271 veritas
1610 5219 1775 5273 etiam
1808 5235 1937 5275 suo-

351 5319 472 5357 rum
531 5305 878 5358 inimicorum
931 5311 1100 5359 utitur
1129 5307 1353 5361 auxilio.
1387 5307 1524 5362 Cum
1569 5310 1717 5366 enim
1768 5311 1939 5368 inter-

349 5396 903 5481 rogarentur'Judaei,
939 5399 1162 5453 ubinam
1200 5399 1455 5454 Christus
1483 5412 1822 5466 naSreretur,
1876 5407 1936 5469 ii,

350 5487 424 5542 In
455 5486 720 5543 Bethleem
749 5487 924 5553 ludar,
954 5498 1013 5543 ut
1040 5504 1128 5543 res
1159 5503 1220 5544 se
1257 5488 1516 5556 habebat,
1545 5488 1798 5544 dixerunt
1825 5509 1840 5546 :
1885 5504 1940 5548 et

456 5658 524 5688 ιι·
550 5655 740 5709 Matth.
769 5673 828 5720 ιι,
869 5657 920 5708 1.
1012 5657 1056 5690 ’⁸
1085 5657 1273 5712 Matth.
1309 5674 1421 5723 xrv,
1449 5669 1598 5734 seqq.

2043 4683 2104 4724 se
2155 4681 2279 4721 esse
2330 4664 2555 4734 majoris
2614 4663 2857 4727 virtutis,
2909 4675 3072 4730 quam
3128 4676 3250 4730 quae
3318 4661 3373 4714 in
3421 4660 3637 4714 stellam

2041 4760 2284 4818 caderet.
2323 4767 2381 4812 et
2418 4758 2498 4813 eis
2550 4756 2789 4810 faciebat
2837 4754 3212 4809 accessionem
3278 4753 3425 4807 ﬁdei.
3472 4752 3639 4807 Certe

2041 4852 2202 4922 longe
2227 4853 2462 4904 maxima
2526 4847 2839 4904 afﬁciuntur
2876 4847 3088 4913 laetitia,
3121 4845 3265 4914 quod
3293 4855 3348 4900 et
3388 4845 3638 4900 invenis-

2044 4957 2166 5000 sent
2216 4944 2268 4999 id
2302 4943 2447 5013 quod
2476 4941 2842 5017 qumrebatur,
2877 4949 2933 4994 et
2978 4939 3082 4994 iter
3111 4954 3221 4992 non
3259 4938 3460 4992 frustra
3499 4953 3639 4992 cou—

2043 5036 2327 5099 fecissent,
2355 5043 2410 5088 et
2458 5032 2608 5103 quod
2657 5030 2804 5086 fetus
2859 5037 3008 5084 esset
3063 5029 3306 5092 divinus,
3365 5036 3421 5080 et
3486 5028 3636 5097 quod

2041 5130 2276 5184 fuissent
2327 5126 2500 5181 nuntii
2541 5124 2808 5180 veritatis.
2855 5121 2987 5188 Quae
3017 5121 3238 5191 quidem
3285 5119 3466 5175 omnia
3508 5130 3640 5175 sunt

2042 5223 2186 5278 illius
2243 5217 2580 5275 admirabilis
2626 5216 2822 5286 puellae
2868 5215 3122 5269 eneomia
3165 5221 3391 5283 propter
3437 5213 3636 5278 Deum,

2041 5313 2135 5383 qui
2185 5327 2254 5366 ex
2320 5310 2434 5379 ipsa
2501 5315 2663 5361 natus
2705 5315 2793 5360 est
2839 5314 2948 5360 :et
2993 5320 3187 5359 eorum
3251 5303 3641 5374 magnitudine

2045 5405 2216 5467 illam,
2260 5411 2322 5456 ut
2362 5400 2714 5471 praecipuam,
2746 5398 2995 5453 eximunt
3025 5413 3054 5451 a
3093 5397 3442 5452 mulieribus.
3480 5396 3642 5452 Post-

2048 5509 2210 5566 quam
2268 5500 2450 5546 autem
2527 5488 2750 5544 fuerunt
2836 5489 2982 5542 intra
3051 5486 3312 5551 deruunt,
3371 5487 3637 5556 viderunt,

1681 5657 1726 5688 "'
1755 5657 1920 5715 Mich.
1940 5678 1994 5728 v,
2032 5660 2086 5714 2.
2163 5660 2208 5693 ’⁸
2234 5659 2371 5715 Gen.
2406 5670 2552 5721 XLIX,
2581 5653 2668 5708 10.

361 5814 494 5864 Θεοῦ
522 5813 814 5880 θεραπεία,
861 5817 957 5880 τὰς
1010 5817 1188 5887 ψυχὰς
1211 5821 1392 5880 αὐτῶν
1421 5823 1662 5893 γαλήνης
1691 5821 1994 5893 πληροῦσα,
2038 5821 2130 5877 καὶ
2172 5820 2306 5889 πρὸς
2340 5819 2437 5890 τὴν
2474 5814 2638 5872 αὑτοῦ
2683 5812 2978 5885 βεϐαιοῦσα
3018 5809 3201 5866 πίστιν
3239 5807 3315 5882 τῷ
3354 5803 3632 5881 μεγαλειιρ

367 5905 462 5970 τῆε,
492 5904 858 5968 ἀναστάσεως.
