3996 6428
313 383 420 444 545

1415 380 1702 441 οΒΑΤιο
1745 381 1838 442 DE
1882 376 2166 439 SANCTA
2214 353 2488 436 MARIA.

3467 372 3572 433 M3

312 496 508 565 inquit,
554 495 815 564 infantem
856 508 972 547 cum
1028 492 1207 546 Maria
1263 500 1432 544 niam
1480 492 1592 561 ejus
1643 491 1708 542 ".
1745 488 1886 554 Quid
1920 505 1961 561 Α
1993 485 2341 551 tentationes,
2374 491 2428 538 et
2453 482 2528 538 sis
2555 493 2772 552 paratus
2829 481 3091 536 adversus
3127 480 3371 536 insidias.
3409 482 3576 538 dube-

309 598 496 643 autem
538 602 798 657 magnum
852 585 1128 647 viderunt,
1177 569 1324 654 quod
1388 581 1516 636 eum
1567 581 1880 646 adorarunt,

309 695 432 732 cum
487 679 671 732 omnia
721 687 906 731 essent
941 675 1230 745 ejusmodi,
1271 683 1332 728 ut
1370 673 1511 726 nihil
1556 682 1740 742 posset
1767 669 1886 726 esse

309 769 526 824 vilius?
578 767 998 838 Speluncamne,
1052 780 1314 838 praesepe,
1364 764 1612 819 fascias:
1658 779 1725 818 an
1773 778 1888 817 ma-

311 874 474 927 trem,
538 877 660 931 qua
713 872 860 916 tanta
927 870 1044 916 erat
1111 858 1504 928 simplicitate?
1547 856 1687 923 Quid
1759 870 1887 926 ergo

308 967 404 1006 eos
474 961 622 1006 tanta
682 951 867 1006 affecit
959 950 1338 1013 admiratione,
1417 956 1476 1002 ut
1540 963 1646 1001 non
1711 945 1887 1000 solum

309 1041 623 1105 adorarent,
666 1040 760 1094 sed
807 1039 972 1093 etiam
1006 1038 1146 1092 dona
1177 1036 1460 1102 offerrent,
1493 1050 1664 1104 eaque
1691 1035 1887 1103 hujus-

309 1132 481 1196 modi,
513 1145 632 1201 quae
672 1131 850 1200 ipsum
900 1144 1023 1184 esse
1074 1129 1241 1182 Deum
1277 1135 1335 1182 et
1381 1127 1578 1198 Regem
1612 1127 1888 1198 signiﬁca-

312 1225 502 1279 rent?
561 1223 678 1278 Hoc
751 1223 896 1276 enim
955 1221 1058 1275 sibi
1128 1221 1341 1281 volunt,
1418 1234 1612 1289 nempe
1685 1220 1888 1289 Regem

310 1321 534 1390 quidem
567 1336 786 1384 aurum,
819 1319 946 1372 thus
994 1332 1125 1371 vero
1178 1315 1369 1380 Deum,
1429 1315 1648 1385 myrrha
1707 1326 1886 1370 autem

311 1412 766 1482 prmsignificabat
819 1417 1073 1486 mortem,
1106 1423 1266 1478 quam
1325 1423 1421 1477 pro
1454 1422 1540 1462 me
1585 1417 1704 1463 erat
1734 1409 1888 1462 subi-

312 1514 490 1557 turus.
550 1502 823 1568 Quidnam
879 1514 1008 1572 ergo
1051 1515 1148 1554 eos
1214 1499 1452 1553 movit?
1509 1499 1662 1563 illud,
1743 1500 1887 1570 quod

308 1596 471 1649 etiam
525 1595 728 1658 effecit,
767 1603 826 1648 ut
857 1595 1018 1647 domo
1042 1593 1430 1659 excitarentur,
1462 1603 1518 1648 et
1548 1604 1756 1649 tantum
1791 1595 1890 1648 iter

307 1685 647 1740 conﬁcerent
677 1703 690 1739 :
727 1686 884 1740 stella
929 1681 1177 1752 omnino,
1204 1696 1260 1740 et
1305 1702 1425 1756 qute
1477 1701 1665 1740 eorum
1695 1685 1888 1740 animis

311 1778 488 1830 inerat
527 1793 556 1830 a
588 1776 697 1832 Deo
729 1778 1072 1835 illuminatio.

381 1868 568 1923 XVIII.
617 1871 725 1924 Sed
778 1872 906 1940 quid
941 1881 1368 1927 consentaneum
1414 1882 1530 1928 erat
1559 1872 1743 1926 animo
1767 1886 1890 1924 ver—

309 1973 432 2012 sarc
461 1967 710 2022 matrem,
752 1960 868 2015 haec
897 1964 1249 2018 cernentem?
1277 1961 1570 2032 Cujusnam
1629 1961 1719 2014 filii
1749 1969 1895 2014 esset

309 2055 504 2109 mater,
537 2047 601 2101 ad
636 2062 798 2117 quem
835 2049 1064 2105 viritam
1114 2052 1352 2120 insignes
1401 2051 1480 2106 sic
1530 2057 1893 2112 accesserant,

309 2137 465 2190 stella
502 2137 640 2192 duce
667 2149 883 2195 utentes
915 2157 929 2198 :
971 2143 1062 2212 qui
1110 2159 1232 2196 eum
1281 2143 1583 2196 adorabant
1631 2141 1686 2194 in
1718 2139 1896 2195 fasciis

309 2238 364 2282 et
393 2228 534 2282 dona
559 2231 878 2296 offerebant,
906 2243 1157 2304 tanquam
1178 2235 1227 2288 ei
1255 2251 1312 2289 se
1342 2235 1634 2290 conciliare
1673 2233 1896 2288 studen-

312 2327 414 2384 tes,
453 2329 508 2374 et
535 2321 638 2375 sibi
667 2324 871 2391 aliquid
904 2319 1179 2396 magnum,
1215 2326 1360 2395 quod
1380 2327 1507 2381 hinc
1534 2336 1652 2380 erat
1679 2333 1897 2378 secutu-

312 2427 452 2476 rum,
477 2417 877 2481 procurantes?
917 2416 1006 2472 Vel
1038 2429 1300 2488 quantum
1333 2435 1452 2474 eam
1505 2420 1740 2488 gaudere
1799 2433 1898 2487 par

311 2515 432 2558 crat
464 2521 528 2560 ac
558 2517 820 2576 quantum
859 2510 1143 2573 illustrari.
1175 2523 1499 2580 quantaeque
1519 2513 1631 2581 spei
1661 2511 1896 2565 fructum

306 2596 414 2664 jam
447 2598 727 2667 percipere
756 2616 864 2654 ncn
903 2616 968 2656 ex
1007 2602 1092 2656 his
1125 2605 1322 2664 solum,
1361 2604 1456 2658 sed
1482 2618 1545 2658 ex
1580 2603 1685 2657 illis
1705 2603 1894 2667 etiam,

310 2702 429 2754 quze
457 2702 868 2757 praecesserant,
889 2693 1231 2749 admirabilia
1255 2695 1542 2764 colligente
1566 2694 1589 2746 ?
1619 2693 1743 2748 ll.cc
1761 2709 1897 2763 puer

311 2779 399 2831 ille
453 2783 544 2834 dat
586 2783 633 2836 ei
670 2785 894 2853 praemia
929 2801 944 2838 :
982 2786 1059 2840 sic
1089 2787 1315 2856 opponit
1349 2786 1646 2840 humilibus
1680 2800 1744 2838 ea
1776 2801 1896 2854 quae

311 2877 441 2923 sunt
469 2871 701 2926 illustria
735 2889 843 2940 ;ne
882 2875 1052 2929 solam
1081 2876 1270 2931 videns
1301 2878 1636 2946 Speluncam,
1671 2885 1902 2945 ettugu-~

310 2959 476 3023 rinin,
507 2970 561 3015 et
593 2977 859 3034 prasepc,
887 2974 940 3019 et
968 2967 1103 3022 viles
1149 2969 1366 3034 fascias,
1395 2985 1582 3038 parva,
1618 2978 1676 3022 ut
1705 2983 1897 3022 conse-

311 3063 486 3116 quens
516 3051 821 3118 videbatur,
855 3055 1198 3124 opinaretur,
1245 3067 1298 3112 et
1329 3059 1724 3112 distraheretur
1750 3056 1897 3126 cogi-

313 3140 646 3196 tationibus:
676 3146 769 3198 sed
796 3155 855 3200 ut
878 3156 933 3200 et
957 3148 1068 3202 haec
1092 3164 1284 3220 magna
1313 3149 1688 3214 considerans,
1707 3164 1896 3203 rursus

312 3233 365 3286 in
431 3235 601 3287 altutn
647 3237 1018 3304 extolleretur,
1094 3249 1150 3295 et
1207 3250 1428 3311 propter
1479 3241 1626 3294 hunc
1693 3256 1894 3294 novum

311 3335 528 3394 partum
560 3341 619 3382 se
658 3341 841 3398 posset
870 3331 1080 3386 beatam
1135 3333 1355 3388 ducere.
1413 3331 1568 3398 Quod
1623 3333 1768 3388 enim
1829 3333 1897 3388 ab

312 3417 468 3472 initio
498 3422 786 3476 consuevit
817 3423 1077 3479 Dominus
1108 3424 1309 3490 facere,
1347 3435 1407 3480 ut
1448 3441 1569 3494 quae
1601 3437 1729 3481 sunt
1773 3425 1895 3480 vilia

312 3517 367 3563 et
396 3510 645 3577 humilia,
678 3514 901 3567 extollat
948 3525 1146 3586 pncter
1171 3517 1508 3586 opinionem,
1563 3519 1702 3572 sicut
1732 3533 1897 3571 econ-

312 3612 488 3664 tra,ut
511 3619 575 3658 ea
591 3621 710 3675 quae
732 3610 1138 3679 suntsuperba,
1191 3611 1459 3680 deprimat
1496 3611 1640 3667 :hoc
1675 3611 1894 3680 quidem

311 3701 462 3746 certe
491 3694 696 3751 videret
724 3698 887 3753 etiam
954 3699 1134 3755 facere
1165 3702 1220 3754 in
1268 3702 1468 3771 seipso.

383 3783 528 3839 XIX.
570 3787 676 3843 Sed
707 3806 802 3844 cur
849 3791 1015 3862 Magis
1082 3803 1166 3848 est
1211 3795 1555 3864 imperatum,
1616 3810 1684 3849 ne
1713 3810 1898 3850 rursus

316 3877 559 3932 redirent
581 3882 647 3934 ad
699 3883 1018 3937 Herodem?
1048 3883 1113 3938 Et
1145 3901 1402 3954 quorsum
1460 3887 1551 3940 illa
1592 3887 1798 3956 abjecta
1843 3895 1898 3940 et

317 3970 502 4024 minus
556 3973 750 4027 decora
785 3975 838 4028 in
864 3975 1154 4047 Egyptum
1195 3981 1319 4049 fuga
1371 3976 1603 4041 Christi,
1671 3977 1897 4048 perinde

312 4077 377 4116 ac
403 4063 450 4117 si
477 4079 587 4118 non
619 4077 802 4136 posset
845 4069 1003 4124 aliter
1068 4086 1188 4125 esse
1248 4071 1433 4127 salvus
1463 4071 1485 4125 ?
1518 4071 1778 4124 Futurum
1824 4082 1896 4124 est

312 4157 478 4222 enim,
511 4160 707 4229 inquit,
775 4172 832 4215 ut
891 4163 1120 4219 Herodes
1159 4175 1361 4236 quierat
1420 4183 1638 4237 puerum
1662 4169 1731 4220 ad
1784 4183 1900 4236 per—

314 4253 543 4304 dendum
574 4269 691 4306 eum
713 4254 789 4308 ³⁶.
823 4255 958 4309 Num
993 4267 1048 4312 ut
1079 4273 1178 4328 per
1209 4259 1326 4313 haec
1359 4275 1525 4329 parva
1548 4267 1603 4313 et
1636 4260 1898 4325 humana,

315 4348 372 4395 et
410 4352 733 4398 cerneretur
755 4347 871 4415 ipse
909 4362 1129 4402 carnem
1162 4349 1483 4419 sumpsisse,
1520 4358 1574 4403 ct
1609 4349 1898 4419 dispensa-

314 4431 485 4485 tionis
520 4432 665 4486 illms
694 4437 1006 4491 crederetur
1046 4440 1360 4510 magnitudo
1392 4442 1414 4495 ?
1465 4440 1696 4494 Maxime
1725 4458 1738 4494 :
1774 4457 1899 4509 pro-

1989 589 2077 634 tur
2123 589 2303 632 autem
2339 591 2618 630 assumere
2677 590 2905 644 puerum
2939 585 2994 628 et
3058 584 3286 629 matrem
3327 576 3446 645 ejus
3522 584 3578 630 et

1985 673 2172 742 fugere
2209 670 2263 724 in
2304 667 2623 737 Egyptum,
2682 683 2788 721 non
2825 669 2967 723 sicut
3021 669 3194 737 prius.
3253 668 3389 722 Nam
3449 677 3578 723 tunc

1986 762 2202 832 quidem
2229 756 2617 819 dicit.Ua:orem
2651 769 2822 824 tuam;
2856 775 3006 814 nunc
3040 776 3170 814 vero
3211 759 3354 813 hanc
3417 769 3577 814 vocat

1989 866 2229 918 matrem.
2249 869 2370 908 cum
2387 861 2534 906 esset
2557 866 2805 921 egressus
2827 863 3032 920 partus.
3057 863 3111 906 et
3132 861 3277 905 mota
3301 853 3575 920 suspicio.

1989 948 2148 1018 Fugae
2173 959 2352 1003 autem
2373 959 2562 1007 causa.
2586 959 2666 1000 est
2690 955 2868 999 metus
2901 945 3239 1000 insidiarum.
3293 942 3429 998 Vide
3449 959 3578 1014 ergo

1990 1055 2178 1094 rursus
2203 1057 2322 1094 cum
2344 1042 2550 1113 magnis
2573 1049 2627 1095 et
2647 1040 3007 1110 suspiciendis
3031 1040 3288 1107 conjungi
3317 1037 3574 1101 humilia,

1989 1140 2043 1187 et
2073 1133 2476 1201 cumjucundis
2505 1149 2567 1187 ea
2591 1147 2709 1201 quin
2764 1141 2893 1186 sunt
2947 1132 3199 1185 molesta.
3243 1129 3370 1183 l’ost
3424 1129 3576 1182 illam

1989 1239 2086 1290 per
2146 1223 2354 1277 stellam
2386 1223 2788 1286 deductione-in,
2830 1230 2955 1290 post
3002 1220 3219 1274 illorum
3294 1228 3553 1287 tanquam

1990 1315 2142 1386 Regi,
2183 1315 2267 1369 vel
2289 1316 2467 1386 potius
2493 1325 2747 1383 tanquam
2805 1313 2914 1367 Deo
2963 1312 3259 1367 exhibitam
3301 1310 3579 1365 adoratio-

1991 1420 2136 1470 nem,
2176 1415 2230 1460 et
2261 1407 2529 1459 donorum
2591 1404 2958 1468 oblationem,
2996 1404 3049 1456 in
3105 1417 3171 1455 eo
3238 1401 3338 1454 fuit
3399 1408 3578 1454 metus

1992 1497 2202 1559 mortis,
2234 1507 2287 1551 et
2311 1496 2431 1562 fuga
2450 1496 2681 1550 occulta.
2703 1496 2768 1549 Et
2798 1496 2864 1548 de
2889 1510 2997 1563 quo
3018 1495 3167 1563 prius
3189 1494 3574 1547 renuntiatum

1992 1590 2163 1643 fuerat
2202 1588 2316 1643 fore
2344 1589 2636 1643 ut‘salvum
2690 1587 2893 1642 faceret
2926 1588 3209 1656 populum,
3239 1601 3304 1640 nc
3335 1600 3392 1640 se
3456 1585 3580 1653 qui-

1989 1683 2111 1736 dem
2134 1681 2350 1735 videtur
2412 1695 2571 1750 posse
2627 1680 2836 1732 salvum
2897 1679 3096 1732 facere.
3166 1677 3298 1741 Qua:
3352 1676 3577 1745 quidem

1993 1773 2265 1842 quomodo
2292 1786 2483 1826 rursus
2539 1771 2783 1824 animum
2843 1769 3081 1839 Virginis
3138 1753 3582 1821 affecerunt?E:

1928 1857 1965 1910 Β
1999 1867 2126 1936 quid
2162 1874 2592 1920 consentaneum
2622 1874 2706 1918 est
2740 1878 2861 1917 eam
2911 1863 3119 1916 interea
3148 1859 3456 1931 cogitasse?
3489 1859 3580 1914 Sic

1998 1959 2161 2013 etiam
2196 1959 2247 2017 in
2272 1959 2526 2014 omnibus
2600 1957 2807 2011 sanctis
2852 1962 3252 2022 consequenter
3311 1951 3578 2013 invenies,

1997 2067 2120 2106 cum
2143 2052 2208 2106 iis
2233 2067 2353 2122 quae
2382 2061 2593 2106 suntex
2613 2050 2778 2103 animi
2797 2048 3089 2108 sententia,
3118 2046 3334 2100 misceri
3358 2059 3581 2115 quoque

1999 2143 2249 2197 molesta.
2323 2141 2524 2196 Verum
2583 2141 2864 2197 enimvero
2914 2139 2995 2195 sic
3045 2138 3265 2208 quidem
3331 2135 3582 2192 Christus

1997 2235 2148 2289 venit
2179 2235 2231 2288 in
2263 2234 2579 2305 Egyplum.

2067 2326 2185 2380 XX.
2216 2327 2452 2381 llerodes
2503 2337 2684 2380 autem
2749 2341 2870 2380 cum
2900 2340 2929 2378 a
2955 2339 3122 2394 scopo
3160 2324 3491 2383 aberrasset.
3522 2324 3576 2376 in

1999 2419 2256 2482 infantes,
2286 2421 2377 2488 qui
2411 2419 2611 2472 nullam
2678 2418 2920 2473 fecerant
2989 2417 3269 2484 iniuriam,
3325 2426 3436 2470 tota
3501 2416 3582 2469 ira

1997 2511 2277 2581 erumpit,
2302 2526 2369 2566 eo
2403 2512 2564 2565 modo
2593 2525 2688 2564 eos
2729 2511 3022 2569 ulciscens.
3047 2510 3138 2577 qui
3191 2509 3342 2562 illum
3392 2509 3582 2563 illuse-

1999 2604 2270 2661 ranttvel
2299 2605 2478 2672 potius
2535 2613 2774 2672 propter
2803 2618 2959 2655 suam
3009 2602 3062 2656 in
3099 2602 3373 2655 Christum
3431 2601 3582 2654 insa-

1999 2698 2168 2758 niam,
2190 2711 2350 2765 quam
2374 2695 2626 2764 concepit
2664 2694 2734 2747 ob
2775 2703 2978 2747 metum
3007 2695 3177 2763 regni,
3215 2693 3582 2747 communiter

1999 2789 2284 2844 adversum
2318 2804 2534 2842 omnem
2565 2787 2721 2840 irruit
2742 2797 3014 2848 naturam,
3042 2796 3096 2840 ct
3116 2783 3582 2840 interficitomnes

1999 2881 2231 2934 infantes
2287 2879 2376 2949 qui
2403 2889 2558 2934 erant
2585 2879 2640 2932 in
2701 2877 3001 2942 Bethleem,
3029 2877 3082 2930 in
3134 2877 3238 2929 hac
3290 2875 3544 2930 universa

1999 2974 2145 3028 crede
2179 2972 2463 3027 infantium
2499 2973 2822 3026 existimans
2847 2986 2905 3024 se
2938 2979 2994 3023 et
3025 2984 3193 3023 unum
3226 2969 3374 3022 illum
3402 2969 3584 3022 omni-

2001 3081 2072 3120 no
2098 3074 2497 3128 assecuturum,
2536 3072 2674 3118 etut
2728 3064 2821 3118 ille
2869 3062 3080 3117 solutus
3119 3071 3266 3116 esset
3326 3076 3356 3115 a
3411 3071 3582 3124 metu,

2001 3174 2192 3214 omnes
2261 3160 2443 3230 lugere
2467 3173 2771 3228 procurans
2833 3156 3385 3211 immisericorditer:
3439 3158 3585 3224 quod

2002 3252 2083 3306 vel
2125 3252 2176 3304 in
2202 3252 2366 3304 rebus
2397 3249 2707 3303 inanimatis
2733 3247 3089 3302 abstinuisset
3140 3246 3320 3301 facere
3345 3245 3502 3311 alius,
3531 3254 3587 3298 et

2000 3353 2214 3397 teneras
2247 3342 2456 3410 plantas
2485 3340 2776 3409 aspiciens,
2839 3338 3211 3393 misericordia
3267 3337 3586 3403 ductus,eas

1998 3433 2262 3487 noluisset
2292 3430 2630 3486 exscindere.
2659 3428 2765 3482 Sed
2803 3428 2980 3481 videte
3012 3443 3129 3492 vos,
3156 3426 3249 3495 qui
3293 3427 3582 3494 imperium

1998 3525 2212 3587 amatis,
2233 3533 2287 3577 et
2309 3523 2491 3578 estisa
2519 3537 2654 3575 vana
2697 3521 2935 3589 superati
2991 3520 3178 3590 gloria,
3218 3519 3272 3572 in
3324 3527 3581 3586 quantam

1998 3633 2061 3673 ea
2103 3615 2368 3670 insaniam
2423 3614 2604 3683 adigat
2634 3625 2930 3674 amatores,
2962 3623 3018 3665 et
3065 3625 3300 3673 quonam
3328 3625 3422 3663 eos
3454 3609 3587 3663 ferri

2001 3708 2313 3779 persuadet,
2340 3718 2396 3760 et
2427 3721 2672 3774 quaenam
2705 3720 2799 3757 eos
2829 3704 2970 3772 cogit
3002 3704 3201 3759 facere.
3224 3702 3374 3756 Hanc
3398 3716 3579 3757 autem

2001 3799 2288 3854 infantium
2311 3795 2511 3850 cmdem
2530 3794 2792 3849 Jeremias
2817 3809 3032 3862 quoque
3060 3794 3246 3848 multis
3268 3805 3396 3847 ante
3423 3795 3589 3846 annis.

1999 3889 2348 3961 praenuntiat,
2391 3897 2449 3942 et
2505 3886 2746 3956 praedicit
2798 3885 3136 3953 tragoediam,
3187 3893 3243 3938 et
3291 3883 3586 3937 introducit

2000 3984 2292 4039 Rachelem
2326 3982 2544 4036 ﬂentem
2585 3994 2714 4034 suos
2746 3978 2904 4038 filios.
2929 3985 2984 4032 el.
3022 3975 3445 4030 consolationem
3481 3975 3587 4028 mi-

1999 4077 2146 4131 nime
2179 4074 2551 4129 admittentem
2581 4073 2622 4103 ³¹
2653 4109 2667 4124 .
2692 4070 2954 4136 Quocirca
2985 4083 3094 4122 non
3114 4070 3398 4136 ignorante
3429 4068 3546 4121 scili
3568 4097 3581 4106 -

2000 4179 2087 4224 cet
2123 4169 2231 4222 beo
2263 4166 2378 4220 haec
2413 4165 2634 4230 ﬁebant,
2688 4162 2783 4217 sed
2848 4170 2903 4215 et
2971 4162 3206 4224 sciente,
3263 4167 3317 4213 et
3369 4158 3588 4212 volente

2000 4259 2218 4330 quidem
2246 4272 2455 4322 arcere,
2526 4257 2933 4325 pcrmittentem
2987 4261 3169 4306 autem
3222 4250 3435 4305 arcanis
3465 4252 3588 4320 qui-

2000 4355 2227 4409 busdam
2256 4350 2578 4406 rationibus.
2618 4349 2724 4403 Sed
2749 4345 2989 4402 Herodes
3010 4345 3230 4414 quidem
3275 4344 3588 4413 percipiens

2002 4463 2214 4512 eorum,
2245 4461 2367 4515 qua:
2392 4444 2544 4508 fecit,
2606 4442 2815 4495 fructus
2868 4439 3277 4502 convenientes,
3326 4435 3590 4490 divinitus

314 4533 507 4592 pterea
536 4539 639 4578 nec
665 4525 840 4594 primo
860 4529 1051 4584 statuit
1072 4529 1126 4583 in
1141 4530 1395 4585 omnibus
1417 4532 1593 4586 facere
1613 4532 1894 4585 miracula.
1932 4535 1974 4589 D
2004 4541 2251 4595 immissa
2296 4537 2470 4608 plaga,
2507 4543 2620 4588 toto
2676 4547 2904 4600 corpore
2969 4531 3269 4588 sauciatur,
3338 4537 3394 4582 et
3444 4541 3570 4579 vere

315 4613 452 4680 Quae
480 4615 624 4669 enim
649 4618 718 4672 ab
749 4619 904 4674 initio
932 4619 1076 4676 facta
1103 4629 1482 4692 sunt,pr0pter
1508 4621 1733 4676 Matrem
1778 4637 1899 4676 om-

318 4710 457 4763 nino
490 4709 630 4764 facla
660 4719 808 4778 sunt,
832 4712 1294 4785 propterJoseph,
1353 4723 1573 4784 pmpter
1631 4723 1897 4784 pastores,

320 4814 548 4874 propter
582 4803 786 4877 Magos.
815 4805 930 4872 Qua
969 4808 1036 4864 de
1060 4824 1225 4864 causa
1257 4809 1425 4880 Magis
1455 4824 1677 4880 quoque
1711 4811 1898 4864 datum

321 4911 405 4955 est
439 4917 760 4970 responsum
798 4919 866 4960 ne
896 4915 1299 4961 reverterentur
1325 4907 1392 4961 ad
1422 4906 1713 4970 Herodem,
1751 4917 1810 4961 ut
1848 4915 1902 4962 et

321 4996 580 5050 doctores
606 4997 718 5051 cito
740 4998 1092 5054 mitterentur
1113 5000 1167 5054 in
1194 4999 1486 5054 Persarum
1521 5001 1819 5071 regionem,
1845 5007 1900 5053 et

323 5087 540 5156 tyranni
565 5087 719 5144 furor
742 5091 793 5145 in
803 5100 1228 5162 terrumperetur
1243 5093 1521 5163 sciretque
1537 5107 1596 5148 se
1613 5110 1675 5148 ea
1688 5093 1903 5164 aggredi

320 5195 444 5250 qua:
460 5180 596 5236 efﬁci
622 5198 731 5236 non
749 5195 988 5253 possent.
1013 5185 1167 5252 Quod
1187 5187 1228 5242 si
1247 5201 1356 5240 non
1375 5187 1545 5241 evasit
1561 5187 1773 5248 melior,
1798 5201 1905 5240 non

327 5272 378 5323 in
399 5285 551 5332 eum,
576 5273 671 5340 qui
693 5263 806 5327 haec
828 5275 1081 5344 providit,
1108 5285 1164 5331 et
1181 5277 1273 5346 qui
1293 5277 1406 5331 haec
1429 5276 1639 5332 eofecit
1655 5275 1904 5341 consilio,

325 5364 418 5418 sed
437 5365 492 5418 in
524 5380 794 5419 summam
822 5366 964 5421 illius
981 5367 1244 5424 insaniam
1263 5369 1417 5438 culpa
1439 5376 1524 5423 est
1541 5367 1902 5433 conferenda;

329 5469 594 5521 praeterea
646 5466 706 5511 ut
751 5465 806 5511 tu
834 5474 1068 5529 quoque,
1093 5461 1186 5529 qui
1219 5475 1286 5514 ex
1325 5460 1544 5514 Christo
1582 5459 1765 5514 vivere
1790 5457 1903 5512 ele-

324 5550 470 5620 gisti.
511 5566 623 5605 non
659 5565 851 5620 parvas
903 5552 971 5606 ad
1030 5552 1430 5622 phiIOSOphiam
1471 5566 1538 5606 ex
1567 5566 1633 5606 eo
1660 5551 1906 5605 invenias

326 5645 650 5700 occasiones
683 5662 697 5699 :
754 5659 949 5715 nempe
983 5654 1039 5700 ut
1064 5647 1314 5700 etstatim
1344 5646 1412 5701 ab
1440 5645 1594 5701 initio
1625 5656 1908 5713 exspeCtes

2004 4633 2175 4688 malus
2224 4631 2366 4686 male
2429 4628 2588 4697 perit,
2630 4625 2934 4694 ejusregno
2982 4623 3036 4675 in
3103 4629 3338 4690 quatuor
3405 4627 3588 4686 partes

2003 4723 2178 4778 diviso
2216 4740 2230 4776 :
2269 4717 2538 4774 Archelao
2588 4713 2808 4783 quidem
2864 4710 3151 4778 imperium
3186 4709 3471 4761 obtinente
3531 4707 3588 4760 in

2004 4816 2208 4879 Iudaea,
2241 4810 2454 4866 Herode
2487 4815 2692 4868 autem,
2723 4814 2778 4858 et
2826 4802 3100 4871 Philippo,
3135 4811 3189 4854 et
3215 4797 3464 4870 Lysania,
3498 4799 3588 4854 illo

2005 4906 2225 4976 quidem
2252 4901 2506 4964 Galilaeaa,
2543 4898 2646 4952 hoc
2691 4908 2819 4948 vero
2845 4892 3054 4946 lturteze
3082 4900 3139 4945 et
3165 4888 3586 4950 Trachonitidis,

2007 5006 2286 5069 postremo
2320 5003 2525 5052 autem,
2556 4987 2946 5042 tetrarchatum
2989 4983 3185 5037 sortito
3205 4979 3592 5034 Abilina‘.“'”.

2081 5086 2223 5142 XXI.
2269 5083 2558 5152 Postquam
2587 5087 2768 5134 autem
2803 5077 3034 5130 excessit
3080 5073 3318 5127 Herodes
3370 5086 3436 5125 ex
3493 5070 3594 5124 hn-

2012 5182 2210 5250 manis,
2239 5177 2462 5250 angelus
2491 5186 2682 5226 rursus
2709 5169 2763 5223 in
2816 5167 3023 5221 somnis
3080 5165 3319 5234 Josepho
3363 5174 3591 5233 apparet

2011 5273 2066 5326 in
2097 5271 2349 5340 Egypto,
2380 5274 2435 5321 et
2460 5263 2616 5334 jubet
2644 5261 2906 5316 infantem
2929 5257 3199 5326 accipere,
3248 5263 3302 5308 et
3322 5251 3592 5323 proﬁcisci

2010 5365 2066 5419 in
2096 5373 2292 5417 tetram
2357 5357 2537 5414 lsrael.
2588 5353 2762 5419 Quam
2817 5349 3020 5412 multae,
3057 5362 3091 5402 ο
3145 5345 3345 5402 Christi
3399 5343 3595 5404 Mater,

2013 5455 2234 5510 fuerunt
2293 5450 2387 5506 tibi
2431 5463 2658 5503 casuum
2715 5440 3147 5512 inaequalitates?
3192 5451 3354 5508 quam
3411 5434 3598 5488 multa:

2015 5562 2195 5602 rerum
2227 5539 2598 5598 mutationes?
2631 5541 2768 5594 Ecce
2798 5537 2942 5591 enim
2969 5547 3154 5587 rursus
3197 5528 3417 5600 quidem
3444 5525 3593 5579 fuisti

2015 5641 2188 5695 soluta
2215 5637 2283 5692 ab
2306 5635 2518 5700 exsilio,
2555 5640 2611 5688 ct
2653 5631 2721 5686 ad
2784 5628 3056 5700 propriam
3088 5621 3377 5678 reverteris
3421 5618 3594 5689 regio-

437 5823 483 5854 υ
520 5821 715 5878 Matth.
747 5839 809 5890 ιι,
849 5825 929 5879 ll.
1010 5806 1268 5879 "Matth.
1315 5841 1373 5890 ιι,
1412 5824 1494 5878 is.
1576 5821 1846 5877 “Jerem.
1894 5818 2067 5886 ".15.
2148 5815 2263 5848 η-εθ
2299 5812 2433 5868 Luc.
2467 5811 2644 5878 In,l;
2705 5807 2892 5862 Matth.
2936 5803 3244 5872 11,20,21.
