3996 6450
390 367 495 432 547

1665 353 1948 413 MENSIS
1987 351 2419 414 AUGUSTUS.

3561 346 3668 411 5&8

379 494 531 540 nem,
560 485 615 531 et
650 489 802 538 eum,
825 472 918 543 qui
941 469 1040 525 tibi
1073 465 1212 522 male
1236 465 1418 521 facere
1443 477 1734 536 aggressus
1765 461 1788 516 ί
1793 471 1969 531 uerat,
2001 471 2045 527 Α
2076 462 2394 534 Ᾱῦεγριυιιι,
2426 474 2657 516 narrans
2687 457 3096 532 Lucas(neque
3151 459 3299 515 enim
3339 469 3466 516 ante
3512 464 3671 532 puri-

386 575 502 642 ipsa
537 569 720 640 potius
756 580 879 620 eum
909 561 1093 618 vidisti
1120 560 1262 614 male
1299 557 1550 629 periisse.
1584 554 1722 611 Cum
1751 555 1972 611 domum

381 673 562 717 autem
598 660 857 719 venisses,
894 668 1084 709 rursus
1114 651 1329 706 invenis
1363 649 1628 704 malorum
1663 650 1974 704 successio-

385 768 528 816 nem,
561 759 616 804 et
645 748 796 802 vides
823 747 990 800 lilium
1037 742 1270 814 tyranni,
1325 740 1418 812 qui
1459 741 1564 796 fuit
1589 741 1666 794 tui
1708 739 1829 794 Filii
1854 739 1977 810 (pro

381 844 537 898 dolor
559 843 597 909 ί)
623 840 930 901 insidiator,
973 853 1072 908 pro
1093 851 1160 891 eo
1192 843 1530 906 regnantem.
1570 833 1675 888 Sed
1704 832 1979 904 rogaverit

379 935 648 1004 quispiam
683 949 746 987 ex
779 931 1061 992 Studiosis,
1092 926 1370 997 quomodo
1421 925 1727 980 Archelaus
1776 924 1977 978 Iudaea:

381 1026 708 1097 imperabat,
759 1023 954 1077 Pontio
1003 1021 1180 1074 Pilato
1221 1029 1351 1072 tunc
1400 1016 1773 1088 praesidente?
1832 1015 1977 1070 Num

379 1121 522 1190 quod
550 1134 724 1188 nuper
753 1115 1078 1172 decessisset
1121 1113 1441 1174 Ilerodes,et
1463 1110 1704 1166 nondum
1731 1109 1786 1164 in
1812 1109 1979 1163 multa

379 1227 604 1282 regnum
640 1217 784 1262 esset
812 1207 1068 1269 divisum,
1112 1204 1257 1257 illius
1294 1201 1434 1254 lilius
1480 1200 1691 1253 interea
1747 1196 1982 1251 habebat

382 1302 718 1372 imperium?
753 1300 871 1353 Non
894 1308 979 1354 est
1021 1307 1205 1350 autem
1249 1292 1597 1364 evangelista:
1647 1304 1979 1361 supervaca-

381 1411 484 1448 nea
529 1394 702 1464 patris
726 1405 944 1460 quoque
994 1386 1254 1457 adjectio.
1303 1384 1413 1438 Pro
1453 1381 1659 1436 Herode
1685 1382 1855 1448 enim,
1893 1380 1979 1433 in-

381 1486 520 1556 quit,
541 1494 692 1554 patre
713 1483 824 1551 ejus
853 1482 919 1547 “,
947 1490 1006 1534 ut
1035 1478 1242 1534 scilicet
1264 1493 1388 1531 eum
1420 1493 1448 1529 a
1483 1474 1649 1529 fratre
1678 1474 1981 1543 distingue-

382 1587 485 1642 ret,
519 1586 576 1630 ut
603 1575 694 1645 qui
727 1577 844 1643 ipse
873 1586 1092 1643 quoque
1125 1569 1366 1623 Ilerodes
1397 1576 1684 1622 vocaretur
1704 1565 1979 1620 similiter.

455 1685 624 1740 XXII.
683 1682 848 1737 Venit
904 1697 1033 1752 ergo
1076 1679 1276 1749 Joseph
1337 1677 1629 1741 Nazareth,
1673 1686 1732 1732 ut
1790 1675 1881 1746 qui
1926 1676 1980 1730 in

383 1779 590 1834 somnis
625 1790 944 1846 responsum
980 1773 1280 1841 accepisset
1301 1771 1397 1841 (ita
1436 1771 1584 1825 enim
1640 1770 1861 1825 divinus
1907 1769 1982 1823 ait

386 1869 710 1937 Matthazus)
743 1867 989 1923 simulet
1037 1865 1344 1932 periculum
1402 1863 1638 1934 fugiens,
1688 1871 1745 1916 et
1787 1861 1978 1915 volens

388 1964 630 2017 habitare
666 1961 718 2014 in
751 1960 946 2030 patria;
979 1957 1050 2013 Ut
1112 1965 1293 2010 autem
1350 1964 1535 2024 posset
1579 1953 1752 2022 magis
1802 1951 1976 2006 conti-

386 2057 538 2120 dere,
570 2044 890 2121 reSponsutu
918 2049 1116 2118 accipit
1145 2049 1212 2101 ab
1233 2049 1448 2116 angelo.
1487 2045 1650 2114 Atqui
1685 2059 1793 2097 non
1835 2043 1973 2097 dicit

389 2147 564 2201 Lucas
601 2147 752 2199 illum
793 2145 1009 2198 venisse
1030 2158 1096 2197 ex
1130 2157 1396 2211 responso
1430 2158 1443 2192 :
1473 2139 1566 2194 sed
1603 2154 1726 2193 cum
1757 2153 1977 2192 omnem

390 2241 710 2308 implessent
743 2235 1200 2306 puriﬁcationem,
1252 2234 1510 2286 statuisse
1547 2246 1738 2285 rursus
1777 2231 1976 2286 reverti

386 2329 681 2384 Nazareth.
709 2327 996 2393 Quomodo
1036 2342 1166 2396 ergo
1195 2333 1275 2379 est
1310 2340 1340 2378 a
1369 2323 1528 2378 nobis
1549 2322 1810 2376 solvenda
1841 2337 1977 2375 con-

390 2420 689 2476 troversia?
717 2420 871 2485 Quod
896 2429 1131 2488 tempus,
1153 2416 1295 2485 quod
1317 2416 1559 2469 fuitante
1575 2415 1899 2469 descensum
1928 2414 1982 2464 in

467 2517 541 2569 ’³⁵
571 2539 756 2590 Matth.
790 2552 849 2601 ιι,
882 2535 973 2589 29..
1047 2534 1092 2567 ³⁵
1125 2533 1260 2587 Luc.
1293 2548 1353 2597 ιι,
1383 2533 1478 2586 23.
1555 2531 1600 2562 “
1633 2530 1768 2584 ibid.
1793 2531 1880 2585 40.

462 2655 572 2726 (ll)
653 2653 761 2706 Τοῦ
813 2650 1252 2721 Μεταφραστοῦ
1306 2650 1405 2704 καὶ
1465 2649 1570 2703 τοῦ
1608 2648 1983 2718 Γεωμέτρου.

393 2741 604 2816 Ὅμως,
635 2746 723 2799 ὅτε
758 2744 968 2797 δώδεκα
996 2743 1134 2795 ἐτῶν
1155 2742 1396 2810 γεγονὼς
1420 2737 1511 2812 ἦν,
1538 2742 1716 2795 ἄνεισι
1747 2740 1844 2810 μὲν
1873 2739 1988 2809 ἅμα

391 2841 504 2901 τοῖς
554 2836 830 2906 γονεῦσιν,
894 2835 976 2896 εἰς
1041 2831 1425 2904 Ἰερουσαλὴμ,
1483 2831 1582 2902 τὴν
1639 2829 1836 2901 ἑορτὴν
1891 2827 1988 2882 τοῦ

394 2930 585 2999 Πάσχα
637 2927 1023 2996 τελεσόμενος’
1086 2924 1160 2988 ὡς
1205 2923 1263 2977 δὲ
1313 2925 1498 2994 ἐκείνη
1533 2923 1706 2994 πέρας
1748 2918 1892 2992 εἶχεν
1935 2923 1994 2975 ἐν

397 3022 638 3092 ἡμέραις
683 3020 826 3072 ἐπτά
880 3018 1205 3089 τελουμένη,
1261 3018 1418 3072 αὐτοὶ
1475 3017 1574 3087 μὲν
1622 3017 1985 3085 ὑπέστρεφον,

405 3111 618 3181 Ἰησους
664 3109 721 3162 δὲ
775 3109 1061 3177 ὑπομένει,
1109 3107 1337 3168 τούτους
1383 3107 1585 3160 λαθών.
1635 3108 1743 3159 Καὶ
1784 3108 1833 3158 οἱ
1891 3107 1990 3176 μὲν

2079 555 2386 610 [icationem
2417 566 2513 607 eos
2535 551 2663 607 illuc
2705 551 2969 617 duxisset,
3006 560 3064 606 ut
3099 549 3236 606 nihil
3260 552 3485 607 omnino
3513 552 3671 608 ﬂeret

2079 654 2270 699 contra
2301 642 2512 713 legem)
2547 641 2664 696 hare
2691 639 2846 696 dicit.
2884 638 3014 694 Erat
3039 638 3184 693 enim
3218 639 3446 693 omnino
3474 639 3666 708 puriﬁ-

2080 735 2308 801 eandus,
2339 734 2536 788 deinde
2565 741 2828 787 venturus
2851 731 3145 797 Nazaretb,
3181 741 3236 786 et
3266 738 3402 786 tunc
3426 732 3660 786 descen-

2081 843 2246 883 surus
2294 826 2348 880 in
2381 825 2696 896 Aigyptum.
2741 825 2949 879 Deinde
3009 839 3134 879 cum
3187 823 3268 879 sic
3315 838 3383 878 ex
3439 822 3674 894 Egypto

2081 919 2394 983 rediissent,
2418 917 2642 987 jubetur
2665 931 2856 971 rursus
2883 917 2935 970 in
2960 914 3229 970 Nazareth
3255 915 3464 969 venire.
3498 918 3672 969 Antea

2081 1013 2249 1076 enim,
2284 1009 2432 1064 nullo
2460 1016 2686 1078 accepto
2715 1023 3002 1077 responso,
3033 1016 3093 1061 ut
3116 1007 3245 1061 illuc
3276 1006 3552 1070 venirent,
3577 1006 3674 1061 sed

2082 1120 2205 1159 cum
2237 1103 2468 1158 libenter
2497 1102 2824 1166 habitarent,
2865 1111 2924 1154 ut
2955 1101 3215 1162 diximus,
3261 1101 3313 1153 in
3349 1099 3520 1169 patria
3553 1114 3674 1164 sua,

2083 1204 2277 1266 sponte
2343 1195 2447 1249 hoc
2492 1193 2788 1247 faciebant.
2854 1191 2991 1246 Cum
3056 1191 3202 1245 enim
3259 1204 3523 1244 ascensus
3565 1207 3678 1244 non

2085 1289 2276 1344 fuisset
2313 1295 2534 1357 propter
2561 1286 2722 1340 aliam
2755 1301 2998 1348 causam,
3049 1300 3211 1353 quant
3270 1294 3491 1352 propter
3548 1283 3679 1337 des-

2084 1382 2772 1451 criptionem,etnusquam
2824 1389 2970 1434 stare
3015 1387 3260 1448 possent,
3311 1391 3378 1431 eo
3431 1375 3679 1445 impleto,

2085 1485 2309 1546 propter
2355 1474 2502 1545 quod
2549 1482 2834 1536 venerant,
2865 1471 3270 1528 descenderunt
3296 1471 3351 1526 iu
3381 1468 3676 1526 Nazareth.

2085 1568 2328 1637 Angelus
2374 1576 2545 1633 certe,
2621 1567 2713 1637 qui
2775 1576 2964 1636 postea
3005 1581 3102 1620 eos
3163 1567 3426 1620 reddebat
3484 1565 3679 1635 quieti,

2084 1661 2230 1716 domi
2269 1661 2524 1714 restituit.
2565 1659 2676 1714 Nec
2730 1659 2836 1714 hoc
2871 1658 2943 1713 ab
2969 1675 3052 1723 re,
3096 1658 3192 1713 sed
3228 1674 3352 1712 eum
3391 1657 3682 1728 prophetia

2086 1755 2189 1811 hoc
2217 1754 2396 1824 ipsum
2424 1754 2608 1808 multis
2633 1762 2759 1807 ante
2785 1751 2946 1806 annis
2977 1749 3363 1821 significasset.
3416 1750 3478 1805 Ut
3508 1749 3682 1812 enim,

2086 1849 2282 1918 inquit,
2328 1847 2654 1916 impleretur,
2700 1845 2840 1912 quod
2868 1845 3064 1897 dictum
3099 1844 3272 1914 fuerat
3313 1859 3346 1895 a
3392 1842 3683 1912 prophetis,

2089 1945 2404 1998 Nazarenus
2469 1939 2742 1992 vocabitur
2759 1939 2840 1992 ⁸⁵.
2881 1937 3017 1992 Puer
3065 1947 3264 1998 autem,
3297 1946 3354 1988 ut
3379 1936 3457 1989 ait
3483 1934 3687 1998 Lucas.

2086 2034 2349 2091 crescebat
2385 2044 2432 2087 et
2462 2033 2832 2095 invalescebat,
2895 2031 3085 2098 spiritu
3120 2028 3349 2098 repletus
3381 2030 3682 2097 sapientiw,

2089 2139 2137 2183 et
2174 2128 2349 2199 gratia
2381 2125 2478 2180 Dei
2515 2135 2630 2180 erat
2664 2125 2717 2178 iu
2749 2126 2858 2193 ipso
2884 2124 2929 2154 ³⁶
2949 2164 2964 2179 .
3000 2123 3126 2178 11ωο
3176 2123 3498 2192 accipienda
3530 2129 3684 2186 sunt,

2089 2235 2147 2278 ut
2181 2223 2322 2277 dicta
2348 2223 2477 2282 sint,
2511 2219 2656 2290 quod
2686 2218 2968 2273 attinetad
2996 2218 3414 2272 humanitatem.

2159 2315 2361 2369 XXIII.
2399 2316 2534 2368 Cum
2553 2322 2735 2367 autem
2762 2314 3038 2382 (li)esset
3071 2320 3231 2366 natus
3251 2327 3427 2366 annos
3477 2309 3684 2364 duode-

2091 2409 2216 2473 cim,
2257 2407 2506 2463 ascendit
2556 2406 2775 2476 quidem
2812 2406 2973 2461 simul
3004 2421 3128 2462 cum
3177 2404 3498 2475 parentibus
3523 2401 3684 2457 Jeru-

2091 2646 2345 2718 ζήτησιν,
2372 2645 2466 2698 καὶ
2490 2645 2669 2697 πάντα
2685 2643 2820 2715 ὁμοῦ
2845 2644 2918 2706 ὼς
2943 2645 3150 2716 μήτηρ.
3173 2643 3268 2698 καὶ
3295 2646 3692 2714 παρρησιαστι.

2094 2738 2361 2809 κώτερον,
2392 2737 2490 2790 καὶ
2521 2736 3031 2806 ἀνθρωπινώτερον,
3063 2736 3158 2789 καὶ
3192 2733 3692 2808 περιπαθέστερον.

2093 2829 2433 2896 διαλέγεται·
2470 2829 2529 2882 Τί
2565 2827 2765 2893 τοῦτο,
2788 2826 3024 2891 τέκνον,
3051 2827 3346 2892 ἐποίησας
3381 2827 3563 2895 mir;
3593 2830 3696 2883 rat

2096 2921 2177 2973 ὅτι
2211 2920 2362 2974 Ἰδοὺ
2395 2920 2508 2990 ἐγὼ
2545 2921 2640 2972 καί
2676 2921 2708 2972 ὀ
2748 2918 2943 2987 πατήρ
2979 2935 3094 2973 σου
3141 2919 3528 2989 ὀδυνώμενοι,
3553 2922 3693 2990 ἐζη-

2096 3011 2318 3082 τοῦμὲν
2336 3029 2429 3066 σε.
2471 3011 2642 3072 Αύτὸς
2662 3011 2717 3062 δὲ
2750 3012 2863 3063 λύει
2893 3012 3070 3064 πάντα
3113 3012 3203 3065 διὰ
3225 3012 3407 3080 τοῦτο,
3437 3017 3532 3067 καὶ
3559 3017 3694 3085 περὶ

2099 3106 2303 3174 πατρὸς
2346 3105 2562 3174 ἐκείνης
2607 3107 2701 3157 τοῦ
2738 3104 3021 3168 δοκοῦντος
3057 3107 3341 3175 εἰπούσης,
3384 3111 3410 3159 ὁ
3453 3108 3696 3178 Χριστὸς

395 3168 649 3270 ἐζητοῦν,
686 3203 713 3254 ὁ
745 3201 802 3254 δὲ
832 3168 1000 3270 τριῶν
1033 3168 1260 3269 ἡμερῶν
1290 3197 1484 3268 ἄδηλος
1522 3193 1611 3268 ἦν.
1652 3193 1783 3249 Εἶτα
1819 3168 1988 3264 φανε-
2017 3168 2064 3231 C
2097 3168 2288 3268 ὥσπερ
2317 3197 2378 3251 τὸ
2408 3168 2577 3268 ρηθέν
2605 3197 3015 3266 διορθούμενος,
3045 3199 3174 3270 περὶ
3203 3168 3300 3251 τοῦ
3332 3168 3517 3264 ὅντως.
3539 3168 3696 3270 λέγει

398 3297 492 3365 ρος
524 3295 706 3356 αὐτοῖς
729 3294 936 3362 γίνεται
967 3293 1025 3346 ἐν
1048 3292 1126 3361 τῷ
1155 3291 1287 3363 ἱερῷ
1318 3291 1415 3360 μὲν
1439 3291 1826 3360 καθεζόμενος,
1853 3289 1989 3358 ὁμοῦ

395 3403 455 3439 τε
483 3385 698 3440 ἀκούων
723 3385 832 3436 τῶν
863 3384 1224 3447 διδασκάλων,
1258 3384 1354 3436 καὶ
1383 3384 1519 3452 πρὸς
1545 3384 1786 3444 ἐκείνους
1815 3381 1993 3436 διαλε-

396 3473 651 3544 γόμενος,
683 3473 1006 3544 ἐκπλήττων
1039 3490 1100 3525 τε
1131 3474 1258 3535 τοὺς
1296 3473 1574 3542 ἀκροατὰς
1605 3473 1664 3525 ἐν
1698 3475 1818 3536 ταῖς
1855 3473 1992 3526 ἀπο-

398 3565 646 3636 κρίσεσιο
677 3566 820 3618 κατὰ
849 3563 1008 3618 τοῦτο
1040 3564 1150 3635 γὰρ
1185 3567 1279 3616 καὶ
1311 3565 1370 3618 τὸ
1405 3564 1796 3634 κραταιοῦσθαι
1828 3565 1992 3618 αὑτὸν

404 3631 700 3727 πνεύματι,
735 3657 830 3710 καὶ
861 3657 1023 3727 σοφία
1047 3657 1383 3726 προκόπτειν
1413 3658 1506 3710 καὶ
1533 3657 1738 3728 χάριτι,
1766 3656 1840 3719 ὡς
1867 3659 1996 3710 πολ-

398 3746 513 3810 λοῖς
540 3746 783 3800 τοιοῦτον
807 3748 1261 3818 ἀναφαινόμενον.
1290 3748 1560 3800 Λανθάνει
1587 3748 1643 3799 δὲ
1672 3748 1796 3810 τοὺς
1815 3749 1994 3815 γονεῖς

400 3839 540 3893 ὥστε
572 3841 648 3911 μὴ
674 3840 807 3910 παρ’
834 3841 1014 3894 αὐτῶν
1037 3841 1348 3910 κωλυθῆναι
1383 3841 1482 3910 τὴν
1512 3840 1651 3910 πρὸς
1682 3842 1809 3903 τοὺς
1834 3857 1995 3910 νομο-

403 3930 594 3999 μαθεῖς
637 3931 882 3992 ἐκείνους
914 3929 1152 3992 διάλεξιν
1181 3946 1197 3963 ο
1245 3929 1465 3983 εἰδότων
1499 3929 1687 3999 ὥσπερ
1741 3929 1904 3982 αὐτοῦ
1935 3928 1995 3982 τὸ

399 4022 798 4092 ἀγράμματον,
829 4021 1034 4090 καὶςτοῦ
1059 4023 1134 4091 μὴ
1170 4023 1529 4093 προσπταίειν
1554 4025 1666 4083 τοῖς
1695 4022 1875 4090 λόγοις
1906 4022 1995 4074 εύ-

399 4111 760 4179 λαϐουμένων
783 4127 800 4144 ο
830 4114 863 4183 ἢ
899 4113 1074 4166 ταῦτα
1103 4113 1245 4183 τάχα
1273 4115 1366 4166 καὶ
1393 4113 1723 4182 διαφεύγων,
1765 4111 1840 4183 μὴ
1868 4111 1993 4181 δόξῃ

401 4205 530 4266 τοὺς
545 4206 726 4272 γονεῖς
751 4202 1062 4274 ἀτιμάζειν,
1085 4205 1162 4277 τῷ
1178 4205 1428 4258 ἀπειθεῖν
1451 4204 1900 4274 ἐγκελευομένοις
1929 4203 1998 4257 τὰ

402 4293 711 4364 ἀνθρώποις
740 4293 1032 4348 ἀκόλουθα.
1062 4297 1161 4349 Διὰ
1186 4295 1360 4348 ταῦτα
1386 4295 1650 4364 ὑπομένει
1679 4294 1876 4366 λάθρα,
1902 4295 1998 4349 καὶ

403 4386 528 4438 οὐδὲ
551 4388 666 4448 τοῖς
689 4385 936 4452 γονεῦσιν
961 4386 1145 4450 αὐτοῖς
1173 4385 1504 4454 γινώσκεται
1521 4403 1536 4417 θ
1563 4387 1652 4439 ἵνα
1677 4387 1995 4457 μηδέτερον,

404 4477 438 4547 ἢ
473 4477 707 4547 φανερὸς
749 4479 1041 4547 γενόμενος
1072 4478 1312 4550 κωλυθῇ,
1353 4478 1385 4548 ἢ
1423 4479 1518 4531 καὶ
1552 4479 1750 4549 ἀπειθῇ
1788 4479 1998 4533 κωλυό-

407 4582 589 4633 μενος.
621 4565 766 4635 ’Όρα
799 4568 858 4618 δὲ
889 4567 1037 4630 ὅπως
1081 4568 1175 4620 καὶ
1211 4567 1248 4622 ἃ
1287 4569 1560 4640 προσήκει
1588 4571 1788 4640 παιδίῳ
1826 4573 1995 4624 ποιεῖ.

407 4657 483 4707 Uti
511 4657 619 4726 γὰρ
646 4657 936 4726 προπετῶς
960 4658 1200 4712 διδάσκει
1227 4660 1354 4723 τοὺς
1385 4661 1718 4730 νομομαθεῖς
1745 4660 1998 4714 διδασκά-

406 4749 535 4811 λους
586 4752 681 4802 καὶ
711 4751 899 4820 ἱερεῖς,
935 4751 1113 4804 καίτοι
1145 4751 1324 4827 ,μόνος
1358 4753 1521 4816 αὐτὸς
1551 4753 1876 4823 αὐτόχρημα
1908 4771 2000 4806 σοι

408 4843 507 4908 φία
542 4844 638 4894 καὶ
670 4843 828 4909 λόγος
862 4841 940 4894 ὢν
971 4844 1064 4896 καὶ
1105 4844 1341 4916 χορηγὸς
1371 4845 1470 4913 τῆς
1512 4845 1703 4913 σοφίας
1724 4862 1736 4874 '
1767 4846 1902 4899 ἀλλὰ
1931 4845 1999 4898 δι’

409 4935 543 4986 αὐτὸ
592 4933 690 5004 ρέν
738 4931 836 4987 οῦν
877 4933 1054 5000 τοῦτο,
1111 4936 1287 5005 μέτρα
1325 4937 1419 4988 κα)⁸
1463 4937 1680 5006 ἡλικίας
1719 4941 1812 4990 καὶ
1843 4938 2000 5004 ἀξίας

410 5027 571 5088 αὐτός
609 5042 669 5077 τε
725 5027 906 5089 καλῶς
935 5025 1092 5090 εἰδὼς
1136 5028 1230 5079 καὶ
1269 5031 1382 5090 τοῖς
1411 5027 1590 5092 ἄλλοις
1633 5029 1852 5098 ὁρίζων,
1887 5031 2001 5091 τοῖς

413 5118 620 5186 ἱερεῦσι
671 5121 764 5171 καὶ
804 5119 1145 5182 διδασκάλοις
1185 5121 1280 5174 τοῦ
1331 5121 1603 5175 διδάσκειν
1654 5126 2000 5192 παραχωρεῖ.

410 5210 582 5272 Αὐτὸς
613 5209 669 5262 δὲ
702 5210 890 5262 ἀκούει
919 5229 979 5262 τε
1008 5213 1102 5264 καί⁵
1134 5213 1390 5283 ἐπερωτᾷ
1424 5214 1564 5282 μετά
1593 5212 1796 5281 πολλῆς
1823 5214 2003 5283 ἀμφό-

410 5321 568 5372 τερον
610 5303 710 5373 τῆς
763 5305 1069 5367 συνέσεωςο
1105 5304 1342 5372 λογικῶς
1387 5320 1448 5356 τε
1495 5304 1605 5374 γάρ
1651 5304 1864 5375 ἐρωτᾷ·
1907 5303 2001 5357 καί

411 5400 680 5468 ἀκροᾶται
716 5399 972 5463 συνετῶς,
1014 5398 1112 5452 καὶ
1141 5400 1492 5470 ἀποκρίνεται
1538 5399 1924 5469 συνετώτερον,
1973 5398 2002 5449 ὃ

411 5494 507 5545 καὶ
541 5494 600 5544 τὸ
640 5491 826 5555 θαῦμα
873 5493 1056 5563 πολλῷ
1093 5494 1280 5564 μεῖξον
1315 5493 1489 5545 ἐποίει
1529 5496 1627 5563 τῆς
1660 5493 1996 5562 ἀκροάσεως.

492 5585 601 5638 Τοῦ
631 5585 839 5640 αὐτοῦ.
886 5585 952 5638 Ἦ
987 5586 1086 5656 μὲν
1117 5585 1399 5656 θαυμασία
1434 5584 1638 5655 μήτηρ,
1677 5582 2002 5653 σπλάγχνων

423 5677 703 5742 μητρικῶν
748 5678 1037 5748 ἡττωμένη
1061 5715 1078 5744 ,
1117 5678 1216 5730 καὶ
1261 5677 1451 5732 τέκνον
1484 5677 1646 5731 αὐτὸν
1683 5675 2001 5746 περιπαθῶς

419 5764 595 5825 καλεῖ,
632 5767 723 5819 καὶ
757 5769 830 5831 ὡς
866 5769 1196 5840 ἐγκαλοῦσα,
1232 5770 1505 5841 προτείνει
1532 5771 1630 5842 τὴν
1662 5771 1781 5839 μετ’
1809 5769 2000 5838 ὀδύνης

2095 3291 2342 3359 Πατρὸς,
2376 3293 2454 3353 εἰς
2490 3289 2698 3341 ἔννοιαν
2731 3290 2900 3355 αὐτὴν
2935 3288 3220 3357 ἐμϐάλλων
3251 3291 3349 3359 τῆς
3388 3290 3652 3360 ἀληθείας
3676 3307 3693 3322 ·

2094 3386 2190 3438 καὶ
2233 3383 2309 3455 μὴ
2359 3383 2531 3454 χαμαὶ
2582 3382 2807 3452 βαίνειν,
2850 3378 2969 3434 ἀλλ’
3014 3384 3092 3446 εἰς
3134 3382 3262 3451 ὕψος
3301 3383 3551 3451 αἴρεσθαι
3587 3402 3700 3438 πα-

2099 3475 2456 3544 ρασκευάζων
2488 3489 2505 3506 ο
2536 3476 2656 3527 Οὐκ
2697 3473 2917 3543 ᾔδειτε,
2950 3473 3144 3539 λέγων,
3184 3475 3275 3527 ὅτι
3312 3475 3382 3527 ἐν
3412 3474 3532 3541 τοῖς
3583 3477 3696 3530 τοῦ

2096 3567 2326 3633 Πατρός
2367 3583 2486 3635 μου
2525 3565 2619 3618 δεῖ
2644 3562 2799 3620 εἶναί
2825 3583 2938 3635 ys;
3000 3566 3156 3618 Οῦτω
3188 3567 3462 3621 δείκνυσιν
3495 3569 3699 3622 ἑαυτὸν

2097 3658 2228 3711 ὅντα
2272 3658 2431 3726 φύσει
2485 3659 2637 3725 Θεὸν,
2689 3659 2802 3727 εἴγε
2849 3661 2946 3728 τῆς
2994 3660 3165 3730 αὐτῆς
3219 3661 3434 3730 φύσεως
3481 3664 3509 3714 ὁ
3558 3666 3699 3727 παῖς

2097 3750 2174 3819 τῷ
2204 3751 2436 3803 τεκόντι.
2482 3751 2635 3803 Ἐπεὶ
2669 3750 2724 3804 δὲ
2762 3751 2853 3803 τοῦ
2888 3751 3103 3822 [ἰατρὸς
3134 3754 3162 3805 ὁ
3188 3753 3333 3815 ναὸς,
3369 3755 3427 3806 ἐν
3458 3757 3567 3817 τοῖς
3595 3755 3698 3808 τοῦ

2099 3841 2315 3913 Πατρὶς
2330 3838 2397 3912 ἦν
2419 3843 2649 3909 ἐκεῖνος,
2680 3843 2781 3898 κᾶν
2803 3846 2986 3906 αὐτοῖς
3013 3845 3076 3897 τὸ
3103 3846 3257 3917 ῥῆμα
3284 3850 3506 3902 συνετὸν
3535 3847 3700 3903 οὔπω

2099 3934 2345 4003 γέγονεν.
2396 3935 2664 3988 Ἐνταῦθα
2702 3935 2936 4008 πρώτως
2971 3936 3370 4007 ἀνδρικώτερον
3405 3939 3436 4008 ἢ
3488 3943 3698 4006 μᾶλλον

2097 4026 2274 4080 εἰπεῖν
2304 4026 2597 4096 θειότερον,
2635 4027 2772 4097 πρὸς
2805 4028 2930 4090 τοὺς
2966 4029 3204 4091 οἰκείους
3233 4031 3564 4099 διαλέγεται,
3596 4035 3700 4086 καὶ

2097 4117 2481 4172 δείκνυσινὸτι
2509 4121 2602 4172 καὶ
2633 4120 2820 4190 ἐτερος
2852 4121 2879 4171 ὁ
2912 4121 3099 4192 Πατὴρ
3130 4122 3297 4192 αὐτῷ,
3331 4129 3425 4176 καὶ
3456 4126 3536 4178 ὅτι
3572 4127 3696 4196 οὐχ’

2098 4212 2173 4275 ὡς
2201 4212 2477 4284 ἀνθρώπῳ
2503 4213 2664 4282 ψιλῷ,
2689 4215 2822 4266 άλλά
2855 4217 2950 4269 καὶ
2971 4215 3044 4277 ώς
3073 4217 3213 4286 Θεῷ,
3236 4218 3328 4269 καὶ
3353 4218 3452 4289 τὴν
3477 4221 3700 4290 μητέρα

2101 4305 2250 4374 αῦτῴ
2301 4307 2656 4376 προσεκτέον,
2711 4308 2806 4360 καὶ
2866 4308 2948 4360 ὃτι
3009 4310 3037 4360 ὁ
3093 4309 3188 4361 τοῦ
3252 4312 3462 4381 Πατρδς
3519 4307 3696 4380 οἶκος,

2101 4396 2129 4448 ὁ
2166 4398 2295 4459 ναὸς
2324 4395 2548 4468 δηλαδὴ,
2576 4399 2669 4450 καὶ
2695 4399 2860 4450 αὑτοῦ
2887 4396 3032 4462 οἰκός
3063 4401 3200 4467 ἐστι,
3226 4404 3476 4474 καθάπερ
3503 4409 3599 4458 καὶ
3626 4407 3700 4460 τὰ

2102 4488 2238 4542 ἄλλα
2277 4490 2456 4542 πάντα
2490 4491 2556 4542 τὰ
2585 4490 2682 4542 τοῦ
2721 4491 2967 4560 Πατρός⁹
3003 4492 3098 4545 καὶ¹
3140 4493 3223 4546 ὅτι
3257 4496 3452 4558 αὐτοὺς
3491 4497 3698 4567 ιγκλη-

2101 4583 2223 4634 τέον
2266 4582 2468 4650 μᾶλλον
2515 4582 2773 4650 ἀγνοοῦσι
2818 4585 3013 4647 ταῦτα,
3076 4587 3172 4639 καὶ
3203 4587 3372 4655 μηδὲν
3413 4591 3549 4657 μήτε
3600 4590 3701 4644 λα-

2103 4673 2254 4726 λοῦσι
2289 4675 2430 4745 μήτε
2466 4676 2725 4745 φρονοῦσι
2769 4678 2875 4731 τῶν
2925 4678 3061 4748 πρὸς
3095 4679 3374 4748 ἀλήθειαν.
3422 4683 3696 4737 Ἐνταῦθα

2103 4765 2334 4837 πρώτως
2356 4767 2448 4820 τοῦ
2470 4770 2686 4839 ἀληθῶς
2712 4771 2918 4842 Πατρὸς
2939 4774 3320 4844 φανερώτερον
3335 4782 3696 4846 μνημονεύει,

2104 4861 2198 4913 καὶ
2247 4867 2600 4932 παραγυμνοῖ
2637 4865 2802 4917 αὐτοῦ
2841 4868 2938 4936 τὴν
2973 4867 3223 4939 θεότητα.
3281 4871 3507 4926 Κάτεισι
3553 4875 3701 4942 μετὰ

2102 4955 2210 5008 τῶν
2246 4957 2449 5023 γονέων
2470 4956 2529 5022 ἐξ
2577 4953 2940 5029 Ἰερουσαλὴμ
2977 4961 3056 5023 εἰς
3093 4961 3351 5034 Ναζαρὲτ
3383 4964 3412 5016 ὁ
3451 4967 3658 5035 Κύριος
3683 4985 3698 5000 -

2105 5050 2198 5102 καὶ
2255 5050 2488 5102 διατελεῖ
2538 5051 2748 5115 τούτοις
2792 5053 3248 5124 ύποταττόμενος,
3302 5059 3479 5125 γονεῖς
3528 5062 3701 5129 τιμᾷν

2107 5139 2381 5194 παιδεύων
2415 5143 2479 5194 ἐκ
2499 5141 2593 5193 τοῦ
2621 5142 2826 5195 οἰκείου
2851 5159 2863 5173 ⁸
2903 5145 2994 5197 καὶ
3021 5146 3157 5217 ὅπερ
3187 5147 3348 5210 αὐτὸς
3378 5150 3703 5218 ἐντειλάμε-

2105 5248 2192 5293 νος
2242 5229 2345 5304 ἦν,
2394 5234 2552 5286 τοῦτο
2609 5236 2822 5305 πρῶτος
2874 5238 3130 5305 πληρῶν,
3181 5240 3277 5292 καὶ
3331 5242 3494 5310 τιμᾷν
3551 5241 3699 5295 οὕτω

2104 5325 2370 5379 διδάσκων
2401 5329 2600 5394 γονεῖς,
2634 5329 2800 5398 τιμᾷν
2830 5327 2884 5379 δὲ
2922 5331 3138 5394 πάντως
3175 5333 3314 5399 μετά
3346 5333 3478 5384 Θεον
3503 5348 3514 5362 '
3547 5335 3703 5385 ἐκεί-

2106 5436 2213 5470 νων
2251 5419 2355 5487 γὰρ
2408 5421 2809 5488 προτιμοτέραν
2861 5416 3000 5474 εἶναι
3049 5423 3148 5492 τὴν
3199 5424 3533 5478 θεοσέϐειαν.
3593 5427 3699 5477 Διὰ

2104 5509 2263 5562 τοῦτο
2287 5513 2380 5563 καὶ
2408 5511 2733 5582 παραλιπὼν
2762 5512 2982 5579 αὐτοὺς,
3005 5515 3083 5586 τῷ
3105 5516 3217 5586 ναῷ
3245 5520 3562 5588 προσμένει,
3601 5523 3697 5572 καί

2105 5603 2196 5656 τὸν
2225 5603 2391 5656 αὐτοῦ
2430 5606 2611 5671 πόθον,
2651 5607 2999 5680 ἰσχυρότερον
3025 5606 3304 5684 εἷναι-δεῖν
3335 5609 3429 5664 τοῦ
3455 5612 3696 5680 φυσικοῦ

2106 5696 2191 5748 κε)
2206 5695 2319 5749 εύει
2347 5699 2438 5750 καὶ
2467 5698 2760 5767 πατρικοῦ.
3387 5699 3394 5703 ’
