3996 6486
307 430 418 493 εις)

1415 429 1702 489 ORATIO
1741 430 1839 490 DE
1879 430 2174 491 SANCTA
2213 432 2486 496 MARIA.

3485 445 3592 508 550

310 549 502 612 saleni,
535 547 737 601 festum
763 545 983 600 Pascha:
1004 544 1397 600 celebraturus.
1435 543 1572 599 Cum
1599 561 1728 600 vero
1768 546 1898 601 illud
1931 558 1975 611 Α
2008 547 2538 619 tissimlamMariam,
2559 548 2787 604 Matrem
2807 551 2947 620 ejus,
2975 553 3068 624 qui
3100 560 3610 630 vereestsapientia

306 642 473 695 tinem
499 638 823 708 accepisset.
852 637 956 707 ipsi
1007 635 1228 706 quidem
1275 635 1480 692 reversi
1522 647 1684 693 sunt:
1741 636 1903 694 Jesus

305 742 488 787 autem
506 739 694 787 manet
719 745 815 786 eos
841 730 1036 784 latens.
1074 729 1137 783 Et
1159 728 1234 783 illi
1280 729 1501 798 quidem
1557 731 1898 800 quaerebant,

306 826 397 879 hic
430 839 563 877 vero
588 832 701 878 tres
729 823 850 876 dies
879 821 1058 876 latuit.
1096 821 1300 876 Deinde
1340 821 1421 876 eis
1455 821 1514 875 fit
1553 821 1898 890 manifestus,

305 918 360 970 in
397 915 604 985 templo
655 914 878 985 quidem
940 914 1164 978 sedens,
1217 915 1381 968 simul
1433 922 1616 968 autem
1669 914 1902 969 audiens

305 1009 589 1074 doctores,
627 1017 843 1063 etcum
898 1007 1005 1063 illis
1057 1008 1358 1075 disserens,
1420 1017 1476 1063 et
1519 1008 1574 1062 in
1627 1010 1902 1078 responsis

304 1101 588 1156 auditores
626 1100 866 1156 alliciens
886 1099 1270 1156 admiratione.
1329 1100 1384 1155 In
1409 1100 1516 1155 hoc
1538 1101 1686 1156 enim
1711 1099 1904 1170 impleo

302 1195 482 1258 batur,
519 1193 666 1263 quod
689 1192 758 1248 de
784 1193 876 1246 illo
904 1193 1168 1262 scriptum
1197 1202 1302 1258 est,
1344 1192 1492 1264 quod
1535 1207 1666 1260 puer
1695 1194 1902 1262 confor—

304 1283 524 1337 tabatur
540 1285 758 1354 spiritu,
795 1293 843 1339 et
863 1284 1169 1353 proﬁciebat
1193 1285 1454 1354 sapientia
1483 1295 1534 1337 et
1561 1285 1737 1353 gratia
1759 1283 1900 1353 apud

307 1372 474 1428 Deum
504 1383 556 1429 et
591 1375 847 1440 homines,
885 1389 951 1431 eo
991 1376 1138 1446 quod
1185 1376 1372 1430 multis
1396 1375 1517 1430 talis
1539 1391 1660 1431 esse
1721 1375 1902 1430 decla-

305 1473 476 1520 retur.
508 1465 668 1520 Latet
688 1476 874 1522 autem
899 1477 1174 1537 parentes,
1211 1483 1282 1523 ne
1311 1469 1380 1523 ab
1402 1468 1484 1523 eis
1513 1467 1897 1538 prohiberetur

301 1558 577 1613 disserere
600 1573 726 1614 cum
775 1559 1129 1630 jurisperitis,
1167 1569 1226 1614 ut
1261 1559 1352 1630 qui
1388 1559 1600 1616 scirent
1630 1576 1757 1616 eum
1785 1576 1896 1616 non

300 1648 561 1704 didicisse
611 1649 847 1714 litteras,
879 1661 937 1707 et
959 1662 1242 1718 caverent,
1275 1669 1346 1707 ne
1384 1653 1662 1709 laberetur
1689 1654 1746 1707 in
1778 1668 1896 1709 ser-

301 1754 466 1794 mone
497 1758 512 1794 :
545 1753 639 1796 aut
666 1741 902 1797 fortasse
923 1758 1146 1808 cavens,
1203 1759 1276 1799 ne
1305 1745 1587 1800 videretur
1642 1755 1898 1814 parentes

298 1829 504 1885 habere
527 1834 886 1905 contemptui,
918 1850 986 1890 eo
1005 1836 1153 1905 quod
1185 1851 1295 1890 non
1330 1839 1648 1907 parentibus
1677 1848 1898 1908 pareret

2010 648 2066 694 et
2087 655 2290 696 arcana
2318 643 2579 712 cognitio.
2603 644 2956 700 Conservabat
2991 650 3160 714 enitn,
3201 651 3398 720 inquit,
3429 657 3609 710 omnia

2007 732 2161 786 verba
2195 734 2304 788 haec
2328 735 2382 787 in
2413 736 2568 790 corde
2604 753 2699 790 suo
2720 738 2803 791 "z
2837 739 2978 794 sicut
3019 741 3182 795 etiam
3210 746 3362 813 prius
3403 747 3457 799 in
3516 750 3612 803 ad-

2007 832 2180 878 ventu
2237 835 2542 894 pastorum,
2601 838 2657 882 et
2718 829 2781 882 iis
2830 845 2952 896 quae
3015 832 3087 884 illi
3143 834 3255 887 visa
3315 849 3370 890 et
3425 840 3606 894 audita

2009 916 2330 971 narrabant.
2361 918 2428 972 Et
2458 928 2592 974 tunc
2627 918 2801 976 Lucas
2837 923 3088 977 similiter
3109 924 3222 980 lucc
3256 930 3441 982 omnia
3467 931 3608 985 dixit

2007 1004 2231 1061 Mariam
2262 1023 2610 1066 conservare.
2670 1011 2786 1066 Non
2845 1014 2990 1067 enim
3025 1015 3097 1079 ei,
3131 1025 3385 1087 tanquam
3443 1021 3605 1077 alicui

2006 1097 2204 1153 infanti
2255 1101 2597 1167 attendebat,
2665 1105 2759 1158 sed
2800 1121 2921 1174 qua:
2985 1109 3325 1175 dicebantur,
3387 1115 3604 1181 plurimi

2005 1187 2236 1245 iaciebat
2265 1210 2278 1246 :
2307 1201 2362 1247 et
2392 1192 2527 1246 nihil
2561 1204 2679 1249 erat
2718 1211 2780 1250 ex
2815 1197 2879 1250 iis
2904 1215 3024 1267 qua:
3048 1201 3116 1254 ab
3147 1201 3264 1271 ipso
3283 1203 3608 1259 dicebantur

2005 1289 2062 1336 et
2101 1281 2324 1347 ﬁebant,
2381 1288 2524 1355 quod
2586 1303 2697 1343 non
2760 1304 2824 1344 ea
2877 1307 3074 1363 magno
3142 1297 3323 1351 studio
3383 1299 3605 1369 dignum

2004 1373 2252 1440 duceret,
2276 1384 2331 1430 et
2357 1378 2521 1432 corde
2547 1379 2837 1450 diligenter
2867 1385 3091 1451 celaret,
3123 1387 3434 1443 divinarum
3473 1407 3610 1459 qua-

2004 1467 2254 1521 rumdam
2313 1484 2498 1523 rerum
2562 1483 2618 1526 et
2682 1487 3008 1529 arcanarum
3073 1494 3139 1531 ea
3203 1495 3324 1534 CSSB
3368 1490 3606 1549 sentina,

2004 1570 2205 1628 easque
2228 1558 2333 1613 illis
2365 1566 2773 1630 praemonstrari
2819 1577 2968 1623 recte
2996 1569 3267 1638 judicans.
3549 1571 3555 1576 ’

2074 1650 2277 1708 XXVI.
2309 1653 2443 1709 Post
2487 1655 2607 1712 haec
2633 1657 2926 1730 baptisma,
2977 1672 3102 1732 post
3127 1665 3271 1733 quod
3339 1667 3605 1722 miracula

2002 1759 2263 1814 quoque;
2295 1747 2390 1802 sed
2427 1748 2532 1818 (ut
2561 1751 2783 1806 divinus
2807 1754 2943 1808 dicit
2970 1754 3210 1811 Joannes
3226 1757 3313 1829 ⁸⁸)
3347 1759 3400 1814 id
3458 1762 3605 1829 quod

2005 1829 2240 1905 primum
2266 1837 2500 1912 fecit(in
2559 1843 2786 1912 nuptiis,
2822 1846 3068 1915 inquam,
3106 1865 3260 1917 aqua:
3308 1851 3361 1903 in
3415 1853 3606 1907 vinum

294 1922 620 1991 iubentibus
657 1940 722 1979 ea
775 1940 897 1995 qua:
941 1936 1071 1981 sunt
1125 1927 1442 1983 hominibus
1483 1928 1898 1999 consequentia.
1936 1943 1975 1997 Β
2007 1929 2362 1985 mutationem
2382 1932 2555 2002 )fecit
2576 1934 2748 1990 Matre
2777 1951 3068 2006 praesente.
3099 1939 3190 1994 llla
3209 1941 3428 2010 quidem
3453 1953 3606 1999 certe

301 2011 433 2067 Vide
455 2022 664 2080 autem,
727 2016 1186 2083 quemadmodum
1233 2033 1298 2071 ea
1344 2017 1496 2084 facit,
1546 2035 1668 2089 qua:
1725 2034 1896 2088 puero

295 2110 662 2163 conveniunt.
701 2108 817 2164 Non
846 2110 995 2164 enim
1055 2112 1216 2166 docet
1267 2112 1628 2184 legisperitos.
1676 2113 1894 2168 etiamsi

295 2208 440 2254 esset
462 2200 839 2270 suppeditator
868 2203 1169 2273 sapientiae,
1235 2205 1331 2258 sed
1380 2204 1532 2258 audit
1561 2214 1616 2259 et
1662 2205 1896 2260 interro-

294 2305 382 2365 gat
417 2313 433 2350 :
467 2305 764 2366 utrumque
794 2311 918 2352 cum
951 2312 1147 2368 magna
1193 2298 1482 2366 sapientia.
1517 2297 1623 2353 Sed
1663 2315 1762 2354 cur
1781 2315 1891 2354 non

298 2385 502 2451 primo,
573 2400 676 2439 nec
722 2386 988 2448 secundo,
1047 2387 1141 2441 sed
1221 2388 1382 2442 tertio
1435 2387 1728 2450 invenitur,
1797 2389 1890 2457 qui

294 2470 559 2536 queritur
604 2484 634 2522 a
687 2469 1050 2538 parentibus?
1090 2468 1228 2526 Hinc
1252 2470 1484 2526 fortasse
1527 2474 1888 2543 sepulturam,

294 2569 349 2613 et
376 2575 502 2629 qua:
531 2569 656 2630 post
677 2569 789 2615 tres
821 2562 939 2616 dies
978 2561 1164 2618 futura
1225 2575 1364 2634 erat,
1429 2568 1888 2622 resurrectionem

294 2650 748 2721 praesignificans.
780 2649 937 2706 'l‘unc
959 2655 1128 2717 enim,
1159 2670 1284 2710 cum
1309 2661 1562 2728 sepulcro
1605 2666 1891 2716 contectus

291 2751 459 2806 esset,
490 2753 739 2814 apparet.

363 2855 572 2914 XXIV.
608 2857 717 2914 Sed
749 2862 1026 2930 quomodo
1064 2878 1254 2918 rursus
1319 2862 1491 2919 Mater
1529 2864 1885 2933 admirabilis,

291 2965 318 3000 a
360 2949 630 3005 maternis
662 2951 806 3006 victa
836 2953 1217 3021 visceribus,et
1258 2971 1381 3010 cum
1414 2971 1608 3026 magna
1637 2956 1891 3011 affectio-

289 3055 357 3093 ne
396 3050 561 3094 vocat
589 3040 810 3107 Filium,
836 3054 890 3099 et
914 3054 1168 3114 tanquam
1208 3047 1638 3118 reprehendens,
1667 3049 1888 3104 adducit

289 3149 434 3197 eam,
460 3149 583 3204 quae
620 3149 746 3190 cum
777 3137 964 3192 dolore
1003 3139 1190 3205 fiebat,
1245 3140 1701 3210 inquisitionem?
1729 3141 1885 3208 Ecce,

290 3227 506 3291 dicens,
549 3235 704 3295 pater
760 3238 880 3282 tuus
953 3239 1001 3282 et
1053 3245 1146 3300 ego
1205 3229 1438 3283 dolentes
1521 3236 1884 3300 quwrebamus

2005 2022 2180 2090 prima
2224 2023 2482 2080 admonet
2524 2027 2713 2082 vinum
2746 2029 2960 2098 deesse,
2999 2031 3137 2086 Filio
3168 2035 3418 2102 pratbens
3445 2051 3602 2091 occa-

2003 2112 2215 2168 sionem
2283 2126 2339 2171 et
2367 2120 2650 2174 materiam
2688 2122 2923 2177 faciendi
2957 2127 3302 2181 miraculum.
3333 2127 3386 2181 Is
3416 2139 3602 2184 autem

2002 2208 2252 2274 quamvis
2304 2224 2449 2281 aegre
2489 2211 2634 2267 ferre
2691 2215 2998 2280 videbatur,
3029 2224 3084 2270 et
3120 2219 3240 2272 ideo
3305 2237 3598 2277 recusare:

2002 2297 2132 2354 facit
2163 2311 2344 2356 tamen
2371 2319 2435 2358 ea
2487 2319 2608 2373 qua:
2638 2321 2668 2359 a
2713 2306 2883 2363 Matre
2939 2312 3396 2381 suggerebantur,
3430 2316 3602 2370 bono.

2001 2403 2130 2444 rans
2151 2393 2376 2448 omnino
2405 2406 2470 2449 ut
2501 2395 2753 2465 Matrem,
2781 2411 2837 2452 et
2875 2404 3038 2456 veluti
3073 2403 3122 2457 ei
3155 2406 3390 2460 reddens
3451 2424 3599 2461 mer-

2001 2483 2213 2550 cedem,
2245 2488 2387 2556 quod
2418 2489 2597 2558 ipsum
2631 2489 2686 2543 in
2719 2493 2844 2546 alvo
2871 2497 3192 2563 gestaverit.
3231 2497 3368 2552 Vide
3411 2511 3594 2555 autem

2001 2574 2091 2630 hic
2117 2592 2336 2648 quoque
2366 2580 2460 2634 Dei
2517 2581 2707 2638 Matris
2741 2585 3010 2656 insignem
3077 2590 3511 2646 moderationem
3545 2603 3600 2647 ct

1999 2672 2372 2738 prudentiam.
2419 2672 2534 2730 Nec
2593 2677 2743 2730 enim
2782 2679 2951 2749 'jubet
3007 2681 3289 2745 audacter,
3335 2691 3593 2753 tanquam

1999 2760 2172 2816 Mater
2202 2762 2364 2832 Filio,
2397 2775 2457 2820 ut
2479 2766 2647 2822 faciat
2676 2769 3024 2837 miraculum,
3074 2773 3171 2826 sed
3202 2788 3326 2827 eum
3388 2780 3598 2830 solum-

1998 2854 2162 2910 modo
2193 2858 2476 2925 admonet,
2499 2860 2666 2930 idque
2695 2878 2818 2916 cum
2851 2866 3084 2932 quadam
3117 2881 3310 2937 magna
3336 2883 3597 2924 reveren-

1998 2948 2071 3003 tia
2106 2957 2162 3003 et
2195 2951 2580 3021 submissione,
2611 2963 2668 3010 et
2695 2964 2959 3024 quantum
2991 2958 3268 3014 sufﬁceret
3308 2962 3376 3016 ad
3438 2979 3596 3019 suam

1995 3041 2377 3098 declarandam
2412 3047 2768 3103 voluntatem.
2811 3048 2952 3114 Quid
2988 3051 3133 3105 enim
3167 3057 3421 3123 est,quod
3463 3057 3596 3112 dicit

1996 3130 2174 3188 Filio?
2229 3133 2420 3190 Vinum
2455 3154 2557 3192 non
2599 3140 2810 3194 habent.
2861 3142 2995 3196 Nam
3020 3145 3121 3197 etsi
3156 3159 3221 3198 ea
3263 3146 3409 3200 illum
3473 3163 3595 3203 esse

1995 3241 2156 3280 suum
2189 3231 2558 3298 cognoscebat
2621 3231 2838 3298 Filium,
2888 3249 2996 3287 non
3059 3234 3344 3304 ignorabat
3411 3248 3592 3294 tamen

288 3317 397 3368 ,(³⁷
423 3356 439 3370 ,
491 3316 561 3373 Et
591 3319 714 3374 ideo
750 3336 875 3375 cum
909 3321 998 3375 illa
1025 3299 1260 3376 (“uisset
1292 3322 1363 3376 de
1398 3299 1578 3391 paué’
1624 3333 1886 3392 tanquam
1913 3299 1958 3363 C
1991 3329 2118 3369 eum
2151 3331 2272 3371 esse
2317 3332 2478 3373 suum
2503 3336 2720 3390 quoque
2768 3321 3108 3379 effectorem.
3152 3326 3216 3380 Εῑ
3262 3327 3384 3382 ideo
3425 3329 3591 3382 Simili

286 3411 353 3466 de
383 3426 455 3466 eo
473 3412 569 3481 qui
616 3412 925 3479 videbatur,
987 3413 1245 3469 Christus
1296 3414 1463 3468 veluti
1506 3415 1788 3483 corrigens
1837 3415 1888 3468 id

284 3503 432 3572 quod
465 3505 666 3558 dictum
693 3504 891 3570 fuerat,
913 3505 1049 3560 dicit
1079 3505 1146 3560 de
1175 3521 1263 3568 eo,
1312 3507 1404 3576 qui
1433 3515 1522 3560 est
1546 3522 1674 3561 vere
1707 3515 1884 3576 pater,

283 3599 334 3653 ei
362 3599 654 3653 veritatem
685 3614 952 3654 revocans
983 3599 1038 3652 in
1080 3599 1422 3664 memoriam,
1457 3609 1514 3654 et
1564 3601 1883 3670 providens,

289 3705 345 3743 ut
366 3706 477 3744 non
513 3691 663 3746 humi
691 3700 896 3762 serpat,
929 3691 1024 3746 sed
1062 3693 1113 3745 in
1144 3692 1314 3745 altum
1337 3691 1628 3746 extollatur
1660 3710 1674 3746 :
1703 3691 1888 3745 Nesci-

285 3787 372 3848 tis,
410 3783 624 3850 dicens,
677 3787 816 3854 quod
851 3801 932 3838 me
960 3794 1159 3854 Oportet
1210 3801 1320 3838 esse
1375 3787 1426 3836 iu
1469 3785 1532 3838 iis
1578 3800 1695 3856 qua:
1763 3795 1884 3838 sunt

286 3877 468 3930 Patris
503 3877 605 3930 mei
624 3877 708 3930 "7
751 3875 842 3931 Sic
876 3893 936 3933 se
962 3877 1204 3932 ostendit
1270 3878 1438 3932 Deum
1486 3893 1610 3932 esse
1664 3887 1878 3942 natura,

284 3970 556 4038 siquidem
579 3969 618 4024 F
622 3970 749 4025 ilius
767 3971 1011 4040 ejusdem
1033 3980 1114 4025 est
1145 3979 1354 4024 natura:
1378 3985 1503 4024 cum
1534 3969 1713 4023 Patre.
1737 3968 1883 4036 Quo-

284 4063 434 4116 niam
463 4073 646 4116 autem
683 4062 817 4117 illud
850 4063 1112 4132 templum
1141 4062 1319 4118 Patris
1366 4071 1502 4127 erat,
1531 4078 1584 4114 tn
1647 4061 1709 4116 iis
1761 4078 1881 4130 quae

283 4165 415 4208 sunt
445 4153 622 4208 Patris
663 4153 755 4208 ille
785 4155 1120 4208 versabatur.
1156 4155 1313 4220 Quod
1361 4155 1586 4209 verbum
1637 4155 1878 4207 nondum

287 4246 643 4301 manifestum
679 4247 790 4302 illis
842 4257 982 4302 erat.
1016 4246 1112 4300 llle
1168 4257 1355 4301 autem
1412 4246 1697 4300 descendit
1753 4262 1878 4299 cuin

285 4341 364 4394 eis
388 4340 444 4393 in
481 4338 772 4406 Nazaretb,
805 4349 861 4395 et
901 4339 1104 4394 mansit
1141 4339 1222 4395 eis
1256 4339 1560 4408 subjectus,
1592 4356 1657 4394 ex
1688 4355 1748 4393 se
1776 4340 1878 4394 do-

292 4447 430 4486 cens
460 4433 734 4486 bonorare
766 4440 1044 4502 parentes,
1075 4442 1131 4486 et
1159 4431 1306 4502 quod
1338 4433 1453 4501 ipse
1479 4431 1739 4501 jusserat,
1772 4432 1878 4486 hoc

282 4524 494 4593 primus
544 4523 822 4595 impleas;
877 4524 1151 4579 honorare
1200 4535 1381 4578 autem
1461 4525 1685 4578 omnino
1756 4535 1878 4594 post

1993 3408 2210 3478 quidem
2260 3411 2451 3466 volens
2496 3414 2809 3478 ostendere,
2862 3416 3146 3484 cujusnant
3199 3429 3346 3472 esset
3397 3419 3590 3486 Mater,

1991 3510 2047 3554 et
2071 3501 2233 3555 simul
2263 3504 2428 3558 etiam
2458 3504 2661 3558 referre
2692 3507 2916 3572 gratiam
2954 3508 3018 3560 iis
3057 3509 3150 3576 qui
3183 3507 3574 3575 inritaverant,

1989 3594 2291 3662 prudenter
2315 3596 2366 3650 ei
2401 3598 2640 3669 suggerit
2670 3599 2919 3652 miraculi
2955 3598 3328 3654 edet-tionem.
3379 3601 3591 3658 Deinde

1989 3687 2152 3740 etiam
2178 3687 2445 3742 ministris
2471 3707 2486 3742 :
2519 3691 2891 3763 Quodcumque
2943 3693 3160 3757 dixerit,
3196 3693 3392 3763 inquit,
3420 3695 3584 3755 vobis.

1988 3776 2278 3846 facite,hoc
2310 3777 2499 3832 dicens
2531 3781 2597 3832 de
2628 3761 2799 3845 Filio;
2837 3781 2949 3849 jam
2998 3783 3145 3834 enim
3202 3761 3459 3838 veniebat
3515 3787 3586 3840 ad

1987 3871 2236 3922 notitiam
2261 3869 2476 3924 virtutis
2504 3870 2651 3936 Filii,
2672 3885 2730 3924 ut
2755 3887 2876 3941 qua:
2899 3873 3123 3927 vidisset
3148 3875 3315 3928 multa
3341 3876 3585 3930 admira-

1986 3959 2129 4026 bilia,
2157 3977 2279 4029 qua:
2327 3962 2490 4016 etiam
2524 3963 2784 4032 paulatim
2822 3964 2878 4018 in
2919 3967 3084 4020 corde
3147 3968 3485 4033 conferebat,
3527 3979 3587 4023 ut

1986 4064 2131 4106 recte
2159 4055 2517 4120 cognovimus
2543 4069 2608 4108 ex
2636 4055 2701 4108 iis
2743 4071 2867 4123 qua:
2898 4067 3326 4125 praeceSserunt.

2056 4133 2279 4200 XXVII.
2318 4147 2588 4212 Quoniam
2618 4156 2933 4205 autemnon
2982 4151 3093 4205 alio
3154 4158 3366 4220 spectat
3415 4167 3582 4223 argu-

1983 4248 2228 4292 mentum
2263 4242 2630 4310 prOpositum,
2689 4255 2854 4311 quam
2892 4243 3068 4296 solum
3127 4243 3192 4296 ad
3239 4247 3582 4300 ostendenda

1983 4331 2221 4401 Virginis
2264 4332 2552 4400 magnalia,
2587 4333 2688 4386 erit
2722 4336 2828 4386 boc
2881 4349 3102 4403 quoque
3165 4350 3336 4389 unum
3395 4352 3460 4390 ex
3516 4338 3584 4392 iis

1979 4439 2100 4492 quae
2123 4423 2271 4476 illius
2298 4433 2428 4478 sunt
2455 4423 2598 4477 bona
2627 4433 2683 4478 et
2718 4429 3004 4495 praeclara,
3063 4428 3110 4480 si
3167 4429 3578 4484 ostenderimus

1979 4531 2100 4570 eam
2135 4517 2308 4570 fuisse
2333 4527 2598 4587 perpetuo
2625 4528 2892 4572 versatam
2915 4535 3040 4574 cum
3075 4518 3236 4582 Filio,
3265 4531 3321 4575 et
3351 4523 3401 4576 ei
3433 4537 3578 4576 sem-

285 4617 480 4680 Deum,
541 4617 756 4686 illisque
827 4632 949 4672 esse
1017 4617 1416 4687 praeferendum
1489 4617 1582 4671 Dei
1643 4617 1872 4672 cultum.
1908 4624 2082 4694 Dpel'
2108 4609 2401 4674 assedisse.
2438 4617 2620 4664 ειηθο
2669 4610 2724 4663 in
2800 4622 3046 4681 ιεωροτθ
3099 4613 3320 4680 (ιυίάθιιι
3389 4630 3574 4668 rerum

284 4709 410 4762 ideo
437 4707 585 4762 enim
624 4708 707 4763 eis
737 4707 961 4773 relictis,
989 4711 1044 4762 in
1078 4711 1282 4779 templo
1315 4718 1675 4773 remanserat,
1695 4716 1878 4764 osten-

281 4801 420 4856 dens
463 4801 559 4855 Dei
609 4815 852 4856 amorem
895 4802 1128 4856 naturali
1169 4811 1225 4856 et
1278 4812 1509 4873 paterno
1558 4801 1876 4856 validiorem

279 4908 402 4948 esse
438 4892 665 4949 debere.

353 4980 496 5036 XXV
516 5022 531 5036 .
559 4981 665 5038 Sed
681 4983 809 5038 mihi
838 4998 1026 5038 rursus
1049 4983 1162 5054 (l2)
1190 4982 1313 5037 vide
1342 4982 1630 5036 mulierum
1655 4981 1875 5052 sapien-

350 5147 395 5178 ⁸⁷
432 5145 550 5202 Luc
582 5161 642 5214 tt,
672 5144 762 5202 48.
840 5145 890 5177 ³⁸
916 5144 1048 5200 ibid.
1084 5145 1174 5201 49.
1252 5145 1296 5177 ³⁸
1323 5143 1569 5202 ibid.5l.
1647 5145 1694 5176 "°
1719 5143 1877 5199 Joan.

351 5309 463 5380 (12)
494 5310 605 5366 Τοῦ
634 5305 1092 5379 Μεταφραστοῦ.
1131 5306 1275 5375 Ὅρα
1311 5322 1402 5375 μοι
1455 5305 1550 5358 καὶ
1582 5299 1738 5366 αὖθις
1773 5303 1872 5371 τὴν

281 5404 611 5473 σοφωτάτην
638 5401 914 5470 γυναικῶν
939 5399 1158 5471 Μαρίαν
1180 5414 1192 5426 ο
1217 5397 1316 5469 τὴν
1351 5397 1563 5468 μητέρα
1581 5396 1678 5466 τῆς
1703 5395 1873 5460 ὅντως

281 5496 476 5564 σοφίας
504 5498 602 5550 καὶ
623 5497 940 5567 ἀπορρήτου
969 5494 1242 5562 γνώσεως.
1265 5490 1529 5559 Atat-lipsi
1557 5491 1686 5560 γὰρ,
1714 5492 1868 5560 φησὶ,

279 5588 481 5643 πάντα
544 5589 618 5642 τὰ
657 5589 901 5657 ῥήματα
943 5585 1133 5639 ταῦτα
1171 5587 1240 5637 ἐν
1283 5583 1359 5652 τῇ
1395 5583 1610 5653 καρδίᾳ
1655 5581 1868 5650 αὐτῆς,

279 5682 471 5753 ὥσπερ
495 5683 560 5752 δὴ
585 5683 681 5735 καὶ
705 5682 966 5751 πρότερον
995 5680 1086 5733 ἐπὶ
1118 5681 1186 5751 τῇ
1219 5676 1324 5732 τῶν
1354 5678 1626 5744 ποιμένων
1646 5677 1872 5730 ὲπισςα-

283 5777 396 5846 σξᾳ,
455 5777 548 5828 καὶ
576 5772 660 5836 οἷς
695 5776 894 5828 ἐκεῖνοι
929 5775 1236 5844 ἑωρακότες
1272 5772 1368 5825 καὶ
1417 5771 1748 5832 ἀκούσαντες
1781 5770 1871 5836 ἐξ·

280 5867 577 5937 ηγόρευον.
614 5867 866 5926 Kanon
899 5868 1006 5936 γὰρ
1049 5865 1224 5920 ταῦτα
1257 5864 1436 5936 πάντα
1469 5864 1502 5933 ἡ
1532 5861 1720 5934 Μαρία
1752 5879 1880 5914 συν.

1981 4702 2353 4765 adversarum.
2386 4716 2488 4755 nec
2529 4702 2584 4754 in
2627 4701 2884 4758 Passione
2933 4703 3102 4758 fuisse
3147 4706 3215 4759 ab
3257 4720 3322 4758 eo
3349 4720 3577 4774 separa-

1983 4807 2116 4857 tam,
2143 4794 2362 4862 quando
2386 4803 2442 4848 et
2483 4793 2755 4863 discipuli,
2816 4803 2870 4848 et
2899 4796 3079 4862 amici,
3130 4809 3185 4850 et
3214 4812 3404 4850 omnes
3434 4799 3572 4860 noti,

1983 4887 2072 4941 alii
2103 4885 2323 4954 quidem
2345 4886 2463 4955 ipso
2492 4886 2718 4940 omnino
2757 4889 2975 4943 relicto.
3005 4902 3064 4941 se
3091 4889 3146 4942 in
3177 4890 3344 4947 pedes
3388 4893 3576 4959 conjc‘

1984 4987 2177 5033 cerunt
2196 4995 2209 5033 :
2229 4977 2320 5034 alii
2342 4993 2490 5042 vero,
2520 4993 2642 5032 cum
2667 4979 2945 5048 paululum
2962 4991 3389 5049 exspectassent,
3407 4996 3574 5050 ttegao

1905 5159 1966 5211 ιι,
1991 5145 2017 5198 1
2043 5159 2194 5214 seqq.

1981 5306 2191 5373 ετήρει·
2223 5305 2284 5357 οὐ
2315 5304 2424 5374 γὰρ
2457 5305 2534 5365 ὡς
2565 5301 2766 5374 παιδίῳ
2794 5303 2902 5356 τινὶ
2931 5307 3244 5375 προσεῖχεν·
3274 5306 3408 5360 ἀλλὰ
3441 5309 3571 5377 περὶ

1979 5397 2236 5450 πλείστου
2281 5397 2350 5449 τὰ
2398 5396 2671 5467 λεγόμενα
2711 5399 2971 5462 ἐποιεῖτο,
3011 5398 3108 5450 καὶ
3159 5397 3311 5450 οὐδὲν
3345 5395 3415 5462 ἦν
3460 5397 3571 5451 τῶν

1981 5488 2114 5560 παρ’
2152 5489 2320 5543 αὑτοῦ
2371 5489 2708 5558 λεγομένων,
2753 5487 2782 5540 ὃ
2824 5488 2900 5559 μὴ
2948 5490 3100 5556 ἀξιον
3143 5488 3284 5558 αὐτὴ
3334 5491 3570 5558 σπουδῆς

1980 5581 2240 5647 ἐποιεῖτο,
2269 5583 2364 5635 καὶ
2394 5585 2474 5645 είς
2507 5583 2734 5652 καρδίαν
2768 5583 3038 5649 ἔκρυπτεν
3072 5582 3331 5654 ἐμμελῶς
3350 5619 3369 5645 ,
3396 5584 3569 5651 σπέρ-

1982 5691 2129 5744 ματα
2175 5671 2318 5729 εἶναι
2355 5676 2517 5729 ταυτὶ
2572 5680 2666 5730 καὶ
2712 5677 3009 5748 μηνύματα
3063 5676 3222 5730 θείων
3263 5677 3425 5729 τινῶν
3475 5679 3569 5730 καὶ

1979 5768 2308 5838 ἀπορρήτων
2344 5769 2708 5840 πραγμάτων,
2729 5769 2910 5834 καλῶς
2927 5769 3187 5840 κρίνουσα
3205 5773 3244 5822 ⁹.

345 6008 359 6024 ⁸
396 6005 504 6058 Hoc
549 6020 707 6071 usque
745 6005 1108 6071 Metapbrastrs
1131 6005 1178 6058 in
1221 6007 1403 6060 Catena
1440 6005 1604 6058 Grmca
1639 6009 1830 6056 textum
1866 6007 2092 6062 Latinum
2118 6009 2296 6074 partim
2321 6008 2746 6082 reprtegentatiin
2769 6007 3099 6074 sequentibus
3123 6004 3322 6057 omnino
3347 6002 3553 6055 abludit.
