3996 6456
386 391 489 458 551

1648 389 1936 449 MENSIS
1979 390 2413 454 AUGUSTUS.

3557 398 3666 462 £52

381 518 599 564 verunt.
656 507 841 575 Itaque
883 505 1136 575 quoniam
1191 503 1305 556 hcce
1367 501 1438 556 ita
1463 517 1520 556 se
1571 502 1792 565 habent,
1860 501 1980 555 aliis
2013 508 2053 562 Α
2088 504 2253 558 modo
2283 520 2392 558 non
2424 505 2477 558 in
2509 506 2623 574 ejus
2652 507 2829 576 potius
2858 511 3044 565 carnis
3074 511 3179 565 tela
3203 511 3686 568 immittebantur?

383 604 612 664 relictis,
649 615 748 655 nos
797 615 860 653 ea
911 598 1175 651 dicamus.
1213 596 1346 650 Cum
1400 593 1546 648 enim
1593 603 1809 663 tempus
1865 596 1977 662 jam

384 695 598 748 adesset
628 689 929 756 Passionis,
958 699 1012 741 et
1040 687 1128 741 ille
1145 687 1385 757 seipsuin
1432 687 1691 751 traderet,
1728 697 1784 741 et
1813 696 1982 742 staret

385 790 439 838 in
466 782 643 836 medio
671 795 856 833 eorum
884 779 978 848 qui
1040 779 1093 832 in
1143 793 1267 832 eum
1326 779 1528 834 caedem
1580 779 1882 848 spirabant,
1927 786 1982 832 et

382 877 493 943 jam
527 871 890 925 abduceretur
915 870 983 923 ad
1009 868 1264 932 Pilatum,
1291 881 1344 924 et
1371 879 1496 923 ante
1523 870 1787 938 Caipham
1819 872 1983 924 siste-

394 974 565 1027 retur,
595 972 649 1016 et
691 961 758 1015 ad
798 962 1071 1014 Herodem
1121 962 1430 1015 mitteretur
1465 962 1879 1024 exatninandus,
1929 968 1986 1014 et

387 1058 605 1110 tandem
638 1056 692 1107 in
727 1069 852 1107 eum
875 1052 1108 1107 ferretur
1130 1053 1422 1115 sententia,
1453 1062 1508 1106 et
1531 1068 1691 1107 cruce
1720 1052 1980 1107 condem-

385 1155 626 1206 naretur,
665 1144 856 1208 Mater,
898 1144 1041 1197 sicut
1089 1144 1144 1196 itt
1195 1144 1318 1198 aliis
1356 1144 1647 1214 superabat
1678 1143 1983 1209 mulierem,

391 1240 465 1292 ita
522 1237 684 1290 etiam
749 1235 838 1290 hic
888 1250 1107 1304 quoque
1155 1236 1371 1290 videtur
1426 1236 1707 1305 plusquam
1769 1235 1983 1299 mulier,

388 1343 511 1398 quae
537 1328 605 1380 ab
636 1326 726 1380 illo
782 1325 1007 1379 minime
1040 1325 1267 1388 recedit,
1321 1326 1416 1378 sed
1449 1325 1669 1394 propius
1720 1325 1985 1392 sequeba—

393 1427 502 1478 tur,
534 1417 672 1471 nihil
709 1417 906 1470 timens
931 1417 1074 1484 quod
1104 1425 1252 1470 esset
1289 1415 1663 1470 formidabile:
1706 1431 1814 1469 non
1844 1415 1987 1484 quod

391 1519 600 1564 tantum
640 1509 899 1562 maternis
933 1509 1242 1562 vinceretur
1272 1509 1594 1571 visceribus,
1627 1526 1786 1578 quam
1844 1509 1989 1578 quod

392 1603 574 1672 potius
617 1601 800 1655 divino
858 1601 1207 1654 induceretur
1254 1600 1484 1670 judicio,
1545 1601 1684 1654 adeo
1738 1609 1797 1654 ut
1856 1601 1990 1655 alias

389 1709 606 1762 quoque
641 1695 778 1746 duas
824 1691 1097 1753 mulieres,
1153 1694 1308 1755 (luas,
1361 1691 1603 1760 inquam,
1660 1691 1879 1754 Marias,
1931 1700 1991 1744 ut

391 1791 549 1838 docet
614 1781 1029 1853 Evangelium“
1054 1822 1070 1847 ,
1109 1783 1178 1836 ad
1239 1782 1341 1836 hoc
1399 1783 1683 1838 adhortata
1709 1783 1800 1847 sit,
1841 1792 1894 1836 et
1935 1792 1992 1836 ut

391 1889 576 1928 secum
621 1884 953 1937 versaretur,
1003 1871 1376 1942 persuaserit:
1419 1882 1478 1926 ut
1507 1889 1625 1942 qua:
1654 1882 1839 1926 essent
1867 1872 1992 1926 forti

389 1977 445 2020 ct
475 1980 738 2037 generoso
767 1965 968 2027 animo,
998 1974 1052 2018 et
1083 1965 1284 2018 vellent
1312 1964 1593 2018 adhazrere
1619 1965 1746 2019 huic
1767 1980 1989 2034 sponso,

391 2064 482 2126 qui
517 2074 622 2111 nou
650 2058 884 2119 videtur,
915 2065 971 2110 et
992 2067 1170 2110 tamen
1195 2071 1320 2109 cum
1345 2072 1452 2110 non
1483 2067 1758 2122 cernatur,
1796 2072 1997 2126 appro-

395 2152 636 2221 pinquat.
671 2149 837 2202 Erant
874 2148 1043 2211 enim,
1075 2147 1272 2216 inquit,
1299 2148 1557 2203 mulieres
1604 2165 1841 2218 quoque,
1874 2165 1995 2218 quas

396 2245 876 2313 consequebantur
945 2258 973 2296 a
1032 2241 1274 2306 Galilaea,
1298 2251 1353 2294 et
1386 2241 1768 2295 ministrabant
1796 2242 1867 2295 ei.
1920 2243 1994 2296 Ea

397 2336 608 2388 ratione
661 2333 914 2387 videntur
977 2348 1048 2386 ne
1099 2332 1339 2385 abfuisse
1396 2333 1614 2401 quidem
1683 2347 1710 2386 a
1755 2343 1997 2402 tempore

400 2426 804 2496 mysteriorum,
836 2425 930 2478 sed
987 2438 1109 2477 cum
1153 2424 1439 2478 duodecim
1486 2425 1707 2494 quidem
1773 2427 1997 2481 minimc

393 2520 743 2584 accubuisse,
781 2519 946 2573 fuisse
983 2527 1164 2572 tamen
1199 2519 1318 2588 ejus
1365 2519 1563 2573 domus
1596 2531 1997 2588 consequenter

399 2613 713 2682 participes.
744 2611 876 2665 Nam
925 2611 1229 2680 discipulos
1258 2609 1501 2680 quidem,
1562 2625 1686 2666 cum
1735 2615 1994 2683 mysteria

396 2714 452 2759 et
486 2704 807 2759 humilitatis
837 2718 1064 2757 summa:
1088 2702 1326 2756 traderet
1378 2703 1704 2769 doctrinam,
1732 2720 1840 2758 una
1897 2705 1996 2758 ha-

399 2795 516 2850 huit
569 2795 996 2862 accumbentes;
1061 2795 1284 2847 Matrem
1350 2803 1532 2848 autem
1588 2797 1750 2866 jussit
1808 2810 1996 2850 curam

394 2903 584 2956 gerere
611 2887 926 2951 mulierum,
957 2902 1077 2954 quze
1130 2885 1531 2950 ministrabant,
1583 2898 1837 2958 tauquam
1899 2904 1998 2958 per

397 2997 516 3032 eam
549 2978 723 3048 ipsam
758 2977 906 3046 ipsas
959 2977 1190 3048 benigne
1238 2979 1537 3049 accipiens,
1599 2992 1654 3034 et
1693 2981 1997 3051 adimplens

397 3071 634 3126 ofﬁcium
667 3070 1042 3132 humanitatis,
1074 3081 1130 3124 et
1154 3069 1313 3122 simul
1350 3087 1474 3125 cum
1533 3072 1612 3126 eis
1663 3087 1912 3135 vesceus,
1942 3084 1996 3128 et

399 3166 480 3218 sic
513 3181 610 3233 pro
637 3164 942 3217 ministerio
983 3163 1061 3217 eis
1097 3162 1344 3217 referens
1377 3165 1628 3234 gratiam.

469 3252 706 3308 XXVlll.
769 3253 858 3308 Sic
891 3261 1070 3307 autem
1104 3269 1210 3306 una
1245 3267 1465 3322 quoque
1515 3255 1756 3324 ingressa
1793 3266 1877 3309 cst
1939 3255 1993 3308 in

399 3348 600 3402 atrium
659 3348 830 3400 Annae
887 3355 941 3400 et
999 3345 1240 3415 Caiph.-c,
1304 3359 1538 3399 cernens
1569 3346 1996 3415 unumquodque

399 3454 588 3491 eorum
632 3453 752 3506 qua:
775 3438 1125 3508 gerebantur,
1159 3445 1212 3489 et
1246 3436 1389 3505 apud
1435 3453 1559 3490 eum
1617 3437 1837 3506 quidem
1887 3453 1999 3490 ma-

399 3546 558 3596 nens,
591 3531 1116 3598 dumjudicarctur:
1154 3545 1261 3582 una
1291 3538 1471 3583 autem
1514 3529 1829 3598 proﬁciens,
1869 3531 1996 3585 dum

401 3621 761 3675 abduceretur
833 3621 900 3675 ad
981 3629 1241 3685 mortem,
1308 3636 1610 3690 eorumque
1665 3623 1755 3690 qui
1823 3622 1996 3686 ibant,

401 3729 654 3785 egressus
683 3721 737 3767 et
790 3714 1064 3783 ingressus
1117 3711 1493 3774 considerans,
1526 3720 1582 3764 et
1629 3712 1876 3768 omnium
1902 3727 1998 3766 ora
2035 3735 2042 3740 ·

401 3807 706 3868 attendens,
729 3815 788 3859 ut
815 3807 999 3866 sciret,
1032 3821 1282 3875 quzcnam
1322 3805 1374 3858 iu
1406 3820 1531 3859 cum
1569 3803 1810 3858 ferretur
1873 3820 2000 3859 sen-

408 3899 576 3950 tentia
607 3915 619 3950 :
655 3899 877 3966 quinam
923 3914 1048 3952 vero
1071 3906 1228 3951 erant
1276 3897 1314 3950 ii
1343 3897 1435 3966 qui
1463 3898 1510 3950 ei
1540 3898 1998 3962 asscntiebantur,

405 3999 498 4043 aut
524 3990 614 4058 qui
646 3989 1140 4057 reprehendebant.
1174 3986 1317 4041 Nulli
1371 3987 1521 4042 enim
1555 3989 1854 4043 obscurum
1894 3997 2000 4054 est,

401 4095 522 4131 eam
547 4079 661 4130 lucc
684 4077 884 4130 vidisse
910 4078 1114 4142 omnia,
1136 4078 1578 4147 quandoquidem
1605 4079 1658 4132 in
1685 4095 1848 4134 cruce
1869 4096 2004 4149 quo-

403 4184 508 4240 que
537 4184 643 4223 una
675 4169 880 4233 aderat,
910 4170 1126 4238 quando
1156 4173 1222 4223 ab
1250 4171 1368 4239 ipso
1403 4171 1668 4226 crucifixo
1703 4171 1844 4225 Filio
1900 4173 2004 4228 fuit

405 4259 786 4312 commendata
839 4258 1125 4327 discipulo.
1156 4261 1222 4312 Et
1279 4261 1403 4314 ideo
1465 4261 1592 4315 licet
1633 4263 2001 4326 considerare,

405 4349 712 4418 cuiusmodi
761 4351 847 4404 illa
880 4359 1047 4417 esset,
1085 4367 1206 4419 quae
1240 4351 1354 4407 hace
1392 4353 1629 4409 difficilia
1659 4356 1916 4409 cernebat
1951 4367 2005 4410 et

407 4441 656 4506 molesta,
711 4442 1012 4507 illusiones,
1055 4442 1290 4514 ﬂagella,
1343 4445 1543 4513 alapas,
1584 4463 1836 4516 purpura:
1865 4452 2003 4502 ami-

2083 607 2140 650 ut
2175 597 2339 651 etiam
2365 597 2491 652 hinc
2521 597 2683 653 finem
2711 601 3001 670 acciperet,
3035 603 3178 673 quod
3203 606 3417 660 dixerat
3439 607 3684 662 adrnira-

2082 691 2206 746 bilis
2242 691 2462 746 Simeon
2488 709 2501 744 :
2541 695 2704 746 Tuam
2732 711 2936 764 quoque
2964 697 3122 764 ipsius
3140 699 3378 751 animam
3399 711 3684 768 pertrans-

2083 785 2177 838 ibit
2220 785 2431 855 gladius
2456 784 2818 850 ".Quomodo
2867 790 3148 858 sanguinis
3199 793 3366 862 guttis
3404 793 3684 847 efﬂuenti-

2084 879 2185 933 bus
2217 895 2322 932 non
2344 880 2651 933 acerbiores
2671 879 3031 953 lacrymarum
3063 887 3415 953 aquaeductus
3441 885 3686 941 ﬂuebant

2085 988 2152 1026 ex
2204 972 2350 1026 illitis
2406 969 2617 1027 oculis?
2671 975 2956 1040 Quomodo
3005 977 3155 1031 illum
3209 981 3330 1033 tulit
3393 980 3576 1036 videre
3626 982 3683 1036 in

2087 1082 2250 1121 cruce
2274 1066 2597 1131 distentum,
2618 1069 2813 1138 ipsam,
2837 1081 3000 1125 eteos
3017 1073 3109 1140 qui
3132 1074 3379 1132 aderant.
3404 1076 3685 1142 aspicien-

2090 1169 2195 1213 tem
2245 1169 2471 1228 aspectu
2519 1160 2958 1231 benignissimo?
3005 1163 3147 1227 Quid
3194 1179 3324 1220 vero
3373 1167 3686 1233 irrisiones,
3763 1213 3773 1222 .

2087 1251 2216 1320 quid
2250 1251 2416 1320 impia
2471 1255 2868 1308 transeuntium
2942 1267 3264 1321 scommata,
3345 1258 3686 1328 ingratorum

2091 1346 2569 1412 subsannationcs,
2617 1349 2812 1416 probra
2856 1364 3046 1404 eorum
3079 1353 3170 1420 qui
3215 1353 3689 1408 circumstabant?

2091 1439 2221 1505 Quae
2251 1440 2470 1508 quidem
2503 1441 2688 1493 omnia
2728 1455 2848 1494 eam
2901 1445 3422 1498 transverberabant
3457 1446 3688 1515 profun-

2093 1533 2238 1594 dius,
2270 1549 2434 1602 quam
2463 1533 2556 1586 ulli
2593 1535 2750 1588 clavi.
2790 1535 2855 1588 Et
2913 1537 3412 1593 innumerabilibus
3458 1541 3687 1608 quidem

2093 1625 2266 1696 plagis
2317 1626 2702 1680 sauciabatur:
2767 1627 3213 1684 stimulis'autetn
3266 1630 3691 1686 confodiebatur

2095 1719 2605 1773 innumerabilibus.
2641 1719 2755 1773 Hoc
2799 1735 2932 1774 vero
2979 1733 3096 1776 erat
3137 1723 3183 1777 ei
3235 1705 3483 1778 omnium
3516 1726 3690 1779 mole-

2096 1814 2419 1877 stissimum,
2452 1816 2595 1884 quod
2618 1816 2683 1870 ad
2707 1816 2856 1869 illum
2891 1817 3111 1885 quidem
3144 1820 3430 1882 accedere,
3459 1830 3514 1875 et
3557 1837 3688 1875 eum

2094 1907 2296 1976 alloqui
2328 1908 2567 1971 sitiebat,
2604 1911 2972 1980 repellebatur
3019 1922 3201 1966 autem
3256 1928 3285 1966 a
3339 1915 3692 1970 multitudine

2095 2014 2292 2052 canum
2335 2015 2454 2054 eam
2486 2001 2982 2059 circumstantium.
3017 2004 3109 2058 Sic
3147 2003 3296 2058 enim
3328 2003 3548 2060 divinus
3597 2005 3692 2060 ille

2096 2093 2255 2147 Pater
2279 2109 2374 2147 eos
2412 2094 2564 2164 prius
2608 2096 3012 2152 nominavit“.

2170 2207 2336 2264 XXX.
2361 2208 2652 2280 Postquam
2682 2219 2864 2266 autem
2891 2227 3230 2282 qumcunque
3259 2211 3516 2266 volebant
3543 2255 3558 2279 ,
3591 2212 3696 2266 itu-

2097 2302 2242 2372 pleta
2298 2303 2524 2357 fuerunt
2558 2319 2587 2356 a
2632 2302 2726 2358 Dei
2785 2304 3112 2374 parricidis,
3163 2314 3216 2359 et
3246 2320 3355 2359 non
3405 2315 3696 2375 exspecta-

2097 2405 2226 2450 bant
2250 2396 2485 2464 amplius
2508 2435 2521 2456 ,
2548 2395 2665 2450 fore
2700 2408 2758 2451 ut
2797 2398 2864 2451 ab
2903 2399 2986 2452 eis
3016 2397 3308 2452 evaderet:
3349 2415 3472 2452 cum
3503 2401 3695 2468 proxi-

2096 2496 2169 2548 mi
2208 2495 2429 2564 quidem
2465 2495 2626 2549 amici
2661 2495 2984 2565 eﬂ‘ugissent
3007 2536 3022 2560 ,
3057 2508 3150 2550 aut
3180 2498 3366 2566 potius
3395 2497 3476 2568 (ut
3506 2496 3693 2551 dicam

2097 2603 2221 2642 cum
2273 2587 2541 2656 propheta
2563 2588 2630 2653 ιδ)
2665 2602 2694 2640 a
2724 2587 2882 2656 longe
2921 2595 3155 2653 starent,
3185 2589 3300 2657 ipse
3331 2597 3512 2642 autem
3543 2597 3700 2642 esset

2098 2678 2265 2732 clavis
2300 2679 2585 2744 confixus,
2617 2679 2866 2732 custodia
2897 2679 2965 2742 ab
2993 2679 3074 2733 eis
3098 2679 3328 2732 omnino
3381 2679 3698 2750 negligel:a-

2099 2782 2224 2837 tur,
2269 2781 2399 2827 tunc
2443 2772 2738 2826 verisimile
2784 2782 2903 2833 est,
2945 2771 3229 2841 Deiparam
3255 2813 3267 2833 ,
3315 2773 3418 2827 sibi
3455 2773 3581 2826 data
3612 2771 3699 2825 fa-

2099 2867 2334 2930 cultate,
2379 2865 2446 2920 ad
2511 2881 2635 2919 eum
2695 2865 3028 2930 accessisse,
3073 2875 3127 2919 et
3182 2867 3533 2919 intemeratos
3568 2865 3700 2934 qui-

2100 2959 2222 3014 dem
2264 2959 2384 3027 ejus
2424 2960 2622 3028 pedes,
2653 2969 2709 3013 et
2760 2960 3056 3028 impressas
3105 2959 3186 3012 eis
3232 2959 3416 3029 plagas
3457 2959 3698 3013 libenter

2099 3067 2222 3106 esse
2248 3052 2619 3105 deosculatam
2645 3091 2658 3116 ,
2681 3059 2735 3105 et
2756 3051 3022 3122 sanguine
3055 3051 3377 3105 miscentem
3402 3051 3694 3122 lacrymas,

2100 3145 2288 3200 oculos
2316 3155 2370 3198 et
2433 3160 2600 3214 genas
2664 3145 2982 3209 attrivisse,
3031 3159 3155 3198 cum
3205 3146 3443 3198 maximo
3510 3155 3697 3200 autem

2100 3237 2266 3290 animi
2298 3245 2444 3290 motu
2473 3253 2596 3290 cum
2626 3238 2979 3306 aSpiclentem
2999 3235 3377 3300 dixissezQuid
3402 3236 3514 3290 ha-c
3539 3247 3698 3300 sunt,

2101 3346 2132 3384 0
2169 3329 2395 3385 Domine
2427 3341 2482 3384 et
2506 3328 2913 3384 Deus?suntne
2976 3331 3058 3383 hac
3091 3331 3562 3384 remunerationes
3587 3340 3702 3385 tum

2101 3422 2496 3492 inexplicabilis
2555 3423 2608 3475 in
2659 3423 2907 3476 homines
2959 3422 3310 3476 clementiae?
3377 3421 3541 3476 Estne
3578 3405 3701 3477 haec

2101 3517 2394 3572 retributio
2423 3527 2530 3571 tua:
2571 3517 2968 3587 benignitatis?
2998 3517 3134 3580 line,
3167 3534 3305 3586 quos
3363 3526 3419 3571 tu
3462 3517 3699 3572 affecisti

2101 3610 2408 3673 beneficio,
2456 3611 2590 3663 tales
2629 3609 2721 3662 tibi
2769 3610 2970 3679 gratias
3025 3609 3401 3663 retulere?Te
3450 3625 3696 3679 purpura

2103 3704 2338 3757 induunt
2367 3701 2660 3763 irrisionis,
2709 3717 2846 3770 quos
2899 3711 3155 3770 tanquam
3195 3701 3332 3756 ﬁlios
3390 3700 3552 3756 Pater
3605 3719 3701 3756 or-

2105 3796 2242 3849 uasti
2291 3795 2426 3849 stola
2467 3795 2690 3864 gloriae,
2725 3803 2781 3848 et
2827 3803 3083 3862 tanquam
3137 3795 3322 3863 aquila
3374 3796 3565 3848 nidum
3604 3811 3738 3870 re-_

2103 3901 2273 3957 gens,
2305 3885 2404 3938 alis
2448 3885 2706 3956 expansis
2750 3885 3125 3954 suscepisti“,
3177 3894 3233 3939 et
3281 3887 3332 3938 in
3383 3887 3546 3940 dorso
3600 3898 3701 3941 tuo

2103 3980 2352 4050 portasti.
2401 3977 2758 4033 Contumelia:
2802 3993 3060 4031 coronam
3122 3978 3216 4032 tibi
3272 3980 3698 4048 imposuerunt,

2105 4088 2244 4142 quos
2283 4071 2444 4126 bona:
2499 4071 2798 4125 voluntatis
2844 4071 3014 4124 armis
3065 4071 3181 4141 ipse
3217 4073 3489 4125 coronasti
3519 4083 3610 4138 ,et
3636 4085 3699 4128 ut

2107 4167 2368 4221 adversus
2393 4164 2642 4219 inimicos
2689 4173 2852 4234 caput
2885 4164 3162 4226 tollerent,
3193 4165 3550 4218 confirmasti.
3572 4165 3702 4218 Cla-

2109 4262 2192 4314 vis
2215 4260 2310 4313 tibi
2343 4259 2562 4312 dolores
2595 4257 2831 4312 afferunt
2859 4296 2874 4323 ,
2904 4256 2996 4327 qui
3032 4272 3061 4310 a
3094 4257 3375 4312 laboribhs
3407 4257 3698 4328 Egyptia-

2107 4369 2186 4408 cze
2224 4349 2536 4414 servitutis,
2566 4358 2620 4403 et
2647 4351 2715 4404 ab
2762 4349 3254 4403 innumerabilibus
3305 4349 3699 4404 afﬂictionibus

2110 4453 2241 4499 sunt
2269 4442 2503 4498 liberati.
2539 4442 2822 4496 Arundine
2849 4451 3001 4495 tuum
3036 4452 3195 4510 caput
3244 4442 3449 4496 feriunt
3474 4445 3696 4513 ,quibus

405 4543 576 4595 ctum,
610 4548 824 4587 coronae
857 4534 1279 4604 impositionem,
1335 4539 1782 4594 contumeliosam
1813 4542 1994 4595 tradu-
2031 4546 2079 4605 υ
2109 4553 2257 4591 mare
2283 4536 2430 4604 virga
2453 4550 2770 4604 percussum
2803 4536 3340 4606 ccssitfugicutibns.
3370 4537 3476 4591 Sed
3505 4537 3700 4606 loque-

404 4626 667 4680 ctionem.
693 4625 919 4696 Oportet
941 4643 1158 4697 quoque
1185 4628 1556 4695 considerare,
1588 4646 1880 4700 quemnam
1902 4633 1998 4687 ha-

406 4717 561 4770 beret
588 4718 852 4782 animum,
886 4718 999 4773 sive
1018 4734 1083 4772 ex
1105 4719 1243 4774 Filio
1263 4735 1382 4774 eam
1408 4721 1732 4791 simpliciter
1753 4724 1994 4791 judices,

406 4810 711 4862 naturalem
743 4809 1007 4864 ferentem
1037 4811 1159 4864 vim:
1190 4811 1459 4882 passionis
1485 4830 1501 4868 :
1541 4818 1657 4868 sive
1696 4817 1840 4885 quod
1868 4833 1992 4872 eum

405 4910 756 4968 cognosceret
785 4902 1004 4957 homine
1022 4905 1381 4974 superiorem,
1415 4905 1692 4961 admirans
1715 4924 1992 4963 summam

407 4993 526 5062 ejus
557 4994 896 5048 tolerantiam
933 5012 948 5049 :
984 5005 1079 5050 aut
1123 4997 1308 5066 potius
1341 5007 1653 5066 utrumque,
1679 4999 1816 5054 adeo
1849 5011 1907 5055 ut
1941 5015 1994 5057 ct

406 5085 637 5138 naturali
659 5085 968 5141 flecteretur
983 5088 1290 5154 affectione,
1314 5099 1368 5143 et
1390 5091 1649 5144 miraculo
1663 5091 1991 5150 aﬂiceretur.

477 5172 668 5228 XXIX.
692 5173 984 5245 Postquam
1003 5185 1181 5232 autem
1201 5178 1445 5232 scelerati
1462 5191 1727 5233 venerunt
1744 5179 1796 5233 in
1814 5183 1991 5236 locum

404 5263 687 5333 Calvarize,
739 5277 794 5321 et
833 5269 936 5322 ﬁxa
976 5270 1196 5339 quidem
1241 5269 1342 5323 fuit
1393 5285 1561 5335 crux,
1630 5270 1685 5324 in
1742 5287 1804 5324 ea
1862 5288 1991 5327 vero

413 5358 684 5426 pendebat
707 5359 827 5430 ejus
853 5358 1042 5427 Filius,
1083 5361 1357 5431 quomodo
1392 5371 1511 5416 erat
1561 5363 1747 5416 animo
1772 5363 1988 5430 aﬂ'ecta,

409 5465 536 5504 eum
565 5452 758 5507 videns
785 5453 864 5507 sic
889 5453 1184 5522 patientem
1215 5454 1238 5508 ?
1275 5453 1560 5519 Quomodo
1594 5454 1810 5510 videbat
1859 5473 1987 5511 eum

412 5543 673 5598 nudatum
703 5545 964 5610 vestibus,
989 5546 1079 5614 qui
1133 5547 1330 5600 caelum
1363 5546 1492 5617 tcgit
1536 5549 1810 5602 nubibus?
1844 5547 1992 5613 Quo-

413 5639 574 5692 modo
601 5639 893 5694 habentem
919 5655 1082 5709 puras
1111 5655 1304 5696 carnes
1326 5641 1495 5697 clavis
1526 5641 1811 5696 coniixas?
1844 5643 1990 5706 Quu-

489 5833 532 5864 ⁸⁸
560 5833 724 5906 Marc.
757 5854 846 5906 xv,
876 5840 962 5895 40.

1044 5842 1084 5873 δ’
1126 5840 1257 5896 Luc.
1292 5857 1351 5908 tt,
1377 5843 1465 5898 '55.

446 5917 524 5964 ts,
557 5905 644 5957 ‘26.

1545 5843 1590 5874 "
1627 5843 1767 5899 Psal.
1799 5859 1910 5912 xxi,
1949 5845 2033 5899 l7.

2104 4648 2162 4686 rc
2193 4629 2396 4699 aliquid
2427 4629 2700 4682 modicnm
2749 4629 2816 4683 ad
2852 4638 3003 4682 tuam
3041 4628 3264 4683 Matrem
3300 4633 3693 4683 recreandum:

2099 4741 2208 4778 non
2248 4724 2364 4777 fero
2386 4724 2531 4776 enim
2560 4722 2777 4775 dolores
2801 4762 2815 4786 ,
2853 4737 2973 4791 qua:
3007 4730 3057 4773 te
3111 4721 3296 4790 peperi
3325 4721 3446 4774 sine
3480 4721 3690 4774 dolore.

2099 4817 2202 4874 Ubi
2232 4825 2284 4872 te
2317 4816 2515 4871 videbo
2561 4824 2747 4885 postea
2773 4814 2970 4880 ?Quod
3033 4813 3138 4866 erit
3203 4813 3336 4868 mihi
3388 4812 3643 4867 solatium
3668 4812 3694 4863 ?

2099 4907 2231 4974 Quis
2259 4907 2364 4960 mei
2391 4920 2578 4960 curam
2640 4913 2792 4976 geret
2829 4918 2891 4958 ac
2911 4901 3209 4956 defendet?

2173 5015 2366 5070 XXXI.
2397 5018 2530 5068 Cum
2558 5029 2678 5067 eam
2707 5012 2935 5067 vidisset
2968 5021 3074 5065 tam
3103 5012 3298 5066 acerbe
3322 5011 3599 5075 alfcctam,
3635 5021 3692 5066 et

2103 5118 2333 5164 stantem
2360 5122 2527 5176 prope
2549 5106 2806 5161 dilectum
2837 5107 3190 5175 discipulum,
3231 5107 3363 5161 illud
3385 5109 3450 5177 (si
3467 5118 3691 5162 :uterat

2102 5205 2555 5265 consentaneum)
2591 5206 2674 5252 est
2693 5199 2919 5252 omnino
2947 5199 3197 5254 elocutus
3223 5241 3236 5261 ,
3267 5202 3410 5269 quod
3440 5200 3688 5253 divinum

2101 5302 2290 5344 narrat
2319 5290 2700 5360 Evangelium.
2731 5291 2860 5343 Eam
2909 5290 3055 5343 enim
3102 5291 3341 5362 primum
3378 5293 3685 5361 aspiciens:

2103 5381 2321 5448 Mulier,
2347 5381 2544 5450 inquit,
2577 5397 2690 5435 ecce
2712 5381 2854 5450 ﬁlius
2881 5391 3002 5435 tuus
3026 5381 3094 5446 “,
3121 5385 3422 5438 ostendens
3442 5385 3685 5455 discipu-

2099 5476 2234 5530 lum.
2255 5474 2347 5531 Sic
2378 5476 2462 5530 vel
2497 5476 2646 5530 cruci
2669 5473 2861 5528 affixus
2881 5491 3101 5540 ,curam
3130 5479 3351 5547 gerebat
3389 5481 3597 5544 matris,
3635 5491 3682 5534 cl

2098 5585 2214 5624 eam
2237 5567 2635 5624 commendavit
2670 5569 2866 5624 dilecto
2886 5569 3172 5636 discipulo,
3198 5586 3296 5622 nos
3337 5571 3538 5626 dorens
3577 5589 3683 5626 non

2102 5661 2378 5734 negligere
2427 5671 2678 5730 parentes
2733 5677 2902 5732 usque
2932 5664 2997 5716 ad
3049 5679 3350 5717 EXIrCIItttm
3387 5665 3682 5732 spiritum,

2110 5845 2150 5876 “
2183 5845 2327 5902 Psal.
2373 5861 2578 5913 xxxvii,
2605 5845 2694 5904 51.

2805 5846 2850 5879 ⁸⁸
2875 5846 3029 5902 Deut.
3068 5863 3239 5914 usu,
3270 5848 3358 5901 ll.
3456 5846 3673 5900 "Joan.
