3996 6430
282 423 388 487 553

1395 414 1681 476 ORATIO
1727 413 1824 474 DE
1862 411 2150 474 SANC'I‘A
2190 411 2458 470 MﬁrlilA.

3442 412 3546 474 55‘

281 549 594 608 quanquam
627 532 780 604 prius
811 533 1094 588 videbatur
1123 531 1285 586 etiam
1317 530 1591 600 repellere
1613 541 1695 595 ,ut
1744 545 1864 599 quzc
1895 539 1934 594 Α
1968 528 2173 582 minum
2195 567 2210 593 ,
2251 527 2347 580 sed
2402 525 2564 579 etiam
2590 525 2934 594 discipulum
2957 567 2973 590 ,
3034 541 3220 578 verum
3273 526 3547 582 occultum

282 643 394 681 non
454 625 509 677 iu
552 631 801 692 tempore
853 623 901 677 ei
932 629 1079 676 esset
1116 620 1368 675 molesta.
1399 619 1537 684 Quid
1569 621 1708 674 enim
1741 619 1868 672 milii

281 728 330 771 et
360 718 456 770 tibi
482 718 498 782 (
523 716 577 770 in
624 713 832 783 nuptiis
897 711 1138 782 inquit),
1191 711 1379 764 mulier
1401 710 1487 763 ‘7?
1530 719 1584 764 et
1617 719 1803 779 postea
1853 725 1865 763 :

280 810 412 876 Quae
448 817 525 863 est
572 816 741 860 mater
780 823 895 860 mea
939 808 964 861 2
1021 804 1120 858 llic
1166 813 1349 858 autem
1393 813 1634 873 apertam
1685 813 1872 856 osten-

280 902 363 957 dit
404 899 784 961 dilectionem,
824 907 880 952 et
931 895 1201 966 discipulo
1244 894 1463 964 quidem
1524 909 1643 947 eam
1707 907 1872 946 com-

282 993 542 1054 mendat,
570 991 651 1046 sic
689 989 1002 1052 consolans,
1053 987 1204 1042 illum
1239 996 1433 1041 autem
1469 986 1640 1056 magis
1693 986 1871 1039 hono-

281 1100 413 1140 rans
439 1083 914 1140 commendatione
938 1119 952 1143 ,
983 1091 1038 1135 et
1076 1080 1220 1150 quod
1252 1079 1404 1134 valde
1439 1094 1564 1133 eum
1599 1078 1870 1149 diligeret,

284 1177 388 1229 hoc
416 1186 576 1229 utens
600 1172 916 1238 testimonio
947 1171 1099 1240 (quid
1125 1171 1272 1224 enim
1317 1169 1463 1223 aliud
1505 1167 1712 1222 faciens
1737 1209 1752 1233 ,
1778 1177 1874 1221 aut

280 1267 505 1328 dicens,
565 1265 716 1318 illum
768 1264 860 1318 tali
909 1262 1122 1318 honore
1151 1271 1236 1317 est
1291 1259 1648 1332 dignatus?),
1707 1258 1872 1314 simul

281 1371 503 1426 quoque
555 1354 699 1425 quod
755 1351 1270 1424 permansisset,ei
1337 1350 1584 1405 referens
1645 1349 1870 1420 gratias.

283 1449 490 1503 Deinde
519 1463 641 1500 cum
671 1447 835 1501 etiam
881 1445 1185 1514 aspexisset
1211 1442 1749 1513 discipulum.Ecce,
1784 1441 1870 1495 in-

280 1541 435 1611 quit,
464 1549 649 1593 .mater
681 1539 845 1592 tua".
878 1536 992 1592 Hoc
1014 1547 1196 1591 autem
1223 1545 1343 1590 erat
1379 1535 1766 1606 conjungentis
1803 1533 1872 1588 ad

283 1634 641 1688 dilecﬁonem
667 1672 683 1698 ,
712 1640 766 1684 et
796 1629 956 1684 simul
983 1631 1148 1685 etiam
1179 1628 1530 1685 ostendentis
1577 1629 1867 1684 amborum

283 1727 690 1780 auctoritatem.
723 1724 797 1776 Ab
835 1740 891 1776 eo
927 1737 1058 1793 ergo
1078 1731 1326 1790 tempore,
1351 1722 1547 1792 inquit,
1581 1721 1871 1790 discipulus

283 1834 404 1871 eam
439 1817 641 1886 accepit
674 1816 726 1867 in
775 1816 991 1884 propria
1018 1813 1086 1881 ",
1116 1815 1426 1884 intelligens
1460 1829 1722 1884 quorsum
1752 1821 1872 1867 ten-

1978 620 2107 689 (hoc
2135 619 2279 674 enim
2305 619 2464 673 docet
2489 616 2942 688 Evangelium"),
2977 625 3036 672 ut
3071 618 3165 688 qui
3213 616 3309 674 Dei
3339 618 3553 675 timeret

1975 712 2278 782 parricidas
2308 752 2322 775 ,
2350 713 2500 768 venit
2518 713 2584 766 ad
2611 727 2734 766 eum
2777 711 2943 784 Virgo
2962 749 2978 775 ,
3002 721 3059 765 et
3085 711 3267 766 verbis
3291 714 3340 768 ei
3361 714 3557 768 suadet

1975 807 2512 873 accommodatis,ut
2545 807 2600 862 in
2659 821 2758 862 suo
2787 816 3146 863 monumento
3172 847 3188 873 ,
3221 815 3478 878 tanquam
3498 809 3552 862 in

1975 897 2158 966 aliquo
2186 899 2425 952 armario
2454 937 2471 962 ,
2527 912 2774 967 magnam
2819 897 2930 950 vim
2991 912 3156 966 opum
3195 906 3464 967 reponat,
3499 907 3555 950 et

1975 991 2053 1043 sic
2083 990 2305 1044 domum
2328 988 2730 1044 custodientem
2760 987 2902 1057 apud
2934 1002 2993 1043 se
3013 987 3180 1042 vitam
3205 988 3424 1043 habeat.
3463 987 3553 1043 Fi-

1975 1097 2102 1134 nem
2133 1081 2282 1136 enim
2313 1121 2328 1146 ,
2373 1080 2588 1150 inquit,
2608 1088 2938 1149 acceperunt
2979 1095 3064 1134 res
3079 1081 3512 1134 adversariorum
3541 1123 3560 1141 ,

1974 1182 2031 1227 et
2070 1171 2305 1225 maxime
2328 1171 2656 1241 .probrosam
2709 1169 2766 1225 hi
2822 1178 3053 1224 mortem
3109 1169 3364 1240 Magistro
3414 1181 3560 1226 attu-

1978 1261 2201 1326 lerunt,
2277 1263 2423 1316 nulla
2505 1261 2858 1331 quantumvis
2941 1277 3179 1332 magna,
3243 1263 3440 1326 iniuria
3503 1273 3560 1318 et

1975 1352 2272 1423 ignominia
2329 1352 2386 1407 in
2462 1368 2587 1406 eum
2650 1353 2805 1423 prius
2866 1352 3253 1422 praetermissa.
3287 1353 3559 1409 Caeterum

1976 1461 2126 1501 nunc
2157 1461 2376 1517 quoque
2406 1445 2462 1500 in
2496 1447 2643 1516 ligno
2695 1447 2844 1516 jacet
2917 1455 3168 1502 mortuus
3223 1455 3278 1501 et
3339 1448 3559 1514 nudus,

1972 1540 2111 1598 mihi
2149 1548 2202 1595 et
2252 1549 2449 1595 creatae
2502 1550 2710 1594 natura:
2752 1540 3090 1595 horrendum
3153 1541 3561 1610 spectaculum,

1974 1643 2036 1688 ut
2073 1649 2237 1703 quem
2269 1633 2451 1703 potius
2484 1633 2785 1698 irrideant,
2820 1648 2984 1704 quam
3018 1632 3139 1702 ejus
3171 1632 3558 1689 misereantur.

1976 1725 2053 1780 Da
2086 1741 2214 1797 ergo
2249 1726 2380 1780 mihi
2419 1727 2645 1796 gratiam
2670 1767 2686 1790 ,
2709 1736 2766 1781 et
2797 1726 3110 1790 communi,
3147 1724 3371 1795 inquam
3395 1764 3412 1787 ,
3434 1725 3564 1780 huic

1977 1816 2252 1888 Magistro.
2293 1818 2572 1873 Audacter
2598 1827 2722 1886 pete
2775 1816 2923 1870 illius
2949 1832 3180 1887 corpus,
3222 1828 3284 1872 ut
3313 1817 3564 1888 depona-

282 1910 440 1962 deret
478 1909 656 1962 oratio
682 1946 697 1972 ,
731 1916 784 1962 et
831 1907 1045 1962 Domini
1110 1905 1379 1962 voluntati
1437 1905 1649 1961 sincere
1691 1905 1868 1960 inser-
1910 1885 1947 1940 Β
1985 1919 2110 1972 tur.
2153 1918 2208 1964 et
2254 1910 2555 1965 mandetur
2611 1910 2906 1978 sepulturae
2931 1947 2947 1972 ,
2978 1909 3022 1961 si
3082 1924 3189 1963 non
3238 1908 3404 1963 etiam
3444 1919 3566 1979 post

281 2016 462 2054 nens.

359 2090 576 2146 XXXII.
626 2091 920 2163 Postquam
953 2099 1132 2148 autem
1176 2090 1338 2147 ﬁnem
1389 2099 1719 2161 acceperunt
1749 2105 1870 2143 om-

289 2185 376 2240 nia
405 2227 420 2252 ,
457 2185 600 2240 Sitio
628 2227 642 2251 ,
677 2186 853 2256 inquit
881 2185 1128 2241 Salvator
1152 2185 1220 2238 ⁸¹.
1255 2183 1360 2251 Qui
1392 2200 1520 2238 vero
1546 2192 1702 2238 erant
1726 2183 1876 2236 vclo-

285 2289 375 2329 ces
413 2276 479 2328 ad
509 2274 714 2328 malum
737 2313 754 2341 ,
789 2285 844 2329 et
879 2275 1217 2346 ingratorum
1259 2273 1714 2344 ingratissimi,ci
1744 2289 1872 2328 ace-

288 2374 400 2420 tum
428 2366 557 2421 felle
589 2367 938 2422 eommistum
963 2407 976 2430 ,
1025 2369 1117 2437 qui
1147 2385 1295 2438 aqua
1328 2369 1344 2438 (
1371 2369 1506 2438 proh
1538 2368 1730 2422 dolor!
1760 2366 1779 2436 )
1819 2367 1872 2420 in

287 2460 407 2514 sitis
453 2473 593 2514 aestu
642 2459 696 2513 in
731 2470 875 2514 terra
922 2461 1072 2516 arida
1097 2471 1225 2516 sunt
1248 2462 1418 2532 potati
1445 2479 1460 2526 ;
1491 2469 1546 2516 ct
1581 2461 1672 2530 qui
1713 2459 1874 2514 melle

286 2553 517 2608 Saturati
575 2554 905 2620 fuerunt",
939 2553 1010 2608 fel
1059 2555 1396 2624 porrigunt;
1451 2569 1682 2623 quorum
1738 2568 1872 2618 uva,

287 2664 387 2702 uva
428 2645 602 2706 fellis,
653 2653 708 2700 et
743 2646 822 2700 ira
851 2688 868 2714 ,
903 2647 1203 2700 draconum
1267 2645 1555 2702 domus".
1590 2643 1698 2698 Sed
1737 2659 1878 2712 quo-

287 2739 448 2794 modo
483 2751 676 2791 rursus
707 2737 864 2791 illam
915 2737 1045 2792 lucc-
1082 2738 1358 2792 videntem
1389 2779 1406 2804 ,
1431 2738 1720 2806 oportebat
1744 2752 1872 2790 cru-

287 2832 417 2887 ciari
449 2832 640 2886 animo
666 2830 689 2884 ?
711 2830 941 2896 Quando
964 2840 1144 2886 autem
1177 2839 1450 2886 mortuum
1476 2845 1695 2900 quoque
1719 2829 1874 2892 vidit,

289 2925 564 2995 quomodo
608 2924 776 2978 tulit?
823 2925 1100 2992 quomodo
1152 2939 1263 2977 non
1327 2923 1498 2978 etiam
1548 2923 1721 2992 ipsam
1768 2937 1875 2976 una

301 3017 522 3088 abrupit
568 3015 858 3070 animam?
907 3015 1191 3080 Quomodo
1245 3015 1504 3069 sustinuit
1550 3015 1742 3069 videns
1767 3014 1874 3068 ini-

294 3113 499 3172 micos,
543 3109 636 3178 qui
668 3123 737 3162 ne
772 3117 896 3178 post
934 3116 1164 3162 mortem
1211 3107 1433 3177 quidem
1482 3107 1665 3162 adhuc
1709 3114 1878 3161 erant

1980 2009 2217 2055 mortem
2252 2000 2324 2054 sit
2373 1999 2480 2054 illis
2525 1997 2690 2054 Jesus
2731 1999 2966 2054 invisus.
3012 1997 3102 2054 Sic
3122 1999 3280 2054 nobis
3313 2001 3566 2056 omnibus

1978 2107 2227 2162 magnam
2287 2091 2486 2146 alleres
2545 2091 3026 2157 consolationem,
3089 2093 3264 2160 quiin
3345 2107 3566 2148 onmem

1976 2183 2182 2240 redacti
2227 2199 2418 2239 sumus
2455 2192 2782 2256 egestatem,
2831 2193 2887 2240 et
2919 2199 3152 2254 quorum
3189 2199 3349 2240 nemo
3377 2201 3560 2240 move-

1979 2284 2068 2330 tur
2096 2274 2470 2330 misericordia
2501 2292 2518 2332 :
2549 2277 2721 2330 Amici
2755 2276 2901 2330 enim
2929 2279 3030 2330 mei
3060 2287 3108 2330 et
3133 2277 3410 2347 propinqui
3445 2278 3566 2340 mei,

1979 2384 2043 2422 ex
2072 2369 2295 2422 adverso
2331 2371 2891 2439 appropinquaverunt
2927 2381 2976 2426 et
2999 2381 3250 2426 steterunt
3275 2414 3290 2438 ,
3311 2382 3360 2426 et
3387 2372 3568 2440 proxi-

1980 2463 2052 2513 mi
2111 2462 2212 2515 mei
2242 2478 2276 2514 a
2344 2461 2496 2530 longe
2551 2465 2880 2518 steterunt".
2933 2465 3012 2519 Ex
3045 2481 3270 2519 menon
3339 2479 3567 2534 possum

1978 2553 2274 2622 quidquam
2308 2551 2491 2608 facere
2517 2591 2532 2618 ,
2566 2562 2626 2608 ut
2654 2554 2806 2609 vides
2840 2594 2858 2620 ,
2910 2570 3034 2610 cum
3076 2555 3179 2609 sim
3225 2556 3338 2609 sola
3388 2565 3444 2610 et
3476 2555 3572 2609 ho-

1981 2646 2222 2716 spita,et
2256 2663 2379 2701 cum
2429 2661 2543 2702 uno
2604 2647 2719 2702 solo
2767 2663 2835 2702 ex
2886 2647 3169 2717 discipulis
3212 2655 3418 2703 attenta
3464 2647 3568 2702 sim

1981 2740 2263 2795 crucitixo.
2335 2739 2426 2795 Sic
2495 2740 2631 2797 mihi
2687 2741 2849 2797 sistes
2896 2741 3172 2808 dolorem,
3247 2741 3328 2798 sic
3389 2731 3574 2813 repri.‘

1980 2847 2101 2886 tnes
2140 2833 2430 2903 lacrymas.

2053 2921 2292 2978 XXXIV.
2325 2925 2463 2978 Cum
2503 2923 2802 2995 Josephum
2858 2925 3087 2996 Deipara
3120 2927 3316 2982 talibus
3383 2927 3566 2984 verbis

1984 3015 2287 3071 inﬂexisset
2341 3028 2395 3070 et
2447 3016 2769 3085 incitasset,
2826 3020 3029 3074 emittit
3078 3021 3146 3075 ad
3191 3019 3448 3075 Pilatum.
3481 3020 3575 3075 Ille

1983 3121 2205 3176 autem,
2239 3111 2464 3180 expulsa
2513 3113 2663 3166 omni
2726 3113 3043 3178 timiditate,
3073 3122 3130 3168 et
3183 3115 3252 3170 ab
3313 3114 3434 3182 illo,
3483 3106 3575 3185 qui

291 3202 634 3259 reconciliati
662 3202 801 3257 Filio
823 3239 839 3264 .
871 3201 965 3255 sed
1005 3201 1211 3256 caedem
1247 3202 1429 3257 adhuc
1461 3201 1518 3255 in
1545 3216 1670 3255 eum
1699 3202 1877 3271 spira-
1909 3221 1956 3286 ρ
1988 3203 2222 3258 mortuis
2257 3203 2422 3257 vitam
2467 3203 2695 3271 inspirat
2726 3243 2742 3268 ,
2775 3214 2994 3259 mortua
3063 3207 3290 3261 audacia
3341 3207 3574 3276 inspira-

297 3299 431 3350 bant
455 3336 472 3360 ,
506 3305 561 3350 et
615 3295 796 3366 gladio
844 3295 968 3366 ejus
995 3296 1136 3350 latus
1157 3293 1593 3349 confodiebant?
1633 3293 1739 3348 Sed
1767 3295 1884 3349 haec

291 3389 516 3458 quidem
599 3389 850 3444 divinum
919 3398 1108 3443 nari-at
1181 3385 1556 3459 Evangelium.
1621 3387 1886 3442 Dicuntur

291 3493 477 3538 autem
514 3482 631 3537 haec
669 3498 888 3552 quoque
925 3499 954 3536 a
985 3483 1220 3552 linguis.
1253 3497 1375 3551 quae
1419 3480 1638 3550 plurimi
1682 3481 1888 3535 faciunt

297 3577 587 3629 veritatem
610 3613 626 3640 ,
649 3574 793 3643 quod
831 3589 956 3628 cum
991 3574 1108 3628 hac
1137 3588 1278 3628 nova
1307 3583 1363 3628 et
1389 3574 1729 3628 admirabilia
1762 3589 1888 3644 per-

293 3682 453 3736 cepta
489 3678 681 3721 essent
711 3667 889 3721 oculis
921 3666 1192 3736 Deipara,
1223 3667 1285 3722 et
1308 3675 1428 3736 post
1457 3677 1690 3721 mortem
1741 3666 1884 3731 Filii,

297 3761 532 3829 perinde
561 3776 626 3814 ac
657 3760 702 3814 si
746 3760 958 3814 viveret
983 3775 1088 3822 ,εκ
1124 3759 1244 3828 ejus
1285 3759 1456 3814 latere
1487 3774 1627 3828 aqua
1666 3767 1722 3812 et
1763 3773 1888 3812 san-

296 3853 420 3919 guis
449 3854 742 3907 scaturiret
775 3892 790 3917 ,
825 3851 915 3906 illa
958 3861 1072 3905 tum
1101 3850 1322 3921 quidem
1357 3850 1545 3906 haurit
1569 3861 1887 3907 reverenter

297 3948 352 3991 et
393 3940 708 4010 diligenter.

373 4053 616 4108 XXXI".
647 4055 854 4109 Deinde
892 4069 954 4108 ea
988 4055 1068 4110 sic
1107 4071 1166 4110 se
1217 4063 1382 4110 totam
1444 4053 1592 4109 dedit
1633 4053 1888 4122 paranda:

299 4147 634 4217 sepulturae,
674 4154 730 4200 et
783 4149 1240 4216 quemadmodum
1291 4149 1534 4204 divinum
1567 4149 1698 4202 illud
1760 4163 1889 4202 cor-

299 4254 405 4309 pus
440 4256 471 4294 e
517 4239 665 4309 ligno
700 4239 1097 4308 deponeretur,
1129 4265 1185 4294 υ.
1229 4248 1417 4309 cptum
1469 4246 1886 4293 monumentum

301 4339 758 4398 consequeretur.
801 4328 937 4383 Cum
973 4339 1156 4384 autem
1198 4346 1307 4384 non
1341 4339 1522 4399 posset
1551 4331 1792 4398 haee-per
1827 4345 1888 4385 se

301 4423 552 4484 edicere,
584 4424 706 4490 ejus
735 4437 974 4477 mentem
1011 4432 1194 4477 movet
1223 4423 1448 4477 omnino
1468 4423 1588 4491 ejus
1622 4423 1788 4476 Filius
1810 4430 1890 4485 ,ut

301 4523 648 4572 scrutaretur
685 4517 742 4570 in
773 4517 895 4571 loco
953 4515 1236 4571 Calvariaa.
1297 4515 1451 4580 Quod
1503 4531 1626 4568 cum
1685 4515 1885 4569 factum

1997 3307 2116 3362 tus,
2146 3296 2408 3351 audacter
2432 3297 2643 3368 (inquit
2683 3295 2896 3354 Marcus
2934 3296 3020 3370 ⁸⁸)
3051 3299 3356 3372 ingreditur
3385 3301 3451 3355 ad
3483 3299 3577 3355 Pi-

1992 3389 2197 3453 latum,
2227 3399 2284 3443 et
2316 3389 2381 3444 iis
2413 3405 2544 3444 usus
2564 3428 2579 3454 ,
2602 3390 2806 3459 quibus
2838 3407 2978 3460 opus
3009 3401 3129 3446 erat
3165 3432 3180 3458 ,
3210 3394 3394 3448 verbis
3433 3395 3575 3463 peti-

1993 3492 2107 3537 tum
2140 3483 2344 3552 accipit
2393 3483 2638 3536 divinum
2667 3483 2798 3538 illud
2830 3498 3058 3552 corpus,
3105 3495 3159 3540 et
3191 3485 3278 3540 cui
3305 3486 3441 3540 nihil
3475 3502 3579 3556 po-

1992 3579 2103 3626 test
2131 3572 2404 3641 exa-quari
2430 3612 2444 3635 ,
2467 3572 2764 3626 ostendens
2794 3573 3037 3627 animum
3075 3615 3090 3641 ,
3129 3575 3283 3629 Juxta:
3320 3585 3578 3646 tanquam

1990 3679 2055 3717 ex
2089 3663 2358 3717 diametro
2385 3664 2748 3717 contrarium.
2815 3662 2951 3718 Nam
3007 3666 3098 3720 ille
3165 3667 3387 3736 quidem
3452 3684 3576 3723 cum

1992 3757 2219 3811 haberet
2249 3756 2494 3819 ,tradidit
2541 3756 2608 3810 iis
2627 3756 2728 3825 qui
2760 3768 2915 3810 erant
2951 3757 3286 3813 interfecturi
3318 3776 3332 3825 ;
3368 3759 3456 3813 hic
3481 3775 3582 3813 au-

1990 3860 2102 3906 tem
2150 3851 2218 3904 ab
2271 3849 2338 3904 iis
2379 3849 2469 3919 qui
2533 3849 2968 3914 interfecerant,
3037 3851 3199 3918 petiit
3242 3859 3296 3904 ct
3345 3853 3580 3920 accepit.

1992 3944 2192 3998 Verum
2260 3943 2405 3997 enim
2481 3957 2611 3996 vero
2683 3958 2871 3996 rursus
2944 3955 3303 4012 persequatur
3371 3945 3580 4011 oratio,

1989 4037 2271 4106 quomodo
2306 4037 2478 4091 Mater
2504 4052 2562 4090 se
2595 4035 2844 4090 haberet.
2881 4035 3076 4090 Dicunt
3104 4038 3252 4090 enim
3282 4037 3317 4090 ii
3367 4038 3459 4108 qui
3511 4037 3582 4093 de

1993 4130 2078 4184 his
2117 4130 2282 4185 rebus
2333 4139 2680 4196 tractarunt,
2740 4144 2860 4182 eam
2897 4129 2963 4182 ab
2997 4129 3154 4183 initio
3215 4145 3387 4200 usque
3417 4131 3486 4185 ad
3522 4131 3584 4184 ti-

1993 4241 2116 4279 ncm
2181 4240 2239 4279 se
2290 4223 2506 4277 fortiter
2561 4230 2616 4276 et
2673 4229 2990 4276 constanter
3046 4222 3283 4292 gessisse
3317 4224 3584 4288 ,honcste

1994 4317 2252 4384 quidem,
2308 4325 2363 4370 et
2405 4330 2515 4368 non
2569 4315 2830 4368 indecore
2895 4323 3140 4369 utentem
3170 4326 3320 4370 motu
3373 4317 3582 4372 animi:

1991 4409 2148 4464 iactis
2175 4419 2352 4464 tamen
2377 4410 2753 4466 05tendentem
2768 4429 2827 4468 se
2847 4423 2966 4466 esse
2979 4408 3224 4475 Matrem,
3247 4411 3341 4466 sed
3364 4410 3588 4465 omnino

1997 4502 2224 4558 Matrem
2253 4505 2398 4559 illius
2433 4506 2524 4574 qui
2551 4509 2732 4558 armco
2767 4516 2982 4560 mortuo
3027 4514 3082 4558 et
3141 4504 3386 4558 Ostendit
3430 4519 3587 4556 amo-

302 4619 484 4671 οδεει,
534 4608 784 4663 concedit
815 4617 875 4661 υι
924 4608 1043 4676 ejus
1073 4622 1274 4676 scopus
1328 4607 1485 4661 facile
1551 4607 1893 4661 succederet.
1929 4596 1974 4654 Β
2005 4604 2238 4660 rem,et
2295 4607 2504 4649 mulum
2545 4597 2712 4649 animi
2775 4596 2944 4649 certis
3003 4595 3206 4648 ﬁnibus
3259 4593 3556 4647 continuit.

304 4701 590 4757 Invenitur
631 4703 777 4757 enim
840 4702 1113 4770 quoddam
1160 4710 1579 4756 monumentum
1633 4702 1897 4756 recentis-

304 4795 507 4849 simum
555 4802 611 4846 et
663 4793 1096 4862 pulcherrimum
1118 4831 1134 4857 ,
1166 4801 1220 4844 et
1254 4790 1472 4860 elegans
1515 4791 1666 4845 locus
1700 4790 1754 4844 in
1784 4806 1895 4858 quo

304 4894 426 4938 erat
454 4888 630 4948 situs,
667 4886 761 4938 illo
795 4885 1016 4954 quidem
1063 4897 1409 4952 nequaquam
1458 4881 1657 4952 dignus
1693 4899 1706 4934 :
1751 4882 1890 4947 Quid

303 4978 454 5030 enim
482 4977 710 5029 omnino
753 4991 817 5030 ex
869 4976 1031 5030 rebus
1065 4974 1340 5030 terrenis?
1362 4975 1455 5028 sed
1487 4989 1596 5026 non
1634 4973 1892 5039 indignus

305 5064 430 5132 ejus
461 5078 584 5132 qua:
626 5063 938 5133 quaerebat,
974 5063 1265 5117 desiderio.
1317 5062 1495 5130 Atque
1526 5069 1642 5114 erat
1673 5063 1892 5129 quidem

306 5157 622 5226 sepulcrum
659 5157 842 5225 plane,
877 5164 934 5208 ut
967 5154 1101 5219 dixi,
1133 5169 1338 5208 novum
1399 5163 1452 5208 et
1487 5155 1714 5206 omnino
1752 5153 1896 5206 inta-

304 5263 478 5315 etum,
505 5257 566 5302 ut
597 5249 652 5302 in
692 5263 804 5317 quo
824 5247 1034 5301 nullum
1067 5248 1248 5300 adhuc
1273 5258 1418 5300 esset
1446 5245 1752 5314 sepultum:
1781 5261 1850 5298 ne
1879 5284 1896 5308 ,

307 5344 351 5396 si
384 5343 496 5396 alia
534 5342 711 5411 posita
765 5340 998 5394 fuissent
1041 5355 1270 5409 corpora
1299 5379 1314 5406 ,
1349 5339 1694 5394 dubitaretur
1723 5341 1898 5407 quod-

307 5447 430 5486 nam
460 5433 854 5486 resurrexisset
885 5447 900 5484 :
928 5431 1150 5486 etlocus
1182 5429 1236 5484 in
1267 5431 1472 5501 Optimo
1504 5445 1630 5484 aere
1667 5431 1898 5500 positus,

308 5537 365 5580 et
394 5526 448 5579 in
484 5525 629 5579 horti
664 5524 904 5594 Speciem
939 5532 1187 5578 ornatus.
1217 5523 1514 5593 Postquam
1575 5532 1756 5577 autem
1791 5523 1901 5577 sci-

311 5618 500 5672 scitata
534 5615 805 5672 intellexit
830 5653 846 5678 ,
872 5631 977 5670 non
1003 5615 1179 5670 solum
1208 5629 1328 5669 esse
1359 5614 1594 5668 amicum
1636 5612 1779 5668 horti
1808 5613 1906 5668 do-

383 5793 428 5826 "
451 5791 616 5848 Joan.
644 5811 705 5855 ll.
737 5792 793 5846 4.
871 5793 916 5827 ⁸⁸
950 5792 1142 5850 Matth.
1177 5807 1274 5859 xu,
1305 5793 1394 5848 48.

640 5963 913 6024 ΡΑτιιοῐ..
953 5959 1070 6021 Gn.
1101 5958 1272 6023 CXV.

1472 5793 1517 5826 δ’
1547 5791 1708 5848 JOan.
1738 5808 1850 5856 XIX,
1880 5792 1970 5850 27.
2049 5791 2096 5824 ⁵ο
2129 5792 2263 5848 Ibid.

316 5881 485 5935 xuii,
514 5868 584 5922 52
627 5867 717 5922 35.
793 5865 840 5898 ”
858 5862 1018 5921 Joan.
1047 5881 1160 5930 xix,
1183 5865 1374 5921 58-42.
1411 5931 1414 5934 λ
1449 5866 1494 5902 ⁸⁸
1523 5863 1669 5920 Psal.
1706 5879 1908 5933 xxxvii,
1943 5863 2032 5934 12,
2073 5864 2157 5918 I5.

2001 4685 2276 4739 Mortuum
2307 4687 2489 4755 itaque
2524 4687 2714 4740 videns
2748 4686 3048 4751 Filium,ea
3105 4695 3255 4739 motu
3285 4686 3452 4738 animi
3491 4701 3587 4740 usa

2001 4791 2084 4832 est
2131 4787 2189 4833 ut
2234 4782 2497 4850 oportuit.
2530 4779 2670 4846 Quin
2730 4780 2893 4834 etiam
2938 4783 2992 4832 in
3037 4794 3103 4833 eo
3133 4793 3164 4833 a
3215 4793 3378 4832 cruce
3417 4778 3586 4847 depo-

2011 4871 2200 4925 nendo
2234 4873 2496 4928 maternis
2548 4872 2802 4927 manibus
2849 4872 3132 4934 iuserviit.
3167 4879 3223 4926 et
3250 4870 3470 4937 clavos,
3494 4870 3585 4938 qui

2011 4963 2450 5028 extrahebantur
2471 5005 2483 5027 ,
2514 4981 2613 5020 suo
2643 4967 2765 5019 sinu
2801 4965 3053 5034 accepit,
3087 4975 3142 5019 et
3169 4965 3412 5018 membra
3443 4965 3591 5020 illius

2003 5055 2254 5124 amplexa
2284 5065 2368 5110 est
2391 5099 2405 5122 ,
2441 5057 2637 5126 partim
2669 5058 2890 5128 quidem
2946 5058 3094 5111 ulnis
3132 5056 3408 5126 stringens
3430 5072 3590 5126 ,par—

2006 5147 2102 5200 tim
2136 5156 2318 5201 autem
2351 5149 2464 5201 suis
2491 5165 2709 5218 quoque
2746 5149 2999 5221 Iacrymis
3031 5149 3213 5219 plagas
3243 5149 3587 5214 emundans,

2006 5239 2205 5293 deinde
2237 5241 2400 5294 etiam
2461 5251 2571 5295 tota
2635 5241 2731 5296 toti
2774 5243 2991 5312 corpori
3045 5241 3400 5296 circumfusa.
3450 5240 3590 5294 Ecce

2011 5331 2105 5385 tibi
2141 5331 2210 5386 ab
2260 5333 2408 5386 Omni
2459 5334 2658 5388 saeculo
2702 5336 3026 5405 pra-[initum
3067 5332 3383 5402 mysterium
3427 5335 3495 5386 ad
3525 5333 3590 5386 fi-

2011 5437 2136 5476 nem
2171 5439 2347 5494 usque
2383 5427 2574 5488 venit,
2605 5440 2638 5478 o
2674 5424 2902 5480 Domine
2932 5465 2945 5489 ,
2983 5426 3197 5496 placida
3251 5439 3382 5479 voce
3432 5422 3588 5478 dicit.

2011 5516 2078 5570 Et
2105 5513 2346 5587 Josepho
2386 5518 2442 5572 in
2493 5534 2660 5572 manu
2712 5519 2932 5574 tradens
2963 5519 3250 5573 sindonem
3287 5531 3303 5570 :
3343 5516 3464 5570 Tibi
3495 5531 3592 5569 au-

2013 5619 2158 5677 tem,
2196 5611 2377 5680 inquit
2400 5650 2416 5676 ,
2457 5611 2720 5683 deinceps
2749 5613 2857 5667 erit
2904 5628 3050 5668 cura:
3075 5649 3091 5677 ,
3126 5621 3188 5667 ut
3232 5611 3290 5666 in
3331 5610 3434 5666 hac
3463 5624 3592 5666 eum

2339 5793 2381 5826 ⁸¹
2409 5792 2545 5848 Ibid.
2571 5793 2664 5849 28.
2759 5793 2800 5825 "
2832 5793 3000 5849 Exod.
3037 5809 3148 5849 ενι.
3181 5792 3270 5847 5i.
3348 5790 3394 5823 ⁵³
3429 5787 3587 5844 Deut.

2759 5793 2800 5825 "
2832 5793 3000 5852 Exod.
3037 5809 3148 5860 ενι,
3181 5792 3270 5847 5i.

2233 5863 2278 5895 "‘
2312 5864 2479 5919 Marc.
2513 5881 2579 5921 xv
2639 5865 2727 5920 45.

3194 5954 3265 6020 18
