3996 6454
380 430 486 501 553

1634 428 1921 489 MENSIS
1957 426 2391 488 AUGUSTUS.

3530 424 3637 485 556

381 563 612 614 honeste
671 568 1009 623 componas,
1071 550 1394 621 myrrhaque
1437 547 1661 616 pulchre
1691 547 1956 612 condias,
1987 548 2030 605 Α
2063 558 2122 596 re
2171 544 2368 614 Spiritu
2445 542 2717 613 vigilans,
2766 537 2952 593 omnia
2997 535 3236 609 perfecte
3285 537 3416 593 vidit
3465 548 3526 594 ut
3580 556 3641 595 se

382 663 435 706 et
460 650 509 704 ei
537 649 679 717 justa
711 644 898 700 facias.

452 735 669 792 XXXV.
699 734 835 790 Cum
889 731 967 788 sic
993 746 1123 803 ergo
1197 745 1339 785 novo
1415 738 1768 783 monumento
1819 728 1960 783 divi-

385 845 514 883 num
553 842 751 898 corpus
792 825 1166 890 tradidissent,
1212 823 1411 893 Joseph
1437 866 1449 887 ,
1483 831 1540 877 et
1571 821 1662 891 qui
1716 837 1839 877 cum
1898 837 1964 874 eu

383 929 503 976 erat
557 919 927 982 Nieodemus,
986 926 1041 972 et
1092 916 1181 971 alii
1232 916 1325 985 qui
1367 930 1492 969 cum
1557 914 1637 969 eis
1688 914 1963 976 aderant,

384 1014 488 1084 ipsi
543 1012 766 1083 quidem
822 1010 1005 1065 statim
1047 1009 1375 1064 receduuta
1436 1006 1733 1076 sepulcro;
1796 1004 1967 1060 Mater

385 1114 566 1158 autem
605 1102 720 1155 sola
775 1099 1041 1155 remansit
1088 1098 1342 1167 sepulcro
1385 1096 1704 1161 adhaerens,
1741 1094 1966 1149 minime

384 1192 782 1247 dormientibus
811 1191 981 1244 oculis
1013 1203 1386 1258 perseverans.
1424 1187 1558 1241 Nam
1603 1187 1711 1242 etsi
1744 1188 1965 1240 Mariam

385 1285 752 1353 Magdalenam
784 1282 1067 1336 Matthaeus
1096 1294 1161 1335 ex
1185 1280 1412 1335 adverso
1444 1295 1566 1333 cum
1598 1278 1764 1333 altera
1796 1278 1968 1348 signi-

387 1377 569 1431 ﬁcavit
625 1375 896 1429 assedisse
927 1413 942 1440 ,
999 1375 1177 1429 solum
1236 1382 1417 1427 tamen
1448 1372 1516 1427 ad
1547 1372 1839 1426 videndum
1873 1384 1969 1423 ve-

388 1467 533 1522 nisse
565 1465 781 1531 innuit,
817 1478 996 1533 neque
1057 1479 1216 1517 ausas
1263 1478 1383 1518 esse
1440 1463 1699 1518 accedere
1740 1477 1806 1516 eo
1831 1470 1969 1516 tem-

387 1574 555 1629 pore,
589 1572 697 1627 quo
750 1556 1113 1611 mandabatur
1147 1555 1459 1624 sepulturae.
1510 1553 1673 1609 Certe
1731 1568 1969 1622 namque

389 1649 470 1705 cis
496 1648 791 1712 succurrit,
827 1656 885 1701 ut
915 1646 1233 1700 recederent
1266 1654 1488 1715 propter
1515 1654 1718 1698 metum
1748 1644 1971 1699 Iudaeo-

390 1757 510 1796 rum
541 1778 557 1804 ,
604 1748 660 1795 et
709 1739 1000 1793 adventum
1066 1737 1327 1791 custodiae
1351 1735 1416 1791 ".
1464 1736 1644 1806 lnquit
1679 1737 1821 1790 enim
1858 1737 1971 1804 ipse

389 1832 674 1887 Mattheus
703 1847 718 1884 :
764 1829 982 1898 Vespere
1011 1838 1183 1882 autem
1215 1826 1435 1882 Sabbati
1470 1866 1484 1891 ,
1520 1845 1636 1898 qua:
1665 1828 1877 1882 lucescit
1917 1829 1971 1883 in

389 1924 560 1991 prima
588 1921 806 1977 Sabbati
835 1960 849 1987 ,
903 1922 1041 1974 venit
1102 1914 1284 1973 Maria
1323 1918 1639 1989 Magdalene
1681 1929 1731 1973 et
1798 1919 1970 1973 altera
2007 1904 2047 1957 Β

395 2017 571 2071 Maria
619 2015 793 2069 videre
857 2012 1275 2084 sepulcrum".
1332 2012 1448 2066 Non
1500 2013 1732 2068 dixisset
1791 2020 1973 2067 autem

394 2109 612 2165 venisse
643 2147 659 2172 ,
707 2121 829 2176 quae
860 2105 1281 2169 remansissent,
1315 2103 1420 2159 nisi
1459 2118 1538 2158 ea:
1573 2118 1791 2173 quoque
1822 2103 1975 2157 simi-

395 2202 518 2255 liter
553 2208 612 2254 ut
644 2198 826 2253 caeteri
855 2237 872 2263 ,
917 2198 1278 2252 recessissent
1309 2211 1338 2249 a
1378 2206 1761 2250 monumento.
1799 2192 1977 2264 Atque

397 2293 489 2346 alii
522 2291 739 2361 quidem
763 2290 992 2344 alteram
1020 2327 1035 2352 ,
1071 2302 1192 2357 qua:
1220 2287 1420 2343 dicitur
1448 2326 1463 2350 ,
1508 2286 1737 2339 Mariam
1761 2326 1776 2353 ,
1812 2300 1975 2355 quam

400 2386 515 2454 ipse
540 2384 700 2447 dixit,
733 2383 828 2452 qui
887 2380 1204 2451 praecessit,
1239 2388 1294 2433 et
1334 2378 1547 2433 Marcus
1584 2377 1731 2433 clare
1757 2379 1975 2446 aperit,

398 2476 628 2529 dicens:
665 2472 844 2525 Maria
898 2480 1077 2524 autem
1114 2468 1456 2540 Magdalene,
1480 2478 1529 2522 et
1552 2467 1729 2522 Maria
1766 2468 1976 2536 Joseph,

398 2564 721 2633 aspiciebant
769 2562 855 2615 ubi
888 2570 1134 2631 ponerent
1152 2561 1237 2624 5°;
1275 2558 1365 2612 alii
1417 2574 1549 2612 vero
1590 2557 1815 2611 Mariam
1864 2573 1980 2625 qua:

398 2658 668 2729 appellata
697 2665 780 2711 est
803 2654 989 2709 Jacobi
1013 2694 1029 2718 ,
1066 2653 1445 2707 exiStimarunt
1473 2667 1596 2707 esse
1648 2651 1931 2721 Deiparam
1963 2691 1979 2716 ,

402 2766 510 2806 non
546 2757 693 2803 recte
721 2787 735 2811 ,
776 2761 951 2815 neque
1008 2753 1267 2798 accurate
1320 2744 1604 2799 veritatem
1660 2744 1981 2812 conjectan-

403 2851 505 2898 tes.
544 2838 754 2907 Ubique
775 2838 922 2892 enim
959 2837 1012 2890 in
1050 2835 1354 2905 Evangeliis
1385 2835 1500 2904 ipsa
1548 2841 1671 2904 post
1717 2822 1977 2889 arcanum

404 2935 558 2988 illum
595 2939 777 2985 ortum
804 2937 990 2997 aperte
1028 2935 1083 2982 et
1126 2927 1344 2996 proprie
1402 2926 1711 2980 nominatur
1765 2926 1934 2981 Mater
1964 2967 1979 2994 ,

402 3028 461 3076 et
477 3020 616 3073 hanc
638 3017 859 3070 omnino
883 3014 1113 3069 maxime
1132 3024 1315 3068 notam
1340 3015 1504 3069 habet
1537 3014 1979 3084 appellationem.

404 3112 642 3182 Accepit,
678 3109 886 3179 inquit,
921 3108 1214 3178 infantem,
1265 3117 1313 3161 et
1368 3106 1595 3160 Matrem
1645 3107 1859 3176 ejus“.
1917 3108 1985 3163 Et

409 3220 600 3261 rursus
629 3221 646 3259 :
673 3199 807 3255 Erat
844 3201 1017 3254 Mater
1088 3199 1213 3254 Jesu
1263 3200 1451 3254 illic“.
1483 3202 1546 3254 Et
1575 3218 1589 3254 :
1614 3199 1756 3253 Dicit
1810 3200 1985 3255 Mater
2012 3237 2054 3293 ο

409 3297 522 3367 ejus
552 3294 803 3349 ministris
824 3293 889 3344 °'.
927 3291 992 3345 Et
1019 3307 1032 3341 :
1064 3289 1342 3344 Descendit
1376 3292 1429 3344 in
1459 3288 1832 3361 Capharnaum
1852 3295 1983 3362 ipse,

409 3400 458 3443 et
487 3385 663 3442 Mater
689 3387 801 3454 ejus
823 3384 886 3438 ⁸³.
911 3384 977 3438 Et.
1008 3403 1023 3440 :
1048 3383 1216 3437 Mater
1245 3394 1337 3436 tua
1392 3393 1439 3436 et
1471 3385 1662 3452 fratres
1699 3387 1774 3437 tui
1828 3396 1982 3439 stete-

408 3490 528 3535 runt
562 3480 689 3549 foris
720 3479 785 3532 ”.
818 3477 959 3543 Quin
984 3478 1187 3531 etiam:
1220 3474 1490 3530 Steterunt
1517 3477 1587 3530 ad
1625 3493 1831 3531 crucem
1860 3477 1984 3531 Jesu

406 3570 583 3626 Mater
610 3571 721 3639 ejus
743 3610 758 3636 ,
797 3578 844 3623 et
876 3583 1026 3620 soror
1056 3566 1243 3619 Matris
1267 3567 1379 3635 ejus
1400 3566 1443 3597 ³⁸
1473 3607 1488 3623 .
1526 3564 1701 3619 Labes
1731 3607 1744 3630 ,
1788 3569 1832 3622 si
1864 3570 1948 3623 vis
1969 3607 1984 3631 ,

406 3665 571 3719 etiam
600 3662 800 3716 Lucam
841 3662 896 3712 in
921 3657 1148 3711 Actibus
1185 3658 1572 3727 sutl‘ragantein
1607 3656 1672 3709 iis
1706 3673 1823 3726 qua:
1860 3668 1987 3713 sunt

408 3754 683 3828 proposita
717 3768 732 3811 ;
766 3750 836 3805 lli
889 3764 1066 3802 omnes
1109 3758 1259 3800 erant
1328 3757 1721 3815 perseverantes
1760 3749 1815 3800 in
1862 3765 1987 3801 ora-

408 3849 547 3901 tione
596 3861 711 3898 cum
755 3840 1061 3896 mulieribus
1094 3879 1107 3905 ,
1141 3847 1189 3892 et
1238 3838 1409 3891 Maria
1450 3837 1627 3891 Matre
1672 3837 1892 3894 Jesu“.
1919 3839 1985 3895 Et

409 3942 466 3993 in
527 3952 743 3994 summa
808 3934 1125 3990 difﬁcillime
1156 3931 1391 3986 inveniri
1447 3939 1671 4002 potest,
1714 3947 1834 3985 eam
1863 3948 1987 3987 esse

411 4032 567 4085 aliter
598 4028 933 4084 nominatam
961 4064 976 4092 ,
1016 4035 1109 4081 aut
1138 4040 1204 4078 ex
1237 4033 1390 4093 patre
1414 4063 1429 4087 ,
1456 4037 1548 4077 aut
1572 4039 1636 4077 cx
1672 4024 1848 4093 aliqua
1881 4026 1983 4079 alia

412 4120 755 4190 cognationis
849 4117 1213 4181 habitudine,
1275 4124 1334 4169 ut
1396 4115 1653 4172 diximus.
1724 4116 1987 4181 Quocirca

413 4212 561 4266 nulla
601 4226 664 4263 ex
704 4209 787 4262 his
819 4208 908 4261 illa
948 4219 1055 4264 est.

489 4301 726 4356 XXXVI.
763 4300 892 4354 Nam
921 4300 1039 4355 alite
1075 4300 1293 4369 quidem
1328 4307 1438 4354 tota
1501 4309 1658 4355 nocte
1694 4302 1757 4355 ad
1808 4302 1990 4371 sepul-

413 4411 565 4449 crum
603 4393 861 4460 ingressa:
896 4400 1023 4445 sunt
1055 4402 1109 4445 ct
1150 4401 1479 4460 egressam
1514 4408 1578 4447 ea
1604 4409 1725 4463 quae
1745 4394 1947 4447 tiebant
1971 4432 1985 4456 ,

412 4485 670 4555 apostolis
702 4484 1042 4537 n’untiarunt.
1069 4480 1435 4548 Quamobrem
1496 4498 1599 4538 nec
1622 4484 1702 4537 eis
1760 4484 1989 4553 contigit

2065 637 2337 692 habt-bant
2362 675 2377 700 ,
2412 634 2557 704 quod
2587 648 2658 687 ne
2706 632 2981 687 tantillum
3011 630 3230 700 quidem
3250 670 3266 693 ,
3292 638 3352 683 ut
3381 630 3639 696 diximus,

2062 747 2091 785 a
2123 728 2374 798 sepulcro
2415 725 2743 793 recesserit,
2776 725 2950 779 donec
3018 724 3190 793 ipsam
3241 723 3511 776 vivitieam
3555 724 3639 777 vi-

2063 821 2145 875 dit
2177 817 2659 873 resurrectionem.
2698 812 2831 867 Nam
2864 814 3002 882 lapis
3047 813 3268 882 quidem
3315 812 3598 866 revolutus
3622 853 3639 876 ,

2065 923 2122 967 ct
2155 910 2380 980 angelus
2418 908 2468 963 ei
2496 906 2743 961 insidens
2766 944 2782 971 ,
2820 905 2888 959 ab
2923 905 3045 959 aliis
3097 918 3315 974 quoque
3359 902 3510 957 visus
3557 912 3646 956 est

2066 1002 2406 1057 mulieribus.
2444 996 2673 1064 Quando
2696 1004 2886 1051 autem
2909 1034 2926 1063 ,
2952 1005 3008 1050 et
3026 994 3490 1066 quemadmodum
3525 994 3646 1048 haec

2068 1096 2206 1150 facta
2247 1104 2409 1159 sunt,
2448 1093 2554 1147 illae
2588 1092 2804 1162 quidem
2854 1090 3080 1144 omnino
3132 1089 3490 1143 nesciebant:
3528 1088 3645 1156 ipsa

2069 1202 2196 1241 vero
2234 1185 2376 1245 sola.
2415 1195 2473 1237 ut
2518 1199 2638 1253 quae
2668 1182 2956 1246 assideret,
2990 1180 3173 1233 omnia
3228 1189 3486 1233 accurate
3520 1194 3648 1248 per-

2070 1280 2270 1346 Spexit.
2304 1276 2567 1331 Videntur
2598 1289 2726 1345 ergo
2754 1272 2803 1327 ei
2833 1278 3023 1343 primas
3040 1287 3163 1326 esse
3183 1270 3293 1325 dati
3343 1270 3471 1325 boni
3498 1286 3647 1324 nun-

2072 1370 2128 1423 tii
2167 1367 2631 1440 resurrectionis,
2669 1374 2725 1420 et
2790 1364 2972 1434 quoad
3002 1364 3122 1434 ejus
3161 1363 3277 1418 ﬁeri
3320 1362 3535 1430 potuit,
3576 1361 3647 1415 ab

2072 1472 2133 1511 ca
2161 1464 2485 1526 conspectus
2519 1454 2688 1509 fuisse
2727 1454 2984 1523 Splendor
3039 1452 3178 1507 Filii.
3234 1452 3344 1507 Sed
3397 1452 3478 1506 sic
3524 1451 3648 1520 qui-

2071 1550 2195 1605 dem
2231 1549 2323 1603 Dei
2354 1547 2527 1602 Mater
2575 1557 2629 1601 et
2659 1547 2775 1616 ipsa
2834 1546 3037 1600 clarius
3091 1546 3279 1616 aspicit
3315 1544 3433 1599 Filii
3469 1559 3651 1599 resur-

2074 1641 2406 1706 rectionem,
2440 1648 2495 1695 et
2528 1639 2647 1709 ejus
2679 1638 3064 1709 praedicatores
3089 1640 3157 1692 de
3196 1652 3262 1691 ea
3296 1636 3468 1706 magis
3513 1650 3651 1689 con-

2076 1735 2272 1798 firmat,
2299 1748 2461 1802 quam
2489 1747 2567 1786 ea:
2593 1747 2713 1800 qua:
2742 1740 3017 1801 unguenta
3041 1731 3346 1784 attulerunt
3370 1744 3383 1781 :
3412 1726 3651 1792 etiamsi,

2075 1827 2203 1881 dum
2260 1826 2624 1894 loquerentur
2646 1828 2711 1878 de
2735 1824 2950 1878 Domini
2986 1822 3413 1887 resurrectione,
3447 1820 3652 1873 nullam

2076 1919 2194 1987 ejus
2221 1921 2552 1971 mentionem
2584 1915 2856 1980 fecerint,
2887 1923 3144 1969 caventes
3170 1912 3401 1967 fortasse
3440 1923 3651 1966 mater-

2077 2024 2208 2063 num
2236 2008 2431 2063 atlerre
2456 2007 2829 2062 testimonium
2866 2045 2882 2070 ,
2907 2022 2978 2061 ne
3009 2005 3287 2060 videretur
3314 2011 3654 2073 suspectum,

2076 2111 2132 2156 et
2164 2110 2384 2171 propter
2414 2099 2856 2169 conjunctionem
2890 2098 3035 2152 ﬁdes
3085 2096 3134 2152 ei
3184 2095 3364 2150 minus
3420 2094 3656 2148 habere-

2077 2204 2184 2249 tur.
2240 2194 2348 2249 Sed
2399 2193 2628 2264 Deipara
2685 2232 2703 2261 ,
2734 2207 2858 2246 cum
2908 2191 3029 2245 Filii
3088 2188 3548 2245 resurrectionem
3600 2194 3660 2241 et

2078 2287 2197 2343 visu
2224 2326 2237 2350 ,
2275 2296 2331 2340 et
2359 2286 2589 2341 internis
2626 2285 2802 2339 oculis
2838 2284 2919 2339 sic
2948 2283 3255 2353 accepisset
3280 2323 3295 2347 ,
3328 2291 3519 2351 postea
3558 2277 3661 2331 ha-

2083 2376 2276 2432 bitavit
2321 2391 2448 2431 cum
2503 2376 2704 2431 dilecto
2734 2376 3003 2449 discipulo
3031 2416 3045 2440 ,
3079 2385 3406 2445 exspectans
3440 2382 3662 2442 tempus

2080 2470 2284 2527 Christi
2318 2470 2732 2540 assumptionis.

2152 2560 2411 2616 XXXVII.
2447 2560 2740 2630 Postquam
2776 2568 2955 2612 autem
2990 2556 3151 2610 tinem
3208 2555 3459 2624 accipere
3493 2567 3664 2623 opor-

2082 2654 2229 2712 tabat
2256 2697 2271 2720 ,
2312 2668 2653 2724 quaecunque
2682 2653 2748 2706 ad
2795 2652 2975 2705 carnis
3013 2656 3279 2717 suscepta:
3314 2646 3667 2717 pertinebant

2081 2750 2443 2807 oeconomiam
2480 2785 2494 2811 ,
2524 2756 2576 2801 et
2634 2746 2707 2799 ita
2758 2745 2809 2797 in
2860 2744 3055 2797 coelum
3106 2741 3326 2805 extolli,
3366 2741 3510 2810 quod
3571 2754 3663 2792 as-

2084 2852 2362 2912 sumptum
2409 2841 2632 2901 fuerat,
2670 2836 2864 2890 amicis
2919 2849 3191 2904 apparens
3240 2833 3489 2887 Salvator
3530 2834 3663 2902 (non

2084 2934 2230 2988 enim
2282 2947 2427 3000 smpe
2484 2939 2608 3000 post
2664 2928 3121 3003 resurrectionem
3191 2926 3547 2995 spectabilem
3601 2939 3668 2979 se

2086 3026 2193 3080 illis
2221 3023 2494 3092 praebebat
2521 3020 2538 3092 )
2568 3061 2581 3084 ,
2613 3029 2667 3073 et
2712 3020 2879 3072 multa
2920 3019 3024 3072 alia
3067 3033 3187 3072 cum
3210 3018 3290 3073 eis
3322 3016 3576 3083 disserit,
3606 3026 3669 3071 et

2085 3116 2215 3171 boni
2243 3115 2478 3184 Spiritus
2554 3112 2846 3165 adventum
2904 3109 3216 3164 annuntiat.
3265 3110 3469 3164 Deinde
3499 3110 3669 3164 etiam

2087 3223 2210 3262 cum
2241 3206 2517 3262 eduxisset
2561 3220 2751 3273 parum
2788 3214 2938 3257 extra
2973 3201 3252 3257 civitatem
3285 3241 3300 3268 ,
3332 3211 3388 3256 et
3422 3201 3541 3254 illos
3571 3208 3673 3265 ,ut

2088 3315 2211 3354 eum
2248 3298 2494 3359 decebat.
2524 3295 2877 3366 itnperliisset
2907 3293 3293 3348 benedictione
3315 3332 3331 3359 ,
3355 3292 3673 3347 videntibus

2089 3390 2219 3462 ipsis
2254 3390 2309 3443 in
2362 3391 2559 3444 coelum
2618 3387 2899 3442 extollitur
2924 3387 2966 3418 ⁸⁷
2994 3426 3007 3439 .
3053 3386 3159 3440 Sed
3206 3401 3276 3440 ne
3303 3400 3364 3439 ea
3422 3401 3507 3439 res
3534 3383 3675 3455 ipsis

2088 3484 2310 3538 afferret
2349 3480 2645 3535 molestiam
2678 3519 2695 3545 ,
2726 3489 2780 3535 et
2806 3478 3048 3533 dOIUt‘ettl
3082 3478 3164 3533 eis
3212 3485 3521 3547 procrearet
3551 3476 3673 3530 Ma-

2088 3576 2236 3648 gistri
2297 3575 2571 3644 privatio,
2623 3574 2742 3642 ejus
2798 3588 3015 3642 quoque
3078 3587 3263 3624 curam
3295 3569 3461 3648 gessit
3491 3570 3675 3624 bonus

2089 3643 2306 3738 pastor.
2326 3666 2405 3720 Ad
2436 3680 2530 3720 eos
2561 3665 2723 3719 mittit
2779 3665 2998 3735 angelos
3029 3704 3043 3729 ,
3072 3665 3162 3731 qui
3194 3672 3249 3717 et
3294 3643 3444 3716 illius
3476 3675 3679 3715 ascen-

2088 3776 2207 3816 sum
2268 3750 2645 3828 explicarent,
2699 3768 2754 3813 et
2811 3773 2907 3813 eos
2958 3756 3222 3811 ineffabili
3274 3764 3329 3811 et
3359 3754 3673 3811 admirabili

2088 3851 2377 3920 implerent
2409 3849 2782 3905 consolatione
2810 3850 2875 3902 “3.
2902 3849 3037 3904 Cum
3061 3856 3245 3903 autem
3297 3848 3622 3902 adorassent
3654 3886 3674 3911 ,

2087 3958 2279 3997 rursus
2308 3943 2528 3997 domum
2580 3941 2686 3996 Iaati
2733 3950 2861 3996 sunt
2928 3941 3171 4007 reversi,
3232 3940 3392 3996 simul
3448 3940 3675 4009 quidem

2089 4044 2314 4105 agentes
2341 4034 2394 4088 in
2428 4035 2710 4103 superiore
2743 4033 3030 4087 cmnaeulo
3053 4071 3069 4099 ,
3116 4033 3261 4088 sicut
3305 4033 3672 4087 constitutum

2090 4127 2269 4181 fuerat
2299 4168 2313 4193 ,
2355 4135 2406 4181 et
2431 4126 2692 4181 Paraclcti
2743 4134 3128 4196 exspectantes
3160 4126 3478 4181 adventum.
3506 4126 3678 4180 Erant

2090 4228 2270 4273 autem
2309 4218 2366 4272 in
2415 4217 2662 4272 oratione
2719 4218 3052 4273 unanimiter
3103 4227 3523 4288 perseverantes
3550 4259 3565 4281 ,
3597 4221 3676 4272 si-

2090 4320 2182 4365 cut
2210 4310 2373 4364 etiam
2410 4308 2583 4363 Lucas
2614 4309 2958 4377 Evangelisla
2986 4321 3199 4364 narrat.
3234 4310 3370 4366 Cum
3402 4311 3547 4366 enim
3572 4326 3680 4364 no-

2092 4402 2337 4455 minatim
2392 4402 2589 4456 Christi
2648 4413 3026 4457 enumerasset
3077 4404 3424 4473 discipulos,
3467 4403 3674 4458 deinde

2091 4492 2371 4563 subjungit
2408 4509 2421 4545 :
2462 4492 2523 4545 Et
2570 4493 2623 4546 lii
2700 4510 2876 4547 omnes
2933 4497 3330 4563 perseverabant
3397 4497 3677 4549 unanimi-

414 4575 603 4630 videre
641 4574 797 4643 plura
829 4572 1094 4625 miracula
1159 4571 1581 4627 resurrectionis
1607 4610 1621 4625 .
1676 4573 1766 4626 Illa
1802 4582 1980 4627 autem

2097 4596 2175 4637 ter
2228 4586 2279 4637 in
2323 4584 2559 4638 oratione
2608 4594 2657 4638 rt
2707 4587 3047 4655 precatione,
3107 4603 3223 4640 cum
3264 4587 3569 4641 mulieribus
3622 4598 3676 4641 ct

413 4683 536 4737 qua:
595 4666 867 4721 indivulsa
931 4663 1205 4718 assidebat
1251 4666 1547 4733 sepulcro,
1610 4664 1989 4731 omnia,vidit

412 4766 599 4829 aperte
625 4796 641 4822 ,
673 4764 730 4811 et
766 4770 871 4808 non
924 4754 1148 4834 statim,
1173 4754 1268 4807 scd
1328 4763 1514 4822 postea
1566 4756 1791 4828 protulit
1828 4756 1881 4809 in
1907 4756 1988 4810 lu-

410 4860 565 4911 cem,
605 4853 660 4897 et
693 4841 1047 4897 renuntiavit.
1094 4840 1227 4895 Nam
1275 4845 1548 4912 quomodo
1591 4844 1751 4899 simul
1802 4856 1988 4901 terra:-

412 4943 653 4999 motum,
688 4941 743 4987 et
770 4932 946 5000 angeli
985 4931 1041 4985 in
1102 4942 1380 4988 momento
1433 4938 1699 5004 temporis
1753 4938 1983 4991 descen-l

413 5039 567 5090 sum,
603 5031 658 5076 et
707 5020 904 5092 lapidis
956 5022 1387 5090 revolutionem,
1425 5033 1480 5079 et
1540 5027 1827 5081 custodum
1862 5042 1988 5097 pro-

414 5111 642 5167 fundum
695 5125 951 5174 soporem
987 5150 1001 5175 ,
1056 5119 1105 5164 et
1158 5111 1687 5179 cxpcrgelaetionein
1714 5153 1729 5178 ,
1762 5124 1816 5167 et
1851 5131 1988 5184 quo-

412 5203 661 5259 rumdam
689 5200 742 5254 in
771 5203 959 5255 urbem
1002 5203 1373 5258 reversionem
1398 5243 1412 5268 ,
1440 5206 1748 5273 potuissent
1781 5207 1986 5261 abeun-

413 5309 493 5353 tes
528 5295 784 5351 mulieres
814 5336 826 5357 ,
862 5305 913 5347 et
943 5312 1135 5349 rursus
1185 5307 1521 5353 revertentes
1543 5341 1556 5365 ,
1591 5301 1802 5371 integre
1857 5319 1983 5371 per-

411 5388 621 5458 spicere
644 5387 667 5439 ?
688 5386 792 5440 Sed
823 5386 1030 5441 clarum
1063 5400 1168 5453 est,
1192 5387 1306 5442 haec
1339 5388 1504 5443 fuisse
1533 5394 1760 5445 materni
1795 5404 1849 5448 et
1895 5410 1985 5447 ar-

410 5480 588 5535 dentis
619 5479 859 5543 amoris,
894 5493 1012 5548 quae
1044 5491 1310 5550 perpetuo
1364 5483 1612 5539 assidens
1711 5494 1765 5539 et
1799 5488 1977 5543 acrio-

410 5658 442 5732 t
514 5657 788 5732 "Ls-latnt.
822 5675 986 5723 xxvn,
1025 5659 1111 5724 65,
1145 5662 1233 5716 66.
1309 5663 1357 5695 ⁸⁸
1383 5662 1570 5720 Matth.
1601 5682 1786 5732 xxvnt,
1820 5669 1869 5725 I.

542 5727 753 5805 “illud.
795 5744 895 5805 xu,
1004 5732 1049 5762 εκ
1081 5732 1271 5788 Matth.
1302 5736 1514 5804 “1,47.

416 5795 468 5847 1.
556 5795 600 5825 ⁶⁹
638 5798 770 5850 ibid.
804 5799 893 5851 Ii.

1949 5672 2178 5733 "Marc.
2197 5695 2284 5744 xv,
2314 5681 2365 5734 l.

1616 5739 1659 5769 “
1682 5738 1835 5794 Joan.
1876 5758 1986 5810 xix,
2035 5747 2126 5805 25,

2090 4677 2265 4730 Maria
2297 4685 2462 4728 matre
2492 4675 2615 4730 Iesu
2645 4715 2659 4741 ,
2686 4686 2872 4731 etcum
2901 4678 3159 4748 fratribus
3184 4678 3296 4741 eius
3321 4681 3363 4711 δ’
3386 4716 3402 4735 .
3444 4678 3676 4749 Semper

2091 4770 2236 4821 enim
2270 4767 2385 4838 ipsa
2420 4784 2635 4838 quoque
2667 4783 2790 4823 cum
2834 4772 2914 4825 eis
2940 4770 3407 4837 convcrsabatur,
3437 4786 3468 4825 a
3506 4773 3677 4827 rebus

2094 4861 2478 4929 pulcherrimis
2533 4869 2588 4914 et
2654 4860 3053 4917 honestissimis
3109 4878 3390 4933 nunquam
3443 4864 3677 4918 omnino

2095 4949 2389 5003 desistens.

2165 5039 2457 5095 XXXVIII.
2503 5042 2793 5112 Postquam
2831 5055 3011 5100 autem
3065 5047 3119 5103 in
3179 5058 3425 5118 tempore
3473 5048 3678 5104 Pente-

2091 5139 2266 5185 costes
2298 5132 2552 5200 apostoli,
2585 5134 2789 5203 impleti
2837 5135 3021 5191 divina
3071 5140 3245 5208 gratia
3282 5138 3572 5207 Paraclcti,
3601 5143 3672 5197 ad

2092 5222 2369 5292 Evangelii
2405 5224 2707 5279 doctrinam
2742 5226 2880 5283 altus
2916 5233 3023 5282 alio
3046 5231 3439 5298 mittebantur,
3471 5242 3525 5287 et
3553 5235 3668 5305 jam

2092 5314 2406 5382 praedicatio
2445 5314 2568 5369 ﬁdei
2609 5319 3075 5387 annuntiabatur,
3113 5322 3419 5393 Virginem,
3478 5337 3671 5396 utpote

2088 5403 2286 5457 dilecto
2339 5404 2602 5475 discipqu
2652 5416 2707 5461 et
2765 5409 2960 5479 virgini
3008 5415 3472 5483 commendatam,
3546 5433 3673 5486 qua:

2084 5506 2198 5547 erat
2231 5495 2283 5547 in
2318 5494 2447 5550 Sion
2475 5499 2594 5567 ejus
2621 5500 2855 5569 domus,
2890 5517 3009 5557 eam
3038 5504 3270 5563 habebat
3303 5507 3421 5564 illic
3462 5511 3673 5581 degen-

2441 5679 2486 5714 ⁶⁰
2512 5677 2703 5735 Matth.
2734 5699 2792 5749 tt,
2820 5684 2907 5741 M.

2206 5685 2369 5783 Elii:
2431 5685 2707 5783 ."l‘i‘m't;
2732 5685 3206 5783 l':.l‘-_-.‘.‘."La."-
3236 5707 3306 5783 ιιι
3334 5694 3387 5783 ¹.·

2270 5753 2391 5806 Act.
2428 5766 2467 5815 ι,
2496 5750 2584 5806 14.

3467 5695 3508 5726 ⁶¹
3531 5694 3669 5750 Ibid.

2663 5752 2869 5811 "Luc.
2906 5774 3055 5827 xxrv,
3092 5761 3182 5819 51.

3262 5765 3306 5797 ⁸⁸
3342 5767 3465 5822 Act.
3511 5782 3544 5833 I,
3588 5770 3672 5831 t0,
