3996 6436
417 365 522 428 557

1506 360 1798 421 ORATIO
1841 363 1942 423 DE
1985 362 2273 425 SANCTA
2310 363 2584 425 MARIA.

3557 363 3663 430 558

417 491 522 532 tem
560 493 575 530 :
618 474 706 530 cui
749 483 1004 544 tanquam
1054 444 1211 528 Matri
1259 474 1369 529 Deo
1409 474 1585 529 honor
1613 475 1683 529 ab
1736 475 1991 530 omnibus
2023 481 2066 538 Α
2095 490 2217 530 mea
2278 476 2550 531 voluntas.
2619 473 2865 530 Accersit
2908 482 3093 531 autem
3137 475 3359 531 Petrum
3386 514 3402 543 ,
3466 475 3666 534 deinde

414 567 793 623 exhibebatur.
840 565 976 621 Cum
1027 581 1157 620 vero
1200 574 1256 620 et
1304 566 1494 620 mortis
1523 581 1643 621 eam
1671 567 1993 636 participem

414 659 531 712 tiert
584 672 807 712 necesse
846 655 1190 727 foret,(cur
1225 657 1372 711 enim
1435 655 1540 713 hoc
1594 673 1822 728 passura
1884 673 1992 711 non

410 759 596 813 esset,
632 748 882 818 quamvis
923 748 1015 801 Dei
1067 746 1240 803 Filius
1294 765 1361 802 ex
1426 764 1489 803 ea
1542 750 1760 818 genitus
1802 762 1994 802 revera

412 850 557 896 esset
606 841 807 896 homo?
839 840 1039 911 )cum,
1070 840 1287 910 inquam
1315 881 1332 908 ,
1392 849 1553 896 aetate
1617 850 1871 912 provecta
1925 840 1994 894 ad

413 933 639 988 multam
688 941 1028 987 senectutem
1072 932 1441 1002 pervenisset,
1489 941 1543 987 et
1602 932 1994 1004 peregrinatio-

410 1023 498 1079 nis
524 1034 738 1093 tempus
767 1037 1009 1092 praesens
1047 1033 1208 1087 esset,
1231 1038 1326 1092 per
1355 1022 1628 1091 angelum,
1650 1038 1709 1078 se
1731 1023 1992 1094 migratu-

411 1129 527 1167 ram
551 1128 700 1177 esse,
737 1129 768 1166 a
809 1111 948 1165 Filio
1000 1110 1194 1166 edocta
1225 1121 1308 1167 est
1336 1152 1351 1177 ,
1383 1113 1531 1167 sicut
1559 1122 1621 1166 et
1655 1122 1811 1168 antea
1832 1155 1846 1180 ,
1887 1128 1994 1182 quo

409 1215 657 1275 tempore
704 1205 759 1258 in
811 1203 933 1273 ejus
979 1214 1226 1259 ventrem
1284 1205 1630 1275 ingressurus
1673 1212 1822 1269 erat,
1852 1220 1997 1258 nun-

407 1297 603 1350 tiatum
644 1295 720 1349 illi
749 1294 947 1349 fuerat.
982 1294 1117 1350 Cum
1149 1295 1314 1365 igitur
1357 1310 1616 1350 excessus
1661 1294 1746 1350 sui
1792 1304 1995 1366 myste-

407 1389 553 1441 rium
583 1377 866 1442 didicisset
895 1427 910 1452 ,
971 1402 1092 1441 eam
1145 1404 1264 1441 rent
1302 1387 1497 1442 laetitia:
1553 1396 1713 1442 tanta:
1737 1427 1754 1454 ,
1794 1395 1996 1458 quanta

408 1480 594 1537 verbis
649 1480 908 1550 explicari
973 1495 1082 1535 non
1135 1489 1354 1550 porest,
1407 1482 1687 1536 materiam
1747 1482 1997 1550 judicans

409 1575 586 1645 (quid
641 1573 786 1628 enim
828 1574 905 1627 illi
957 1573 1179 1629 suavius
1254 1574 1476 1629 evenire
1526 1583 1779 1644 poterat,
1831 1588 1996 1644 quant

406 1682 534 1721 cum
572 1665 711 1720 Filio
750 1680 852 1720 suo
885 1681 1009 1720 esse
1033 1674 1089 1720 et
1125 1681 1230 1719 una
1260 1667 1530 1734 regnare?
1558 1671 1575 1736 )
1607 1667 1789 1720 statim
1832 1666 1997 1736 jussit

411 1758 647 1828 plurima
681 1757 887 1811 lumina
915 1757 1138 1812 domum
1171 1757 1354 1812 alIerri
1384 1776 1399 1825 ;
1442 1760 1602 1827 idque
1642 1759 1844 1813 factum
1889 1769 1995 1813 est.

412 1850 551 1905 Tota
586 1866 715 1905 vero
768 1850 965 1905 domus
1019 1850 1280 1905 mundata
1320 1859 1424 1905 est.
1476 1849 1675 1906 Lectus
1729 1852 1897 1915 item,
1941 1860 1998 1905 et

408 1945 684 1999 thalamus
716 1943 1018 1998 ornabatur
1066 1961 1080 1997 :
1119 1952 1174 1998 et
1232 1944 1680 1999 convocabantur
1730 1953 1999 2014 quotquot

408 2045 571 2091 erant
602 2036 816 2108 cognati
847 2045 901 2090 et
928 2035 1092 2091 vicini
1124 2077 1137 2099 ,
1178 2044 1237 2091 ut
1265 2052 1388 2091 cum
1429 2052 1492 2091 ea
1545 2035 1743 2091 ltetitiae
1803 2037 1999 2091 fierent

409 2129 726 2202 participes.
758 2128 962 2183 Deinde
992 2140 1179 2199 parata
1210 2140 1367 2183 erant
1393 2130 1575 2184 omnia
1604 2131 1670 2184 ad
1689 2146 1993 2189 excessum.

412 2223 698 2295 Signiﬁcat
727 2222 910 2292 itaque
946 2222 1012 2276 iis
1045 2222 1135 2293 qui
1192 2233 1567 2278 convenerant
1595 2265 1611 2287 ,
1672 2225 1723 2279 id
1768 2225 1910 2294 quod
1944 2225 1995 2279 ei

412 2315 582 2369 Filius
628 2330 724 2386 per
776 2316 1032 2385 angelum
1104 2315 1473 2372 nuntiaverat.
1515 2315 1765 2372 Ostendit
1812 2327 1993 2372 autem

408 2406 663 2461 bravium
687 2445 702 2471 ,
734 2408 878 2476 quod
915 2406 1018 2461 sibi
1053 2408 1120 2462 ab
1162 2423 1226 2461 eo
1287 2409 1475 2462 datum
1532 2410 1731 2463 fuerat.
1781 2408 1839 2463 Id
1868 2426 1996 2465 vero

411 2509 527 2553 erat
565 2514 748 2553 ramus
776 2500 969 2568 palma:
995 2540 1011 2567 ,
1061 2510 1119 2554 ut
1161 2500 1358 2568 lnguae
1415 2502 1739 2555 assuefactm
1759 2516 1884 2557 vera
1910 2503 1994 2557 lo-

410 2589 505 2658 qui
538 2588 606 2644 de
651 2604 716 2644 co
756 2589 1046 2644 dixerant:
1102 2591 1321 2661 signum
1368 2591 1613 2645 vii-toria:
1661 2595 1855 2649 mortis
1890 2635 1905 2659 ,
1939 2603 1995 2650 et

414 2680 539 2735 vita:
604 2680 781 2751 imago
842 2680 1202 2735 immortalis:
1241 2683 1383 2737 sicut
1439 2683 1603 2737 etiam
1642 2683 1992 2739 Hebraeorum

404 2771 565 2843 pueri
605 2773 656 2826 id
706 2774 825 2843 ejus
871 2756 1147 2827 faciebant
1193 2772 1329 2829 Filio
1356 2816 1371 2841 ,
1427 2776 1673 2845 inspirati
1708 2777 1991 2831 divinitus.

322 2852 333 2857 ’
410 2863 491 2917 llli
537 2867 683 2918 enim
730 2864 1184 2934 appropinquanti
1223 2867 1289 2920 ad
1329 2866 1678 2936 passionem,
1727 2867 1763 2922 ii
1813 2884 1994 2924 ramos

411 2956 715 3026 palmarum
747 2948 1071 3021 olIereb'ant,
1091 2973 1216 3012 eum
1250 2957 1495 3012 futurum
1520 2959 1776 3013 victorem
1801 2963 1995 3016 mortis

404 3057 538 3102 ante
570 3048 1014 3118 signiﬁcantes".
1035 3050 1169 3102 Cum
1196 3062 1377 3104 autem
1407 3050 1518 3119 jam
1541 3052 1753 3105 adesset
1782 3060 1995 3121 tempus

2094 562 2268 619 alios:
2303 572 2358 619 et
2413 579 2537 619 cum
2585 564 2841 620 lucernas
2873 564 2974 635 ipsi
3026 567 3440 630 accendissent,
3470 566 3559 623 illa
3611 570 3666 621 in

2095 654 2287 724 Spiritu
2321 655 2604 711 exsultans
2629 696 2644 720 ο
2672 656 2904 711 diductis
2945 656 3113 712 labris
3138 695 3155 723 ,
3208 658 3480 714 Benedico
3524 660 3623 715 tibi
3650 698 3665 723 ,

2097 745 2301 815 inquit,
2329 746 2505 800 datori
2534 747 2715 802 onmis
2743 747 3137 803 benedictionis
3158 789 3173 815 ,
3202 766 3381 805 causae
3411 751 3633 806 luminis
3653 789 3669 815 ,

2094 838 2188 907 qui
2242 855 2429 895 meum
2523 842 3182 901 ventrem.inhabitasti.
3234 843 3511 901 Benedieo
3568 857 3672 903 tute

2095 930 2350 987 charitati
2377 971 2392 998 ,
2414 946 2521 1001 qua
2550 946 2650 987 nos
2679 933 2914 988 dilexisti
2940 974 2956 1000 ,
2982 932 3210 990 Domine
3239 953 3252 989 :
3282 946 3340 991 et
3382 938 3671 1008 magniﬁco

2096 1018 2263 1072 verba
2289 1027 2380 1073 tua
2407 1059 2422 1086 ,
2462 1035 2584 1087 qua:
2637 1021 2796 1076 nobis
2840 1023 2962 1077 data
3018 1033 3147 1079 sunt
3194 1026 3254 1079 in
3306 1026 3581 1082 veritate:
3617 1036 3673 1082 et

2097 1111 2261 1165 credo
2290 1110 2422 1165 mihi
2453 1110 2716 1178 aﬂutura,
2746 1128 2867 1181 quae
2896 1115 3113 1171 dixisti.
3147 1117 3283 1171 Cum
3302 1118 3381 1172 sic
3407 1120 3670 1185 dixisset,

2096 1214 2154 1253 se
2183 1200 2411 1254 reclinat
2446 1202 2502 1254 in
2533 1202 2704 1267 lecto,
2738 1214 2792 1258 et
2820 1205 3075 1259 manibus
3104 1204 3159 1260 in
3182 1208 3350 1261 altum
3402 1209 3633 1263 sublatis
3652 1249 3669 1274 ,

2097 1308 2220 1346 eum
2265 1294 2401 1348 nulli
2456 1296 2878 1365 reprehensioni
2934 1299 3095 1354 aliine
3140 1315 3298 1354 suum
3361 1316 3561 1371 corpus
3612 1301 3668 1356 in

2098 1384 2387 1441 honestam
2417 1396 2472 1442 et
2498 1389 2750 1445 decoram
2781 1392 3009 1462 figuram
3042 1394 3436 1463 compOsuisset
3459 1432 3475 1457 ,
3517 1402 3572 1448 et
3609 1409 3672 1449 os

2095 1478 2465 1533 venerandum
2515 1481 2818 1547 aperuisset
2864 1484 3088 1550 (etenim
3146 1482 3365 1539 videbat
3415 1486 3523 1555 jam
3563 1486 3669 1541 Do-

2096 1573 2304 1626 minum
2373 1573 2439 1628 ad
2493 1575 2670 1645 ipsam
2756 1580 3067 1633 venientem
3141 1594 3265 1635 cum
3320 1581 3673 1636 multitudine

2098 1663 2463 1734 angelorum),
2497 1674 2605 1719 tota
2634 1667 2888 1737 impletur
2933 1669 3128 1738 gaudio
3179 1679 3234 1724 et
3284 1672 3578 1741 voluptate.
3619 1684 3675 1726 et

2100 1770 2231 1809 cum
2288 1772 2478 1812 rursus
2516 1758 2780 1814 dixisset:
2840 1758 2971 1814 Fiat
3009 1763 3135 1815 mihi
3158 1802 3172 1826 ,
3221 1763 3467 1830 Domine,
3491 1780 3674 1817 secun-

2031 1818 2225 1900 ndum
2281 1847 2493 1901 verbum
2543 1858 2735 1915 tuum,
2803 1851 3000 1904 emittit
3054 1860 3308 1922 tanquam
3372 1854 3424 1906 in
3480 1868 3673 1907 somno

2098 1940 2352 2010 spiritum
2375 1982 2387 2003 ,
2421 1950 2477 1996 et
2525 1957 2652 1996 eum
2678 1942 2732 1996 in
2763 1943 2955 1998 amicis
2985 1944 3211 2013 deponit
3249 1943 3369 1998 Filii
3396 1945 3671 1999 manibus.

2100 2030 2177 2085 Ne
2223 2040 2405 2085 autem
2446 2032 2693 2088 videatur
2730 2048 2850 2089 esse
2884 2035 3076 2102 inane,
3126 2037 3270 2106 quod
3320 2036 3533 2101 dictum
3589 2046 3675 2092 est

2099 2121 2166 2176 de
2228 2124 2649 2195 congregatione
2709 2125 3117 2195 apostolorum,
3162 2143 3283 2197 quae
3318 2126 3460 2181 facta
3485 2137 3572 2182 est
3618 2128 3672 2181 in

2097 2214 2425 2270 dormitione
2477 2214 2746 2288 Virginis;
2802 2217 2973 2271 satius
3024 2215 3190 2272 fuerit
3240 2234 3303 2273 ea
3362 2219 3674 2273 summatim

2096 2306 2338 2371 addere,
2401 2322 2521 2377 qua:
2560 2323 2589 2362 a
2668 2307 2922 2379 Dionysio
2971 2308 3296 2380 Areopagita
3332 2310 3590 2365 dicuntur
3619 2312 3678 2366 in

2099 2398 2259 2453 tertio
2323 2397 2609 2469 libro(l),
2646 2410 2701 2454 et
2750 2399 2945 2468 capitis
2966 2400 3205 2470 quidem,
3260 2400 3391 2467 Quw
3454 2403 3521 2457 sit
3602 2402 3678 2457 vis

2099 2496 2353 2549 orationis
2384 2505 2431 2549 et
2462 2500 2524 2548 de
2552 2496 2703 2549 beato
2736 2496 3039 2561 Uierotheo,
3061 2499 3123 2551 de
3151 2499 3343 2568 pietate
3365 2507 3414 2553 et
3448 2500 3511 2553 de
3536 2498 3680 2554 theo-

2099 2586 2264 2657 logica
2325 2587 2647 2657 inscriptum
2696 2598 2780 2642 est
2830 2590 3226 2658 conscriptione.
3255 2590 3517 2645 Dicuntur
3577 2606 3676 2645 au-

2099 2690 2206 2736 tem
2267 2695 2331 2736 ea
2399 2681 2616 2750 quidem
2671 2681 2958 2737 Timotheo
3015 2671 3215 2752 Ephesi
3277 2683 3554 2754 episcopo.
3602 2685 3676 2739 Ea

2100 2788 2229 2827 vero
2261 2781 2391 2827 sunt
2424 2771 2477 2825 in
2512 2771 2613 2825 hoc
2648 2771 2827 2841 capite
2858 2772 2937 2826 sic
2966 2773 3032 2825 ad
3063 2773 3288 2827 verbum
3316 2776 3490 2843 posita
3511 2791 3533 2831 :

2167 2864 2280 2919 XL.
2309 2883 2328 2915 ‹
2361 2863 2808 2933 Quandoquidem
2840 2864 2985 2934 apud
3014 2864 3161 2934 ipsos
3189 2881 3407 2935 quoque
3458 2875 3676 2922 nostros

2097 2976 2127 3015 a
2154 2960 2263 3013 Deo
2293 2957 2500 3012 amatos
2524 2972 2807 3012 sacrorum
2839 2956 3135 3027 principes,
3160 2957 3380 3026 quando
3412 2972 3510 3013 nos
3537 2973 3675 3028 quo-

2096 3067 2222 3120 que,
2256 3059 2315 3104 ut
2351 3054 2469 3119 ipse
2517 3048 2686 3113 nosti,
2720 3057 2775 3103 et
2813 3048 2968 3102 multi
3007 3063 3072 3103 ex
3106 3049 3312 3103 nostris
3344 3049 3515 3103 sacris
3563 3048 3674 3104 fra-

409 3152 670 3192 excessus
692 3180 707 3205 ,
741 3138 830 3192 illa
864 3138 1082 3208 quidem
1139 3156 1279 3194 vene
1314 3141 1436 3196 vita":
1476 3151 1651 3195 mater
1680 3141 1900 3211 jacehat
1932 3143 1988 3196 in
2017 3154 2059 3212 c
2098 3142 2273 3195 tribus
2302 3139 2369 3194 ad
2401 3138 2691 3193 videndum
2738 3151 2962 3207 corpus,
2993 3138 3137 3207 quod
3186 3136 3309 3192 vita:
3344 3137 3672 3207 principium

410 3230 670 3302 grabato:
705 3232 893 3286 aderat
920 3248 1052 3289 vero
1090 3234 1135 3287 is
1158 3273 1172 3300 ,
1201 3233 1293 3304 qui
1316 3249 1433 3288 eam
1467 3234 1629 3290 domo
1659 3244 1985 3305 exceperat,

405 3319 676 3376 Joannes.
727 3324 969 3377 Aderant
1029 3326 1230 3389 etiam,
1277 3325 1591 3394 quicunque
1640 3336 1796 3380 erant
1828 3326 1989 3381 electi

409 3413 463 3466 in
496 3411 797 3469 Jerusalem
822 3456 836 3480 ,
856 3416 1156 3486 amicaque
1178 3427 1234 3471 et
1258 3427 1503 3488 cognatae
1531 3418 1691 3472 simul
1713 3421 1982 3474 astabant.

412 3501 577 3573 Virgo
612 3518 742 3575 ergo
788 3506 855 3559 ad
896 3506 1161 3561 Joannem
1193 3509 1464 3579 aspiciens
1512 3509 1808 3577 virginem,
1864 3525 1988 3564 cum

411 3608 585 3663 pauca
620 3609 740 3648 cum
763 3609 830 3649 eo
856 3604 1004 3650 esset
1035 3597 1212 3651 locuta
1239 3637 1253 3662 ,
1291 3598 1487 3653 deinde
1518 3615 1530 3652 :
1560 3600 1701 3653 Duas
1725 3640 1740 3665 ,
1774 3599 1951 3667 inquit
1972 3640 1987 3663 ,

412 3688 637 3739 tunicas
660 3701 797 3755 quas
828 3695 941 3742 toto
974 3688 1095 3742 vita:
1126 3698 1368 3757 tempore
1405 3691 1571 3744 habui
1598 3700 1989 3761 tegumentum

414 3777 523 3831 mei
549 3779 793 3847 corporis
818 3820 834 3844 ,
869 3793 962 3833 eas
1013 3780 1127 3834 dari
1170 3781 1339 3849 jubeo
1364 3781 1513 3837 hisce
1546 3783 1757 3837 duabus
1796 3785 1991 3839 mulie-

412 3868 586 3924 ribus.
620 3868 743 3923 ilaec
776 3870 865 3923 illa
895 3871 1115 3940 quidem
1165 3872 1323 3927 dixit.
1370 3874 1473 3938 Qui
1543 3874 1772 3931 aderant
1819 3893 1986 3945 vero,

408 3961 660 4017 videntes
688 3961 840 4031 signa
874 3963 1165 4029 decessus,
1217 3979 1282 4018 ex
1337 3966 1511 4019 oculis
1551 3969 1750 4022 multas
1795 3969 1992 4025 funde-

407 4055 543 4110 bant
573 4054 861 4109 lacrvmas.
897 4056 1030 4119 Quis
1058 4057 1203 4110 enim
1239 4058 1327 4110 tali
1379 4059 1581 4129 privari
1635 4062 1862 4117 muliere
1897 4073 1988 4118 tu-

408 4147 563 4201 lisset
591 4146 707 4201 sine
736 4147 964 4202 dolore?
994 4148 1200 4204 Deinde
1223 4170 1253 4209 e
1272 4154 1412 4208 coelo
1444 4154 1664 4224 quidem
1711 4155 1993 4211 descendit

406 4243 531 4315 ejus
552 4236 722 4294 Filius
741 4283 756 4308 ,
786 4241 1190 4315 illius_divinam
1213 4256 1594 4317 assumpturus
1618 4248 1873 4312 animam,
1895 4263 1993 4317 per

413 4336 617 4392 nubem
653 4346 838 4393 autem
868 4354 996 4393 suos
1025 4346 1315 4408 congregat
1363 4338 1695 4408 discipulos,
1729 4347 1788 4392 ut
1821 4354 1986 4394 vene-

414 4432 647 4485 randum
673 4430 793 4501 ejus
831 4446 1031 4502 Corpus
1059 4432 1384 4487 mandarent
1426 4433 1743 4502 sepultum.

484 4522 732 4579 XXXIX.
763 4524 1056 4596 Postquam
1095 4539 1224 4579 vero
1286 4524 1422 4579 vidit
1461 4539 1557 4580 eos
1603 4524 1871 4594 Dcipara,
1896 4539 1993 4580 co-

411 4614 603 4688 gnovit
632 4623 815 4670 autem
856 4630 1121 4679 causam.
1151 4624 1371 4685 prepter
1403 4631 1565 4686 quam
1596 4631 1788 4671 omnes
1813 4618 1993 4671 statim

408 4708 665 4763 accersiti
695 4709 953 4775 fuerant,
984 4719 1039 4763 et
1072 4708 1503 4780 uniuscujusque
1540 4710 1712 4764 audiit
1765 4712 1989 4780 petitio-

408 4816 512 4854 nes
535 4839 550 4865 ,
574 4815 669 4855 eos
696 4800 916 4871 quidem
943 4839 960 4865 ,
989 4810 1047 4855 ut
1066 4816 1168 4871 par
1186 4809 1304 4856 erat
1329 4841 1344 4867 ,
1372 4800 1638 4870 impertiit
1656 4802 1994 4859 benedictio-

410 4892 594 4947 nibus.
623 4892 759 4948 Cum
802 4907 935 4950 vero
974 4895 1230 4949 omnibus
1267 4894 1494 4950 dixisset
1533 4896 1697 4951 verba
1769 4912 1890 4967 qua:
1936 4897 1993 4952 in

412 4984 643 5040 decessu
666 4984 771 5039 dici
795 4985 1009 5040 solent:
1034 4982 1144 5039 Vos
1166 5024 1182 5051 ,
1211 4983 1410 5056 inquit,
1438 4987 1634 5049 valete.
1652 4986 1780 5053 filii;
1810 5002 1993 5042 meum

410 5085 598 5131 autem
634 5076 764 5131 hinc
794 5077 1081 5132 decessum
1107 5093 1175 5133 ne
1205 5078 1356 5134 luctu
1380 5119 1397 5145 ,
1450 5079 1545 5135 sed
1576 5079 1763 5135 laetitia
1814 5080 1994 5149 potius

412 5168 823 5240 prosequamini
866 5186 881 5236 ;
938 5170 1379 5240 quandoquidem
1419 5172 1576 5227 vobis
1638 5179 1721 5226 est
1769 5186 1996 5243 persua-

410 5277 571 5327 sum,
603 5277 705 5341 nos
741 5263 974 5317 transire
1005 5263 1072 5317 ad
1106 5263 1400 5335 gaudium:
1439 5272 1496 5318 et
1521 5264 1702 5318 videte
1723 5305 1739 5326 ,
1766 5273 1825 5317 ut
1865 5278 1993 5316 cor-

412 5368 518 5423 pus
549 5366 733 5406 metttn
764 5354 1035 5408 mandetis
1064 5354 1364 5424 sepultura:
1407 5355 1462 5409 in
1524 5354 1630 5409 hac
1682 5354 1851 5425 ﬁgura
1880 5392 1894 5418 ,
1936 5354 1989 5406 in

412 5460 522 5514 qua
545 5459 646 5514 ego
693 5459 782 5499 me
826 5458 1208 5514 composuero.
1260 5444 1385 5502 llaec
1432 5454 1517 5502 est
1565 5445 1750 5512 enim,
1795 5445 1991 5516 inquit,

488 5629 566 5702 (ι)
600 5627 677 5683 De
709 5629 902 5686 divinis
934 5633 1253 5703 nominibus,
1272 5648 1397 5707 cap.

497 5794 543 5825 ⁷⁸
570 5792 731 5850 Joan.
768 5807 868 5861 xu,
893 5793 985 5850 15.

2093 3235 2260 3295 dedit,
2291 3242 2347 3287 et
2377 3230 2545 3285 Deum
2574 3229 2838 3300 suscepit,
2872 3228 3252 3301 convenimus(
3277 3231 3465 3285 aderat
3488 3238 3673 3284 autem

2096 3326 2187 3380 Dei
2218 3339 2433 3394 quoque
2466 3324 2632 3376 frater
2648 3319 2900 3387 Jacobus,
2929 3330 2984 3376 et
3014 3318 3226 3386 Petrus,
3248 3321 3342 3392 qui
3375 3330 3492 3376 erat
3520 3322 3677 3377 theo-

2090 3418 2334 3488 logorum
2382 3429 2640 3484 suprema
2691 3423 2747 3468 et
2780 3414 3161 3482 antiquissima
3214 3414 3549 3483 summitas),
3591 3415 3676 3469 vi-

2092 3523 2321 3576 sumque
2350 3516 2454 3570 est,
2493 3515 2552 3560 ut
2584 3513 2706 3575 post
2739 3503 2871 3559 illud
2906 3505 3303 3574 spectaculum,
3354 3520 3545 3559 omnes
3587 3519 3676 3561 sa—

2095 3621 2310 3660 crorum
2348 3603 2624 3675 principes
2657 3604 2918 3676 hymnum
2961 3612 3246 3666 canerent,
3276 3610 3333 3656 et
3361 3602 3672 3664 laudarent,

2096 3707 2257 3768 prout
2282 3706 2498 3768 poterat
2525 3697 2919 3766 unusquisque,
2956 3693 3220 3749 infinitam
3261 3695 3558 3749 bonitatem
3588 3694 3678 3748 di-

2093 3792 2338 3845 vinarum
2377 3791 2574 3842 virium
2618 3806 2632 3842 :
2664 3797 2786 3857 post
2820 3787 3109 3857 theologus
3149 3787 3261 3853 ille,
3294 3795 3352 3841 ut
3380 3787 3507 3851 scis,
3544 3787 3673 3840 vicit

2092 3898 2284 3941 omnes
2312 3882 2447 3937 alios
2484 3889 2685 3952 mystas
2721 3895 3021 3946 sacrorum,
3057 3887 3115 3933 ut
3165 3879 3256 3948 qui
3302 3880 3460 3946 plane
3515 3893 3675 3934 exce-

2094 3980 2267 4042 deret,
2302 3985 2357 4031 et
2386 3991 2415 4029 a
2447 3989 2505 4029 se
2542 3974 2767 4029 omnino
2815 3974 3198 4035 abduceretur,
3230 3980 3286 4026 et
3320 3971 3374 4025 in
3418 3987 3481 4027 ea
3514 3988 3676 4042 quam

2093 4069 2308 4142 hymnis
2337 4066 2662 4128 celebrabat,
2679 4064 2985 4119 afﬁceretur
3005 4063 3263 4117 societate
3286 4069 3343 4117 et
3372 4067 3679 4121 communi-

2093 4163 2329 4227 catioue,
2386 4168 2442 4214 et
2490 4158 2557 4213 ab
2589 4157 2865 4221 omnibus,
2922 4172 2953 4210 a
2990 4154 3186 4225 quibus
3245 4156 3568 4211 audiebatur
3620 4167 3679 4213 et

2092 4253 2407 4313 videbatur,
2437 4256 2491 4305 et
2515 4249 2966 4319 coguoscebatur,
2998 4256 3054 4300 et
3086 4260 3194 4299 non
3222 4248 3672 4316 coguoscebatur,

2091 4346 2433 4417 judicaretur
2473 4356 2593 4399 esse
2624 4356 2656 4395 a
2690 4340 2802 4395 Deo
2835 4338 3050 4393 alllatus
3075 4346 3131 4393 et
3174 4337 3393 4393 divinus
3440 4339 3675 4409 scriptor

2102 4438 2450 4509 hymnorum.
2523 4436 2589 4489 Et
2636 4432 2769 4505 quid
2832 4432 2928 4486 tibi
2976 4430 3211 4499 amplius
3249 4428 3481 4484 dixerim
3522 4431 3588 4484 de
3612 4430 3679 4485 iis

2099 4544 2222 4601 qua:
2260 4527 2371 4582 illic
2413 4526 2483 4582 de
2514 4526 2625 4579 Deo
2662 4523 2849 4579 divine
2895 4523 3039 4577 dicta
3089 4521 3253 4575 sunt?
3296 4520 3510 4575 Etenim
3568 4521 3673 4576 nisi

2101 4639 2222 4680 sum
2267 4620 2373 4676 mei
2406 4631 2622 4688 quoque
2650 4616 2874 4678 oblitus,
2919 4614 3033 4668 scio
3069 4613 3270 4666 multos
3301 4628 3332 4666 a
3371 4620 3423 4666 te
3457 4613 3676 4668 audisse

2099 4711 2360 4784 quasdam
2388 4718 2567 4779 partes
2594 4706 2807 4761 illorum
2825 4706 2937 4758 Deo
2964 4703 3256 4758 alﬁantium
3284 4704 3628 4773 hymnorum.
3651 4723 3668 4754 ο

2103 4805 2214 4860 Sed
2262 4805 2378 4859 haec
2432 4800 2654 4872 quidem
2710 4811 2866 4851 sacer
2912 4793 3221 4865 Dionysius.
3282 4792 3450 4848 Nobis
3487 4805 3673 4848 autem

2099 4903 2290 4968 pergat
2321 4894 2497 4949 oratio
2528 4891 2595 4946 ad
2623 4906 2687 4945 ea
2721 4905 2841 4960 quae
2875 4889 3135 4958 deinceps
3179 4897 3501 4956 sequuntur.

2174 4987 2311 5044 XLI.
2347 4988 2481 5041 Cum
2530 4990 2712 5037 autem
2768 4982 2825 5037 in
2884 4981 3072 5037 orbem
3125 4990 3374 5032 sanctum
3440 4977 3671 5048 Virginis

2101 5095 2301 5151 corpus
2360 5074 2850 5133 circumdedissent
2907 5071 3277 5141 apostolorum
3349 5066 3570 5132 chorus,
3616 5077 3674 5122 et

2103 5169 2364 5244 quidquid
2394 5175 2513 5224 erat
2541 5166 2775 5221 electum
2829 5179 2897 5220 ex
2959 5162 3091 5217 viris
3138 5172 3195 5217 et
3235 5160 3576 5223 mulieribus,
3615 5166 3672 5213 et

2104 5264 2323 5336 bynmis
2346 5260 2710 5320 honorabant,
2731 5257 2824 5327 qui
2849 5255 2981 5310 illud
3004 5255 3369 5317 deducebant,
3396 5264 3449 5305 et
3489 5250 3673 5305 omnia

2100 5354 2348 5411 membra
2384 5358 2697 5404 reverenter
2716 5347 2875 5403 simul
2906 5356 2962 5402 et
2984 5354 3231 5400 amanter
3271 5341 3679 5413 amplectit-bam

2106 5454 2217 5512 tur,
2232 5457 2340 5499 non
2362 5440 2538 5499 solum
2562 5439 3084 5512 suumpstendentes
3109 5436 3458 5501 desiderium,
3482 5431 3678 5491 sedvel
