3996 6502
321 417 427 483 55')

1574 394 1860 462 MENSIS
1904 394 2336 461 AUGUSTUS.

3473 387 3582 451 560

325 549 392 587 ex
446 542 591 587 tactu
659 524 943 584 credentes
984 524 1262 595 percipere
1324 521 1633 575 utilitatem.
1704 516 1892 582 Fidem
1926 518 1965 573 Α
2000 517 2175 571 fuerat
2211 515 2528 578 sectionem,
2569 520 2622 568 et
2660 527 2781 583 qua:
2810 515 3101 581 amputata:
3145 504 3381 572 fuerant,
3414 505 3585 573 parti-

329 637 511 680 autem
539 631 828 679 consecuta
868 633 1082 689 quoque
1113 625 1195 671 est
1228 629 1455 683 operum
1480 608 1897 667 demonstratio.

326 715 497 770 Cascis
554 711 694 767 oculi
728 708 1202 771 illuminabantur,
1251 705 1432 760 surdis
1479 716 1640 756 aures
1686 699 1898 766 aperie-

327 808 543 864 bantur,
594 799 800 855 claudis
843 800 1003 853 bases
1051 797 1255 868 pedum
1304 791 1794 850 confirmabantur,
1847 797 1903 840 et

323 896 603 967 quodlibet
652 894 964 948 morborum
1001 899 1056 945 et
1099 887 1481 959 aegritudinum
1534 898 1707 954 genus
1746 879 1904 935 facile

323 987 734 1045 dissolvebatur.
772 985 883 1041 Cur
908 999 1018 1039 non
1044 982 1169 1037 dico
1223 994 1345 1050 quae
1384 985 1512 1033 sunt
1539 972 1906 1046 perfectiora?

322 1082 431 1136 Aer
477 1079 698 1149 quidem
739 1086 796 1131 et
825 1076 1023 1131 coelum
1063 1087 1295 1128 ascensu
1341 1070 1565 1140 spiritus
1604 1065 1905 1122 sanctifica-

324 1171 531 1224 batur:
586 1176 733 1222 terra
792 1175 975 1221 autem
1043 1163 1292 1219 similiter
1363 1158 1709 1231 depositione
1764 1157 1905 1211 sacri

323 1260 585 1330 corporis.
638 1259 905 1314 Caeterum
948 1272 1051 1311 nec
1091 1270 1242 1323 aqua:
1274 1254 1513 1331 quidem_
1554 1260 1745 1306 natura
1790 1256 1908 1305 ezat
1946 1270 1957 1281 ί

324 1367 521 1422 expers
585 1350 980 1406 benedictionis
1035 1348 1182 1402 :sed
1236 1346 1353 1415 ipsa
1409 1358 1627 1414 quoque
1690 1341 1907 1395 lavacro

326 1443 606 1512 purissimi
663 1442 908 1512 corporis
957 1441 1060 1495 fuit
1101 1437 1379 1509 particeps
1437 1433 1907 1490 sanctificationis.

325 1534 512 1605 Neque
600 1536 746 1589 enim
813 1532 944 1587 illud
1002 1530 1238 1585 habebat
1297 1542 1435 1597 Opus
1497 1523 1910 1597 purgationibus

240 1640 243 1641 '
326 1626 490 1695 (quis
563 1625 710 1679 enim
761 1624 864 1678 hoc
931 1622 1159 1685 diceret,
1220 1619 1325 1673 nisi
1374 1627 1571 1672 emotae
1636 1612 1905 1680 mentis?)

225 1778 231 1783 _
326 1719 422 1772 sed
480 1734 578 1772 suo
642 1725 894 1772 contactu
964 1715 1147 1785 potius
1207 1711 1585 1768 sanetiﬁcabat
1635 1710 1711 1774 id,
1765 1706 1911 1778 quod

222 1804 231 1812 ’
327 1809 713 1876 attingebatur.
753 1805 955 1859 Deinde
976 1803 1149 1874 quid?
1177 1801 1390 1856 Mundis
1406 1798 1724 1855 sindonibus
1747 1813 1910 1852 mun-

2008 610 2109 663 bus
2162 607 2301 662 ulnis
2333 604 2611 675 applicatis
2665 603 2804 673 (hoc
2849 610 3031 656 autem
3062 600 3300 669 jusserat
3324 595 3582 665 Petrus),

2008 701 2187 756 statim
2222 706 2514 753 consecuta
2559 703 2641 750 est
2684 710 2943 749 manuum
2995 691 3227 747 curatio.

2079 790 2268 849 XLlll.
2317 788 2451 851 Hinc
2476 787 2543 842 ad
2571 786 2995 841 sacratissimam
3032 782 3326 837 abducitur
3353 766 3585 836 Gethse-

2009 903 2189 952 manc,
2236 894 2292 940 et
2324 883 2435 937 illic
2480 879 2887 936 sanctissimum
2936 876 3156 948 quidem
3190 890 3389 945 corpus
3434 888 3591 927 man-

2008 978 2169 1033 datur
2202 976 2516 1046 sepulturae.
2552 970 2752 1038 Quidni
2791 970 2956 1033 enim,
2986 984 3110 1024 cum
3141 967 3307 1023 etiam
3341 965 3436 1036 qui
3469 973 3591 1020 erat

2010 1068 2172 1130 Deus,
2220 1067 2338 1136 ejus
2379 1065 2567 1129 Filius,
2619 1077 2771 1118 more
2802 1062 3082 1117 hominum
3131 1059 3397 1129 sepelitur
3430 1057 3455 1111 τ
3485 1056 3592 1112 Per

2011 1167 2186 1229 ipsum
2244 1166 2423 1212 autem
2467 1156 2537 1210 ad
2582 1154 2825 1211 caelestia
2873 1161 2928 1208 et
2975 1152 3159 1207 divina
3198 1150 3592 1205 transmittitur

2011 1248 2383 1304 tabernacula.
2442 1245 2598 1312 Quod
2655 1245 2888 1300 dicimus
2953 1242 3239 1297 confirmat
3309 1239 3594 1296 Iuvenalis

2011 1342 2225 1397 divinus
2288 1339 2784 1409 Hierosolymarum
2848 1337 3155 1405 episcopus.
3223 1334 3350 1389 Fuit
3405 1344 3594 1389 autem

2010 1435 2101 1490 hic
2146 1434 2227 1489 vir
2258 1442 2501 1495 sanctus,
2539 1440 2593 1486 et
2626 1447 2656 1486 a
2698 1431 2809 1484 Deo
2855 1430 3169 1498 inspiratus,
3211 1428 3301 1496 qui
3348 1427 3418 1482 ab
3450 1428 3597 1481 anti-

2011 1541 2117 1594 qua
2153 1533 2208 1578 et
2245 1539 2369 1578 vera
2420 1522 2707 1576 traditione
2760 1522 3132 1573 narrationem
3184 1519 3377 1573 dicens
3429 1519 3497 1574 ad
3531 1535 3595 1576 se

2011 1618 2091 1673 sic
2131 1616 2296 1670 fuisse
2331 1615 2644 1677 deductam,
2681 1613 2751 1667 ait
2787 1629 2800 1665 :
2838 1610 2992 1676 Quod
3024 1621 3133 1664 tres
3180 1619 3324 1664 totos
3363 1610 3479 1665 dies
3523 1610 3594 1665 ad

2014 1710 2322 1781 sepulcrum
2388 1707 2560 1764 sancti
2610 1714 3029 1776 permanserunt
3076 1704 3329 1773 apostoli,
3379 1704 3595 1758 divinas

2016 1802 2337 1873 hymnodias
2379 1818 2441 1855 ex
2475 1801 2582 1855 alto
2617 1799 2922 1854 audientes.
2973 1798 3175 1852 Deinde
3217 1805 3338 1866 post
3370 1796 3593 1852 tertium

326 1900 453 1954 dum
499 1914 697 1967 corpus
740 1897 1067 1960 involutum,
1120 1909 1312 1950 rursus
1368 1895 1424 1947 in
1474 1893 1616 1947 lecto
1671 1891 1910 1961 ponitur.
1944 1866 1991 1925 Β
2022 1896 2185 1962 diem,
2227 1910 2350 1949 cum
2393 1909 2535 1948 unus
2581 1908 2648 1947 ex
2701 1892 2960 1961 apostolis
3001 1890 3207 1945 tardius
3260 1889 3500 1946 venisset
3525 1890 3594 1946 ad

328 1990 534 2045 Deinde
585 2005 710 2044 cum
762 1987 1003 2043 lucernis
1047 1995 1101 2041 et
1138 1983 1453 2056 unguentis,
1487 1982 1914 2053 intelligentibus

329 2082 545 2151 quidem
609 2082 843 2150 desuper
886 2077 1237 2133 laudantibus
1275 2074 1588 2137 virtutibus,
1658 2071 1915 2142 apostolis

329 2182 510 2227 autem
557 2178 613 2225 et
656 2171 855 2226 divinis
910 2170 1162 2224 Patribus
1212 2167 1323 2222 Deo
1363 2166 1523 2237 digna
1574 2164 1785 2219 cantica
1828 2178 1917 2217 ca-

332 2263 589 2317 nentibus
643 2262 833 2317 divina
889 2276 1013 2314 arca
1070 2274 1136 2314 ex
1189 2258 1319 2312 Sion
1384 2266 1539 2311 vecta
1607 2253 1916 2324 apostolicis

334 2354 589 2409 manibus
622 2360 678 2409 et
708 2352 977 2416 humeris,
1027 2352 1093 2406 ad
1125 2350 1497 2405 Gethscmane
1525 2365 1739 2404 sacrum
1775 2364 1913 2418 prae-

332 2448 482 2501 dium
542 2455 885 2516 exportatur,
930 2444 1159 2514 angelis,
1207 2451 1268 2497 ut
1308 2451 1392 2496 est.
1446 2449 1908 2504 consentaneum,

334 2538 815 2608 praecurrentibus,
884 2535 1473 2601 circumcursantibus,
1536 2532 1913 2603 sequentibus,

332 2632 593 2703 angelicis
662 2632 854 2701 pennis
912 2629 1389 2694 adumbrantibus,
1438 2628 1621 2700 longe,
1665 2628 1912 2697 inquam,

333 2724 706 2793 Splendidiore
772 2731 826 2776 et
896 2721 1292 2776 venerabiliore
1348 2720 1492 2774 facta
1562 2717 1912 2783 deductione,

332 2826 496 2881 quam
563 2819 789 2881 propter
842 2809 1255 2863 translationem
1312 2808 1513 2863 veteris
1571 2806 1716 2861 illius
1777 2819 1916 2859 arcae

332 2904 641 2959 testamenti
701 2902 938 2967 Domini,
964 2910 1023 2956 ut
1067 2915 1217 2955 sacra
1268 2907 1493 2953 narrant
1535 2896 1853 2966 Eloquia".

408 2996 567 3050 XLII.
607 2995 820 3049 Accidit
854 2995 981 3048 huic
1029 2994 1272 3063 pulchra1
1312 3002 1365 3046 et
1401 2990 1598 3045 divinae
1645 2989 1720 3043 rei
1756 3003 1917 3059 grave

335 3088 555 3157 quidem
593 3087 721 3156 quid
756 3095 811 3141 et
853 3086 1126 3152 odiosum,
1156 3099 1264 3139 non
1317 3093 1498 3138 tamen
1546 3081 1787 3143 silentio,
1821 3079 1917 3134 sed

336 3183 613 3238 memoria:
683 3182 999 3236 mandatum
1064 3189 1118 3235 et
1167 3182 1233 3235 ad
1295 3178 1519 3250 gloriam
1581 3178 1799 3248 quidem
1865 3185 1918 3229 et

337 3277 552 3332 laudem
587 3277 819 3345 piorum,
851 3274 1090 3330 dedecus
1147 3282 1330 3328 autem
1380 3269 1775 3341 improborum,
1828 3268 1919 3336 qui

336 3366 674 3422 infidelitatis
725 3366 925 3420 malum
988 3379 1204 3435 semper
1270 3370 1569 3417 sectantur.
1625 3360 1763 3415 Cum
1816 3359 1922 3414 hoc

339 3475 552 3515 sacrum
615 3467 670 3515 et
735 3459 1074 3530 impollutam
1149 3471 1348 3525 corpus
1426 3453 1481 3507 in
1558 3452 1922 3506 Gethsemane

336 3550 638 3617 efferretur,
680 3551 772 3605 ubi
808 3549 1063 3621 sepulcro
1093 3546 1230 3602 tradi
1271 3545 1503 3615 Deipara
1550 3544 1665 3612 ipsa
1712 3557 1923 3612 praece-

339 3653 511 3711 perat,
543 3644 763 3708 Iudaeis,
801 3644 895 3713 qui
927 3657 1143 3713 semper
1191 3640 1415 3695 fuerunt
1455 3637 1651 3706 repleti
1688 3635 1914 3700 invidia,

335 3751 405 3789 ne
435 3736 489 3789 in
533 3736 637 3789 hoc
669 3734 889 3805 quidem
937 3731 1212 3789 succurrit
1265 3740 1469 3793 tacere,
1505 3732 1599 3785 sed
1651 3728 1717 3783 ad
1778 3728 1918 3797 ejus,

335 3826 479 3895 quod
513 3827 697 3894 fiebat,
730 3826 1079 3897 splendorem
1126 3824 1382 3879 claudere
1416 3822 1624 3888 oculos,
1658 3829 1712 3876 et
1743 3821 1807 3874 ad
1840 3819 1920 3874 eis

335 3918 585 3972 innatum
639 3927 847 3972 motum
897 3916 1065 3971 animi
1108 3929 1417 3985 erumpere.
1461 3913 1565 3979 Qui
1620 3919 1739 3966 erat
1793 3925 1924 3981 ergo

341 4006 463 4061 aliis
488 4006 731 4061 insanior
764 4015 820 4060 et
870 4005 1258 4076 impudentior,
1293 4005 1338 4058 is
1383 4019 1505 4059 cum
1547 4004 1921 4058 venerandum

338 4107 653 4166 portaretur
710 4097 1017 4166 grabatum,
1054 4095 1107 4149 in
1144 4096 1198 4149 id
1232 4095 1391 4149 irruit
1442 4095 1635 4163 plenus
1679 4095 1923 4149 inconsi-

335 4190 524 4245 derato
553 4190 762 4258 impetu
805 4198 859 4243 et
891 4189 1095 4243 furore.
1146 4187 1277 4258 Ejus
1317 4194 1501 4241 autem
1546 4202 1746 4257 scopus
1781 4194 1920 4250 erat,

340 4286 488 4336 hunc
546 4297 762 4336 sacrum
817 4282 1019 4336 lectum
1059 4284 1112 4333 in
1159 4289 1358 4334 terram
1415 4279 1660 4346 allidere,
1710 4288 1765 4334 et
1824 4280 1920 4334 tali

339 4368 554 4428 adicere
610 4372 831 4441 injuria,
872 4381 931 4426 ut
962 4371 1054 4441 qui
1106 4378 1258 4425 esset
1295 4371 1378 4424 vir
1433 4371 1629 4441 insigni
1675 4370 1923 4426 audacia.

338 4462 460 4518 Non
505 4464 744 4535 neglexit
787 4473 971 4519 autem
1034 4463 1213 4518 divina
1267 4464 1481 4534 justitia
1525 4481 1543 4521 :
1581 4465 1677 4519 sed
1732 4480 1924 4517 manus

338 4570 459 4624 qua:
505 4556 787 4627 grabatum
826 4554 1320 4625 apprehenderant,
1368 4571 1433 4610 ex
1472 4556 1616 4610 ulnis
1668 4556 1921 4626 protinus

338 4648 562 4702 fuerunt
615 4647 897 4705 abscissae.
958 4648 1159 4703 Verum
1220 4662 1340 4717 qua:
1381 4648 1438 4701 in
1491 4656 1649 4717 partu
1723 4648 1920 4718 gaudio

340 4749 513 4795 totum
548 4740 736 4794 orbem
785 4748 1056 4794 terrarum
1108 4740 1432 4810 repleverat,
1487 4754 1599 4792 non
1655 4749 1772 4793 erat
1827 4739 1919 4793 ulli

339 4832 563 4886 omnino
593 4831 647 4885 in
693 4841 875 4887 morte
927 4831 1107 4886 futura
1139 4847 1303 4887 causa
1356 4832 1638 4887 molestia:
1673 4833 1919 4902 Cumque

339 4925 430 4992 qui
467 4938 662 4993 passus
719 4924 919 4987 fuerat,
984 4933 1131 4979 esset
1191 4923 1414 4993 quidem
1464 4923 1765 4993 impmbus,
1812 4939 1921 4977 non

341 5026 522 5067 tamen
568 5015 792 5067 omnino
826 5016 945 5083 ejus
995 5015 1319 5083 improbitas
1379 5013 1656 5068 videretur
1706 5014 1924 5069 insana-

342 5101 487 5162 bilis,
536 5116 602 5154 ex
639 5103 725 5156 his
772 5118 891 5170 qna:
936 5112 1051 5156 erat
1084 5102 1526 5171 passus,justam
1576 5118 1763 5155 eorum
1802 5117 1924 5171 quae

342 5193 485 5248 male
553 5203 820 5256 senserat,
884 5195 1040 5263 petiit
1100 5194 1502 5264 paenitentiam.
1567 5194 1631 5247 Et
1664 5195 1920 5259 quoniam

342 5282 565 5336 carebat
619 5282 892 5344 manibus,
951 5297 1054 5336 nec
1097 5299 1189 5336 eas
1233 5291 1447 5351 poterat
1490 5283 1553 5336 ad
1599 5298 1787 5351 preces
1828 5300 1923 5337 ex-

347 5375 588 5437 tendere,
644 5374 845 5428 emittit
892 5373 1158 5446 lacrymas
1200 5389 1267 5427 ex
1314 5375 1508 5438 oculis,
1557 5383 1612 5428 et
1657 5375 1736 5429 sic
1770 5374 1926 5443 .petit

344 5462 704 5518 curationem.
755 5459 1108 5530 Disciplinam
1173 5473 1379 5528 autent,
1440 5463 1582 5529 vide,
1653 5464 1815 5516 simul
1870 5473 1925 5519 et

346 5554 787 5608 medicationem.
833 5552 1026 5607 Statim
1073 5555 1220 5607 enim
1254 5554 1289 5607 ii
1324 5555 1565 5623 quidem,
1599 5556 1688 5624 qui
1724 5556 1923 5611 lectum

347 5641 616 5709 ferebant,
657 5645 1063 5711 constiterunt;
1092 5644 1304 5699 accedit
1345 5662 1474 5699 vero
1507 5647 1551 5700 is
1596 5648 1687 5715 qui
1733 5662 1926 5717 passus

425 5819 466 5851 "
498 5820 538 5873 ll
572 5821 702 5889 licg.
733 5820 851 5887 vt,i
889 5836 1016 5891 seqq
1067 5837 1082 5889 ;
1122 5819 1183 5875 ΙΙΙ
1215 5820 1344 5894 Reg.
1374 5837 1483 5889 vut,
1514 5823 1544 5877 4
1576 5838 1730 5892 seqq.

2024 1986 2333 2056 exsequias,
2371 1985 2456 2040 vel
2490 1985 2633 2053 quod
2688 1983 2764 2038 ita
2814 1982 3147 2051 contigisset,
3184 1982 3269 2035 Vel
3317 1983 3462 2052 quod
3511 1982 3601 2037 di—

2018 2081 2205 2133 vinum
2263 2079 2333 2131 ita
2391 2077 2720 2145 providisset
2776 2076 3088 2138 consilium,
3145 2082 3204 2128 ut
3249 2084 3381 2129 nota
3449 2083 3599 2129 esset.

2018 2172 2272 2227 omnibus
2330 2170 2619 2225 translatio
2661 2168 3019 2232 admirabilis,
3057 2176 3188 2222 tunc
3233 2178 3289 2223 et
3321 2167 3439 2237 ipse
3468 2168 3596 2237 qui-

2018 2263 2140 2318 dem
2195 2263 2448 2324 accessit,
2498 2269 2571 2325 et,
2605 2270 2664 2315 ut
2711 2270 2794 2316 est
2833 2269 3283 2326 consentaneum,
3340 2276 3598 2331 magnum

2018 2372 2082 2411 ex
2113 2355 2375 2435 eo‘cepit
2416 2354 2683 2421 dolorem,
2742 2353 2888 2424 quod
2945 2354 3080 2409 tanti
3134 2355 3261 2409 boni
3303 2355 3602 2409 mansisset

2017 2463 2232 2517 expers,
2262 2447 2424 2516 idque
2455 2446 2679 2502 omnino
2729 2447 2959 2501 tolerare
2992 2460 3100 2500 non
3150 2455 3386 2515 poterat.
3432 2445 3601 2501 Saetr

2017 2541 2199 2611 itaque
2238 2542 2372 2596 ordo
2411 2540 2777 2610 apostolorum
2807 2554 2917 2593 non
2940 2538 3146 2608 justum
3176 2554 3298 2593 esse
3319 2540 3604 2610 judicans,

2017 2640 2078 2688 ut
2123 2633 2240 2703 ipse
2270 2647 2489 2702 quoque
2530 2629 2805 2685 viviﬁcum
2841 2630 2970 2685 illud
3002 2646 3201 2699 corpus
3237 2646 3344 2685 non
3389 2631 3605 2686 videret

2016 2733 2071 2780 et
2103 2724 2545 2794 amplecteretur,
2596 2722 2753 2792 jubet
2785 2724 2971 2776 statim
3009 2721 3209 2793 aperiri
3260 2722 3599 2793 sepulcrum.

2018 2818 2086 2874 Et
2130 2817 2262 2872 illud
2310 2817 2529 2888 quidem
2575 2817 2679 2871 fuit
2731 2825 3017 2887 apertum;
3074 2816 3364 2872 thesaurus
3413 2827 3596 2871 autem

2017 2924 2359 2979 nequaquam
2417 2918 2535 2964 erat
2578 2908 2634 2963 in
2695 2925 2760 2964 eo
2798 2926 2812 2962 ε
2850 2910 2946 2965 sed
3000 2909 3128 2964 solre
3188 2919 3346 2962 erant
3393 2919 3602 2973 vestes,

2020 3002 2073 3056 in
2125 3001 2322 3072 quibus
2353 3001 2528 3056 fuerat
2556 3003 2826 3064 conditus.
2853 3002 3127 3072 quomodo
3168 3005 3330 3057 etiam
3374 3002 3427 3056 in
3478 3004 3603 3068 eius

2018 3092 2138 3148 Filii
2174 3092 2592 3148 resurrectione.
2626 3093 2771 3158 Quas
2820 3109 2943 3147 cum
3020 3092 3134 3162 ipse
3191 3104 3338 3148 esset
3395 3093 3606 3162 amplc-

1945 3202 1988 3259 c
2024 3200 2165 3249 xns,
2220 3193 2275 3238 et
2314 3186 2406 3253 qui
2463 3200 2585 3238 eum
2652 3199 2719 3238 eo
2765 3184 3012 3246 aderant,
3074 3194 3131 3240 et
3187 3185 3378 3253 repleti
3417 3195 3604 3241 essent

2023 3278 2389 3348 inexplicabili
2419 3279 2585 3334 odore
2631 3288 2684 3331 et
2718 3280 2912 3347 gratia,
2959 3294 3152 3333 rursus
3189 3280 3407 3348 quidem
3447 3281 3604 3335 clau-

2023 3370 2160 3425 dunt
2207 3370 2539 3440 sepulcrum.
2577 3369 2893 3424 Miraculum
2944 3378 3125 3423 autem
3183 3373 3416 3439 posteris
3461 3370 3608 3426 ﬁlius

2024 3480 2052 3519 a
2091 3474 2246 3534 patre
2298 3463 2575 3533 accipiens
2627 3463 2887 3534 deinceps
2936 3463 3136 3530 tradit;
3182 3474 3346 3533 atque
3402 3463 3606 3519 vivifici

2024 3555 2244 3624 quidem
2303 3553 2548 3623 corporis
2609 3554 2809 3608 divinae
2867 3555 3160 3623 sepulturae
3209 3555 3283 3609 ita
3333 3569 3393 3609 se
3439 3553 3606 3608 habet

2025 3645 2288 3698 narratio.
2323 3643 2604 3714 Siquidem
2638 3644 2781 3713 quod
2814 3660 2878 3698 cx
2914 3659 2978 3698 ea
3018 3654 3207 3699 natum
3252 3653 3389 3709 erat,
3434 3654 3604 3699 totam

2025 3752 2144 3791 eam
2198 3735 2435 3791 Verbum
2466 3738 2531 3792 ad
2568 3752 2626 3791 se
2663 3737 2960 3799 transtulit,
3007 3747 3061 3792 et
3096 3736 3263 3792 voluit
3295 3752 3414 3791 eam
3458 3735 3605 3806 apud

2025 3845 2082 3885 se
2112 3839 2167 3884 et
2201 3844 2341 3891 esse,
2380 3838 2435 3884 et
2470 3839 2733 3899 perpetuo
2773 3829 2935 3885 simul
2969 3829 3177 3885 vivere.
3213 3829 3416 3883 Verum
3450 3828 3600 3882 enim

2024 3934 2155 3976 vero
2216 3936 2314 3991 pro
2366 3919 2483 3989 ejus
2537 3920 2821 3990 impolluto
2870 3934 3099 3989 corpore
3165 3935 3319 3975 suam
3371 3928 3604 3983 vestem,

2027 4009 2155 4066 boni
2226 4010 2398 4065 nostri
2469 4026 2718 4080 magnam
2772 4025 2988 4076 semper
3044 4009 3253 4064 ducens
3312 4009 3606 4072 rationem,

2025 4103 2193 4159 veluti
2251 4102 2539 4173 quamdam
2590 4103 2682 4157 dat
2731 4102 2861 4156 huic
2933 4102 3138 4157 civitati
3206 4101 3605 4155 hereditatem.

2027 4194 2491 4261 Quemadmodum
2556 4204 2738 4247 autem
2789 4193 2894 4246 hoc
2963 4192 3167 4246 factum
3216 4191 3309 4260 sit,
3354 4200 3411 4248 et
3468 4207 3609 4262 quo-

2029 4285 2188 4338 modo
2250 4284 2471 4338 beatum
2540 4282 2674 4336 illud
2745 4284 2950 4336 donum
3004 4281 3068 4335 ad
3118 4296 3220 4337 nos
3276 4281 3511 4346 venerit,
3553 4290 3610 4336 et

2029 4384 2380 4431 sacrosancto
2426 4375 2531 4429 hoc
2571 4375 2832 4428 thesauro
2875 4373 3042 4429 ditata
3096 4374 3167 4428 sit
3219 4373 3609 4429 Constantino-

2030 4470 2186 4538 polis,
2231 4470 2341 4537 jam
2396 4467 2692 4522 declarabit
2727 4468 2928 4522 oratio.

2098 4559 2285 4616 XLIV.
2347 4559 2453 4613 Leo
2484 4559 2573 4614 ille
2623 4574 2874 4628 magnus,
2914 4560 3004 4628 qui
3041 4559 3131 4615 illo
3163 4567 3409 4629 tempore
3458 4558 3607 4628 opti-

2030 4665 2117 4703 me
2144 4649 2514 4702 Romanorum
2547 4639 2964 4700 administrabat
2994 4646 3304 4715 imperium,
3335 4645 3473 4702 duos
3504 4647 3608 4702 sub

2029 4757 2087 4795 se
2131 4741 2384 4804 habebat,
2416 4739 2508 4808 qui
2560 4754 2745 4794 curam
2814 4738 3075 4809 gerebant
3120 4738 3392 4792 exercitus
3424 4754 3439 4790 :
3469 4754 3608 4805 quo-

2029 4847 2147 4885 rum
2184 4831 2276 4884 uni
2309 4829 2527 4899 quidem
2564 4834 2682 4883 erat
2712 4843 2909 4882 nomen
2941 4826 3184 4892 Galbius,
3215 4826 3371 4902 alteri
3421 4835 3607 4881 autem

2030 4923 2330 4987 Candidus,
2392 4920 2590 4975 fratres
2645 4935 2862 4989 genere,
2912 4919 3107 4973 fratres
3163 4921 3388 4980 virtute,
3448 4929 3504 4973 et
3547 4930 3610 4975 ut

2031 5016 2203 5072 scmcl
2249 5015 2447 5072 dicam,
2484 5015 2537 5066 in
2592 5013 2807 5067 caeteris
2852 5012 3073 5082 quidem
3141 5011 3297 5066 valde
3362 5011 3609 5083 insignes

2030 5117 2085 5162 et
2126 5107 2311 5176 paucis
2356 5106 2563 5161 similes
2607 5122 2623 5159 :
2668 5105 2764 5160 sed
2819 5120 2989 5159 unum
3051 5105 3132 5159 eis
3178 5105 3386 5171 deerat,
3443 5106 3610 5173 idque

2031 5198 2348 5253 maximum.
2408 5195 2687 5267 Siquidem
2739 5211 2850 5251 non
2885 5203 3092 5250 rectam
3160 5196 3362 5251 habere
3419 5195 3609 5262 ﬁdem,

2030 5299 2115 5345 est
2171 5290 2421 5344 laborare
2475 5290 2528 5343 in
2594 5287 2760 5342 rebus
2835 5287 3089 5341 maximis
3154 5298 3211 5342 et
3283 5287 3605 5357 praecipuis;

2028 5382 2243 5434 Arianae
2289 5379 2431 5433 enim
2466 5380 2635 5449 pestis
2667 5386 2826 5433 erant
2872 5377 3187 5447 participes,
3238 5393 3365 5433 cum
3413 5394 3480 5432 ex
3513 5393 3611 5448 pa-

2029 5480 2185 5525 terna
2226 5470 2364 5525 forte
2403 5468 2689 5523 traditione
2727 5468 2927 5522 malum
2975 5469 3097 5532 hoc,
3153 5477 3410 5538 tanquam
3452 5483 3603 5538 qua:-

2027 5564 2150 5618 dam
2207 5562 2496 5617 hmreditas
2545 5560 2611 5615 ad
2654 5575 2748 5615 eos
2790 5561 3045 5616 venisset.
3085 5560 3417 5616 Dieebantur
3458 5562 3606 5616 enim

2029 5652 2196 5708 fuisse
2250 5652 2484 5723 proximi
2543 5666 2741 5723 genere
2791 5651 3093 5707 Ardaburio
3144 5660 3197 5707 et
3252 5651 3466 5722 Aspari,
3511 5651 3602 5724 qui
