3996 6430
405 443 505 508 591

1475 454 1770 518 ORATIO
1813 459 1910 517 DE
1951 458 2242 518 SANC‘TA
2286 455 2560 519 MARIA.

3546 451 3656 514 ξιδὶ

405 558 512 611 illis
577 562 914 629 temporibus
963 563 1020 616 in
1075 565 1222 635 regia
1272 567 1558 624 obtinuere
1599 570 1937 642 tyrannidem
1975 589 1987 624 :
2026 582 2066 634 Α
2099 580 2320 639 propter
2357 570 2410 624 id
2458 571 2656 634 solum,
2707 569 2848 639 quod
2895 569 2948 624 in
2985 583 3048 623 ea
3086 565 3306 630 latebat,
3341 566 3538 622 domus
3575 566 3674 620 ad-

402 666 541 717 quos
607 666 730 704 cum
781 653 910 708 Ario
966 656 1228 719 sensisse,
1280 668 1468 728 aperte
1525 663 1701 732 arguit
1762 664 1984 718 veritas.

409 739 605 794 Verum
681 743 826 796 enim
903 761 1033 799 vero
1089 745 1339 802 Galbium
1398 759 1453 804 et
1500 749 1830 819 Candidum,
1893 754 1986 822 qui

404 829 609 900 alioqui
660 847 720 886 se
771 845 916 888 recte
969 838 1247 906 gerebant,
1283 848 1339 894 ct
1374 840 1484 895 Deo
1532 842 1840 910 placebant,
1877 861 1987 899 non

405 920 535 973 sivit
592 921 775 976 divina
839 925 1010 993 gratia
1073 943 1179 982 non
1236 943 1357 983 esse
1424 930 1757 987 illuminatos
1809 934 1860 988 in
1923 951 1989 990 eo

405 1010 552 1078 quod
606 1020 692 1066 est
756 1015 1086 1084 prascipuum
1148 1019 1336 1073 salutis
1372 1039 1387 1074 :
1423 1023 1522 1075 sed
1558 1039 1653 1077 eos
1697 1025 1764 1079 ab
1805 1041 1990 1082 errore

404 1103 638 1158 traducit
666 1105 733 1159 ad
769 1107 1074 1174 veritatem,
1105 1111 1244 1164 adeo
1269 1123 1584 1168 constanter
1611 1127 1666 1171 et
1696 1119 1979 1187 stabiliter,

410 1199 469 1242 ut
521 1207 629 1245 non
687 1194 861 1248 solum
913 1209 1059 1250 recte
1091 1213 1152 1252 se
1186 1199 1468 1270 haberent,
1520 1212 1576 1258 et
1627 1206 1724 1259 tuti
1779 1217 1984 1273 essent,

403 1280 549 1348 quod
613 1285 808 1338 attinet
837 1286 902 1338 ad
937 1288 1187 1355 pietatem
1229 1309 1241 1343 :
1291 1294 1385 1347 sed
1437 1295 1600 1350 etiam
1641 1298 1797 1362 alios,
1851 1317 1988 1370 quos

407 1382 641 1427 nossent
672 1389 780 1428 non
830 1388 979 1432 recto
1026 1382 1162 1446 pede
1203 1383 1408 1454 ingredi
1437 1386 1503 1440 ad
1536 1389 1836 1455 veritatem,
1873 1402 1988 1446 stu-

404 1465 599 1520 derent
639 1483 738 1535 pro
782 1469 986 1526 viribus
1017 1473 1252 1538 efﬁcere,
1296 1485 1353 1530 ut
1387 1479 1630 1547 ejusdem
1677 1492 1859 1538 essent
1900 1500 1988 1540 se-

405 1570 531 1609 cum
589 1561 896 1616 sententiae.
934 1564 971 1617 Ii
1006 1579 1127 1620 cum
1164 1568 1256 1637 pie
1307 1583 1492 1626 essent
1542 1573 1739 1640 affecti,
1791 1592 1988 1647 magno

404 1663 622 1717 quoque
659 1661 710 1706 et
746 1655 960 1709 excelso
1011 1659 1194 1714 animo
1241 1676 1300 1716 se
1346 1664 1554 1720 dedunt
1607 1669 1988 1726 misericordia:

408 1743 733 1796 exercenda:
772 1745 826 1798 in
869 1763 1152 1817 pauperes,
1191 1760 1251 1806 ut
1275 1754 1364 1822 qui
1403 1771 1500 1825 pro
1534 1760 1807 1830 agnitione
1839 1764 1986 1818 veri-

410 1830 535 1884 tatis
567 1841 877 1904 satagerent
911 1838 1127 1896 Christo
1161 1845 1385 1900 reddere
1415 1849 1637 1917 gratias.
1667 1852 1983 1908 Castissima

407 1935 538 1990 ergo
589 1921 755 1978 Mater
805 1925 949 1982 illius
1004 1935 1185 2002 magni
1225 1936 1320 1990 Dei
1351 1947 1406 1992 et
1439 1938 1733 1997 Salvatoris
1793 1949 1986 2014 nostri,

407 2025 816 2069 sacrosanctum
900 2019 1234 2090 thesaurum,
1290 2044 1486 2098 nempe
1537 2047 1690 2086 sitam
1759 2046 1986 2103 vestem,

409 2101 602 2158 volens
651 2119 764 2160 sine
792 2106 970 2179 largiri
1006 2111 1233 2178 civitati,
1271 2127 1328 2170 ut
1360 2117 1464 2174 hoc
1495 2120 1604 2183 fiat,
1639 2137 1735 2190 per
1763 2101 1988 2181 dilectos

407 2190 531 2246 illos
565 2193 710 2249 viros
760 2199 1009 2264 providet
1047 2206 1290 2272 quodam
1349 2211 1510 2266 modo
1547 2212 1836 2270 diviniore.
1872 2218 1991 2272 Mo-

405 2280 510 2335 dus
542 2294 720 2340 autem
754 2287 824 2342 ita
860 2289 1019 2346 habet
1050 2309 1063 2346 :

479 2373 636 2430 XLV.
672 2377 922 2436 Immittit
971 2385 1050 2440 eis
1107 2387 1435 2448 desiderium
1491 2398 1751 2456 adorandi
1794 2415 1986 2460 cancta

408 2466 525 2559 loca
562 2483 682 2536 quae
711 2482 839 2527 sunt
893 2474 1296 2550 Hierosolymis.
1333 2485 1487 2550 Quod
1521 2490 1676 2559 plane
1704 2503 1758 2549 et
1788 2495 1855 2550 ab
1882 2497 1985 2554 illis

407 2555 609 2612 factum
649 2569 748 2616 est.
783 2564 1029 2636 Cumque
1060 2568 1230 2626 Leoni
1263 2585 1318 2629 et
1351 2555 1563 2635 Verinae
1595 2598 1709 2636 rem
1741 2589 1987 2653 aperuis-

405 2659 550 2717 sent,
585 2654 903 2714 comitatum
947 2676 1056 2716 non
1108 2665 1363 2736 exiguum
1397 2685 1588 2726 eorum
1641 2674 1984 2736 familiarium

405 2753 462 2798 et
495 2744 791 2802 amicorum
837 2766 1023 2808 secum
1072 2756 1436 2816 adduxerunt.
1473 2763 1608 2820 Cum
1659 2778 1839 2824 autem
1883 2773 1986 2828 iter

407 2833 640 2904 ingressi
671 2850 873 2906 essent,
905 2853 960 2896 et
985 2843 1096 2913 jam
1129 2850 1406 2908 venissent
1429 2853 1791 2926 Palaestinam,
1819 2861 1982 2930 vitim,

406 2927 710 3024 quaeAducit
745 2929 800 2984 in
831 2931 1128 2997 Galilaeam.
1164 2941 1460 3007 praeferunt
1513 2951 1820 3016 maritimae,
1860 2927 1984 3024 plu;

407 3019 484 3074 ris
529 3018 793 3078 facientes
827 3031 1184 3096 contemplari
1227 3035 1494 3092 Nazareth
1537 3053 1588 3096 et
1619 3018 1980 3114 Capernaiim,

408 3127 574 3208 quam
635 3117 924 3174 maritimis
978 3121 1084 3178 frui
1135 3125 1610 3188 delectationibus.
1662 3137 1736 3190 Ex
1788 3140 1986 3208 quibus

404 3207 498 3262 illa
556 3209 778 3279 quidem
837 3211 939 3268 fuit
1001 3229 1214 3272 sacrum
1295 3219 1538 3293 Deiparae
1591 3207 1980 3293 habitaculum,

400 3308 457 3352 et
489 3300 542 3353 in
582 3317 643 3357 ea
673 3305 843 3360 multo
876 3315 1119 3377 tempore
1150 3312 1283 3366 vidit
1317 3313 1485 3369 Deum
1539 3317 1774 3374 Verbum
1819 3337 1884 3375 ex
1925 3338 1982 3378 se

402 3391 684 3460 genitum;
719 3395 836 3451 haec
897 3407 1080 3456 autem
1123 3404 1240 3473 ejus
1281 3404 1374 3460 ﬁlii
1419 3408 1642 3463 charum
1671 3423 1724 3467 et
1748 3429 1981 3471 consue-

404 3493 521 3539 tum
551 3487 938 3547 diversorium.
987 3492 1122 3549 Cum
1175 3496 1261 3552 hic
1296 3514 1425 3570 ergo
1461 3501 1711 3568 fuissent,
1750 3516 1805 3559 ut
1843 3507 1978 3560 dixi-

401 3593 546 3641 mus,
575 3583 833 3650 quoniam
873 3600 979 3639 non
1011 3589 1364 3658 permittebat
1399 3603 1610 3663 tempus
1663 3607 1721 3651 ut
1756 3598 1981 3654 ulterius

402 3674 863 3742 prOgrederentur
893 3677 1032 3750 (jam
1091 3681 1238 3736 enim
1286 3695 1403 3739 erat
1459 3701 1706 3757 vespera,
1765 3699 1820 3744 et
1873 3707 1981 3747 nox

400 3766 669 3831 obscura;
733 3771 1007 3838 provisum
1077 3782 1260 3826 autem
1315 3775 1539 3829 omnino
1596 3778 1696 3832 hoc
1767 3795 1981 3850 quoque

402 3855 582 3912 fuerat
649 3859 969 3933 divinitus),
1002 3864 1156 3918 vicus
1211 3865 1428 3935 quidem
1481 3883 1577 3922 eos
1652 3870 1979 3940 excipiebat,

401 3947 555 4018 isque
591 3966 807 4020 parvus.
837 3953 896 4006 In
941 3970 1007 4009 eo
1057 3964 1239 4010 autem
1302 3957 1619 4012 habitabant
1645 3969 1699 4014 et
1729 3962 1817 4015 alii
1871 3979 1982 4017 non

400 4042 582 4109 pauci,
613 4050 668 4096 et
698 4043 1015 4099 muliercula
1066 4062 1283 4116 quoque
1317 4049 1560 4118 quaedam
1605 4051 1832 4121 insignis
1893 4071 1983 4110 ca-

400 4129 604 4198 stitate,
639 4143 692 4186 et
723 4139 882 4204 plane
945 4137 1322 4193 honestissima
1375 4148 1430 4192 et
1483 4141 1917 4198 moderatissima
1966 4163 1980 4199 :

399 4240 522 4294 qua:
558 4237 783 4295 prepter
827 4230 1156 4298 profundum
1197 4232 1416 4300 quidem
1457 4236 1672 4286 senium
1721 4244 1776 4290 et
1815 4252 1982 4292 canos

400 4319 686 4386 honorata,
735 4321 831 4375 sed
889 4333 1112 4391 propter
1167 4340 1422 4394 magnum
1492 4326 1756 4380 virtutum
1817 4343 1982 4382 orna-

402 4421 649 4466 mentum
691 4413 849 4484 Ionge
883 4415 1204 4470 honoratior
1253 4426 1392 4471 erat.
1424 4418 1579 4485 Apud
1617 4434 1734 4473 eam
1797 4429 1979 4476 autem

398 4504 588 4570 vestis,
643 4505 861 4559 divinus
921 4505 1100 4561 fuerat
1155 4507 1247 4561 hic
1296 4508 1583 4564 thesaurus
1634 4511 1966 4565 reconditus.

2016 1929 2064 1989 B

2012 3271 2054 3329 ο

2101 661 2364 714 mirabilis
2398 677 2410 713 :
2445 660 2645 730 alioqui
2678 666 2857 713 autem
2890 658 3023 712 nihil
3061 658 3293 712 habebat
3346 655 3548 726 magni,
3577 654 3670 708 sed

2097 757 2213 802 erat
2248 749 2408 818 plane
2440 749 2562 802 vilis
2605 755 2661 801 et
2690 749 2919 818 abjecta.
2951 748 3085 802 Cum
3117 764 3209 802 eos
3243 757 3427 801 autem
3459 756 3674 815 tempus

2098 852 2314 894 voearet
2350 841 2415 894 ad
2451 856 2687 903 Cinnam,
2727 841 2817 894 ubi
2858 841 3262 902 accubuissent,
3299 838 3486 892 vident
3531 837 3672 890 inte-

2097 937 2209 988 rius
2242 936 2402 990 aliam
2435 935 2815 990 domunculam
2854 953 2866 988 :
2897 951 3017 1006 quae
3047 936 3217 989 u'mlto
3243 934 3460 1003 quidem
3491 933 3670 986 lucer-

2096 1042 2288 1080 narum
2321 1026 2524 1082 lumine
2547 1027 2940 1090 illustrabatur,
2972 1027 3156 1080 multis
3179 1042 3305 1079 vero
3331 1023 3598 1080 sumtibus
3619 1031 3670 1075 et

2097 1119 2390 1189 unguentis
2427 1133 2591 1173 suave
2620 1118 2860 1187 spirabat
2896 1134 2909 1171 :
2938 1117 2990 1170 in
3026 1133 3087 1171 ea
3128 1125 3308 1171 autem
3351 1115 3507 1170 sitam
3553 1130 3670 1168 ma-

2097 1227 2258 1281 gnam
2292 1219 2621 1280 aegrotorum
2661 1210 3085 1265 multitudinem.
3141 1209 3220 1265 Ex
3269 1225 3374 1278 qua
3429 1207 3670 1262 divinum

2096 1304 2313 1372 quidem
2345 1304 2621 1373 quippiam
2654 1303 3068 1373 suspicabantur
3101 1317 3221 1356 esse
3253 1313 3308 1355 et
3338 1298 3668 1364 venerabile,

2099 1396 2176 1450 rei
2211 1404 2391 1448 tamen
2423 1396 2704 1449 veritatem
2745 1397 2969 1448 omnino
3007 1392 3314 1462 excogitare
3361 1407 3470 1445 non
3519 1400 3670 1459 pote-

2100 1495 2244 1540 ra'nt.
2297 1485 2528 1541 Invitant
2560 1487 2743 1550 itaque
2773 1486 2836 1541 ad
2869 1484 3178 1540 convivium
3206 1484 3473 1553 egregiam
3523 1483 3669 1536 illam

2097 1578 2388 1643 aniculam,
2417 1577 2700 1646 cupientes
2738 1591 2806 1629 ex
2849 1590 2910 1631 ea
2939 1575 3140 1645 aliquid
3181 1575 3321 1629 scire
3349 1574 3488 1644 ejus,
3524 1573 3667 1642 quod

2100 1669 2521 1736 desiderabant;
2568 1668 2658 1722 illa
2695 1676 2874 1722 autem
2922 1667 3026 1721 hoc
3088 1666 3395 1728 recusabat,
3441 1679 3672 1719 causans

2095 1760 2428 1831 religionem,
2457 1770 2511 1816 et
2539 1759 2685 1830 quod
2716 1776 2823 1814 non
2856 1759 2937 1813 fas
2965 1759 3035 1813 sit
3067 1758 3138 1824 ei,
3170 1774 3292 1813 cum
3326 1758 3398 1814 sit
3424 1758 3671 1822 Hebraea,

2094 1852 2238 1905 vesci
2266 1868 2392 1906 cum
2420 1850 2766 1906 Christianis.
2803 1851 2884 1905 Illi
2922 1865 3073 1914 vero,
3127 1865 3250 1904 cum
3290 1859 3512 1919 propter
3563 1864 3649 1905 ma

2090 1958 2251 2011 gnam
2281 1943 2426 1998 sitim
2459 1942 2786 2013 cognitionis
2816 1942 2954 2011 ejus,
2988 1940 3130 2006 quod
3154 1949 3272 1994 erat
3303 1939 3669 2010 propositum,

2093 2035 2226 2088 nihil
2277 2034 2345 2089 de
2411 2049 2684 2104 propenso
2733 2049 2833 2087 suo
2896 2033 3077 2088 studio
3132 2034 3491 2093 remitterent,
3551 2045 3670 2084 eam

2091 2128 2272 2183 adhuc
2334 2127 2566 2181 invitant
2637 2127 2938 2188 ardentius,
2977 2136 3031 2180 et
3085 2126 3229 2178 illius
3275 2140 3382 2178 non
3439 2127 3666 2194 parendi

2089 2219 2402 2288 pertinaciae
2442 2219 2706 2288 objiciunt
2739 2217 2884 2272 aliud
2919 2217 3173 2270 validius:
3209 2215 3372 2281 Quid,
3403 2217 3670 2278 dicentes,

2089 2311 2292 2373 obstat,
2344 2311 2388 2366 si
2436 2326 2560 2364 cum
2613 2318 2668 2363 tu
2725 2309 3002 2380 acceperis
3061 2309 3232 2371 cibos,
3303 2308 3500 2375 quibus
3573 2322 3670 2376 pro

2089 2418 2243 2457 more
2273 2402 2535 2467 vesceris,
2577 2401 2860 2456 nobiscum
2906 2400 3123 2469 quidem
3156 2399 3508 2468 colloquaris,
3553 2400 3667 2454 sola

2089 2505 2268 2549 autem
2301 2494 2409 2547 tuis
2437 2493 2708 2547 alimentis
2754 2492 2967 2548 utaris?
3018 2491 3113 2546 His
3149 2492 3330 2560 itaque
3363 2499 3514 2561 paret
3552 2508 3671 2546 mu-

2089 2587 2210 2648 lier,
2259 2595 2313 2641 et
2344 2585 2713 2655 congreditur.

2158 2677 2368 2736 XLVII.
2399 2678 2685 2748 Postquam
2726 2687 2911 2732 autem
2942 2677 3328 2741 comedissent,
3369 2678 3512 2748 apud
3550 2693 3669 2731 eam

2090 2769 2187 2822 viri
2239 2769 2314 2823 illi
2354 2769 2608 2839 precibus
2652 2778 2900 2839 egerunt,
2930 2777 2989 2822 ut
3013 2768 3090 2822 eis
3124 2768 3178 2822 id
3207 2767 3511 2839 signiﬁcare
3559 2782 3666 2822 nan

2087 2871 2387 2924 recusaret,
2432 2877 2680 2932 quaenam
2722 2871 2908 2916 essent
2954 2877 3015 2915 ea
3067 2877 3186 2931 qua:
3235 2861 3435 2916 fiebant
3478 2862 3530 2915 in
3569 2862 3669 2916 do-

2089 2969 2178 3009 mo
2210 2952 2476 3008 interiori.
2530 2953 2928 3008 Existimabam
2959 2955 3104 3008 enim
3135 2968 3256 3008 esse
3288 2953 3489 3023 aliquid
3521 2953 3668 3024 lega-

2088 3046 2159 3112 le,
2205 3055 2258 3102 et
2306 3062 2371 3102 ex
2415 3046 2799 3100 umbratilibus
2839 3046 2945 3100 illis
2988 3055 3040 3099 et
3077 3046 3372 3100 veteribus.
3433 3045 3524 3100 Illa
3567 3060 3663 3099 au-

2090 3147 2197 3192 tem
2249 3152 2311 3192 ea
2368 3137 2588 3209 quidem
2623 3138 2776 3203 dicit,
2815 3153 2934 3208 qua:
2979 3138 3176 3192 fiebant
3210 3154 3223 3191 :
3259 3153 3475 3192 causam
3519 3153 3666 3200 vero.

2089 3233 2442 3299 quamobrem
2488 3246 2552 3285 ea
2603 3233 2838 3295 fierent,
2889 3230 3115 3286 minime
3183 3230 3542 3301 persuadetur
3609 3238 3668 3285 ut

2088 3322 2320 3391 aperiat.
2381 3322 2588 3378 Videtis
2641 3323 2784 3377 enim
2821 3362 2837 3387 ,
2887 3322 3063 3392 inquit
3093 3365 3106 3388 ,
3142 3338 3175 3376 ο
3239 3323 3340 3377 viri
3411 3323 3668 3390 dignissi-

2087 3413 2184 3476 mi,
2216 3429 2482 3483 mgrorum
2521 3414 2947 3468 multitudinem.
2998 3413 3210 3468 Etenim
3256 3430 3380 3469 cum
3441 3416 3548 3468 Deo
3593 3415 3664 3469 ita

2088 3507 2356 3572 videatur,
2390 3507 2446 3560 in
2481 3507 2585 3561 hoc
2636 3507 2854 3576 quidem
2898 3507 3016 3561 loco
3061 3507 3334 3561 daemones
3386 3506 3667 3575 expellun—

2086 3611 2174 3655 tur
2213 3617 2225 3654 :
2260 3599 2416 3654 caecis
2489 3609 2668 3653 autem
2735 3610 2792 3653 ut
2847 3600 3015 3653 libere
3066 3600 3302 3661 videant,
3353 3599 3558 3654 claudis
3610 3610 3669 3654 ut

2084 3693 2388 3754 ambulent,
2424 3691 2603 3748 surdis
2634 3701 2694 3745 ut
2722 3691 2962 3752 audiant,
2991 3700 3045 3745 et
3069 3692 3234 3745 mutis
3264 3701 3322 3746 ut
3349 3692 3663 3761 loquantur,

2092 3779 2324 3834 eflieilur
2373 3778 2735 3845 mirabiliter;
2784 3787 2838 3833 et
2880 3779 2968 3832 alii
3023 3779 3223 3846 morbi,
3270 3790 3325 3834 et
3374 3796 3663 3849 corporum

2087 3871 2473 3931 inutilationes,
2534 3885 2654 3938 quae
2710 3871 3042 3926 medicorum
3100 3873 3309 3926 artibus
3358 3873 3508 3926 nullo
3555 3874 3668 3935 sint

2098 3962 2260 4016 modo
2286 3959 2658 4026 medicabiles,
2704 3972 2964 4015 curantur
3003 3961 3178 4017 facile.
3201 3963 3275 4016 Illi
3303 3971 3484 4018 autem
3521 3962 3666 4032 (non

2086 4051 2232 4104 enim
2302 4060 2459 4105 erant
2532 4051 2970 4121 imprudentibus
3046 4053 3362 4107 hominibus
3435 4053 3663 4116 similes,

2085 4159 2264 4214 neque
2293 4143 2436 4212 quod
2474 4143 2806 4214 interrogare
2838 4145 3146 4212 oportebat,
3181 4145 3282 4215 ipsi
3316 4160 3423 4214 pra:
3459 4147 3667 4216 simpli-

2084 4236 2244 4289 citate
2285 4236 2812 4305 prtrtermittebant).
2860 4235 3143 4290 Undenam
3196 4251 3354 4298 vero,
3380 4237 3666 4306 rogabant.

2084 4328 2410 4398 principium
2453 4329 2599 4398 cepit
2656 4329 2806 4383 locus
2848 4329 2971 4382 talia
3009 4329 3311 4398 operandi?
3359 4329 3447 4382 Illa
3488 4344 3616 4383 vero
3651 4345 3665 4383 :

2085 4419 2241 4488 Apud
2295 4434 2416 4484 nos,
2463 4418 2659 4489 inquit,
2704 4419 2959 4473 Ilebrmos
2990 4436 3020 4473 a
3056 4420 3302 4489 patribus
3335 4421 3524 4474 tradita
3574 4420 3664 4472 ha-

2096 4509 2256 4563 betur
2306 4509 2568 4573 narratio,
2605 4509 2751 4578 quod
2802 4509 2944 4563 Deus
2996 4511 3049 4562 in
3098 4511 3202 4563 hoc
3243 4510 3360 4565 loco
3407 4511 3554 4566 visus
3595 4511 3666 4565 sit

397 4596 686 4663 Quomodo
733 4615 864 4655 vero
909 4600 1104 4662 fuisset
1142 4600 1227 4654 illa
1277 4611 1438 4657 tanta:
1487 4602 1565 4656 rei
1621 4614 1825 4668 custos,
1878 4606 1983 4660 nisi
2019 4611 2060 4665 D
2091 4600 2307 4652 Cllidam
2342 4615 2408 4656 ex
2451 4601 2700 4669 patribus
2747 4615 2857 4654 :ex
2892 4617 2999 4670 quo
3032 4601 3232 4656 factum
3286 4611 3388 4666 est,
3445 4610 3503 4656 ut
3545 4603 3664 4658 loco

397 4698 455 4745 et
483 4691 746 4746 virtutum
797 4692 991 4748 fuisset
1040 4703 1230 4749 ornata
1261 4695 1691 4764 pulchritudine,
1725 4707 1781 4750 et.
1807 4698 1977 4751 animi

398 4782 672 4850 puritate?
726 4783 1045 4852 Quanquam
1109 4785 1254 4838 enim
1308 4783 1534 4839 Hebraea
1586 4785 1805 4855 quidem
1861 4795 1979 4842 crat

395 4872 488 4926 illa
532 4873 730 4927 mulier
764 4875 884 4943 (est
923 4891 1157 4945 namque
1207 4877 1382 4931 amica
1419 4877 1661 4944 veritasl,
1701 4859 1844 4930 illius
1895 4887 1977 4932 ta-

396 4980 523 5019 men
572 4965 810 5018 animam
847 4965 1022 5020 locum
1069 4968 1324 5032 dixisses,
1353 4968 1444 5037 qui
1477 4979 1562 5023 est
1601 4968 1652 5021 in
1690 4970 1975 5037 prtesentia

392 5055 613 5126 quidem
644 5057 930 5121 obscurus,
983 5069 1142 5128 aptus
1187 5069 1270 5114 est
1308 5069 1490 5114 autem
1534 5059 1602 5114 ad
1647 5061 1827 5114 lumen
1878 5076 1976 5116 ex-

391 5146 734 5217 cipiendum,
767 5157 821 5204 et
867 5150 1022 5206 valde
1049 5150 1514 5205 accommodatus.
1560 5149 1812 5206 Divinum
1848 5168 1976 5206 vero

391 5238 598 5292 eratin
629 5239 975 5314 hocquoque
1023 5251 1211 5310 aperte
1260 5243 1566 5306 consilium,
1600 5253 1658 5297 ut
1692 5259 1779 5298 res
1827 5243 1972 5314 apud

390 5345 514 5384 eam
551 5313 836 5386 mulierem
878 5334 1180 5398 recondita,
1227 5349 1347 5404 quae
1396 5335 1476 5389 sic
1518 5334 1710 5389 affet-ta
1747 5347 1884 5401 erat,
1917 5343 1975 5390 ut

389 5435 512 5476 eam
568 5423 700 5478 totis
763 5423 972 5479 viribus
1011 5426 1193 5480 celare
1261 5426 1524 5492 studeret,
1565 5435 1751 5497 postea
1801 5428 1853 5481 in
1891 5428 1974 5482 Iu-

391 5526 513 5566 cem
544 5513 777 5582 prolata,
811 5517 1073 5586 majorem
1111 5515 1270 5570 fidem
1302 5517 1548 5571 haberet.

467 5605 653 5660 XLVI.
707 5606 841 5662 Vide
900 5624 1048 5680 ergo,
1105 5625 1264 5678 quam
1317 5609 1593 5681 eleganter
1649 5608 1976 5679 processerit

393 5697 642 5754 divinum
691 5700 1006 5755 consilium.
1072 5701 1206 5756 Nam
1275 5703 1417 5771 apud
1476 5717 1594 5756 eam
1665 5700 1972 5768 venientes,

393 5791 744 5862 excipiuntur
785 5793 1020 5863 hospitio
1069 5793 1292 5848 Galbius
1323 5804 1376 5849 et
1422 5793 1698 5850 Candidus
1754 5793 1973 5863 sapien-

397 5889 500 5948 tes,
551 5897 646 5938 eos
696 5883 771 5940 sic
821 5883 1000 5940 divina
1057 5884 1357 5940 (ledueente
1415 5885 1603 5956 gratia.
1664 5883 1788 5940 Erat
1844 5901 1971 5940 vero

2084 4689 2200 4743 lucc
2235 4701 2549 4744 servaretur
2590 4690 2783 4760 gratia.
2822 4690 2946 4745 Ilaec
2992 4706 3113 4744 eum
3151 4707 3213 4744 ea
3253 4691 3475 4754 diceret,
3509 4692 3581 4746 illi
3610 4694 3661 4747 ei

2083 4781 2245 4834 corde
2294 4781 2519 4834 minime
2570 4780 3017 4835 asscntiebantur
3051 4798 3065 4834 :
3104 4781 3199 4835 sed
3247 4781 3530 4836 videbatur
3581 4784 3662 4838 eis

2083 4871 2425 4936 muliercula,
2474 4871 2612 4926 sicut
2656 4886 2741 4925 res
2781 4879 2919 4936 erat,
2958 4871 3320 4940 probabilium
3373 4873 3660 4930 verborum

2081 4964 2307 5034 pulchra
2374 4967 2556 5034 specie
2625 4965 2805 5019 celare
2855 4966 3162 5020 veritatem.
3218 4967 3322 5037 Ipsi
3367 4980 3496 5033 ergo
3540 4983 3661 5021 eam

2079 5057 2296 5126 quidem
2345 5059 2524 5113 adhuc
2573 5060 2833 5128 rogabant
2869 5059 3282 5120 vehementius,
3323 5067 3381 5112 ut
3409 5060 3489 5112 eis
3519 5075 3660 5123 rem,

2080 5159 2140 5202 ut
2171 5163 2230 5202 se
2259 5149 2516 5214 habebat,
2562 5150 2821 5219 aperiret,
2874 5150 3192 5218 respiciens,
3242 5151 3286 5204 si
3320 5150 3452 5204 nihil
3490 5151 3658 5212 aliud.

2079 5238 2319 5294 laborem
2374 5242 2564 5296 saltem
2623 5242 2754 5295 tanti
2807 5241 3039 5307 itineris,
3103 5242 3194 5310 qui
3248 5243 3393 5295 nulla
3443 5243 3548 5295 alia
3591 5243 3660 5297 de

2081 5345 2244 5386 causa
2285 5340 2401 5385 erat
2431 5341 2736 5402 susceptus,
2773 5333 2874 5386 nisi
2909 5342 2968 5387 ut
2997 5333 3246 5387 viderent
3292 5343 3476 5386 sancta
3521 5333 3658 5397 loca,

2078 5434 2132 5479 et
2165 5423 2416 5478 audirent
2442 5438 2504 5478 ea
2533 5440 2653 5494 quae
2681 5441 2710 5478 a
2747 5426 2849 5493 piis
2877 5434 2931 5478 et
2960 5426 3164 5479 sanctis
3194 5424 3452 5479 dicuntur
3480 5425 3658 5480 homi-

2077 5516 2256 5572 nibus.
2286 5517 2374 5571 IIIa
2400 5525 2582 5570 autem
2613 5532 2681 5569 ne
2708 5515 2786 5570 sic
2817 5516 3032 5585 quidem
3057 5499 3304 5581 ceilebal,
3339 5516 3435 5572 sed
3469 5531 3654 5571 mane-

2078 5609 2190 5676 bat,
2237 5617 2296 5662 ut
2353 5617 2636 5676 statuerat,
2691 5619 2941 5679 apertum
3000 5607 3278 5680 religionis
3339 5609 3656 5664 existimans

2077 5715 2198 5755 esse
2255 5700 2511 5765 dedecus,
2560 5700 2604 5755 si
2641 5701 2944 5771 aperiretur
2993 5701 3216 5764 veritas,
3258 5709 3312 5755 et
3362 5700 3549 5755 dicens
3597 5718 3654 5761 se

2077 5793 2213 5847 nihil
2264 5793 2403 5848 scire
2462 5793 2697 5863 amplius
2761 5810 2923 5866 quam
2973 5795 3116 5865 quod
3161 5794 3307 5847 lorus
3356 5792 3422 5847 sit
3466 5795 3655 5862 plenm

2077 5884 2255 5938 divina
2287 5886 2477 5955 gratia.
