3996 6452
320 456 429 519 533

1559 444 1849 509 MENSIS
1887 446 2324 511 AUGUSTUS.

3473 447 3580 512 56‘.

389 565 625 623 XLVIII.
671 565 807 619 Cum
841 570 1022 618 autem
1054 560 1131 616 illi
1166 560 1393 631 pulchre
1428 558 1730 615 sensissent
1775 573 1894 612 eam
1926 560 1973 618 Α
2001 559 2161 617 nobis
2190 568 2525 632 rogantibus.
2576 560 2850 633 Rogamus
2895 577 3044 629 vero,
3072 571 3131 617 ut
3162 560 3493 621 dormiamus
3520 562 3576 615 in

322 660 527 730 optime
559 656 779 727 quidem
811 654 973 719 scire,
1024 653 1200 708 vitare
1244 658 1423 706 autem
1458 663 1529 705 ne
1589 665 1707 704 eam
1756 649 1897 704 scire

321 760 471 807 esset
496 758 764 818 apertum,
794 755 849 800 et
881 747 1003 801 ideo
1036 759 1148 815 prre
1181 758 1240 800 se
1267 744 1413 799 ferre
1472 742 1896 812 ignorationem,

322 843 560 899 evadunt
595 840 865 895 avidiores
905 837 1216 894 inveniendi
1246 837 1386 904 ejus,
1434 834 1579 906 quod
1621 835 1900 905 quaereba-

328 948 433 999 tur,
466 942 521 988 et
556 934 696 987 sicut
727 932 995 999 CleOphas
1023 940 1079 985 et
1108 931 1198 986 ille
1227 930 1365 984 alius
1385 929 1704 999 discipulus,
1735 927 1897 983 corde

325 1034 607 1095 coeperunt
659 1025 850 1078 ardere
866 1025 929 1078 7'.
965 1022 1069 1078 Eos
1100 1023 1246 1077 enim
1284 1021 1446 1093 Virgo
1478 1022 1788 1077 beatissima
1815 1021 1901 1075 in-

327 1120 551 1183 citabat,
581 1119 772 1173 volens
811 1116 1125 1188 Byzantiuis
1168 1116 1415 1172 divinum
1449 1115 1595 1170 hunc
1631 1121 1687 1170 et
1719 1129 1902 1169 sacro-

328 1223 574 1267 sanctum
631 1211 814 1282 largiri
866 1211 1206 1267 thesaurum.
1262 1211 1489 1264 Omnem
1534 1225 1663 1280 ergo
1716 1210 1899 1264 statim

328 1303 618 1359 movebant
641 1302 896 1371 lapidem,
924 1311 985 1357 ut
1012 1303 1229 1367 mulier,
1250 1303 1537 1358 remittens
1565 1301 1899 1356 immobilem

330 1398 471 1450 hanc
501 1398 944 1461 occultationem,
990 1397 1071 1451 eis
1101 1396 1153 1451 id
1187 1396 1332 1466 quod
1366 1403 1631 1462 tacuerat,
1656 1394 1711 1450 in
1742 1410 1902 1463 aper—

328 1502 442 1543 tutn
487 1491 777 1560 proferret.
824 1489 971 1556 Quin
1032 1489 1196 1544 etiam
1245 1488 1603 1559 jurisjurandi
1657 1486 1903 1543 necessi—

329 1592 495 1637 tatem
526 1583 881 1649 adhibebant,
920 1583 1148 1653 ejusque
1189 1583 1325 1638 adeo
1353 1583 1540 1646 validi,
1575 1591 1635 1638 ut
1659 1583 1904 1638 animum

330 1675 583 1743 quamvis
645 1674 1122 1744 inexpugnabilem
1174 1689 1274 1730 suo
1342 1683 1562 1744 possent
1612 1675 1734 1732 loco
1782 1689 1906 1729 mo-

331 1782 482 1822 vere.
535 1766 671 1821 Cum
708 1767 787 1822 sic
835 1782 953 1821 eam
999 1765 1148 1821 omni
1191 1782 1257 1822 ex
1299 1776 1454 1836 parte
1496 1767 1902 1834 astrinxissent,

333 1866 389 1911 et
437 1867 693 1927 tanquam
747 1856 1082 1912 inevitabilia
1120 1857 1170 1913 ei
1206 1858 1419 1913 vincula
1493 1859 1904 1928 imposuissent,

331 1951 425 2006 vix
458 1954 675 2006 tandem
708 1952 1039 2020 persuadent
1091 1960 1153 2007 ut
1200 1953 1284 2008 eis
1336 1968 1455 2010 rem
1502 1954 1731 2023 aperiat.
1772 1954 1910 2009 Cum

336 2047 518 2115 itaque
562 2061 627 2099 cx
675 2048 784 2100 alto
812 2055 1025 2101 etcum
1075 2047 1328 2118 lacrymis
1372 2047 1721 2117 suspirasset,
1770 2055 1825 2102 et
1858 2047 1912 2101 in

337 2147 535 2192 terram
584 2138 792 2192 ﬁxisset
825 2140 1032 2203 oculos,
1075 2139 1303 2209 perinde
1329 2153 1394 2195 ac
1432 2140 1477 2196 si
1518 2155 1638 2194 eam
1685 2140 1915 2210 puderet

336 2229 626 2284 enuntiare
657 2247 671 2281 :
705 2229 749 2284 Ο
780 2229 900 2295 viri,
933 2230 1129 2299 inquit,
1171 2246 1450 2299 nunquam
1486 2233 1539 2286 in
1589 2231 1913 2286 hodiernum

339 2334 512 2388 usque
565 2320 731 2385 diem,
777 2321 1020 2376 divinum
1072 2321 1176 2375 hoc
1211 2324 1527 2393 mysterium
1577 2324 1696 2377 viro
1746 2322 1916 2377 evasit

339 2415 710 2471 manifestum.
754 2416 886 2483 Quae
915 2417 1061 2471 enim
1094 2417 1148 2471 in
1179 2433 1378 2486 genere
1407 2432 1530 2472 meo
1566 2432 1654 2472 me
1680 2430 1914 2486 prteces-

339 2516 551 2572 serunt,
602 2508 962 2578 jurejurando
1017 2511 1279 2577 adhibito,
1323 2511 1414 2565 uni
1464 2510 1700 2574 mulieri,
1756 2511 1915 2580 eique

340 2599 560 2669 virgini,
597 2597 671 2652 ita
704 2598 1063 2665 tradiderunt,
1096 2608 1154 2654 ut
1186 2601 1414 2670 singulis
1449 2602 1699 2656 aetatibus
1731 2616 1795 2655 ea
1825 2617 1913 2656 res

338 2692 418 2747 sic
456 2692 764 2747 traderetur
799 2692 935 2758 ;sed
982 2692 1238 2762 quoniam
1284 2694 1445 2748 video
1475 2709 1570 2749 vos
1602 2709 1723 2749 esse
1770 2695 1917 2750 viros

338 2784 672 2838 reverendus
725 2790 781 2838 et
825 2783 989 2853 pios:
1026 2793 1081 2838 et
1127 2784 1327 2854 alioqui
1354 2784 1513 2854 (nam
1550 2786 1655 2841 hoc
1698 2802 1917 2857 quoque

340 2875 494 2931 vobis
527 2875 881 2943 significabo)
911 2877 979 2931 ad
1024 2893 1111 2931 me
1160 2893 1332 2948 usque
1372 2881 1605 2935 redactae
1649 2891 1779 2935 sunt
1809 2882 1915 2936 mei

338 2971 558 3039 generis
581 2970 819 3034 feminae,
856 2985 956 3027 nec
993 2971 1101 3026 ulla
1122 2982 1372 3039 superest
1408 2974 1511 3028 alia
1544 2984 1668 3044 post
1698 2990 1783 3031 me
1805 2975 1919 3029 vir-

341 3075 431 3131 go,
461 3061 616 3129 cujus
642 3060 765 3115 ﬁdei
792 3076 821 3113 a
847 3077 935 3116 me
972 3062 1122 3117 credi
1163 3064 1331 3132 possit
1376 3065 1618 3134 cognitio
1647 3066 1915 3135 mysterii,

342 3165 458 3206 rem
506 3151 668 3205 modo
709 3151 863 3206 vobis
905 3151 1165 3219 aperiam.
1208 3153 1472 3207 Existimo
1516 3155 1662 3208 enim
1695 3153 1834 3217 fore,
1860 3163 1921 3209 ut

2005 667 2072 707 eo
2102 654 2241 716 loco,
2277 653 2329 706 in
2358 668 2467 722 quo
2508 652 2600 708 hic
2639 653 2858 710 divinus
2892 654 3206 710 reconditus
3238 660 3321 709 est
3364 653 3583 707 thesau-

2005 761 2119 801 rus.
2157 744 2293 799 Cum
2341 746 2444 801 hoe
2483 755 2667 801 autem
2714 747 2895 801 statim
2949 745 3314 802 concessisset
3363 744 3579 809 mulier,

2006 839 2257 909 stragula:
2285 837 2503 907 quidem
2531 846 2710 893 vestes
2734 846 2961 908 portatae
2997 845 3124 894 sunt
3147 837 3201 890 in
3224 851 3348 891 eum
3379 836 3579 891 locum.

2004 929 2086 986 Illi
2112 945 2243 986 vero
2266 946 2376 985 non
2406 945 2465 986 se
2493 944 2684 985 somno
2706 930 2993 994 dederunt,
3048 928 3144 984 sed
3186 943 3313 984 cum
3356 935 3581 981 noctur-

2006 1041 2137 1081 num
2165 1023 2506 1093 accepissent
2547 1021 2845 1085 silentium,
2879 1028 3045 1076 totam
3072 1028 3291 1075 noctem
3324 1034 3581 1090 perseve—

2007 1115 2202 1170 rabant
2231 1116 2286 1169 in
2315 1113 2580 1175 oratione,
2606 1119 2661 1166 et
2689 1126 2815 1167 cum
2848 1111 3101 1181 Iacrymis
3130 1094 3587 1180 agebant‘gratias

2009 1208 2278 1279 Deiparaa,
2319 1206 2464 1275 quod
2511 1206 2711 1263 talibus
2752 1204 3124 1260 auditionibus
3169 1212 3225 1257 et
3265 1199 3590 1271 spectaculis

2008 1304 2155 1374 digni
2179 1311 2362 1358 essent
2384 1301 2577 1357 habiti.
2609 1300 2745 1356 Cum
2775 1306 2957 1353 autem
2989 1311 3084 1352 eos
3109 1294 3201 1366 qui
3222 1293 3584 1365 aegrotabant,

2008 1398 2274 1452 vidissent
2292 1409 2487 1450 somno
2510 1407 2821 1465 oppressos,
2845 1389 3147 1445 metiuntur
3168 1403 3232 1443 ex
3255 1385 3404 1440 omni
3434 1393 3587 1453 parte

2010 1492 2272 1548 ambitum
2306 1504 2467 1553 arcae,
2496 1489 2551 1542 in
2583 1501 2687 1558 qua
2726 1492 2845 1541 erat
2877 1482 3122 1539 divinum
3169 1478 3468 1550 repositum
3505 1477 3591 1529 in-

2010 1588 2331 1644 dumentum
2366 1601 2380 1638 :
2411 1583 2695 1653 ipsamque
2737 1578 2866 1651 ligni
2922 1577 3162 1635 speciem
3201 1580 3257 1628 et
3302 1569 3591 1625 habitudi-

2013 1695 2160 1744 nem,
2191 1694 2258 1733 ex
2286 1690 2394 1747 quo
2423 1682 2538 1730 erat
2558 1688 2705 1739 arca,
2749 1678 3003 1727 accurate
3041 1664 3333 1722 admodum
3382 1672 3436 1716 et
3463 1659 3588 1714 (Ιίιί-

2012 1780 2204 1844 genter
2224 1769 2594 1825 considerant.
2625 1764 2830 1820 Deinde
2860 1775 3020 1817 mane
3055 1756 3279 1831 egressi,
3324 1764 3380 1810 et
3413 1754 3593 1808 hone-

2016 1874 2155 1923 stam
2206 1864 2512 1921 salutarunt
2568 1859 2849 1914 mulierem
2886 1895 2901 1918 ,
2942 1861 2999 1909 et
3042 1866 3165 1907 cum
3211 1855 3492 1919 rogassent
3534 1855 3592 1900 ut

2014 1960 2275 2015 audacter
2304 1957 2541 2028 juberet,
2576 1951 2620 2008 si
2648 1949 2778 2022 quid
2808 1948 2912 2005 sibi
2946 1960 3086 2015 Opus
3110 1950 3256 1999 esset
3279 1937 3590 2008 Hierosoly-

2013 2054 2136 2114 mis,
2165 2067 2224 2108 se
2254 2051 2397 2108 enim
2425 2062 2614 2102 rursus
2632 2047 2697 2100 ad
2728 2044 2900 2114 ipsam
2928 2045 3188 2093 venturos
3223 2049 3322 2103 per
3344 2031 3591 2086 eamdem

2014 2150 2180 2214 viam,
2200 2146 2437 2201 inierunt
2455 2145 2557 2197 iter
2573 2154 2763 2196 versus
2782 2132 3102 2196 Jerusalem,
3124 2143 3248 2185 cum
3269 2125 3355 2181 illa
3371 2123 3597 2179 dixisset

2016 2259 2074 2300 se
2097 2243 2248 2297 nullo
2284 2239 2390 2295 alio
2429 2251 2609 2307 egere,
2646 2234 2754 2288 nisi
2789 2244 2977 2287 eorum
3018 2224 3298 2297 precibus,
3326 2228 3381 2275 et
3408 2227 3462 2273 ut
3502 2230 3596 2271 eos

2016 2351 2208 2393 rursus
2253 2335 2403 2388 laetos
2435 2330 2643 2385 videret
2670 2334 2725 2382 et
2749 2326 2979 2381 alacres.

2090 2429 2155 2483 L.
2182 2425 2319 2481 Cum
2356 2423 2589 2477 fuissent
2622 2419 2804 2488 itaque
2849 2409 3244 2481 Hierosolymis
3284 2403 3509 2460 Galbius
3538 2410 3595 2455 et

2019 2518 2316 2583 Candidus,
2344 2524 2400 2570 et
2427 2513 2625 2584 partim
2670 2508 2890 2579 quidem
2919 2506 3030 2561 Deo
3070 2513 3264 2572 preces
3294 2495 3594 2584 fudissent,

2017 2613 2218 2685 partim
2251 2583 2442 2664 autem,
2481 2601 2812 2675 pauperibus
2860 2606 2915 2652 et
2960 2592 3248 2666 egentibus
3299 2583 3598 2643 liberaliori

2018 2683 2240 2762 dextera
2289 2701 2692 2768 eleemosynam
2744 2692 3082 2761 erogassent,
3137 2689 3354 2738 secrete
3396 2683 3600 2731 vocant

2018 2797 2282 2871 quosdam
2322 2792 2507 2848 fabros
2540 2767 2843 2859 lignarios,
2903 2779 3105 2851 quibus
3158 2774 3371 2846 jubent,
3415 2777 3474 2823 ut
3515 2767 3600 2823 eis

2020 2863 2345 2950 construant
2373 2899 2555 2941 arcam
2593 2889 2648 2936 et
2675 2880 2870 2941 forma,
2909 2883 2964 2929 et
2999 2875 3188 2944 ﬁgura,
3221 2876 3276 2923 et
3320 2863 3599 2935 magnitu-

2020 2987 2149 3061 dine
2180 2983 2281 3045 illi,
2318 2993 2482 3049 quam
2515 2975 2785 3037 viderant,
2822 2969 3079 3030 similem,
3110 2961 3430 3017 mandantes
3459 2968 3602 3028 prae-

2023 3050 2195 3139 terea,
2237 3082 2298 3128 ut
2336 3071 2668 3126 formaretur
2719 3062 2882 3118 etiam
2926 3072 2993 3113 ex
3043 3057 3189 3126 ligno
3240 3050 3435 3115 veteri,
3490 3061 3602 3116 quo

2020 3167 2162 3224 nihil
2211 3165 2267 3219 in
2316 3177 2378 3218 ea
2427 3167 2766 3219 cerneretur,
2818 3150 2962 3223 quod
3002 3164 3116 3203 non
3154 3151 3301 3201 esset
3351 3140 3499 3196 omni
3536 3153 3603 3191 ex

342 3242 488 3310 II“0d
522 3257 553 3295 ει
584 3242 745 3296 ηοδίε
779 3242 1013 3309 dicem".
1049 3245 1190 3314 ³1)ηά
1253 3261 1350 3300 V05
1411 3247 1770 3303 οοηεετνθιίεο
1805 3246 1918 3302 Ma-
1941 3246 1989 3311 C
2021 3268 2179 3332 parte
2234 3256 2413 3312 simile
2466 3251 2758 3323 praedictae.
2797 3244 3121 3315 Exc0gitant
3162 3237 3361 3296 deinde
3395 3230 3602 3301 aliquid

342 3332 438 3386 riae
472 3332 616 3386 illius
644 3332 885 3402 Deiparte
915 3335 933 3403 (
950 3335 1052 3388 hoc
1083 3336 1226 3389 enim
1255 3344 1342 3392 est
1371 3337 1530 3391 nobis
1560 3339 1628 3390 ab
1653 3337 1761 3392 alto
1811 3347 1921 3393 tra-

343 3424 553 3493 ditum)
586 3424 676 3480 hic
706 3426 975 3482 custodita
1009 3428 1112 3482 sita
1157 3437 1238 3483 est
1272 3429 1461 3484 vestis.
1506 3429 1922 3501 Ohstupuerunt

344 3518 446 3571 viri
494 3518 592 3583 illi,
634 3533 758 3574 cum
829 3519 1005 3574 solum
1057 3519 1137 3575 rei
1194 3521 1496 3576 audiissent
1568 3523 1916 3593 principium.

344 3608 551 3665 Deinde
580 3610 845 3680 adjiciens
902 3612 1118 3678 mulier,
1156 3614 1366 3669 Etenim
1403 3615 1539 3680 haec,
1584 3615 1923 3685 inquit,Dei-

344 3719 474 3775 para
520 3703 686 3759 vitam
728 3703 941 3771 finiens,
992 3705 1201 3761 duabus
1258 3707 1580 3763 mulieribus
1619 3709 1923 3779 virginibus

345 3799 481 3853 duas
535 3813 663 3854 suas
709 3807 896 3853 vestes
942 3797 1166 3855 donavit
1214 3801 1332 3856 loco
1384 3802 1806 3867 benedictionis;
1858 3817 1923 3858 ex

346 3891 545 3960 quibus
589 3905 696 3944 una
725 3889 828 3944 fuit
859 3904 922 3943 ex
974 3890 1080 3945 mei
1112 3894 1323 3963 generis
1364 3894 1684 3965 majoribus,
1718 3911 1839 3965 qua:
1871 3895 1925 3950 id

346 3984 578 4052 accepit,
603 3981 749 4051 quod
781 3982 1041 4036 donatum
1070 3983 1267 4049 fuerat,
1294 3995 1349 4040 et
1378 3985 1433 4038 in
1471 4000 1596 4040 arca
1633 3987 1921 4056 deposuit:

345 4082 402 4131 et
429 4074 655 4129 omnino
699 4074 861 4144 jussit
899 4074 969 4129 iis
1016 4077 1109 4145 qui
1142 4084 1301 4130 erant
1348 4078 1430 4132 sui
1466 4080 1702 4148 generis,
1738 4089 1796 4133 ut
1830 4096 1921 4135 es-

345 4176 432 4221 set
451 4167 605 4235 virgo
653 4182 1017 4237 unaquaeque,
1057 4182 1175 4236 quae
1207 4182 1325 4222 eam
1353 4170 1646 4238 acciperet.
1679 4171 1772 4224 Est
1795 4187 1924 4243 ergo

345 4272 470 4312 arca
507 4258 784 4313 recondita
817 4260 871 4313 in
905 4260 1166 4314 interiore
1192 4260 1376 4325 domo,
1403 4278 1565 4332 quam
1598 4281 1745 4321 nunc
1777 4268 1926 4321 vide-

346 4352 418 4407 tis
448 4367 464 4408 :
496 4362 552 4405 et
586 4367 707 4421 quae
742 4351 797 4406 in
865 4368 927 4407 ea
975 4363 1059 4409 est
1087 4355 1277 4416 vestis,
1324 4365 1407 4410 est
1442 4371 1605 4411 causa
1657 4362 1927 4426 omnium,

344 4457 465 4515 qua:
483 4441 639 4509 fiunt,
656 4445 1060 4501 miraculorum.
1085 4443 1229 4512 Haec,
1243 4461 1276 4500 ο
1299 4446 1420 4509 viri,
1442 4456 1522 4503 est
1541 4464 1668 4503 vera
1685 4454 1926 4508 narratio

345 4538 466 4607 ejus
495 4540 639 4610 quod
676 4555 707 4594 a
738 4540 896 4595 vobis
937 4540 1197 4610 quaeritur
1231 4558 1245 4595 :
1297 4549 1354 4596 et
1387 4542 1603 4598 videte.
1634 4550 1694 4599 ut
1727 4550 1796 4600 ad
1827 4562 1924 4602 vos

347 4645 519 4700 usque
558 4631 733 4687 soltnn
783 4632 1013 4688 deducta
1048 4634 1120 4688 sit
1163 4635 1423 4705 cognitio,
1474 4646 1530 4693 et
1576 4652 1740 4693 nemo
1785 4639 1923 4695 sciat

346 4738 412 4777 ex
462 4724 528 4778 iis
573 4724 851 4790 omnibus,
912 4725 1002 4795 qui
1031 4734 1158 4781 sunt
1207 4726 1615 4799 Hierosolymis.

415 4814 604 4869 XLIX.
645 4815 782 4871 Cum
824 4817 942 4871 hcce
980 4818 1279 4884 audisSent,
1325 4820 1502 4875 adhuc
1532 4823 1702 4895 major
1742 4833 1924 4881 metus

344 4903 492 4960 viros
552 4905 720 4959 subiit
763 4913 819 4961 et
870 4898 1076 4961 laetitia.
1144 4906 1320 4962 Metus
1394 4911 1637 4979 quidem.
1700 4923 1925 4983 pr0pter

346 4997 774 5066 magnitudinem
825 5013 1015 5052 eorum
1060 5013 1182 5067 quae
1220 5000 1405 5055 audita
1431 5000 1651 5057 fuerant
1683 5021 1696 5057 :
1735 5005 1924 5061 Izetitia

345 5095 551 5150 autem,
581 5087 726 5156 quod
754 5099 941 5143 essent
969 5089 1264 5159 participes
1315 5092 1504 5146 talium
1550 5106 1923 5153 sacramento-

345 5195 487 5235 rum.
520 5179 662 5247 Quid
686 5195 817 5250 ergo
855 5182 1118 5252 deinceps
1151 5186 1545 5255 consequitur?
1569 5185 1687 5242 Viri
1712 5190 1925 5260 seipsos

344 5274 496 5329 humi
546 5273 841 5345 dejieiunt,
872 5284 929 5331 et
988 5276 1157 5346 pedes
1202 5277 1349 5333 illius
1401 5279 1870 5348 deprehensantes
1905 5324 1920 5349 ,

344 5364 482 5421 Nulli
505 5366 747 5436 quidem,
771 5367 1045 5438 inquiunt,
1063 5383 1127 5423 ex
1150 5370 1217 5425 iis
1243 5371 1336 5441 qui
1359 5380 1487 5427 sunt
1509 5371 1921 5447 Hierosolymis,

343 5467 531 5514 notum
563 5459 668 5514 erit
697 5460 754 5515 id
786 5460 931 5530 quod
974 5461 1133 5516 nobis
1171 5462 1378 5517 dictum
1419 5472 1541 5530 est,‘
1569 5481 1641 5520 ne
1687 5468 1921 5535 dubites,

342 5555 592 5623 domina;
624 5556 899 5612 dominam
933 5558 1079 5613 enim
1127 5558 1234 5629 jam
1278 5567 1333 5614 te
1369 5574 1645 5626 vocamus,
1683 5578 1804 5632 quae
1848 5565 1923 5620 sis

344 5646 545 5702 talibus
586 5649 805 5720 dignata
850 5650 1158 5722 mysteriis;
1186 5651 1356 5721 ipsam
1407 5653 1504 5708 tibi
1542 5653 1704 5721 hujus
1735 5656 1811 5710 rei
1843 5664 1922 5710 te-

346 5742 480 5792 stem
512 5740 743 5796 citamus
773 5744 1076 5813 Deiparam.
1108 5747 1288 5801 Unum
1318 5755 1495 5801 autem
1525 5747 1666 5804 aliud
1689 5750 1925 5805 cottcedc

421 5918 467 5949 "
496 5918 626 5971 Luc.
659 5934 805 5986 ntv,
832 5924 924 5977 '52.

2024 3327 2171 3408 aliud
2200 3349 2459 3403 idoneum
2488 3343 2556 3399 ad
2587 3340 2876 3397 celandum
2922 3337 2975 3390 id
3014 3332 3157 3405 quod
3182 3338 3303 3385 erat
3334 3327 3601 3381 futurum.

2018 3448 2361 3514 .Comparant
2415 3438 2516 3495 sibi
2575 3444 2825 3491 auratum
2864 3427 3210 3501 operculum,
3265 3429 3325 3476 ut
3363 3434 3428 3474 eo
3477 3427 3602 3470 arca

2027 3506 2322 3611 tegeretur.
2354 3535 2653 3602 Postquam
2686 3533 2868 3581 autem
2898 3529 2955 3577 et
2982 3517 3249 3591 precatio,
3281 3522 3337 3568 et
3360 3506 3605 3611 erogatio

2024 3595 2114 3685 ei;
2154 3626 2285 3682 satis
2314 3625 2455 3680 bene
2505 3595 2708 3676 habere
2759 3615 2872 3669 visa
2909 3611 3033 3673 fuit,
3086 3623 3151 3663 eo
3182 3610 3426 3672 accepto,
3459 3595 3605 3668 quod

2024 3719 2205 3776 fuerat
2255 3715 2637 3777 fabrefactum,
2688 3707 2924 3764 redeunt
2953 3702 3009 3757 in
3039 3700 3220 3755 vicum
3250 3694 3367 3751 sani
3402 3699 3457 3746 et
3489 3688 3604 3743 ala-

2025 3829 2149 3870 cres
2187 3831 2202 3866 :
2249 3808 2699 3873 aromatibusque
2730 3809 2784 3855 et
2819 3795 3094 3853 sullitibus
3120 3789 3260 3861 aptis
3293 3786 3359 3840 ad
3392 3781 3605 3838 sacriﬁ-

2027 3907 2196 3972 cium,
2238 3900 2611 3958 venerandam
2647 3898 2855 3950 donant
2903 3888 3214 3943 mulierem.
3255 3881 3329 3935 Et
3359 3876 3448 3931 illa
3484 3872 3608 3943 qui-

2025 3998 2146 4052 dem
2173 4007 2367 4050 rursus
2393 3993 2558 4054 viros,
2591 3997 2850 4055 tanquam
2886 3979 2987 4035 sibi
3024 3974 3337 4033 familiares,
3367 3964 3608 4039 jucunde

2028 4086 2346 4158 accipit.llli
2379 4092 2562 4138 autem
2597 4091 2786 4132 rursus
2803 4074 2870 4129 ab
2900 4086 2965 4127 ea
2998 4075 3217 4139 petunt,
3249 4060 3395 4133 quod
3426 4058 3601 4129 prius,

2026 4192 2087 4239 ut
2127 4180 2334 4238 scilicet
2364 4179 2415 4232 in
2441 4190 2596 4231 sacro
2624 4167 2935 4225 habitacqu
2968 4170 3138 4217 totam
3168 4166 3386 4213 noctem
3428 4161 3609 4206 trans-

2026 4276 2257 4348 igerent.
2324 4270 2418 4324 lIla
2459 4281 2588 4323 vero
2636 4276 2828 4318 rursus
2872 4269 3091 4325 quoque
3139 4247 3432 4321 permittit,
3469 4241 3607 4297 nihil

2026 4339 2252 4425 ovmnino
2292 4360 2600 4430 suSpicans.
2634 4354 2737 4421 Qui
2772 4348 3024 4423 ingressi,
3067 4356 3281 4401 summo
3330 4339 3443 4393 Otio
3486 4344 3607 4388 ute-

2030 4464 2229 4517 bantur
2258 4455 2516 4527 precibus
2558 4449 2625 4505 ad
2656 4446 3009 4514 inculpatam,
3045 4449 3102 4494 et
3135 4436 3202 4491 ab
3233 4432 3384 4489 omni
3416 4444 3609 4499 repre-

2032 4553 2301 4616 hensione
2323 4547 2558 4601 alienam
2587 4540 2677 4595 Dei
2705 4538 2959 4601 Matrem,
2985 4546 3079 4586 eas
3112 4539 3366 4597 tanquam
3394 4532 3608 4577 sacram

2031 4646 2265 4703 hostiam
2296 4635 2549 4708 lacrymis
2579 4633 2780 4703 pingue
2811 4628 3074 4684 facientes
3102 4641 3116 4677 :
3143 4619 3262 4676 Non
3292 4620 3609 4688 ignoramus

2028 4751 2129 4792 nos
2160 4730 2305 4788 servi
2352 4704 2453 4793 tui,
2479 4724 2746 4785 dicentes,
2785 4735 2819 4774 o
2850 4712 3212 4777 divinissima,
3244 4719 3299 4764 et
3335 4709 3389 4761 in
3418 4704 3612 4776 primis

2026 4824 2256 4884 illustris
2285 4820 2535 4883 Domina,
2571 4827 2819 4886 qumnam
2869 4810 2997 4866 olim
3027 4806 3151 4863 Ozte
3177 4802 3482 4860 evenerint,
3511 4796 3606 4865 qui

2026 4933 2193 4975 ausus
2219 4924 2302 4970 est
2324 4923 2544 4982 tangere
2569 4921 2772 4971 arcam,
2798 4918 2917 4973 quae
2938 4907 3057 4955 erat
3084 4895 3384 4954 secundum
3409 4893 3609 4962 legem.

2026 5008 2310 5079 Quomodo
2353 5019 2484 5076 ergo
2514 5016 2638 5066 nos,
2668 4999 2759 5069 qui
2790 5011 2982 5052 sumus
3007 4992 3196 5047 multis
3226 4985 3444 5043 obnoxii
3478 4996 3607 5053 pec-

2027 5105 2185 5169 catis,
2236 5111 2288 5156 te
2320 5075 2437 5154 non
2475 5095 2725 5166 iubente,
2760 5090 2877 5145 ausi
2922 5087 3186 5144 fuerimus
3206 5082 3442 5138 divinam
3462 5075 3606 5131 hanc

2024 5167 2207 5253 arcam
2250 5190 2475 5246 omnino
2520 5194 2769 5255 tangere,
2809 5181 2953 5235 intra
2994 5189 3160 5246 quam
3199 5180 3283 5227 est
3314 5169 3438 5224 talis
3487 5167 3610 5221 the-

2030 5301 2223 5346 saurus
2269 5281 2549 5353 repositus
2590 5283 2687 5332 :et
2736 5287 2847 5328 non
2876 5269 3054 5326 solum
3105 5275 3329 5334 tangere
3360 5256 3609 5331 profanis

2026 5378 2302 5441 manibus,
2338 5372 2434 5428 sed
2496 5369 2659 5425 etiam
2707 5380 2829 5422 eam
2883 5362 2991 5418 alio
3024 5354 3363 5415 transferre?
3408 5355 3607 5407 Annue

2028 5486 2155 5543 ergo
2192 5464 2461 5524 voluntati
2506 5469 2822 5517 nostrarum
2870 5455 3198 5515 animarum,
3247 5464 3280 5504 ο
3311 5446 3440 5500 1)οηί
3480 5442 3601 5543 Filii

2026 5530 2170 5616 bona
2202 5556 2396 5611 Mater.
2432 5550 2514 5607 Ad
2563 5557 2714 5603 tuam
2752 5544 2899 5602 enim
2926 5542 3211 5597 civitatem
3257 5543 3341 5590 est
3372 5530 3606 5589 transla-

2028 5653 2128 5720 tio,
2154 5665 2275 5722 quaa
2304 5654 2388 5703 est
2412 5644 2656 5700 omnium
2680 5640 2906 5696 aliarum
2937 5633 3163 5706 Regina,
3195 5638 3250 5684 et
3281 5634 3334 5683 te
3388 5639 3609 5691 semper

2031 5717 2226 5818 magno
2274 5737 2457 5796 studio
2504 5734 2695 5791 statuit
2744 5732 3037 5786 honorare.
3087 5723 3164 5780 Ad
3197 5736 3318 5778 eam
3349 5734 3453 5776 nos
3500 5717 3610 5771 hoc
