3996 6428
362 354 467 415 565

1459 350 1935 414 MARTYRIUM
1980 351 2042 413 S.
2088 353 2518 415 MAMANTIS.

3513 343 3643 404 ᾖξ’ὃε

358 466 601 522 divinum
638 463 843 519 donum
886 469 1173 533 exportare
1199 462 1513 527 statuimus,
1557 464 1625 518 ad
1655 464 1773 533 ejus
1810 470 1950 518 tute-
1977 463 2025 524 Α
2053 480 2184 519 num
2214 460 2557 537 mysterium,
2592 462 2697 518 fuit
2726 477 2946 532 semper
2988 476 3176 516 revera
3207 457 3549 530 mysterium.

361 561 471 613 iam
496 565 553 611 et
582 556 835 625 gloriam,
889 571 1011 625 qua:
1045 570 1329 625 nunquam
1355 556 1752 628 exstinguatur.
1818 554 1943 610 time

362 659 476 705 tota
506 657 670 703 nocte
696 648 948 704 dicentes
992 647 1046 702 in
1076 648 1342 713 oratione,
1381 657 1436 701 et
1482 650 1655 703 Solum
1689 649 1942 720 lacrymis

360 736 811 802 nradet'aeientes,
856 744 1083 805 repente
1132 734 1425 803 implentur
1467 734 1683 800 ﬁducia,
1723 735 1942 801 fiducia,

358 830 610 897 inquam.
643 834 1055 895 contemperata
1084 824 1416 879 reverentia.
1455 824 1655 879 Deinde
1688 826 1756 879 ad
1801 825 1943 880 divi-

359 935 489 974 nam
517 918 783 972 accedunt
810 932 1013 978 aream,
1037 916 1197 970 simul
1226 915 1346 969 laeto
1373 924 1427 970 et
1451 923 1715 971 tremente
1736 917 1941 980 animo,

359 1023 416 1065 et
460 1026 586 1065 cum
634 1024 849 1076 omnes,
903 1010 994 1078 qui
1047 1008 1158 1063 illic
1201 1018 1381 1074 erant,
1424 1008 1665 1065 efﬁceret
1716 1026 1946 1066 somnus

360 1100 517 1155 nullo
550 1115 718 1154 sensu
746 1098 1009 1169 praeditos
1063 1100 1119 1171 (ο
1146 1099 1336 1154 beatas
1383 1114 1600 1165 manus,
1636 1116 1668 1155 ο
1714 1100 1942 1167 furtum,

360 1192 418 1246 in
449 1190 595 1259 quod
618 1190 763 1244 nulla
803 1198 987 1260 potest
1024 1189 1250 1244 omnino
1279 1190 1477 1246 cadere
1520 1192 1874 1262 reprehensio
1901 1191 1942 1260 !)

360 1283 510 1338 banc
546 1281 825 1352 accipiunt
864 1282 947 1336 eis
985 1297 1204 1351 quoque
1237 1282 1468 1338 omnino
1511 1283 1614 1339 hac
1663 1283 1718 1338 in
1759 1299 1819 1338 re
1859 1283 1944 1339 fa-

359 1383 533 1429 vente
562 1374 754 1445 gratia.
792 1371 859 1427 Et
883 1389 1003 1428 eam
1033 1372 1253 1443 quidem
1286 1373 1365 1428 sic
1398 1374 1595 1429 tollunt
1625 1392 1637 1427 :
1662 1383 1946 1444 apponunt

363 1476 577 1531 autem,
618 1480 782 1536 quam
817 1464 1212 1537 Hierosolymis
1258 1464 1324 1519 ad
1353 1465 1474 1536 ejus
1526 1465 1943 1521 similitudinem

362 1557 616 1612 fabricati
656 1556 898 1621 fuerant,
929 1572 1055 1612 cum
1085 1557 1136 1611 ei
1163 1556 1329 1612 etiam
1360 1556 1750 1627 imposuissent
1781 1573 1946 1628 oper-

362 1649 572 1706 culum.
613 1648 770 1716 Quod
797 1649 1018 1718 quidem
1049 1659 1167 1704 erat
1197 1666 1452 1719 aureum,
1486 1659 1545 1706 ut
1576 1651 1836 1708 diximus.

436 1735 524 1791 LI.
585 1735 722 1792 Cum
786 1737 1027 1806 primum
1088 1746 1271 1792 autem
1340 1738 1630 1803 illuxisset,
1695 1751 1939 1794 sanctam

364 1829 653 1884 mulierem
690 1828 911 1898 quidem
938 1829 1138 1898 jubent
1172 1830 1374 1895 valere,
1405 1839 1461 1885 et
1524 1838 1714 1900 rogant
1744 1839 1803 1883 ut
1835 1845 1943 1884 non
1971 1813 2020 1874 B

365 1927 548 1975 cesset
573 1934 674 1990 pro
708 1919 788 1974 eis
817 1934 997 1984 orare,
1029 1928 1083 1973 et
1109 1934 1297 1974 eorum
1332 1919 1513 1975 facere
1545 1935 1947 1975 commemora-

366 2012 601 2069 tionem.
652 2012 859 2066 Deinde
893 2011 944 2066 ei
984 2026 1201 2081 quoque
1240 2011 1411 2081 digito
1451 2011 1749 2066 ostendunt
1786 2027 1947 2082 oper-

364 2104 576 2168 culum,
601 2103 758 2174 quasi
784 2118 969 2158 veram
998 2103 1144 2157 illam
1176 2111 1382 2174 tegeret
1405 2112 1459 2157 et
1481 2104 1713 2173 primam
1743 2120 1946 2171 arcam,

366 2194 519 2263 quod
568 2192 784 2248 mulieri
838 2208 1051 2263 quoque
1105 2191 1282 2248 visum
1335 2201 1419 2247 est
1469 2194 1536 2246 ab
1584 2192 1690 2248 illis
1726 2195 1946 2250 allatum

367 2298 495 2339 esse
544 2283 769 2339 honoris
802 2282 1000 2354 gratia.
1031 2283 1098 2339 Et
1145 2299 1268 2339 cum
1304 2292 1562 2354 praeterea
1599 2285 1663 2339 iis
1689 2286 1782 2355 qui
1831 2285 1950 2342 fue-

368 2387 499 2431 rant
591 2375 843 2441 inventi,
914 2376 1252 2456 pauperibns
1324 2377 1766 2448 suppeditassent
1829 2394 1950 2448 quae

369 2477 527 2522 erant
583 2468 914 2531 necessaria,
946 2468 1104 2522 valde
1155 2470 1258 2523 laati
1290 2469 1544 2538 protinus
1581 2469 1685 2523 iter
1717 2470 1948 2541 ingressi

368 2567 522 2625 sunt,
563 2561 787 2614 domum
839 2560 1135 2615 reversuri.
1190 2562 1482 2631 Postquam
1537 2571 1723 2617 autem
1765 2564 1949 2618 venis-

370 2664 499 2712 sent
549 2654 890 2727 Byzantium,
940 2671 1051 2709 non
1103 2656 1398 2710 honestum
1448 2671 1569 2711 esse
1615 2665 1945 2721 statuerunt,

370 2746 442 2801 iis
488 2747 583 2816 qui
622 2746 718 2801 illo
763 2754 1011 2816 tempore
1062 2755 1242 2812 erant,
1291 2746 1717 2816 imperatoribus
1748 2756 1949 2819 myste-

370 2839 515 2893 rium
559 2838 714 2908 prius
764 2838 1193 2904 communicare,
1241 2854 1405 2908 quam
1461 2838 1809 2908 patriarchae.
1846 2838 1950 2894 Eos

370 2930 774 3005 enim'subibat
826 2930 1008 2994 timor,
1061 2947 1130 2986 ne
1163 2931 1307 3001 quod
1350 2930 1452 3000 ipsi
1493 2938 1651 2986 suum
1695 2947 1817 2987 esse
1856 2933 1953 2987 bo-

370 3037 507 3076 num
540 3030 870 3085 statuerant,
905 3011 971 3076 eo
1014 3022 1081 3077 ab
1116 3022 1222 3076 illis
1252 3023 1622 3093 privarentur.
1657 3025 1789 3080 Cum
1821 3041 1951 3095 ergo

370 3114 545 3169 multa
614 3114 1045 3178 consultassent,
1108 3114 1189 3169 eis
1256 3116 1372 3170 lucc
1431 3116 1546 3171 visa
1598 3126 1682 3172 est
1743 3118 1951 3187 optima

371 3205 671 3270 sententia,
726 3205 960 3260 latenter
1021 3222 1116 3260 eos
1147 3206 1215 3261 ad
1268 3207 1374 3262 hoc
1423 3225 1644 3280 quoque
1697 3219 1956 3267 monente

368 3296 629 3366 Deipara.
665 3297 799 3351 Erat
846 3297 928 3352 eis
977 3298 1242 3367 praedium
1284 3299 1427 3369 apud
1467 3316 1654 3358 muros
1697 3303 1957 3368 civitatis,

370 3392 742 3463 prepinqunm
786 3391 983 3445 marini
1034 3392 1188 3448 sinus
1237 3394 1425 3448 cornui
1461 3395 1614 3463 (huic
1674 3396 1795 3450 loco
1859 3412 1959 3450 no-

373 3499 504 3543 men
556 3491 677 3537 erat
732 3483 1138 3548 Blacchernae).
1173 3482 1231 3538 In
1271 3499 1339 3539 eo
1392 3492 1688 3539 exstruunt
1737 3486 1955 3555 quidem

373 3576 601 3629 domum
647 3575 966 3629 oratoriam.
1006 3575 1141 3643 Cum
1193 3584 1374 3630 autem
1426 3576 1507 3630 eis
1558 3592 1769 3648 magna:
1811 3587 1960 3633 esset

376 3683 524 3724 curae
559 3678 618 3722 ut
645 3667 920 3737 naterent,
966 3667 1115 3723 Petri
1160 3670 1535 3738 apostolurum
1600 3671 1865 3741 principis
1905 3679 1961 3726 et

377 3759 543 3816 Ilarci
577 3760 803 3816 domum
842 3760 1154 3816 nominant.
1194 3760 1330 3816 Cum
1371 3763 1426 3815 in
1461 3777 1527 3816 eo
1562 3758 1709 3816 certe
1744 3778 1961 3818 sacrum

378 3852 534 3907 illum
563 3854 883 3908 thesaurum
918 3853 1254 3924 posuissent,
1296 3868 1462 3907 omne
1493 3853 1673 3909 statim
1720 3856 1959 3911 studium

376 3944 768 4011 adhibuerunt,
791 3945 928 4000 utin
950 3946 1153 4016 templo
1180 3955 1327 4002 esset
1351 3955 1616 4016 perpetua
1641 3948 1957 4019 hymnodia,

374 4044 678 4106 perpetuus
710 4035 850 4092 odor
886 4046 1214 4105 aromatum,
1270 4045 1327 4093 et
1390 4037 1646 4094 assiduus
1697 4038 1958 4106 splendor

373 4128 667 4183 luminum.
705 4126 773 4184 Et
800 4129 880 4184 sic
915 4130 1136 4200 quidem
1180 4129 1343 4201 longe
1396 4138 1641 4186 temnere
1679 4129 1785 4184 hoc
1818 4129 1959 4185 divi-

1980 3178 2027 3240 ϐ

2121 556 2231 612 Lll.
2271 555 2542 623 Quoniam
2588 562 2770 610 autem
2805 553 2878 619 ei,
2911 569 3031 623 qum
3068 569 3165 623 per
3215 552 3395 622 ipsum
3450 550 3623 603 bono-

2044 649 2286 712 rabatur,
2343 655 2398 701 et
2448 648 2607 718 cujus
2658 654 2777 701 erat
2813 645 2904 701 ille
2963 644 3220 710 amictus,
3274 643 3469 698 visum»
3517 650 3623 706 est,

2048 750 2260 797 tantum
2301 740 2507 794 bonum
2550 739 2617 795 ad
2658 740 2806 794 solos
2844 738 2985 794 duos
3038 744 3208 793 testes
3249 750 3361 789 non
3418 734 3627 791 debere

2046 834 2321 899 contrahi,
2370 840 2428 886 et
2490 842 2749 901 tanquam
2812 830 3088 900 profundo
3151 828 3336 898 aliquo
3403 826 3624 897 contegi

2046 924 2285 988 silentio,
2326 932 2382 978 et
2432 937 2752 979 communes
2800 921 3020 977 divitias
3071 934 3194 974 esse
3248 933 3449 973 eorum
3504 926 3629 973 tan-

2049 1026 2164 1071 tum
2227 1016 2504 1088 proprias,
2561 1023 2617 1071 et
2683 1014 2961 1071 communi
3024 1012 3185 1083 epulo
3236 1027 3331 1067 eos
3365 1026 3427 1066 se
3483 1011 3643 1066 solos.

2047 1109 2269 1179 explere
2301 1124 2316 1162 :
2344 1116 2525 1162 movet
2566 1107 2714 1178 ipsos
2743 1106 2811 1162 ad
2863 1106 2916 1161 id
2955 1104 3103 1176 quod
3155 1112 3461 1165 tacuerant,
3500 1118 3630 1172 pro-

2045 1201 2328 1257 ferendum
2364 1200 2420 1255 in
2451 1198 2626 1254 lucem
2660 1216 2676 1255 :
2705 1208 2760 1254 et
2803 1199 3148 1263 accedentes,
3186 1195 3519 1250 annuntiant
3551 1192 3620 1248 iis

2046 1295 2137 1364 qui
2191 1302 2321 1349 tunc
2366 1302 2544 1360 erant,
2586 1291 3034 1362 imperatoribus,
3079 1297 3135 1343 et
3170 1288 3428 1358 aperiunt
3466 1285 3631 1356 quale

2045 1389 2121 1444 sit
2142 1386 2489 1451 miraculum,
2512 1394 2569 1440 et
2591 1379 3355 1453 declarantquemadmodnm
3393 1378 3464 1432 sit
3496 1377 3633 1431 allao

2049 1488 2182 1535 tum.
2224 1480 2331 1535 Eos
2385 1486 2590 1543 autem,
2625 1493 2751 1532 cum
2781 1474 3105 1536 audiisscnt,
3141 1487 3397 1542 magnum
3433 1466 3633 1523 invasit

2045 1572 2320 1643 gaudium,
2394 1579 2449 1627 et
2498 1570 2753 1640 protinus
2800 1566 2861 1622 ﬁt
2909 1564 3210 1636 publicum,
3261 1562 3403 1632 quod
3458 1560 3611 1615 [uera

2046 1666 2340 1725 occultum.
2376 1663 2442 1718 Et
2467 1662 2619 1718 beati
2650 1661 2868 1731 quidem
2898 1658 3040 1712 inter
3066 1670 3257 1711 omnes
3311 1660 3635 1724 repntantttr

2046 1757 2273 1814 Galbius
2306 1763 2363 1811 et
2411 1752 2692 1809 Candidus
2735 1758 2961 1821 propter
2992 1746 3099 1801 tale
3150 1742 3544 1807 ministerium,
3580 1746 3637 1794 et

2051 1851 2283 1925 publicis
2317 1843 3016 1903 honorantur'honoribus.
3054 1840 3245 1894 Divina
3276 1844 3460 1925 autem
3492 1834 3635 1889 aedes

2051 1923 2106 1995 in
2159 1954 2226 1994 eo
2276 1937 2397 1992 loco
2448 1933 2613 2004 regiis
2655 1930 2921 2001 impensis
2982 1929 3227 1998 Deipara:
3280 1923 3582 1980 aedificatur
3615 1939 3634 1977 :

2051 2040 2107 2087 et
2147 2044 2309 2100 capsa
2353 2044 2420 2083 ex
2466 2032 2689 2097 argento
2737 2032 2792 2078 θι
2839 2037 2979 2077 auro
3011 2028 3346 2085 constructa,
3412 2031 3629 2073 sacrum

2050 2125 2202 2181 illum
2236 2123 2552 2178 thesaurum
2595 2117 2798 2187 excipit
2832 2133 2848 2170 :
2881 2115 3133 2187 plurimis
3166 2112 3290 2167 aliis
3318 2109 3637 2165 muneribus

2053 2226 2107 2273 et
2157 2214 2316 2270 donis
2365 2212 2563 2267 domus
2605 2210 2928 2264 honoratur.
2979 2204 3092 2260 Leo
3146 2219 3276 2259 vero
3330 2211 3385 2257 et
3435 2198 3637 2255 Veriua

2055 2307 2129 2380 (ii
2165 2304 2310 2360 enim
2352 2312 2482 2358 tunc
2528 2297 2892 2370 imperabant;
2950 2309 3183 2366 quorum
3234 2300 3483 2362 tempore
3531 2288 3639 2342 hoc

2050 2413 2269 2471 quoque
2307 2408 2564 2465 magnum
2589 2400 2645 2445 et
2674 2390 2951 2444 revelatur
2981 2385 3322 2458 mysterium,
3351 2392 3405 2437 et
3430 2382 3497 2436 ad
3549 2394 3637 2433 re-

2052 2490 2192 2563 giam
2245 2486 2435 2542 urbem
2462 2480 2818 2553 exportatur)
2843 2494 2966 2533 cum
2996 2478 3224 2546 pulchre
3248 2483 3302 2529 et
3327 2474 3417 2545 pie
3461 2473 3638 2540 impe-

2050 2587 2280 2645 rassent,
2301 2576 2589 2633 etGalbius
2614 2583 2669 2629 et
2688 2569 3098 2640 Candidus,fqui
3135 2568 3238 2622 hoc
3274 2565 3637 2621 ministerium

2052 2670 2426 2743 pulcherrime
2478 2666 2759 2728 obierunt,
2834 2660 3242 2715 transferuntur
3332 2662 3521 2725 postea
3570 2652 3638 2706 ad

2053 2761 2319 2820 senectuti
2350 2774 2462 2814 non
2491 2756 2782 2813 obnoxiam
2824 2755 2948 2807 vita:
2981 2750 3377 2807 conditionem.

2126 2855 2261 2911 Llll.
2305 2853 2443 2907 Cum
2481 2865 2612 2918 ergo
2643 2850 2758 2904 haec
2791 2861 2946 2902 sacra
2979 2860 3104 2898 arca
3145 2841 3302 2895 nobis
3331 2837 3636 2898 contineat,

2055 2962 2162 3001 non
2218 2944 2480 3015 quasdam
2520 2942 2756 3001 tabulas.
2794 2954 2959 2993 manu
2994 2935 3227 2991 Mosaica
3273 2932 3487 3003 politas,
3542 2928 3637 2983 sed

2056 3045 2262 3092 vestem
2315 3035 2479 3104 plane
2533 3030 2796 3095 divinam,
2860 3039 2916 3084 et
2974 3040 3188 3083 summe
3246 3020 3636 3085 venerandam,

2058 3141 2178 3197 quae
2217 3138 2331 3179 non
2394 3123 2573 3177 solum
2635 3123 3024 3175 intemeratum
3082 3123 3136 3171 et
3189 3117 3257 3169 ab
3308 3111 3458 3168 omni
3516 3110 3639 3163 labe

2060 3218 2304 3271 alienum
2358 3227 2559 3283 corpus
2613 3211 2772 3274 texit,
2834 3208 2928 3264 sed
2983 3208 3036 3262 in
3091 3222 3197 3277 qua
3236 3206 3330 3277 (ut
3383 3201 3639 3257 audacter

2060 3307 2276 3379 dicam)
2317 3322 2443 3361 cum
2485 3315 2632 3360 esset
2666 3302 2869 3369 infans,
2905 3302 3049 3355 Deus
3082 3298 3323 3353 Verbum
3356 3295 3457 3349 fuit
3486 3293 3640 3348 invo-

2061 3403 2211 3466 lutus
2249 3407 2308 3454 et
2346 3406 2586 3452 auctus:
2618 3395 2757 3449 adeo
2808 3400 2869 3447 ut
2912 3406 2980 3445 ea
3032 3405 3175 3458 Saepe
3226 3398 3520 3454 conspersa
3571 3382 3642 3436 sit

2060 3492 2228 3566 guttis
2264 3488 2424 3545 lactis
2470 3485 2819 3549 venerabilis,
2867 3498 2976 3553 quo
3016 3480 3257 3535 nutritus
3308 3477 3408 3531 fuit
3470 3475 3518 3528 is
3551 3473 3641 3540 qui

2062 3594 2145 3641 est
2187 3585 2433 3638 omnium
2478 3579 2802 3633 alimentum
2849 3584 2905 3631 et
2956 3575 3097 3639 vita;
3139 3572 3206 3627 ad
3250 3586 3367 3626 eam
3417 3567 3640 3639 quidem

2058 3691 2190 3731 vere
2223 3671 2549 3732 laudandam
2596 3669 2748 3724 nulla
2804 3667 3007 3723 subicit
3052 3664 3249 3722 oratio.
3285 3662 3411 3717 Sola
3456 3668 3638 3714 autem

2059 3765 2357 3837 gratiarum
2410 3760 2629 3815 actione
2690 3774 2780 3815 res
2829 3766 2911 3814 est
2966 3753 3376 3828 prosequenda,
3428 3759 3483 3805 et
3537 3747 3638 3817 ipsi

2058 3856 2306 3928 Deiparae
2353 3860 2485 3908 sunt
2516 3851 2739 3922 agendae
2794 3848 3001 3921 gratiae,
3039 3855 3095 3902 et
3139 3845 3260 3915 ejus
3313 3842 3452 3898 Filio
3487 3856 3639 3895 eom—

2058 3948 2214 4004 muni
2261 3946 2531 4002 Salvatori
2578 3953 2638 3999 et
2688 3943 2846 4014 Regi,
2901 3940 2994 4011 qui
3043 3939 3231 3994 omnia
3278 3935 3346 3991 ad
3397 3943 3639 3988 nostram

2062 4039 2354 4095 utilitatem
2385 4045 2441 4091 et
2476 4036 2706 4090 salutem
2734 4033 3043 4104 dispensat.
3078 4028 3139 4084 Ei
3171 4027 3338 4100 gloria
3371 4033 3427 4082 et
3453 4032 3644 4093 poten-

2068 4131 2140 4185 tia
2166 4144 2315 4185 nunc
2340 4136 2395 4184 et
2419 4143 2656 4199 semper,
2685 4135 2740 4181 et
2768 4125 2822 4179 in
2845 4124 3043 4180 saecula
3072 4121 3415 4178 saeculorum.
3444 4117 3638 4169 Amen.

1578 4586 2464 4704 MARTYRIUM

738 4841 897 4997 s.
1044 4835 2052 4996 MARTYRIS
2203 4831 3265 4995 MAMANTIS.

871 5109 1072 5173 (Latine
1095 5113 1227 5177 apud
1251 5112 1453 5166 Surium
1485 5116 1545 5167 ad
1576 5115 1711 5166 diem
1735 5115 1790 5165 ιτ
1820 5113 2050 5176 Augusti.
2080 5138 2143 5149 —-
2174 5111 2340 5161 Graeca
2368 5121 2462 5158 non
2497 5110 2765 5157 occurrunt
2796 5103 2842 5152 in
2865 5116 2966 5151 mss
3014 5101 3168 5151 Paris.

444 5446 491 5503 l.
523 5444 751 5513 Hamas,
770 5459 1000 5516 magnus
1023 5454 1081 5502 et
1115 5446 1347 5519 insignis
1376 5454 1581 5520 martyr
1601 5447 1824 5508 Christi.
1867 5461 1964 5517 pa—
1994 5446 2040 5502 ι)
2069 5447 2173 5502 orti
2202 5452 2388 5501 essent
2426 5458 2491 5499 ex
2568 5440 2834 5512 patriciis,
2854 5449 2910 5495 et
2938 5438 3031 5508 qui
3068 5450 3174 5491 non
3210 5431 3384 5489 solum
3422 5431 3473 5486 in
3507 5429 3650 5494 ﬁliis,

376 5540 543 5596 triam
585 5536 808 5608 quidem
842 5537 1036 5594 habuit
1086 5538 1515 5611 Paphlagoniam
1570 5546 1733 5596 :erat
1775 5547 1960 5594 autem

376 5630 559 5686 clarus
610 5638 668 5684 et
732 5628 934 5699 pietate
967 5638 1024 5686 et
1078 5645 1297 5702 genere.
1319 5630 1457 5686 Nam
1499 5639 1615 5686 erat
1661 5628 1710 5685 ei
1740 5628 1962 5699 quidem

376 5730 535 5791 pater
565 5720 904 5787 Theodotus,
927 5731 1099 5778 mater
1124 5737 1252 5779 vero
1289 5721 1525 5788 Balline,
1546 5722 1808 5793 religione
1838 5721 1961 5791 qui-

376 5811 503 5868 dem
565 5812 726 5869 ambo
787 5812 991 5882 ﬁdeles,
1031 5829 1230 5885 genere
1260 5824 1440 5872 autem
1483 5814 1743 5886 insignes,
1769 5823 1827 5868 ut
1868 5816 1959 5883 qui

2070 5536 2166 5592 sed
2199 5535 2364 5591 etiam
2404 5533 2460 5587 in
2486 5530 2743 5586 omnibus
2762 5529 2856 5600 qui
2887 5536 3045 5583 erant
3067 5526 3149 5580 sui
3179 5522 3413 5595 generis,
3432 5536 3648 5577 conser-

2074 5636 2269 5683 varent
2332 5620 2790 5684 nobilitatem.Hi.
2810 5636 2934 5676 cum
2964 5626 3111 5675 esset
3136 5617 3429 5672 vehemens
3460 5628 3650 5667 eorum

2069 5735 2224 5776 amor
2255 5719 2309 5773 in
2335 5716 2632 5787 Christum,
2654 5723 2710 5770 et
2736 5730 2840 5770 nec
2869 5721 3093 5783 possent
3121 5709 3340 5779 quidem
3375 5707 3650 5762 internum

2069 5813 2350 5872 continere
2379 5810 2710 5870 desiderium
2748 5825 2762 5865 :
2794 5807 2887 5865 sed
2941 5814 2995 5862 ct
3052 5805 3219 5860 libere
3264 5800 3652 5874 proﬁterentur
