3996 6462
335 356 441 420 567

1582 366 1743 426 ΜΕΝ
1751 367 1870 428 SIS
1910 367 2338 438 AUGUSTUS.

3479 386 3587 446 563

337 469 613 540 pietatem,
643 475 700 525 et
748 470 946 527 multos
973 472 1042 527 ad
1093 487 1211 528 eam
1233 473 1552 540 excitarent,
1591 488 1918 533 accusantur
1947 482 1994 540 A
2024 482 2260 552 Rufllna,
2287 492 2364 551 et,
2397 487 2507 542 voti
2542 486 2686 546 facta
2742 507 2986 562 compos,
3033 495 3261 565 perinde
3299 514 3364 550 ac
3404 515 3592 568 preces

341 561 486 626 apud
534 561 921 629 Alexandrum,
957 564 1050 631 qui
1097 574 1226 620 tunc
1249 575 1367 621 erat
1405 576 1611 638 legatus
1679 570 1911 625 civitatis

338 649 589 724 Gangrae,
610 661 662 708 et
691 655 778 708 cui
819 654 1127 708 mandatum
1179 655 1438 713 fueratab
1469 659 1820 728 lmperatore,
1852 671 1912 716 ut

334 743 558 799 deorum
589 745 808 814 quidem
835 747 1039 800 cultum
1070 749 1217 802 omni
1249 750 1431 804 studio
1463 762 1685 821 angeret
1718 765 1772 808 et
1821 770 1916 808 ex-

337 837 553 890 tolleret
587 854 600 889 :
635 838 728 903 qui
757 838 1136 893 invenirentur
1169 851 1373 908 autem,
1393 843 1737 900 Christianos
1766 848 1909 902 mul-

337 929 406 981 tis
439 926 734 995 subjiceret
789 929 1254 998 suppliciis.Quod
1290 935 1334 987 si
1367 934 1424 987 in
1457 951 1554 989 sua
1586 951 1906 1008 persevera-

331 1026 455 1071 rent
510 1017 789 1089 religione,
823 1020 984 1074 etiam
1022 1024 1185 1078 morti
1228 1024 1484 1081 traderet.

405 1155 467 1208 ll.
505 1155 812 1212 Alexander
846 1175 974 1229 ergo
1009 1161 1251 1218 divinum
1291 1164 1658 1235 Theodotum,
1706 1170 1912 1240 produ~

331 1258 482 1300 ctum
513 1261 638 1304 ante
682 1267 841 1307 suum
893 1254 1387 1327 tribunal,cogehat
1413 1262 1717 1317 sacriﬁcare
1745 1263 1919 1329 simus

328 1337 510 1392 lacris.
540 1340 647 1395 Sed
683 1341 773 1396 ille
817 1359 887 1399 ne
912 1361 1104 1401 aurem
1138 1349 1356 1417 quidem
1387 1353 1661 1421 praebebat
1695 1355 1761 1412 iis
1791 1373 1913 1426 quae

329 1430 930 1506 dicebaritur.I.-cgatus
959 1447 1165 1508 autem,
1195 1458 1318 1498 cum
1353 1454 1500 1500 esset
1531 1457 1752 1516 paratus
1785 1467 1911 1505 eum

328 1524 544 1592 punire,
589 1528 982 1597 prohibebatur
1041 1547 1073 1586 a
1121 1534 1382 1605 dignitate
1430 1550 1744 1608 parentum.
1789 1543 1910 1599 Non

327 1617 473 1670 enim
510 1619 559 1672 ei
589 1621 1004 1689 permittebatur
1027 1630 1353 1685 contumelia
1375 1630 1588 1688 allicere
1611 1635 1755 1691 ﬁlios
1808 1653 1908 1706 pa-

329 1708 628 1777 triciorum,
658 1713 762 1768 nisi
814 1713 1107 1785 imperator
1129 1716 1486 1789 permitteret.
1506 1721 1642 1780 Eum
1728 1727 1911 1797 itaque

328 1802 495 1856 mittit
526 1802 581 1856 in
633 1805 986 1877 Cappadociae
1018 1811 1319 1868 Caesaream
1342 1815 1406 1870 ad
1440 1814 1702 1872 Faustum
1765 1835 1908 1890 prae-
1935 1814 1985 1873 B

325 1893 519 1953 sitiem.
549 1895 968 1971 llleautem,qui
997 1920 1104 1973 quo
1134 1915 1254 1960 erat
1287 1906 1338 1959 in
1372 1908 1654 1977 impietate
1705 1911 1910 1966 arden-

328 1985 452 2048 tior,
489 2002 556 2041 eo
609 1998 726 2042 erat
779 1994 992 2057 saevior,
1037 2011 1162 2050 cum
1210 1999 1906 2070 accepissetTheodotum,

323 2090 448 2130 eum
479 2079 661 2133 statim
689 2082 925 2151 conjecit
981 2086 1034 2140 in
1059 2101 1347 2142 carcerem.
1380 2089 1511 2160 Ejus
1545 2109 1673 2148 vero
1711 2095 1909 2166 conjux

324 2167 428 2220 etsi
503 2179 648 2224 esset
699 2175 918 2242 gravida
953 2215 968 2240 ,
1018 2179 1272 2234 maritum
1335 2191 1515 2239 tamen
1570 2196 1653 2240 est
1700 2198 1908 2256 secuta,

324 2266 380 2311 et
411 2274 534 2314 cum
582 2263 864 2320 Theodoto
893 2267 1228 2339 ingrediente
1275 2287 1576 2344 carcerem,
1628 2295 1734 2335 una
1763 2297 1902 2353 quo-

324 2366 432 2419 que
472 2360 555 2408 est
602 2355 1098 2427 ingressa.lnterim
1129 2373 1312 2419 autem
1365 2365 1496 2421 dum
1525 2369 1686 2425 simul
1741 2375 1906 2446 dege-

324 2453 471 2509 rent,
517 2444 830 2504 Theodotus
863 2460 918 2506 et
967 2455 1148 2519 sciens
1173 2458 1354 2513 carnis
1381 2444 1833 2532 imbecillitatem,
1853 2477 1908 2523 et

324 2548 434 2588 non
503 2534 754 2606 ignorans
796 2545 1010 2614 tyranni
1066 2546 1354 2611 saevitiam,
1404 2552 1684 2608 statuitad
1732 2556 1904 2611 Deum

322 2626 616 2698 confugere
647 2647 662 2686 :
686 2648 846 2702 quem
876 2637 1295 2704 precabatur,ut
1319 2641 1433 2710 ipse
1453 2646 1635 2713 potius
1664 2663 1906 2705 morere—

322 2725 412 2770 tur
459 2733 583 2774 cum
645 2736 846 2788 uxore,
895 2740 1056 2795 quam
1117 2728 1321 2799 aliquid
1376 2733 1648 2791 accideret
1714 2752 1904 2794 eorum

320 2819 509 2864 mente
596 2811 902 2884 indignum,
985 2817 1113 2872 dum
1174 2836 1282 2876 non
1351 2835 1577 2892 possent
1631 2829 1906 2886 sustinere

321 2903 724 2960 vehementiam
779 2909 1196 2979 suppliciorum.
1240 2915 1406 2970 Deum
1444 2919 1626 2988 itaque
1658 2923 1902 2993 rogabat,

318 2991 555 3048 dicens:
601 2995 828 3052 Domine
888 2999 1032 3054 υνυς
1089 3003 1372 3070 virtutum,
1423 3008 1604 3064 dilecti
1657 2991 1776 3066 Filii
1827 3014 1902 3067 tui

319 3079 502 3149 Pater,
563 3085 655 3141 tibi
715 3088 1000 3154 benedico,
1061 3103 1114 3148 et
1139 3105 1190 3149 te
1243 3097 1503 3165 gloriﬁco,
1557 3103 1702 3172 quod
1735 3105 1817 3159 vel
1851 3108 1902 3160 in

319 3191 539 3233 carcere
568 3179 810 3237 habitare
838 3195 1058 3254 propter
1088 3203 1286 3244 nomen
1333 3200 1485 3249 tuum
1538 3211 1657 3250 sum
1705 3199 1905 3253 conde:

319 3279 559 3325 miratus.
578 3270 681 3328 Sed
703 3282 752 3328 te
771 3290 920 3346 rogo,
951 3278 1194 3346 Domine,
1233 3284 1450 3355 suscipe
1468 3287 1706 3344 animam
1726 3307 1900 3347 meam

317 3358 374 3412 in
424 3359 509 3416 his
572 3364 950 3431 vinculis,qui
1000 3385 1173 3424 meam
1235 3376 1376 3429 nosti
1429 3375 1854 3436 imbecillitatem
1887 3422 1902 3447 ,

316 3466 388 3506 ne
430 3452 720 3523 aliquando
761 3457 823 3510 in
860 3473 943 3513 me
995 3461 1257 3532 glorietur
1302 3466 1580 3524 inimicus.
1629 3471 1753 3526 llaec
1775 3489 1903 3544 ergo

317 3545 366 3602 is
419 3556 506 3603 est
547 3561 823 3619 precatus.
869 3551 970 3618 Qui
1015 3572 1144 3612 vero
1179 3558 1334 3613 ﬁnxit
1379 3561 1695 3634 singulatim
1738 3568 1900 3623 corda

316 3647 523 3704 nostra,
555 3640 650 3710 qui
697 3642 951 3715 intelligit
1009 3649 1197 3702 omnia
1261 3664 1426 3719 opera
1466 3662 1674 3719 nostra,
1716 3665 1902 3712 mente

317 3737 445 3784 ante
475 3745 639 3802 Opera
664 3745 936 3806 suscepta,
956 3749 1077 3808 post
1098 3741 1259 3795 finem
1295 3743 1573 3808 orationis,
1591 3745 1642 3798 ei
1669 3758 1897 3803 mortem

315 3820 474 3878 affert
490 3826 765 3896 evestigio.
782 3828 956 3898 Atque
973 3833 1050 3886 sic
1066 3833 1286 3903 quidem
1310 3839 1542 3894 excessit
1561 3838 1898 3912 Theodotus,

317 3925 546 3982 corpore
576 3925 795 3972 mortuo
823 3919 1014 3975 relicto
1049 3922 1104 3976 in
1138 3925 1407 3979 custodia.

383 4045 472 4102 Ill.
540 4049 750 4121 Conjux
805 4061 985 4107 autem
1036 4055 1154 4125 ejus
1239 4057 1488 4126 Bufl‘ma,
1525 4078 1635 4118 non
1715 4063 1897 4120 ferens

316 4139 672 4197 aﬁlictionem
704 4145 961 4208 careeris,
983 4163 1106 4202 cum
1133 4150 1248 4219 ipsa
1273 4167 1489 4221 quoque
1512 4154 1898 4226 intempestive

314 4232 621 4302 peperisset
658 4234 853 4298 ﬁlium,
891 4248 1078 4308 utpote
1127 4242 1272 4309 quod
1322 4260 1511 4314 magna
1553 4247 1639 4300 illa
1677 4248 1895 4306 afflictio

313 4322 688 4390 effecisset,ut
711 4339 929 4396 pareret
961 4339 1159 4398 praeter
1179 4341 1450 4400 naturam,
1495 4337 1897 4396 distrahebatur

314 4414 500 4468 multis
533 4431 599 4470 ac
630 4419 794 4474 variis
824 4420 989 4475 animi
1016 4425 1542 4492 perturbationibus.
1593 4432 1723 4486 Eam
1768 4449 1891 4506 gra-

313 4505 453 4559 viter
510 4508 741 4579 angebat
783 4527 932 4566 mors
976 4515 1181 4583 mariti,
1208 4519 1526 4585 premebant
1564 4505 1896 4593 gravissima:

312 4597 381 4650 de
429 4597 639 4655 infante
725 4602 1146 4670 sollicitudines,
1183 4618 1241 4664 et
1298 4613 1546 4680 praesidis
1601 4616 1894 4674 crudelitas

313 4687 585 4746 efficiebat
611 4701 672 4747 ut
718 4704 964 4752 extrema
1000 4699 1216 4755 timeret
1236 4710 1292 4756 et
1316 4707 1800 4774 contremisceret;
1839 4718 1894 4764 et

311 4790 496 4834 tamen
553 4799 585 4838 a
620 4785 773 4840 nullo
804 4786 1002 4843 horum
1050 4789 1390 4858 vincebatur,
1414 4797 1506 4850 sed
1541 4795 1651 4851 Deo
1673 4798 1892 4867 quidem

311 4873 578 4932 infantem
659 4884 1024 4939 commendat
1065 4894 1130 4941 et.
1178 4888 1431 4952 dedicat;
1530 4892 1644 4960 ipsa
1708 4905 1892 4950 autem

311 4971 560 5027 assidens
584 4975 765 5031 mariti
799 4978 1068 5048 reliquiis,
1091 4989 1146 5035 et
1176 4984 1370 5051 partim
1398 4986 1619 5054 quidem
1669 4988 1894 5042 misera-

311 5063 494 5117 biliter
525 5063 729 5120 deﬂens
761 5068 1132 5136 solitudinem,
1163 5074 1362 5142 partim
1401 5082 1584 5130 autem
1627 5092 1736 5132 non
1771 5093 1894 5134 sus~

311 5154 492 5211 tinens
520 5157 735 5229 conjugi
769 5161 1014 5218 relictam
1046 5178 1169 5219 esse
1205 5168 1584 5236 superstitem,
1613 5170 1669 5225 in
1716 5171 1892 5241 lacry-

311 5246 417 5301 mis
493 5255 549 5302 et
595 5251 848 5321 suspiriis
899 5253 1017 5309 haec
1067 5256 1284 5312 dicebat
1332 5257 1485 5312 Deo:
1529 5257 1631 5325 Qui
1686 5261 1890 5317 ﬁnxisti

310 5340 610 5408 hominem,
636 5353 687 5398 et
748 5359 815 5399 ex
847 5346 968 5416 ejus
1011 5347 1179 5403 latere
1235 5350 1403 5406 Evam
1473 5367 1533 5408 es
1566 5353 1887 5420 fabricatus,

311 5435 552 5491 concede
600 5444 657 5492 ut
691 5452 790 5508 ego
830 5453 1048 5509 quoque
1088 5442 1276 5496 eadem
1321 5445 1406 5498 via
1455 5445 1734 5514 ingrediar
1782 5462 1888 5516 qua

310 5527 539 5582 maritus
563 5535 620 5582 et
657 5528 883 5586 liberata
909 5532 979 5586 ab
1026 5531 1112 5586 his
1157 5535 1320 5590 rebus
1358 5537 1580 5592 caducis
1611 5546 1666 5593 et
1703 5536 1888 5604 fluxis,

313 5625 588 5676 transeam
629 5623 696 5678 ad
732 5639 795 5680 ea
830 5641 950 5695 qua:
999 5635 1129 5682 sunt
1175 5629 1320 5698 apud
1366 5638 1418 5684 te
1449 5631 1798 5686 tabernacula
1833 5642 1889 5688 et

315 5713 651 5779 mansiones,
731 5732 851 5787 qua:
933 5729 1061 5776 sunt
1134 5731 1352 5778 aeterna:
1442 5733 1498 5779 et
1613 5727 1668 5780 in
1753 5742 1888 5796 quas

318 5812 426 5853 non
501 5804 647 5857 cadit
713 5808 982 5868 interitus.
1040 5813 1168 5870 Haec
1256 5815 1422 5872 Deum
1499 5826 1725 5888 precata.
1801 5833 1886 5880 est

2017 590 2382 647 consequens,
2411 578 2526 648 ipsa
2551 595 2769 652 quoque
2803 584 3021 640 decedit

2087 668 2178 723 IV.
2216 669 2290 724 Ea
2322 684 2454 742 ergo
2496 670 2726 726 beatum
2776 674 2909 729 illud
2962 677 3028 729 ad
3057 675 3227 732 Deum
3264 679 3368 734 iter
3410 681 3593 750 ingre-

2017 761 2225 828 diente,
2257 761 2406 816 solus
2445 762 2626 818 infans
2662 765 2875 834 jacebat
2917 769 3072 824 vivus
3115 771 3258 825 inter
3297 784 3586 842 parentum

2015 854 2296 923 reliquias.
2334 855 2595 910 Protinus
2629 869 2812 912 autem
2857 863 3103 930 quaedam
3141 863 3321 917 divina
3366 865 3504 918 visio
3535 865 3588 918 in

2016 945 2204 1000 habitu
2238 955 2292 1002 et
2313 947 2482 1019 ﬁgura
2519 947 2904 1015 adolescentis,
2951 963 3178 1022 apparet
3223 955 3437 1009 cuidam
3473 973 3597 1010 mu-

2013 1037 2133 1092 lieri
2171 1041 2329 1094 clara:
2361 1049 2414 1094 et
2441 1056 2640 1110 genere
2672 1051 2728 1097 et
2761 1044 2974 1113 opibus,
3001 1061 3178 1115 neque
3207 1045 3388 1100 minus
3418 1047 3590 1117 piela-

2017 1140 2070 1184 te
2115 1147 2176 1186 ac
2225 1132 2510 1201 religione,
2565 1135 2861 1190 vocabatur
2909 1147 3088 1191 autem
3132 1139 3345 1192 Ammia
3399 1149 3498 1193 :et
3540 1140 3591 1193 ei

2011 1222 2187 1292 jubet,
2207 1233 2268 1278 ut
2298 1235 2446 1294 petat
2469 1227 2686 1296 quidem
2714 1243 2744 1281 a
2775 1229 3001 1297 praeside
3028 1245 3254 1298 corpora
3277 1240 3590 1285 sanctorum

2015 1315 2107 1383 qui
2140 1315 2482 1372 dormierunt
2512 1318 2566 1371 in
2596 1333 2816 1374 carcere
2861 1337 2875 1374 :
2909 1321 3060 1375 tollat
3092 1331 3273 1375 autem
3325 1321 3588 1379 infantem

2015 1419 2256 1474 quoque,
2301 1407 2393 1476 qui
2435 1408 2578 1478 jacet
2622 1409 2764 1462 inter
2812 1424 2926 1476 eos,
2959 1420 3014 1466 et
3043 1427 3170 1465 eum
3218 1410 3323 1465 sibi
3369 1412 3593 1481 adeptet

2013 1496 2070 1550 in
2122 1497 2293 1552 ﬁlium
2319 1537 2333 1562 ,
2356 1508 2412 1554 et
2446 1516 2694 1570 magnam
2724 1501 2846 1570 ejus
2881 1517 3069 1557 curam
3114 1513 3286 1573 gerat.
3330 1502 3422 1557 Illa
3458 1520 3603 1558 vero

2015 1587 2256 1657 (carebat
2287 1591 2431 1645 enim
2467 1591 2675 1658 liberis,
2702 1601 2756 1647 et
2788 1599 2906 1648 erat
2931 1592 3263 1664 vidua)sicut
3285 1595 3332 1648 ei
3367 1593 3592 1646 manda-

2015 1679 2092 1734 vit
2139 1681 2440 1746 somnium,
2483 1683 2550 1736 ad
2594 1683 2883 1752 praesidem
2919 1683 3028 1740 cito
3075 1686 3362 1749 accedens,
3402 1685 3600 1744 habuit

2014 1786 2139 1825 eum
2185 1771 2346 1828 facile
2384 1784 2719 1828 annuentem
2771 1776 2892 1845 ejus
2936 1777 3212 1846 petitioni.
3277 1779 3412 1832 Nam
3459 1793 3586 1832 eum

2013 1879 2230 1933 quoque
2259 1879 2466 1919 morem
2499 1876 2775 1936 gerentem
2809 1867 2987 1924 effecit
3017 1869 3198 1924 divina
3232 1869 3426 1940 gratia.
3469 1869 3592 1924 Sta-

2014 1956 2110 2008 tim
2183 1955 2330 2011 enim
2365 1958 2633 2022 reddidit,
2691 1975 2812 2029 quae
2865 1962 3092 2016 Ammiae
3151 1963 3303 2033 jussa
3349 1963 3585 2017 fuerant.

2011 2046 2376 2111 Quamobrem
2441 2065 2564 2104 cum
2625 2061 2678 2105 et
2704 2060 3020 2107 sanctorum
3069 2069 3294 2124 corpora
3319 2066 3374 2109 et
3405 2054 3585 2108 infan-

2012 2149 2122 2194 tem
2172 2151 2540 2210 exportasset,
2587 2142 2678 2196 illa
2725 2143 2945 2211 quidem
2995 2145 3282 2214 Splendide
3331 2148 3490 2201 simul
3522 2159 3580 2203 et

2010 2233 2295 2303 magnifice
2333 2235 2385 2288 in
2414 2250 2512 2288 suo
2534 2235 2692 2290 horto
2719 2237 2909 2306 sepelit
2937 2257 2950 2292 :
2985 2237 3246 2292 infantem
3277 2247 3458 2292 autem
3480 2239 3592 2294 sibi

2009 2323 2205 2378 educat
2248 2325 2303 2379 in
2348 2326 2542 2390 filium,
2585 2336 2641 2382 et
2689 2342 2798 2381 non
2827 2342 3007 2394 secus,
3033 2338 3196 2398 atque
3223 2328 3265 2382 si
3309 2329 3426 2398 ipsa
3456 2343 3596 2382 eum.

2008 2415 2318 2486 peperisset
2359 2432 2485 2472 eum
2532 2416 2708 2473 alebat
2784 2427 2839 2474 et
2889 2417 3194 2480 erudiebat,
3243 2427 3406 2489 atque
3449 2421 3592 2474 adeo

2008 2511 2295 2577 majorem,
2322 2525 2484 2579 quam
2505 2511 2547 2564 si
2577 2510 2770 2565 fuisset
2799 2521 2970 2565 mater
2986 2512 3125 2582 ejus,
3140 2525 3323 2565 curam
3344 2512 3586 2583 gerebat.

2081 2599 2146 2654 V.
2176 2598 2434 2654 Peractus
2461 2609 2641 2654 autem
2664 2599 2774 2670 jam
2812 2610 2927 2654 erat
2953 2617 3150 2662 annus,
3175 2617 3239 2656 ex
3274 2618 3381 2670 quo
3411 2603 3598 2657 fuerat

2007 2693 2298 2763 adoptatus
2329 2710 2343 2748 :
2382 2702 2436 2748 et
2462 2709 2571 2763 quo
2615 2693 2785 2762 magis
2812 2709 2949 2764 puer
2978 2693 3283 2757 crescebat,
3317 2709 3383 2748 eo
3415 2696 3602 2766 magis.

2007 2786 2340 2856 procedente
2401 2795 2667 2854 tempore,
2710 2785 2875 2839 simul
2927 2801 3144 2857 quoque
3200 2787 3480 2842 crescebat
3528 2788 3590 2840 in

2008 2895 2134 2934 eum
2178 2895 2331 2934 amor
2359 2878 2609 2953 Ammiane.
2661 2879 2795 2933 Dum
2833 2879 2978 2934 enim
3031 2881 3275 2947 videbat,
3321 2892 3587 2951 tanquam

2007 2969 2243 3024 fructum
2292 2969 2375 3024 sui
2427 2969 2587 3033 uteri,
2614 2977 2668 3023 et
2713 2969 3057 3026 existimabat
3090 2987 3147 3026 se
3190 2987 3314 3026 cum
3365 2973 3586 3028 habitu-

2010 3079 2154 3125 rum,
2181 3062 2270 3132 qui
2313 3063 2484 3132 ipsam
2525 3063 2754 3132 pulchre
2803 3063 2856 3118 in
2901 3073 3186 3124 senectute
3219 3063 3413 3118 aleret.
3454 3062 3576 3117 Jam

1932 3155 1976 3213 C
2013 3155 2316 3208 secundum
2354 3169 2559 3207 annum
2610 3153 2792 3208 infans
2826 3153 3149 3226 attingebat,
3189 3163 3245 3210 et
3269 3155 3451 3226 lingua
3504 3164 3588 3210 leo

2013 3264 2140 3304 nera
2171 3249 2441 3303 Ammiam
2479 3257 2636 3302 vocat
2673 3265 2989 3302 mammam.
3025 3249 3140 3303 Hoc
3169 3258 3353 3303 autem
3399 3250 3586 3320 lingua

2009 3343 2380 3396 Romanorum
2428 3341 2696 3412 significat
2738 3350 2980 3394 matrem.
3036 3339 3224 3409 Itaque
3278 3340 3456 3410 prima
3495 3343 3586 3394 in-

2007 3436 2192 3498 fantis,
2229 3433 2497 3490 balbuties
2561 3434 2838 3503 proprium
2907 3447 3108 3486 nomen
3173 3431 3224 3485 ei
3275 3430 3483 3495 tribuit,
3530 3439 3602 3485 et

2006 3527 2212 3581 Marnas
2244 3526 2542 3582 vocabatur
2568 3527 2635 3578 ah
2669 3525 2943 3588 omnibus,
2985 3532 3039 3578 et
3087 3523 3154 3578 de
3181 3533 3380 3578 ca'tero
3413 3537 3586 3592 agno-

2005 3621 2276 3676 scebatur.
2314 3618 2450 3672 Cum
2487 3617 2682 3671 fuisset
2710 3626 2890 3671 autem
2926 3616 3368 3686 quinque'annos
3395 3625 3581 3676 natus,

2003 3728 2127 3768 cum
2158 3711 2507 3768 commendat
2556 3709 2769 3764 Ammia
2807 3709 3082 3777 magistris
3115 3706 3447 3764 litterarum.
3478 3706 3582 3761 lli:

2003 3820 2133 3860 vero
2179 3802 2496 3857 movebatur
2545 3815 2736 3855 earum
2778 3799 3090 3853 vehementi
3149 3815 3358 3862 amore,
3402 3809 3457 3854 et
3515 3803 3583 3856 in

2003 3897 2249 3952 doctrina
2294 3909 2358 3950 ac
2407 3893 2711 3962 disciplinis
2738 3902 2857 3946 erat
2906 3892 3063 3962 longe
3113 3892 3228 3946 suis
3277 3892 3584 3961 aequalibus

2002 3987 2298 4056 superior;
2381 3993 2607 4055 eratque
2656 3984 2776 4054 ejus
2823 3984 3038 4038 animus
3069 3991 3215 4037 totus
3249 3985 3584 4046 intentus,et

2001 4080 2162 4150 plane
2194 4077 2404 4134 deﬁxus
2433 4078 2487 4131 i'n
2521 4076 2851 4131 eruditione.

2075 4171 2170 4226 VI.
2232 4172 2600 4226 Romanorum
2665 4180 2851 4225 autem
2905 4177 3122 4239 sceptra
3173 4174 3304 4222 tunc
3355 4167 3581 4222 tenebat

2002 4263 2298 4332 imperator
2340 4261 2686 4326 Aurelianus,
2709 4261 2800 4331 qui
2829 4261 3052 4332 cogebat
3079 4275 3270 4315 omnes
3300 4259 3581 4314 sacriﬁca-

2002 4371 2062 4410 re
2107 4354 2473 4417 daemonibus,
2521 4369 2631 4408 non
2668 4354 2842 4408 solum
2898 4353 3044 4409 viros
3072 4360 3127 4408 et
3171 4352 3448 4417 mulieres,
3480 4353 3580 4406 sed

2001 4447 2164 4503 etian.
2215 4461 2437 4518 pueros.
2472 4446 2704 4501 Maxime
2739 4456 2922 4500 autem
2951 4445 3004 4500 ei
3037 4461 3180 4500 cura:
3214 4454 3372 4499 erant
3396 4445 3578 4515 pueri.

1998 4541 2358 4598 Existimabat
2411 4539 2557 4594 enim
2590 4554 2650 4594 se
2699 4538 2856 4594 facile
2909 4554 3006 4594 eos
3049 4553 3170 4594 esse
3218 4537 3578 4592 inducturum

1999 4642 2225 4706 propter
2257 4633 2432 4688 relatis
2477 4631 2846 4687 teneritatem.
2889 4629 2998 4684 Sed
3045 4629 3138 4684 alii
3165 4629 3384 4698 quidem
3418 4629 3578 4699 pueri

1995 4739 2188 4780 revera
2226 4724 2493 4779 cedebant
2523 4721 2794 4778 voluntati
2835 4721 3181 4791 imperatoris
3219 4738 3232 4778 :
3265 4720 3359 4789 qui
3393 4729 3577 4773 autem

1995 4833 2122 4873 cum
2171 4817 2442 4872 Mamante
2494 4816 2834 4871 ventilabam
2867 4814 2936 4869 ad
2985 4815 3181 4868 ludum
3217 4812 3574 4878 litterarium,

1996 4909 2357 4965 imitabantur
2385 4908 2493 4980 ipsi
2533 4923 2748 4978 quoque
2787 4921 2978 4961 canam
3019 4907 3172 4976 pueri
3205 4904 3578 4975 prudentiam,

1995 5012 2052 5059 et
2102 5019 2215 5058 nec.
2254 5003 2424 5059 verba
2493 5002 2712 5071 quidem
2765 5001 2955 5054 audire
3009 5014 3235 5054 necesse
3267 4997 3567 5051 habebant.

1993 5093 2251 5160 Quotidie
2300 5093 2446 5148 enim
2518 5093 2854 5147 docebantur
2907 5089 3141 5145 honesto
3193 5089 3284 5142 illo
3346 5086 3569 5158 pulchri

1995 5182 2667 5252 Mamantislspectaculo
2735 5191 2792 5236 et
2833 5179 3085 5250 exemplo
3141 5179 3317 5234 solum
3379 5190 3576 5232 verum

1993 5289 2292 5345 agnoscere
2333 5274 2504 5328 Deum
2547 5271 2789 5328 universi
2835 5271 3108 5341 opificem,
3135 5278 3191 5323 et
3218 5268 3268 5322 ei
3299 5265 3575 5322 rationale

1993 5365 2297 5418 animorum
2353 5362 2550 5418 offerre
2579 5361 2908 5417 sacriﬁcium
2953 5377 2968 5415 :
2999 5375 3096 5415 eos
3142 5368 3349 5422 autem,
3377 5357 3471 5426 qui
3500 5358 3571 5411 ab

1995 5453 2178 5523 impiis
2210 5461 2266 5507 et
2314 5456 2571 5507 coluntur
2603 5462 2656 5507 et
2701 5453 3004 5508 adorantur
3032 5451 3133 5513 dii,
3153 5463 3326 5520 nugas
3375 5446 3570 5502 existi-

1994 5561 2167 5612 mare,
2195 5554 2249 5600 et
2290 5545 2484 5616 plenos
2516 5545 2718 5615 probro
2750 5555 2805 5598 et
2843 5545 3128 5598 dedecore.
3169 5540 3357 5594 Fausti
3383 5546 3568 5592 autem

1989 5637 2253 5694 Caesareas
2311 5637 2580 5709 praesidis,
2631 5651 2914 5692 successor
2938 5645 3154 5692 creatus
3201 5631 3566 5694 Democritus,

1991 5732 2076 5786 vir
2107 5731 2262 5787 valde
2314 5732 2530 5801 spirans
2578 5730 2940 5797 impietatem,
2991 5735 3047 5782 ct
3078 5739 3345 5780 accensus
3395 5724 3566 5778 velte-

1991 5824 2156 5880 menti
2211 5823 2342 5894 ejus-
2385 5823 2748 5888 aemulatione,
2792 5838 2917 5880 cum
3004 5821 3240 5892 primum
3316 5817 3562 5874 ascendit
