3996 6428
260 382 360 446 569

1366 388 1842 448 MARTYRIUM
1881 389 1944 450 S.
1988 381 2413 455 MAMANTIS.

3417 397 3520 459 570

257 493 585 560 Caesaream,
655 495 862 551 bonum
957 496 1284 552 Mamantem
1373 497 1440 551 ad
1479 510 1604 550 eum
1647 494 1830 551 statim
1868 495 1912 553 A
1942 495 2072 552 si‘et
2104 499 2255 554 nullo
2312 511 2474 554 sensu
2507 500 2741 571 prmditi,
2770 502 2922 569 quod
2940 518 3010 558 ca'
3039 503 3219 559 colere
3244 513 3296 558 et
3339 505 3390 558 in
3415 505 3515 559 ho-
3600 570 3604 572 ,

256 585 526 651 deferunt,
552 587 706 657 quod
737 603 851 643 non
897 589 1075 643 solum
1107 588 1230 659 ipse
1277 588 1410 642 deos
1463 604 1570 642 non
1604 589 1833 649 coleret,

253 679 346 734 sed
379 693 508 732 suos
539 694 758 750 quoque
787 681 1023 749 requales
1059 688 1114 735 et
1145 679 1556 750 condiscipulos
1583 679 1656 733 ad
1677 695 1828 733 erro-

255 787 372 826 rem
439 787 601 826 suum
651 787 847 828 omnes
897 774 1197 828 induceret.
1250 773 1458 828 Marnas
1493 783 1675 826 autem
1724 771 1833 838 jam

250 864 506 936 quintum
558 865 832 919 decimum
885 866 1077 936 agebat
1124 882 1331 920 annum
1385 865 1603 930 artatis;
1635 875 1690 919 et
1738 865 1835 919 lto-

253 973 422 1017 nesta-
444 971 691 1016 matrona
729 963 855 1032 (hoc
884 964 1031 1018 enim
1076 971 1195 1018 erat
1237 961 1468 1018 Ammiaa
1507 962 1833 1032 epithetum)

253 1065 430 1110 morte
454 1055 720 1124 privatus,
751 1054 812 1110 fit
855 1070 1144 1112 successor
1169 1065 1223 1111 et
1252 1056 1426 1111 haeres
1452 1055 1572 1126 ejus
1607 1054 1838 1109 faculta-

255 1155 393 1200 tum.

318 1236 432 1292 VII.
480 1236 840 1305 Democritus
889 1254 1042 1310 ergo,
1097 1255 1222 1294 cum
1284 1240 1406 1294 haec
1454 1239 1702 1294 audisset
1763 1240 1832 1295 de

260 1324 556 1389 lamante.
605 1325 710 1381 fuit
765 1329 1018 1396 protinus
1059 1329 1324 1382 eﬂ‘eratus
1360 1329 1413 1382 in
1466 1344 1718 1398 puerum.
1771 1327 1835 1384 Et

254 1434 377 1472 rum
434 1417 711 1473 eﬂ'ecisset
783 1429 840 1473 ut
889 1418 956 1473 ad
1016 1435 1176 1474 suum
1228 1420 1464 1474 tribunal
1524 1419 1832 1484 sisteretur,

251 1508 492 1578 primum
540 1507 759 1578 quidem
814 1509 1109 1580 interrogat
1161 1525 1230 1564 an
1277 1519 1421 1565 esset
1445 1511 1830 1566 Christianus:

248 1601 474 1666 deinde,
505 1617 574 1655 an
611 1602 698 1656 ille
727 1613 898 1666 esset,
925 1603 1016 1673 qui
1049 1619 1228 1674 neque
1256 1604 1370 1674 ipse
1408 1604 1512 1659 diis
1537 1604 1831 1669 sacrificat,

247 1704 304 1748 et
355 1695 649 1764 persuadet
695 1695 1102 1766 condiscipulis,
1142 1712 1212 1752 ne
1242 1705 1468 1768 pareant
1497 1697 1832 1767 imperatori.

249 1788 342 1842 llle
381 1795 592 1851 autem,
625 1789 910 1858 majorem,
934 1785 1097 1859 quam
1127 1799 1260 1845 aetas
1284 1791 1610 1860 patiebatur,
1635 1807 1746 1862 prae
1771 1807 1829 1846 se

248 1878 438 1935 ferens
466 1881 635 1935 animi
684 1883 1070 1946 constantiam,
1116 1893 1172 1939 et
1221 1884 1368 1937 nihil
1417 1885 1780 1940 conturbatus
1809 1925 1823 1946 ,

247 1960 385 2035 Ego,
436 1964 635 2034 inquit,
685 1975 927 2020 vestram
969 1966 1124 2021 valde
1172 1968 1481 2022 eottdcmno
1548 1968 1826 2034 canitiem,

247 2056 396 2126 quod
434 2065 582 2111 tanta
613 2058 930 2113 circumfusi
964 2059 1084 2113 sitis
1117 2061 1327 2115 erroris
1355 2061 1617 2132 caligine,
1641 2071 1700 2116 ut
1727 2077 1832 2116 nec

247 2149 473 2218 possitis
516 2150 735 2219 quidem
787 2151 1066 2222 adspicere
1089 2154 1156 2208 ad
1205 2153 1384 2208 radios
1417 2156 1685 2222 veritatis,
1709 2158 1831 2222 sed,

247 2255 383 2295 vero
414 2250 469 2296 et
525 2243 649 2297 vivo
689 2243 800 2298 Deo
845 2245 1059 2311 relicto,
1110 2247 1419 2301 accessistis
1453 2249 1520 2302 ad
1557 2248 1831 2303 daemones

246 2334 526 2389 inanimos
560 2345 621 2390 et
644 2336 860 2391 surdos.
916 2337 1060 2392 Nam
1083 2353 1181 2406 ego
1213 2340 1432 2408 quidem
1463 2355 1494 2394 a
1525 2355 1646 2395 meo
1675 2339 1832 2395 Chri-

246 2437 342 2484 sto
365 2435 663 2499 ,nunquam
715 2431 1065 2497 recedam,et
1113 2447 1470 2503 quoscunque
1521 2441 1712 2504 potero
1762 2434 1831 2489 ad

246 2534 376 2574 eum
429 2520 726 2577 adducam.
783 2523 1092 2579 Admiratus
1147 2534 1231 2579 est
1287 2524 1630 2580 Democritus
1681 2524 1831 2595 pueri

248 2613 471 2668 dicendi
517 2614 825 2669 libertatem
885 2623 939 2670 et
961 2615 1141 2670 statim
1196 2617 1264 2671 ab
1320 2616 1478 2670 initio
1530 2617 1830 2684 deSperans

247 2717 309 2757 se
336 2718 498 2774 posse
544 2719 670 2758 eum
718 2705 1001 2770 inducere,
1045 2704 1204 2760 simul
1236 2713 1291 2759 et
1321 2705 1559 2760 minatus
1584 2715 1666 2760 est
1697 2706 1833 2760 ado-

246 2795 472 2852 lescenti
500 2803 556 2850 et
581 2795 649 2850 iis
681 2796 772 2866 qui
802 2811 926 2852 eum
968 2795 1414 2859 circumstabant,
1441 2795 1606 2865 jussit
1631 2797 1834 2850 ducere

246 2903 482 2959 puerum
533 2889 602 2944 ad
655 2903 806 2943 aram
869 2889 1172 2957 Serapidis.
1241 2899 1300 2944 ut
1335 2888 1418 2944 vel
1483 2888 1696 2942 invitus
1730 2889 1834 2943 deo

245 2984 605 3039 sacrificaret.
646 2984 738 3038 Ille
798 2994 979 3039 autem
1019 2984 1166 3038 nihil
1209 2999 1239 3038 a
1295 2985 1460 3039 minis
1523 2984 1834 3039 eerminate

244 3074 480 3130 affectus
530 3085 590 3130 et-
642 3075 1006 3140 illiberaltter,
1045 3075 1112 3128 At
1174 3091 1284 3130 non
1312 3075 1458 3130 licet.
1507 3073 1702 3143 inquit,
1736 3074 1832 3130 tibi

246 3181 338 3221 me
391 3166 610 3237 punire,
653 3166 746 3236 qui
797 3181 918 3221 sum
967 3166 1231 3221 educatus
1276 3182 1306 3220 a
1378 3175 1552 3220 matre
1599 3167 1902 3231 maximaC

251 3270 311 3316 et
340 3260 645 3318 clarissima
664 3302 679 3328 ,
705 3269 760 3316 et
784 3262 1114 3316 luculentam
1143 3260 1211 3315 ab
1243 3275 1305 3316 ea
1329 3259 1514 3329 accepi
1541 3260 1832 3316 haeredita-

246 3365 382 3419 κω,
421 3362 478 3408 et
505 3354 771 3408 maximas
793 3354 1030 3416 divitias,
1059 3353 1319 3422 adjiciens
1348 3369 1550 3408 nomen
1580 3357 1828 3411 Ammia}.

241 3445 382 3501 Cum
417 3446 535 3501 haec
563 3455 744 3500 autem
772 3446 1040 3502 audiisset
1086 3445 1428 3500 Democritus
1471 3455 1526 3500 et
1548 3447 1616 3502 ab
1647 3448 1713 3501 iis
1739 3449 1831 3517 qui

240 3541 707 3606 circumstabant,
774 3540 842 3595 de
904 3540 1062 3594 beata
1125 3548 1378 3593 matrona
1441 3548 1496 3593 et
1561 3539 1832 3596 Mamante

240 3642 503 3688 accurate
556 3634 740 3687 omnia
781 3632 1082 3694 didicisset,
1125 3641 1180 3687 et
1230 3630 1577 3702 cognovisset
1633 3649 1692 3689 se
1721 3650 1831 3689 non

241 3740 412 3794 posse
441 3739 566 3778 eum
617 3725 832 3794 punire,
877 3724 1068 3780 ferreis
1094 3725 1340 3780 vinctum
1395 3725 1631 3780 vinculis
1665 3726 1832 3796 AEgas

239 3832 372 3871 eum
411 3817 577 3873 mittit
623 3818 692 3873 ad
736 3817 1147 3888 imperatorem,
1190 3819 1373 3873 omnia
1416 3828 1475 3874 ut
1517 3834 1576 3874 se
1627 3819 1832 3876 habent

239 3909 561 3981 s'gniticans
599 3911 792 3966 litteris
823 3912 1153 3981 imperatori.

322 4001 592 4073 Vlll.,llle
641 4011 821 4058 autem
866 4019 989 4058 cum
1039 4004 1245 4058 litteras
1291 4003 1611 4072 accepisset,
1654 4013 1708 4059 et
1738 4021 1830 4060 eas

239 4097 587 4166 perlegisset,
648 4112 876 4166 puerum
942 4098 1092 4152 varie
1171 4098 1484 4168 aggreditur
1530 4117 1545 4152 :
1586 4107 1641 4152 et
1703 4112 1826 4151 cum

236 4203 371 4243 eum
404 4188 460 4242 in
490 4203 649 4243 suum
679 4197 1033 4258 conspectum
1066 4189 1402 4256 adduxisset,
1435 4205 1581 4244 nunc
1609 4190 1827 4261 quidem

237 4280 563 4336 minabatur
585 4292 643 4335 et
692 4296 950 4352 magnum
984 4290 1253 4337 terrorem
1311 4285 1654 4352 intendebat,
1678 4303 1828 4344 nunc

237 4383 430 4427 autem
476 4370 760 4441 promissis
812 4371 1099 4436 invitabat,
1132 4381 1188 4428 et
1218 4374 1268 4428 ei
1318 4377 1659 4445 proponebat
1703 4395 1829 4432 mu-

1942 605 2076 644 nore
2118 591 2325 645 habere
2354 593 2580 646 omnino
2622 593 2926 648 sustinetis.
2993 592 3190 648 Desine
3253 611 3382 666 ergo
3417 598 3520 649 mi-

1944 696 2051 736 nas
2075 681 2351 737 intentare
2407 684 2695 749 terribiles,
2725 694 2784 738 ut
2812 685 2906 738 tibi
2949 684 3225 748 videntur,
3255 695 3309 740 et
3350 687 3519 740 maxi-

1939 788 2024 826 ma
2057 773 2324 842 polliceri.
2354 773 2484 828 Nam
2518 776 2750 845 puniens
2774 776 3020 842 quidem,
3049 775 3387 840 benefaeies;
3425 778 3517 830 be—

1938 863 2218 920 nefaciens
2243 876 2423 920 autem
2447 867 2646 921 damno
2673 867 2875 921 afIicies
2911 867 3164 921 maximo.
3193 866 3298 921 Pro
3351 869 3513 921 Chri-

1938 965 2022 1010 sto
2043 957 2186 1009 enim
2222 957 2384 1019 mori,
2443 966 2527 1011 est
2559 958 2691 1012 mihi
2749 960 2941 1026 quovis
2998 961 3210 1014 honore
3239 969 3295 1014 et
3359 963 3517 1014 lucro

1939 1047 2302 1112 praestantius.
2340 1049 2438 1103 His
2471 1050 2826 1102 vehementer
2887 1050 3130 1104 irritatus
3191 1051 3518 1107 Aurelianus

1932 1137 2088 1206 jubet
2121 1154 2323 1208 corpus
2355 1139 2510 1207 pueri
2568 1140 2701 1195 caedi
2737 1139 2939 1211 ﬂagris.
2971 1142 3146 1210 Atque
3182 1142 3516 1198 adolescenti

1937 1231 2158 1299 quidem
2194 1233 2483 1300 prudentia
2514 1248 2653 1287 cano
2687 1234 3000 1288 caedebatur
3035 1243 3285 1288 tenerum
3319 1245 3374 1290 et
3405 1253 3519 1290 mo-
3579 1233 3582 1235 ’

1937 1323 2008 1376 do
2035 1321 2235 1376 ﬂoreus
2286 1339 2525 1394 corpus;
2592 1325 2682 1379 ille
2730 1342 2858 1380 vero
2913 1327 3138 1396 perinde
3184 1328 3519 1383 afﬁciebatur

1937 1423 2098 1483 atque
2130 1415 2174 1468 si
2211 1417 2606 1482 quatereturin
2630 1420 2861 1472 somnis.

2007 1525 2102 1580 ιχ.
2155 1526 2291 1582 Cum
2323 1536 2504 1582 autem
2540 1528 2836 1596 imperator
2887 1545 2952 1584 eo
2985 1533 3104 1600 ipso
3129 1539 3390 1598 tempore,
3413 1546 3520 1598 quo

1939 1619 2299 1688 torquebatur
2351 1636 2510 1691 puer,
2565 1622 2616 1676 ei
2678 1623 3017 1687 adularetur,
3070 1631 3120 1677 et
3192 1637 3316 1676 eum
3371 1623 3518 1674 onitti

1939 1713 2150 1767 ratione
2178 1723 2467 1768 conaretur
2515 1715 2786 1782 emollire,
2824 1716 3042 1770 dicebat
3065 1716 3211 1770 enim
3257 1734 3272 1770 :
3307 1714 3400 1768 Dic
3435 1715 3522 1767 vel

1863 1839 1902 1890 Β
1935 1807 2066 1862 solis
2084 1807 2246 1862 labris
2267 1817 2316 1862 te
2338 1808 2770 1863 sacrificaturum
2796 1827 2809 1862 :
2835 1819 2888 1863 et
2908 1809 3087 1862 statim
3121 1808 3436 1862 liberaberis
3455 1807 3522 1860 ab

1933 1899 2079 1953 onmi
2105 1899 2372 1970 supplicio
2393 1899 2540 1954 :Non
2559 1916 2678 1970 ego,
2697 1900 2874 1969 inquit
2897 1902 3124 1964 Mamas,
3147 1916 3178 1952 ο
3202 1899 3519 1969 imperator,

1934 1992 2116 2046 solum
2139 1993 2272 2046 mibi
2301 2009 2487 2046 verum
2518 1992 2687 2048 Deum
2714 2004 2766 2048 et
2785 1993 2988 2064 Regem
3019 1992 3320 2059 Christum,
3345 2007 3522 2060 neque

1932 2086 2099 2140 labris
2131 2085 2260 2140 'nec
2293 2086 2460 2140 corde
2493 2086 2825 2156 negaverim,
2872 2085 3033 2138 etiam
3081 2085 3123 2138 si
3165 2084 3524 2153 praesentibus

1933 2179 2096 2250 longe
2147 2179 2396 2249 graviora
2433 2177 2846 2250 excogitaveris.
2889 2177 3031 2243 Quin
3085 2177 3247 2230 etiam
3301 2191 3523 2244 magnas

1935 2272 2033 2326 tibi
2067 2271 2241 2324 habeo
2276 2271 2494 2340 gratias,
2522 2273 2665 2340 quod
2720 2285 2806 2325 me
2843 2285 2941 2339 per
2979 2269 3096 2323 haec
3155 2277 3422 2323 tormenta
3473 2268 3521 2321 ei

1933 2377 2099 2432 quem
2138 2362 2394 2416 desidero
2429 2361 2731 2428 concilies;
2761 2372 2816 2415 et
2843 2368 2970 2429 opto
2998 2361 3194 2424 solum,
3227 2374 3294 2413 ne
3329 2375 3525 2416 manus

1935 2450 2302 2522 defatigentur
2343 2451 2660 2514 tortoribus,
2709 2467 2830 2520 quae
2878 2453 3015 2519 jam,
3060 2461 3130 2505 ut.
3174 2449 3355 2514 vides,
3388 2450 3520 2504 mihi

1933 2560 2126 2615 magna
2151 2543 2295 2598 bona
2321 2555 2633 2614 procurant:
2665 2545 2760 2598 sed
2795 2543 3034 2598 robustae
3086 2543 3266 2611 potius
3283 2542 3521 2596 reddan-

1939 2645 2026 2691 tur
2052 2645 2108 2690 et
2143 2637 2414 2690 valentes.
2460 2634 2790 2688 Aurelianus
2847 2642 3028 2687 autem
3059 2645 3346 2703 postquam
3387 2633 3524 2686 vidit

1935 2743 2059 2783 cum
2084 2737 2190 2782 tam
2230 2743 2422 2798 parum
2450 2742 2645 2782 curare
2683 2727 2937 2790 verbera,
2969 2725 3124 2796 jubet
3157 2723 3207 2778 ei
3257 2724 3519 2778 nudatum

1935 2835 2139 2892 corpus
2163 2829 2334 2876 totum
2364 2821 2558 2875 torreri
2577 2819 2822 2875 lucernis
2842 2819 2980 2892 ignis
3013 2835 3027 2872 :
3081 2826 3142 2871 ut
3175 2832 3298 2872 cum
3330 2832 3523 2872 carnes

1937 2914 2200 2985 paulatim
2261 2912 2660 2982 eliquarentur,
2701 2919 2756 2964 et
2808 2909 3015 2964 diutius
3093 2922 3409 2962 versaretur
3468 2907 3524 2961 in

1937 3012 2234 3067 tormento,
2293 3011 2348 3058 et
2387 3005 2613 3072 {dolores
2646 3001 2874 3054 sentiret
2931 2999 3236 3071 graviores.
3292 2997 3358 3052 Et
3417 2997 3525 3051 hoc

1937 3097 2484 3167 quidem‘jdeductum
2523 3102 2606 3147 est
2636 3092 2701 3146 ad
2733 3092 3011 3155 effectum,
3039 3101 3093 3144 et
3135 3091 3370 3145 admotae
3397 3102 3526 3143 sunt

1935 3187 2172 3241 lucerna:
2196 3185 2408 3255 corpori
2443 3183 2714 3254 martyris.
2737 3183 2844 3237 Sed
2897 3192 2954 3236 et
2980 3184 3120 3254 ignis
3171 3183 3525 3236 revereliatur

1934 3278 2193 3334 athletam
2218 3317 2233 3342 ,
2265 3287 2320 3330 et
2347 3276 2400 3328 in
2421 3276 2623 3329 milites
2651 3274 2894 3344 Spirabat
2914 3273 3318 3328 vehementius.
3349 3273 3526 3341 Atque

1933 3380 2138 3441 martyr
2159 3370 2379 3441 quidem
2405 3368 2524 3424 sine
2548 3367 2735 3422 dolore
2767 3367 3091 3421 admittebat
3126 3366 3376 3419 lucernas
3398 3365 3527 3428 ﬁlia:

1933 3474 2118 3518 autem
2189 3463 2360 3532 magis
2397 3460 2630 3514 urebant
2682 3459 2925 3512 animum
2959 3457 3346 3528 persecutoris.
3389 3456 3522 3509 Nam

1933 3570 2056 3611 Cum
2086 3569 2155 3609 ne
2196 3553 2481 3606 minimum
2533 3551 2753 3620 quidem
2776 3565 2972 3618 corpus
3007 3549 3260 3617 martyris
3289 3546 3525 3616 attinge—

1932 3653 2055 3701 rent
2094 3661 2159 3701 eo
2216 3644 2290 3698 illi
2337 3643 2597 3714 majorem
2628 3641 2898 3696 flammam
2929 3641 3238 3695 excitabant
3277 3637 3520 3693 insaniae.

1937 3736 2145 3792 Deinde
2175 3737 2331 3807 jubet
2385 3747 2678 3804 martyrem
2715 3732 2990 3789 verberari
3049 3731 3343 3800 lapidibus.
3422 3729 3525 3784 llle'

1933 3837 2114 3883 autem
2156 3827 2382 3897 perinde
2429 3834 2545 3879 erat
2575 3824 2826 3891 affectus,
2870 3832 3031 3892 atque
3054 3823 3098 3877 si
3144 3832 3525 3892 aspergeretur

1932 3921 2091 3986 rosis,
2125 3931 2180 3974 et
2201 3934 2297 3989 Spe
2315 3918 2484 3972 futuri
2501 3917 2803 3972 laetabatur.

2007 4013 2074 4066 Χ.
2099 4013 2180 4067 Cu
2199 4028 2250 4065 m
2279 4012 2461 4078 itaque
2493 4010 2649 4064 valde
2679 4009 2847 4063 animi
2875 4008 3074 4064 dubius
3101 4018 3246 4063 esset
3276 4007 3422 4062 omni
3457 4022 3526 4061 ex

1930 4120 2088 4181 parte
2119 4108 2464 4172 Aurelianus,
2486 4116 2540 4161 et
2571 4105 2778 4159 nullum
2839 4104 3094 4174 supplicii
3146 4119 3316 4173 genus
3346 4113 3523 4172 posset

1931 4207 2264 4274 excogitare,
2312 4201 2458 4271 quod
2509 4215 2604 4254 cor
2649 4197 2938 4251 Mamantis
2988 4198 3305 4264 attingeret,
3374 4194 3524 4265 jubet

1931 4298 2148 4369 globum
2167 4296 2479 4366 plumbeum
2499 4293 2618 4363 ejus
2643 4291 2783 4346 collo
2805 4290 3031 4362 alligari,
3051 4299 3106 4344 et
3122 4290 3198 4344 sic
3221 4289 3272 4342 in
3292 4289 3527 4343 medium

1933 4401 2086 4441 mare
2117 4385 2342 4440 ductum
2373 4391 2696 4452 martyrem,
2733 4379 2927 4449 projici
2957 4378 3010 4431 in
3058 4377 3412 4448 profundum.
3464 4375 3529 4432 Et

239 4481 375 4520 nera
406 4472 464 4519 et
508 4463 766 4529 honores,
796 4473 850 4519 et
881 4463 1138 4520 diccbat:
1193 4466 1248 4519 Si
1277 4467 1344 4521 ad
1377 4483 1633 4539 magnum
1666 4485 1825 4526 acce-
1863 4503 1906 4558 ι)
1927 4479 2113 4549 jussus
2145 4475 2366 4545 quidem
2410 4473 2676 4529 deductus
2707 4479 2790 4524 est
2816 4469 2883 4523 ad
2927 4469 3180 4524 effectum
3243 4485 3259 4534 ;
3319 4468 3413 4524 sed
3462 4482 3531 4522 ne

248 4558 394 4612 deus
434 4555 778 4626 Serapidem,
803 4555 852 4610 ei
881 4557 1296 4623 saerificaveris,
1326 4573 1359 4611 o
1385 4559 1616 4628 pulcher
1667 4576 1826 4630 puer,

237 4645 352 4700 eris
383 4645 669 4699 nobiscum
698 4644 752 4697 in
784 4644 984 4714 palatio
1032 4660 1048 4698 :
1079 4652 1132 4698 et
1158 4645 1392 4715 primum
1423 4648 1642 4716 quidem
1669 4650 1833 4705 aleris

236 4737 520 4808 regaliter,
553 4737 751 4792 deinde
784 4748 837 4792 te
867 4738 1026 4792 multi
1058 4738 1410 4794 mirabuntur
1434 4750 1487 4794 et
1512 4741 1829 4809 laudabunt,

236 4831 546 4899 beatusque
594 4830 704 4884 eris
743 4831 811 4885 de
846 4841 1066 4895 caetero,
1098 4840 1154 4886 et
1225 4831 1311 4886 cui
1362 4832 1535 4902 possit
1574 4835 1829 4890 invideri.

239 4923 360 4979 Hoc
392 4933 580 4978 autem
627 4923 857 4977 faciebat
901 4923 1252 4989 Aurelianus,
1277 4933 1332 4978 et
1369 4924 1486 4980 haec
1512 4925 1622 4980 duo
1644 4925 1830 4992 simul,

235 5031 445 5086 nempe
479 5021 537 5070 et
584 5015 762 5069 minas
815 5015 1129 5086 proferebat
1154 5056 1168 5078 ,
1202 5024 1258 5070 et
1298 5016 1587 5086 promissa,
1631 5027 1693 5073 ut
1747 5018 1834 5073 vel

235 5110 407 5164 minis
430 5123 557 5165 eum
581 5116 832 5174 terreret,
871 5117 927 5163 et
944 5117 1251 5166 extremum
1290 5111 1341 5164 ei
1362 5119 1565 5166 metum
1589 5111 1830 5181 afferret,

235 5211 332 5256 aut
360 5201 648 5274 promissis
684 5201 804 5270 ejus
842 5201 1068 5256 solidam
1113 5200 1395 5274 frangeret
1437 5206 1830 5270 constantiam,

236 5297 375 5352 etin
407 5311 622 5351 summa
651 5308 776 5350 eum
841 5295 1098 5358 molliret,
1135 5295 1363 5366 ejusque
1430 5299 1618 5355 oculos
1685 5316 1832 5372 pm-

239 5391 556 5465 stringeret,
591 5397 646 5441 et
694 5387 990 5443 adduceret
1043 5390 1110 5442 ad
1159 5389 1515 5458 impietatem.
1567 5392 1694 5449 Haec
1735 5411 1833 5449 au-

243 5493 351 5538 tem
387 5483 565 5552 magis
593 5481 863 5537 acuebant
929 5481 1109 5536 alacre
1138 5491 1193 5536 et
1220 5498 1534 5556 promptum
1587 5488 1830 5544 studium

243 5575 612 5632 adolescentis
641 5591 655 5634 :
695 5583 769 5640 et,
805 5574 981 5642 Absit,
1015 5575 1317 5645 respondit,
1344 5592 1378 5633 ο
1411 5578 1724 5649 imperator,
1775 5593 1834 5638 ut

244 5670 338 5723 bas
369 5682 494 5737 quae
523 5682 554 5721 a
583 5665 738 5722 vobis
780 5667 1136 5732 honorantur,
1158 5674 1366 5726 statuas
1413 5671 1467 5726 in
1511 5671 1718 5729 honore
1740 5673 1834 5730 ha-

246 5763 420 5826 beam,
453 5766 551 5816 aut
577 5774 766 5813 earum
793 5759 956 5816 ullam
1010 5761 1206 5818 ducam
1254 5763 1526 5820 rationem
1559 5781 1679 5836 quat
1706 5777 1834 5822 sunt

247 5853 417 5938 surda:
441 5862 499 5911 et
527 5853 802 5922 inanitate,
831 5860 884 5908 et
909 5868 1030 5926 quae
1061 5864 1313 5929 arguunt,
1346 5873 1505 5931 quam
1523 5858 1656 5916 'sitis
1688 5873 1834 5916 cras-

1937 4578 2067 4624 tunc
2099 4567 2343 4638 quidem,
2374 4581 2407 4620 ο
2437 4563 2635 4626 Mama,
2661 4563 2806 4617 Deus
2830 4563 2908 4615 tui
2944 4570 3029 4615 est
3049 4562 3271 4624 oblitus,
3320 4558 3529 4631 angelis

1935 4663 2084 4717 enim
2116 4660 2232 4714 suis
2266 4659 2488 4713 mandat
2509 4657 2576 4710 de
2600 4665 2672 4720 te,
2715 4662 2775 4707 ut
2804 4662 2856 4706 te
2891 4652 3222 4706 custodiant.
3250 4652 3314 4705 Et
3344 4651 3526 4706 statim

1935 4755 2160 4825 angelus
2182 4752 2355 4808 forma
2377 4752 2616 4805 humana
2643 4750 2698 4804 in
2744 4746 2932 4803 orbem
2956 4745 3308 4808 circumiens,
3351 4753 3528 4797 terro-

1935 4863 2050 4900 rem
2113 4845 2332 4914 quidem
2389 4841 2550 4896 affert
2583 4844 2650 4896 iis
2687 4845 2778 4912 qui
2835 4844 3009 4914 ipsum
3037 4839 3330 4901 ducebant,
3354 4845 3408 4889 et
3437 4851 3530 4890 eos

1934 4939 2103 4996 vertit
2127 4939 2182 4992 in
2216 4938 2429 5008 fugam;
2463 4936 2616 5006 jubet
2666 4947 2848 4991 autem
2885 4945 3180 5008 martyrem
3225 4933 3416 4988 venire
3469 4933 3523 4985 in

1936 5040 2203 5096 montem,
2245 5029 2446 5100 quiest
2502 5029 2787 5094 Caesarem,
2851 5036 2907 5083 et
2963 5028 3071 5082 illic
3125 5026 3342 5096 degere.
3392 5022 3527 5078 Cum

1935 5124 2127 5179 fuisset
2156 5138 2285 5194 ergo
2335 5123 2390 5176 in
2461 5130 2662 5185 mente,
2695 5133 2750 5176 et
2783 5129 2928 5175 totos
2993 5118 3354 5189 quadraginta
3411 5115 3530 5170 dies

1935 5216 2226 5272 mansisset
2271 5214 2517 5285 jejunus,
2553 5213 2611 5267 fit
2651 5213 2742 5267 hic
2775 5199 2919 5267 alius
2945 5209 3144 5265 Moses.
3168 5210 3230 5265 Ei
3251 5211 3306 5264 in
3337 5221 3532 5262 manus

1935 5323 2141 5363 novum
2197 5306 2440 5362 traditur
2470 5313 2884 5368 testamentum,
2910 5302 3052 5372 quod
3079 5317 3192 5356 non
3242 5311 3372 5355 tunc
3405 5300 3530 5368 qui-

1933 5396 2057 5452 dem
2083 5397 2319 5466 primum
2374 5410 2496 5449 esse
2539 5402 2804 5464 coeperat,
2831 5391 2926 5446 sed
2954 5394 3066 5462 jam
3117 5390 3297 5445 fuerat
3338 5387 3524 5442 datum

1935 5487 2208 5560 patribus.
2252 5488 2319 5542 Et
2357 5487 2502 5558 quod
2565 5496 2696 5541 tunc
2743 5486 2932 5540 deerat
2999 5482 3156 5544 Mosi,
3216 5482 3321 5537 hoc
3380 5496 3528 5535 nunc

1936 5582 2267 5652 adimpletur
2291 5581 2344 5634 in
2373 5589 2628 5650 martyre.
2681 5576 2821 5632 Nam
2869 5576 3047 5632 Moses
3069 5575 3288 5645 quidem
3317 5571 3524 5627 solum-

1937 5673 2098 5728 modo
2152 5669 2344 5726 ccasio
2401 5668 2602 5740 accipit
2655 5667 2899 5724 tabulas:
2937 5667 3006 5723 ad
3039 5667 3188 5721 hunc
3237 5673 3419 5728 autem
3467 5671 3528 5716 et

1938 5780 2063 5828 vox,
2090 5772 2145 5818 et
2165 5763 2313 5834 virga
2345 5765 2411 5819 ab
2443 5762 2552 5817 alto
2583 5761 2884 5817 descendit.
2939 5760 3075 5816 Cum
3101 5768 3286 5814 autem
3313 5756 3528 5828 virgam

1939 5855 2260 5926 accepisset,
2282 5864 2334 5910 et
2380 5861 2438 5909 ut
2472 5868 2575 5911 vox
2607 5851 2969 5924 significabat,
3009 5867 3073 5910 ea
3107 5856 3307 5908 terram
3340 5847 3521 5904 disse”
