3996 6496
532 391 634 458 571

1792 393 2079 455 MENSIS
2117 392 2549 457 AUGUSTUS.

3659 399 3749 464 512

520 504 748 568 cuissct,
776 500 1046 570 quomodo
1072 498 1223 570 prius
1260 516 1409 557 mare
1431 502 1628 567 Moses,
1658 502 1858 574 accipit
1909 503 2092 557 Evan-
2118 507 2167 568 Α
2193 518 2359 557 causa
2423 516 2511 556 me
2555 499 2874 557 accersisti?
2933 499 3089 566 Quod
3109 513 3218 554 nec
3260 515 3467 571 possum
3544 506 3748 574 widem,

521 592 719 662 gelium
756 591 959 644 editum
991 604 1021 642 e
1056 598 1212 643 terrae
1236 590 1556 646 visceribus.

592 682 685 737 ΧΙ.
725 679 862 746 Quid
896 693 1035 746 opus
1081 688 1165 733 cst
1215 694 1278 734 ea
1309 681 1515 746 dicere,
1565 699 1686 752 quae
1745 692 1876 739 sunt
1920 695 2105 754 postea

521 769 853 828 consecuta?
881 767 995 820 Non
1023 770 1258 839 amplius
1312 773 1471 827 nobis
1516 783 1721 844 martyr
1764 775 1960 839 Moses,
2011 774 2105 830 sed

519 865 578 916 ﬁt
592 863 730 915 alius
750 861 946 914 Paulus
964 861 1265 930 praedicans
1284 863 1663 931 Evangelium.
1679 864 1814 918 Cum
1833 865 2105 933 quoddam

520 963 705 1006 autem
761 955 1024 1024 templum
1069 955 1487 1018 construxisset,
1537 954 1590 1006 in
1628 970 1735 1022 quo
1770 969 1928 1008 orare
1975 969 2107 1007 con-

430 1050 433 1055 '
520 1054 797 1102 sueverat.
854 1047 1115 1114 quoniam
1141 1046 1428 1114 oportebat
1466 1059 1613 1106 cum,
1663 1045 1804 1099 sicut
1865 1043 2105 1112 Paulus‘,

518 1137 730 1205 operari
761 1137 1031 1201 manibus,
1065 1136 1245 1190 divina
1304 1136 1505 1189 virtute
1529 1136 1594 1189 ad
1632 1152 1689 1190 se
1746 1135 1895 1189 ducit
1918 1150 2108 1189 omnes

519 1230 806 1287 feras:ct
887 1234 969 1286 lac
1024 1231 1273 1302 mulgens
1340 1229 1683 1295 feminarum,
1752 1243 2107 1299 quaecumque

520 1327 575 1382 id
606 1327 816 1382 Scilicet
851 1330 1096 1394 przehent
1132 1328 1485 1397 poculentum
1518 1326 1858 1387 hominibus,
1907 1324 2108 1380 efﬁcie-

519 1420 613 1474 bat
644 1435 863 1474 caseum
894 1437 908 1484 ;
942 1430 997 1474 et
1023 1421 1140 1490 ejus
1162 1420 1384 1490 quidem
1412 1435 1600 1490 parum
1630 1419 1734 1473 sibi
1767 1417 2108 1487 relinquebat

519 1519 576 1565 ct
625 1513 927 1581 reponebat
961 1529 981 1585 ε,
1008 1512 1278 1582 reliquum
1332 1522 1513 1566 autem
1547 1512 1886 1567 descendens
1930 1511 2110 1565 Caesa-

518 1615 693 1666 ream,
736 1603 1097 1657 distribuebat
1128 1605 1439 1673 egentibus.
1483 1604 1748 1669 Quoniam
1779 1612 1960 1658 autem
1989 1616 2113 1655 mae

519 1705 660 1760 gnus
683 1690 886 1745 Marnas
919 1691 1059 1746 fama
1098 1703 1153 1747 et
1208 1709 1460 1748 sermone
1510 1693 1808 1748 multorum
1857 1694 2109 1749 celebra-

516 1779 700 1847 batur,
733 1783 1041 1837 Alexander
1095 1785 1318 1854 quidem
1359 1787 1517 1849 alius,
1555 1802 1662 1841 non
1689 1788 1736 1841 is
1768 1801 1928 1855 quem
1959 1787 2109 1856 prius

518 1870 772 1937 diximus,
834 1880 963 1928 tunc
1020 1886 1237 1928 creatus
1301 1892 1503 1945 praeses
1578 1876 1960 1945 Cappadociae,
2033 1876 2115 1929 vir

518 1961 776 2026 crudelis,
806 1964 848 2017 si
885 1965 1026 2019 ullus
1049 1966 1207 2031 alius,
1235 1977 1289 2021 et
1323 1971 1665 2022 contendens
1719 1970 1774 2021 in
1829 1967 2114 2036 impietate

519 2066 550 2105 a
585 2053 806 2108 nemine
834 2057 1103 2125 superari,
1136 2074 1261 2111 cum
1295 2060 1362 2112 de
1398 2074 1463 2113 eo
1525 2058 2113 2126 omniazintellexisset,

516 2143 687 2197 mittit
711 2146 971 2213 quosdam
1001 2149 1213 2216 equites
1234 2150 1300 2203 ad
1320 2166 1446 2204 eum
1481 2150 1854 2220 quaerendum,
1888 2157 1946 2202 ut
1977 2164 2105 2203 cum

518 2220 883 2299 invenissent,
910 2237 976 2291 ad
1013 2254 1137 2291 eum
1195 2240 1553 2295 adducerent.
1598 2240 1735 2294 Cum
1772 2238 1987 2291 illorum
2014 2238 2116 2292 ita-

517 2340 626 2394 que
660 2326 949 2381 adventum
983 2330 1347 2398 prtescivissct
1378 2343 1607 2404 martyr,
1653 2334 1711 2388 lit
1742 2334 1822 2389 eis
1874 2332 2113 2389 obviam.

464 2470 467 2475 ,
516 2414 596 2470 Illi
631 2426 812 2472 autem
885 2430 1169 2490 postquam
1230 2423 1393 2477 simul
1463 2427 1878 2493 convenissent,
1939 2439 2117 2495 neque

525 2509 732 2562 scirent
763 2510 910 2565 hunc
980 2528 1102 2567 esse
1153 2514 1323 2578 illum,
1376 2518 1641 2586 rogabant
1675 2535 1824 2585 eum,
1868 2521 2114 2580 ubinam,

522 2605 579 2652 et
608 2598 663 2653 in
699 2616 808 2668 quo
842 2600 960 2657 loco
991 2613 1136 2657 esset
1171 2603 1398 2660 Mamas.
1423 2608 1513 2659 Ille
1536 2624 1664 2661 vero
1696 2625 1709 2663 :
1738 2609 1846 2662 Vos
1871 2610 2113 2679 quidem,

520 2691 716 2762 inquit,
752 2711 784 2750 ο
819 2698 1005 2763 amici,
1042 2710 1257 2769 Oportet
1286 2718 1429 2756 nunc
1464 2720 1525 2757 ex
1558 2720 1715 2773 cquis
1755 2705 2115 2771 descendere,

522 2791 583 2837 ut
606 2799 798 2841 eamus
819 2788 885 2841 ad
912 2804 1125 2843 ccenam
1164 2809 1178 2858 ;
1217 2802 1404 2861 postea
1436 2804 1617 2848 autem
1650 2797 1933 2850 ostendam
1967 2796 2117 2852 vobis

520 2873 873 2934 Mamantem.
910 2880 973 2934 lli
1006 2898 1136 2953 ergo
1158 2884 1226 2937 ab
1260 2899 1326 2938 eo
1358 2885 1599 2954 hospitio
1631 2886 1864 2955 accepti,
1894 2902 2114 2941 caseum

526 2977 585 3021 ct
613 2984 809 3038 panem
840 2971 1076 3028 libenter
1112 2974 1473 3030 comederunt
1508 2994 1522 3042 ;
1557 2976 1641 3031 his
1684 2978 1829 3032 cnim
1867 2980 2116 3050 egregius

522 3072 618 3112 cos
644 3061 855 3129 accepit
886 3062 1110 3127 Mamas,
1144 3065 1397 3118 dominus
1429 3065 1687 3121 convivii.

2210 595 2389 664 inquit
2414 609 2636 665 praeses,
2669 592 2995 663 perspicere,
3064 593 3387 660 quibusnam
3439 607 3587 652 utens
3627 615 3747 667 prte-

2210 685 2384 756 stigiis
2406 693 2461 739 et
2498 682 2982 746 incantationibus,
3011 680 3228 735 viribus
3249 683 3655 754 inexpugnabilia
3694 698 3741 743 et

2211 776 2323 830 fera
2345 775 2599 829 animalia
2625 773 2859 837 inducis,
2892 780 2952 827 ut
2972 788 3098 828 cum
3129 773 3209 827 eis
3236 774 3413 845 degas,
3432 785 3483 828 et
3509 778 3639 844 apud
3660 793 3743 833 eas

2208 867 2492 922 verseris:
2539 866 2773 933 imperes
2828 874 3012 921 autem
3064 867 3470 935 propemodum,
3520 878 3749 938 tanquam

2210 959 2420 1013 ratione
2473 958 2734 1028 praeditis.
2788 957 3152 1027 Respondens
3173 967 3351 1011 autem
3401 961 3749 1026 martyrzoui

2209 1051 2400 1117 servit,
2434 1049 2628 1119 inquit,
2664 1049 2774 1104 Deo
2808 1065 2953 1115 meo,
2985 1050 3079 1118 qui
3103 1049 3248 1103 solus
3287 1049 3437 1114 vivit,
3467 1060 3521 1104 et
3564 1059 3640 1104 est
3679 1066 3759 1106 ve-

2209 1155 2324 1205 rus,
2355 1153 2425 1193 ne
2451 1139 2534 1192 vel
2558 1153 2745 1208 parum
2779 1137 3001 1207 quidem
3035 1136 3362 1190 sustinuerit
3386 1136 3578 1190 versari
3609 1146 3657 1191 et
3679 1139 3749 1190 vi-

2209 1243 2317 1288 tam
2344 1247 2506 1302 agere
2534 1247 2661 1286 cum
2690 1230 3083 1286 idololatris-et
3112 1228 3389 1282 maleﬁcis.
3420 1227 3753 1294 Quamobrem

2208 1339 2310 1397 ego
2334 1324 2467 1379 mihi
2491 1323 2632 1378 duco
2660 1337 2782 1377 esse
2811 1320 3182 1392 praestantius,
3210 1319 3417 1373 versari
3448 1319 3600 1372 simul
3649 1334 3757 1371 cum

2208 1417 2360 1482 feris,
2386 1431 2548 1486 quam
2585 1414 2871 1470 vobiscum
2929 1411 3201 1466 habitare.
3252 1408 3385 1463 Nam
3423 1409 3522 1464 illa:
3567 1408 3760 1475 quidem

2208 1523 2319 1562 non
2348 1507 2550 1563 nostris
2580 1506 2938 1569 inducuntur,
2993 1513 3056 1557 ut
3095 1509 3280 1572 putas,
3310 1498 3753 1563 incantationibus,

2209 1610 2265 1655 et
2291 1601 2412 1655 ideo
2435 1600 2568 1654 mihi
2594 1598 2901 1670 redduntur
2920 1596 3133 1651 cicures
3158 1601 3218 1650 et
3253 1592 3574 1653 domesticae,
3602 1606 3756 1659 neque

2209 1693 2354 1748 enim
2380 1693 2494 1747 scio
2537 1691 2665 1761 quid
2693 1690 2798 1745 sibi
2832 1688 2961 1743 velit
2983 1687 3068 1742 vel
3094 1687 3272 1741 solum
3310 1699 3506 1738 nomen
3542 1684 3761 1737 incanta-

2213 1783 2379 1837 tionis
2413 1799 2428 1848 ;
2463 1783 2560 1838 sed
2588 1790 2645 1837 et
2685 1781 2732 1837 si
2760 1780 2883 1836 sint
2898 1778 3205 1850 prudentiae
3253 1784 3501 1845 expertes
3528 1782 3581 1827 et
3620 1772 3761 1826 ratio-

2149 1858 2191 1912 Β
2220 1876 2325 1941 nis,
2352 1876 2534 1930 sciunt
2563 1883 2745 1929 tamen
2778 1874 2910 1941 ipsa:
2935 1886 3149 1942 quoque
3194 1882 3380 1923 meum
3430 1863 3647 1919 revereri
3674 1864 3765 1915 Do-

2218 1970 2451 2031 minum,
2505 1967 2642 2022 etin
2687 1965 2895 2020 honore
2951 1964 3152 2018 habere
3213 1962 3337 2032 ejus
3394 1958 3634 2013 famulos.
3669 1955 3758 2011 Vos

2219 2076 2351 2115 vero
2377 2059 2509 2114 estis
2537 2059 2717 2128 longe,
2755 2072 2917 2127 quam
2938 2058 3091 2127 ipsae,
3115 2054 3304 2109 minus
3324 2049 3602 2121 participes
3626 2048 3769 2102 ratio-

2219 2150 2326 2216 nis,
2357 2150 2501 2219 quod
2532 2165 2657 2205 cum
2711 2149 2829 2204 illas
2879 2148 3124 2203 habeatis
3171 2144 3452 2215 exemplar
3502 2141 3765 2196 honorandi

2218 2242 2458 2307 Domini,
2493 2257 2563 2295 ne
2596 2242 2678 2297 sic
2700 2241 2924 2309 quidem
2957 2238 3287 2307 intelligitis.

2292 2335 2430 2390 Xlll.
2466 2335 2672 2389 Praeses
2701 2344 2883 2387 autem
2918 2347 3040 2386 cum
3074 2330 3347 2384 adversus
3376 2328 3488 2382 haec
3514 2340 3580 2380 ne
3609 2330 3763 2394 posset

2218 2429 2437 2498 quidem
2467 2426 2867 2487 contradicere,
2898 2422 3201 2478 conabatur
3242 2428 3428 2490 aperte
3462 2418 3561 2471 vim
3589 2415 3770 2469 aliene.

2217 2519 2330 2574 Cur
2357 2528 2539 2573 autem
2582 2532 2669 2580 eo,
2700 2515 2900 2579 aiebat,
2946 2509 3265 2582 processisti
3290 2507 3527 2564 stultitiae
3562 2515 3611 2560 et
3630 2502 3769 2557 auda-

2218 2612 2341 2675 ciae,
2394 2620 2453 2665 ut
2508 2610 2758 2679 insurgas
2812 2606 3035 2676 quidem
3094 2603 3368 2657 adversus
3422 2600 3768 2669 imperatorum

2219 2701 2654 2764 constitutiones,
2687 2698 3032 2769 impudenter
3065 2705 3258 2750 autem
3306 2708 3406 2747 nos
3452 2704 3650 2759 quoque
3675 2686 3768 2740 alii-

2219 2794 2334 2848 cias
2376 2791 2755 2849 contumeliis?
2785 2789 2891 2844 Sed
2935 2796 3205 2844 tormenta
3245 2795 3298 2840 te
3330 2784 3414 2839 vel
3442 2782 3651 2837 invitum
3676 2791 3769 2832 om-

2218 2886 2352 2940 nino
2403 2900 2469 2940 ea
2508 2900 2631 2955 quas
2678 2890 2919 2953 Oportet,
2983 2878 3301 2935 docuerint.
3345 2878 3411 2932 Et
3441 2875 3608 2930 statim
3639 2870 3765 2941 jubet

2218 2992 2345 3033 eum
2391 2990 2720 3045 suspensum
2766 2972 2924 3027 valde
2968 2971 3125 3025 caedi.
3157 2969 3263 3023 Ille
3295 2977 3497 3033 autem,
3525 2973 3575 3019 et
3593 2963 3634 3018 si
3655 2962 3764 3017 adeo

2218 3070 2412 3126 acerbe
2448 3071 2804 3130 laceraretur,
2839 3062 3072 3133 perinde
3113 3070 3245 3116 erat.
3278 3061 3518 3122 aﬂ‘ectus,
3562 3067 3701 3125 atque
3732 3052 3767 3105 si

594 3150 708 3205 ΧΙΙ.
745 3151 968 3208 Interim
1010 3166 1190 3210 autem
1250 3156 1316 3210 ad
1367 3166 1656 3229 martyrem
1706 3160 2004 3227 accedunt,
2060 3173 2120 3217 ut
2147 3197 2191 3255 ο
2224 3162 2431 3216 nullum
2461 3160 2703 3213 dolorem
2753 3157 2979 3211 sentiret
3029 3154 3276 3224 penitus.
3319 3152 3499 3221 Neque
3526 3150 3654 3205 enim
3685 3155 3770 3199 tor-

525 3256 952 3327 consucveraut,
1013 3247 1232 3301 {mnium
1269 3249 1594 3315 animantes,
1658 3260 1716 3304 ut
1773 3268 2119 3322 unaquaeque

525 3351 624 3390 suo
646 3336 784 3392 lacte
820 3339 1177 3409 mulgcrctur.
1215 3340 1366 3405 Quod
1407 3357 1530 3395 cum
1559 3343 1819 3397 vidissent
1879 3348 2115 3413 equites,

524 3426 1055 3498 cosinvasitstupor
1098 3446 1152 3483 et
1175 3431 1355 3495 timor,
1397 3442 1451 3486 et
1507 3448 1663 3486 coena
1709 3434 1928 3501 relicta,
1989 3450 2122 3490 con-

524 3516 741 3590 fugiunt
767 3520 833 3574 ad
890 3532 1203 3593 martyrem.
1286 3524 1380 3578 lllc
1429 3540 1562 3579 vero
1611 3541 1734 3579 cum
1782 3535 1985 3580 metum
2037 3527 2118 3581 eis

525 3611 837 3675 ademisset,
902 3622 957 3667 et
1008 3630 1103 3668 eos
1170 3616 1312 3669 bono
1398 3624 1453 3671 et
1514 3617 1700 3671 ﬁdenti
1757 3619 1940 3674 animo
1999 3636 2120 3676 esse

521 3704 816 3773 jussissct,
876 3704 1078 3760 deinde
1158 3707 1321 3762 vellet
1382 3710 1545 3763 etiam
1597 3725 1785 3764 eorum
1830 3713 2038 3767 animos
2088 3730 2118 3768 a

526 3809 657 3849 cura
687 3794 944 3859 liberare,
976 3795 1115 3851 dixit
1148 3813 1207 3852 se
1237 3799 1457 3869 quidem
1491 3817 1617 3855 vere
1675 3782 1796 3855 cum
1824 3819 1966 3870 esse,
2026 3808 2120 3875 qui

526 3888 898 3957 quaerebatur,
937 3888 1291 3957 Mamantem,
1335 3907 1408 3945 ne
1464 3893 1703 3962 amplius
1740 3910 1865 3948 cum
1911 3912 2121 3964 quaere-

527 3991 670 4035 rent.
704 3982 811 4037 Eos
840 3998 971 4053 ergo
997 3982 1245 4049 dimittit,
1283 3985 1559 4053 pollicitus
1620 3985 1861 4056 seipsmn
1902 4005 2120 4059 quoque

526 4086 652 4126 mox
682 4082 998 4126 venturum.
1029 4074 1236 4129 Deinde
1267 4090 1389 4128 cum
1416 4077 1627 4147 equites
1654 4081 1903 4147 protinus
1939 4097 2123 4136 reces-

528 4162 734 4217 sissent
765 4164 879 4234 (tali
919 4164 1065 4218 enim
1105 4166 1224 4219 viro
1241 4167 1559 4234 credebant,
1586 4184 1766 4239 neque
1793 4172 1846 4223 in
1878 4188 1944 4226 co
1971 4183 2122 4241 pote-

527 4262 654 4309 rant
676 4257 843 4309 ullum
875 4257 1139 4327 suspicari
1177 4259 1545 4329 mendacium)
1580 4278 1703 4314 cum
1753 4279 1918 4317 unum
1945 4282 2010 4319 ex
2055 4266 2120 4321 iis

528 4349 621 4417 qui
661 4356 818 4401 erant
862 4348 917 4402 in
948 4358 1155 4413 monte,
1202 4350 1470 4412 leonibus.
1534 4362 1739 4425 martyr
1768 4365 1901 4408 nutu
1948 4358 2013 4410 ad
2058 4373 2119 4412 se

528 4449 798 4505 vocasset,
851 4440 1005 4511 jubet
1062 4457 1208 4507 eum,
1272 4453 1559 4513 postquam
1619 4446 1738 4515 ipse
1822 4448 2116 4518 ingressus

529 4527 699 4583 fuerit
727 4530 986 4591 stadium,
1014 4532 1217 4585 cursim
1275 4548 1506 4603 pergere
1570 4533 1637 4588 ad
1669 4534 1888 4591 Graecos
1942 4547 1995 4591 et
2027 4536 2123 4591 Ju-

529 4622 699 4688 daeos,
729 4622 819 4691 qui
848 4621 1029 4693 lingua
1063 4623 1325 4679 maledica
1356 4625 1560 4680 nomini
1613 4626 1883 4698 Unigeniti
1945 4629 2129 4685 detra-

533 4714 697 4781 bunt,
761 4724 817 4769 et
862 4713 917 4769 id
974 4716 1282 4771 maledictis
1338 4717 1640 4783 incessunt,
1690 4729 1747 4772 ct
1792 4720 1871 4773 cis
1933 4721 2127 4777 all‘crre

529 4807 833 4861 interitum.
869 4804 995 4861 Haec
1026 4822 1150 4861 cum
1178 4807 1439 4877 iussisset
1471 4808 1626 4873 ferte,
1655 4823 1686 4862 e
1708 4818 1895 4864 monte
1945 4813 2121 4881 proﬁ-

527 4897 885 4952 ciscitur:et
922 4897 1134 4952 accedit
1184 4897 1253 4951 ad
1306 4898 1539 4968 equites,
1593 4899 1686 4967 qui
1753 4915 1879 4954 eum
1926 4918 2124 4972 exspe-

530 4990 754 5043 ctabant
794 4988 862 5042 ad
920 4996 1131 5059 portam
1162 4987 1419 5044 civitatis.
1480 4988 1614 5042 Cum
1663 4988 1698 5042 ii
1763 4991 1944 5060 itaque
1998 5008 2123 5048 cum

531 5080 977 5149 assumpsissent,
1000 5080 1209 5135 ducunt
1233 5080 1299 5133 ad
1366 5080 1758 5135 Alexandrum.
1796 5081 1892 5135 llle
1940 5090 2124 5135 autem

527 5172 786 5243 protinus
853 5190 869 5227 :
932 5172 1089 5228 Tune
1137 5189 1219 5236 es,
1279 5173 1476 5244 inquit,
1545 5173 1637 5228 ille
1693 5175 1789 5244 qui
1842 5190 1901 5230 es
1952 5176 2127 5247 magia

531 5263 804 5335 insignis?
863 5263 1067 5337 Martyr
1121 5275 1304 5321 autem
1348 5265 1549 5320 Mamas
1597 5268 1900 5333 prudenter
1951 5269 2126 5322 dicit:

531 5356 644 5428 Ego
664 5372 784 5412 sum
816 5355 1022 5413 Christi
1054 5374 1269 5425 servus,
1309 5358 1402 5429 qui
1457 5359 1537 5413 eis
1575 5361 1793 5430 quidem
1851 5360 1942 5429 qui
1998 5374 2122 5414 crc—

530 5447 669 5502 dunt
714 5447 772 5503 in
840 5449 1042 5520 ipsum,
1072 5458 1128 5505 et
1179 5450 1390 5505 faciunt
1443 5452 1563 5520 ejus
1628 5452 1990 5515 voluntatem,
2024 5451 2118 5505 dat

533 5539 804 5610 salutem;
835 5557 1021 5612 magos
1067 5550 1249 5597 autem
1281 5542 1748 5608 etincantatores,
1801 5554 1859 5598 ct
1886 5558 1983 5599 eos
2014 5542 2112 5611 qui

536 5630 768 5688 adorant
808 5631 975 5698 idola,
1002 5632 1112 5704 igni
1146 5635 1313 5689 tradit
1344 5641 1575 5691 atterno.
1609 5633 1716 5691 Sed
1771 5651 2006 5707 quanam
2047 5636 2116 5692 de

645 5811 661 5841 '
696 5810 713 5865 I
740 5811 866 5868 Cor.
892 5830 967 5880 tv,
994 5813 1084 5868 12.

2225 3262 2371 3308 tores
2413 3252 2624 3322 aspexit
2660 3249 2992 3310 eﬁ‘eminate,
3026 3262 3126 3301 nec
3150 3261 3207 3301 se
3250 3246 3463 3300 mollem
3506 3239 3708 3313 praebuit
3728 3237 3768 3289 in

2224 3352 2515 3409 tormento,
2548 3358 2659 3397 non
2690 3341 2897 3396 humile
2923 3349 2978 3394 et
3010 3338 3282 3393 illiberale
3325 3335 3521 3407 aliquid
3548 3342 3623 3387 est
3646 3332 3770 3385 locu-

2225 3441 2311 3487 tus
2345 3450 2358 3486 :
2393 3431 2487 3486 sed
2531 3437 2678 3484 recta
2715 3428 2771 3483 in
2804 3426 3005 3483 ccelum
3048 3440 3177 3480 suos
3211 3425 3481 3480 deﬁxerat
3525 3420 3691 3476 oculos
3729 3427 3772 3470 et

2223 3524 2648 3580 consolationem
2675 3520 3028 3590 exspectabat
3045 3534 3073 3572 a
3099 3518 3343 3588 superis.
3367 3517 3498 3573 Cum
3527 3528 3642 3571 vero
3665 3525 3775 3581 prat-

2224 3633 2313 3673 scs
2363 3617 2760 3688 suppliciorum
2803 3624 2860 3670 et
2917 3614 3166 3669 dolorum
3233 3614 3580 3669 acerbitatem
3625 3609 3773 3662 inten-

2222 3710 2396 3774 deret,
2432 3719 2485 3764 et
2528 3708 2759 3763 instaret
2802 3715 2861 3761 ut
2931 3715 3135 3776 martyr
3172 3704 3478 3761 laniaretur
3524 3702 3774 3758 vehemen-

2223 3805 2349 3867 tius,
2386 3818 2490 3859 vox
2526 3802 2774 3872 quasdam
2804 3786 3013 3861 divina,
3043 3815 3159 3870 quae
3187 3800 3408 3855 exstitit
3438 3815 3468 3854 e
3499 3793 3706 3866 superis,
3731 3788 3773 3843 ei

2220 3895 2441 3967 quidem
2492 3895 2637 3949 levat
2684 3907 2937 3962 magnam
2989 3899 3199 3960 partem
3242 3892 3491 3948 doloris:
3531 3886 3775 3945 conﬁrmat

2221 3996 2406 4043 autem
2439 3996 2495 4042 et
2537 3986 2851 4042 corroborat
2880 3984 2956 4047 id,
3007 3982 3152 4053 quod
3186 3982 3497 4050 laborabat,
3536 3990 3587 4037 et
3627 3975 3777 4047 reddi;

2223 4096 2350 4136 cum
2399 4078 2688 4151 quibusvis
2739 4076 3031 4132 tormentis
3082 4077 3458 4145 superiorem.
3487 4075 3632 4143 _Eam
3679 4081 3778 4125 cum

2226 4172 2385 4229 multi
2417 4172 2697 4227 audissent
2733 4185 2800 4225 ex
2833 4168 3107 4231 ﬁdelibus,
3148 4167 3425 4223 ﬁrmiores
3469 4175 3523 4221 et
3558 4169 3776 4221 constan—

2221 4268 2386 4322 tiores
2425 4273 2718 4320 evaserunt
2751 4262 2807 4316 in
2837 4262 3062 4332 pietate.
3100 4259 3412 4316 Alexander
3444 4267 3616 4313 autem
3639 4261 3768 4324 post-

2219 4370 2383 4427 quam
2424 4354 2555 4408 vidit
2587 4365 2911 4423 generosum
2938 4349 3270 4403 Mamantem
3313 4349 3469 4404 nihili
3491 4347 3656 4402 facere
3691 4340 3779 4427 ferr

2221 4426 2343 4500 reas
2375 4444 2493 4498 illas
2542 4441 2794 4512 ungulas,
2835 4440 3036 4510 quibus
3068 4438 3401 4502 laniabatur,
3447 4436 3606 4493 corde
3639 4426 3780 4497 magis

2153 4553 2196 4608 ι)
2227 4539 2567 4594 lacerabatur
2594 4536 2663 4590 ab
2698 4533 2947 4599 insania;
2978 4542 3033 4588 et
3068 4533 3249 4603 ipsum
3280 4532 3502 4601 quidem
3544 4527 3683 4583 illinc
3702 4522 3780 4576 de-

2236 4626 2711 4686 ducit:accendit
2762 4634 2944 4680 autem
2997 4623 3275 4679 fornacem
3323 4622 3485 4693 ignis,
3517 4628 3574 4674 ut
3609 4611 3782 4670 athleta

2235 4721 2290 4775 in
2328 4735 2448 4776 eam
2479 4719 2776 4791 jaceretur.
2824 4717 3002 4786 Atque
3023 4716 3135 4786 jam
3166 4715 3390 4785 quidem
3422 4706 3784 4768 accendedatur

2232 4814 2428 4869 fornax
2455 4812 2596 4885 ignis
2630 4828 2645 4864 :
2679 4824 2882 4882 praises
2910 4824 3063 4874 vero,
3092 4808 3357 4878 quoniam
3413 4814 3545 4860 tunc
3578 4807 3686 4858 erat
3705 4810 3784 4850 oc-

2230 4915 2461 4978 cupatus
2490 4907 2547 4961 in
2577 4904 2718 4973 aliis,
2755 4903 2921 4958 satius
2951 4917 3072 4958 esse
3102 4902 3317 4970 putavit
3347 4910 3636 4971 parumper
3666 4901 3786 4944 mar-

2231 5006 2402 5068 tyrem
2435 4995 2649 5051 tradere
2677 4993 2733 5048 iu
2773 4992 3100 5047 custodiam.
3140 4990 3387 5057 Quadam
3416 4988 3558 5043 enim
3589 4995 3676 5053 spe
3700 4978 3785 5032 du-

2231 5089 2479 5156 cebatur,
2535 5086 2680 5158 quod
2722 5085 2767 5140 si
2804 5085 2856 5140 ei
2899 5092 3116 5155 tempus
3167 5083 3414 5150 daretur,
3469 5088 3531 5136 ut
3575 5071 3708 5146 apud
3739 5081 3788 5122 se

2230 5188 2399 5244 esset,
2454 5186 2511 5233 et
2539 5176 2912 5234 consideraret
2939 5175 3271 5240 accuratius.
3310 5173 3429 5229 lore
3457 5181 3519 5226 ut
3559 5175 3613 5223 et
3644 5172 3788 5230 expe-

2234 5268 2428 5325 rientia
2455 5267 2746 5333 malorum,
2775 5280 2896 5337 quae
2918 5271 3334 5337 praecesserant,
3360 5270 3417 5318 et
3444 5268 3587 5315 metu
3615 5254 3788 5310 futura:

2235 5361 2490 5425 fornacis,
2532 5359 2817 5415 accederet
2846 5358 3061 5413 mollior
3095 5357 3164 5414 ad
3199 5354 3472 5412 secundas
3510 5351 3788 5412 interroga-

2225 5454 2423 5517 tiones,
2457 5460 2513 5506 et
2541 5466 2653 5506 non
2696 5466 2886 5520 parum
2916 5450 3160 5520 priorem
3206 5463 3366 5506 suam
3406 5448 3639 5502 mutaret
3680 5449 3787 5491 sen-

2224 5542 2470 5600 tentiam.
2502 5541 2680 5611 Atque
2710 5540 2799 5595 ille
2827 5541 3045 5611 quidem
3075 5541 3159 5595 vir
3180 5551 3480 5612 generosus
3510 5526 3781 5600 conjicitur

2224 5636 2279 5689 in
2325 5648 2600 5690 carcerem
2645 5632 2760 5688 :ad
2809 5633 3167 5705 quadraginta
3206 5638 3390 5686 autem
3440 5621 3782 5683 Christianos,
