3996 6428
179 425 287 491 573

1291 412 1763 476 MARTYRIUM
1806 411 1871 471 S.
1913 408 2335 472 MAMAN'l‘lS.

3348 392 3453 456 5'14

179 539 269 613 qui
303 538 360 593 in
404 547 473 589 eo
516 532 671 605 prius
708 529 1114 596 detinebantur,
1149 527 1223 584 ibi
1278 528 1531 583 inventos
1570 526 1765 580 liberat
1787 522 1843 585 Δ
1867 527 2183 578 reverenter
2199 517 2479 575 adorabat.
2512 526 2567 573 et
2593 514 2659 571 ad
2690 513 2809 586 ejus
2831 506 3455 613 pedes'procumbebat.

181 649 212 687 a
239 626 477 683 vinculis
507 643 521 679 :
556 632 613 680 et
642 638 768 678 cum
814 620 1051 676 carceris
1095 620 1273 675 claves
1304 627 1361 675 et
1393 627 1577 675 vectes
1622 616 1774 671 labe-

183 723 468 782 factasset,
499 715 615 770 sola
656 715 995 785 precatione,
1040 723 1097 770 et
1128 723 1268 768 totas
1296 719 1483 782 portas
1526 709 1775 780 aperuis-

186 818 292 871 set,
347 806 432 861 eis
477 804 699 871 quidem
748 800 1019 864 concedit,
1064 811 1125 855 ut
1177 801 1298 855 sine
1329 798 1516 852 labore
1557 808 1774 863 exeant,

188 896 523 964 relinquitur
554 903 738 948 autem
771 893 860 947 ille
887 892 1036 947 solus
1074 895 1126 945 in
1163 890 1426 953 custodia,
1468 889 1522 943 in
1546 903 1650 957 qua
1680 902 1779 940 an-

188 990 609 1065 gelilpraesentia
630 990 965 1046 excitabatur
986 999 1042 1043 et
1060 986 1486 1043 confirmabatur
1504 984 1570 1039 ad
1592 983 1778 1039 futura

186 1083 519 1140 certamina.

260 1173 412 1229 XIV.
456 1172 674 1228 Interea
705 1188 835 1243 ergo
860 1172 972 1243 jam
1017 1187 1245 1229 accensa
1277 1180 1394 1227 erat
1439 1172 1633 1227 fornax
1669 1187 1685 1226 :
1726 1178 1782 1226 et

188 1280 417 1338 prteses,
460 1265 689 1333 abiectis
729 1265 850 1320 aliis
875 1265 1041 1329 euris,
1072 1279 1261 1319 rursus
1298 1263 1551 1334 producit
1580 1272 1782 1333 marty-

196 1368 304 1407 rem
335 1354 405 1407 ad
442 1353 700 1417 tribunal,
730 1361 787 1409 et
815 1354 944 1408 dicit
975 1372 989 1408 :
1023 1353 1195 1408 Tanta
1232 1355 1459 1408 omnino
1491 1364 1678 1409 nostra
1725 1353 1781 1409 in

196 1444 356 1498 rebus
399 1444 641 1499 maxime
691 1445 1014 1500 necessariis
1059 1446 1365 1515 occupatio,
1408 1453 1463 1500 et
1524 1445 1782 1501 diuturna

195 1534 250 1589 in
285 1534 402 1589 illis
436 1540 612 1600 mora,
646 1537 999 1606 praebuerunt
1028 1546 1242 1607 tempus
1290 1537 1515 1592 ineundi
1562 1537 1778 1593 consilii

193 1622 337 1691 quod
373 1628 525 1677 esset
573 1622 669 1677 tibi
705 1623 860 1679 utile.
914 1623 1011 1677 Sin
1064 1624 1269 1686 minus,
1304 1632 1361 1678 tu
1405 1623 1576 1686 vides,
1619 1639 1783 1693 quam

196 1715 264 1770 sit
307 1714 419 1768 alta
456 1715 651 1769 fornax
680 1733 695 1768 :
724 1716 860 1770 nihil
893 1726 1072 1771 tamen
1099 1717 1299 1781 dicam,
1329 1716 1505 1772 donec
1538 1715 1784 1771 inconsi-

191 1806 384 1862 derata
421 1805 541 1861 haec
574 1813 666 1860 tua
694 1810 998 1862 constantia
1044 1807 1308 1869 etl‘ecerit,
1349 1814 1407 1861 ut
1451 1814 1504 1860 te
1553 1807 1784 1860 multum

1872 614 2131 689 Dixisses,
2168 613 2213 668 si
2244 611 2494 674 vidisses,
2535 624 2659 663 eum
2705 604 2955 675 amplecti
3011 602 3154 655 illius
3209 597 3455 666 vestigia.

1872 705 2082 762 Pardus
2111 712 2293 758 autem
2320 702 2462 757 lenis
2478 709 2534 754 et
2582 705 2920 759 mansuetus,
2951 693 3008 746 in
3047 693 3164 757 ejus
3200 691 3460 742 humeros

1875 796 2200 853 citra.ullam
2229 792 2476 847 insiliens
2504 787 2834 849 molestiam,
2880 786 3061 855 lingua
3115 779 3461 849 abstergebat

1874 892 1996 961 ejus
2026 889 2303 947 sudorem,
2327 892 2383 938 et
2416 897 2541 937 eum
2573 877 2935 935 demulcebat.
2984 872 3208 944 perinde
3246 885 3308 923 ac
3335 884 3459 921 eum

1877 982 2164 1044 deliniens,
2192 987 2247 1033 et
2275 992 2417 1047 agre
2447 974 2627 1029 ferens
2649 988 2709 1027 ea
2740 985 2861 1041 qua:
2889 968 3219 1039 patiebatur.
3252 963 3321 1017 Et
3344 977 3466 1030 quae

1877 1094 1907 1133 a
1921 1074 2154 1149 praeside
2165 1069 2384 1140 quidem
2405 1066 2660 1121 immissae
2678 1060 3029 1122 suntbestizn,
3056 1057 3155 1116 sic,
3177 1063 3235 1109 ut
3249 1052 3465 1113 videtis.

1877 1146 2062 1225 meum
2096 1172 2403 1220 tractarunt
2431 1160 2713 1214 athletam.
2745 1154 2852 1208 Sed
2884 1167 2994 1206 non
3023 1149 3104 1204 sic
3129 1149 3238 1214 leo,
3267 1146 3360 1216 qui
3397 1148 3464 1200 ab

1879 1262 1973 1319 illo
2004 1261 2218 1331 signum
2260 1252 2492 1322 accepit,
2548 1246 2867 1319 quem'ipse
2915 1238 3148 1294 armavit
3197 1238 3464 1291 adversus

1880 1326 2101 1424 impios,
2134 1360 2191 1404 ut
2230 1341 2384 1417 prius
2438 1342 2697 1398 diximus.
2743 1335 2880 1390 Nam
2916 1330 3173 1387 dentibus
3208 1326 3469 1389 stridens,

1883 1455 1939 1502 et
1969 1445 2105 1499 iram
2141 1441 2376 1512 spirans,
2411 1447 2642 1505 propere
2675 1424 2955 1486 descendit
2981 1424 3049 1478 de
3077 1429 3263 1476 monte
3298 1436 3313 1472 :
3345 1433 3474 1472 cum

1883 1535 2263 1595 conturbasset
2297 1530 2594 1587 theatrum,
2630 1532 2685 1577 et
2714 1521 2769 1575 in
2809 1526 2990 1588 partes
3023 1514 3371 1574 dissecasset,
3408 1523 3477 1563 ex

1883 1632 1964 1687 eis
1997 1627 2215 1700 quidem
2247 1624 2450 1677 multos
2478 1614 2768 1685 discerpsit
2796 1608 3056 1700 dentibus
3092 1612 3149 1659 et
3178 1600 3474 1700 unguibus.

1885 1690 2034 1791 Quo-
2055 1718 2276 1792 quidem
2345 1722 2591 1781 tempore
2665 1699 3088 1760 innumerabilis
3182 1690 3479 1748 multitudo

1889 1791 2214 1882 inﬁdelium,
2280 1804 2648 1872 intelligentes
2711 1797 2969 1851 virtutem
3034 1791 3483 1882 divinam,‘qua‘.

193 1898 475 1967 depbrcs.
524 1898 619 1953 Ille
647 1908 831 1954 autem
863 1899 947 1953 vir
970 1900 1217 1971 egregius
1246 1918 1257 1952 :
1285 1898 1406 1954 1am
1438 1898 1556 1963 tibi,
1589 1914 1620 1951 ο
1645 1914 1785 1967 prae-

1902 1915 2006 1964 erat
2037 1906 2091 1959 in
2121 1910 2379 1967 martyre,
2412 1896 2530 1966 ejus
2576 1892 2743 1946 Deum
2787 1885 3072 1957 magnifice
3124 1877 3481 1971 extollebant.

195 2004 304 2053 ses,
342 1991 706 2059 priusﬁmeam
742 1990 928 2060 aperui
967 1989 1330 2055 sententiam;
1357 2005 1456 2044 cur
1494 1989 1561 2043 de
1598 1987 1788 2041 iisdem

198 2082 361 2136 rebus
393 2081 490 2135 tibi
528 2096 719 2136 rursus
748 2082 971 2136 exhibes
1000 2082 1468 2152 negotium?Cum
1494 2079 1786 2149 inceperis,

199 2173 369 2229 linem
405 2175 664 2244 impone;
711 2190 780 2229 ne
820 2172 1041 2229 diﬂeras
1072 2189 1135 2229 ea
1182 2189 1302 2245 quze
1349 2172 1481 2227 mihi
1513 2188 1571 2227 es
1619 2173 1789 2225 mina-

200 2276 307 2320 tus.
348 2266 568 2321 Praeses
627 2276 809 2321 autem
858 2280 982 2320 eum
1018 2264 1267 2336 protinus
1318 2264 1564 2318 immittit
1592 2263 1646 2317 in
1682 2263 1793 2317 for-

195 2369 413 2411 necem.
467 2355 576 2410 Sed
611 2356 702 2426 qui
731 2358 935 2426 pueris,
972 2357 1065 2427 qui
1115 2364 1270 2411 erant
1308 2356 1363 2410 in
1396 2354 1637 2424 Assyria,
1677 2353 1795 2408 ior-

199 2463 393 2502 nacem
423 2448 722 2517 aliquando
754 2461 877 2503 rore
906 2450 1139 2518 aspersit
1172 2450 1336 2515 Deus,
1373 2448 1418 2502 is
1453 2448 1540 2502 hic
1576 2463 1792 2517 quoque

201 2538 417 2601 aderat,
455 2538 719 2594 auferens
757 2539 897 2610 ignis
943 2542 1332 2611 operationem.
1370 2541 1567 2612 Martyr
1607 2549 1788 2594 autem

202 2629 536 2683 versabatur
588 2628 643 2682 in
689 2627 930 2696 ﬂamma,
985 2638 1239 2699 tanquam
1283 2631 1337 2685 in
1379 2639 1534 2700 prato
1580 2629 1791 2690 ﬂorido.

202 2718 341 2774 Toto
396 2728 551 2775 certe
589 2728 857 2791 tempore.
906 2722 1094 2792 quoin
1125 2723 1247 2791 igne
1291 2733 1372 2778 est
1408 2733 1668 2788 moratus,
1706 2740 1793 2779 ca-

199 2811 368 2866 nebat
404 2811 642 2881 bymuos
691 2817 759 2867 ad
807 2813 994 2869 Deum.
1043 2815 1220 2883 Atque
1272 2824 1382 2869 tres
1422 2816 1641 2885 quidem
1675 2816 1794 2871 dies

201 2919 327 2957 eum
376 2904 555 2957 tenuit
603 2903 816 2959 fornax.
855 2904 1059 2960 Deinde
1103 2922 1226 2961 cum
1260 2906 1474 2961 ﬂamma
1528 2919 1795 2963 cessasset

200 3002 253 3049 et
282 3001 482 3048 essent
512 2994 568 3047 in
595 2993 833 3049 cinerem
872 2994 1119 3050 dissoluti
1152 2996 1434 3061 carbones,
1464 2997 1618 3067 jubet
1647 3012 1787 3067 prae-

203 3101 292 3141 ses
329 3086 644 3151 lictoribus,
692 3096 750 3141 ut
781 3086 1036 3152 eﬂerant,
1069 3087 1114 3141 si
1157 3088 1289 3157 quid
1318 3088 1391 3143 sit
1424 3089 1692 3159 reliquum
1725 3104 1793 3145 ex

1894 2000 2037 2064 llaec,
2070 2010 2189 2065 quae
2221 1964 2306 2047 vel
2339 1964 2487 2059 ipsos
2514 1990 2767 2056 poterant
2848 1977 3059 2033 mollire
3085 1970 3314 2043 lapides,
3358 1964 3486 2067 red-

1891 2092 2094 2149 debant
2137 2084 2423 2159 prtesidem
2458 2079 2737 2133 duriorem
2774 2090 2789 2127 :
2824 2080 2879 2127 et
2930 2070 3143 2123 leonem
3190 2072 3380 2116 rursus
3430 2069 3486 2159 tu

1892 2154 2346 2255 ipsumimmittit.
2372 2173 2467 2228 llle
2499 2171 2974 2235 autem,quantum
2999 2157 3088 2228 qui
3108 2154 3487 2255 praecesserat,

1891 2237 2156 2334 e‘ﬂ‘eratus
2195 2260 2372 2326 fuerat
2404 2267 2462 2321 in
2521 2260 2748 2332 impium
2779 2257 3075 2313 theatrum,
3110 2255 3167 2302 et
3199 2246 3279 2297 eis
3303 2237 3492 2336 quavis

1891 2372 2066 2421 morte
2086 2360 2248 2415 vitam
2269 2355 2523 2411 ell'ecerat
2539 2348 2898 2405 acerbiorem,
2924 2348 3136 2393 tantum
3156 2334 3245 2389 hic
3264 2334 3492 2389 accessit

1895 2455 2045 2511 mitis
2072 2462 2127 2507 et
2158 2456 2480 2505 mansuetus
2510 2450 2799 2510 martyrem
2830 2452 2844 2489 :
2876 2433 3014 2487 adeo
3048 2437 3107 2486 ut
3129 2430 3316 2484 multis
3342 2425 3492 2476 vide-

1895 2555 2047 2602 retur
2070 2542 2350 2598 immissus
2368 2551 2490 2592 esse
2521 2550 2550 2587 a
2570 2528 2802 2603 praeside
2830 2522 2896 2581 ad
2923 2539 3046 2579 eum
3074 2514 3491 2577 consolandum,

1893 2654 2003 2694 non
2045 2642 2226 2689 autem
2260 2632 2326 2686 ad
2355 2627 2718 2700 puniendum.
2748 2627 2754 2632 “
2802 2678 2805 2679 ν

1964 2725 2109 2782 XVI.
2146 2724 2281 2780 Cum
2316 2721 2499 2791 itaque
2533 2732 2685 2788 spem
2725 2727 2939 2770 omnem
2990 2705 3281 2778 abiecisset
3316 2702 3497 2768 impu-

1895 2822 2031 2875 dens
2061 2818 2150 2872 ille
2181 2828 2407 2886 prmses,
2426 2818 2580 2883 rogat
2624 2805 2917 2878 quemdam
2943 2818 3009 2856 ex
3037 2799 3104 2854 iis
3128 2796 3221 2868 qui
3261 2795 3309 2886 ei
3342 2805 3500 2863 pare-

1894 2913 2051 2978 bant,
2087 2917 2146 2963 ut
2169 2885 2220 2961 in
2251 2902 2493 2975 praeclari
2529 2902 2696 2970 hujus
2722 2895 2976 2968 martyris
3015 2892 3226 2947 viscera
3258 2885 3497 2941 ferteum

1895 2975 2077 3074 adigat
2120 2998 2439 3053 tridentem.
2498 2992 2566 3047 Et
2610 2991 2702 3047 ille
2763 2988 2985 3059 quidem
3047 2997 3172 3038 eum
3238 2975 3500 3074 ambabus

1895 3069 2148 3149 manibus
2166 3096 2385 3158 torquet
2402 3089 2456 3143 in
2479 3093 2787 3156 martyrem.
2810 3082 3010 3152 Martyr
3034 3085 3215 3132 autem
3235 3069 3502 3139 sanguine

202 3177 426 3233 ossibus
475 3177 749 3248 martyris.
769 3177 846 3232 llli
885 3189 1066 3233 autem
1098 3195 1219 3234 eum
1253 3181 1531 3236 venissent
1568 3182 1635 3237 ad
1679 3183 1790 3237 for-
1831 3213 1875 3276 C
1920 3183 2197 3241 manantia
2230 3181 2334 3236 fert
2368 3179 2647 3239 intestina,
2685 3175 2819 3229 adeo
2858 3182 2918 3227 ut
2942 3169 3187 3241 quaedam
3220 3162 3415 3263 mulier
3438 3172 3504 3211 ex

202 3285 427 3336 uacem,
471 3270 622 3325 illius
673 3286 860 3326 vocem
885 3273 1469 3342 apertissimeandiunt
1494 3275 1660 3330 Deum
1684 3276 1807 3331 lau-

204 3363 459 3419 dantem.
501 3361 582 3417 Illi
616 3377 747 3419 vero
779 3365 1029 3434 protinus
1085 3367 1314 3434 reversi,
1348 3367 1568 3423 Praesidi
1601 3386 1811 3426 renun-

207 3455 348 3509 tiaut
362 3471 484 3509 rem
510 3456 655 3511 illam
671 3457 1066 3512 admirabilem.
1095 3457 1185 3512 llle
1203 3475 1334 3513 vero
1359 3476 1374 3514 :
1412 3459 1514 3515 Per
1532 3478 1811 3532 magnum.

207 3546 415 3619 inquit,
456 3547 837 3618 Serapionem,
868 3557 922 3603 et
971 3550 1104 3605 alios
1137 3564 1329 3605 omnes
1379 3552 1532 3619 deos,
1582 3555 1685 3609 hoc
1725 3570 1813 3615 est

209 3648 403 3709 aperte
432 3639 732 3695 incantatio
749 3649 804 3694 et
836 3640 1137 3712 praestigiae.
1170 3642 1231 3694 Et
1258 3643 1421 3696 multa
1446 3645 1549 3697 alia
1580 3656 1816 3717 nugatus

210 3741 299 3785 est
328 3732 603 3787 adversus
631 3733 916 3786 veritatem
947 3749 962 3787 :
998 3734 1131 3787 adeo
1153 3743 1269 3787 erat
1305 3735 1549 3791 attonitae.
1581 3748 1637 3792 et
1659 3739 1817 3807 plane

216 3834 419 3878 emota:
454 3824 679 3878 mentis.
710 3822 949 3893 Populus
976 3833 1180 3890 autem,
1214 3825 1547 3894 quicunque,
1572 3826 1816 3898 inquam,

217 3916 506 3987 paululum
543 3923 795 3985 poterant
855 3916 1053 3972 intueri
1088 3916 1156 3971 ad
1214 3917 1522 3981 veritatem,
1561 3933 1687 3972 cum
1716 3936 1819 3975 nec

218 4006 360 4075 ignis
381 4008 695 4078 vestigium,
729 4023 907 4077 neque
966 4008 1130 4063 ullam
1160 4007 1441 4079 fuliginem
1478 4013 1819 4080 aspexissent

222 4101 365 4156 ferre
418 4100 705 4166 athletam,
772 4101 917 4156 illius
954 4101 1125 4157 Deum
1159 4102 1475 4170 laudabant,
1509 4112 1564 4158 et
1606 4104 1658 4159 ei
1715 4105 1819 4160 soli

224 4192 581 4246 ascribebant
601 4191 948 4246 miraculum.

299 4285 417 4339 XV.
450 4284 695 4339 Stolidus
726 4294 909 4339 autem
930 4298 1149 4354 praeses,
1182 4292 1469 4354 postquam
1502 4299 1567 4340 ex
1600 4284 1823 4341 fornace

230 4396 426 4435 rursus
486 4379 658 4433 astitit
716 4385 917 4447 martyr
966 4392 1131 4434 sanus
1184 4386 1240 4432 et
1267 4377 1449 4432 salvus
1495 4386 1623 4432 ante
1680 4375 1824 4432 illius

230 4470 494 4537 tribunal,
532 4486 655 4527 cum
674 4484 776 4525 nec
791 4470 913 4539 ejus
929 4469 1149 4550 quidem
1172 4468 1341 4540 pilum
1372 4469 1511 4540 ignis
1529 4469 1821 4540 attigisset,
1845 4462 1854 4474 ’

1915 3278 1983 3333 iis
2010 3291 2129 3345 quae
2168 3271 2446 3329 benevolae
2481 3276 2639 3324 erant
2674 3264 3017 3337 martyribus,
3070 3272 3231 3328 quam
3268 3252 3506 3324 primum

1916 3382 2226 3429 accurrens,
2261 3374 2472 3419 cratere
2525 3369 2706 3433 guttas
2741 3355 3021 3428 sanguinis
3068 3345 3392 3416 susceperit,
3450 3348 3507 3394 et

1915 3463 2071 3517 lactus
2100 3457 2405 3530 ingreditur
2444 3471 2543 3525 per
2599 3453 2841 3507 medium
2888 3449 3158 3502 theatrum
3198 3457 3213 3507 ;
3252 3446 3501 3530 magnam

1918 3554 2063 3610 enim
2094 3563 2131 3606 a’
2161 3523 2391 3604 vinculis
2436 3523 2784 3601 securitatem
2820 3537 3094 3611 praebebat
3124 3533 3172 3587 ei
3215 3530 3359 3589 ﬁnis,
3415 3523 3507 3593 qui

1921 3661 2043 3701 mox
2078 3641 2516 3712 exspectabatur,
2566 3643 2623 3689 et
2670 3633 2949 3705 egreditur
2989 3629 3147 3682 laetus
3200 3638 3229 3677 e
3264 3619 3510 3678 civitate,

1923 3750 2113 3801 onere,
2144 3732 2290 3804 quod
2331 3729 2594 3802 gestabat,
2642 3725 2747 3781 sibi
2807 3723 3028 3795 placens
3069 3718 3199 3773 dum
3246 3715 3512 3804 internum

1923 3838 2137 3883 natura:
2213 3798 2672 3891 compositionem
2754 3815 2810 3870 in
2886 3810 3137 3867 manibus
3197 3798 3515 3859 suavissime

1921 3914 2360 3978 circumferebat,
2394 3919 2453 3965 ut
2480 3911 2570 3980 qui
2594 3910 2876 3980 gauderet,
2899 3902 3040 3974 quod
3056 3917 3119 3954 ea
3144 3898 3333 3951 oblata
3359 3901 3507 3944 esset

1924 4009 2103 4065 hostia
2138 4006 2189 4061 ei
2217 4005 2310 4075 qui
2350 4003 2700 4064 formaverat,
2741 4006 2796 4053 et
2845 4003 2999 4068 grato
3059 3991 3242 4046 animo
3303 3983 3517 4039 reddita

1923 4111 2071 4159 esset
2100 4100 2150 4155 ei
2170 4097 2260 4169 qui
2279 4097 2522 4153 dederat.
2543 4094 2676 4148 Cum
2696 4106 2824 4163 ergo
2845 4089 2952 4145 duo
2975 4085 3147 4142 stadia
3169 4079 3518 4153 pervasisset.

1925 4204 1980 4250 et
2001 4193 2222 4248 Christo
2256 4187 2598 4260 agonothetae
2626 4182 2800 4239 visum
2840 4188 2988 4235 esset
3020 4193 3144 4233 eum
3207 4172 3337 4228 satis
3372 4170 3520 4260 labos

1927 4299 2098 4349 rasse,
2127 4257 2472 4336 recunibitin
2502 4275 2735 4347 quadam
2789 4273 3067 4343 spelunca,
3112 4274 3167 4321 et
3218 4262 3415 4332 aspicit
3453 4257 3521 4312 ad

1931 4390 2046 4439 eas,
2079 4387 2200 4443 qua:
2249 4370 2363 4425 illic
2415 4374 2566 4433 sunt,
2616 4378 2868 4420 coronas.
2918 4359 3034 4415 Vox
3060 4366 3243 4411 autem
3290 4353 3522 4418 desuper

1865 4467 1868 4470 ’
1934 4442 2166 4529 exstitit,
2204 4474 2405 4516 vocans
2467 4457 2728 4512 athletam
2770 4454 2835 4508 ad
2872 4461 3074 4506 aeterna
3129 4446 3219 4499 illa
3271 4442 3528 4496 taberna-

228 4576 422 4638 longas
451 4565 510 4619 in
541 4580 665 4620 eum
683 4534 1086 4633 eﬂ‘uditnugas,
1125 4533 1250 4617 eum
1285 4533 1610 4615 insiinulans
1633 4533 1824 4632 magiae
1858 4574 1900 4629 ι)
1930 4556 2049 4611 cula
2074 4564 2129 4609 et
2153 4550 2396 4623 prmmia,
2457 4547 2527 4603 ad
2575 4561 2702 4601 eum
2752 4543 2845 4638 qui
2873 4542 2988 4638 illic
3034 4544 3115 4593 est
3154 4533 3526 4638 splendorem,

227 4668 284 4713 et
306 4656 590 4723 veneﬁcii,
621 4664 678 4711 et
713 4656 830 4711 haec
866 4669 1066 4711 vocans
1114 4654 1471 4710 daemoniaca.
1513 4653 1610 4708 Ille
1635 4663 1820 4709 autem

228 4767 300 4806 ne
324 4765 593 4822 responso
622 4749 843 4820 quidem
904 4762 1030 4803 eum
1070 4756 1155 4802 est
1186 4746 1458 4818 dignatus.
1495 4744 1562 4800 Et
1624 4761 1823 4816 praeses

229 4843 450 4915 quidem
490 4856 617 4897 eum
674 4840 901 4897 deduxit
955 4838 1022 4894 ad
1084 4845 1377 4902 certamen,
1439 4834 1705 4899 futurum,
1765 4842 1826 4889 ut

232 4936 480 5006 putabat,
545 4948 759 4989 coenam
824 4930 1037 4987 bestiis.
1101 4929 1197 4985 Ille
1256 4938 1436 4983 autem
1495 4928 1828 4998 sequebatur

232 5026 547 5083 subridens.
586 5025 653 5080 Et
682 5024 741 5078 in
772 5032 1064 5092 martyrem
1119 5018 1340 5090 quidem
1394 5018 1673 5073 immissus
1721 5016 1823 5071 fuit

234 5118 455 5189 pardus,
490 5126 547 5175 et
575 5130 761 5175 saevus
809 5128 993 5172 ursus.
1045 5112 1153 5168 Sed
1219 5126 1381 5168 ursus
1426 5110 1646 5182 quidem
1695 5123 1824 5166 eum

1926 4657 1982 4704 et
2013 4645 2258 4709 delicias,
2310 4642 2377 4696 ad
2432 4653 2568 4710 quas
2624 4635 2824 4691 transit
2851 4630 3122 4702 protinus,
3163 4626 3231 4680 ab
3279 4623 3388 4678 illis
3426 4634 3526 4674 ex-

1928 4748 2121 4810 ceptus
2171 4735 2417 4793 secundo
2482 4729 2687 4784 mensis
2716 4768 2735 4797 ,
2763 4722 3121 4796 Septembris.
3159 4716 3308 4783 Quas
3365 4715 3527 4810 detur

1928 4802 2183 4888 omnibus
2204 4830 2365 4886 nobis
2395 4823 2654 4889 consequi
2678 4819 2854 4893 gratia
2878 4828 2933 4874 et
2954 4813 3291 4885 benignitate
3311 4802 3527 4863 Domini

1931 4923 2107 4981 nostri
2136 4918 2265 4977 Jesu
2294 4919 2521 4983 Christi,
2539 4931 2662 4972 cum
2687 4928 2795 4984 quo
2824 4909 2969 4966 Patri
2989 4905 3147 4964 simul
3183 4918 3307 4960 cum
3335 4904 3526 4956 sancto

1935 5017 2139 5087 Spiritu
2171 5013 2361 5086 gloria,
2392 5012 2567 5067 honor
2595 5018 2650 5065 et
2701 5003 2964 5078 potentia,
3016 5014 3167 5056 nunc
3193 5004 3247 5056 et
3283 5005 3524 5064 semper,

1932 5119 1988 5166 et
2026 5108 2080 5164 in
2108 5106 2303 5163 saecula
2344 5103 2692 5160 saeculorum.
2738 5099 2932 5152 Amen.
