3996 6506
461 437 571 498 ωε.

1710 434 1998 497 MENSIS
2038 433 2470 496 AUGUSTUS.

3609 431 3733 496 576

480 608 3698 649 Μ

1659 785 1853 897 MA
1874 784 2539 901 RTYRIUM

388 1031 1636 1193 'SANCTORUM
1731 1031 2305 1189 PAULI
2417 1032 2664 1184 ET
2777 1024 3735 1190 JULIANfE.

1154 1307 1291 1382 QUI
1339 1303 1546 1367 APUD
1596 1301 1868 1365 URBEM
1912 1301 2508 1365 PTOLEMAIDEM
2552 1294 2776 1364 P‘ASSI
2821 1300 3051 1368 SUNT.

977 1472 1176 1535 (Latine
1201 1472 1330 1534 apud
1367 1470 1563 1520 Surium
1587 1470 1644 1518 a-l
1677 1470 1809 1519 diem
1839 1468 1891 1517 ιτ
1926 1466 2163 1528 Augt’sti.
2198 1495 2261 1506 ——
2286 1468 2456 1519 Graece
2485 1480 2583 1517 non
2618 1474 2783 1520 exstat
2805 1471 2855 1520 iu
2885 1482 3009 1521 mss.
3037 1468 3182 1522 Paris
3207 1471 3227 1534 )

551 1832 592 1885 1.
615 1802 941 1883 Aurelianus
961 1824 1256 1892 imperator
1273 1835 1368 1889 per
1387 1828 1557 1874 totum
1575 1818 1764 1873 orbem
1785 1824 2048 1872 terrarum
2080 1799 2130 1859 Α
2161 1810 2549 1880 Principatus,’
2573 1823 2681 1864 non
2723 1809 3047 1874 Potestates,
3072 1823 3179 1864 non
3208 1808 3465 1874 Virtutes,
3487 1825 3594 1865 non
3614 1811 3776 1865 Che-

479 1927 666 1976 contra
681 1914 1020 1970 Christianos
1041 1910 1274 1965 edit-tum
1291 1906 1596 1978 proposuit,
1613 1914 1671 1959 ιιι
1685 1919 1875 1959 omnes
1893 1902 2051 1958 idolis

480 2011 868 2071 sacrificarent:
926 2004 1020 2075 qui
1063 2018 1190 2059 vero
1244 2002 1295 2056 id
1333 2000 1516 2055 facere
1581 1998 1913 2061 noluissent,
1944 1996 2055 2053 vita

2159 1902 2798 1972 rubini,autSeraphini,
2846 1902 2946 1957 nisi
2963 1901 3120 1957 Pater
3137 1901 3401 1967 solus;tu,
3432 1901 3781 1972 inquam,af-

2159 1995 2299 2051 feras
2313 2011 2470 2067 opem
2484 1996 2616 2050 mihi
2640 1995 2827 2050 humili
2841 2003 2897 2050 et
2909 1995 3118 2066 abjecto
3140 2009 3299 2049 servo
3320 2003 3412 2048 tuo
3427 2004 3482 2049 et
3502 2011 3564 2049 ex
3577 1995 3781 2052 mani-

480 2105 716 2178 pessime
729 2103 1093 2172 privarentur.
1126 2097 1221 2151 Ille
1248 2093 1410 2164 igitur
1439 2107 1564 2147 cum
1591 2089 1645 2145 in
1673 2088 1931 2143 Isauriam
1962 2105 2060 2144 ve-
2159 2086 2260 2141 bus
2289 2086 2565 2141 Aureliani
2588 2102 2675 2142 me
2697 2086 2916 2141 liberes.
2936 2085 3079 2141 Deus
3095 2096 3274 2140 autem
3290 2086 3623 2156 protinusita
3642 2104 3782 2142 cru-

482 2196 678 2253 uisset.
697 2194 753 2245 in
789 2190 975 2244 urbem
1008 2184 1397 2240 Ptolemaidcm
1425 2195 1483 2236 se
1501 2180 1753 2244 contulit,
1777 2186 1838 2233 ut
1866 2192 2061 2233 omnes
2105 2250 2112 2255 θ

482 2283 827 2341 Christianos
856 2286 1076 2347 cogeret
1105 2275 1265 2330 idolis
1296 2287 1448 2329 sacra
1509 2272 1710 2326 facere.
1767 2268 1901 2324 Cum
1932 2284 2063 2323 vero

484 2374 835 2433 beatissimus
859 2370 1058 2425 Paulus
1082 2382 1189 2422 una
1226 2381 1348 2421 cum
1378 2378 1567 2419 sorore
1592 2377 1688 2417 sua
1707 2359 1927 2416 Juliana
1954 2360 2065 2415 lm-

485 2473 679 2539 perato
700 2463 902 2535 rem‘in
937 2460 1128 2515 urbem
1167 2457 1559 2528 ingredientem
1588 2453 1832 2516 vidisset,
1863 2451 2067 2507 Christi

484 2556 642 2625 signo
676 2553 905 2607 frontem
953 2545 1181 2610 notavit,
1217 2553 1273 2599 et
1322 2542 1388 2598 ad
1447 2557 1691 2597 sororem
1749 2554 2069 2606 conversus,

484 2648 639 2707 Esto.
673 2645 868 2713 inquit,
891 2643 1038 2699 bono
1068 2641 1274 2703 animo,
1293 2651 1449 2693 soror
1474 2648 1613 2696 mea,
1639 2647 1816 2701 neque
1840 2631 2071 2703 timeas;

2163 2177 2341 2232 ciatus
2363 2176 2485 2231 illos
2505 2177 2652 2231 leves
2668 2176 2873 2239 ell‘ecit,
2894 2186 2955 2230 ut
2974 2176 3164 2230 beatus
3195 2176 3396 2230 Paulus
3413 2177 3490 2230 nil
3507 2177 3777 2230 sentiret-

2236 2263 2325 2319 IV.
2359 2264 2554 2318 Sancta
2582 2279 2712 2319 vero
2740 2263 2941 2318 Christi
2968 2278 3167 2333 sponsa
3201 2261 3417 2317 Juliana
3441 2303 3456 2329 ,
3481 2280 3605 2318 cum
3654 2265 3775 2319 fra—

2169 2366 2304 2411 trem
2319 2371 2476 2411 suum
2502 2355 2572 2409 ita
2597 2356 2825 2410 cruciari
2850 2356 3107 2418 vidisset,
3131 2357 3376 2411 cucurrit
3405 2356 3473 2410 ad
3500 2357 3778 2423 tribunal,

2169 2457 2225 2504 et
2268 2463 2397 2503 voce
2421 2463 2612 2518 magna
2643 2448 2901 2502 clamans:
2930 2448 3220 2502 Aureliane
3242 2449 3461 2517 ,inquit.
3504 2457 3771 2519 tyranne,

2173 2556 2271 2596 cur
2333 2540 2407 2594 ita
2442 2539 2742 2594 crudeliter
2774 2539 2995 2594 fratrem
3032 2554 3212 2593 meum
3255 2542 3606 2594 innocentem
3639 2556 3776 2595 cru—

2174 2632 2314 2688 cias?
2348 2633 2485 2687 Tum
2514 2632 2873 2687 Aurelianus:
2907 2631 3148 2700 Detegite
3173 2647 3299 2686 mox
3336 2632 3493 2688 istius
3521 2632 3779 2687 mulieris

487 2736 613 2792 ἀίει)
692 2735 837 2789 εηῖιη
903 2731 999 2787 libi
1051 2743 1301 2801 magnam
1359 2724 1652 2809 quamdam
1715 2724 2074 2778 lenlationem
2176 2733 2368 2795 caput,
2393 2733 2450 2779 et
2471 2725 2594 2795 ejus
2633 2739 2800 2796 genas
2824 2724 3179 2780 vehementer
3230 2725 3520 2795 percutite.
3572 2740 3645 2779 ne
3694 2726 3779 2780 sic

488 2825 822 2883 Christianis
847 2823 1158 2878 imminere.

556 2918 623 2975 ll.
646 2916 790 2974 Vidit
815 2914 1160 2976 Aurelianus,
1178 2928 1301 2969 cum
1323 2911 1526 2967 Paulus
1541 2908 1743 2963 Christi
1763 2908 1917 2978 signo
1935 2906 2083 2960 fron-

487 3019 601 3066 tem
647 3005 880 3069 notavit,
913 3013 969 3060 et
1010 3005 1164 3059 misit
1190 3002 1285 3072 qui
1327 3002 1479 3057 illum
1518 3000 1881 3069 corriperent.
1908 2994 2082 3062 Quem

490 3114 615 3155 cum
652 3097 705 3152 in
736 3097 913 3152 media
943 3095 1098 3150 turba
1135 3103 1281 3151 stare
1320 3093 1593 3163 iussisset,
1631 3088 1959 3154 Miserrime,
1990 3087 2074 3142 in-

490 3192 630 3262 quit,
658 3190 842 3253 homo,
869 3188 1127 3258 quidnam
1163 3185 1258 3241 tibi
1289 3182 1643 3255 proposuisti,
1681 3189 1742 3237 ut
1770 3196 1856 3236 me
1874 3181 2067 3235 urbem

492 3281 839 3351 ingrediente
871 3279 1108 3333 frontem
1139 3279 1355 3348 signare
1407 3274 1640 3329 auderes
1666 3275 1684 3327 2
1714 3276 1793 3327 An
1850 3273 2071 3343 ignoras

2183 2826 2388 2873 temere
2421 2817 2712 2888 loquatur:
2778 2818 2941 2872 istum
2983 2832 3113 2871 vero
3156 2817 3434 2873 nefarium
3487 2819 3778 2874 hominem

2182 2918 2500 2966 constanter
2521 2911 2786 2972 cruciate,
2817 2924 2885 2964 eo
2918 2910 3062 2978 quod
3099 2909 3326 2974 Christi,
3392 2924 3555 2978 quem
3609 2909 3775 2972 dicit.

2183 3001 2549 3073 patrocinium
2582 3000 3034 3070 etadjumentum
3099 3014 3160 3055 se
3226 2998 3428 3053 habere
3487 2999 3584 3053 ait.
3631 2998 3781 3053 Risit

2186 3094 2400 3151 Juliana
2427 3134 2442 3156 .
2478 3104 2555 3152 et:
2586 3093 2990 3163 Miror,inquit,
3023 3092 3297 3162 quomodo
3320 3093 3611 3161 imperator
3649 3108 3778 3147 cum

2172 3189 2272 3250 sis,
2289 3187 2505 3253 deliras,
2532 3202 2706 3257 neque
2726 3187 3024 3256 potentiam
3047 3186 3248 3242 Christi
3270 3185 3780 3268 cognoscis,quem-:

2173 3277 2464 3332 admodum
2504 3277 2712 3332 scilicet
2756 3284 3023 3330 tormenta
3100 3275 3183 3330 his
3248 3274 3599 3339 hominibus,
3690 3273 3781 3344 qul

493 3372 733 3427 edictum
761 3378 952 3425 contra
986 3368 1330 3423 Christianos
1372 3364 1737 3436 propositum?
1776 3362 2076 3433 Respondit
2175 3384 2299 3425 cum
2342 3369 2615 3433 invocant,
2673 3368 2899 3423 tevioria
2961 3365 3144 3422 etlicit.
3178 3368 3507 3421 Aurelianus
3531 3367 3601 3420 ad
3638 3380 3779 3420 suos

493 3459 733 3514 Paulus:
764 3458 955 3513 Audivi
991 3457 1241 3526 equidem
1270 3454 1506 3510 edictum
1558 3460 1733 3516 tuum,
1762 3450 1858 3505 scd
1912 3462 2076 3503 nemo

2179 3474 2495 3526 conversus,
2528 3460 2665 3515 dixit
2699 3475 2715 3512 :
2752 3458 3062 3514 Muliercula
3094 3459 3194 3512 ista
3228 3473 3293 3513 ev
3336 3472 3453 3511 mea
3484 3456 3783 3513 clementia

496 3565 737 3621 unquam
772 3540 976 3620 pulerit
1000 3556 1211 3603 tantum
1254 3546 1502 3600 timorem
1538 3544 1699 3598 llOblS
1730 3541 1979 3611 injicere,
2014 3548 2079 3595 ut
2179 3553 2442 3622 majorem
2465 3554 2516 3606 in
2539 3552 2755 3606 modum
2775 3552 2915 3606 elata
2937 3561 3055 3619 est;
3086 3550 3268 3620 itaque
3289 3550 3432 3605 illam
3458 3549 3785 3604 ιοιινθίηιιι.

495 3642 779 3699 Christum
842 3655 1034 3697 verum
1089 3640 1258 3694 Deum
1314 3640 1644 3709 abnegemus
1693 3646 1876 3700 tuam;
1932 3632 2078 3689 enim

499 3744 767 3791 tormenta
802 3733 989 3790 brevia
1019 3740 1374 3802 sunt,neque
1423 3747 1520 3786 eos
1577 3730 1777 3785 laedere
1830 3734 2077 3799 possunt,

501 3828 595 3898 qui
617 3827 787 3882 Deum
842 3833 1114 3881 metuunt.
1146 3825 1215 3878 At
1268 3823 1362 3878 Dei
1397 3830 1688 3887 tormenta,
1751 3820 2084 3891 sempiterna

500 3920 589 3974 illa
610 3928 755 3973 sunt.
778 3918 977 3973 Eodem
1010 3916 1171 3971 modo
1201 3915 1451 3983 voluptas
1467 3922 1521 3968 et
1541 3912 1731 3985 gloria,
1758 3928 1919 3983 quam
1942 3913 2087 3968 Deus

501 4010 934 4066 Christianorum
952 4010 1135 4078 generi
1173 4008 1400 4077 largitur
1425 4016 1600 4061 :etena
1627 4013 1730 4061 est.
1766 4005 1902 4071 Quis
1925 4005 2088 4073 igitur

505 4111 612 4155 tam
631 4115 815 4155 amens
831 4108 913 4154 est
927 4108 986 4153 ut
1002 4100 1275 4154 viventem
1296 4098 1464 4152 Deum
1478 4097 1841 4166 derelinquat,
1859 4107 1911 4150 et
1925 4096 2090 4150 surda

503 4200 666 4261 atque
684 4201 831 4246 muta
852 4191 1150 4260 istalvestra
1173 4189 1314 4245 idola
1350 4189 1529 4244 colere
1549 4188 1698 4253 velit,
1721 4204 1844 4243 cum
1860 4189 1973 4257 ipse
1996 4204 2094 4242 au-

506 4293 624 4338 ctor
635 4291 836 4337 nostras
858 4281 1046 4337 salutis
1086 4280 1336 4337 Christus
1351 4281 1511 4336 Jesus
1532 4281 1749 4335 dixeritI
1768 4278 2095 4351 :Quicunque

509 4362 774 4443 itegauerit
835 4386 913 4423 me
955 4385 1134 4423 coram
1176 4370 1489 4437 hominibus,
1535 4371 1736 4441 negabo
1773 4377 1819 4423 et
1836 4386 1928 4441 ego
1976 4387 2094 4424 eum

511 4479 689 4518 coram
729 4461 946 4516 Patrem
974 4478 1053 4528 eo,
1081 4462 1171 4533 qui
1201 4462 1255 4515 in
1278 4461 1418 4515 cmlis
1439 4462 1563 4516 est?

580 4553 671 4607 Ill.
702 4551 918 4616 Cernis,
943 4549 1755 4621 inquit,Aurelianus,quandiu
1791 4558 1842 4605 te
1869 4566 2085 4622 nugan-

511 4655 619 4701 tem
654 4660 850 4716 passus
883 4660 1001 4699 sum
1025 4659 1088 4698 ac
1125 4643 1383 4699 sustinui?
1434 4645 1650 4699 Accede
1697 4644 1831 4715 jam,
1870 4652 1929 4698 et
1981 4642 2088 4699 diis

512 4738 780 4803 sacriﬁca,
815 4752 884 4792 ne
927 4737 1164 4808 pessimo
1190 4738 1382 4793 mortis
1407 4752 1608 4808 genere
1635 4736 1995 4792 consumaris.
2022 4736 2092 4790 At

513 4830 732 4885 Paulus:
768 4830 878 4901 Ego
917 4829 1127 4883 nullum
1158 4830 1324 4884 alium
1355 4829 1525 4884 Deum
1556 4828 1807 4900 cognovi,
1833 4828 1939 4882 nisi
1980 4827 2091 4881 Do-

515 4918 744 4971 minum:
769 4917 955 4971 Jesum
989 4916 1291 4978 Christum,
1319 4931 1482 4986 quem
1524 4916 1667 4970 colui
1719 4930 1937 4985 semper
1965 4914 2092 4969 inde

516 5022 689 5076 usque
712 5022 739 5060 a
771 5008 1019 5078 patribus
1040 5008 1177 5064 meis
1193 5022 1333 5076 puro
1353 5007 1519 5062 corde
1534 5016 1697 5075 atque
1721 5009 1925 5061 animo.
1952 5007 2091 5061 Tum

517 5099 844 5154 Aurelianus
886 5100 1063 5155 dixit:
1130 5099 1456 5170 Suspeudile
1484 5100 1762 5154 hominem
1810 5101 1995 5164 istum,
2040 5110 2095 5156 et

520 5192 716 5245 acriter
744 5200 1013 5261 torquete,
1049 5190 1223 5246 donec
1244 5190 1457 5246 venerit
1506 5192 1770 5247 Dominus
1809 5191 2006 5261 ipsius,
2039 5201 2094 5246 et

521 5281 882 5337 eumliheret.
911 5280 1327 5350 Suspenderuut
1385 5281 1549 5352 igitur
1575 5281 1723 5335 illum
1787 5282 2091 5349 carniﬁces,

519 5385 579 5431 et
607 5375 935 5432 cruciatibus
950 5375 1187 5446 affligere
1218 5384 1522 5445 coeperunt.
1547 5375 1793 5446 Cumque
1823 5375 2093 5447 aﬂligere-

524 5478 634 5535 tur,
658 5483 793 5523 voce
829 5481 1029 5537 magna
1055 5466 1221 5522 Deum
1242 5467 1527 5531 invocans,
1578 5466 1810 5521 dicebat:
1843 5466 2093 5530 Domine,

522 5558 650 5612 Jesu
673 5557 908 5621 Christe,
930 5569 1059 5610 vera
1083 5553 1175 5608 Dei
1203 5553 1314 5609 veri
1338 5562 1393 5610 et
1410 5553 1587 5609 Patris
1606 5556 1911 5627 progenies,
1938 5556 2096 5625 cujus

520 5653 700 5700 ortum
719 5658 879 5698 nemo
908 5640 1371 5715 comprehendere
1394 5651 1592 5713 potest,
1612 5659 1722 5699 non
1745 5646 1956 5715 Angeli,
1985 5663 2094 5702 non

527 5737 869 5804 Archangeli,
900 5752 1008 5793 non
1065 5734 1291 5805 Throni,
1333 5751 1444 5792 non
1501 5737 1924 5810 Dominatioues,
1986 5759 2094 5799 non

637 5877 651 5906 '
687 5876 876 5935 ﬂatth.
912 5895 966 5944 κ,
993 5880 1081 5935 ‘23.
1161 5882 1180 5909 '
1211 5880 1227 5931 l
1263 5877 1403 5934 Tim.
1443 5896 1499 5946 ιι,
1530 5883 1583 5936 4.

2182 3659 2303 3699 ens:
2342 3644 2576 3707 Accede,
2608 3642 2805 3713 inquit,
2835 3651 2891 3697 et
2921 3642 3027 3697 diis
3070 3642 3315 3707 immola,
3347 3656 3455 3697 non
3485 3642 3633 3695 enim
3667 3656 3785 3695 ma-

2184 3751 2288 3790 nus
2312 3749 2462 3789 meas
2513 3742 2565 3789 te
2611 3748 2900 3789 evasuram
2959 3732 3234 3789 conﬁdere
3281 3733 3470 3788 debes.
3518 3733 3601 3787 Ad
3663 3734 3783 3787 haec

2184 3825 2417 3880 Juliana:
2459 3826 2568 3897 Ego
2603 3840 2780 3896 neque
2817 3834 2905 3880 tua
2929 3835 3195 3881 tormenta
3223 3824 3542 3888 extimesco,
3596 3840 3781 3894 neque

2190 3917 2365 3970 minas
2415 3925 2535 3971 tuas
2591 3916 2661 3972 ad
2689 3930 2778 3970 me
2829 3916 3109 3986 pertinere
3152 3917 3386 3971 arbitror
3444 3926 3583 3982 ;est
3632 3918 3782 3971 enim

2192 4006 2334 4063 Deus
2383 4007 2439 4063 in
2468 4009 2638 4073 caelis,
2680 4009 2770 4078 qui
2812 4010 3010 4078 poterit
3045 4012 3259 4078 eripere
3298 4025 3398 4064 nos
3437 4008 3529 4087 de-
3563 4009 3776 4078 iniquis

2194 4097 2447 4152 manibus
2479 4098 2607 4154 tuis.
2667 4097 3027 4170 Quaecunque
3057 4102 3222 4172 igitur
3258 4101 3428 4156 babes
3483 4101 3780 4171 torquendi

2195 4190 2583 4255 instrumenta,
2626 4191 2761 4244 mihi
2811 4192 3125 4258 admoveas,
3165 4203 3223 4248 ut
3270 4209 3339 4249 ex
3374 4196 3460 4249 his
3513 4194 3645 4262 ipsis
3690 4194 3780 4248 Dei

2197 4291 2251 4335 et
2282 4280 2579 4337 Salvatoris
2623 4281 2754 4337 Jesu
2800 4281 3004 4339 Christi
3051 4299 3211 4354 opem
3268 4285 3401 4339 mihi
3453 4299 3779 4357 praesentem

2201 4388 2322 4427 esse
2353 4387 2671 4442 cognoscas.

2119 4492 2166 4555 ο
2273 4463 2340 4518 ν.
2382 4464 2508 4521 Haec
2541 4466 2676 4521 dixit
2726 4464 2971 4522 Juliana.
3023 4466 3123 4522 Cui
3177 4468 3525 4524 Aurelianus:
3585 4468 3776 4536 Video,

2196 4559 2395 4628 inquit,
2429 4559 2890 4629 pulchritudinem
2936 4561 3283 4615 tuam-talem
3318 4577 3461 4623 esse,
3513 4571 3571 4616 ut
3630 4563 3779 4617 illius

2192 4650 2459 4705 rationem
2486 4651 2697 4706 habens
2722 4658 2776 4707 te
2797 4652 3029 4720 perdere
3054 4653 3246 4707 nolim.
3280 4653 3358 4707 Te
3382 4655 3549 4724 igitur
3576 4654 3782 4708 adhor-

2195 4751 2278 4797 tor
2319 4757 2378 4797 ut.
2407 4742 2679 4798 sacriﬁces
2711 4757 2820 4813 quo
2876 4743 3173 4814 legitimam
3230 4742 3361 4797 mihi
3428 4759 3652 4799 uxorem
3707 4754 3783 4799 te-

2192 4834 2429 4903 deligere
2462 4835 2687 4904 possim,
2720 4844 3006 4889 etmecum
3028 4849 3136 4888 una
3161 4849 3379 4903 regnes,
3404 4835 3639 4904 imperio
3659 4850 3782 4890 meo

2196 4924 2345 4978 omni
2382 4932 2628 4993 tempore
2655 4923 2861 4977 fruens.
2886 4921 3206 4987 Quinetiam
3232 4921 3385 4976 fratri
3412 4931 3505 4977 tuo
3524 4924 3779 4992 injuriam

2196 5015 2581 5084 Compensabo,
2630 5025 2686 5068 et
2730 5014 2949 5077 faciam,
2983 5020 3044 5066 ut
3073 5013 3470 5082 amplissimum
3498 5015 3780 5082 dignitatis

2197 5106 2422 5175 gradum
2449 5102 2592 5174 apud
2628 5118 2716 5159 me
2741 5103 2956 5158 haheat.
2985 5100 3174 5157 Erexit
3204 5101 3418 5156 Juliana
3447 5104 3635 5159 oculos
3651 5118 3778 5158 suos

2199 5195 2253 5248 in
2286 5195 2508 5260 ctelum,
2551 5202 2607 5249 et
2635 5195 2819 5249 crucis
2877 5193 3033 5263 signo
3061 5208 3187 5250 cum
3247 5193 3483 5248 frontem
3512 5205 3775 5260 notasset,

2197 5287 2338 5342 risit.
2369 5286 2471 5341 Cui
2493 5286 2839 5349 Aurelianus,
2876 5283 3006 5349 Cur,
3038 5283 3237 5353 inquit,
3268 5283 3481 5339 Iuliana
3502 5327 3515 5349 ,
3552 5286 3776 5339 multam

2197 5377 2585 5449 benignitatem
2639 5392 2818 5432 meam
2842 5386 3229 5443 contemnens,
3267 5378 3462 5433 risisti?
3520 5377 3664 5441 Non,
3698 5382 3779 5430 in—

2196 5472 2315 5540 quit
2353 5470 2463 5533 illa,
2493 5470 2798 5540 contempsi
2828 5470 3221 5542 benignitatem
3247 5482 3392 5526 tuam
3422 5486 3436 5536 ;
3468 5468 3562 5523 sed
3597 5469 3770 5527 rideo.

2199 5562 2460 5632 gaudens,
2480 5561 2624 5631 quod
2642 5561 2886 5630 Sponsus
2901 5578 3055 5619 meus
3075 5566 3332 5627 caelestis,
3346 5564 3438 5634 qui
3463 5562 3573 5616 vult
3589 5574 3775 5614 omnes

2203 5655 2450 5710 homines
2464 5654 2643 5710 salvos
2666 5653 2784 5710 ﬁeri
2811 5657 2852 5720 ³,
2873 5656 3088 5711 sedetin
3107 5658 3247 5713 solio
3263 5669 3449 5713 sancto
3477 5669 3597 5719 suo,
3631 5653 3746 5722 ejus
3762 5679 3775 5689 -

2200 5762 2303 5817 quo
2357 5746 2657 5803 divinitatis
2710 5746 3168 5818 pulchritudinem
3226 5751 3604 5819 contemptor;
3683 5743 3770 5812 qui
