3996 6432
265 391 331 453 Π
1137 378 1608 442 MARTYRIUM
1646 379 1753 439 SS.
1800 374 2032 441 PAULI
2074 375 2185 435 ΕΤ⁴
2211 370 2587 436 JULIANIE.

3411 362 3514 432 578

232 504 393 558 etiam
430 514 520 554 me
548 499 802 554 hortatur
836 505 893 553 ut
916 495 1214 552 certamina
1259 494 1371 565 ipsa
1426 494 1659 548 libenter
1690 506 1784 545 sus
1844 497 1889 551 Α
1917 486 2035 543 haec
2049 486 2242 543 Paulus
2258 483 2808 558 respondit:Minime
2823 496 2920 537 nos
2935 495 3224 552 possumus
3239 480 3511 538 viventem

235 596 461 655 tineam,
501 602 556 647 te
596 607 729 645 vero
761 603 1022 661 nugacem
1057 596 1111 643 et
1143 587 1351 642 futilem
1383 586 1657 640 hominem
1686 597 1822 638 con-

233 685 722 753 teinnam.quippe
744 682 835 751 qui
872 696 994 735 cum
1049 688 1101 735 te
1145 680 1528 749 imperatorem
1558 674 1822 746 appellari

233 776 421 842 facias,
452 784 509 829 et
529 775 677 845 ligna
706 784 762 827 ct
779 773 984 843 lapides
1008 770 1222 826 adoras.
1246 769 1487 824 Audiens
1508 767 1624 821 haec
1650 768 1823 820 Aure-

234 868 436 929 lianus,
460 865 553 921 bili
609 867 852 936 percitus
889 882 902 917 :
930 861 1286 932 Suspendite,
1318 859 1513 929 inquit,
1538 857 1823 911 mulierem

232 960 417 1022 istam,
446 973 676 1027 eamque
722 963 1040 1010 constanter
1105 953 1368 1016 cruciate,
1441 958 1499 1003 ut
1556 947 1822 1017 intelligat

234 1065 293 1104 se
322 1058 455 1104 ante
498 1047 843 1118 imperatoris
893 1046 1130 1101 tribunal
1177 1045 1502 1098 consistere.
1535 1040 1826 1111 Cmperant

230 1141 343 1210 jam
385 1140 671 1193 carniﬁces
702 1138 849 1192 illam
876 1135 1145 1203 cruciare,
1176 1150 1302 1190 cum
1329 1133 1529 1188 Paulus
1559 1133 1681 1202 ejus
1713 1132 1824 1185 tra-

233 1241 317 1284 ter
351 1244 472 1283 eam
504 1230 723 1284 intuens
752 1269 766 1291 ,
798 1228 876 1282 Ne
904 1228 1116 1291 timeas,
1151 1226 1345 1295 inquit,
1390 1239 1564 1286 soror,
1610 1221 1824 1294 tyranni

234 1325 529 1374 cruciatus.
574 1334 748 1389 neque
776 1319 945 1389 ipsius
965 1319 1138 1372 minas
1159 1314 1828 1371 formides.Sustineamus

234 1412 533 1481 paulisper,
566 1421 628 1467 ut
654 1421 925 1482 perpetuo
957 1410 1303 1478 requiescere
1332 1408 1628 1478 possimus.
1678 1406 1827 1460 fulli-

230 1502 339 1569 gite
361 1502 509 1563 huic,
537 1502 713 1570 inquit
750 1500 1077 1556 Aurelianus
1100 1540 1116 1566 ,
1143 1500 1421 1555 cruciatus
1465 1497 1714 1554 assiduos
1750 1496 1828 1552 ei-

230 1606 333 1660 que
372 1592 662 1652 inculcate,
698 1606 767 1645 ne
808 1592 1041 1661 superba
1071 1599 1128 1645 et
1175 1590 1336 1645 stulta
1371 1590 1533 1645 verba
1588 1589 1825 1644 effutiat-

228 1678 477 1732 Audiens
502 1680 616 1733 hinc
639 1677 884 1745 Juliana,
928 1679 1128 1736 iterum
1166 1680 1314 1744 risit,
1342 1688 1395 1734 et
1424 1681 1829 1734 aitzAureliane

228 1777 461 1838 tyranne
481 1779 641 1839 atque
664 1769 866 1839 inique,
893 1770 1152 1825 Dominus
1183 1769 1341 1825 Jesus
1393 1770 1643 1825 Christus
1668 1770 1818 1837 facit,

224 1868 289 1911 ut
320 1874 502 1925 neque
564 1859 795 1925 latiores,
834 1873 1012 1928 neque
1068 1867 1336 1913 tormenta
1388 1860 1504 1914 hinc
1559 1858 1813 1913 sentiam.

230 1944 388 2003 Tunc
410 1948 756 2014 Aurelianus,
797 1948 1078 2014 Quamvis,
1131 1949 1327 2020 inquit,
1406 1948 1605 2003 multas
1646 1962 1817 2019 nugas

225 2036 503 2102 cﬂ’undas,
536 2047 591 2093 et
615 2039 839 2092 simules
858 2049 909 2093 te
933 2038 1215 2093 cruciatus
1240 2054 1351 2093 non
1368 2038 1594 2103 sentire,
1621 2037 1814 2091 faciam

229 2139 441 2193 tamen,
505 2137 562 2184 ut
624 2130 831 2184 diutius
887 2130 1187 2197 crucieris,
1244 2139 1299 2184 et
1352 2130 1631 2185 doloribus
1694 2145 1886 2201 suc—‘-

228 2225 480 2274 cumbas.
538 2218 655 2274 Non
688 2220 850 2286 sinet,
880 2220 1055 2291 iuquit
1104 2221 1211 2286 illa,
1240 2221 1492 2277 Christus
1539 2223 1676 2292 ipse,
1729 2216 1851 2275 mei

230 2325 477 2379 unquam
531 2328 562 2364 a
596 2319 645 2365 te
710 2313 977 2382 superari.
1033 2312 1127 2367 Ille
1182 2321 1285 2376 est,
1337 2312 1426 2383 qui
1471 2313 1606 2367 mihi
1655 2327 1814 2383 opem

227 2401 390 2456 affert
410 2410 466 2457 et
494 2415 661 2467 nunc,
694 2409 750 2454 et
782 2417 998 2472 semper
1041 2403 1107 2457 ad
1138 2401 1298 2457 linem
1332 2418 1501 2473 usque
1526 2403 1817 2473 opitulabi-

231 2505 343 2562 tur,
384 2510 496 2565 quo
526 2494 695 2564 ipsius
724 2496 1044 2565 potentiam,
1079 2503 1134 2549 et
1174 2505 1419 2550 nostram
1472 2495 1815 2552 Christiano-

228 2602 354 2642 rum
400 2587 719 2656 patientiam
760 2601 1088 2657 cognoscere
1132 2588 1332 2656 possis.
1384 2585 1461 2642 Te
1514 2602 1644 2643 vero
1701 2588 1816 2657 ipse

229 2678 380 2735 Deus
442 2694 601 2734 meus
630 2688 838 2733 aeterno
866 2679 974 2749 igni
1009 2678 1243 2750 puniet;
1276 2680 1459 2751 exiget
1517 2679 1663 2735 enim
1695 2696 1725 2733 a
1762 2689 1814 2735 te

225 2770 445 2824 animas
477 2784 614 2839 quas
644 2768 949 2840 perdidisti.

302 2862 394 2917 Vl.
421 2861 520 2915 His
547 2861 729 2916 verbis
771 2860 945 2932 magis
979 2860 1185 2917 exarsit
1214 2860 1633 2928 Aurelianus,et
1653 2861 1817 2932 jussit

222 2952 465 3008 lebetem
526 2951 708 3006 ali'erri
733 2991 749 3017 ,
788 2966 852 3006 ac
883 2952 1060 3023 picem
1098 2952 1154 3007 in
1205 2969 1329 3008 eum
1358 2954 1594 3022 ‘conjict,
1652 2964 1815 3023 atque

222 3046 413 3116 ignem
446 3046 678 3099 multum
704 3043 842 3098 infra
868 3044 1099 3099 lebetcm
1145 3045 1392 3109 accendi,
1430 3045 1502 3098 ita
1536 3055 1595 3101 ut
1652 3061 1814 3100 nemo

220 3139 454 3208 propius
482 3137 741 3192 accedere
769 3146 974 3207 posset.
1006 3136 1176 3192 Jussit
1213 3148 1392 3192 autem
1424 3139 1480 3192 in
1505 3140 1654 3195 illum
1681 3156 1813 3195 con-

217 3232 314 3301 jici
341 3230 575 3285 Paulum
612 3238 669 3286 et
693 3228 992 3286 Julianam.
1025 3228 1276 3295 Quicum
1303 3229 1534 3286 fuissent
1554 3232 1807 3302 conjecti,

221 3325 417 3378 oculos
450 3323 506 3377 in
528 3324 726 3378 ccelum
762 3323 1057 3393 erigentes,
1084 3337 1146 3376 ac
1175 3331 1430 3393 tanquam
1462 3339 1572 3378 uno
1590 3325 1811 3380 eodem-

217 3430 329 3483 que
377 3430 475 3469 ore
503 3404 808 3484 precantes,
871 3413 985 3467 haec
1042 3412 1324 3469 dicebant:
1371 3414 1603 3471 Domine
1668 3416 1811 3471 Deus

220 3519 442 3577 patrum
495 3517 832 3574 nostrorum,
886 3506 1178 3573 Abraham,
1214 3506 1361 3561 Isaac
1389 3516 1444 3561 et
1466 3506 1658 3575 'Jacob,
1717 3509 1810 3578 qui

220 3600 559 3655 descendisti
594 3602 646 3652 in
696 3600 971 3654 fornacem
1008 3599 1147 3671 ignis
1174 3601 1243 3654 ad
1295 3599 1545 3665 Sidrach,
1602 3601 1809 3657 Misach

222 3702 285 3746 et
346 3693 648 3763 Abdenago
680 3692 736 3746 in
790 3691 1082 3763 Babylonis
1146 3692 1390 3764 regione,
1445 3708 1624 3764 neque
1682 3694 1801 3748 illos

222 3786 353 3857 igne
385 3785 505 3840 laedi
542 3785 868 3853 permisisti;
906 3794 983 3851 tu,
1009 3786 1237 3841 Domine
1264 3786 1395 3842 .Iesu
1425 3786 1665 3853 Christe,
1719 3789 1809 3844 lux

224 3879 320 3933 illa
371 3877 660 3941 immensa,
692 3875 870 3931 Patris
909 3878 1225 3949 mysterium
1277 3887 1332 3933 et
1378 3880 1570 3950 gloria,
1604 3881 1810 3952 Deique

222 3972 487 4027 altissimi
508 3972 751 4039 dextera,
802 3972 897 4041 qui
928 3971 1092 4028 homo
1120 3973 1298 4028 factus
1325 3984 1549 4046 propter
1577 3988 1808 4046 peccata

224 4073 443 4127 nostra,
478 4063 622 4117 inter
648 4063 903 4118 homines
938 4073 1187 4122 versatus
1213 4080 1295 4132 es,
1332 4068 1400 4120 da
1433 4066 1664 4122 salutem
1685 4068 1809 4122 ani-

224 4156 447 4221 mabus,
471 4169 610 4223 quas
635 4154 891 4209 inimicus
915 4154 1162 4211 diabolus
1196 4157 1502 4213 miserrime
1549 4158 1807 4229 deceptas

223 4257 286 4301 et
307 4256 620 4316 corruptas,
655 4261 829 4316 usque
854 4247 919 4301 ad
935 4245 1174 4303 intimam
1201 4256 1448 4305 tartareae
1473 4250 1618 4306 sedis
1650 4267 1810 4306 vora-

226 4342 416 4411 ginem
461 4339 756 4394 detrudere
806 4349 1037 4394 conatur
1082 4357 1096 4396 :
1135 4343 1594 4411 quemadmodum
1628 4346 1810 4399 Aure-

222 4430 416 4485 lianus
464 4431 590 4492 iste,
636 4428 808 4499 ipsius
868 4429 1067 4485 diaboli
1099 4431 1414 4502 discipulus,
1449 4449 1599 4489 nunc
1658 4435 1808 4492 facit.

1937 577 2230 631 Dominum
2272 578 2443 632 Deum
2476 577 2805 646 relinquere,
2839 574 2963 630 (εωιί
2989 583 3045 628 et
3084 583 3242 628 terras
3294 581 3510 629 creato-

1928 682 2067 729 rem,
2082 668 2172 738 qui
2192 683 2291 723 nos
2306 684 2336 723 e
2354 668 2594 725 tenebris
2626 666 2848 737 eripuit,
2869 674 2923 720 et
2944 680 2975 719 a
2996 664 3247 718 manibus
3266 663 3376 719 tuis
3391 680 3514 720 eos-

1927 761 2051 814 dem
2081 760 2345 815 liheravit.
2371 759 2656 829 Nunquam
2676 757 2859 828 igitur,
2882 757 3173 811 Aureliane
3190 756 3507 824 imperator,

1926 851 2086 905 nobis
2133 851 2467 921 persuadere
2522 850 2749 919 poteris,
2808 846 3155 915 utlapidibus
3203 852 3260 899 et
3312 845 3509 898 statuis

1926 940 2147 1004 vestris,
2182 955 2335 1006 voce,
2383 938 2571 994 auditu
2595 947 2652 993 et
2690 937 2871 991 anima
2918 936 3253 998 carentibus,
3300 935 3507 988 cultum

1927 1031 2289 1099 prtebeamus.
2325 1030 2510 1099 itaque
2549 1029 2620 1084 de
2653 1035 2848 1082 taatcro
2875 1035 3141 1079 tormenta
3175 1038 3511 1094 quaecunque

1927 1120 2032 1179 vis.
2074 1120 2231 1172 nobis
2275 1119 2586 1181 admoveas,
2611 1125 2671 1171 ut
2696 1115 2788 1170 Dei
2814 1113 2986 1169 nostri
3046 1113 3155 1167 vim
3190 1128 3506 1181 cognoscas.

1998 1210 2136 1266 Vlll.
2164 1210 2335 1267 Jussit
2359 1210 2690 1265 Aurelianus
2720 1209 2859 1264 duas
2904 1207 3115 1262 ferreas
3175 1205 3335 1259 sedes
3381 1205 3510 1259 illuc

1928 1302 2130 1367 alTerri,
2155 1312 2211 1357 et
2230 1319 2260 1357 e
2287 1302 2495 1357 balneis
2517 1298 2753 1372 publicis
2783 1299 3051 1354 carbones
3075 1299 3316 1369 congeri,
3346 1307 3398 1352 et
3423 1313 3509 1352 se-

1928 1391 2025 1449 des
2050 1394 2169 1448 illas
2195 1393 2551 1448 vehementer
2572 1394 2831 1448 succendi
2857 1409 2873 1457 ;
2910 1406 3072 1445 suum
3104 1406 3233 1445 vero
3256 1388 3508 1445 abdomi-

1931 1500 2000 1542 ne
2058 1485 2221 1541 illitos
2271 1492 2541 1554 martyres
2604 1483 2752 1553 ipsos
2799 1497 2964 1551 supra
3002 1480 3299 1534 candentes
3349 1478 3508 1534 sedes

1930 1577 2156 1648 imponi.
2190 1576 2345 1641 Quod
2378 1591 2501 1631 cum
2527 1591 2651 1630 mox
2698 1574 2903 1629 factum
2939 1580 3125 1628 esset:
3157 1570 3300 1637 Jam,
3328 1571 3508 1642 inquit

1930 1666 2279 1729 Aurelianus,
2304 1666 2513 1721 artibus
2563 1667 2756 1720 vestris
2788 1663 3043 1718 omnibus
3080 1662 3372 1732 superatis,
3403 1676 3504 1732 po-

1933 1758 2087 1814 testis
2139 1758 2373 1821 discere,
2427 1757 2678 1823 quisnam
2704 1757 2778 1810 sit
2828 1755 3159 1810 Aurelianus
3187 1754 3503 1823 imperator.

1926 1849 2119 1905 Veniat
2146 1867 2289 1906 nunc
2318 1850 2567 1906 Christus
2591 1855 2769 1904 vester
2792 1887 2810 1914 ,
2833 1847 2878 1901 si
2914 1854 3115 1916 potest,
3163 1857 3218 1900 et
3249 1847 3401 1901 vobis
3428 1846 3508 1900 la-

1923 1940 2245 1995 borantibus
2273 1956 2431 2009 opem
2462 1939 2672 1994 afferat.
2706 1938 3007 2008 Respondit
3040 1938 3221 1992 statim
3260 1937 3509 1993 Aurelia-

1922 2048 1995 2088 no
2018 2031 2231 2088 Juliana
2257 2049 2272 2087 :
2299 2033 2594 2088 Nobiscum
2623 2033 2731 2087 hoc
2754 2033 2944 2088 inloco
2960 2032 3325 2098 Christusest,
3349 2031 3505 2088 nobis

1922 2140 2082 2196 Opem
2114 2125 2292 2191 aﬂert,
2313 2142 2490 2197 neque
2552 2125 2679 2181 sinit
2710 2125 2778 2180 ab
2807 2125 2930 2197 igne
2954 2140 3054 2179 nos
3078 2122 3246 2194 tangi.
3275 2124 3359 2178 Tu
3377 2140 3505 2182 vero

1923 2217 2076 2272 illum
2098 2234 2208 2273 non
2272 2219 2448 2284 vides,
2483 2233 2608 2272 Clllll
2638 2217 2761 2288 ejus
2829 2218 3042 2273 visione
3101 2217 3356 2288 indignus
3405 2218 3501 2272 sis.

1924 2308 2120 2363 Moneo
2176 2309 2589 2371 te,Aureliane,
2642 2317 2703 2364 ut
2746 2307 3013 2362 insaniam
3049 2306 3209 2362 istam
3263 2307 3501 2372 omittas,

1922 2408 1978 2456 et
2006 2402 2073 2455 ad
2103 2399 2379 2455 Christum
2412 2400 2664 2460 accedas,
2698 2415 2822 2452 nam
2848 2401 2891 2454 si
2918 2399 2966 2454 ei
2998 2399 3222 2453 credere
3241 2399 3500 2463 volueris,

1924 2499 1977 2545 te
2018 2492 2427 2560 resipiscenzem
2461 2490 2846 2560 amplectetur,
2883 2504 3008 2544 cum
3041 2489 3312 2560 benignus
3342 2489 3411 2544 sit
3439 2503 3503 2543 ac

1922 2587 2259 2649 misericors,
2316 2593 2373 2637 et
2411 2584 2649 2637 humana
2696 2593 2916 2652 peccata
2963 2584 3253 2637 condonet.
3296 2582 3501 2648 Luodsi

1921 2691 2030 2730 non
2066 2676 2386 2739 crcdideris,
2412 2686 2619 2730 aeterno
2657 2677 2779 2747 igne
2804 2677 3052 2745 punieris

1992 2765 2082 2822 1X.
2116 2767 2281 2838 Magis
2309 2771 2480 2823 iratus
2508 2778 2591 2823 est
2617 2769 2962 2832 Aurelianus,
3019 2778 3075 2823 et
3112 2769 3276 2838 jussit
3321 2761 3503 2824 carni-

1924 2859 2050 2914 ficcs
2084 2862 2260 2929 capite
2288 2861 2553 2923 truncari,
2590 2861 2745 2930 quasi
2778 2862 3039 2931 pecniiias
3114 2876 3145 2916 a
3170 2861 3500 2919 Christianis

1921 2954 2354 3022 accepissent,ut
2381 2953 2486 3009 illis
2513 2962 2822 3023 parcerent.
2852 2954 2986 3009 Cum
3014 2969 3139 3010 vero
3167 2958 3233 3010 ad
3268 2963 3500 3012 mortem

1921 3043 2324 3099 deducerentur
2350 3046 2661 3112 carnitices,
2687 3046 3010 3101 hortabatur
3036 3063 3131 3103 eos
3163 3047 3364 3104 Paulus
3414 3049 3500 3106 his

1921 3137 2135 3192 verbis:
2171 3136 2349 3193 Nolite
2377 3137 2593 3202 timere,
2626 3153 2808 3209 neque
2837 3140 2985 3193 enim
3005 3140 3056 3193 in
3087 3150 3354 3196 aeternum
3384 3156 3502 3197 mo-

1920 3224 2155 3291 riemini,
2184 3226 2281 3281 sed
2326 3236 2641 3283 sanctorum
2701 3229 3002 3300 participes
3042 3229 3209 3286 futuri
3253 3233 3408 3297 estis.
3443 3241 3502 3289 et

1910 3317 2149 3373 cmlestis
2171 3319 2318 3389 regni
2352 3318 2620 3375 hznredes.
2647 3319 2769 3375 Haec
2814 3337 2937 3376 cum
2977 3323 3258 3380 audissent
3286 3326 3504 3381 carnifi-

1910 3423 2022 3471 ces,
2049 3410 2435 3474 constiterunt,
2466 3410 2538 3465 ita
2597 3412 2765 3466 Deum
2792 3422 3053 3470 orantes:
3087 3415 3313 3471 Domine
3367 3416 3499 3473 Jesu

1911 3500 2151 3558 Christe.
2182 3515 2343 3570 quem
2411 3500 2614 3556 Paulus
2642 3513 2698 3557 et
2722 3501 2936 3559 Juliana
2954 3505 3278 3575 praedicant,
3305 3508 3496 3564 adesto

1910 3591 2162 3656 nobis,et
2198 3591 2253 3645 in
2292 3593 2643 3648 confessione
2677 3603 2765 3649 tua
2796 3595 2882 3650 fac
2914 3611 3014 3651 nos
3053 3598 3323 3667 perfectos
3345 3614 3498 3664 esse,

1911 3683 2168 3753 quoniam
2196 3685 2335 3739 nihil
2373 3685 2499 3739 mali
2532 3684 2787 3748 fecimus,
2816 3695 2871 3741 et
2900 3689 3188 3745 morimur.
3221 3689 3346 3746 Haec
3368 3707 3494 3748 cum

1909 3774 2199 3840 dixissent,
2234 3775 2550 3831 obtruncati
2576 3787 2705 3831 sunt
2742 3777 2977 3833 .Eorum
3027 3780 3184 3849 alter,
3251 3781 3497 3848 Quadra-

1915 3878 2006 3924 tus
2038 3887 2052 3936 ;
2099 3868 2254 3935 alter,
2275 3869 2510 3925 Acacius
2542 3871 2843 3926 dicebatur.
3338 3864 3343 3869 ’

1985 3962 2054 4017 X.
2087 3961 2180 4017 His
2215 3962 2380 4034 igitur
2411 3964 2672 4035 martyrio
2716 3967 3135 4031 consummatis,
3162 3965 3329 4037 jussit
3373 3969 3489 4023 Au-

1919 4055 2161 4109 relianus
2192 4057 2327 4109 alios
2356 4056 2641 4111 carnifices
2701 4057 2880 4128 ignem
2932 4059 3150 4124 afferre,
3214 4069 3271 4115 et
3331 4077 3498 4133 supra

1920 4148 2184 4203 carbones
2215 4147 2291 4203 sal
2308 4161 2617 4219 aspergere,
2639 4158 2696 4203 ut
2723 4149 2862 4220 ignis
2885 4151 3002 4220 ipse
3024 4152 3382 4209 vehementer
3408 4171 3502 4211 ac-

1914 4243 2265 4297 cenderetur.
2295 4240 2433 4296 Tum
2463 4240 2713 4296 Juliana:
2773 4243 3089 4308 Anreliane,
3144 4244 3339 4315 inquit,
3377 4247 3497 4318 Ty-

1912 4349 2085 4388 ranne
2116 4343 2173 4388 et
2198 4332 2426 4399 nefarie,
2459 4348 2559 4388 cur
2586 4336 2819 4405 teipsum
2871 4336 3089 4409 aﬂligis?
3134 4339 3302 4395 Video
3351 4342 3497 4397 enim

1924 4434 1975 4480 te
1997 4426 2250 4491 cruciari,
2284 4436 2341 4481 et
2368 4428 2627 4482 omnibus
2662 4428 2839 4484 modis
2864 4435 3049 4485 lurore
3067 4431 3343 4488 detentum
3362 4435 3498 4491 allii-

226 4522 361 4580 11κο
395 4538 522 4576 cum
542 4523 618 4577 illi
653 4533 941 4593 precantes
970 4526 1258 4589 dixissent,
1316 4529 1410 4598 pix
1439 4528 1808 4587 effervescens

1926 4519 1993 4589 gi,
2055 4518 2293 4589 denique
2347 4529 2405 4574 ut
2455 4530 2768 4589 serpentem
2804 4522 3045 4591 aliquem
3088 4526 3496 4589 exsibilantem.

224 4614 282 4668 in
306 4616 545 4685 gelidam
572 4631 766 4685 aquam
797 4631 1060 4671 conversa
1088 4629 1193 4682 est,
1219 4618 1289 4671 ita
1316 4628 1376 4672 ut
1399 4620 1492 4689 qui
1524 4635 1820 4691 praesentes

224 4716 420 4771 erant,
454 4709 551 4763 Dei
596 4709 897 4778 potentiam
931 4708 1355 4765 admirarentur.

304 4801 422 4857 ΥΠ.
454 4800 821 4856 Nihilominus
838 4811 1015 4855 tamen
1035 4802 1381 4870 Aurelianus,
1404 4805 1626 4876 proprio
1638 4807 1822 4866 furore

223 4901 559 4963 oppressus,
607 4889 719 4946 Deo
745 4890 968 4960 gloriam
1015 4906 1122 4945 non
1162 4893 1441 4959 reddebat,
1465 4896 1560 4951 sed
1600 4899 1824 4969 magicis

229 4986 451 5040 artibus
483 4998 548 5038 ea
593 4983 710 5038 fieri
750 4983 1113 5039 existimabat.
1144 4983 1316 5040 Jussit
1351 4997 1537 5059 postea
1569 5006 1599 5044 e
1646 4991 1823 5046 lebete

230 5076 361 5132 illos
389 5073 630 5141 extrahi,
663 5074 719 5128 in
753 5074 950 5143 quibus
989 5090 1090 5129 nec
1138 5075 1274 5145 picis
1304 5078 1438 5132 odor
1467 5078 1662 5149 aliquis
1711 5082 1824 5136 ine-

230 5179 319 5223 rat
345 5186 361 5224 :
408 5169 545 5238 quin
571 5166 736 5221 etiam
786 5180 964 5236 neque
982 5166 1036 5220 in
1068 5166 1244 5223 lcbete
1306 5169 1426 5239 ipso
1450 5171 1587 5241 picis
1617 5172 1823 5241 aliquid

231 5262 524 5317 inventum
568 5265 675 5325 est,
701 5258 799 5314 sed
843 5266 1054 5313 tantum
1100 5257 1294 5330 frigida
1324 5275 1487 5329 aqua.
1517 5261 1672 5316 Tunc
1710 5264 1825 5318 Au-

228 5354 521 5409 relianus:
554 5349 985 5416 Existimatisne,
1020 5350 1217 5419 inquit,
1253 5366 1369 5418 eos,
1404 5353 1495 5422 qui
1522 5362 1825 5424 praesentes

232 5454 387 5510 sunt,
411 5461 442 5500 a
463 5444 622 5501 vobis
643 5443 1025 5499 circumveniri
1059 5450 1115 5498 et
1135 5443 1350 5511 adduci,
1366 5454 1427 5500 ut
1453 5453 1648 5516 putent
1672 5448 1825 5501 auxi--

236 5537 371 5592 lium
403 5553 434 5591 a
468 5537 580 5592 Deo
629 5542 819 5590 vestro
865 5534 1019 5590 vobis
1069 5534 1315 5601 allatum,
1344 5544 1399 5589 et
1447 5550 1558 5590 non
1604 5539 1827 5608 magicis

236 5632 422 5702 potius
438 5630 653 5684 artibus
674 5627 792 5682 haec
811 5626 951 5682 facta
966 5626 1114 5682 esse?
1124 5626 1240 5681 Non
1265 5627 1360 5687 ita,
1384 5642 1482 5697 per
1505 5627 1637 5682 deos
1654 5627 1826 5698 ipsos,

240 5738 330 5778 rcs
344 5740 385 5777 ει(
413 5724 447 5779 h
468 5723 640 5777 .bebit
654 5736 671 5785 ;
687 5718 873 5774 faciam
889 5719 1056 5786 enim,
1073 5727 1132 5774 ut
1145 5719 1472 5774 cruciatibus
1488 5718 1686 5782 allecti,
1706 5718 1829 5790 igne

235 5809 906 5882 consumaminimisidiis
946 5810 1075 5881 ipsis
1093 5809 1339 5866 victimas
1376 5807 1702 5866 obtuleritis.
1745 5809 1824 5864 Ad

1925 4623 2200 4663 venenum
2231 4617 2423 4664 contra
2446 4623 2548 4662 nos
2597 4609 2915 4677 effundere;
2971 4614 3066 4666 sed
3124 4615 3264 4669 nihil
3316 4625 3496 4673 tamen

1922 4697 2202 4769 proficies,
2239 4715 2361 4752 cum
2394 4699 2537 4752 Dens
2576 4698 2690 4767 ipse
2729 4714 2830 4753 nos
2861 4701 3199 4769 corroboret,
3229 4714 3499 4774 utpravas

1927 4798 2047 4845 tuas
2075 4792 2433 4861 cogitationes
2469 4791 2744 4846 sustinere
2788 4796 3085 4862 possimus.
3130 4795 3320 4866 Itaque
3374 4814 3498 4855 cum

1923 4882 2184 4936 adversus
2200 4882 2449 4948 nos_nihil
2464 4882 2676 4937 edicere
2695 4884 2965 4954 potueris,
2984 4890 3155 4957 magis
3189 4891 3500 4958 erubesccs,

1924 4984 1981 5029 et
2011 4990 2040 5028 a
2096 4974 2257 5029 nobis
2316 4976 2370 5045 ip
2385 4975 2461 5031 sis
2492 4976 2810 5031 abstinebis.
2840 4976 3168 5034 Aurelianus
3192 4981 3355 5051 jussit
3384 4983 3504 5040 illos

1923 5067 2147 5131 exsolvi,
2177 5075 2232 5122 et
2280 5067 2337 5122 in
2369 5084 2643 5123 carcerem
2698 5068 2940 5134 detrudi,
2975 5077 3139 5139 atque
3187 5073 3327 5144 ligna
3352 5090 3502 5144 qua:-

1925 5161 2285 5217 dammaximi
2323 5160 2583 5231 ponderis
2616 5161 2669 5216 in
2725 5176 2915 5215 eorum
2974 5162 3219 5218 cervices
3273 5166 3500 5237 imponi,

1925 5253 2092 5322 pedes
2118 5252 2279 5307 etiam
2313 5254 2665 5323 compedibus
2707 5252 2878 5324 ligari,
2911 5254 3119 5309 catenis
3177 5271 3373 5311 manus
3408 5259 3503 5314 de-

1926 5344 2148 5409 vinciri,
2176 5353 2232 5399 et
2261 5344 2467 5399 ferreos
2495 5346 2675 5401 clavos
2700 5349 2893 5413 aterni,
2940 5347 3120 5403 utillis
3166 5349 3507 5420 configeren—

1929 5447 2038 5503 tur,
2067 5453 2247 5509 neque
2275 5437 2714 5494 Christianorum
2741 5439 2980 5510 aliquem
3017 5441 3260 5509 permitti
3284 5443 3354 5497 ad
3409 5458 3505 5497 eos

1927 5530 2163 5600 ingredi,
2202 5546 2268 5585 ne
2306 5529 2458 5585 cilius
2509 5530 2813 5585 ali‘erretur.
2857 5531 2980 5587 lllos
3012 5533 3173 5604 igitur
3226 5535 3508 5592 carnifices

1930 5620 1982 5675 in
2017 5635 2292 5676 carcerem
2347 5621 2644 5686 duxerunt,
2684 5637 2912 5693 quaeque
2965 5624 3034 5680 ab
3074 5624 3367 5682 Aureliano
3393 5627 3510 5695 jus-

1928 5713 1970 5766 si
2010 5712 2247 5776 fuerant,
2281 5712 2362 5767 eis
2426 5712 2694 5769 fecerunt.
2751 5715 2885 5770 Cum
2941 5731 3069 5771 vero
3123 5717 3305 5774 media
3348 5726 3508 5775 nocte

1932 5813 2196 5878 martyres
2226 5803 2394 5860 Deum
2446 5805 2969 5877 precarentur,-lux
3016 5808 3263 5880 quaedam
3313 5824 3508 5882 magna
