3996 6458
469 373 585 438 51'.)

1734 362 2022 422 MENSIS
2061 359 2492 422 AUGUSTUS.

3648 355 3754 418 580

468 483 675 539 ell'ulsit
703 482 756 536 in
788 494 1026 545 carcere,
1064 485 1118 532 et
1168 476 1395 547 angelus
1451 488 1637 530 coram
1695 472 1805 526 illis
1875 473 2047 538 stetit,
2099 481 2138 535 Α
2167 479 2222 527 et
2244 466 2554 535 temerarie,
2582 479 2810 523 curnam
2842 465 2962 519 haec
2990 463 3233 518 facinora
3263 470 3455 519 contra
3484 462 3759 518 Christia-

470 579 660 645 eisque
686 575 839 629 dixit:
870 572 1034 627 Paule
1077 579 1133 625 et
1165 568 1402 638 Juliana,
1457 567 1601 622 servi
1644 565 1739 621 Dei
1783 566 2056 623 altissimi.

472 670 676 738 surgite
700 676 755 721 et
786 666 954 719 Deum
984 669 1160 718 orate.
1199 660 1324 717 Haec
1339 661 1474 715 dixit
1498 659 1747 728 angelus,
1782 667 1838 713 et
1881 658 1946 713 ad
1969 673 2065 712 eos

475 759 708 816 accessit
736 775 751 811 :
781 772 845 812 ac
872 759 1056 812 statim
1092 758 1480 820 instrumenta,
1516 754 1717 824 Quibus
1741 768 1929 807 eorum
1947 752 2062 806 col—

471 853 519 907 la
543 851 835 907 constricta
866 859 1044 913 erant,
1069 850 1263 919 tetigit,
1283 848 1579 917 statimque
1610 856 1717 900 tam
1750 845 1858 910 illa,
1899 860 2061 914 quam

480 941 685 1008 reliqua
717 939 895 994 ferrea
921 951 978 994 et
1001 941 1173 1010 lignea
1199 939 1414 993 vincula
1455 936 1841 1000 confracta,de
1883 936 2064 1005 justo—

470 1049 622 1100 rumg
644 1043 938 1103 martyrum
963 1032 1283 1101 corporibus
1318 1031 1639 1085 exciderunt
1666 1047 1678 1082 :
1706 1030 1826 1082 due
1876 1037 2058 1082 autem

452 1124 629 1177 sedes
650 1123 844 1193 pannis
861 1133 1067 1187 stratae,
1114 1131 1169 1175 et
1191 1136 1377 1175 mensa
1408 1135 1593 1175 coram
1622 1119 1753 1190 ipsis
1796 1118 1942 1173 illico
1964 1131 2057 1187 ap.

468 1216 646 1284 posita
679 1223 784 1279 est,
831 1215 1142 1284 omnigenis
1178 1214 1399 1268 ferculis
1431 1213 1609 1284 plena,
1642 1214 1831 1282 eisque
1898 1225 2061 1281 ange-

448 1305 557 1358 ‘lus
588 1304 727 1358 dixit
767 1321 782 1359 :
825 1301 1038 1367 Venite,
1094 1303 1439 1373 requiescite,
1494 1313 1550 1357 et
1610 1303 1789 1357 cibum
1836 1302 2058 1366 sumite,

454 1412 630 1468 quem
688 1396 838 1449 misit
870 1394 1024 1449 vobis
1049 1394 1178 1450 Jesu
1217 1394 1494 1451 Christus.
1514 1397 1713 1451 Paulus
1745 1404 1799 1449 et
1819 1393 2055 1458 Juliana,

468 1504 532 1542 ea
550 1502 609 1542 re
641 1487 826 1553 laetati,
851 1487 1268 1542 discubuernnt.
1292 1487 1539 1558 Cumque
1562 1502 1757 1557 panem
1787 1486 1965 1556 ipsum
2001 1485 2058 1539 in

470 1595 665 1634 manus
683 1581 1062 1648 sumpsissent,
1081 1588 1135 1634 et
1159 1580 1349 1634 oculos
1392 1579 1448 1632 in
1500 1580 1696 1633 coelum
1732 1577 2056 1642 erexissent,

473 1672 584 1722 Deo
620 1669 725 1737 ipsi
759 1669 962 1738 gratias
1018 1677 1267 1736 egerunt,
1325 1675 1379 1721 et
1417 1667 1525 1721 cibi
1579 1666 1872 1736 participes
1931 1664 2057 1718 iacti

470 1770 619 1814 sunt.
658 1759 918 1814 Viderunt
947 1761 1187 1814 carceris
1219 1761 1474 1814 custodes
1513 1760 1687 1812 lucem
1726 1757 1881 1811 illam
1941 1770 2056 1809 ma-

2169 580 2268 619 nos
2304 569 2518 633 patrare
2575 557 2800 614 audes?
2855 556 3128 622 Quidnam
3177 556 3431 611 homines
3471 554 3583 611 Deo
3637 569 3756 609 ser-

2167 652 2380 706 vientes
2413 647 2827 709 commiserunt,
2864 652 2924 697 ut
2951 642 3025 697 ita
3052 642 3343 697 crudeliter
3370 643 3758 699 etimmaniter

2164 756 2260 796 eos
2294 739 2509 795 crucies
2538 738 2560 791 ?
2588 735 2672 792 An
2709 736 2837 804 quia
2868 732 3148 788 Christum
3182 732 3424 787 omnium
3446 732 3758 787 dominato—

2166 848 2282 886 rem
2312 839 2646 885 venerantur
2673 825 2846 880 illaec
2882 840 3007 880 cum
3035 824 3243 878 audiret
3277 823 3624 888 Aurelianus,
3676 823 3756 877 ita

2163 923 2464 992 obstupuit,
2501 931 2561 975 ut
2592 920 2726 974 hora
2782 932 2891 972 una
2915 926 3104 971 mutus
3131 914 3474 969 remanserit.
3506 913 3759 968 Tandem

2165 1014 2503 1084 respondens
2566 1030 2582 1067 :
2641 1011 2798 1065 Tune
2857 1009 3068 1069 etiam,
3132 1007 3353 1075 inquit,
3404 1004 3754 1066 Stratonice,

2162 1106 2389 1161 istorum
2425 1103 2669 1159 stultitiae
2693 1111 2855 1170 atque
2873 1097 3100 1153 insania:
3125 1097 3400 1166 particeps
3430 1095 3606 1149 factus
3632 1109 3698 1148 es
3732 1093 3757 1145 ?

2162 1199 2243 1251 An
2272 1195 2505 1250 Juliante
2536 1191 2881 1263 pulchritudo
2913 1199 2964 1244 te
2996 1188 3237 1257 decepit,
3289 1196 3341 1241 et
3384 1187 3504 1255 ejus
3543 1187 3757 1256 jucun-

2162 1286 2247 1341 dis
2307 1282 2660 1339 sermonibus
2714 1280 2943 1333 allectus
2995 1275 3102 1331 es?
3142 1274 3484 1329 Stratonicus
3538 1289 3663 1326 cum
3701 1275 3757 1326 in

2161 1379 2360 1434 caelum
2398 1376 2589 1431 oculos
2617 1373 2906 1436 erexisset,
2965 1371 3094 1425 dein
3124 1367 3350 1423 Paulum
3395 1384 3457 1421 ac
3482 1367 3759 1423 Julianam

2162 1467 2216 1521 in
2246 1468 2395 1538 ligno
2442 1478 2742 1535 suspensos
2798 1459 3309 1531 circumspexisset,
3368 1459 3550 1513 crucis
3598 1458 3760 1528 signo

2161 1559 2427 1623 munitus,
2461 1557 2678 1613 illorum
2712 1564 2967 1626 aspectus
3002 1556 3137 1608 tales
3162 1553 3314 1619 vidit,
3345 1550 3534 1622 quales
3585 1564 3761 1620 ange-

2160 1657 2337 1710 lorum
2371 1654 2466 1709 Dei
2500 1654 2673 1709 facics
2704 1667 2825 1707 esse.
2857 1652 3055 1707 solent.
3084 1649 3207 1703 Mox
3254 1648 3507 1713 accurrit,
3537 1656 3595 1702 et
3621 1648 3764 1702 deo-

2163 1764 2284 1803 rum
2317 1763 2468 1802 aram
2499 1746 2743 1802 calcibus
2773 1742 3143 1807 conculcavit,
3197 1755 3428 1810 eamque
3473 1748 3761 1802 evertens,

470 1868 630 1923 gnam
657 1868 672 1918 ;
704 1868 939 1921 cumque
969 1853 1037 1907 ad
1079 1868 1175 1907 eos
1206 1863 1433 1922 repente
1472 1851 1871 1913 introivissent,
1901 1849 2049 1918 quod
2080 1830 2124 1891 Β
2151 1831 2227 1897 :ftt
2254 1859 2268 1896 :
2293 1839 2373 1895 En
2400 1849 2455 1895 et
2475 1855 2574 1910 ego
2595 1837 2936 1893 Christianus
2958 1850 3078 1889 sum
3102 1850 3118 1900 ;
3139 1834 3305 1888 facias
3344 1832 3472 1887 licet
3491 1832 3758 1901 quidquid

470 1946 672 2000 factum
699 1946 874 1999 fuerat
900 1946 1244 2011 didicerunt,
1301 1947 1449 2015 ipsos
1506 1946 1732 2014 insuper
1756 1943 2049 1999 comeden-

472 2044 575 2098 tes,
603 2045 658 2088 et
690 2035 890 2089 hilares
917 2035 1092 2090 factos
1125 2036 1401 2091 viderunt.
1434 2034 1620 2104 Itaque
1654 2049 1779 2088 cum
1835 2033 1941 2088 illis
1967 2046 2053 2087 re-

472 2128 985 2198 cumbentesetipsi
1039 2129 1417 2189 comederunt,
1460 2129 1680 2197 Deoque
1726 2127 1939 2181 laudem
1998 2133 2053 2180 et

471 2219 698 2292 gloriam
747 2221 1038 2286 dederunt,
1069 2223 1160 2291 qui
1206 2222 1363 2277 talem
1416 2223 1643 2292 gratiam
1696 2221 1820 2275 ﬁliis
1872 2218 2052 2275 homi-

472 2329 604 2369 num
636 2315 978 2380 contulisset,
1006 2317 1077 2368 ita
1108 2322 1166 2369 ut
1200 2315 1446 2384 plerique
1477 2330 1542 2369 ex
1566 2313 1699 2384 ipsis
1735 2312 1843 2368 Deo
1875 2311 2052 2367 credi-

471 2406 675 2469 derint,
702 2415 758 2459 et
796 2405 1099 2459 Christiani
1127 2413 1422 2461 evaserint.

539 2493 628 2548 XI.
666 2494 850 2549 Tertio
908 2502 1029 2564 post
1051 2496 1138 2549 die
1162 2495 1508 2559 Aurelianus,
1564 2510 1685 2549 cum
1720 2498 1773 2548 in
1798 2494 2050 2550 tribunali

471 2585 730 2648 sedisset,
756 2583 922 2651 jussit
956 2593 1174 2638 sanctos
1206 2594 1474 2654 martyres
1508 2585 1737 2638 Paulum
1776 2593 1831 2638 et
1877 2582 2052 2637 Julia-

467 2689 594 2730 nam
623 2676 752 2729 illuc
785 2675 930 2739 duci,
966 2675 1163 2743 quibus
1187 2675 1262 2727 ait
1290 2690 1305 2728 :
1348 2677 1430 2728 An
1483 2675 1726 2729 nondum
1784 2685 2054 2728 tormenta

469 2767 589 2837 ipsa
620 2782 716 2821 vos
742 2768 1068 2831 docuerunt,
1105 2774 1165 2820 ut
1187 2767 1255 2820 ab
1288 2768 1390 2820 ista
1458 2767 1669 2821 insania
1730 2777 1910 2821 vestra
1940 2766 2052 2820 dis-

474 2858 702 2921 cedatis,
729 2866 784 2909 et
816 2862 946 2909 deus
1004 2860 1289 2920 adeuntes,
1322 2856 1427 2909 illis
1481 2858 1730 2911 victimas
1779 2855 2049 2911 offeratis?

468 2949 619 3013 Haec,
646 2949 826 3017 inquit
857 2949 1081 3011 Paulus,
1112 2948 1345 3001 stultitia
1380 2947 1510 3001 mihi
1543 2949 1637 3012 sit,
1673 2956 1729 3002 et
1768 2946 2050 3013 omnibus,

468 3043 564 3112 qui
598 3042 767 3095 Deum
816 3043 990 3111 ipsum
1026 3042 1287 3111 diligunt.
1320 3039 1472 3103 Quod
1514 3040 1660 3093 enim
1717 3040 1936 3093 stultum
1978 3047 2058 3092 est

469 3134 589 3195 Dei,
622 3133 914 3203 sapientius
945 3143 1017 3185 est
1048 3132 1375 3194 hominibus;
1407 3139 1455 3183 et
1485 3130 1750 3199 sapientia
1787 3129 2057 3182 hominum

465 3227 696 3281 stultitia
726 3234 801 3278 est
835 3226 977 3294 apud
1011 3224 1195 3277 Deum.
1232 3223 1514 3293 Desipiens
1554 3220 1798 3291 profecto
1825 3229 1881 3276 et
1914 3222 2060 3274 insa-

466 3337 573 3376 nus
609 3335 807 3384 essem,
862 3320 906 3375 si
965 3336 995 3373 a
1042 3319 1150 3372 Deo
1190 3320 1305 3387 ipso
1340 3318 1620 3381 deﬁciens,
1651 3319 1925 3371 daemones
1979 3319 2069 3371 ve'

465 3428 611 3470 stros
625 3417 883 3469 colerem.
913 3413 1098 3466 Denuo
1123 3413 1467 3477 Aurelianus,
1487 3412 1579 3465 bili
1613 3412 1873 3481 percitus,
1902 3409 2064 3480 jussit

466 3508 591 3563 illos
623 3508 675 3560 in
705 3508 851 3576 ligno
897 3506 1181 3574 suspendi,
1235 3515 1289 3559 et
1338 3504 1590 3559 cruciari.
1644 3506 1714 3558 At
1756 3503 1833 3557 illi
1892 3502 2062 3556 Deum

469 3607 712 3663 orantes,
751 3601 865 3655 haec
896 3599 1189 3653 dicebant:
1230 3597 1458 3651 Domine
1489 3598 1618 3651 Jesu
1655 3596 1897 3659 Christe,
1962 3593 2062 3649 Fili

469 3689 564 3746 Dei
618 3693 871 3755 viventis,
939 3693 1029 3746 lux
1100 3690 1560 3754 Christianorum,
1612 3698 1667 3744 et
1723 3690 1875 3751 ﬁdes,
1939 3705 2061 3759 quae

472 3799 651 3854 neque
684 3784 924 3851 concuti,
990 3799 1169 3853 neque
1217 3783 1284 3837 ab
1343 3783 1672 3838 adversariis
1723 3782 2057 3853 expugnari,

473 3889 567 3934 aut
635 3879 856 3932 dissolvi
915 3886 1153 3947 potest:
1207 3878 1433 3933 ostende
1514 3876 1709 3931 faciem
1777 3886 1924 3931 tuam
1985 3884 2062 3943 ,et

472 3971 629 4025 nobis
649 3986 806 4038 Opem
844 3973 1006 4034 feras,
1039 3984 1216 4039 neque
1250 3985 1351 4023 nos
1378 3970 1642 4024 destituas
1661 3978 1883 4039 prOpter
1933 3983 2062 4023 san-

468 4073 622 4117 ctum
647 4077 849 4117 nomen
875 4072 1050 4117 tuum.
1078 4061 1213 4116 Cum
1244 4061 1406 4131 igitur
1435 4061 1720 4115 carniﬁces
1752 4061 1958 4115 diutius
1993 4060 2058 4114 il-

472 4154 556 4209 los
580 4155 908 4217 cruciarent,
928 4161 982 4206 et
1011 4153 1260 4206 Christus
1290 4168 1476 4206 eorum
1509 4153 1783 4208 cruciatus
1806 4153 2060 4207 subleva-

474 4254 577 4307 rrt,
598 4244 732 4299 nihil
757 4245 980 4298 omnino
1024 4253 1287 4313 martyres
1313 4253 1579 4299 tormenta
1613 4245 1701 4299 illa
1723 4245 2052 4300 sentiebant.

546 4337 666 4391 XII.
712 4337 862 4391 Unus
896 4353 1023 4391 vero
1055 4351 1086 4390 e
1116 4336 1482 4401 carniﬁcibus,
1538 4338 1763 4392 nomine
1792 4338 2055 4393 Stratoni.

474 4446 596 4496 cus,
628 4445 752 4484 cum
785 4438 957 4484 staret
986 4429 1051 4483 ad
1085 4428 1370 4483 sinistrum
1410 4427 1637 4483 Julianus
1661 4430 1823 4494 latus,
1857 4439 1911 4486 et
1942 4441 2052 4486 tor-

2088 3189 2135 3250 C

2154 1930 2307 1989 libet.
2365 1933 2573 1988 Furore
2650 1945 2921 1986 accensus
2997 1926 3351 1991 Aurelianus,
3415 1925 3581 1993 jussit
3632 1925 3759 1993 ejus

2152 2036 2313 2096 caput
2339 2024 2607 2080 abscindi.
2640 2021 2886 2090 Cumque
2926 2018 3252 2073 sententiam
3278 2017 3579 2087 imperator
3603 2014 3759 2069 tulls-

2152 2128 2255 2182 set,
2286 2119 2431 2173 venit
2459 2117 2528 2171 ad
2565 2131 2692 2170 eum
2735 2115 2911 2168 locum
2939 2112 2995 2165 in
3053 2124 3163 2179 quo
3223 2110 3543 2180 martyrium
3576 2107 3763 2161 obitu-

2153 2228 2249 2268 rus
2277 2221 2395 2267 erat
2425 2229 2440 2276 ;
2473 2211 2564 2264 ubi
2597 2224 2723 2264 cum
2755 2223 2930 2279 genua
2979 2205 3324 2265 inclinasset,
3379 2204 3451 2257 ita
3528 2201 3711 2255 oravit
3738 2217 3752 2254 :

2155 2305 2385 2361 Domine
2421 2303 2551 2359 Jesu
2601 2301 2841 2364 Christe,
2878 2312 3037 2368 quem
3072 2296 3270 2351 Paulus
3294 2294 3578 2350 etJuliana
3619 2310 3758 2347 con-

2156 2399 2390 2462 ﬁtentes,
2423 2393 2610 2451 invicti
2676 2400 3001 2463 permanent
3030 2405 3060 2443 a
3090 2388 3374 2442 divinitate
3433 2398 3524 2440 tua
3566 2401 3757 2440 serva-

2157 2492 2219 2555 ti,
2246 2499 2300 2545 et
2320 2486 2598 2545 Aureliani
2628 2483 2966 2557 tyrannidem
2991 2480 3425 2544 confundentes;
3456 2488 3538 2545 tu,
3565 2492 3754 2547 quaeso

2156 2593 2211 2639 et
2240 2583 2477 2637 animam
2526 2593 2703 2633 meam
2731 2576 2919 2644 accipe
2959 2573 3013 2628 in
3064 2574 3286 2629 caeleste
3317 2586 3542 2641 regnum
3573 2581 3752 2634 tuum,

2155 2690 2355 2737 meam,
2393 2674 2635 2742 inquam,
2667 2668 2927 2733 animam,
2952 2665 3042 2736 qui
3078 2664 3416 2720 brevissimae
3442 2664 3591 2717 horae
3621 2678 3751 2732 spa—

2157 2769 2232 2823 tio
2278 2780 2481 2820 nomen
2528 2773 2678 2818 tuum
2736 2762 3021 2816 confessus
3069 2773 3213 2825 sum»,
3250 2763 3522 2826 prmsente
3571 2755 3748 2808 Anre:

2158 2862 2326 2915 liauo.
2364 2857 2455 2911 llis
2507 2854 2687 2920 dictis,
2735 2853 2826 2907 ille
2875 2859 3038 2921 caput
3090 2849 3357 2914 extendit,
3389 2857 3446 2901 et
3491 2844 3751 2900 carniﬁce

2157 2953 2513 3007 obtruncatus
2567 2956 2671 3003 est.
2733 2943 3017 2999 Venerunt
3083 2953 3265 2997 autem
3305 2938 3629 3003 Christiani,
3683 2944 3744 2992 et

2159 3045 2280 3114 ejus
2314 3040 2574 3110 reliquias
2604 3037 2965 3108 collegerunt.

2249 3241 2384 3297 Xlll.
2425 3240 2629 3295 Paulus
2664 3253 2794 3293 vero
2841 3247 2897 3292 et
2939 3235 3157 3290 Juliana
3204 3234 3486 3290 cruciatus
3532 3232 3756 3287 fortiter

2171 3335 2537 3391 sustinebant.
2587 3332 2743 3386 Tunc
2800 3330 3127 3384 Aurelianus
3173 3326 3443 3382 Julianam
3502 3326 3751 3380 aﬂ'atus:

2169 3424 2213 3480 0
2247 3424 2502 3487 scelesta,
2547 3422 2745 3491 inquit,
2781 3430 2835 3475 et
2869 3419 3035 3488 impia
3079 3418 3420 3480 muliercula,
3468 3418 3754 3485 quomodo

2169 3517 2225 3569 in
2246 3497 2537 3569 tormeniis
2557 3512 2850 3576 exsistens,
2882 3508 3195 3564 carniﬁcem
3215 3508 3465 3577 decipere
3488 3507 3752 3574 potuisti.

2167 3610 2327 3679 eique
2361 3608 2550 3663 mortis
2583 3621 2803 3662 causam
2852 3603 3095 3659 ail‘erre?
3128 3601 3249 3656 Non
3295 3616 3413 3672 ego,
3448 3601 3627 3671 inquit
3655 3599 3759 3655 Ju-

2166 3702 2332 3763 liaua,
2370 3702 2520 3755 illum
2552 3698 2765 3768 decepi,
2797 3697 2880 3752 vel
2913 3695 3105 3751 mortis
3148 3709 3369 3750 causam
3418 3696 3601 3756 attuli.
3648 3696 3752 3749 sed

2164 3795 2255 3863 qui
2296 3809 2381 3847 me
2437 3788 2919 3860 assumpsitlesus
2958 3787 3230 3849 Christus,
3257 3787 3345 3841 ille
3371 3787 3488 3856 ipse
3518 3795 3575 3840 et
3599 3787 3755 3841 hunc

2163 3888 2385 3958 dignum
2419 3885 2569 3948 fecit,
2596 3900 2659 3938 ac
2685 3884 2899 3937 vocavit
2919 3898 2950 3959 ;.
2970 3880 3079 3934 nisi
3107 3880 3252 3935 enim
3294 3880 3492 3950 dignus
3519 3879 3746 3941 fuisset,
3824 3870 3841 3875 “

2163 3992 2445 4046 nunquam
2485 3976 2553 4029 ad
2598 3973 2839 4044 martyrii
2866 3973 3101 4042 palmam
3135 3974 3425 4041 pervenire
3448 3972 3749 4041 potuisset.

2161 4070 2315 4124 illum
2341 4068 2502 4140 igitur
2524 4068 2579 4121 in
2625 4080 2791 4136 regno
2827 4066 3089 4119 oculorum
3117 4064 3552 4133 requiesceutem
3596 4065 3753 4133 aspi-

2162 4162 2295 4223 cies,
2331 4171 2384 4215 te
2428 4174 2559 4213 vero
2604 4157 2659 4211 in
2711 4158 2977 4227 gehennae
3017 4156 3233 4210 ﬂamma
3276 4156 3459 4226 puniri
3514 4158 3752 4212 senties.

2159 4253 2315 4307 Tunc
2349 4251 2793 4320 quidem-pectus
2825 4255 3000 4314 tuum,
3034 4245 3242 4308 infelix,
3279 4247 3568 4315 percuties,
3617 4261 3749 4300 cum

2157 4346 2476 4401 inferiorem
2522 4344 2829 4409 hominem,
2875 4342 3053 4410 teipso
3099 4341 3242 4410 apud
3292 4340 3577 4395 Christum
3610 4355 3750 4408 pra:-

2157 4435 2480 4491 stantiorcm
2524 4432 2759 4499 videbis,
2812 4440 2871 4487 et
2920 4432 3107 4485 dolore
3158 4429 3407 4495 aﬁ‘ectus,
3456 4429 3743 4492 clamabis,

480 4533 665 4581 menta
700 4524 754 4576 in
780 4538 898 4576 eam
925 4521 1174 4586 inferret,
1238 4522 1358 4590 ejus
1386 4522 1794 4590 pulchritudine
1828 4531 2051 4593 captus,
2087 4530 2130 4585 ι)
2161 4528 2255 4583 Dei
2296 4524 2727 4581 misericordiam
2769 4524 3090 4594 implorans,
3124 4538 3287 4593 quam
3333 4533 3516 4577 tamen
3560 4522 3744 4592 impe.

474 4631 673 4671 manus
697 4616 766 4669 ab
795 4630 858 4668 ea
881 4615 1215 4668 continebat.
1242 4614 1413 4683 Cujus
1469 4629 1691 4668 sensum
1723 4623 1886 4683 atque
1932 4614 2055 4670 ani-

475 4721 625 4767 mum
664 4725 788 4765 cum
816 4710 975 4763 beata
1003 4716 1060 4762 et
1083 4718 1271 4763 sancta
1303 4708 1519 4762 Julzana
1553 4720 1945 4777 cognosceret,
1981 4709 2058 4764 si-

474 4802 709 4856 nistrum
745 4802 939 4871 pedem
993 4803 1258 4863 extendit,
1290 4812 1342 4855 et
1371 4802 1516 4857 calce
1547 4801 1698 4855 illum
1732 4802 2055 4858 verberans:

477 4892 810 4958 Stratonice,
833 4892 1052 4962 inquit,
1093 4893 1177 4946 fac
1222 4894 1367 4962 quod
1414 4896 1600 4962 jussus
1641 4909 1698 4949 es
1744 4910 1774 4948 a
1829 4905 2057 4965 tyranno

475 4986 795 5050 Aureliano,
827 5000 1006 5053 neque
1042 5000 1238 5039 manus
1265 5001 1293 5038 a
1323 5000 1410 5038 me
1443 4986 1727 5041 contineas
1755 4985 1886 5040 mihi
1930 5002 2054 5055 par-

475 5092 638 5143 cens;
686 5090 788 5146 ego
816 5075 961 5130 enim
1007 5076 1184 5130 habeo
1238 5074 1442 5146 Regem
1513 5092 1694 5130 meum
1753 5077 2043 5131 Dominum

471 5168 657 5227 Iesum
723 5169 1025 5234 Christum,
1060 5168 1232 5222 Deum
1265 5179 1553 5234 aeternum,
1578 5178 1633 5223 et
1686 5169 1883 5223 animae
1914 5185 2052 5224 meae

472 5272 803 5326 curatorem,
836 5262 931 5330 qui
986 5262 1265 5331 corporeis
1312 5261 1595 5316 laboribus
1644 5277 1729 5316 me
1779 5262 2047 5328 sublevat,

472 5364 638 5424 atque
697 5355 768 5407 ita
817 5365 1115 5423 praesentes
1179 5356 1455 5409 cruciatus
1508 5370 1617 5409 non
1671 5355 1870 5409 sentio.
1925 5355 2051 5410 Haec

473 5463 600 5502 cum
653 5446 996 5503 Stratonicus
1026 5447 1347 5510 audivisset,
1400 5447 1583 5501 statim
1630 5462 1841 5511 ensem,
1887 5463 2050 5517 quem

474 5555 638 5595 manu
653 5540 893 5605 tenebat,
914 5539 1111 5610 abjecit
1129 5542 1398 5610 {cumque
1429 5540 1495 5594 ad
1514 5538 1749 5598 tribunal
1772 5539 2051 5598 Aurctiani

454 5633 833 5695 ‘cucurrisset,
895 5631 1136 5687 clamans
1170 5648 1187 5688 :
1219 5631 1546 5702 Aureliane,
1584 5632 1780 5704 inquit,
1826 5642 2052 5706 tyranne

583 5768 602 5801 ³
640 5765 662 5823 Ι
690 5767 815 5825 Cor.
843 5787 880 5835 ι,
912 5768 1000 5837 20,
1022 5769 1115 5827 25.

2159 4630 2308 4676 trare
2341 4633 2447 4672 non
2478 4617 2708 4688 poteris.
2747 4618 2879 4673 Post
2909 4617 3024 4672 haec
3046 4616 3211 4686 jussit
3240 4615 3573 4670 Aurelianus
3616 4616 3748 4670 illos

2159 4728 2191 4767 e
2219 4713 2369 4783 ligno
2398 4712 2695 4775 detractos,
2731 4711 2787 4764 in
2812 4724 3089 4765 carcerem
3117 4709 3435 4763 interiorem
3463 4707 3746 4772 concludi,

2158 4814 2215 4860 et
2257 4819 2451 4859 omnes
2485 4803 2763 4859 veneﬁcos
2821 4819 2885 4858 ac
2936 4802 3359 4873 praestigiatores
3396 4800 3603 4859 vocari,
3650 4801 3752 4870 qui

2160 4897 2307 4952 feras
2339 4911 2553 4961 omnes,
2600 4910 2958 4966 quascunque
2997 4896 3284 4958 haberent,
3330 4893 3749 4958 acerbissimas,

2161 4989 2267 5044 hoc
2296 5000 2400 5055 est,
2460 4992 2701 5058 viperas,
2768 4988 3001 5059 aspides.
3052 4996 3292 5042 cerastes
3338 5002 3402 5041 ac
3447 4986 3747 5051 dracones,

2159 5081 2435 5146 aﬁ'erreut,
2467 5091 2527 5134 ut
2556 5096 2664 5134 una
2695 5096 2821 5136 cum
2868 5079 3037 5134 Paulo
3083 5088 3137 5133 et
3165 5077 3381 5133 Juliana
3424 5077 3482 5131 iu
3521 5091 3757 5132 carcere

2156 5173 2636 5227 concluderentur.
2665 5170 2801 5226 Cum
2831 5172 2994 5242 igitur
3016 5171 3159 5227 feras
3177 5170 3509 5232 attulissent,
3542 5184 3756 5237 quem—

2156 5267 2447 5321 admodum
2511 5280 2543 5318 a
2600 5274 2832 5337 tyranno
2871 5264 3009 5335 jussi
3078 5265 3332 5327 fuerant,
3392 5263 3557 5317 simul
3614 5276 3753 5317 cum

2163 5358 2339 5413 Paulo
2364 5368 2418 5413 et
2445 5358 2660 5412 Juliana
2688 5373 2782 5413 eas
2838 5358 3247 5412 COD‘JUSEI’UM.
3280 5355 3590 5425 Serpebant
3637 5370 3757 5409 au-

2160 5460 2267 5507 tem
2315 5451 2440 5506 fera).
2483 5451 2614 5516 illae,
2662 5460 2717 5506 et
2764 5451 2832 5507 ad
2882 5452 3051 5521 pedes
3095 5451 3383 5505 beatorum
3432 5457 3759 5519 martyrum

2163 5543 2496 5610 assidebam,
2548 5544 2775 5599 intentis
2827 5544 3047 5615 quidem
3095 5542 3270 5598 oculis
3337 5555 3527 5597 eorum
3571 5539 3761 5596 facies

2167 5639 2518 5721 aspicientes,
2565 5638 2662 5695 sed
2696 5638 2835 5697 nihil
2865 5650 3048 5695 tamen
3078 5647 3363 5695 nocentes.
3414 5633 3618 5691 Paulus
3647 5648 3763 5689 au-
