3996 6464
274 416 385 483 581

1192 406 1662 471 MARTYRIUM
1704 405 1811 465 SS.
1848 402 2079 463 PAULl
2122 403 2215 462 ET
2255 401 2631 464 JULIANAE.

3466 395 3573 458 5ξὲ

281 538 400 583 tem
436 536 491 581 et
523 523 737 581 Juliana
794 520 1061 578 sedebant
1105 519 1425 591 psallentes,
1468 525 1525 571 et
1566 516 1734 570 Deum
1767 512 1881 569 col-
1910 511 1962 571 Α
1991 511 2250 581 indignus
2277 528 2339 566 es
2378 524 2432 567 et
2468 508 2715 566 alienus?
2740 507 2911 563 Iussit
2937 505 3266 562 Aurelianus
3294 505 3572 563 Julian-om

282 619 603 674 laudantes.

364 707 514 764 XIV.
547 708 869 763 Manserunt
899 713 1083 760 autem
1125 713 1412 775 serpentes
1462 701 1572 757 illae
1617 710 1727 758 tres
1773 701 1891 757 dies

284 810 347 856 et
373 811 486 853 tres
508 806 698 853 noctes
723 812 847 852 cum
874 796 1210 869 martyribus
1231 797 1451 851 clausa).
1484 794 1672 849 Tertio
1705 805 1891 850 autem

283 892 382 946 die
406 891 557 946 misit
576 890 907 944 Aurelianus
930 890 1032 943 sub
1054 889 1235 944 noctis
1274 896 1513 958 tempus,
1540 898 1600 943 ut
1623 888 1887 952 disceret,

286 998 362 1037 an
396 999 427 1037 a
475 981 829 1052 serpentibus
861 982 1177 1051 consumpti
1209 987 1414 1036 essent.
1449 979 1749 1046 Venerunt,
1797 980 1890 1050 qui

287 1075 451 1131 missi
492 1073 713 1127 fuerant
744 1073 813 1127 ad
853 1089 976 1127 cum
1010 1074 1231 1127 locum:
1280 1089 1516 1142 rumque
1562 1073 1627 1126 ad
1667 1073 1889 1142 januam

289 1166 684 1227 accessissent,
730 1179 848 1227 eos,
898 1164 1137 1234 psalmos
1183 1174 1446 1219 canentes
1479 1173 1535 1218 et
1573 1161 1743 1219 Deum
1780 1166 1890 1218 lau-

288 1262 515 1323 dantes,
542 1257 892 1310 audiverunt.
924 1254 1061 1309 Cum
1090 1271 1222 1309 vero
1267 1256 1573 1309 accuratius
1611 1256 1750 1310 scire
1781 1256 1892 1310 vel-

290 1351 430 1415 lent,
458 1364 568 1420 quo
607 1358 765 1418 pacto
800 1362 890 1400 res
925 1362 983 1401 se
1036 1348 1282 1411 haberet,
1324 1348 1694 1402 ascenderunt
1728 1349 1783 1402 in
1814 1349 1893 1402 lo-

290 1456 421 1497 cum
474 1440 764 1510 quemdam
820 1439 1186 1508 superiorem.
1238 1437 1396 1493 Unde
1434 1455 1534 1510 per
1593 1440 1887 1495 fenestram

296 1532 591 1603 speculati,
630 1532 886 1585 viderunt
935 1514 1161 1585 Paulum
1213 1532 1496 1586 sedentem
1545 1532 1710 1586 simul
1763 1549 1887 1587 cum

292 1640 493 1680 sorore
552 1641 647 1678 sua
690 1622 929 1689 Juliana,
982 1635 1035 1678 et
1092 1625 1346 1695 angelum
1392 1625 1486 1680 Dei
1547 1635 1780 1680 stantem
1831 1626 1888 1680 in

299 1726 606 1786 conspectu
642 1718 901 1780 ferarum,
947 1732 1122 1786 neque
1159 1718 1567 1786 permittetttmn
1607 1719 1749 1772 feras
1794 1734 1888 1771 ac-

291 1808 517 1862 cedere.
548 1805 924 1861 Cucurrerunt
953 1808 1115 1877 ig;tur
1141 1808 1236 1873 illi,
1268 1819 1321 1862 et
1355 1808 1647 1861 Aureliano
1678 1809 1884 1874 omnia,

290 1915 420 1968 qum
453 1899 724 1964 viderant,
773 1909 1117 1953 nuntiarunt.
1170 1900 1418 1953 Surrexit
1449 1900 1772 1955 Aurelianus
1810 1901 1891 1954 di-

295 1990 507 2056 luculo,
563 1997 617 2044 et
656 1989 799 2042 sedit
852 2005 952 2058 pro
988 1988 1270 2055 tribunali,
1319 1998 1373 2042 et
1408 1990 1573 2058 jussit
1619 1990 1889 2043 veneﬁcos

293 2082 443 2136 feras
479 2096 607 2136 suas
649 2081 797 2136 illinc
826 2094 1076 2145 evocnre,
1128 2090 1183 2134 et
1215 2090 1485 2151 martyres
1528 2082 1653 2136 duci
1690 2083 1757 2137 ad
1792 2083 1856 2136 tri

293 2171 489 2225 bunal.
517 2171 886 2225 AcceSserunt
914 2171 1138 2225 venefici
1167 2172 1232 2225 ad
1258 2173 1505 2241 januam,
1540 2183 1593 2228 et
1630 2172 1774 2227 feras
1824 2190 1889 2229 eo

302 2265 496 2328 modo,
538 2279 647 2332 quo
678 2262 949 2324 solebant,
993 2277 1190 2319 vocare
1236 2278 1547 2334 coeperunt.
1595 2264 1731 2320 Cum
1758 2281 1888 2320 vero

310 2356 447 2410 fera
486 2357 617 2425 ipsa:
678 2355 783 2409 illis
839 2372 950 2410 non
1010 2356 1320 2423 obedirent,
1358 2358 1580 2428 januam
1620 2357 1890 2425 patefece-

294 2460 448 2510 runt,
468 2456 525 2502 et
554 2447 684 2502 fera:
718 2463 829 2501 uno
854 2448 1063 2519 impetu
1099 2463 1294 2503 omnes
1324 2451 1598 2515 exierunt,
1630 2459 1683 2504 et
1719 2466 1890 2519 quos-

306 2552 531 2607 cunque
590 2538 837 2593 inﬁdeles
890 2538 1143 2594 homines
1191 2555 1364 2610 prope
1407 2540 1630 2609 januam
1659 2541 1890 2596 invene-

301 2640 455 2693 runt,
492 2630 679 2685 statim
727 2630 1080 2696 interfecere,
1114 2640 1171 2684 ct
1199 2632 1267 2686 ad
1305 2630 1521 2687 deserta
1573 2633 1692 2687 loca
1724 2632 1887 2687 aufu-

303 2732 526 2791 gerunt.

377 2812 497 2868 XV.
519 2814 776 2874 Carceris
799 2823 981 2869 autem
1008 2816 1266 2871 custodes
1288 2815 1516 2870 Paulum
1538 2825 1592 2872 et
1617 2816 1886 2872 Julianam

300 2906 372 2961 ad
411 2907 701 2961 Aureliani
753 2908 993 2962 tribunal
1040 2909 1337 2963 duxerunt.
1385 2908 1671 2981 Tyrannus
1723 2911 1890 2982 igitur

300 3013 401 3053 eos
435 2998 676 3063 intuens,
712 3012 777 3052 ac
809 2998 997 3053 ridens
1029 2998 1318 3063 :Beatum,
1356 2999 1556 3069 inquit,
1597 3017 1686 3056 me
1725 3004 1888 3058 hodie

299 3090 582 3153 existimo,
605 3090 751 3159 quod
788 3099 970 3145 vestra
1001 3092 1399 3147 consuetudine
1429 3092 1614 3161 fruor;
1658 3094 1889 3149 fortasse

1995 603 2288 668 Semoveri,
2308 611 2363 657 et
2395 602 2625 658 Paulum
2656 598 2875 664 reduci;
2907 599 2994 654 Cui
3018 597 3157 653 dixit
3191 639 3204 653 .
3240 599 3346 664 En,
3378 598 3574 665 Paule,

1993 707 2155 747 soror
2212 702 2304 747 tua
2352 693 2610 763 promisit
2658 691 2796 746 mihi
2847 706 2907 745 se
2941 691 3048 745 diis
3107 691 3575 757 sacrificatur-am;

1991 801 2114 856 quae
2164 786 2372 840 idcirco
2420 785 2554 839 mihi
2592 800 2728 839 uxor
2767 784 2894 847 erit,
2946 785 3224 854 totiusque
3264 785 3417 850 regni
3468 785 3577 840 mei

1992 880 2238 935 domina.
2285 879 2395 935 Fac
2442 880 2611 951 igitur
2653 889 2708 935 et
2743 889 2800 934 tu
2832 880 2977 948 quod
3025 880 3170 943 dico,
3203 889 3259 935 et
3293 881 3444 935 sinas
3479 881 3577 936 tibi

1994 970 2320 1040 persuaderi
2370 978 2431 1023 ut
2453 970 2556 1024 diis
2576 970 2872 1025 sacrifices.
2898 971 2979 1025 Ad
3006 972 3118 1025 haec
3145 970 3379 1027 Paulus:
3408 971 3575 1038 Vere,

1995 1060 2195 1128 inquit,
2251 1060 2520 1114 mentitus
2572 1075 2655 1124 es,
2706 1059 2871 1129 idque
2919 1071 3011 1114 tuo
3062 1062 3205 1115 malo
3243 1081 3258 1129 ;
3293 1063 3387 1117 sed
3435 1064 3575 1118 nihil

1992 1153 2234 1206 alienum
2269 1150 2449 1207 fecisti
2482 1168 2510 1207 a
2547 1151 2721 1223 patris
2754 1153 2831 1206 tui
2871 1153 3077 1207 diaboli
3108 1154 3426 1221 disciplina;
3448 1170 3574 1209 cum

1993 1243 2045 1297 id
2086 1242 2277 1308 facias,
2316 1244 2462 1313 quod
2521 1243 2611 1298 ille
2671 1245 2849 1299 solet:
2908 1261 3087 1313 neque
3137 1247 3282 1299 enim
3337 1246 3577 1315 aliquem

1994 1334 2286 1403 subripere
2364 1335 2615 1405 potestis,
2670 1335 2777 1389 nisi
2835 1337 3121 1390 mendacia
3187 1338 3573 1405 confingendo.

1993 1426 2100 1481 Sed
2135 1429 2334 1482 frustra
2390 1427 2628 1490 laboras,
2684 1443 2919 1496 namque
2960 1443 3063 1482 nos
3112 1444 3219 1481 non
3270 1429 3569 1499 decipies:

1992 1538 2061 1575 ne
2087 1521 2130 1575 si
2162 1522 2328 1575 totius
2357 1520 2578 1586 quidem
2608 1520 2759 1575 orbis
2784 1529 3058 1574 terrarum
3086 1519 3379 1590 imperium
3408 1520 3572 1575 nobis

1990 1614 2357 1683 pellicercris.
2399 1611 2643 1677 Minime,
2686 1612 2933 1682 inquam,
3001 1628 3104 1669 nos
3164 1613 3570 1668 circumvenire

1993 1708 2221 1777 poteris.

2061 1799 2224 1855 XVII.
2251 1797 2545 1868 Quousque
2585 1798 2824 1864 tandem,
2852 1798 3025 1868 inquit
3054 1799 3404 1864 Aurelianus,
3433 1799 3577 1871 inju-

1998 1892 2131 1943 riam
2160 1890 2321 1944 nobis
2350 1890 2618 1943 facis?An
2642 1905 2751 1942 non
2779 1890 3084 1951 erubescis,
3106 1899 3342 1959 nugator
3363 1899 3418 1944 et
3438 1891 3575 1945 insi-

1993 1981 2187 2051 piens?
2218 1980 2322 2035 Per
2339 1981 2473 2035 deos
2496 1981 2646 2049 ipsos
2665 1997 2766 2050 ego
2784 1998 2881 2036 vos
2898 1982 3145 2036 omnium
3178 1997 3438 2052 generum
3461 1991 3575 2035 tor-

1994 2075 2199 2128 mentis
2236 2073 2494 2142 allligam,
2549 2083 2603 2126 et
2641 2087 2806 2126 nemo
2844 2088 2874 2126 e
2908 2072 3161 2127 manibus
3192 2073 3329 2127 meis
3356 2072 3576 2127 auferre

1991 2164 2216 2233 poterit.
2238 2163 2413 2217 Jussit
2440 2162 2601 2233 igitur
2636 2162 2818 2233 ignem
2841 2162 3047 2228 afferri,
3075 2173 3131 2218 et
3157 2164 3574 2232 quatuordecim

1992 2256 2169 2327 virgas
2197 2255 2424 2321 ferreas,
2447 2271 2650 2324 easque
2683 2255 2738 2308 in
2763 2255 2942 2326 ignem
2967 2256 3258 2326 conjici,et
3298 2256 3455 2311 valde
3485 2272 3576 2310 ac-

1991 2352 2150 2405 cendi
2173 2368 2187 2412 ;
2210 2360 2326 2404 tum
2347 2352 2499 2404 Pauli
2521 2366 2716 2405 manus
2734 2361 2789 2405 et
2834 2353 2998 2421 pedes
3024 2353 3203 2423 ligari,
3226 2353 3576 2424 ferreumque

1990 2454 2205 2498 vet-tem
2257 2444 2397 2496 inter
2432 2459 2628 2499 manus
2664 2454 2720 2498 et
2752 2444 2922 2513 pedes
2964 2444 3138 2513 injici,
3177 2455 3232 2499 et
3273 2448 3325 2498 in
3370 2458 3575 2500 terram

2001 2537 2184 2606 defigi,
2217 2552 2281 2591 ac
2317 2536 2397 2591 sic
2429 2538 2596 2608 virgis
2626 2538 2810 2608 ignitis
2847 2539 2993 2593 binis
3026 2554 3122 2608 per
3154 2538 3300 2593 vices
3342 2539 3574 2595 Paulum

1984 2616 2230 2700 percuti,
2283 2628 2554 2682 Julianam
2614 2642 2744 2684 vero
2778 2631 2964 2700 jussit
3021 2631 3076 2683 in
3127 2631 3379 2699 lupanari
3434 2647 3575 2685 con-

1990 2720 2164 2775 stitui.
2191 2721 2381 2785 Itaque
2414 2720 2565 2773 multi
2592 2735 2622 2774 e
2653 2720 2811 2775 turba
2842 2722 2955 2787 illa,
2986 2737 3107 2790 quae
3154 2722 3569 2789 circumstabat,

1994 2812 2211 2867 scelesti
2245 2823 2299 2866 et
2326 2812 2524 2867 nefarii
2554 2813 2830 2878 homines,
2854 2814 3105 2869 certatim
3136 2814 3569 2881 contendebant,

1990 2903 2114 2972 quis
2141 2903 2208 2957 ad
2230 2918 2346 2957 eam
2379 2904 2587 2973 primus
2611 2905 3014 2973 ingrederetur.
3046 2906 3215 2960 Erant
3241 2906 3386 2959 enim
3421 2907 3576 2962 velut

1992 2996 2117 3065 equi
2176 2995 2514 3058 hinnientes,
2561 2997 2680 3067 ejus
2709 2996 2902 3065 puellae
2933 2997 3106 3051 forma
3157 2998 3393 3054 incitati.
3431 2999 3568 3053 Cum

1989 3104 2122 3143 vero
2161 3088 2218 3142 in
2252 3104 2318 3142 eo
2347 3088 2483 3149 loco,
2518 3088 2575 3142 in
2603 3104 2712 3157 quo
2751 3088 3084 3143 Aurelianus
3116 3089 3380 3159 jusserat,
3432 3104 3567 3144 con-

300 3184 452 3237 enim
487 3198 745 3253 magnum
772 3183 978 3253 aliquid
1016 3198 1048 3238 a
1078 3183 1234 3239 vobis
1278 3184 1636 3251 lucrifaciam,
1688 3195 1743 3242 et
1791 3202 1887 3257 per
1911 3194 1957 3257 ρ
1991 3182 2181 3235 stituta
2207 3190 2376 3243 esset,
2424 3181 2608 3234 statim
2643 3180 2869 3252 angelus
2898 3181 3132 3234 'Domini
3174 3182 3457 3237 descendit
3509 3184 3573 3237 de

300 3274 437 3329 deos
476 3274 646 3343 ipsos,
687 3274 733 3328 si
786 3275 1007 3345 quidem
1037 3276 1169 3328 mihi
1200 3291 1387 3331 verum
1417 3278 1690 3346 dixeritis,
1716 3281 1888 3333 multa

298 3374 358 3418 et
383 3378 580 3434 magna
606 3364 750 3418 dona
781 3379 812 3418 a
845 3380 933 3420 me
968 3367 1312 3437 percipietis,
1358 3380 1414 3424 et
1454 3372 1605 3441 regni
1648 3371 1757 3425 mei
1788 3385 1888 3441 po-

216 3466 237 3479 "
300 3464 475 3511 testas
497 3470 669 3524 penes
693 3470 791 3510 vos
812 3455 936 3512 erit.
967 3456 1224 3527 Nunquid
1256 3474 1354 3514 vos
1382 3460 1545 3515 deum
1577 3461 1887 3532 Apollinem

302 3558 663 3619 praesentem,
719 3557 778 3604 et
833 3550 994 3605 vobis
1051 3551 1439 3621 Opitulantem,
1499 3563 1558 3609 ut
1624 3556 1806 3610 audivi
1858 3571 1886 3609 a

298 3639 630 3710 quibusdam
678 3641 1138 3710 speculatoribus,
1212 3644 1465 3700 vidistis?
1518 3645 1650 3713 Nos,
1712 3647 1891 3717 inquit

301 3731 531 3795 Paulus,
560 3732 771 3785 nullum
800 3732 1110 3802 Apollinem
1135 3736 1514 3805 cognovimus,
1542 3754 1668 3793 nam
1697 3755 1890 3795 sumus

301 3836 374 3875 ex
406 3835 600 3874 eorum
627 3836 884 3886 numero,
912 3823 1115 3891 quibus
1141 3824 1282 3878 Deus
1308 3826 1539 3880 salutem
1567 3829 1742 3883 dedit.
1771 3829 1887 3885 Tua

298 3927 440 3969 vero
483 3912 666 3966 anima
713 3913 783 3968 ad
834 3923 1071 3969 mortem
1123 3928 1298 3986 usque
1343 3919 1561 3987 perdita
1607 3930 1713 3978 est.
1766 3923 1887 3976 Non

298 4001 456 4058 enim
488 4002 656 4072 sapis,
684 4017 865 4074 neque
893 4005 1220 4074 resipiscere
1248 4007 1330 4062 vis
1355 4025 1369 4072 ;
1392 4010 1526 4079 quin
1556 4010 1666 4064 imo
1684 4012 1888 4068 multus

302 4091 614 4163 tyrannidis
647 4101 752 4147 tua:
780 4092 936 4147 furor
968 4094 1036 4146 ad
1070 4095 1472 4165 blasphemiam
1512 4108 1563 4152 te
1592 4103 1885 4170 convertit,

298 4183 517 4252 quippe
566 4183 656 4251 qui
689 4182 968 4254 angelum,
1024 4200 1186 4253 quem
1243 4186 1396 4241 misit
1434 4186 1694 4244 Dominus
1729 4191 1889 4247 Jesus

299 4272 563 4331 Christus
622 4273 693 4329 ad
743 4275 1054 4331 obturanda
1100 4293 1197 4331 ora
1245 4288 1586 4348 serpentum,
1629 4298 1751 4352 quae
1796 4295 1887 4340 tua

299 4375 394 4422 est
424 4365 738 4436 arrogantia
766 4375 824 4421 et
851 4367 1158 4432 temeritas,
1184 4369 1493 4439 Apollinem
1523 4371 1699 4428 fuisse
1725 4375 1886 4432 dicis.

303 4456 469 4513 Tunc
528 4457 704 4513 iratus
750 4459 1099 4526 Aurelianus,
1165 4460 1332 4531 jussit
1388 4462 1660 4533 plumbeis
1714 4468 1888 4537 globis

1995 3272 2161 3336 etelo,
2215 3280 2270 3325 et
2322 3271 2533 3337 dixit;:
2587 3270 2665 3325 Ne
2736 3273 2962 3336 timeas,
3005 3271 3254 3336 Juliana;
3313 3273 3576 3329 Dominus

1992 3364 2141 3419 enim
2173 3363 2336 3419 Jesus
2359 3363 2639 3426 Christus,
2665 3378 2829 3434 quem
2865 3373 2921 3418 tu
2955 3365 3109 3430 colis,
3137 3366 3283 3420 misit
3311 3382 3420 3427 me,
3443 3375 3501 3419 ut
3523 3375 3577 3420 te

1991 3461 2297 3527 protegam,
2328 3463 2385 3508 et
2426 3464 2680 3508 sanctum
2733 3469 2933 3508 nomen
2968 3455 3090 3525 ejus
3131 3466 3323 3509 notum
3374 3456 3571 3511 faciam

1991 3547 2248 3602 omnibus
2276 3545 2598 3599 timentibus
2636 3560 2786 3598 eum.
2823 3545 2959 3598 Cum
2999 3561 3127 3599 vero
3164 3546 3321 3599 multi
3370 3548 3437 3600 ad
3471 3550 3578 3601 vir-

1993 3638 2179 3709 ginem
2201 3637 2549 3701 accederent,
2570 3647 2625 3690 et
2643 3636 2763 3705 ejus
2783 3637 3191 3706 pulchritudine
3223 3638 3325 3692 frui
3352 3641 3579 3705 vellent,

1992 3729 2221 3800 angelus
2254 3730 2497 3783 excussit
2542 3743 2573 3783 e
2624 3729 2854 3798 pedibus
2900 3729 3014 3782 suis
3063 3731 3363 3797 pulverem,
3412 3741 3467 3784 et.
3518 3732 3577 3785 in

1992 3836 2181 3876 eorum
2215 3820 2407 3873 oculos
2440 3820 2648 3889 injecit,
2687 3820 2760 3873 ita
2784 3829 2844 3873 ut
2869 3834 2964 3874 eos
2988 3824 3295 3875 excaecarit.
3327 3822 3579 3892 Quapro-

1991 3922 2117 3983 pter
2149 3927 2326 3981 neque
2361 3911 2597 3979 amplius
2626 3911 2947 3975 cernebant,
2977 3911 3068 3965 ubi
3097 3922 3303 3973 essent,
3340 3923 3433 3966 aut
3460 3929 3577 3982 quo

1994 4005 2158 4070 irent,
2188 4018 2365 4071 neque
2419 4003 2485 4056 ad
2533 4001 2679 4055 illam
2729 4002 2993 4057 accedere
3031 4011 3303 4069 poterant.
3342 4004 3397 4057 Id
3443 4020 3571 4059 cum

1992 4094 2168 4149 turba:
2206 4093 2489 4156 vidissent,
2516 4093 2660 4161 quod
2697 4091 3092 4147 admirabiliter
3135 4093 3336 4147 factum
3372 4094 3576 4160 fuerat,

1993 4201 2108 4242 uno
2127 4185 2310 4239 animo
2332 4185 2648 4239 clamabant
2672 4202 2684 4237 :
2710 4183 2938 4255 Magnus
2957 4193 3043 4237 est
3074 4183 3216 4237 Deus
3235 4182 3382 4238 Pauli
3406 4195 3459 4241 et
3478 4184 3580 4240 Ju-

1991 4277 2173 4339 liante,
2207 4274 2300 4344 qui
2334 4274 2536 4343 ubique
2567 4288 2666 4329 eos
2698 4285 2877 4329 servat
2914 4282 2970 4327 et
3007 4275 3262 4344 protegit,
3293 4276 3383 4344 qui
3421 4275 3574 4330 illum

1994 4370 2221 4424 timent.
2252 4366 2358 4433 Qui
2391 4374 2577 4420 autem
2608 4366 2863 4421 excaecati
2896 4365 3132 4428 fuerant,
3165 4364 3315 4419 flexis
3348 4367 3581 4436 genibus

1994 4460 2267 4531 supplices
2288 4460 2411 4529 ejus
2429 4473 2591 4528 opem
2617 4458 3011 4528 implorabant,
3029 4459 3310 4513 dicentes:
3336 4458 3577 4526 Juliana,

300 4553 464 4610 Pauli
511 4552 762 4609 maxillas
818 4553 1108 4619 contundi,
1156 4561 1323 4623 atque
1368 4556 1445 4609 illi
1473 4557 1582 4613 dici
1627 4577 1643 4614 :
1687 4558 1766 4615 Ne
1813 4563 1889 4617 ita
1918 4561 1970 4622 D
1998 4572 2153 4611 serva
2187 4554 2285 4609 Dei
2314 4554 2592 4617 altissimi,
2627 4553 2984 4623 peccavimus
3018 4553 3238 4621 quidem
3272 4562 3460 4606 contra
3498 4560 3576 4617 te,

309 4644 652 4714 insipienter
695 4652 753 4699 et
805 4654 1130 4716 arroganter
1171 4645 1435 4716 loquaris,
1484 4663 1610 4705 cum
1649 4652 1790 4707 scias
1835 4661 1890 4709 te

304 4737 634 4806 imperatori
665 4735 949 4791 assistere.

377 4830 525 4887 XVI.
570 4828 752 4886 Jussit
800 4838 990 4900 postea
1017 4844 1050 4884 e
1099 4830 1358 4886 tribunali
1400 4831 1629 4888 Paulum
1667 4835 1887 4902 abduci,

305 4934 365 4981 ct
408 4921 685 4979 Julianam
735 4921 857 4991 ejus
895 4935 1146 4977 sororem
1192 4938 1378 4979 coram
1419 4926 1560 4989 sisti,
1592 4943 1756 4997 quam
1806 4928 1894 4985 his

310 5015 503 5071 verbis
529 5027 822 5084 aggressus
859 5024 943 5068 est
973 5030 988 5066 :
1025 5012 1246 5080 Quaeso,
1272 5016 1471 5071 animae
1505 5031 1641 5072 meae
1669 5017 1892 5073 domina

306 5107 548 5173 Juliana,
582 5120 790 5176 quaso,
818 5105 1063 5175 inquam,
1091 5117 1149 5161 et
1174 5115 1227 5161 te
1251 5107 1463 5172 hortor,
1490 5123 1562 5163 ne
1589 5108 1774 5164 fratris
1809 5102 1887 5165 tui

306 5203 587 5259 insaniam
642 5198 897 5254 imiteris.
952 5197 1128 5255 Video
1192 5208 1246 5254 te
1294 5200 1531 5270 puellam
1579 5202 1895 5270 prudentis-

308 5294 530 5356 simam,
558 5288 732 5344 multa
761 5289 1029 5358 sapientia
1077 5288 1362 5345 refertam.
1397 5288 1726 5362 Obtempera
1762 5308 1895 5348 con—

307 5387 449 5442 siliis
480 5382 643 5449 meis,
675 5391 731 5435 et
759 5380 1045 5436 columnas
1067 5395 1263 5435 aureas
1296 5395 1394 5450 per
1422 5390 1595 5436 totum
1622 5394 1891 5438 terrarum

309 5480 527 5543 orbem,
580 5485 676 5530 tuo
704 5473 930 5528 nomine
966 5472 1289 5543 inscriptas,
1339 5473 1576 5543 erigam.
1613 5474 1770 5532 Tunc
1818 5477 1894 5531 illi

306 5573 529 5629 Iuliana
569 5586 585 5624 :
627 5566 870 5632 Minime,
904 5565 1105 5636 inquit,
1156 5581 1243 5621 me
1289 5566 1555 5637 decipies,
1602 5569 1896 5625 Aureliane

311 5678 545 5738 tyranne
577 5671 635 5716 et
674 5659 864 5730 impie.
895 5658 1016 5713 Non
1060 5659 1462 5714 circumvenies
1494 5659 1590 5715 Dei
1640 5660 1897 5717 altissimi

314 5770 554 5814 servam.
588 5753 673 5807 Ne
713 5750 845 5806 mihi
879 5759 1141 5806 aeternam
1176 5760 1409 5806 mortem
1443 5766 1723 5822 suggeras.
1767 5752 1894 5809 Vis-

314 5865 383 5913 ne
413 5863 501 5905 me
531 5845 752 5919 privare
784 5842 879 5900 Dei
909 5843 1079 5915 gloria
1112 5848 1168 5899 et
1198 5842 1407 5900 cmlesti
1447 5858 1637 5917 regno,
1675 5860 1784 5918 quo
1823 5857 1883 5903 tu

1993 4664 2118 4702 cum
2163 4647 2330 4702 stulte
2374 4656 2541 4714 atque
2587 4644 2914 4713 insipienter
2945 4659 3046 4698 nos
3086 4643 3448 4713 gesserimus;
3478 4644 3576 4699 sed

1995 4752 2055 4795 tu
2101 4741 2197 4807 da,
2235 4752 2575 4810 quaesumus,
2627 4735 2787 4790 nobis
2836 4736 3073 4799 veniam,
3122 4745 3181 4789 ut
3230 4734 3324 4788 Dei
3377 4751 3573 4790 serva:

1993 4842 2049 4887 et
2073 4846 2298 4902 precare
2317 4830 2594 4885 Christum
2626 4838 2801 4888 tuum,
2827 4837 2888 4882 ut
2910 4827 3068 4880 nobis
3100 4826 3274 4882 visum
3298 4827 3571 4882 restituat.

1995 4924 2199 4979 Eorum
2255 4921 2635 4977 misericordia
2681 4930 2954 4975 commota
2999 4919 3235 4983 Juliana,
3293 4919 3572 4989 paululum

2001 5031 2158 5085 aqua:
2197 5014 2414 5083 accepit
2445 5029 2459 5065 :
2495 5022 2703 5068 etcum
2728 5015 2915 5066 oculos
2955 5012 3007 5063 in
3034 5011 3230 5064 uelum
3272 5008 3572 5073 extulisset,

1996 5108 2168 5163 Deum
2201 5104 2502 5167 invocavit,
2528 5104 2601 5157 ita
2627 5103 2817 5158 dicens
2844 5119 2858 5157 :
2886 5101 3116 5155 Domine
3139 5099 3268 5154 .lesu
3335 5100 3572 5165 Christe,

1993 5212 2185 5257 auctor
2213 5201 2462 5256 omnium
2503 5199 2716 5257 salutis.
2749 5196 2946 5252 exaudi
2980 5210 3088 5260 me,
3134 5204 3189 5249 et
3229 5209 3378 5250 nunc
3408 5195 3574 5249 etiam

1996 5295 2224 5351 ostende
2262 5292 2535 5348 miracula
2609 5302 2665 5347 et
2713 5290 2962 5361 prodigia
3007 5304 3129 5359 quae
3177 5288 3311 5343 facis
3356 5296 3578 5357 propter

1996 5401 2099 5440 nos
2128 5385 2270 5439 ﬁlios
2302 5383 2614 5437 hominum.
2650 5380 2901 5436 Restitue
2949 5381 3035 5435 his
3080 5378 3213 5433 viris
3260 5379 3575 5433 facultatem

1996 5477 2243 5542 videndi,
2278 5485 2341 5531 ut
2368 5484 2622 5530 sanctum
2647 5484 2702 5529 et
2727 5474 3024 5544 gloriosum
3063 5486 3263 5527 nomen
3301 5481 3450 5525 tuum
3483 5484 3578 5524 ce-

2000 5571 2266 5626 lebretur.
2316 5567 2441 5623 llaec
2486 5583 2611 5623 cum
2656 5566 2908 5629 dixisset,
2946 5580 3142 5634 aquam
3178 5579 3345 5634 supra
3389 5564 3576 5617 turhas

1999 5663 2121 5718 illas
2154 5662 2373 5726 infudit,
2420 5670 2477 5715 et
2503 5674 2719 5725 omnes,
2751 5660 2845 5728 qui
2898 5657 3158 5713 excaecati
3206 5655 3446 5719 fuerant,
3490 5657 3577 5710 vi-

2001 5769 2122 5808 sum
2160 5760 2512 5823 receperunt.
2580 5751 2718 5806 Tum
2767 5752 2845 5806 illi
2909 5751 2977 5806 ad
3035 5761 3234 5806 terram
3292 5749 3576 5820 prostrati,

2002 5843 2205 5916 gratias
2238 5843 2350 5900 Deo
2386 5841 2709 5910 reddebant,
2742 5841 3122 5915 pmnitentiam
3150 5848 3394 5916 agentes.
3413 5838 3580 5897 Cum-
