3996 6504
396 406 508 473 583

1669 396 1961 459 MENSIS
2003 398 2436 461 AUGUSTUS.

3561 397 3671 463 εει

403 529 514 585 que
568 520 791 584 peccata
831 525 929 568 sua
980 508 1221 566 confessi
1259 518 1466 576 essein,
1498 504 1803 564 Christiani
1851 502 1983 561 facti
2017 511 2061 567 Α
2091 505 2218 563 Hazc
2245 523 2371 564 cum
2421 516 2692 581 martyres
2723 517 3111 579 precarentur,
3143 506 3302 565 multi
3336 523 3403 564 cx
3446 501 3675 577 Graecis,

406 613 557 660 sunt.

476 691 668 747 XVIII.
738 690 940 746 Paulus
998 704 1152 753 vero,
1198 689 1266 746 de
1317 706 1426 760 quo
1476 691 1816 758 dicebamus,
1865 707 1991 748 cum

406 799 436 837 a
463 780 816 838 carniﬁcibus
847 780 1218 844 cruciaretur,
1243 779 1412 850 virgis
1432 781 1540 835 illis
1566 781 1762 837 ferreis
1786 782 1993 838 diutius

411 888 713 945 percussus
763 871 1192 937 vociferabatur,
1239 871 1357 929 haec
1409 873 1602 928 dicens
1649 875 1995 931 :Aureliane

407 975 637 1036 tyranne
662 976 718 1019 et
757 962 988 1028 nefarie,
1028 963 1297 1032 quidnam
1342 964 1475 1018 mali
1508 965 1781 1029 commisi,
1812 975 1880 1021 ut
1916 966 1996 1021 sic

405 1058 698 1113 crudeliter
723 1064 778 1111 et
806 1056 973 1126 impie
1001 1072 1089 1109 me
1114 1056 1368 1111 crucies?
1404 1054 1602 1111 Verum
1633 1073 1721 1113 me
1768 1058 1993 1128 quidem

406 1166 435 1203 a
456 1150 746 1205 tormentis
769 1149 1035 1204 Dominus
1059 1165 1216 1205 meus
1238 1148 1399 1205 Jesus
1421 1149 1677 1205 Christus
1701 1151 1951 1206 sublevat
1976 1166 1995 1207 ξ

410 1251 462 1296 te
492 1256 626 1296 vero
678 1248 865 1295 manet
911 1241 1204 1297 haereditas
1249 1242 1444 1297 aeterni
1494 1241 1643 1297 illius
1690 1241 1856 1313 ignis,
1898 1243 1995 1312 qui

409 1342 634 1404 paratus
664 1341 751 1387 est
787 1333 909 1401 tibi,
942 1343 999 1388 et
1027 1334 1246 1389 diabolo
1276 1333 1394 1388 haec
1424 1334 1690 1389 adversus
1715 1350 1821 1389 nos
1866 1349 1995 1406 sug-

407 1426 643 1499 gerenti.
679 1427 750 1481 Et
781 1427 1027 1492 ubinam,
1070 1427 1254 1496 inquit
1290 1426 1642 1492 Aurelianus,
1680 1426 1871 1491 Paule,
1912 1436 2000 1481 est

407 1516 623 1573 Juliana
667 1532 828 1572 soror
866 1525 980 1583 tua,
1010 1531 1176 1587 quam
1214 1516 1299 1571 ais
1341 1530 1466 1571 esse
1503 1526 1904 1587 temperantem
1945 1524 1999 1571 et

411 1608 721 1680 virginem?
749 1606 829 1661 En
860 1607 949 1661 illa
975 1608 1043 1662 ad
1073 1607 1306 1677 lupanar
1333 1605 1502 1661 ducta
1526 1614 1632 1661 est.
1666 1605 1807 1661 Num
1836 1615 1998 1677 putas

410 1701 596 1755 adhuc
618 1714 742 1755 esse
768 1699 1075 1770 virginem?
1098 1699 1176 1754 Ad
1203 1699 1322 1754 haec
1345 1698 1548 1752 Paulus
1573 1715 1588 1755 :
1620 1698 1770 1763 Scio,
1797 1698 1996 1768 inquit,

410 1793 564 1846 illum
594 1793 774 1861 ipsum
806 1791 1000 1857 Deum,
1032 1791 1124 1861 qui
1157 1806 1380 1860 semper
1409 1807 1439 1846 a
1478 1791 1589 1846 tuis
1619 1791 1805 1861 pravis
1834 1789 1992 1858 cogi-

2095 598 2190 654 Dei
2237 600 2537 671 potentiam
2587 600 3048 670 contemplantes,
3102 601 3287 655 animo
3338 601 3678 671 compuncti,

2095 691 2165 745 ab
2218 690 2489 746 idolorum
2544 691 2938 762 superstitione
3009 689 3350 754 defecerunt,
3386 689 3680 746 etChristl

2098 783 2258 838 ﬁdem
2293 782 2468 839 secuti
2500 791 2659 849 sunt;
2699 782 2858 837 multi
2895 782 3062 837 etiam
3110 780 3418 846 carnifices,
3460 781 3552 851 qui
3585 795 3683 836 eos

2097 878 2551 942 verberaverant,
2588 890 2714 932 cum
2765 874 2862 929 Dei
2916 882 3066 930 tanta
3124 872 3181 927 in
3247 872 3370 927 illos
3417 871 3682 926 beneﬁcia

2097 970 2294 1026 collata
2335 970 2621 1036 vidissent,
2682 976 2897 1024 mutato
2968 966 3228 1031 consilio,
3273 964 3479 1021 Christi
3518 963 3685 1019 ﬁdem

2098 1061 2340 1132 amplexi
2376 1068 2528 1116 sunt.

2167 1154 2288 1210 XX.
2326 1154 2541 1209 Perlala
2574 1167 2709 1208 vero
2740 1159 2872 1208 sunt
2907 1151 3027 1205 haec
3066 1150 3262 1205 omnia
3320 1148 3391 1204 ad
3430 1146 3688 1202 Aurelia-

2098 1263 2256 1310 num,
2279 1246 2371 1317 qui
2387 1245 2578 1317 jussit,
2600 1245 2722 1299 illos
2742 1244 2817 1298 ita
2840 1253 2899 1297 ut
2917 1250 3099 1307 erant,
3122 1241 3179 1296 in
3221 1240 3379 1296 fovea
3401 1238 3686 1308 lapidibus

2099 1336 2280 1392 obrui.
2309 1335 2414 1390 Sed
2441 1350 2578 1390 ecce
2602 1343 2831 1402 repente
2853 1332 3080 1387 tonitrui
3104 1331 3319 1387 sonitus
3341 1345 3467 1384 cum
3494 1329 3689 1384 multis

2097 1427 2437 1499 fulguribus,
2484 1433 2540 1479 et
2571 1424 2750 1479 nnhes
2794 1424 2904 1479 huc
2958 1432 3127 1492 atque
3171 1422 3300 1477 illuc
3344 1422 3583 1493 agitata,
3628 1428 3695 1475 et

2102 1521 2244 1593 ignis
2279 1518 2472 1589 plenae,
2511 1530 2687 1586 usque
2735 1515 2806 1570 ad
2858 1514 3139 1569 Aureliani
3184 1523 3546 1583 conspectum
3589 1514 3697 1568 de-

2101 1619 2398 1676 venerunt,
2448 1619 2505 1665 et
2528 1609 2712 1680 ignem
2772 1606 2929 1660 illum
2987 1606 3043 1659 in
3084 1614 3290 1660 terram
3346 1604 3698 1669 eﬁ‘uderunt,

2103 1721 2322 1775 voxque
2355 1705 2471 1759 haec
2524 1717 2555 1757 e
2587 1701 2727 1756 creto
2778 1699 2847 1754 ad
2897 1714 3025 1754 eum
3060 1699 3303 1753 demissa
3343 1709 3429 1752 est
3464 1716 3478 1752 :
3509 1701 3703 1753 Aure-

2103 1800 2274 1863 liane,
2305 1795 2595 1867 ingredere
2632 1794 2691 1847 in
2720 1792 2977 1862 abyssum
3006 1791 3276 1860 gehennae
3313 1789 3482 1860 ignis,
3528 1805 3704 1859 para-

413 1882 714 1935 tationihus
756 1896 845 1935 me
877 1881 1152 1945 liberavit,
1185 1880 1397 1935 sororis
1435 1881 1603 1935 etiam
1629 1896 1765 1935 mere
1792 1895 1997 1951 propu-

2113 1903 2212 1948 Lam
2239 1850 2338 1946 tibi
2361 1850 2416 1944 ct
2440 1887 2581 1959 patri
2609 1895 2703 1942 tuo
2724 1885 2970 1941 diabolo.
3011 1882 3136 1939 Ihec
3158 1898 3284 1938 cum
3307 1881 3453 1937 facta
3482 1892 3702 1945 essent,

412 1981 700 2044 gnatorem
755 1972 950 2038 fuisse,
989 1981 1047 2028 et
1085 1972 1352 2027 intactam
1394 1972 1465 2027 ab
1506 1973 1660 2027 omni
1695 1973 1820 2028 labe
1860 1987 1998 2027 con-

411 2080 680 2121 servasse.
711 2065 855 2120 Misit
878 2066 1027 2120 enim
1058 2066 1314 2137 angelum
1344 2081 1504 2121 suum
1536 2082 1568 2122 e
1595 2068 1758 2133 ccelo,
1787 2074 1850 2120 ut
1877 2080 1998 2120 eam

410 2157 732 2212 custodiret.
768 2154 846 2209 Eu
895 2164 953 2210 ut
986 2155 1106 2211 sine
1136 2155 1377 2221 macula,
1405 2166 1462 2211 et
1492 2157 1868 2229 virginitatem
1897 2172 2001 2226 pu-

412 2266 526 2304 ram
550 2251 781 2311 habens,
805 2250 1120 2313 revertitur,
1146 2257 1207 2303 ut
1230 2249 1413 2304 videat
1433 2249 1652 2305 vincula
1675 2264 1819 2304 mea.
1840 2249 2003 2305 Mise-

412 2351 499 2398 rat
512 2343 658 2398 enim
680 2342 1031 2408 Aurelianus,
1059 2353 1119 2396 ut
1139 2341 1357 2397 Juliana
1379 2343 1703 2398 duceretur.
1724 2343 1858 2409 Qum
1875 2358 2000 2398 cum

414 2440 654 2492 venisset
680 2436 748 2490 ad
772 2436 1036 2500 tribunal,
1055 2444 1113 2491 et
1132 2435 1337 2492 Paulus
1371 2452 1491 2492 eam
1526 2437 1788 2503 vidisset,
1830 2438 2002 2494 multo

414 2529 614 2599 gaudio
638 2528 839 2597 plenus
863 2527 1005 2582 risit.
1045 2528 1378 2584 Aurelianus
1401 2543 1535 2584 vero
1559 2549 1571 2582 :
1604 2529 1765 2594 Num,
1802 2529 2000 2599 inquit,

414 2618 657 2685 Iuliana,
704 2628 980 2673 amatores
1000 2619 1809 2689 tuipulehritudinctuasatiati
1842 2621 2004 2675 sunt?

412 2712 483 2766 At
498 2712 588 2766 illa
607 2713 778 2766 dixit:
803 2712 916 2766 Mea
935 2712 1310 2781 pulchritudo,
1327 2728 1507 2768 meum
1528 2721 1915 2769 ornamentum
1945 2720 2003 2768 et

415 2804 584 2858 decus
605 2804 867 2858 Christus
889 2812 990 2868 est,
1020 2804 1116 2873 qui
1150 2804 1307 2859 misit
1341 2806 1598 2877 angelum
1617 2821 1803 2871 suum,
1830 2814 1885 2860 et
1914 2820 2003 2861 me

416 2896 685 2966 abjectam
704 2906 869 2966 atque
893 2896 1159 2951 humilem
1201 2912 1418 2952 servam
1442 2900 1681 2969 protexit
1707 2915 1720 2952 :
1744 2898 2001 2969 quoniam

418 2985 580 3041 ﬁdem
613 2996 667 3040 et
692 3002 845 3057 spem
881 3003 1058 3043 meam
1092 2988 1148 3043 in
1181 2989 1275 3044 illo
1309 2990 1473 3045 ﬁxam
1513 2990 1715 3046 habeo.
1755 2991 2005 3063 Quapro-

416 3088 541 3150 pter
570 3081 773 3150 gratias
816 3080 892 3134 illi
924 3096 1047 3152 ago,
1084 3090 1141 3137 et
1171 3092 1428 3138 sanctum
1475 3084 1595 3154 ejus
1627 3099 1833 3138 nomen
1882 3082 2001 3138 col-

2103 1983 2257 2040 misit
2287 1982 2643 2045 Aurelianus,
2676 1987 2729 2034 et
2749 1977 2919 2048 jussit
2949 1976 3191 2031 athletas
3216 1983 3275 2030 et
3292 1973 3502 2030 Christi
3544 1988 3707 2027 marc-

2101 2086 2248 2149 tyres
2277 2091 2343 2130 ex
2374 2074 2533 2129 fovea
2565 2073 2657 2127 illa
2683 2072 2929 2136 extrahi,
2964 2078 3023 2126 ct
3050 2070 3108 2124 in
3143 2083 3427 2125 carcerem
3464 2065 3706 2135 conjici.

2104 2169 2298 2239 Itaque
2350 2166 2526 2222 sancti
2581 2174 2849 2234 martyres
2883 2164 2977 2218 Dei
3014 2162 3245 2234 gloriam
3293 2160 3594 2216 laudabant
3638 2158 3706 2212 in

2104 2260 2365 2315 omnibus
2418 2258 2530 2323 his,
2579 2270 2703 2325 qua:
2755 2255 2901 2310 Deus
2935 2254 3052 2325 ips'e
3092 2253 3420 2308 mirabiliter
3473 2251 3709 2307 illorum

2104 2368 2270 2410 causa
2306 2351 2534 2406 fecerat.
2573 2348 2823 2419 Septimo
2857 2347 2946 2402 die
2993 2354 3187 2417 postea
3232 2344 3476 2401 diluculo
3514 2346 3712 2397 Aure-

2103 2449 2288 2504 lianus
2315 2445 2459 2501 sedit
2487 2443 2543 2499 in
2567 2442 2852 2506 tribunali,
2881 2451 2937 2497 et
2958 2441 3126 2513 jussit
3148 2440 3468 2496 sacerdotes
3500 2436 3712 2493 afferre

2106 2551 2462 2614 quotcunque
2481 2538 2623 2594 idola
2644 2538 2923 2592 habebant
2939 2544 3168 2608 argento
3190 2543 3243 2590 et
3261 2549 3394 2589 auro
3421 2548 3524 2588 con
3534 2532 3709 2591 lecta,

2106 2652 2170 2693 ac
2201 2634 2457 2706 pretiosis
2484 2632 2760 2703 lapidibus
2799 2638 3019 2685 ornata.
3066 2628 3201 2694 Quae
3245 2625 3562 2681 sacerdotes
3596 2623 3710 2692 ipsi

2106 2741 2233 2782 mox
2286 2724 2343 2778 in
2399 2730 2701 2791 conspectu
2754 2717 3038 2775 Aureliani
3101 2717 3534 2781 constituerunt,
3569 2730 3709 2770 cum

2106 2815 2436 2872 stravissent
2479 2812 2584 2867 sub
2637 2812 2757 2882 ejus
2798 2810 3030 2881 pedibus
3089 2824 3384 2880 purpuram
3437 2807 3707 2877 regalem.

2108 2906 2247 2962 Tum
2287 2904 2655 2960 Aurelianus:
2684 2901 2909 2969 Vocate,
2946 2900 3142 2972 inquit,
3176 2899 3407 2955 Paulum
3437 2910 3493 2954 et
3523 2896 3708 2953 Joha-

2106 3014 2259 3055 nam.
2291 2996 2441 3063 Quos
2456 3010 2597 3051 cum
2619 2995 2852 3051 vidisset
2881 3003 3010 3049 ante
3032 2992 3280 3050 tribunal
3307 2991 3706 3056 consistentes,

2106 3094 2293 3148 animo
2327 3100 2383 3146 et
2408 3089 2559 3143 vultu
2598 3086 2761 3143 valde
2792 3085 2934 3141 irato
2959 3085 3067 3139 illis
3099 3084 3366 3148 minatus,
3398 3081 3537 3137 dixit
3567 3098 3582 3137 :
3619 3079 3706 3135 Ite

418 3171 606 3228 κυάθ-
633 3173 782 3243 (ιυοά
815 3174 936 3245 ipse
987 3183 1093 3240 est.
1128 3175 1222 3246 qui
1254 3175 1387 3231 fac“
1434 3175 1714 3231 mirabilia
1764 3175 1916 3231 50105
1954 3176 2001 3244 ’ν
2032 3192 2079 3254 c
2109 3200 2286 3251 nunc,
2315 3194 2371 3238 et
2395 3181 2503 3237 diis
2546 3177 2883 3244 sacriﬁcate;
2931 3178 3104 3233 nolim
3147 3178 3298 3232 enim
3345 3173 3704 3239 existimetis,

419 3272 476 3319 et
499 3280 610 3319 non
646 3276 730 3321 est
755 3266 898 3321 alius
927 3265 1072 3322 Deus
1098 3276 1300 3338 praeter
1332 3269 1535 3338 ipsum.

491 3356 636 3412 XIX.
668 3356 844 3413 Jnssit
867 3360 1130 3431 deinceps
1160 3361 1494 3417 Aurelianus
1522 3361 1750 3417 Paulum
1775 3362 2004 3430 exsolvi,

419 3460 477 3506 ct
520 3450 736 3508 foveam
785 3454 1081 3523 quamdam
1122 3454 1313 3521 cﬁ‘odi,
1356 3463 1467 3510 tam
1502 3457 1749 3527 longam,
1797 3467 2006 3528 quanta

420 3553 509 3597 est
549 3546 715 3598 trium
759 3546 1049 3600 hominum
1096 3553 1345 3616 statura;
1382 3556 1498 3602 tum
1538 3547 1686 3618 ligna
1722 3558 1779 3603 et
1826 3550 2006 3622 ignem

420 3636 644 3703 afferri,
698 3647 865 3708 atque
917 3638 976 3693 in
1031 3639 1191 3695 fovea
1244 3641 1334 3695 illa
1390 3642 1674 3697 succendi.
1734 3640 2012 3698 Fecerunt

421 3728 728 3795 carnifices,
755 3731 903 3801 quod
924 3732 1140 3801 jussum
1165 3730 1366 3795 fuerat,
1395 3732 1691 3787 admodum
1723 3733 1966 3788 studiose
1990 3750 2005 3801 ;

420 3838 548 3877 nam
588 3833 644 3877 ct
670 3823 888 3878 foveam
932 3825 1119 3878 statim
1147 3823 1481 3890 effoderunt,
1513 3835 1569 3880 et
1605 3827 1787 3897 ignem
1837 3825 2010 3881 vehe-

425 3927 647 3971 menter
673 3919 1073 3973 accenderunt.
1103 3918 1292 3989 Itaque
1322 3917 1651 3974 Aurelianus
1672 3918 1839 3989 jussit
1859 3917 2004 3974 Pau-

421 4009 532 4062 lum
561 4018 614 4064 et
642 4006 917 4064 Julianam
943 4011 998 4064 in
1020 4011 1200 4081 ignem
1218 4011 1370 4064 illum
1395 4011 1620 4080 conjici.
1660 4009 1853 4067 Sancti
1880 4027 2013 4067 vero

424 4109 726 4169 martyres,
759 4100 927 4154 Deum
956 4101 1353 4166 collaudantes,
1379 4100 1718 4156 Salvatorem
1743 4118 1807 4157 ac
1827 4102 2013 4158 Domi-

426 4208 560 4247 num
597 4193 783 4249 Jcsum
833 4192 1116 4248 Christum
1163 4193 1496 4249 invocabant
1566 4194 1634 4249 ad
1691 4210 1852 4265 opem
1907 4197 2013 4251 sibi

425 4284 735 4340 ferendam.
772 4286 911 4340 Cum
952 4298 1137 4340 autem
1172 4286 1240 4341 ad
1279 4301 1407 4341 eum
1465 4286 1647 4342 locum
1699 4289 2011 4355 venissent,

439 4395 536 4433 sua
584 4381 832 4435 membra
875 4381 1057 4434 crucis
1108 4379 1311 4435 Christi
1362 4380 1521 4451 signo
1559 4382 1905 4446 munierunt,
1958 4393 2017 4437 et

428 4480 626 4542 sponte
658 4487 717 4525 se
753 4472 809 4525 in
852 4473 1036 4542 ignem
1066 4473 1454 4544 conjecerunt.
1504 4474 1673 4528 Erant
1713 4486 1895 4530 autem
1958 4476 2013 4529 in

2108 3292 2304 3333 manus
2334 3288 2485 3330 meas
2512 3289 2609 3329 vos
2636 3283 2925 3328 evasuros.
2958 3268 3204 3324 Subrisit
3234 3267 3441 3322 Paulus
3460 3307 3477 3333 ,
3500 3277 3554 3322 et
3583 3266 3662 3321 ait
3688 3284 3705 3319 :

2108 3371 2425 3438 Nunquam,
2452 3376 2710 3437 tyranne,
2739 3363 2915 3419 Deum
2937 3370 3190 3418 nostrum
3220 3362 3711 3431 derelinquemus,

2107 3462 2201 3533 qui
2235 3461 2438 3516 ccelum
2483 3467 2541 3513 et
2596 3466 2807 3512 terram
2866 3454 3077 3510 eﬁ‘ecit.
3131 3451 3212 3509 Ne
3250 3462 3410 3523 putes
3438 3451 3713 3522 amplius,

2110 3554 2270 3612 idolis
2328 3552 2436 3607 tuis
2481 3549 2691 3607 cultum
2760 3563 2864 3604 nos
2916 3548 3206 3603 allaturos.
3256 3547 3398 3604 Tum
3446 3544 3716 3600 Aurelia-

2110 3665 2216 3703 nus
2249 3665 2263 3701 :
2298 3644 2575 3708 Violenta,
2630 3641 2831 3713 inquit,
2868 3648 3049 3696 morte
3098 3640 3301 3710 dignus
3346 3653 3427 3694 es.
3467 3638 3705 3694 Ide-lane

2114 3741 2211 3796 tibi
2245 3740 2362 3794 haec
2410 3736 2712 3792 videntur?
2757 3731 2950 3804 Neque
3000 3732 3283 3805 intelligis,
3340 3746 3462 3801 quae
3513 3730 3597 3785 vis
3648 3731 3715 3785 in

2114 3832 2220 3888 illis
2253 3830 2369 3887 sit?

2186 3922 2330 3979 XXI.
2384 3922 2468 3979 Ad
2511 3922 2629 3977 haec
2672 3920 2878 3977 Paulus
2925 3938 2939 3976 :
2981 3921 3199 3990 Jupiter
3248 3918 3373 3984 iste,
3421 3932 3586 3988 quem
3650 3926 3717 3973 tu

2115 4017 2279 4073 deum
2330 4030 2453 4071 esse
2499 4014 2660 4081 dicis,
2717 4015 2885 4070 homo
2930 4014 3153 4085 quidam
3193 4012 3300 4068 fuit
3352 4010 3717 4082 fugitivorum

2117 4110 2282 4174 ﬁlius,
2312 4110 2407 4179 qui
2459 4117 2638 4163 artem
2688 4106 2956 4179 magicam
3006 4106 3147 4160 bene
3196 4104 3427 4159 edoctus
3474 4102 3656 4157 fuerat
3695 4118 3717 4157 :

2115 4215 2349 4270 cumque
2382 4207 2582 4269 praeter
2614 4208 2845 4253 caeteros
2889 4197 3143 4251 homines
3173 4204 3324 4250 esset
3353 4194 3718 4249 incontinen-

2118 4293 2389 4356 tissimus,
2417 4298 2474 4346 et
2508 4289 2723 4344 libidini
2766 4288 3004 4343 maxime
3048 4287 3288 4346 deditus,
3336 4300 3401 4341 ac
3448 4299 3722 4355 quorum-

2118 4381 2245 4436 dam
2275 4379 2679 4450 pulcherrimas
2728 4392 2932 4432 uxores
2977 4388 3142 4446 atque
3186 4376 3326 4430 ﬁlias
3368 4376 3713 4442 adamasset,

2120 4487 2181 4527 se
2210 4472 2497 4526 continere
2540 4485 2652 4525 non
2689 4470 2867 4540 potuit
2924 4471 3058 4540 quin
3092 4484 3216 4525 cum
3256 4469 3364 4524 illis
3392 4469 3722 4524 commisce-

432 4537 558 4637 ignc
589 4565 682 4620 illo
718 4537 898 4620 Deuni
921 4537 1241 4630 laudantes,
1289 4578 1346 4621 et
1376 4567 1497 4635 ejus
1536 4567 1766 4639 gloriam
1811 4567 2017 4639 praedi-
2049 4537 2096 4597 υ
2132 4571 2307 4617 retur.
2371 4560 2476 4626 Qui
2550 4537 2715 4614 modo
2793 4561 2847 4613 in
2916 4537 3132 4614 taurum
3207 4568 3473 4625 mutatus,
3547 4558 3723 4613 modo

432 4668 644 4715 cantes.
675 4658 817 4713 Ecce
850 4667 1036 4713 autem
1080 4660 1307 4730 angelus
1350 4662 1562 4715 Domini
1613 4662 1903 4717 descendit
1949 4663 2018 4717 de

433 4752 598 4817 οωιο,
627 4760 682 4805 et
704 4751 914 4805 fumum
938 4766 1044 4805 una
1066 4767 1191 4806 cum
1217 4750 1343 4823 igne
1366 4752 1511 4807 foras
1533 4755 1800 4821 excussit,
1837 4770 2018 4825 neque

434 4842 683 4913 permisit
726 4855 945 4898 sanctos
983 4852 1251 4915 martyres
1299 4844 1387 4899 vel
1438 4846 1721 4915 paululum
1768 4846 1838 4900 ab
1892 4848 2016 4918 igne

434 4936 761 5005 perturbari.
825 4934 1055 4989 Stabant
1121 4936 1304 5005 itaque
1358 4937 1415 4990 in
1483 4935 1639 4991 fovea
1698 4936 1790 4990 illa
1850 4939 2016 4993 rectis

435 5027 783 5096 corporibus,
843 5027 1060 5081 divinas
1114 5028 1307 5083 laudes
1370 5026 1715 5098 proferentes
1772 5030 1827 5083 in
1876 5031 2021 5084 hanc

436 5119 763 5173 sententiam
792 5135 806 5173 :
836 5117 1164 5174 Benedictus
1210 5134 1292 5188 es,
1327 5118 1556 5175 Domine
1600 5120 1743 5176 Deus
1774 5119 1889 5175 Rex
1916 5135 2021 5176 sa:-

436 5210 706 5271 culorum,
738 5210 833 5278 qui
873 5225 1087 5264 memor
1136 5209 1290 5264 fuisti
1331 5210 1658 5266 humilitatis
1716 5220 1922 5267 nostra:
1967 5222 2024 5268 et

435 5302 724 5369 praesentia
743 5311 833 5356 tua
849 5301 989 5372 ignis
1005 5302 1275 5357 ﬂammam
1297 5302 1606 5359 exstinxisti
1628 5313 1851 5374 propter
1867 5306 2027 5360 boni-

438 5400 604 5447 tatem
624 5403 793 5457 tuam,
810 5410 933 5463 quae
952 5395 1083 5449 facit
1127 5405 1187 5451 ut
1206 5406 1428 5465 peccata
1443 5403 1630 5451 nostra
1651 5411 1759 5450 non
1780 5397 2029 5453 recorde-

428 5482 534 5538 ris.
550 5483 634 5540 Tu
654 5501 753 5540 nos
769 5486 1043 5558 indignos,
1062 5488 1243 5543 salvos
1272 5500 1436 5559 atque
1456 5491 1761 5546 incolumes
1772 5492 2024 5562 eripuisti

437 5591 469 5630 ει
502 5580 930 5649 cogitationibus
963 5581 1177 5652 tyranni
1198 5582 1501 5649 Aureliani,
1533 5585 1629 5655 qui
1661 5600 1760 5641 suo
1790 5585 2025 5657 imperio

439 5670 514 5727 ita
589 5673 933 5746 intumescit,
1009 5679 1169 5748 quasi
1242 5678 1464 5735 futurus
1528 5678 1602 5735 sit
1673 5679 2020 5738 immortalis.

513 5852 537 5884 ⁸
559 5850 705 5911 I’sal.
758 5873 908 5927 uxr,
944 5859 1035 5915 I8.

2125 4657 2214 4709 avi
2282 4653 2501 4717 similis,
2558 4651 2755 4722 aquilae
2819 4652 3051 4718 scilicet,
3105 4667 3171 4706 ac
3244 4666 3440 4723 cygno,
3514 4652 3722 4707 mulie-

2126 4761 2217 4801 res
2313 4745 2608 4799 nonnullas
2681 4760 2747 4800 ex
2824 4745 2935 4816 jam
3047 4745 3214 4800 dictis
3323 4745 3719 4815 circumvenit,

2123 4850 2180 4896 et
2239 4855 2272 4895 a
2337 4846 2523 4894 mente
2600 4837 2866 4892 alienatas
2940 4839 2995 4891 in
3077 4853 3200 4892 eam
3258 4838 3540 4893 miseriam
3608 4839 3721 4893 im-

2122 4932 2283 5003 pulit,
2324 4939 2385 4985 ut
2414 4932 2591 5001 ipsum
2657 4937 2916 5000 tanquam
2948 4931 3112 4985 deum
3170 4932 3440 4987 colerent.
3474 4930 3555 4986 Ad
3598 4932 3721 4987 haec

2123 5034 2181 5078 et
2204 5023 2341 5076 alias
2376 5021 2635 5077 mulieres
2685 5037 2784 5090 per
2832 5019 3025 5076 forma:
3074 5022 3435 5076 mutationem
3471 5030 3529 5075 et
3573 5037 3720 5091 prte-

2125 5114 2316 5185 stigias
2350 5113 2588 5184 decepit,
2629 5113 2691 5167 in
2731 5128 2928 5169 aurum
2972 5124 3364 5171 commutatus.
3399 5115 3468 5168 Et
3498 5130 3568 5171 ne
3609 5116 3720 5171 alia

2126 5211 2250 5282 ejus
2284 5209 2579 5264 libidinosa
2625 5207 2872 5263 facinora
2905 5210 3010 5264 hoc
3058 5210 3179 5265 loco
3215 5223 3433 5264 narrem
3486 5208 3629 5281 (scio
3664 5220 3719 5266 te

2132 5305 2203 5360 ad
2241 5300 2576 5357 iracundiam
2612 5302 2877 5356 concitari
2912 5319 2927 5356 :
2958 5302 3054 5357 sed
3079 5303 3206 5358 licet
3229 5301 3508 5369 irascaris,
3532 5304 3719 5360 dicam

2135 5408 2321 5454 tamen
2352 5395 2491 5450 nihil
2526 5394 2754 5467 veritus)
2784 5395 2908 5462 iste,
2945 5397 3038 5467 qui
3071 5411 3241 5467 prope
3279 5396 3468 5451 Jovem
3502 5398 3721 5468 positus

2131 5499 2239 5555 est,
2270 5499 2327 5544 et
2348 5487 2543 5558 Apollo
2573 5487 2800 5557 dicitur,
2841 5504 2911 5542 an
2946 5503 3058 5543 non
3090 5504 3159 5544 ex
3186 5489 3462 5544 adulterio
3495 5488 3719 5560 genitus

2131 5592 2219 5640 est
2267 5597 2300 5637 e
2354 5580 2586 5635 muliere
2637 5580 2901 5650 quadam,
2963 5596 3087 5652 quae
3139 5580 3348 5637 Latona
3398 5582 3710 5649 dicebatur,

2131 5688 2363 5748 quaeque
2393 5673 2546 5728 illum
2594 5674 2814 5746 peperit
2867 5677 3012 5731 inter
3052 5674 3193 5731 duas
3226 5674 3473 5743 arbores,
3519 5674 3612 5746 qui
3657 5684 3715 5731 et

2064 5852 2113 5867 4"
