3996 6438
363 403 472 466 585

1270 372 1730 458 maturum.“
1774 398 1883 455 ss.
1930 395 2159 453 PAULI
2204 394 2300 453 ET
2341 392 2719 454 JULIANzE.

3521 393 3627 455 586

364 512 604 567 militum
628 504 1089 569 Christianorum,
1115 520 1144 558 a
1166 488 1426 571 Trajauo.
1465 504 1593 556 dum
1628 501 1681 554 in
1722 500 1945 554 Oriente
1975 506 2019 560 Α
2049 497 2402 554 benefaciens
2434 499 2712 562 omnibus,
2756 514 2819 552 ac
2860 499 3102 555 liberans
3134 516 3228 556 eos
3259 502 3304 563 ⁸,
3339 502 3432 571 qui
3458 519 3487 557 a
3514 505 3631 558 dia-

330 605 484 672 'ipse
517 614 683 669 opera
727 597 935 652 nefatia
965 596 1258 658 commisit,
1294 602 1503 661 patrem
1537 591 1726 644 Jovrm
1760 591 1945 644 imitri-

366 693 498 748 tus’?
549 690 754 744 Eodem
799 688 961 741 modo
1002 696 1056 739 et
1099 683 1393 754 Dionysius
1437 691 1620 735 vester
1659 681 1748 734 ille
1782 681 1940 741 deus,

334 799 437 838 'an
478 770 588 837 non
624 790 681 834 et
711 780 826 848 ipse
866 780 930 831 eti
963 776 1233 831 adulterio
1264 775 1482 845 genitus
1510 781 1593 826 est
1625 788 1689 826 ex
1725 771 1945 824 Semele

362 871 555 928 Cadini
583 869 730 923 filia?
758 867 1012 936 Nugatur,
1040 864 1217 933 inquit
1240 863 1593 923 Aurelianus,
1615 868 1671 914 et
1695 862 1948 924 sceleste,

332 980 439 1019 -an
475 980 583 1016 non
618 970 682 1015 ex
714 959 931 1013 Junone
963 959 1190 1011 deorum
1229 962 1405 1008 matre
1452 951 1698 1006 Bacchus
1739 950 1953 1020 genitus

365 1052 494 1107 est?
527 1050 666 1103 Itisit
721 1048 945 1107 Paulus,
1000 1056 1053 1100 et
1108 1044 1231 1098 ait:
1270 1043 1438 1097 Estne
1505 1043 1663 1098 deus.
1712 1041 1811 1110 qui
1888 1054 1953 1093 ex

338 1142 604 1198 -muliere
642 1141 860 1210 genitus
885 1137 1113 1206 incipiat
1139 1150 1261 1189 esse
1287 1135 1446 1195 deus,
1473 1142 1570 1187 aut
1601 1133 1691 1200 qui
1728 1146 1952 1184 uxorem

370 1233 607 1290 habeat?
634 1229 1140 1285 Tunc'Aurelianus
1164 1243 1177 1279 :
1197 1226 1513 1294 Quousque,
1536 1222 1732 1291 inquit,
1755 1222 1955 1275 multas

367 1342 548 1396 nugas
592 1324 878 1378 elfundens
910 1321 1017 1375 diis
1050 1319 1342 1372 maledices
1369 1318 1392 1370 ?
1423 1332 1491 1369 an
1539 1332 1648 1369 non
1688 1324 1744 1367 et
1774 1320 1955 1366 vester

371 1420 644 1479 Christus,
675 1431 841 1484 quem
873 1429 969 1466 vos
1000 1410 1297 1466 Christiani
1334 1409 1501 1461 Deum
1533 1407 1812 1463 ctelestem
1836 1417 1960 1458 esse

344 1511 581 1572 dicitis,
609 1524 675 1563 ex
702 1507 932 1561 muliere
968 1505 1186 1573 genitus
1222 1502 1344 1556 est?
1372 1500 1676 1570 llespondit
1716 1498 1915 1551 Paulus
1941 1512 1956 1549 :

373 1604 492 1659 Non
528 1618 590 1655 es
613 1610 669 1655 tu
697 1596 1026 1668 dignus,qui
1046 1597 1135 1649 Dei
1159 1594 1473 1664 mysterium
1516 1592 1726 1644 audias.
1757 1589 1960 1643 Verum

344 1710 447 1749 ine
472 1693 720 1749 oratione
751 1689 1068 1743 tua-multos
1100 1701 1311 1745 eorum.
1342 1685 1435 1753 qni
1475 1693 1770 1752 praesentes
1812 1690 1962 1744 sunt,

372 1783 800 1844 circumvenias,
822 1795 1043 1834 necesse
1056 1788 1140 1833 est
1159 1778 1371 1848 aperire
1388 1776 1463 1839 id,
1484 1776 1630 1843 quod
1662 1772 1907 1842 quaeris.“

449 1889 614 1944 XXII.
649 1889 809 1943 Initio
846 1888 993 1941 Deus
1039 1886 1157 1955 ipse
1202 1900 1331 1939 cum
1379 1882 1577 1937 caelum
1612 1888 1667 1933 et
1740 1888 1963 1939 terram,

377 2000 532 2040 mare
563 1981 854 2043 ‘et'omnia,
896 1995 1020 2049 qua:
1069 1980 1121 2031 in
1154 1978 1249 2031 δὶς
1290 1985 1438 2037 sunt,
1471 1974 1762 2029 effecisset.
1791 1969 1966 2023 homi-

376 2093 506 2131 nem
545 2076 755 2130 ellinxit
788 2073 855 2127 ad
896 2072 1186 2141 imaginem
1223 2077 1280 2123 et
1318 2065 1738 2121 similitudinem
1784 2076 1962 2115 suam.

390 2171 599 2226 Porum
639 2169 786 2223 enim
834 2182 864 2221 a
899 2164 1129 2228 malitia,
1164 2163 1541 2222 innocentem,
1588 2157 1820 2227 justum,
1855 2155 1970 2224 pie-

352 2284 355 2287 ·
389 2270 507 2318 tate
544 2261 835 2331 praeditum
888 2258 1099 2311 creavit
1132 2255 1284 2307 illum
1334 2252 1496 2313 Deus,
1532 2258 1589 2303 et
1626 2246 1971 2316 in‘paradiso

383 2357 707 2413 deliciarum
728 2356 892 2425 pleno
908 2366 1034 2407 eum
1063 2348 1373 2405 collocatit.
1398 2346 1560 2400 Pater
1576 2354 1758 2399 autem
1786 2350 1969 2397 veSter

356 2448 640 2505 ’diabolus
676 2462 785 2500 non
844 2444 1030 2499 ferens
1075 2453 1285 2496 tantam
1339 2438 1579 2493 heminis
1623 2436 1965 2499 felicitatem,

358 2542 551 2596 'Evam
584 2536 823 2601 seduxit,
853 2547 909 2592 ct
950 2552 1044 2605 per
1094 2534 1262 2594 illam,
1304 2532 1476 2586 Adam
1526 2530 1595 2584 ad
1629 2528 1970 2596 diviniprze-

364 2638 529 2709 ’ςεριὶ
562 2632 1055 2706 transgressionem
1087 2628 1326 2699 impulit.
1367 2625 1488 2691 Quo
1534 2624 1736 2679 fartum
1770 2630 1874 2681 est.
1907 2627 1968 2673 ut

388 2741 445 2786 et
500 2729 674 2784 Adam
739 2728 858 2796 ipse
914 2736 1175 2792 tanquam
1233 2730 1667 2789 transgressore
1712 2711 1966 2784 paradiso

364 2822 656 2893 ’expulsus
697 2820 793 2880 sit,
823 2827 877 2871 ct
920 2828 1095 2886 genus
1138 2825 1301 2866 omne
1349 2810 1654 2863 humanum
1692 2805 1853 2859 morti
1912 2810 1972 2857 et

391 2915 602 2988 peccati
657 2925 833 2979 pretia:
900 2906 1199 2961 obnoxium
1258 2901 1541 2956 evaserit.
1589 2899 1959 2963 Quamobrem

392 3006 634 3064 celestis
678 3002 839 3056 Pater
889 3009 943 3053 et
997 2995 1348 3065 omnipotens
1395 2992 1537 3045 Deus
1585 2988 1968 3061 misericordia

393 3112 596 3159 motus,
640 3098 886 3151 humano
939 3090 1127 3162 generi
1183 3086 1480 3143 subvenire
1537 3084 1749 3147 volens,
1817 3082 1970 3135 misit

2051 590 2176 643 bolo
2208 591 2569 645 vexabantur.
2611 592 2804 646 Postea
2864 593 2919 645 in
2970 591 3115 663 ligno
3168 596 3350 649 crucis
3397 597 3632 652 suffixus

2051 690 2152 739 est,
2200 690 2259 734 ut
2293 682 2523 735 salutem
2559 681 2714 736 daret
2761 685 2988 748 mundo,
3022 685 3114 755 qui
3152 688 3392 755 perierat
3431 690 3632 746 diaboli

2052 771 2312 825 violentia
2363 781 2416 825 et
2465 771 2698 826 fallacia.
2758 770 2903 826 Idem
2945 790 3175 843 corpore
3227 786 3476 833 mortuus
3523 790 3630 837 est.

2052 864 2302 933 Cumque
2365 864 2431 918 ad
2464 864 2672 919 inferos
2709 865 3095 921 descendisset
3135 884 3242 921 una
3284 886 3409 924 cum
3441 883 3631 927 sancta

2053 958 2237 1010 anima
2280 956 2369 1010 illa
2410 972 2529 1017 sua,
2565 957 2833 1011 contrivit
2881 973 3070 1028 portas
3124 976 3318 1024 terens,
3366 973 3419 1017 et
3450 974 3636 1021 vectes

2056 1049 2262 1104 ferreos
2304 1049 2612 1114 confregit'
2645 1067 2658 1103 :
2691 1060 2858 1118 atque
2888 1053 2939 1103 in
2987 1051 3287 1119 caliginosa
3333 1055 3636 1112 inferorum

2056 1141 2358 1211 penetralia
2389 1140 2688 1210 ingressus,
2719 1142 2923 1210 eripuit
2962 1158 3057 1197 eos
3094 1144 3188 1213 qui
3233 1147 3466 1200 vinculis
3502 1150 3645 1202 deti.

2059 1232 2354 1296 nebantur,
2386 1240 2442 1285 ct
2472 1247 2536 1286 ex
2567 1247 2790 1285 carcere
2817 1232 3017 1286 diaboli
3053 1235 3175 1289 illos
3209 1236 3260 1289 in
3299 1239 3641 1305 superiorem

2062 1327 2342 1395 regionem
2369 1324 2558 1379 eduxit
2598 1326 2662 1381 ¹⁰.
2707 1326 2863 1390 Quod
2903 1337 3072 1381 totum
3110 1330 3284 1398 ipsius
3316 1332 3642 1401 benignitati

2062 1428 2352 1486 acceptum
2378 1419 2642 1472 refertur.
2678 1418 2815 1472 Cum
2855 1436 2986 1474 vero
3036 1421 3108 1475 ita
3156 1432 3283 1491 post
3326 1432 3437 1479 tres
3465 1426 3584 1479 dies
3616 1441 3645 1477 τι

2064 1510 2297 1564 mortuis
2365 1511 2776 1576 resnriexisset,
2846 1514 3101 1581 apparuit
3158 1516 3274 1569 suis
3354 1517 3647 1587 discipulis

2064 1611 2230 1672 atque
2259 1602 2545 1671 aposmlis,
2598 1611 2654 1658 et
2685 1603 2803 1657 aliis
2844 1606 3052 1670 multis,
3091 1607 3183 1674 qui
3235 1623 3362 1661 vere
3415 1608 3470 1662 in
3498 1584 3646 1663 eum
3740 1584 3752 1592 ’

2065 1696 2410 1749 crediderant
2440 1714 2453 1749 :
2488 1705 2683 1750 etcum
2715 1698 3007 1764 aliquoties
3040 1700 3375 1755 comedisset
3401 1714 3450 1755 et
3479 1702 3653 1757 bibis-

2068 1799 2151 1841 set
2176 1805 2298 1843 cum
2340 1784 2601 1857 apostolis
2630 1805 2726 1859 per
2756 1790 2876 1844 dies
2906 1791 3290 1860 quadraginta,
3342 1792 3424 1847 sic
3463 1802 3651 1861 pestca

2072 1884 2125 1934 in
2162 1883 2358 1935 coelum
2414 1892 2732 1950 assumptus
2776 1892 2880 1947 est,
2941 1894 2995 1936 ct
3042 1885 3200 1937 sedet
3249 1883 3315 1936 ad
3367 1885 3649 1938 (ἰοιιρι-ειῐη

2070 1969 2248 2024 Patris
2287 1987 2409 2024 cum
2451 1986 2682 2040 corpore
2730 1970 2842 2036 illo,
2893 1974 3038 2041 quod
3073 1974 3186 2040 ipse
3218 1975 3359 2027 Deus
3409 1971 3649 2028 Verbum

2071 2061 2174 2113 sibi
2202 2061 2498 2129 cupulavit.
2521 2060 3124 2131 Nuncigiturdiabolus
3154 2066 3339 2119 dolore
3370 2067 3650 2134 aIIligitur.

2072 2152 2227 2205 Illum
2271 2152 2417 2204 cnim
2462 2151 2723 2206 Christus
2778 2154 2894 2225 ipse
2935 2154 3374 2211 Christianorum
3425 2159 3656 2227 pedibus

2070 2243 2381 2298 conculcari
2433 2243 2583 2307 fecit,
2635 2246 2728 2316 qui
2784 2262 2882 2316 per
2922 2256 3177 2303 sanctum
3227 2249 3398 2318 ipsius
3446 2265 3652 2304 nomen

2072 2336 2455 2405 ingrediuntur
2500 2336 2557 2390 in
2614 2354 2845 2409 regnum
2891 2341 3153 2395 ctelorum
3209 2357 3223 2395 :
3269 2359 3301 2396 a
3332 2357 3442 2411 quo
3486 2356 3658 2413 regno

2073 2435 2128 2481 tu
2156 2429 2371 2482 alienus
2398 2443 2481 2483 es.
2514 2429 2692 2483 llabes
2733 2430 2877 2483 enim
2913 2440 3115 2484 sortem
3146 2438 3202 2485 et
3230 2440 3464 2500 partem,
3499 2442 3661 2485 teter-

2075 2534 2203 2573 nam
2241 2519 2384 2591 ignis
2431 2523 2757 2591 gehennam,
2805 2523 3180 2577 [nereditatem
3239 2524 3440 2579 diaboli
3488 2524 3660 2594 patris

2072 2611 2151 2665 tui
2186 2614 2517 2682 percipiens.

2139 2702 2334 2757 XXIII.
2363 2704 2461 2757 His
2500 2703 2718 2766 auditis,
2752 2704 3080 2759 Aurelianus
3106 2720 3220 2776 prae
3282 2704 3468 2761 furore
3503 2706 3661 2763 vulta

2072 2805 2316 2850 mutatus
2354 2804 2459 2860 est,
2522 2804 2580 2850 et
2625 2795 2888 2852 dentibus
2941 2797 3182 2852 stridere
3248 2799 3450 2869 cmpit,
3507 2815 3665 2855 exar-

2071 2890 2303 2945 descens
2358 2890 2413 2942 in
2490 2888 2665 2950 illum,
2723 2890 2813 2943 cui
2877 2899 2934 2944 et
3002 2891 3396 2960 respondens:
3443 2890 3662 2955 Multas;

2072 2982 2273 3051 inquit,
2317 2996 2491 3051 nugas
2522 2990 2573 3035 te
2612 2982 2776 3036 modo
2827 2981 3202 3038 ell‘undentem
3274 3001 3469 3053 passus
3515 3002 3660 3047 sum,

2073 3072 2392 3143 patientiam
2436 3073 2488 3125 in
2517 3082 2587 3136 te,
2629 3089 2805 3143 nugax
2848 3084 2903 3128 et
2950 3076 3201 3132 sceleste.
3234 3074 3507 3133 audiendo
3536 3081 3668 3134 reti-

395 3194 589 3249 Fiuum
622 3205 806 3251 suum,
847 3197 904 3240 nt
934 3187 1229 3238 humanam
1278 3194 1501 3233 carnem
1535 3178 1865 3247 susciperet,
1908 3179 2038 3237 etc
2076 3183 2237 3222 nens.
2269 3166 2349 3219 Tu
2383 3181 2513 3220 vero
2556 3168 2795 3234 quandiu
2849 3183 3042 3240 perges
3069 3184 3156 3223 me
3197 3179 3568 3237 contemnere,
3612 3189 3670 3242 eg

394 3287 566 3341 Adam
600 3281 856 3344 solveret,
883 3262 1085 3343 eosque
1110 3271 1203 3341 qui
1231 3258 1299 3324 ab
1319 3270 1523 3338 injusto
1548 3266 1964 3321 detinebantur.

394 3378 518 3448 Ipse
548 3375 718 3443 igitur
747 3371 910 3432 Deus,
958 3365 1199 3419 Verbum
1258 3360 1376 3424 Dei,
1420 3375 1485 3414 ac
1538 3357 1721 3444 Patris
1766 3355 1966 3420 Filius,

394 3446 526 3524 ante
558 3464 757 3520 sarcula
788 3458 971 3514 omnia
1003 3466 1086 3511 est
1129 3453 1400 3523 sapientia
1451 3446 1647 3521 ipsius,
1681 3459 1737 3502 et
1788 3456 1977 3518 puten-

399 3560 475 3614 tia
515 3567 573 3611 et
617 3556 845 3610 dextera
894 3547 1036 3618 :qui
1074 3561 1172 3615 per
1226 3542 1613 3611 archangelum
1669 3539 1977 3595 Gabrielem

401 3650 766 3706 annuntiatus
805 3643 911 3698 fuit
971 3648 1179 3696 sanctae
1230 3638 1306 3690 illi
1360 3633 1567 3704 Virgini
1631 3648 1785 3699 pura:
1819 3641 1982 3700 atque

398 3740 831 3801 honestissimae,
845 3751 912 3790 ex
931 3732 1253 3803 prophetico
1269 3739 1325 3785 et
1340 3729 1488 3799 regio
1501 3741 1701 3798 genere
1713 3724 1980 3793 originem

399 3835 646 3892 ducenti.
675 3834 732 3886 In
753 3830 912 3897 cujus
943 3836 1096 3880 utero
1125 3824 1268 3877 Deus
1304 3824 1439 3892 ipse,
1479 3819 1584 3874 hoc
1613 3829 1715 3882 est,
1764 3817 1986 3872 cmleste

400 3929 670 3988 Verbum,
695 3922 840 3993 quod
867 3919 1038 3975 oculis
1065 3914 1348 3984 corporeis
1387 3926 1496 3966 non
1525 3911 1792 3974 cernitur,
1828 3908 1986 3963 habi-

401 4032 547 4084 tans,
592 4015 1070 4084 suscepiteorpus,
1090 4024 1215 4063 eum
1232 4005 1447 4060 Gabriel
1477 4003 1550 4056 ita
1570 4002 1791 4055 Mariam
1816 4000 1986 4069 ipsam

402 4115 605 4171 affatus
646 4082 798 4165 esset
838 4122 854 4160 :
893 4108 1019 4161 Are.
1061 4102 1241 4173 gratia
1264 4099 1417 4166 plena
1447 4082 1465 4150 ἕ
1497 4096 1751 4149 Dominus
1786 4103 1990 4154 tecum;

403 4217 462 4265 et
490 4204 649 4276 paulo
698 4209 819 4272 post
850 4217 864 4253 :
895 4196 1123 4268 Spiritus
1149 4204 1365 4249 sanctus
1394 4188 1724 4257 superveniet
1761 4188 1816 4239 in
1844 4194 1912 4247 te,
1943 4194 1992 4238 et

407 4301 577 4355 uirtus
634 4290 894 4350 Altissimi
944 4285 1276 4343 obumbrabit
1340 4285 1433 4337 tibi
1490 4297 1508 4334 :
1555 4280 1777 4349 ideoque
1857 4276 1995 4346 quod

406 4397 663 4447 nascetur
708 4400 775 4440 ea:
823 4392 873 4437 te
940 4388 1204 4440 sanctam,
1273 4374 1547 4437 vocabitur
1589 4369 1757 4423 Itilius
1836 4366 1929 4420 Dei
1950 4367 1994 4417 ⁸.

408 4482 645 4541 Genitos
688 4478 854 4549 igitur
904 4473 1007 4529 fuit
1053 4470 1198 4525 Deus
1240 4475 1298 4522 et
1337 4465 1562 4522 caeleste
1614 4461 1853 4516 Verbum
1899 4474 1998 4528 per

2076 3259 2183 3313 diis
2203 3257 2745 3312 maledicere?1\'unc
2767 3258 2930 3328 igitur
2959 3259 3059 3314 nisi
3088 3260 3193 3314 diis
3229 3261 3667 3321 immolaveritis.

2087 3351 2343 3423 pessimis
2386 3352 2563 3405 modis
2591 3365 2690 3405 vos
2722 3352 2967 3419 perdam.
3001 3352 3077 3406 ita
3130 3361 3191 3407 ut
3219 3368 3382 3407 nemo
3420 3355 3595 3423 possit
3639 3370 3673 3408 θ

2091 3445 2348 3499 manibus
2392 3445 2531 3498 meis
2576 3459 2677 3523 vos
2700 3446 2938 3513 eripere.
2961 3443 3097 3499 Tum
3133 3445 3330 3502 Paulus
3369 3454 3426 3502 et
3451 3446 3671 3503 Juliana

2097 3538 2355 3593 concordi
2389 3536 2572 3590 animo
2624 3549 2676 3590 et
2709 3552 2901 3607 magna
2956 3552 3092 3592 voce
3157 3540 3455 3595 clamantes
3496 3541 3672 3608 :Nos,

2084 3630 2360 3699 inquiunt,
2400 3628 2698 3682 Christiani
2739 3643 2949 3695 sumus,
2983 3638 3039 3684 et
3074 3630 3127 3684 in
3156 3632 3376 3685 Christo
3398 3635 3517 3702 ipso
3549 3649 3676 3704 spes

2086 3731 2305 3777 nostras
2340 3720 2637 3774 collocatas
2672 3720 2936 3774 habemus
2970 3739 2985 3788 ;
3024 3722 3300 3776 dasmones
3332 3738 3440 3777 non
3471 3724 3674 3779 adora-

2091 3827 2234 3876 mus,
2271 3810 2433 3865 idolis
2469 3809 2576 3889 tuis
2609 3824 2719 3862 non
2755 3809 3047 3871 servimus,
3095 3817 3368 3864 tormenta
3422 3819 3513 3864 tua
3558 3826 3671 3866 non

2090 3906 2367 3960 timemus.
2402 3902 2657 3971 Excogita
2691 3901 2856 3972 igitur
2908 3917 3269 3971 quoscunque
3318 3903 3399 3958 vis
3462 3904 3679 3958 crucia-

2093 4008 2180 4052 tus
2209 4038 2226 4063 ,
2262 3996 2423 4051 fidem
2454 3994 2597 4059 enim
2629 3994 2683 4047 in
2721 3992 2831 4047 Deo
2865 3993 3156 4057 habemus,
3193 3993 3311 4048 fore
3340 4003 3400 4049 ut
3439 4010 3469 4049 a
3508 3994 3672 4051 nobis

2094 4089 2398 4158 supereris,
2440 4082 2902 4155 quemadmodum
2960 4093 3115 4153 pater
3175 4092 3303 4138 tuus
3358 4085 3609 4141 diabolus
3643 4103 3675 4139 τι

2096 4182 2316 4238 Christo
2354 4186 2646 4248 superatus
2675 4176 2804 4240 fuit,
2833 4174 2924 4245 qui
2956 4190 3061 4231 nos
3121 4176 3284 4230 etiam
3322 4178 3576 4233 robustos
3602 4177 3684 4233 fa-

2098 4276 2197 4340 cit,
2226 4282 2279 4327 et
2308 4286 2505 4343 pravas
2522 4279 2668 4325 artes
2702 4280 2824 4324 tuas
2856 4279 3154 4339 expugnat.
3184 4268 3309 4322 Haec
3335 4285 3460 4325 cum
3494 4271 3685 4325 audis-

2102 4378 2186 4425 set
2218 4369 2561 4431 Aurelianus,
2622 4364 2788 4434 jussit
2839 4364 3044 4434 lignum
3102 4362 3375 4434 quoddam
3426 4378 3685 4435 magnum

2102 4460 2309 4515 afferri.
2344 4457 2501 4524 Quod
2551 4472 2676 4511 cum
2724 4454 2947 4508 allatum
3007 4451 3223 4517 fuisset,
3278 4450 3406 4506 fecit
3458 4452 3687 4508 Paulum

409 4569 888 4647 Vnginemmmni
913 4567 1032 4621 labe
1052 4560 1428 4635 purissimam,
1457 4569 1711 4625 corpore,
1731 4563 1992 4620 tanquam
2029 4545 2072 4596 ῐ)
2102 4554 2156 4606 in
2189 4565 2257 4604 eo
2283 4548 2513 4619 alligari.
2562 4545 2863 4599 Carniﬁces
2894 4558 3023 4598 vero
3069 4544 3190 4612 ejus
3237 4557 3431 4596 manus
3467 4543 3691 4613 colliga-

411 4682 570 4728 veSte
616 4666 878 4737 quadam,
933 4658 1161 4715 indutus
1212 4662 1436 4725 prepter
1491 4652 1746 4706 humana:
1802 4649 1998 4701 salutis

413 4763 906 4835 dispensationem.
947 4753 1119 4809 Nemo
1148 4748 1295 4803 enim
1332 4752 1547 4816 poterat
1579 4741 1748 4797 Deum
1780 4756 1994 4803 verum.

414 4831 580 4912 ita-ut
626 4861 729 4912 est,
770 4853 1102 4918 pla-sentem
1135 4840 1345 4903 videre,
1383 4851 1507 4891 cum
1559 4833 1704 4888 Deus
1755 4831 1872 4901 ipse
1925 4832 1998 4884 sit

415 4947 561 5019 ignis
589 4952 922 4999 consumens
954 4936 998 5001 ⁸,
1029 4946 1213 5002 neque
1253 4931 1418 4985 homo
1444 4925 1644 4994 aliquis
1680 4925 1873 4978 vivens
1896 4920 1995 4975 Dei

417 5015 616 5096 faciem
654 5034 842 5087 videre
876 5026 1118 5100 possit‘.
1153 5022 1329 5092 llujus
1380 5020 1547 5090 igitur
1575 5015 2003 5086 dispensationis

419 5144 584 5186 causa
638 5126 786 5179 Deus
843 5133 1061 5182 noster,
1125 5113 1270 5183 quod
1335 5111 1402 5165 ad
1457 5123 1679 5163 carnem
1742 5106 2004 5176 pertinet,

418 5225 641 5294 genitus
676 5218 803 5274 fuit.
842 5222 901 5267 et
933 5221 992 5265 ut
1037 5206 1223 5264 infans
1256 5204 1397 5257 lacte
1433 5201 1676 5255 nutritus
1723 5205 1829 5263 est,
1882 5210 2009 5252 cum

423 5292 576 5373 esset
608 5324 792 5368 tamen
816 5306 1107 5361 divinitate
1137 5300 1439 5372 perfectus.
1467 5294 1701 5364 Insuper
1721 5292 1904 5347 factus
1928 5296 2013 5343 est

419 5424 579 5482 puer,
632 5416 687 5459 et
727 5400 971 5473 juvenis,
1024 5410 1261 5465 cumque
1306 5391 1650 5452 hominibus,
1713 5395 1774 5441 ut
1825 5386 2012 5449 homo,

419 5476 778 5557 conversatus
817 5498 902 5546 est
953 5501 1129 5545 annos
1180 5487 1398 5555 triginta
1434 5495 1566 5546 tres,
1612 5479 1798 5543 urbes,
1836 5476 2014 5548 regio-

422 5606 546 5656 nes,
589 5603 647 5644 et
697 5583 921 5641 castella
974 5580 1129 5636 orbis
1182 5586 1455 5635 terrarum
1509 5569 1913 5646 pertransiens,
1958 5575 2016 5623 et

527 5755 550 5787 ⁸
576 5751 714 5807 Luc.
745 5764 788 5816 ι,
809 5742 1013 5808 28.52.

436 5825 527 5879 ⁸³1
565 5824 717 5878 ναι.
747 5833 832 5882 ιιι,
868 5817 956 5871 l9.

761 5911 1033 5970 PATROL.
1088 5906 1207 5965 Gn.
1246 5900 1423 5963 CXV.

1125 5742 1147 5776 ⁸
1175 5742 1338 5798 Dent.
1366 5755 1441 5805 tv,
1473 5738 1544 5793 24
1566 5753 1583 5804 ;
1607 5732 1773 5790 Hebr.
1793 5747 1895 5798 xu,
1919 5729 2013 5785 29.

2101 4651 2252 4698 runt.
2288 4638 2444 4694 Tunc
2469 4635 2797 4692 Aurelianus
2825 4633 3084 4702 praecepit
3111 4646 3373 4688 accensas
3411 4632 3693 4704 lampades

2107 4733 2317 4797 afferri,
2349 4741 2406 4787 et
2437 4735 2491 4785 in
2522 4729 2643 4799 ejus
2669 4726 2865 4781 faciem
2892 4724 3088 4794 'injici,
3122 4740 3375 4794 praecone
3421 4726 3497 4780 ita
3539 4729 3693 4782 voci-

2106 4829 2318 4882 ferante
2347 4842 2363 4878 :
2391 4822 2472 4877 Ne
2507 4821 2564 4875 in
2594 4818 2747 4873 orbis
2794 4825 3066 4881 terrarum
3114 4817 3368 4872 dominos
3397 4826 3689 4874 contume-

2103 4921 2274 4976 liosus
2298 4918 2395 4979 sis,
2426 4928 2562 4970 neve
2613 4914 2670 4967 in
2722 4911 2854 4966 deos
2893 4910 3042 4979 ipsos
3074 4909 3358 4964 maledicta
3408 4911 3692 4982 eonjicias.

2178 5006 2373 5064 XXIV.
2399 5005 2614 5060 Iuliana
2647 5018 2769 5057 cum
2799 5001 3025 5055 fratrem
3063 5015 3224 5056 suum
3274 5001 3400 5072 igne
3445 5003 3694 5058 comburi

2107 5108 2400 5174 spectaret,
2449 5111 2663 5152 summa
2719 5108 2852 5149 voce
2898 5093 3199 5149 clamavit:
3253 5094 3298 5148 0
3345 5102 3574 5165 tyranne
3639 5108 3698 5152 et

2110 5197 2364 5255 sceleste,
2421 5191 2552 5261 quid
2581 5187 2713 5243 mali
2765 5188 2933 5241 frater
2975 5199 3133 5241 meus
3171 5185 3468 5250 commisit,
3507 5195 3570 5241 ut
3621 5187 3698 5242 ita

2113 5286 2408 5342 crudeliter
2471 5296 2594 5335 cum
2660 5276 2913 5332 crucies?
2997 5274 3174 5331 Jussit
3242 5272 3579 5331 Aurelianus
3637 5282 3700 5331 et

2116 5376 2390 5433 Julianaut
2419 5374 2472 5427 in
2509 5373 2655 5441 ligno
2694 5368 2927 5439 alligari,
2966 5375 3023 5424 et
3055 5382 3319 5423 accensas
3359 5366 3507 5421 faces
3551 5366 3606 5420 in
3634 5380 3700 5421 os

2121 5474 2264 5546 ejus,
2293 5480 2351 5527 et
2407 5471 2463 5524 in
2492 5477 2663 5524 totum
2709 5478 2909 5535 corpus
2938 5461 3196 5518 adhiberi
3226 5479 3244 5529 ;
3289 5460 3376 5516 cui
3408 5470 3467 5516 et
3512 5456 3649 5514 dixit
3681 5477 3698 5513 :

2122 5562 2609 5638 lmpudentissima
2648 5558 2865 5625 mulier,
2905 5556 3193 5622 erubesco,
3240 5553 3702 5626 quemadmodum

2126 5728 2144 5760 τ
2178 5701 2352 5779 Exod.
2384 5734 2578 5782 xum,
2605 5714 2689 5773 20.
2794 5715 2816 5749 '
2845 5714 2968 5771 Act.
3000 5731 3054 5779 π,
3078 5712 3168 5769 38.
3257 5712 3278 5744 ⁹
3301 5707 3445 5766 Psal.
3474 5723 3585 5775 ενι,
3614 5705 3709 5764 16.

3316 5870 3395 5934 19
