3996 6464
347 371 448 433 ΜΤ

1623 363 1908 426 MENSIS
1945 363 2102 425 AUG
2116 366 2381 431 USTUS.
3543 371 3652 434 588

348 485 601 541 mulieres
638 484 817 540 decet.
874 481 1014 537 Tum
1043 478 1259 534 Iuliana
1300 475 1486 532 ridens
1520 474 1722 541 :Vere,
1752 475 1949 546 inquit,
1979 480 2030 538 Α
2061 479 2114 532 in
2153 480 2350 534 coelum
2392 480 2588 546 erexit,
2621 492 2676 538 et
2714 481 2825 537 Deo
2863 483 3068 554 gratias
3094 482 3222 554 egit,
3255 497 3320 536 ac
3347 482 3529 538 crucis
3576 485 3656 540 si-

344 579 658 640 Aureliane,
694 586 746 632 te
820 576 1208 630 admonentem
1273 579 1561 640 acceptum
1620 570 1813 635 habeo,
1868 585 1935 625 eo

343 673 488 740 quini
529 671 706 726 dixisti
745 688 757 723 :
793 669 929 722 Cum
963 667 1041 721 sis
1067 666 1285 731 mulier,
1331 665 1596 719 erubesce
1632 680 1647 730 ;
1680 679 1936 719 revereor

342 770 512 828 enim,
561 773 617 818 et
663 762 932 817 erubesco
984 757 1262 814 Christum
1306 758 1399 812 Dei
1427 759 1662 813 viventis
1713 756 1933 823 Filium,

343 858 436 927 qui
504 866 587 910 est
634 863 763 909 ante
804 853 998 909 faciem
1035 867 1443 921 meam,neque
1506 851 1657 906 illum
1709 866 1933 922 possum

342 946 749 1014 derelinquere,
783 953 838 999 et
870 946 1149 999 dtemones
1184 943 1390 998 colere.
1425 941 1633 997 Furore
1664 958 1934 998 accensus

342 1048 424 1093 est
484 1037 838 1098 Aurelianus.
873 1051 999 1092 cum
1060 1051 1120 1090 se
1143 1035 1212 1090 ab
1258 1036 1363 1089 illis
1421 1035 1636 1091 irrisum
1703 1036 1932 1090 videret.

343 1130 529 1198 Itaque
572 1130 738 1199 jussit
768 1128 1053 1184 carnifices
1120 1129 1301 1199 ignem
1336 1143 1434 1198 per
1491 1137 1662 1183 totum
1730 1143 1933 1198 corpus

342 1221 555 1274 illorum
586 1219 963 1274 circumferre.
993 1219 1147 1283 Quod
1180 1234 1307 1274 cum
1361 1218 1435 1272 illi
1468 1236 1593 1273 mox
1650 1219 1930 1286 fecissent,

342 1322 453 1367 tota
479 1312 692 1373 civitas,
731 1327 853 1383 qua:
888 1320 1203 1365 sanctorum
1267 1321 1565 1380 martyrum
1620 1314 1934 1381 spectaculo

341 1402 625 1463 intererat,
668 1419 804 1459 voce
836 1419 1034 1475 magna
1066 1403 1337 1457 clamabat
1369 1421 1383 1457 :
1416 1402 1719 1472 Imperator
1757 1406 1933 1460 Aure-

344 1494 510 1560 liane,
545 1495 748 1565 injuste
773 1496 1010 1564 judicas,
1042 1496 1244 1563 injuste
1282 1495 1402 1548 illos
1433 1498 1665 1551 crucias.
1724 1498 1781 1552 Si
1836 1513 1937 1553 no-

340 1591 464 1640 lunt
495 1586 602 1641 diis
647 1586 980 1648 sacrificare,
1027 1587 1354 1641 sententiam
1383 1596 1569 1641 contra
1601 1588 1720 1643 illos
1767 1589 1931 1646 feras.

340 1676 483 1731 Tum
554 1678 904 1747 Aurelianus,
981 1694 1107 1734 cum
1180 1690 1475 1743 metueret,
1554 1696 1624 1734 ne
1702 1682 1935 1751 populus

339 1770 666 1826 seditionem
702 1771 972 1828 adversus
1004 1772 1181 1841 ipsum
1236 1771 1560 1837 concitaret,
1605 1775 1934 1829 sententiam

2044 587 2151 642 gno
2168 588 2228 627 se
2256 573 2441 628 itidem
2474 576 2731 629 muniens
2762 576 2959 630 collum
2987 590 3149 630 suum
3175 575 3420 629 extendit
3451 592 3655 646 :quem

2042 675 2098 719 et
2125 665 2425 734 spiculator
2453 683 2577 722 mox
2608 668 2978 723 obtruncavit.

2115 753 2308 811 XXVI.
2357 754 2525 811 Erant
2592 757 2808 812 illorum
2867 773 3098 827 corpora
3141 766 3294 812 extra
3330 758 3521 812 urbem
3558 758 3651 827 ja-

2043 847 2247 909 centia,
2284 863 2408 902 cum
2445 850 2622 904 eloco
2653 852 2743 905 illo
2781 867 2847 905 ea
2883 851 3076 905 tollere
3105 849 3409 904 Christiani
3462 852 3656 919 prohi—

2042 938 2325 993 berentur.
2367 939 2570 994 Milites
2603 940 2773 1002 enim,
2805 950 2877 995 ita
2929 951 2992 995 ut
3021 952 3263 1009 jusserat
3300 941 3654 995 Aurelianus.

2040 1034 2431 1098 observabant,
2468 1050 2537 1088 ne
2567 1036 2688 1104 quis
2716 1036 2972 1105 reliquias
3003 1035 3121 1089 illas
3146 1035 3415 1090 auferret.
3455 1033 3657 1089 \‘enée.

2041 1125 2175 1180 bant
2204 1135 2390 1180 autem
2424 1127 2479 1180 in
2509 1144 2635 1182 eum
2664 1128 2843 1182 locum
2880 1128 3016 1197 lupi.
3067 1142 3238 1182 canes
3268 1138 3324 1180 et
3371 1126 3649 1179 volucres.

2040 1230 2099 1275 et
2154 1220 2299 1275 circa
2355 1229 2676 1275 sanctorum
2736 1231 3035 1290 martyrum
3078 1234 3313 1289 corpora
3360 1216 3649 1279 sedentes,

2042 1312 2132 1367 illa
2193 1313 2632 1367 custodiebant:
2687 1328 2924 1383 cumque
2989 1327 3209 1366 muscas
3266 1319 3322 1364 et
3372 1309 3649 1379 ejusmodi

2038 1406 2299 1460 animalia
2331 1421 2495 1476 supra
2523 1420 2755 1475 corpora
2787 1404 2876 1458 illa
2928 1404 3181 1458 sedentia
3214 1402 3487 1465 viderent,
3521 1415 3652 1454 aves

2042 1498 2174 1569 ipsa:
2222 1500 2323 1555 alis
2369 1515 2432 1554 ea
2492 1499 2861 1569 expellebant,
2914 1512 3021 1551 non
3058 1496 3464 1562 permittentes,
3484 1502 3545 1547 ut
3594 1492 3652 1547 in

2043 1592 2249 1647 sanctis
2301 1590 2405 1647 illis
2456 1593 2783 1661 corporibus
2821 1590 3150 1645 insiderent.
3188 1587 3377 1657 Itaque
3438 1596 3651 1656 Septem

2044 1683 2163 1738 dies
2196 1692 2253 1739 et
2284 1693 2493 1754 septem
2546 1693 2741 1739 noctes
2766 1683 2895 1737 ferae
2925 1698 2990 1737 ac
3041 1682 3293 1737 volucres
3331 1680 3452 1735 coal:
3504 1680 3652 1733 i-irca

2047 1783 2349 1845 martyrum
2385 1773 2648 1841 reliquias
2725 1775 3120 1828 consederunt.
3183 1771 3455 1826 Caeterum
3511 1784 3653 1822 nun-

341 1864 486 1928 tuht,
521 1872 580 1918 ut
629 1879 821 1919 eorum
874 1864 1058 1930 capita
1112 1871 1521 1927 truncarentur,
1579 1875 1635 1920 et
1697 1881 1933 1936 corpora
1971 1852 2015 1909 Β
2050 1868 2185 1924 tiata
2221 1879 2352 1925 sunt
2390 1869 2576 1924 omnia
2638 1869 2755 1923 haec
2787 1884 2817 1922 a
2876 1867 3144 1922 militibus
3192 1864 3510 1919 Aureliano.
3542 1861 3649 1927 Qui

339 1956 568 2011 canibus
594 1971 659 2011 ac
693 1955 825 2010 feris
857 1963 913 2010 et
970 1955 1288 2011 volucribus
1322 1956 1447 2010 caeli
1522 1958 1945 2027 projicerentur-

413 2047 582 2103 XXV.
611 2047 795 2115 itaque
841 2048 1057 2102 decnno
1090 2050 1325 2119 septimo
1364 2050 1454 2104 die
1485 2052 1691 2104 mensis
1720 2053 1947 2122 Augusti

343 2140 600 2195 exierunt
625 2141 786 2195 simul
824 2140 1096 2206 laetantes,
1127 2151 1291 2211 atque
1319 2157 1545 2196 versum
1582 2143 1727 2196 hunc
1754 2144 1945 2213 psalmi

341 2234 696 2288 concinentes
736 2249 750 2285 :
783 2231 1017 2289 Salvasti
1072 2249 1184 2299 nos,
1210 2234 1451 2301 Domine,
1480 2237 1547 2289 ab
1588 2238 1944 2309 afﬂigentibus

343 2340 455 2388 nos,
492 2334 541 2378 et
581 2325 815 2378 odientes
851 2340 943 2379 nos
978 2327 1287 2396 confudisti.
1307 2327 1443 2382 Cum
1476 2344 1608 2384 vero
1657 2331 1724 2384 ad
1758 2330 1935 2385 locum

342 2416 587 2485 martyrii
609 2417 1053 2473 venissentextra
1082 2420 1293 2481 urbem.
1318 2420 1517 2476 Paulus
1538 2424 1741 2491 rogavit
1758 2422 1939 2478 carni-

341 2509 524 2576 ficem,
548 2519 606 2565 nt
626 2509 896 2567 Julianam
916 2513 1090 2581 prius,
1125 2530 1288 2584 quam
1320 2517 1518 2586 ipsum,
1538 2519 1714 2573 securi
1738 2533 1937 2586 pereu-

342 2600 743 2657 teretJuliana
789 2619 1089 2671 vero,cum
1111 2604 1305 2661 faciem
1353 2622 1507 2661 suam
1542 2609 1745 2663 Chiisti
1785 2610 1938 2680 signo

342 2693 643 2758 munisset,
691 2695 993 2752 admodum
1022 2697 1141 2753 lazta
1164 2698 1365 2754 collum
1399 2701 1666 2766 extendit,
1707 2716 1939 2772 eamque

340 2784 641 2854 spiculator
668 2789 849 2844 securi
870 2790 1166 2860 percussit.
1216 2792 1419 2848 Paulus
1451 2794 1612 2863 igitur
1630 2810 1751 2849 cum
1781 2811 1936 2850 soro-

339 2890 460 2946 gem
515 2876 722 2935 Christi
756 2881 1020 2952 martyrio
1060 2881 1409 2953 perfunctam
1459 2886 1714 2953 vidisset,
1744 2889 1931 2943 oculos

419 3060 460 3090 “
488 3058 632 3118 Psal.
656 3077 809 3133 xuii,
851 3064 908 3123 8.

2053 1974 2178 2013 cum
2234 1973 2300 2012 ea
2330 1959 2673 2014 audivnsset:
2708 1956 3052 2019 Oofurorem,
3095 1954 3294 2023 inquit,
3344 1952 3647 2022 pessimum

2051 2051 2492 2108 Christianorum
2530 2051 2778 2111 istorum,
2812 2065 2951 2119 quos
2999 2064 3072 2102 ne
3123 2055 3373 2101 mortuos
3420 2044 3647 2107 quidem

2050 2158 2315 2212 superare
2375 2146 2683 2213 potuimus.
2720 2139 2863 2195 Misit
2919 2140 3102 2209 igitur,
3135 2147 3192 2193 et
3239 2137 3440 2191 milites
3498 2139 3649 2207 ipsos

2050 2248 2220 2293 noctu
2269 2237 2419 2291 illinc
2484 2236 2711 2291 abduxit
2743 2252 2757 2288 :
2788 2248 2970 2303 neque
3023 2233 3167 2287 enim
3196 2231 3412 2286 volebat
3440 2230 3509 2284 de
3553 2229 3647 2285 die

2046 2346 2141 2386 eos
2173 2329 2325 2384 illinc
2358 2341 2664 2390 removere,
2701 2341 2772 2380 ne
2801 2341 2832 2379 a
2876 2324 3206 2380 Christianis
3255 2322 3642 2376 irriderentur.

2046 2421 2183 2475 Cum
2240 2435 2373 2475 vero
2415 2420 2536 2475 dies
2567 2417 2853 2481 illuxisset,
2918 2416 3174 2469 exierunt
3222 2412 3545 2475 Christiani,
3587 2419 3644 2466 et

2046 2525 2345 2585 martyrum
2396 2526 2626 2581 corpora
2669 2516 2953 2568 curantes.
3004 2516 3326 2576 sumptuose
3387 2504 3443 2558 in
3507 2517 3643 2573 paco

2044 2606 2432 2669 condiderunt,
2463 2613 2724 2674 regnante
2749 2600 2980 2656 Domino
3011 2609 3201 2654 nostro
3226 2597 3359 2653 Jesu
3380 2596 3640 2662 Christo;

2045 2716 2171 2758 cum
2201 2715 2311 2770 quo
2344 2697 2492 2753 Patri
2529 2697 2694 2753 simul
2725 2704 2781 2751 et
2826 2704 3019 2749 sancto
3050 2692 3280 2764 Spiritui
3323 2691 3396 2747 sit
3445 2692 3640 2763 gloria,

2046 2795 2304 2849 honoret
2333 2790 2625 2862 imperium
2664 2803 2815 2845 nunc
2853 2796 2910 2843 et
2975 2802 3216 2857 semper,
3248 2795 3304 2843 et
3338 2785 3395 2842 in
3432 2785 3643 2843 saecula

2044 2886 2395 2942 saeculorum.
2426 2885 2623 2940 Amen.

349 3235 2640 3275 mm

1514 3263 1609 3275 ...-

1761 3243 3597 3291 mm

981 3425 1184 3554 DE
1293 3423 1425 3555 S.
1531 3423 2179 3555 ANDREA
2278 3428 2985 3560 TRIBUNO

1693 3686 1833 3776 AC
1913 3683 2304 3777 SOCIIS

1460 3886 1993 3951 MARTYRIBUS
2029 3892 2111 3953 ΙΝ
2160 3890 2483 3959 ClLlCIA.

1401 4051 1549 4119 (Acta
1574 4051 1666 4102 SS.
1697 4050 1927 4102 Bolland.
1952 4053 2013 4103 ad
2047 4053 2183 4105 diem
2216 4053 2275 4105 l9
2299 4054 2559 4123 Augusti.)

337 4362 367 4434 ἑ
397 4366 439 4425 i.
470 4361 703 4450 Publica;
724 4377 904 4450 eorun‘i
924 4360 1224 4450 generatio,
1254 4378 1443 4419 nomn
1469 4364 1528 4423 S.
1555 4364 1780 4422 Andrew
1806 4382 1930 4421 con-
1953 4363 2000 4428 C
2036 4367 2167 4439 tyris
2195 4382 2301 4423 nec
2322 4383 2434 4425 non
2459 4370 2681 4429 eosdem
2699 4388 2932 4431 numero
2964 4373 3146 4433 socios
3175 4377 3397 4450 signant
3425 4379 3636 4439 Meneta

624 4434 822 4504 fusum,
861 4429 1016 4501 Acta,
1046 4443 1343 4505 martyrum
1374 4452 1643 4494 numerus.

332 4594 339 4597 _
409 4546 619 4603 Nomen
653 4546 816 4617 hujus
846 4547 1193 4603 celeberrimi
1248 4551 1505 4622 martyris
1533 4566 1600 4607 ac
1653 4553 1931 4608 sociorum

334 4655 505 4711 quam
555 4639 627 4695 sit
678 4641 1060 4708 memorabile,
1108 4653 1424 4715 quantaque
1474 4645 1621 4715 apud
1684 4654 1934 4714 posteros

343 4737 608 4791 manserit
639 4737 695 4792 in
745 4736 1156 4803 benedictione,
1182 4747 1461 4792 testantur
1493 4737 1700 4793 atl'atim
1734 4754 1932 4795 monu-

335 4838 520 4884 menta
542 4830 786 4898 antiqua,
816 4844 937 4900 quae
952 4829 1021 4885 ad
1043 4832 1142 4885 nos
1159 4844 1332 4900 usque
1354 4831 1421 4885 de
1455 4830 1561 4886 illis
1597 4841 1728 4887 sunt
1751 4842 1930 4888 trans-

338 4920 530 4975 missa.
579 4919 911 4990 Incipiamus
943 4937 974 4975 a
999 4918 1177 4977 Fastis
1209 4920 1435 4978 Graecis.
1472 4921 1757 4993 Typicum,
1786 4925 1933 4994 quod

336 5014 444 5067 sub
491 5010 549 5065 S.
586 5011 781 5067 Sabbaa
842 5012 1069 5067 nomine
1118 5013 1340 5078 citatur,
1405 5013 1659 5068 meminit
1691 5014 1795 5070 hoc
1845 5016 1934 5071 die

346 5119 367 5152 ι
403 5100 591 5157 Sancti
621 5107 873 5175 martyris
906 5105 1159 5171 Andrem,
1184 5105 1344 5161 ducis
1366 5107 1636 5171 militaris,
1665 5124 1729 5165 ac
1759 5115 1936 5166 socio-

334 5211 459 5251 rum
488 5194 572 5250 bis
597 5188 743 5250 mille
768 5199 1194 5269 quingentorum
1215 5209 1269 5254 et
1299 5199 1597 5270 nonaginta
1614 5203 1798 5257 trium.
1822 5203 1932 5259 hle-

330 5289 615 5359 uolOgium
629 5288 814 5343 Sirleti
844 5290 923 5345 sic
952 5290 1114 5349 habet
1137 5307 1185 5347 ει
1216 5289 1421 5346 Natalis
1451 5304 1766 5348 sanctorum
1785 5309 1934 5350 mar-

335 5388 515 5452 tyrum
531 5378 787 5445 Andreae,
819 5380 976 5437 ducis
992 5382 1292 5445 exercitus,
1312 5390 1369 5437 et
1395 5382 1669 5439 sociorum
1697 5385 1931 5442 duorum

334 5472 568 5530 millium
598 5473 1031 5544 quingentorum
1055 5476 1356 5546 nonaginta
1390 5456 1579 5540 trium,
1621 5478 1716 5548 qui
1767 5478 1935 5535 Maxi-

334 5566 506 5623 miani
536 5567 912 5636 persecutoris
949 5569 1294 5638 temporibus
1321 5569 1488 5625 delati
1560 5571 1704 5641 apud
1736 5573 1933 5629 Antio-

334 5661 504 5715 chum
569 5659 765 5714 ducem
832 5660 1105 5717 exercitus
1155 5662 1303 5733 quod
1377 5672 1567 5720 essent
1612 5664 1928 5733 Christiani,

335 5744 753 5820 perseverantes
776 5753 831 5808 in
858 5754 1062 5812 Christi
1090 5754 1462 5822 confessione,
1494 5774 1628 5817 ense
1679 5764 1927 5831 percussi

329 5838 950 5942 suntJEumdemcum
982 5845 1290 5935 honorifico
1318 5850 1540 5910 nomine
1570 5852 1932 5924 megalomar-

2034 4474 2232 4531 magna
2256 4460 2545 4533 impressa,
2569 4479 2634 4521 ac
2660 4476 2958 4538 sequentes
2998 4467 3109 4524 illis
3157 4473 3421 4528 accinunt
3453 4476 3640 4531 versi-

2033 4551 2187 4607 culos
2215 4569 2230 4607 :

2040 4645 2311 4731 ξἘᾳτησε
2346 4649 2594 4731 τμηθεὶς
2621 4654 2887 4731 αιμάτῳν
2908 4659 3130 4727 λίμνας
3161 4661 3348 4731 ὄχλος

2037 4714 2141 4805 {at
2170 4716 2252 4805 τῷ
2284 4714 2753 4805 ﬂammabat.
2779 4714 3001 4805 ,εζητ-αξ·
3018 4714 3286 4805 palude.

2064 4785 2262 4840 Εννέα
2289 4789 2387 4840 καὶ
2416 4785 2645 4859 δεκάτῳ
2672 4785 2863 4866 τάμοιῖ
2897 4785 3185 4869 Ἀίηδρέου
3216 4785 3450 4873 αὐχένα
3475 4804 3638 4872 λαμ-

2042 4931 2308 5007 ζνιιζιεαζα
2334 4946 2472 4984 rivos
2492 4935 2770 5003 sanguinis
2799 4954 2895 5007 pro
2920 4948 2968 4993 te
2996 4916 3153 4994 dedit-
3357 4872 3556 4946 [πρῶ.

2040 4996 2217 5068 Turba
2245 5003 2377 5064 hac,
2406 4996 2694 5067 aquarum.
2714 4996 2941 5067 Christe.
2972 5012 3057 5064 cui
3084 5014 3222 5067 rivos
3252 5014 3443 5068 dabas.

2042 5067 2201 5123 Nona
2237 5081 2353 5140 post
2386 5074 2649 5129 decimam
2684 5078 2880 5133 collum
2908 5080 3132 5137 Andrew
3182 5067 3411 5138 abscidit
3435 5067 3439 5068 ί
3467 5086 3635 5142 ensis.

2109 5180 2325 5239 Censeo
2355 5185 2601 5243 alludere
2626 5200 2846 5258 poetam
2881 5191 2948 5247 ad
2980 5209 3155 5265 genus
3182 5197 3452 5267 martyrii,
3478 5206 3536 5252 et
3558 5198 3635 5254 ad

2037 5274 2333 5330 salutarem
2354 5276 2562 5333 fontem
2593 5295 2609 5336 :
2634 5286 2702 5335 de
2732 5298 2843 5351 quo
2860 5283 2982 5340 vide
3008 5285 3143 5341 Acta
3194 5301 3352 5342 num.
3375 5288 3464 5352 ιι,
3482 5288 3551 5342 12
3574 5298 3637 5344 et

2016 5365 2123 5441 ιδ.
2158 5365 2306 5423 Dicta
2340 5367 2543 5425 Menaea
2568 5374 2903 5443 peculiarem
2959 5392 3028 5434 ac
3067 5380 3370 5436 solemnem
3422 5381 3637 5439 faciunt

2037 5458 2104 5514 de
2137 5457 2197 5513 S.
2251 5459 2471 5517 Andrea
2525 5466 2851 5522 memoriam
2911 5469 2965 5525 in
3018 5470 3214 5530 Ofﬁcio
3245 5488 3408 5530 sacro
3460 5474 3634 5545 hujus

2036 5552 2166 5617 diei,
2189 5553 2414 5610 condito
2463 5557 2629 5610 etiam
2691 5559 2922 5619 Canone
2963 5564 3017 5619 in
3084 5566 3351 5623 honorem
3396 5565 3630 5637 ,Sancti,

2036 5644 2195 5713 cujus
2230 5644 2348 5700 haec
2374 5656 2458 5701 est
2472 5648 2797 5707 acrostichis
2822 5669 2837 5707 :

2042 5759 2281 5830 Ὕμνοις
2342 5759 2534 5832 κροτῶ
2561 5778 2656 5831 σε,
2681 5748 2950 5838 Ἀνδρέα.
2988 5776 3399 5844 Στρατηλάτα.

2037 5853 2247 5913 Laudes
2288 5863 2434 5925 tuas,
2472 5873 2503 5913 ο
2545 5856 2749 5914 Ductor
2778 5862 3017 5929 Andrea,
3044 5882 3197 5922 cano.
