3996 6448
399 401 504 466 589

1689 406 1869 469 VlTA
2017 401 2368 468 ANDREIE.

3550 414 3664 477 590

467 513 520 566 2.
557 511 728 565 Porro
753 510 1000 566 hodierni
1038 515 1208 568 nostri
1255 515 1463 586 pugiles
1525 517 1578 570 in
1634 518 1800 572 variis
1857 517 1978 572 aliis
2012 524 2047 579 Α
2081 517 2162 572 cia
2195 518 2389 572 natalis
2421 520 2593 574 sancti
2638 519 2864 576 Androm
2890 520 3115 586 tribuni,
3161 533 3213 578 et
3238 520 3508 580 sociorum
3559 527 3666 581 mi-

398 604 575 658 Fastis
606 605 776 658 sacris
835 619 1243 663 memorantur:
1290 611 1492 662 etenim
1549 608 1601 663 in
1654 608 1978 663 Kalendario

397 695 775 750 Rutheuoruzu
806 697 949 764 apud
999 698 1356 753 Possevinum
1417 702 1475 754 lit
1499 703 1704 755 mentio
1735 701 1789 755 8.
1819 701 1970 756 Mart.

392 788 661 842 Andreae:
689 788 742 841 in
785 789 1277 854 MemnoChillletii,
1300 789 1551 859 ’Av’péoa
1608 792 1976 861 Σρατηλάτου,

391 882 626 934 Andreae
688 881 942 934 militaris
992 883 1168 936 ducis.
1224 883 1662 953 Martyrologium
1719 884 1979 938 Arabico-

392 970 707 1040 }Egyptium
736 987 922 1026 acrus.
953 973 1296 1028 Tam-inense
1319 991 1444 1029 cum
1489 975 1661 1043 ipsius
1715 985 1827 1028 tum
1891 990 1979 1029 so-

391 1067 602 1118 ciorum
630 1067 682 1117 in
716 1081 917 1134 genere
981 1070 1328 1134 meminere;
1390 1084 1624 1137 quorum
1675 1083 1970 1122 numerum

405 1157 742 1209 t'eto-rntinat
820 1156 1184 1227 Menologium
1276 1157 1758 1214 Slavo-Russicum
1813 1159 1978 1229 Spar-

388 1249 815 1301 weufeldianum
896 1251 1088 1302 eodem
1157 1250 1351 1315 modo,
1418 1266 1526 1318 quo
1594 1249 1853 1320 Typieum
1912 1264 1974 1303 ac

387 1337 753 1407 Menologiunt
783 1338 986 1392 Sirleti.
1019 1338 1376 1409 Synaxarium
1400 1357 1429 1394 e
1450 1340 1766 1411 Menologio,
1818 1342 1975 1409 jussu

387 1429 574 1482 Basilii
633 1431 979 1498 imperatoris
1039 1430 1287 1492 collecto,
1347 1440 1470 1500 post
1523 1433 1669 1486 hunc
1735 1433 1973 1497 titulum,

387 1520 684 1576 Certamen
736 1522 908 1575 sancti
973 1523 1444 1594 megalomartyris
1496 1525 1726 1578 Andreae
1773 1524 1976 1578 militiae

388 1611 569 1675 ducis,
601 1628 666 1666 ac
695 1613 965 1666 sociorum
999 1614 1138 1681 ejus,
1206 1614 1356 1682 ponit
1393 1614 1653 1668 Actorum
1713 1631 1973 1683 compen-

386 1707 562 1766 dium.
590 1707 745 1773 cujus
779 1715 956 1760 textus
994 1706 1214 1760 Gnecus
1237 1722 1470 1760 excusus
1501 1709 1660 1760 datur
1677 1708 1742 1760 ad
1772 1708 1974 1762 calcem

388 1799 520 1852 tomi
559 1799 576 1850 Ι
619 1797 823 1851 mensis
878 1797 1126 1868 Augusti,
1183 1797 1374 1852 Latine
1441 1807 1620 1852 autem
1665 1798 1742 1851 sic
1769 1807 1974 1853 sonat:

2089 609 2264 674 litum,
2299 611 2388 678 qui
2422 611 2645 666 victoria
2707 614 2773 665 de
2826 613 3008 668 Persis
3033 614 3300 668 divinitus
3349 617 3568 687 adepta,
3599 619 3666 672 ad

2086 700 2246 753 ﬁdem
2279 700 2478 755 Christi
2509 704 2781 763 conversi,
2805 714 2858 758 et
2890 705 2992 758 hoc.
3021 707 3241 759 nomine
3265 709 3524 770 acrusati,
3563 713 3668 762 sub

2089 789 2416 844 Maximiano
2453 794 2778 862 imperatOre
2839 796 2891 848 in
2922 798 3192 865 angustiis
3242 798 3404 851 Tauri
3467 802 3668 855 montis

2088 881 2156 933 ab
2187 882 2425 935 exercitu
2446 883 2654 937 Seleuci
2675 885 2921 953 przesidis
2953 888 3203 941 trucidati
3230 897 3376 942 sunt.
3408 908 3427 940 ι

2156 975 2213 1030 4.
2246 973 2382 1040 Quia
2411 992 2542 1030 vero
2588 977 2732 1030 circa
2767 979 3240 1033 annuutiatioucm
3276 984 3417 1049 apud
3457 981 3669 1037 Galesi-

2085 1064 2236 1118 nium
2271 1067 2531 1120 nonnulla
2584 1083 2708 1121 mox
2736 1078 2897 1124 erunt
2954 1071 3212 1133 notanda,
3243 1071 3388 1125 illam
3449 1089 3667 1143 quoque

2086 1149 2175 1206 hic
2194 1155 2524 1222 praemittere
2558 1157 2732 1210 visum
2769 1167 2874 1211 est.
2935 1157 3023 1212 Sic
3061 1159 3223 1226 igitur
3271 1169 3464 1214 sonat:
3499 1179 3518 1211 ‹
3547 1164 3666 1216 Cae-

2086 1260 2277 1308 sareae,
2309 1257 2622 1302 sanctorum
2651 1255 2946 1319 martyrum
2974 1249 3169 1320 Magni,
3196 1252 3447 1317 Andreae,
3489 1261 3545 1307 et
3579 1269 3670 1308 so-

2085 1337 2623 1408 ciorum,quingenti
2661 1349 2717 1394 et
2771 1341 3066 1411 nonaginta
3093 1351 3324 1411 septem,
3371 1361 3493 1397 cum
3552 1345 3670 1400 lca»

2085 1444 2211 1483 nem
2242 1431 2658 1498 conspexissent
2687 1431 2742 1483 in
2782 1431 3034 1486 homines
3069 1448 3098 1486 a
3149 1434 3252 1487 fide
3301 1435 3508 1489 alienos
3564 1451 3667 1489 sre-

2085 1521 2344 1585 vicntetu,
2379 1522 2445 1574 ad
2481 1522 2622 1575 beati
2647 1523 2896 1594 martyris
2927 1524 3101 1594 Magni
3125 1526 3294 1594 pedes
3320 1538 3667 1583 mansuetum

2084 1623 2139 1665 et
2167 1621 2494 1681 prostratum
2531 1615 2743 1681 jacere;
2806 1615 2887 1668 rei
2925 1615 3349 1670 admirabilitate
3384 1621 3667 1684 commoti,

2086 1703 2153 1756 ad
2187 1703 2388 1757 Christi
2423 1705 2581 1757 Iidem
2611 1721 2669 1758 se
2704 1707 3078 1760 contulerunt.
3130 1707 3502 1771 Quamobrem
3545 1710 3670 1764 Alc-

2086 1797 2277 1850 xandri
2310 1796 2554 1864 praesidis
2571 1798 2726 1866 jussu
2750 1799 2926 1865 capite
2945 1798 3276 1865 plectuntur,
3296 1797 3523 1868 Magnus
3540 1814 3670 1854 vero

395 1909 414 1942 ε
462 1892 586 1944 Erat
616 1892 726 1951 hic,
765 1892 1068 1961 imperante
1089 1892 1435 1956 Maximiano,
1489 1893 1598 1946 dux
1629 1893 1865 1946 militum
1922 1893 1975 1946 in
2006 1882 2055 1940 Β
2083 1885 2354 1955 lapidibus
2392 1888 2663 1942 obruitur.
2701 1906 2719 1938 ι
2751 1889 3111 1942 Annuntiatio
3158 1891 3272 1943 lucc
3320 1892 3579 1945 convenit
3605 1889 3663 1944 S.

389 1984 646 2038 orientali
675 1985 896 2053 regione
936 1986 1038 2038 sub
1065 1987 1356 2050 Antiocho,
1384 1986 1475 2055 qui
1531 1985 1786 2039 universo
1836 1985 1978 2038 mili-

393 2085 505 2131 tum
541 2076 748 2146 agmini
790 2087 1045 2144 praeerat.
1098 2079 1141 2128 Α
1173 2093 1282 2145 quo
1334 2088 1624 2146 postquam
1681 2092 1786 2130 una
1852 2091 1976 2130 cum

392 2168 516 2221 aliis
545 2168 752 2220 militiae
775 2168 1006 2221 ducibus
1039 2169 1238 2223 missus
1269 2179 1416 2223 esset
1466 2169 1726 2223 adversus
1760 2168 1976 2231 Persas,

391 2270 449 2315 et
469 2259 753 2313 Christum
781 2263 1117 2324 invocasset,
1139 2261 1192 2313 in
1222 2259 1402 2330 fugam
1419 2262 1530 2330 egit
1550 2261 1764 2322 Persas,
1786 2266 1982 2327 etpost

394 2349 727 2420 insperatam
763 2352 1044 2404 victoriam
1102 2350 1278 2404 socios
1304 2367 1401 2405 uos
1458 2351 1524 2403 ad
1574 2349 1774 2405 Christi
1818 2349 1979 2402 fidem

395 2445 678 2511 pertraxit.
713 2443 965 2496 Accusati
995 2458 1122 2496 vero
1153 2443 1294 2512 apud
1329 2442 1677 2504 Antiochum,
1727 2451 1980 2510 tanquam

395 2534 472 2588 rei
497 2535 724 2601 judicio,
752 2551 934 2589 coram
968 2535 1084 2603 ipso
1122 2536 1346 2590 astitcre
1374 2555 1385 2590 :
1453 2546 1507 2590 et
1538 2537 1651 2604 ipse
1678 2536 1896 2604 quidem
1927 2534 1980 2586 in

396 2623 540 2680 lecto
577 2629 759 2679 ferreo
785 2628 955 2696 ignito
988 2629 1086 2680 fuit
1139 2638 1438 2691 extensus;
1484 2628 1757 2681 sociorum
1792 2636 1974 2679 autem

398 2733 429 2772 e
491 2719 784 2787 quadratis
842 2719 1000 2789 lignis
1060 2735 1254 2772 manus
1325 2719 1564 2772 transfixi
1617 2727 1746 2771 sunt
1795 2719 1983 2774 clavis.

403 2809 609 2864 Deinde
641 2823 825 2864 autem
855 2827 917 2865 ex
949 2811 1068 2865 aliis
1121 2812 1288 2874 mille,
1315 2813 1543 2880 jubeute
1592 2811 1886 2877 Antiocho,
1953 2826 1984 2864 e

398 2904 642 2974 regionis
705 2904 908 2957 finibus
931 2905 1104 2958 exacti
1142 2919 1154 2954 :
1188 2919 1324 2972 quos
1355 2905 1443 2957 ubi
1475 2904 1820 2957 instruxisset
1849 2903 1987 2957 San-

399 3004 544 3058 ctus,
572 2997 638 3050 ad
668 2995 872 3048 Christi
915 2997 1073 3049 Iidem
1105 2998 1355 3050 adduxit.
1425 2995 1554 3048 Rern
1614 2999 1701 3048 ubi
1761 3009 1986 3063 compe-

399 3088 559 3141 risset
601 3087 932 3149 Antiochus,
988 3103 1191 3156 eosque
1239 3086 1400 3140 simul
1468 3102 1591 3140 euut
1655 3088 1738 3140 his
1787 3087 1987 3155 quibus

399 3187 652 3247 prmerat,
675 3189 823 3232 essct
851 3179 1148 3242 insecutus,
1181 3194 1372 3232 Omnes
1399 3194 1530 3232 ense
1557 3178 1851 3241 interemit,
1872 3193 1987 3232 om-

400 3272 661 3341 niumque
704 3281 1041 3341 postremum
1104 3273 1400 3334 Andream,
1466 3273 1731 3326 illustrem
1777 3270 1980 3326 Christi

398 3375 716 3434 martyrem,
749 3372 804 3416 et
835 3362 976 3416 inter
1002 3362 1234 3415 athletas
1265 3362 1404 3414 fama
1427 3361 1719 3415 celebrem.
1755 3379 1774 3411 ι

468 3453 640 3519 Quam
681 3455 1032 3508 memorabile
1072 3455 1235 3521 hujus
1289 3453 1457 3507 nostri
1524 3453 1984 3523 Megalomartyris

399 3561 490 3600 seu
527 3545 702 3614 Magni
739 3546 989 3613 martyris
1057 3559 1255 3600 nomen
1286 3554 1366 3599 est
1433 3545 1574 3613 apud
1611 3545 1848 3605 Cra-cos,
1875 3555 1984 3598 tam

398 3637 612 3692 celebre
653 3639 815 3690 etiam
841 3646 924 3690 est
952 3637 1096 3704 apud
1150 3636 1389 3701 Latinos,
1433 3634 1828 3704 antiquissimis
1883 3634 1988 3688 uti-

398 3745 503 3798 que
537 3745 600 3782 ac
635 3730 822 3798 prima:
856 3739 996 3781 uotae
1017 3727 1414 3800 Martyrologiis
1448 3726 1794 3796 inscriptum.
1853 3725 1986 3780 Nam

402 3821 810 3877 Usuardushac
849 3822 934 3876 die
965 3823 1036 3874 ita
1066 3837 1188 3874 eum
1246 3820 1454 3874 refert:
1499 3838 1516 3870 ι
1560 3819 1766 3874 Natalis
1811 3821 1987 3874 sancti

402 3914 603 3984 Magni,
631 3929 727 3967 seu
784 3915 956 3966 sancti
1021 3912 1252 3966 Andrea:
1315 3911 1590 3980 martyris.
1645 3911 1988 3966 cum-sociis

400 4007 518 4060 suis
549 4005 768 4059 duobus
808 4003 1048 4058 millibus
1093 4003 1406 4072 quingentis
1455 4003 1749 4070 nonaginta
1777 4011 1832 4056 et
1863 4017 1989 4072 sep-

405 4108 538 4153 tem.
579 4117 598 4150 ι
636 4099 716 4151 Ad
747 4112 908 4165 quam
938 4096 1418 4149 annuutiatioucm
1483 4095 1583 4146 ista
1603 4095 1715 4163 jam
1779 4094 1988 4162 pridem

403 4189 460 4242 in
497 4187 752 4244 Usuardo
784 4204 813 4240 a
886 4187 1042 4240 nobis
1091 4187 1240 4239 edito
1295 4195 1352 4238 et
1374 4185 1644 4238 illustrato
1703 4185 1990 4237 observata

401 4293 533 4338 sont
559 4324 574 4336 .
614 4301 632 4332 ι
665 4282 938 4336 Andream
961 4279 1104 4348 apud
1131 4278 1346 4333 Graecos
1369 4279 1782 4348 inclytissimum
1805 4278 1994 4346 Mega-

405 4377 755 4444 lontartyrem
797 4371 1146 4442 Martyrologi
1174 4370 1345 4422 nostri
1372 4370 1546 4422 Latini
1580 4367 1993 4422 verositnilitme

402 4483 469 4521 ex
485 4467 666 4521 Graeca
685 4463 1042 4535 appellatione
1065 4461 1362 4514 btuornium
1385 4459 1612 4514 fecerint
1627 4459 1878 4528 Magnum
1897 4472 1994 4510 seu

2081 1976 2298 2045 Magno,
2335 1979 2494 2047 cujus
2521 1979 2838 2050 martyrium
2885 1982 3134 2050 pluribus
3160 1981 3427 2036 describit
3473 1982 3670 2036 Petrus

2081 2069 2149 2123 de
2175 2070 2573 2124 Natalibuslib.
2615 2073 2671 2134 7,
2715 2087 2836 2140 cap.
2905 2071 3020 2136 76,-
3065 2072 3252 2140 inquo
3305 2081 3487 2126 tamen
3541 2087 3668 2127 cum

2086 2162 2297 2216 nullum
2327 2166 2394 2215 de
2430 2161 2488 2215 S.
2518 2162 2740 2216 Andrca
2784 2164 3058 2218 inveniam
3095 2163 3409 2234 vestigium,
3469 2167 3666 2219 mirum

2082 2253 2220 2307 mihi
2278 2254 2496 2318 accidit,
2587 2253 2761 2323 ipsius
2844 2271 3043 2310 nomen
3129 2257 3402 2312 introsum
3458 2257 3561 2328 legi
3611 2259 3668 2314 in

2083 2347 2226 2402 dicta
2267 2347 2705 2401 annuntiatione.
2731 2346 2837 2402 Sed
2865 2364 2952 2403 res
2979 2349 3092 2403 lucc
3120 2350 3370 2419 pluribus
3412 2360 3672 2406 tractatur

2083 2440 2228 2510 apud
2261 2455 2362 2493 nos
2391 2441 2492 2493 hac
2521 2439 2631 2502 die,
2668 2455 2772 2508 qua
2805 2441 2872 2493 de
2899 2452 3092 2496 sancto
3131 2442 3328 2514 Magno
3347 2444 3672 2514 Cappadoce

2085 2535 2282 2605 agitur,
2306 2550 2429 2601 pag.
2464 2532 2588 2584 7l7.
2607 2531 2765 2585 Nunc
2795 2533 2862 2586 de
2889 2533 3314 2590 halluciuatioue
3353 2536 3674 2608 Martyrolo-

2087 2643 2276 2698 gorum
2311 2626 2565 2694 superius
2598 2625 2834 2678 indicata
2869 2636 2924 2679 et
2951 2626 3038 2680 hic
3059 2629 3311 2696 pluribus
3371 2632 3671 2687 refellenda

2090 2720 2448 2773 tractabimus
2480 2732 2495 2783 ;
2523 2732 2552 2770 e
2577 2733 2682 2786 qua
2711 2717 2926 2771 videtur
2952 2719 3220 2790 originem
3273 2721 3504 2779 traxisse
3566 2723 3674 2779 Ga-

2088 2811 2375 2865 lesiniana.

2158 2905 2210 2958 5.
2253 2904 2317 2958 Ει
2351 2919 2412 2957 ea
2453 2903 2669 2972 quidem
2711 2912 2792 2958 est
2825 2903 3024 2974 duplex
3063 2922 3077 2970 ;
3112 2906 3283 2962 altera
3327 2907 3382 2962 in
3434 2925 3501 2964 eo
3531 2926 3664 2967 ver-

2091 3005 2263 3060 satur,
2314 2997 2456 3065 quod
2515 2996 2575 3050 S.
2633 2997 2876 3051 Andrea:
2931 2997 3240 3053 addiderint
3295 3015 3494 3057 nomen
3560 3020 3674 3060 non

2090 3104 2273 3152 suum,
2339 3089 2514 3158 Magni
2567 3089 2869 3152 videlicet;
2928 3092 3097 3146 altera
3163 3095 3427 3148 incertior
3465 3097 3672 3165 priore,

2091 3179 2236 3248 quod
2279 3179 2478 3233 alicubi
2531 3180 2668 3234 forte
2693 3180 2752 3235 8.
2807 3179 3034 3252 Magnus
3087 3185 3249 3239 aliter
3291 3189 3673 3254 annuntietur,

2090 3288 2250 3341 quam
2286 3272 2502 3335 debeat,
2537 3273 2612 3325 uti
2665 3289 2786 3327 mox
2815 3273 3058 3330 referam
3117 3277 3196 3331 Ad
3225 3280 3459 3348 priorem
3523 3287 3668 3351 quoi

2090 3365 2308 3427 attinet,
2337 3375 2536 3433 praeter
2568 3364 2656 3418 illa
2678 3404 2694 3430 ,
2720 3381 2841 3434 qua:
2908 3367 3070 3435 paulo
3119 3378 3245 3422 ante
3292 3371 3675 3438 prmmisimus,

2089 3458 2204 3511 h:cc
2237 3458 2375 3512 addo
2405 3457 2470 3510 ad
2505 3459 2762 3526 majorem
2790 3457 3006 3512 illorum
3044 3461 3540 3517 conﬁrmationem.
3576 3465 3678 3519 Ba-

2090 3552 2280 3603 ronius
2321 3551 2375 3602 in
2411 3551 2790 3604 notatiouibus
2828 3551 2930 3604 hac
2967 3551 3056 3605 die
3084 3552 3151 3604 l9
3208 3555 3435 3622 Augusti
3469 3556 3535 3609 ad
3568 3572 3672 3610 an-

2089 3643 2487 3696 nuutiatioucm
2524 3642 2883 3714 Martyrologii
2930 3641 3158 3697 Romani
3193 3631 3424 3699 Andreae
3465 3648 3670 3700 tribuni

2090 3743 2144 3786 et
2167 3747 2308 3797 soc.,
2355 3751 2372 3780 ι
2405 3731 2478 3784 De
2534 3732 2640 3792 his,
2688 3733 2782 3794 ait,
2822 3733 2923 3785 hac
2974 3733 3062 3787 die
3123 3731 3358 3787 Usuard.
3409 3745 3462 3790 et
3512 3737 3674 3802 Ado;

2091 3824 2217 3877 licet
2254 3823 2524 3876 Andream
2579 3837 2702 3875 cum
2734 3820 2790 3874 8.
2829 3820 3020 3890 Magno
3052 3820 3417 3874 confundant.
3459 3840 3477 3871 ι
3518 3823 3676 3878 iiuna

2091 3931 2332 3970 errorem
2349 3917 2511 3968 etiam
2543 3913 2774 3984 castigat
2798 3912 3120 3968 Lambecius
3143 3912 3674 3969 Commentariorum

2092 4009 2158 4062 de
2184 4009 2512 4062 bibliotheca
2535 4008 2782 4061 Caesarea
2815 4005 3253 4067 Vindobonensi,
3275 4006 3369 4060 lib.
3402 4022 3520 4071 rm,
3551 4024 3677 4078 pag.

2092 4101 2220 4162 202,
2243 4101 2331 4154 ubi
2371 4101 2660 4153 occasione
2688 4097 2957 4151 versionis
2985 4097 3191 4150 Latium
3220 4107 3276 4152 et
3298 4099 3507 4152 exordii
3566 4100 3681 4154 Ac-

2097 4198 2273 4243 torum
2309 4189 2367 4243 S.
2395 4188 2623 4242 Andreae
2643 4202 2707 4240 ac
2729 4187 2998 4240 sociorum
3029 4184 3171 4254 apud
3192 4185 3409 4241 Surium
3445 4188 3546 4242 hac
3569 4193 3678 4252 uie,

2077 4298 2120 4338 ,ι
2161 4279 2472 4350 Martyrium
2502 4278 2560 4332 S.
2588 4277 2839 4341 Andreae,
2868 4277 3024 4332 ducis
3060 4279 3358 4342 exercitus,
3412 4291 3468 4333 et
3504 4281 3682 4335 socio-

2097 4389 2242 4434 rum,
2284 4381 2510 4425 auctore
2549 4369 2824 4440 Symeone
2858 4368 3251 4438 Metapbraste.
3285 4369 3525 4426 Vocatur
3581 4387 3681 4426 au-

2099 4473 2206 4519 tem
2244 4465 2332 4517 hic
2359 4463 2606 4516 Andreas
2639 4464 2804 4517 etiam
2839 4477 3093 4530 magnus,
3116 4480 3134 4513 ι
3171 4474 3309 4525 etc.,
3339 4463 3420 4518 sic
3445 4465 3676 4520 scribit:

405 4561 704 4614 Andream.
739 4559 831 4610 Sic
854 4555 1059 4610 etenim
1089 4553 1255 4616 Beda,
1292 4561 1454 4621 prout
1477 4552 1618 4620 apttd
1652 4565 1754 4604 nos
1813 4551 1992 4604 editus
2027 4581 2069 4638 ο
2106 4576 2124 4609 ι
2163 4557 2278 4612 Hoc
2307 4571 2417 4610 non
2447 4563 2531 4609 est
2574 4553 2988 4622 intelligendum
3041 4554 3110 4607 de
3172 4561 3399 4610 neruine
3454 4557 3683 4626 proprio

404 4661 591 4713 est,et
634 4666 701 4704 ex
738 4665 804 4703 eo
860 4648 1139 4705 ltabanus,
1194 4645 1500 4699 iiutuauum
1551 4658 1798 4711 parvum,
1851 4641 1992 4704 Ado,

405 4755 486 4804 ct,
537 4747 697 4810 cujus
730 4743 843 4810 jam
905 4741 1068 4793 verba
1093 4739 1365 4799 dedimus,
1427 4736 1737 4792 Usuardus.
1803 4733 1997 4787 Melius

410 4832 647 4885 fortasse
672 4835 954 4900 legissent,
989 4827 1167 4898 magni
1199 4828 1432 4881 Andreae
1468 4840 1690 4894 :neque
1724 4824 1869 4878 enim
1895 4838 1994 4876 ve-

412 4923 656 4976 I'Oailllile
678 4930 831 4992 puto,
870 4921 1260 4990 Martyrologos
1289 4927 1511 4972 nostros
1567 4917 1840 4971 Andream
1897 4915 1996 4968 tri-

411 5015 618 5068 bunum
649 5015 884 5067 militum
933 5028 1059 5066 cum
1124 5012 1317 5083 Magno
1381 5012 1641 5081 episcopo
1706 5009 1994 5080 Anagnino

411 5108 750 5163 confundere
776 5109 1032 5160 voluisse.
1075 5124 1095 5158 ι
1134 5105 1286 5160 Hanc
1316 5104 1756 5158 observationem
1793 5103 1860 5156 de
1891 5102 1995 5156 du-

414 5200 542 5268 plici
572 5199 796 5252 nomine
812 5197 988 5250 eidem
1013 5207 1204 5252 nostro
1226 5201 1447 5265 martyri
1473 5210 1760 5264 perperam
1798 5194 1995 5258 indito,

413 5291 643 5346 inferius
675 5289 999 5345 conﬁrmare
1041 5291 1384 5344 conabimur.
1442 5287 1717 5344 Habemus
1777 5288 1995 5342 interim

414 5397 484 5436 ex
514 5383 677 5437 dictis
706 5386 723 5452 (
756 5383 890 5436 nihil
913 5386 1114 5452 quippe
1147 5382 1295 5453 cogit
1320 5396 1515 5436 omnes
1545 5381 1666 5434 illas
1697 5381 1994 5436 annuntia-

415 5475 596 5528 tiones
627 5475 735 5528 huc
765 5473 1006 5546 integras
1070 5476 1436 5531 transcribere
1470 5481 1484 5538 )
1516 5474 1696 5545 magni
1758 5473 1997 5529 nominis

418 5577 709 5634 martyrem
746 5566 911 5621 fuisse
937 5567 995 5622 S.
1047 5569 1316 5622 Andream
1374 5568 1430 5622 in
1485 5565 1723 5622 Ecclesia
1782 5565 1996 5619 Latina.

421 5655 498 5710 De
541 5653 932 5710 Wandelberto
996 5667 1184 5727 postea
1237 5672 1484 5727 agemus.
1550 5656 1996 5726 Martyrologium

421 5745 729 5799 Romanum
773 5748 1094 5802 modernum
1147 5749 1221 5803 ita
1269 5750 1338 5803 de
1389 5748 1482 5803 illo
1533 5748 1743 5819 legitac
1812 5747 1997 5810 sociis,

399 5851 657 5912 qnerum
690 5846 872 5894 tamen
898 5856 1190 5897 numerum
1216 5857 1323 5896 non
1344 5842 1671 5897 determinat
1706 5856 1720 5893 :
1760 5838 2000 5894 «lnCili-

2098 4649 2320 4718 Magni;
2355 4646 2558 4716 quippe
2607 4646 2753 4713 quod
2802 4643 2859 4699 8.
2913 4644 3160 4698 Andreas
3191 4644 3513 4702 Stratelales
3569 4662 3681 4702 non

2101 4740 2315 4802 habuit,
2354 4739 2450 4793 sed
2475 4745 2684 4791 tantum
2740 4734 2809 4789 de
2841 4735 2998 4789 titulo
3031 4735 3535 4808 Μεγαλομάρτυρος
3564 4740 3682 4795 sive
3735 4805 3741 4812 .

2097 4830 2287 4900 Magni
2320 4829 2597 4898 martyris,
2637 4825 2729 4894 qui
2755 4823 2831 4877 illi
2882 4823 2936 4876 in
2968 4824 3134 4893 hujus
3190 4827 3528 4890 narrationis
3587 4829 3678 4883 in-

2099 4922 2399 4991 scriptione
2446 4921 2631 4976 Greca
2691 4919 2920 4973 honoris
2969 4932 3136 4974 causa
3199 4920 3477 4974 tribuitur.
3547 4922 3682 4978 Pcr-

2099 5027 2283 5082 peram
2315 5013 2478 5083 igitur
2531 5020 2588 5065 et
2625 5008 2862 5063 absurde
2907 5009 2965 5062 iu
3011 5008 3221 5063 Adonis
3274 5009 3680 5081 archiepiscOpi

2105 5103 2428 5159 Viennensis
2442 5101 2817 5173 Martyrologio
2844 5101 2935 5156 die
2963 5099 3029 5154 i9
3048 5101 3278 5173 Augusti
3306 5102 3541 5172 legitur:
3570 5105 3682 5161 Na—

2101 5199 2226 5252 talis
2257 5196 2431 5252 sancti
2458 5196 2632 5266 Magni
2657 5211 2753 5250 seu
2781 5192 2956 5249 sancti
2984 5193 3244 5260 Andreae,
3283 5215 3304 5249 ι
3329 5205 3434 5252 etc.
3481 5198 3676 5254 Merito

2104 5292 2288 5360 itaque
2313 5289 2440 5352 ista,
2479 5307 2498 5340 ε
2556 5289 2794 5343 Vocatur
2844 5297 3031 5342 autem
3083 5285 3174 5344 hic
3212 5289 3455 5344 Andreas
3509 5292 3676 5348 etiam

2102 5383 2346 5454 Magnus,
2382 5400 2402 5434 ι
2434 5382 2634 5436 omissa
2665 5391 2796 5435 sunt
2825 5381 2881 5434 in
2908 5381 3152 5436 editione
3169 5380 3340 5442 Surii,
3361 5396 3510 5437 anno
3538 5383 3678 5441 1618

2103 5473 2340 5529 Colonia:
2368 5472 2535 5527 edita.
2570 5471 2698 5526 Haec
2723 5472 2791 5526 de
2825 5486 3016 5526 errore
3053 5471 3186 5528 isto.
3239 5470 3300 5527 ln
3329 5473 3496 5529 alium
3538 5473 3678 5530 forte

2106 5564 2291 5633 lapsus
2339 5571 2424 5616 est
2478 5560 2927 5629 Wandelbertus,
2961 5561 3095 5616 dum
3147 5560 3332 5616 eidem
3380 5571 3678 5638 martyrum

2106 5653 2390 5722 manipulo
2439 5651 2654 5706 videtur
2706 5651 3028 5720 adjunxisse
3076 5649 3136 5705 8.
3176 5650 3429 5721 Magnum
3463 5650 3680 5728 Cappq-

2106 5745 2322 5806 docem,
2357 5745 2444 5796 cui
2493 5743 2652 5798 aliam
2687 5741 2928 5811 martyrii
2967 5741 3272 5812 palatstram
3332 5757 3497 5813 supra
3535 5745 3679 5800 assis

2109 5839 2420 5906 gnavimus.
2461 5834 2553 5892 Sic
2602 5837 2747 5890 enim
2781 5835 2929 5890 canit
2961 5851 2977 5864 ·
