3996 6434
318 388 427 454 δη

339 503 562 571 Magnus
595 511 643 555 et
675 496 910 555 Andreas
941 498 1134 569 quarta
1164 498 1407 571 denaque
1434 506 1714 551 coruscant
1751 515 1766 551 :

332 570 542 643 Srptem
575 573 861 640 nonaginta
896 580 942 643 et
969 570 1240 643 quingenti
1264 570 1620 643 comitantur,

314 637 475 708 .Quos
506 637 906 711 parttcr’sancti
933 637 1193 693 sintutltis
1220 639 1297 692 bis
1333 637 1477 691 mille
1510 647 1821 709 sequuntur.

404 753 458 807 ϐ.
474 750 633 805 Varia
657 761 785 804 sunt
808 751 1069 804 Actorum
1089 749 1780 819 exemplaria.,Lambecius
1795 750 1917 805 loco

316 848 500 901 citato
519 860 638 914 pag.
668 843 764 898 QOI
793 852 840 897 et
867 842 974 897 202
1004 858 1172 896 unum
1205 842 1362 896 aﬂ‘trt
1384 844 1485 897 hoc
1514 843 1669 898 titulo
1687 859 1750 898 ac
1767 844 1915 913 prin-

325 935 514 1003 cipio:
557 936 634 1006 Τῇ
666 936 805 1006 αὐτῇ
850 936 1054 1007 ἡμέρᾳ.
1093 934 1355 1001 Ἀθλησις
1399 937 1493 988 τοῦ
1526 937 1684 1003 ἁγίου
1715 938 1809 1001 κᾳὶ
1831 937 1917 988 ὲν-

319 1030 473 1095 δόξσυ
517 1028 1006 1099 μεγαλομάρτυρος
1062 1026 1318 1095 Ἀνδρέου
1368 1026 1464 1079 τοῦ
1492 1027 1912 1097 Στρατηὶάτου,

316 1124 426 1176 atat
455 1122 565 1174 τῶν
608 1122 705 1174 σὺν
753 1118 902 1189 αὐτῷ
950 1117 1349 1172 τελειωθὶντων
1389 1119 1665 1189 δισχιλίων
1717 1137 1916 1173 πεντα-

330 1214 533 1268 κοσίων
563 1214 919 1282 ἐννενήκοντα
948 1213 1137 1283 τριῶν.
1170 1212 1260 1264 Ἐν
1288 1215 1403 1274 τοῖς
1448 1214 1659 1282 χρόνοις
1692 1212 1791 1280 τῆς
1819 1211 1914 1265 τοῦ

325 1304 696 1358 ἀσεϐεστάτου
748 1303 1096 1368 Μαξιμιανοῦ
1152 1303 1426 1371 βασιλείας
1477 1303 1719 1370 διωγμὸς
1772 1305 1914 1357 κατὰ

329 1395 678 1466 Χριστιανῶν
709 1397 931 1463 ἐγένετο
968 1395 1163 1464 μέγας,
1186 1396 1293 1447 ’καὶ
1328 1396 1561 1462 μάλιστα
1600 1398 1657 1448 ἐν
1682 1396 1792 1457 τοῖς
1818 1395 1914 1463 μὲ-

327 1504 448 1557 ρεσι
471 1487 571 1555 τῆς
610 1486 812 1554 Συρίας
838 1502 851 1518 ·
893 1481 1039 1554 εἶχεν
1066 1485 1122 1536 δὲ
1157 1486 1275 1537 τότε
1316 1485 1415 1554 τῆς
1458 1485 1638 1537 ἐκεῖσε
1672 1501 1910 1555 στρατη-

322 1582 493 1649 γικῆς
517 1578 726 1642 τάξεως
752 1578 854 1647 τὴν
879 1577 1055 1646 ἀρχὴν
1102 1578 1373 1645 Ἀντίοχός
1424 1594 1526 1639 τις,
1564 1576 1911 1644 δεισιδαίμων

322 1672 608 1741 dieprimo;
650 1669 746 1737 ὢν,
783 1679 880 1723 etc.
914 1668 967 1722 ld
1016 1679 1137 1722 est:
1182 1668 1384 1721 Eadem
1426 1670 1509 1721 die
1536 1668 1630 1738 (l9
1660 1669 1910 1738 Augusti)

326 1774 591 1817 certamen
612 1763 782 1816 sancti
811 1771 859 1815 et
881 1761 1096 1832 gloriosi
1144 1761 1321 1831 magni
1369 1762 1617 1829 martyris
1667 1761 1907 1831 Andrew,

1577 384 1860 445 MENSIS
1900 383 2329 459 AUGUSTUS.

3486 399 3594 464 5‘32

1938 497 2243 569 Aimiigni.
2305 504 2533 558 nomina
2588 504 2985 575 invocaverint,
3042 521 3242 581 praesta
3301 512 3600 582 petitiones

2020 587 2159 653 illas,
2197 605 2318 658 quae
2356 591 2424 645 ad
2459 593 2690 648 salutem
2727 597 3003 666 pertinent
3034 615 3049 665 ;
3082 599 3284 669 quique
3312 601 3377 655 ad
3416 600 3600 657 locum

2016 677 2166 733 hunc
2200 681 2568 753 confugerint,
2605 700 2702 741 eos
2741 699 2964 757 protege
2990 730 3004 745 .
3036 729 3051 745 .
3104 701 3159 744 et
3187 709 3297 761 quo
3326 694 3442 747 loco
3495 697 3601 748 liu-

2012 769 2165 822 milis
2194 773 2420 841 sanguis
2446 776 2639 828 nester
2670 776 2883 833 'eﬂusus
2914 780 3103 842 fuerit,
3134 782 3227 836 ﬁat
3284 782 3394 836 illis
3430 799 3598 837 cura-

2020 861 2230 914 tionum
2260 864 2413 927 fons,
2465 883 2485 916 »
2514 874 2622 920 etc.
2646 866 2851 934 Oratio,
2887 872 3131 941 inquam.
3161 874 3247 927 illa
3275 890 3484 928 merum
3517 884 3605 929 est

2012 953 2345 1022 episodium,
2381 974 2505 1012 cum
2532 975 2560 1014 a
2586 961 2806 1016 nemine
2828 966 3068 1033 potuerit
3103 966 3279 1019 audiri
3305 967 3409 1020 nisi
3436 983 3465 1020 ει
3507 982 3598 1021 so-

2017 1043 2083 1097 lis
2118 1045 2251 1115 ipsis
2277 1050 2641 1119 martyribus,‘
2667 1055 2868 1121 quibus
2901 1070 2999 1124 per
3029 1065 3247 1123 tempus
3277 1072 3386 1109 non
3441 1057 3599 1110 licuit

2015 1152 2138 1190 eam
2183 1139 2305 1194 aliis
2341 1141 2572 1197 referre.
2613 1146 2839 1199 Accedit
2876 1162 2961 1212 eo,
2993 1148 3138 1217 quod
3184 1163 3293 1202 non
3340 1148 3475 1202 satis
3519 1147 3602 1201 vi-

2015 1229 2211 1283 deatur
2246 1241 2619 1288 consentanea
2662 1234 2962 1290 humilitati
3009 1238 3355 1302 Christianae,
3391 1253 3511 1308 qua:
3544 1236 3602 1291 in

2014 1322 2347 1390 martyribus
2382 1324 2601 1378 elucere
2631 1324 2813 1379 debet.

2085 1411 2135 1466 8.
2183 1414 2393 1480 Tertio,
2451 1418 2653 1482 mirum
2723 1421 2887 1472 etiam
2922 1420 3092 1474 videri
3136 1431 3334 1490 potest,
3387 1420 3445 1475 S.
3484 1420 3602 1474 An-

2004 1507 2225 1567 dream,
2256 1508 2658 1565 Christi-fidem
2687 1515 3021 1582 amplexum,
3064 1517 3251 1584 pnelio
3302 1518 3425 1576 uni,
3465 1514 3598 1582 quin

2017 1598 2123 1650 imo
2177 1598 2468 1667 pluribus,
2532 1609 2697 1669 prout
2753 1610 3001 1671 apparet,
3070 1617 3191 1656 sese
3245 1602 3594 1670 exposuisse,

2008 1700 2307 1760 antequam
2342 1693 2594 1761 petiisset
2645 1704 2809 1763 atque
2860 1693 3189 1748 obtinuisset.
3238 1694 3593 1761 baptismuut.

2003 1783 2328 1837 'Audiantur
2365 1787 2498 1839 Acta
2529 1804 2545 1838 :
2587 1804 2605 1836 ι
2641 1786 2791 1839 Inter
2828 1786 3097 1840 idolorum
3135 1787 3381 1839 cultores
3443 1785 3595 1837 velut

325 1856 474 1908 ducis
506 1856 784 1917 exercitus,
814 1864 861 1905 et
903 1853 979 1906 bis
1007 1852 1154 1906 mille
1181 1856 1580 1921 quingentortun
1608 1857 1896 1925 nonaginta
1930 1855 1974 1913 Β
2006 1890 2127 1930 rosa
2152 1874 2381 1931 θοι-εδει
2414 1878 2558 1931 inter
2600 1879 2789 1947 spinas
2823 1917 2839 1931 ,
2880 1919 2893 1932 ⁸
2930 1877 3286 1932 ﬁdelissimus
3331 1876 3423 1931 Dei
3468 1891 3592 1930 ser-

323 1946 491 1999 trium
528 1942 659 1996 cum'
675 1959 735 1996 eo
762 1954 1170 2012 peremptorum.
1227 1943 1564 2012 Temporibus
1611 1948 1905 2015 impiissimi

328 2035 645 2090 Maximiani
670 2035 1012 2103 imperatoris
1042 2049 1235 2103 magna
1266 2034 1516 2087 adversus
1577 2034 1905 2089 Christianos

327 2139 472 2182 mota
510 2137 583 2181 cst
622 2129 931 2197 persecutio,
962 2125 1194 2178 maxime
1216 2127 1267 2179 in
1300 2128 1538 2193 partibus
1564 2125 1755 2197 Syrian
1776 2127 1906 2193 Qui-

311 2217 445 2271 dam
473 2228 652 2270 autem
684 2216 994 2276 Antiochus,
1023 2217 1614 2284 sttperstitionideorum
1658 2218 1901 2272 addictus

296 2307 492 2372 .ltomo,
517 2307 704 2360 ibidem
739 2316 865 2361 tunc
892 2306 1094 2360 ordinis
1120 2307 1383 2360 militaris
1414 2309 1695 2378 imperium
1761 2321 1903 2373 tene-

297 2398 427 2461 dial,
485 2407 589 2452 etc.
645 2397 912 2452 Observat
959 2397 1286 2453 Lambecius
1334 2399 1474 2453 hanc
1526 2401 1898 2455 narrationem

301 2485 509 2542 Latine
556 2496 773 2542 exstare
824 2488 967 2557 apud
1001 2489 1358 2542 Laurentium
1415 2488 1656 2551 Surium,
1693 2505 1758 2544 ac
1797 2490 1899 2562 Sy-

314 2575 497 2630 meoui
532 2574 914 2644 Metaphrastze
941 2575 1145 2629 ibidem
1187 2576 1375 2642 tribui,
1408 2586 1465 2631 ut
1492 2579 1655 2631 modo
1685 2578 1901 2633 indica-

317 2674 435 2721 tum
488 2674 596 2721 est.
637 2664 746 2719 Sed
780 2666 989 2719 nulhuu
1032 2666 1277 2735 eiusdem
1333 2668 1618 2738 vestigium
1675 2670 1896 2724 invenio

316 2757 464 2826 apud
505 2757 763 2810 Allatium
798 2758 853 2809 in
895 2757 1133 2811 Diatriba
1181 2759 1247 2812 de
1277 2758 1604 2828 Symconum
1635 2762 1897 2831 scriptisa

310 2867 436 2923 pag.
477 2850 597 2916 124,
622 2851 711 2905 ubi
732 2849 884 2906 Vitas
910 2859 1222 2912 enumerat,
1258 2864 1397 2918 quas
1433 2860 1693 2920 tanquam
1726 2854 1897 2907 Meta-

296 2944 550 3015 .phrasta‘.
600 2942 848 3013 proprias
887 2944 1087 3012 signat.
1121 2941 1360 2995 Consule
1411 2958 1531 3011 quae
1569 2944 1713 2998 dicta
1766 2956 1894 3000 sunt

311 3045 460 3091 tomo
486 3033 556 3089 ΙΙΙ
586 3035 749 3105 hujus
780 3036 987 3089 mensis
1033 3051 1155 3106 pag.
1206 3035 1306 3090 719
1336 3036 1403 3091 de
1452 3036 1603 3092 Actis
1634 3038 1691 3092 S.
1731 3040 1891 3111 Eupli

310 3128 587 3198 martyris.
660 3125 936 3182 Habemus
987 3128 1157 3181 etiam
1222 3128 1498 3198 exemplar
1534 3129 1780 3185 Graecum
1837 3136 1890 3186 in

307 3228 502 3275 nostro
536 3218 725 3273 codice
747 3218 788 3288 ἰ-
828 3234 931 3272 ms.
966 3219 1090 3282 194,
1127 3220 1286 3289 cujus
1320 3222 1676 3291 texemplaris
1733 3225 1891 3279 titulo
1922 3203 1966 3261 ο

307 3322 647 3381 praenotatur
693 3312 884 3366 eadem
925 3312 979 3365 in
1032 3328 1136 3367 ms.
1173 3312 1377 3368 Caesar.
1410 3314 1481 3369 45
1504 3332 1627 3385 pag.
1665 3316 1763 3370 221
1800 3333 1895 3372 ex-

312 3416 483 3461 stare.
517 3406 679 3461 Aliud
707 3405 957 3461 Cra-cum
991 3407 1361 3477 apographum
1394 3411 1741 3465 asservamus
1789 3412 1892 3468 hoc

300 3500 469 3555 titulo
500 3515 517 3555 :
548 3499 865 3569 Μαρτύριον
902 3498 997 3552 τοῦ
1027 3500 1184 3566 ἁγίου
1218 3501 1492 3572 μάρτυρος
1521 3505 1613 3556 τοῦ
1646 3505 1888 3578 Στρατη-

306 3591 497 3655 λάτοι»,
525 3606 589 3646 ex
615 3591 740 3645 cod.
765 3590 1015 3645 Ambros.
1044 3591 1109 3646 N.
1135 3590 1173 3646 f.
1205 3592 1404 3658 p.152,
1431 3595 1572 3650 sicut
1596 3597 1886 3656 additurin

291 3682 495 3737 eodem
520 3682 859 3752 apograplto.
886 3681 1084 3752 Incipit
1112 3702 1126 3737 :
1153 3683 1256 3736 Τδν
1279 3681 1592 3755 Θαυμαστὸν
1632 3689 1887 3760 Ἀνδρέαν

294 3776 395 3829 τὸν
426 3776 831 3848 στρατηλάτην.
861 3775 1161 3831 Mirabilem
1189 3776 1457 3832 Andream
1488 3784 1746 3838 exercitus
1782 3787 1886 3839 du-

286 3884 432 3930 .cem,
464 3876 570 3924 etc.

371 3981 422 4035 7.
467 3979 735 4036 Baronius
762 3998 909 4037 anno
960 3983 1163 4041 Christi
1222 3987 1322 4043 301
1358 3990 1739 4045 collectionem
1795 3991 1881 4045 hi-

296 4072 553 4127 storicam
592 4072 855 4129 Actorum
904 4076 1142 4132 intexuit
1172 4095 1188 4133 :
1218 4094 1341 4149 quae
1370 4083 1615 4152 quidem,
1650 4084 1728 4137 ait
1773 4084 1881 4139 ibi-

288 4166 421 4219 dem
457 4180 609 4220 num.
642 4166 697 4232 5,
727 4182 989 4235 germana
1024 4181 1350 4226 noscuntur.
1406 4178 1495 4240 At,
1542 4175 1688 4229 bona
1736 4177 1879 4230 emi-

291 4255 611 4310 nentissimi
649 4258 950 4313 cardinalis
982 4263 1164 4327 venia,
1191 4276 1300 4315 nou
1350 4278 1536 4331 pauca:
1580 4276 1879 4323 occurrunt

288 4348 663 4409 didicultates,
706 4349 1421 4427 qutegillisincommodant.
1491 4354 1627 4410 Nam
1674 4358 1873 4427 primo,

293 4454 359 4494 ea
392 4455 502 4494 non
554 4455 681 4495 esse
733 4425 954 4498 exarata
994 4460 1024 4499 a
1065 4446 1333 4516 scriptore
1387 4461 1868 4523 contemporaneo,

2000 1980 2106 2019 vus
2123 1975 2185 2020 et
2218 1978 2426 2038 martyr
2445 1969 2693 2023 Andreas
2718 2008 2757 2024 ..
2794 1969 2891 2024 ilic
2917 2008 2933 2024 .
2961 2009 2974 2021 .
2994 1970 3123 2023 .lesu
3160 1968 3362 2023 Christi
3428 1982 3589 2036 opem

2002 2072 2296 2116 assecutus
2325 2066 2737 2119 adversantium
2768 2067 3035 2119 bellorum
3052 2065 3241 2119 hostes
3266 2065 3586 2134 superabat,

2003 2162 2058 2207 et
2088 2155 2275 2208 multis
2307 2159 2542 2227 egregiis
2589 2175 2654 2215 ac
2686 2162 2929 2215 strenuis
2957 2160 3292 2215 facinoribus
3350 2158 3590 2213 excelle-

2005 2246 2119 2301 bat.
2156 2248 2307 2304 Bello
2336 2261 2521 2309 autem
2552 2262 2743 2307 contra
2771 2253 2971 2309 Persas
3005 2255 3106 2324 ipsi
3142 2254 3458 2317 commissO.
3492 2265 3591 2307 003

1998 2338 2170 2403 solos,
2207 2344 2347 2409 quos
2393 2343 2685 2398 manifeste
2743 2345 2986 2399 cmlestts
3041 2346 3208 2416 gratia
3240 2346 3288 2399 ei
3337 2347 3593 2415 designa-

2005 2431 2102 2495 vit,
2133 2446 2317 2487 secum
2355 2435 2583 2497 habens,
2618 2438 2888 2505 oppositis
2920 2438 3170 2491 hostibus
3204 2437 3453 2507 prmlium
3505 2437 3591 2490 in-

2003 2524 2145 2578 tulit.
2178 2524 2298 2579 Jam
2337 2541 2469 2581 vero
2503 2544 2627 2582 cum
2656 2538 2803 2584 esset
2830 2545 3225 2600 congressurus
3258 2545 3385 2584 cum
3423 2528 3593 2584 hosti-

2000 2616 2124 2682 bus,
2162 2631 2351 2671 eorum
2372 2620 2648 2690 ingentem
2673 2621 3078 2697 multitudinem
3102 2621 3302 2676 divina:
3328 2622 3593 2692 cognitio-

1999 2706 2085 2760 nis
2113 2722 2497 2777 argumentum
2535 2712 2649 2765 suis
2684 2711 2949 2765 militibus
2983 2711 3266 2781 proposuit
3297 2714 3588 2767 :nondum

1999 2799 2148 2852 enim
2176 2801 2381 2856 Christi
2438 2802 2529 2858 Dei
2571 2804 2748 2858 nostri
2800 2804 2905 2859 ﬁde
2954 2805 3142 2859 donati
3188 2806 3405 2859 fuerant
3443 2844 3459 2869 ,
3491 2806 3586 2876 qui

1998 2891 2266 2947 illustrem
2297 2895 2365 2949 de
2403 2894 2656 2950 hosribus
2683 2896 2812 2965 ipsis
2841 2898 3126 2952 victoriam
3156 2899 3579 2968 deportarunt.)

1998 2984 2266 3055 Sequitur
2302 2997 2492 3057 postea
2524 2988 2580 3043 S.
2603 2991 2839 3045 Andreae
2873 2990 3169 3053 confessio,
3206 2993 3486 3047 cruciatus
3527 2992 3586 3046 in

1996 3076 2165 3148 ignito
2203 3082 2346 3132 lecto
2388 3094 2561 3145 aeneo,
2616 3082 2887 3137 sociorum
2949 3083 3184 3136 militum
3215 3084 3540 3153 supplicium
3564 3124 3582 3151 ,

2000 3179 2089 3224 etc
2110 3211 2123 3224 .
2142 3211 2157 3237 ,
2187 3171 2389 3241 quibus
2413 3174 2640 3228 tandem
2676 3188 2801 3228 cum
2844 3174 3023 3244 ipsius
3050 3184 3164 3229 tum
3184 3177 3418 3230 militum
3446 3176 3584 3230 sub~

2001 3263 2151 3317 ditur
2173 3264 2499 3333 baptisruus,
2533 3280 2696 3335 quem
2717 3267 2982 3321 dicuntur
3001 3268 3314 3336 suscepisse
3356 3284 3387 3322 a
3415 3267 3581 3324 Petro

1999 3355 2149 3409 urbis
2191 3355 2478 3411 Tarsensis
2536 3360 2815 3428 episcopo,
2860 3370 3147 3429 postquam
3185 3375 3253 3415 eo
3296 3362 3436 3415 clam
3464 3361 3584 3416 dis-

1994 3444 2313 3501 cessissent.
2352 3446 2461 3501 Nos
2485 3448 2705 3503 interim
2752 3465 2818 3504 ex
2842 3450 3007 3505 dictis
3071 3452 3474 3515 concludimus,
3520 3451 3579 3506 in

1994 3536 2308 3608 bujusmodi
2338 3540 2603 3595 Actorum
2631 3542 2858 3598 historia
2894 3560 3002 3598 non
3038 3555 3149 3599 tam
3181 3547 3430 3601 relucere
3461 3547 3578 3600 sin-

1991 3645 2175 3684 ceram
2227 3633 2622 3699 narrationem,
2682 3650 2846 3704 quam
2891 3634 3125 3691 Graeculi
3166 3638 3574 3705 scribillatoris,

1988 3722 2469 3792 quisquisdetnum
2504 3719 2593 3780 illé
2615 3726 2797 3792 fuerit,
2818 3729 3269 3798 compositionem
3301 3748 3317 3785 :
3354 3731 3406 3786 id
3424 3734 3571 3802 quod

1976 3816 2404 3872 'conl‘trmabitur
2434 3824 2500 3873 ex
2529 3820 2648 3875 aliis
2673 3822 3002 3890 quibusdam
3029 3824 3418 3899 incommodis,
3447 3841 3572 3893 quas

1972 3906 2216 3961 inferius
2245 3919 2645 3978 proponentur.
2685 3911 2819 3967 Vide
2853 3914 3146 3969 Adnotata.

2055 3999 2108 4053 9.
2135 3998 2742 4058 Numerussanctorum
2783 4016 3082 4078 martyrum
3151 4023 3262 4063 non
3338 4011 3573 4080 ponitur

1972 4089 2177 4143 eodem
2230 4091 2395 4145 modo
2430 4092 2574 4161 apud
2623 4092 2842 4149 Grazcos
2872 4111 2938 4150 ac
2986 4098 3224 4154 latinos.
3258 4098 3324 4154 Hi
3364 4103 3569 4174 quippe

1981 4182 2255 4236 exstitisse
2281 4182 2404 4237 illos
2450 4196 2757 4240 memorant
2790 4188 2874 4241 his
2927 4190 3072 4244 mille
3104 4191 3433 4263 quingentos
3463 4211 3569 4250 no-

1980 4271 2203 4341 naginta
2236 4284 2468 4343 septem,
2509 4290 2576 4330 ex
2614 4279 2912 4345 praemissis
2939 4296 3101 4350 supra
3132 4297 3290 4340 num.
3329 4287 3384 4349 5,
3425 4285 3568 4341 Mar-

1979 4366 2301 4436 tyrologium
2365 4365 2672 4422 Romanum
2730 4387 2840 4425 non
2873 4374 3050 4444 signat
3107 4391 3449 4434 numerum:
3508 4380 3565 4435 in

1978 4458 2135 4527 cujus
2165 4460 2622 4515 determinatione
2685 4462 2833 4518 Fasti
2879 4465 3077 4529 Graeci,
3132 4483 3293 4524 num.
3334 4474 3355 4525 l
3413 4472 3566 4528 citati

288 4531 425 4589 illud
454 4542 542 4589 est
584 4534 812 4601 indicio,
840 4537 986 4604 quod
1016 4536 1072 4592 in
1105 4539 1377 4610 principio
1405 4542 1623 4598 illorum
1673 4546 1865 4601 dicatr-
1899 4548 1946 4604 D
1978 4548 2092 4602 fere
2123 4564 2248 4603 cum
2272 4550 2481 4606 Latinis
2510 4554 2750 4623 antiquis
2774 4559 3148 4613 consentiunt.
3185 4561 3319 4617 Acta
3350 4563 3563 4620 nullum

293 4633 384 4680 tur
404 4626 540 4680 ista:
580 4644 599 4676 ι
627 4626 946 4682 Persecutio
982 4631 1229 4698 quagdam
1260 4646 1455 4704 magna
1491 4646 1682 4691 contra
1710 4639 1867 4693 Chri-

296 4718 507 4772 stianos
544 4730 817 4774 commota
852 4729 939 4776 est
962 4761 976 4776 .
1012 4723 1135 4777 Erat
1174 4733 1419 4795 tempore.
1446 4728 1538 4783 illo
1562 4730 1872 4790 Antiochus

289 4811 532 4880 quidam.
580 4830 601 4863 ι
659 4810 730 4866 Et
761 4811 1030 4869 inferius:
1077 4805 1118 4866 ἰ
1151 4815 1554 4889 Celeberrimus
1599 4833 1810 4896 martyr
1844 4846 1864 4879 ι

285 4915 516 4959 vocatur
548 4902 810 4960 Sanctus.
852 4906 1044 4961 Postea
1078 4923 1211 4963 vero
1255 4914 1553 4981 sequitur:
1610 4934 1628 4968 ι
1670 4912 1867 4974 Statim

288 5004 495 5061 autem,
540 4998 1001 5067 quemadmodum
1033 5011 1258 5057 sanctus
1314 5017 1525 5077 martyr
1609 5012 1867 5079 precibus

287 5089 407 5144 suis
439 5091 835 5158 postulaverat,
862 5088 1019 5146 locus
1049 5094 1103 5146 in
1141 5107 1304 5162 quem
1355 5101 1703 5154 venerandus
1743 5108 1869 5157 san-

287 5179 531 5250 guisllle
570 5188 869 5248 martyrum
917 5179 1239 5251 deﬂuxerat,
1287 5185 1412 5240 fons
1467 5188 1692 5257 quidam
1734 5190 1870 5244 εσθ-

283 5282 412 5329 ctus
459 5279 564 5339 est,
619 5273 1039 5343 omnigenarum
1087 5279 1514 5346 aegrotationum
1571 5283 1865 5341 sanitatem

268 5364 541 5429 auferens,
576 5365 671 5436 qui
712 5363 838 5422 fons
884 5365 952 5421 ad
989 5367 1316 5425 hodiernum
1354 5386 1528 5443 usque
1547 5375 1693 5430 diem
1741 5394 1863 5450 gra-

283 5458 373 5514 tiis
402 5458 701 5515 redundat.
741 5477 762 5512 ›
788 5460 874 5515 An
906 5459 998 5515 illa
1015 5464 1242 5519 'auctori
1307 5467 1621 5539 synchrono
1658 5486 1861 5530 conve-

270 5551 495 5607 ‘niuut‘!
522 5551 800 5619 Secundo,
858 5554 1037 5611 oratio
1074 5553 1133 5611 Β.
1176 5555 1428 5624 Andreae,
1472 5561 1528 5616 in
1558 5579 1666 5633 qua
1684 5566 1858 5622 dicit:

284 5658 310 5694 ο
343 5640 574 5698 Domine
604 5642 781 5699 Deus.
810 5682 826 5698 .
875 5647 1062 5718 accipe
1092 5648 1198 5704 mei
1224 5653 1531 5720 peccatoris
1550 5692 1566 5710 .
1587 5695 1602 5711 .
1643 5672 1858 5728 preces,

268 5742 576 5805 eorumque
603 5736 850 5793 omnium
890 5739 986 5808 qui
1019 5756 1236 5799 mecum
1281 5754 1413 5801 sunt
1448 5786 1465 5804 .
1488 5789 1504 5806 .
1565 5751 1857 5809 omnibus-

275 5836 386 5885 que
427 5823 515 5881 his
541 5825 636 5894 qui
656 5830 1000 5919 necessitatis
1032 5843 1277 5907 tempore
1306 5850 1512 5912 nostra,
1536 5845 1643 5919 qui.
1665 5861 1858 5906 sumus

1979 4641 2197 4711 quidem
2225 4645 2388 4698 etiam
2418 4661 2703 4701 numerum
2757 4649 3159 4706 determinant:
3185 4656 3279 4708 sed
3335 4672 3565 4727 magnus

1960 4734 2141 4791 fuerit
2164 4752 2388 4792 necesse
2416 4750 2519 4803 est,
2544 4754 2669 4795 cum
2710 4740 2990 4809 ingentem
3063 4744 3353 4801 Persarum
3416 4750 3564 4804 mul-

1975 4829 2258 4883 titudinem
2301 4830 2606 4893 debellarit,
2642 4845 2697 4888 et
2757 4836 3059 4892 «Andreas
3108 4853 3231 4893 cum
3284 4849 3393 4895 tota
3461 4858 3563 4898 sua

1960 4919 2097 4973 Τοιιί
2115 4930 2170 4975 et
2203 4937 2233 4974 a
2252 4920 2364 4975 Deo
2391 4923 2559 4978 electa
2581 4924 2873 4996 phalange,
2911 4946 2930 4979 ι
2965 4929 3041 4982 uti
3072 4929 3375 4998 loquuntur
3394 4925 3558 4998 Acta,

1958 5014 2397 5083 ‘martyrium'sit
2426 5026 2758 5073 consecutus
2790 5034 2806 5086 ;
2840 5021 3089 5085 quamvis
3119 5039 3137 5071 ι
3175 5020 3326 5075 illum
3357 5022 3559 5077 milites

1970 5109 2061 5179 qui
2091 5122 2158 5163 ex
2191 5108 2258 5163 iis
2287 5111 2377 5180 qui
2409 5125 2534 5164 cum
2572 5113 2690 5181 ipso
2720 5112 2977 5167 fuerant:
3015 5115 3161 5182 apud
3218 5114 3557 5169 Antiochum

1968 5201 2308 5267 detulerunt,
2327 5203 2469 5272 quod
2503 5202 2673 5258 Deum
2709 5241 2747 5256 ..
2767 5205 3124 5260 conﬁteretur
3153 5216 3209 5260 et
3230 5208 3554 5273 celebraret,

1969 5293 2027 5349 in
2098 5310 2261 5352 cruce
2319 5296 2545 5352 sufﬁxus
2596 5297 2797 5353 fuerat.
2857 5316 2878 5352 ι
2944 5298 3143 5353 Verum
3216 5316 3326 5370 quo
3393 5311 3557 5371 pacto

1969 5398 2159 5445 tantus
2202 5392 2442 5446 colueret
2470 5405 2733 5445 numerus
2792 5406 2917 5446 cum
2942 5389 3200 5457 Eusebio,
3220 5393 3314 5462 qui
3370 5391 3555 5447 Eccle-

1965 5484 2194 5539 siasticre
2217 5483 2764 5540 HistoriazaValesio
2794 5485 2955 5539 edita:
3004 5483 3102 5540 lib.
3149 5500 3270 5548 νηί,
3318 5500 3441 5555 cap.
3494 5484 3550 5550 Δ,

1965 5590 2088 5648 pag.
2116 5579 2246 5644 296,
2271 5579 2387 5633 hare
2443 5578 2612 5633 refert
2645 5596 2660 5634 :
2697 5594 2718 5629 ι
2748 5577 3043 5648 Postquam
3073 5615 3110 5630 ..
3172 5579 3279 5632 dux
3319 5576 3550 5631 Romani

1963 5674 2239 5728 exercitus
2260 5673 2449 5728 nescio
2504 5674 2628 5745 quis
2687 5675 2953 5745 (intellige
3011 5673 3399 5730 Maximianum
3442 5674 3548 5729 Ga-

1963 5763 2183 5837 lerium)
2237 5764 2583 5821 Christianos
2639 5764 2844 5820 milites
2909 5765 3163 5835 persequi
3227 5779 3543 5837 aggressus,

1961 5870 2082 5921 eos,
2112 5856 2207 5925 qui
2238 5857 2293 5911 in
2323 5856 2571 5914 exercitu
2622 5857 2927 5924 merchant,
2988 5857 3225 5912 lustrare
3288 5855 3544 5927 cmpisset
