3996 6440
392 371 499 435 593

1679 377 1860 441 VITA
1902 378 1963 439 S.
2006 376 2369 439 ANDREE‘.

3544 376 3675 442 ωε»

382 503 448 542 ac
511 501 826 552 recensere,
883 487 961 544 et'
1007 488 1339 547 Christianis
1405 491 1636 547 liberant
1724 494 1960 567 eligendi
1992 501 2038 557 Α
2065 509 2271 549 annum
2286 493 2491 550 Christi
2518 494 2644 559 501,
2669 509 2824 550 num.
2855 494 3333 558 l,Diocletianum
3359 496 3657 567 imperato-

381 587 714 649 potestatem
770 579 1013 646 fecisset,
1067 591 1129 637 ut
1188 582 1273 637 vel
1320 584 1713 653 imperatorum
1792 588 1965 656 jussis

378 667 828 739 obtemperantes
862 672 1084 729 honoris
1101 673 1183 728 sui
1216 676 1442 743 gradum
1497 680 1801 733 retinerent
1830 719 1843 742 ,
1878 678 1965 733 vel

376 766 426 821 ei
459 781 652 835 parere
682 767 908 829 nollent,
933 767 1141 821 honore
1162 769 1368 824 militiae
1399 770 1738 825 nudarentur
1769 789 1782 836 ;
1810 774 1964 825 corn-

380 858 570 927 plures
602 858 752 927 regni
794 858 923 913 Jesu
980 859 1177 914 Christi
1239 862 1460 926 milites,
1519 863 1760 917 nominis
1819 864 1965 918 illius

377 948 780 1003 confessionem
812 952 1061 1006 saeculari
1090 954 1276 1021 glnrite
1303 968 1367 1007 ac
1396 954 1661 1017 felicitati,
1682 971 1788 1023 qua
1817 955 1965 1012 frue-

379 1042 602 1101 bantur.
639 1043 845 1111 absque
881 1044 986 1096 ulla
1033 1036 1388 1100 cunctatione
1444 1048 1822 1115 praetulerunt.
1884 1051 1963 1104 Ex

378 1134 580 1203 quibus
629 1136 787 1203 pauci
847 1136 1137 1189 admodum
1160 1137 1238 1207 (in
1267 1137 1458 1193 Graeco
1480 1148 1563 1192 est
1594 1135 1677 1203 εἷς
1704 1157 1807 1193 που
1863 1143 1960 1196 καὶ

400 1226 677 1294 δεύτερος.
705 1228 759 1281 id
787 1236 888 1291 est,
922 1245 1062 1282 unus
1081 1238 1136 1283 et
1162 1232 1337 1299 alter)
1377 1220 1483 1284 non
1510 1221 1673 1287 modo
1723 1233 1963 1303 dignita-

378 1325 515 1380 tem,
550 1333 735 1372 verum
767 1320 933 1373 etiam
971 1321 1133 1373 vitam
1167 1321 1419 1376 amittere
1483 1332 1587 1391 pro‘
1638 1323 1963 1379 defensione

374 1409 604 1478 pictatis
630 1412 1046 1465 sustinuerunt:
1078 1427 1202 1466 cum
1237 1413 1284 1466 is
1315 1413 1409 1482 qui
1473 1415 1721 1486 religioni
1762 1425 1963 1470 nostra)

377 1501 627 1554 struebat
662 1502 910 1565 insidias,
944 1518 1108 1572 parce
1140 1504 1319 1558 adhuc
1342 1513 1397 1559 et
1466 1520 1594 1560 raro
1641 1509 1962 1578 Sanguinem

375 1594 740 1661 quorumdam
774 1594 1012 1649 fundere
1059 1596 1306 1650 auderet.
1339 1598 1542 1651 Verum
1592 1599 1682 1653 ubi
1711 1600 1963 1667 apertius

374 1698 438 1739 se
466 1684 535 1737 ad
570 1685 770 1738 bellum
834 1686 1097 1751 accinxit,
1149 1686 1257 1740 dici
1315 1702 1426 1741 non
1484 1695 1686 1757 potest,
1728 1698 1861 1758 quot
1910 1699 1964 1744 et

374 1785 615 1845 quantos
641 1775 847 1831 Christi
877 1787 1148 1847 martyres
1203 1780 1258 1832 in
1301 1780 1563 1834 omnibus
1626 1780 1762 1834 locis
1798 1790 1962 1847 atque

377 1870 609 1924 urbibus
640 1871 842 1939 passim
906 1884 1139 1925 cernere
1179 1872 1416 1937 licuerit,
1458 1891 1475 1923 ι
1505 1881 1630 1942 post
1692 1872 1963 1927 famosum

377 1964 635 2020 videlicet
665 1965 1131 2021 edictum'contra
1162 1967 1425 2022 ecclesias
1485 1969 1826 2037 propositum
1872 1967 1964 2021 Ni-

374 2058 659 2117 comedite.
685 2058 754 2111 de
785 2073 895 2127 quo
955 2074 1073 2127 eap.
1110 2058 1142 2114 5
1175 2060 1424 2114 meminit
1479 2061 1624 2115 idem
1672 2060 1961 2117 Eusebius.

447 2152 538 2205 10.
592 2150 651 2204 Si
704 2151 890 2219 itaque
937 2153 1181 2222 pugilum
1252 2163 1572 2208 nostrorum
1646 2155 1962 2225 martyrium

374 2240 599 2296 dillerre
654 2242 843 2298 liceret
922 2252 1086 2312 atque
1160 2243 1228 2297 ad
1293 2243 1441 2296 illam
1526 2242 1964 2297 crudelissimam

375 2332 961 2403 persecutionem,qua
989 2335 1043 2387 in
1079 2348 1241 2387 omne
1286 2349 1461 2405 genus
1483 2335 1765 2389 hominum
1816 2353 1845 2389 a
1883 2344 1966 2405 ty-

376 2420 571 2471 rannis
595 2420 846 2473 saevitum
874 2432 980 2485 est,
1009 2430 1188 2475 textus
1217 2422 1433 2476 Eusebii
1460 2437 1573 2477 non
1589 2433 1803 2478 crearet
1824 2423 1966 2479 ditii-

375 2505 636 2559 cultatem
663 2523 678 2570 ;
710 2508 807 2561 sed
836 2524 962 2563 cum
983 2525 1051 2563 eo
1081 2525 1254 2579 usque
1274 2526 1384 2565 non
1413 2512 1663 2567 videatur
1703 2513 1968 2568 differen-

376 2595 531 2660 dum,
567 2599 763 2653 saltem
832 2602 1142 2655 secundum
1170 2604 1326 2667 Acta,
1386 2613 1550 2673 prout
1580 2605 1834 2661 videlicet
1899 2621 1964 2662 ea

377 2702 526 2740 eunc
562 2698 786 2743 exstant
819 2708 833 2756 ;
860 2692 1302 2752 nonvideamus.
1325 2709 1435 2763 quo
1465 2707 1624 2764 pacto
1653 2695 1788 2751 satis
1811 2711 1964 2751 com-

378 2779 539 2833 mode
561 2780 631 2834 ad
659 2782 821 2834 verba
842 2783 1068 2837 Eusebii
1110 2785 1430 2855 responderi
1462 2797 1652 2856 queat.
1693 2787 1965 2852 Diximus,

378 2874 569 2925 saltem
601 2876 906 2928 secundum
930 2876 1064 2931 Acta
1094 2884 1227 2941 etc.,
1257 2893 1378 2947 quae
1417 2879 1476 2934 S.
1523 2878 1755 2934 Andreae.
1777 2896 1841 2935 ac
1871 2896 1964 2935 so-

374 2961 586 3016 ciorum
650 2964 884 3018 militum
938 2966 1144 3021 caedem
1200 2977 1427 3023 narrant
1517 2969 1781 3025 accidisse
1841 2980 1971 3050 post

376 3051 595 3111 bellum,
615 3051 895 3111 Persicum
931 3073 945 3122 ;
1004 3058 1419 3114 circumstantia
1450 3076 1580 3116 vero
1611 3061 1698 3114 illa
1726 3060 1964 3117 fortasse

378 3142 588 3212 adjecta
615 3144 718 3199 fuit
754 3162 785 3199 a
826 3162 937 3202 non
966 3149 1101 3204 satis
1130 3159 1289 3207 cauto
1314 3161 1642 3207 exornatore
1671 3151 1957 3217 Actorum,

378 3250 499 3304 quae
523 3236 746 3292 aliunde
783 3255 893 3295 non
933 3250 1061 3296 snnt
1093 3257 1300 3313 magna:
1329 3246 1623 3299 admodum
1665 3216 1961 3303 auctoritas
1988 3216 2034 3274 ϐ

380 3327 467 3384 tis.
522 3332 803 3401 Quidquid
856 3334 951 3399 sit,
1020 3351 1121 3390 nos
1182 3336 1454 3406 ingentem
1492 3337 1643 3394 illum
1690 3341 1961 3395 sociorum

378 3430 675 3491 martyrum
708 3438 1020 3489 numerum,
1058 3426 1112 3478 in
1144 3425 1350 3481 Graecis
1382 3429 1585 3497 pariter
1630 3445 1696 3485 ac
1753 3429 1963 3485 Latinis

378 3510 554 3568 Fastis
614 3516 1021 3586 consignatum,
1070 3514 1433 3589 relinquimus
1460 3518 1520 3575 in
1592 3523 1813 3593 antiqua
1867 3538 1964 3579 sua

379 3610 749 3678 possessione,
782 3614 853 3666 ita
882 3624 1061 3667 tamen
1090 3625 1168 3675 ut,
1192 3614 1632 3688 Martyrol0gium
1654 3617 1964 3676 Romanum

378 3702 575 3764 secuti,
609 3717 734 3756 eum
801 3704 854 3757 in
902 3705 1064 3759 titulo
1122 3716 1253 3761 ante
1285 3706 1432 3762 hunc
1464 3708 1962 3781 'Comnientarium

380 3806 630 3848 nostrum
663 3810 771 3849 non
802 3797 1375 3853 determinaverinius.
1423 3798 1579 3857 Nunc
1642 3818 1672 3857 a
1734 3818 1967 3859 numero

382 3895 683 3957 martyrum
717 3904 1005 3958 pergamus
1038 3891 1106 3945 ad
1144 3900 1361 3959 tempus
1395 3893 1660 3963 martyrii.

1106 3981 1133 4053 ς
1161 3983 1228 4037 ιι.

745 4073 970 4142 Tempus
1009 4076 1264 4145 martyrii
1301 4092 1609 4146 expensum.

462 4181 480 4214 ο
516 4165 774 4227 Cursum,
808 4165 1063 4235 inquiunt
1094 4168 1248 4234 Acta,
1302 4172 1542 4242 martyrii
1574 4173 1657 4226 sui
1712 4174 1970 4230 beatissi-

381 4268 507 4312 mus
536 4254 785 4308 Andreas
815 4270 939 4308 cum
964 4264 1075 4309 tota
1124 4273 1220 4311 sua
1278 4257 1406 4313 forti
1439 4270 1494 4315 et
1556 4277 1586 4315 a
1623 4263 1733 4317 Deo
1794 4266 1968 4321 electa

382 4343 656 4429 phalange
679 4344 907 4430 perfecit
939 4346 1154 4402 decimo
1181 4365 1328 4404 nono
1352 4351 1440 4405 die
1473 4354 1679 4408 mensis
1703 4353 1961 4424 Augusti,

382 4435 472 4490 die
504 4435 808 4491 Dnminico.
847 4455 866 4488 ι
900 4436 1101 4491 Littera
1154 4438 1219 4500 G,
1252 4454 1372 4509 qua:
1415 4441 1501 4494 hic
1535 4452 1620 4496 est
1661 4443 1839 4498 littera
1860 4445 1966 4499 diei

2074 600 2188 641 rem
2221 602 2343 641 cum
2371 601 2472 641 suo
2503 586 2709 657 collega
2737 584 3066 642 Maximiano
3096 597 3228 644 tunc
3287 586 3657 657 triumphasse

2068 681 2136 734 de
2176 677 2359 733 Persis
2421 676 2653 731 allirmat
2687 692 2703 742 ;
2736 685 2791 732 et
2844 677 3044 733 ibidem
3108 693 3260 732 num.
3308 679 3364 733 9..
3405 695 3424 729 ε
3466 676 3657 743 Porro,

2068 768 2166 832 ait,
2204 766 2401 822 enituit
2428 756 2483 821 in
2511 754 2659 822 bello
2686 756 2925 824 Persico
2955 758 3159 824 eximia
3195 771 3369 825 virtus
3424 769 3661 824 Andrea

2072 859 2281 914 tribuni
2315 858 2576 925 militum,
2616 876 2635 909 ι
2666 868 2775 912 etc.

2142 994 2225 1048 ll.
2258 993 2363 1048 Sed
2386 993 2581 1064 Pagius
2621 994 2686 1048 ad
2716 993 2919 1048 dictum
2952 1010 3182 1058 annum,
3226 1010 3381 1049 num.
3411 994 3467 1060 2,
3504 995 3653 1050 illum

2068 1087 2406 1156 triumphum
2455 1087 2791 1141 Celebratum
2831 1087 3066 1140 affirmat
3103 1106 3121 1137 ‹
3155 1103 3301 1142 anno
3351 1087 3459 1142 505
3499 1107 3519 1140 ι
3545 1103 3656 1158 quo

2060 1164 2385 1233 Lactantius
2405 1178 2503 1232 lib.
2544 1177 2619 1232 De
2648 1178 2899 1232 mortibus
2926 1189 3340 1247 persecutorum,
3399 1194 3519 1250 cap.
3560 1178 3655 1243 l7,

2064 1270 2460 1324 Diocletianum
2492 1270 2681 1325 Roma:
2706 1271 3023 1325 Vicennalia
3094 1270 3404 1326 celebrasse
3463 1270 3653 1326 tradit.

2064 1358 2201 1413 Nam
2239 1376 2363 1414 cum
2391 1361 2703 1430 triumphus
2744 1360 2833 1415 ille
2889 1359 3077 1415 Romae
3123 1361 3405 1417 exhibitus
3463 1360 3653 1426 fuerit,

2066 1462 2122 1505 ut
2157 1451 2426 1506 Eusebius
2453 1452 2505 1506 in
2543 1451 2841 1517 Chronico,
2877 1452 3173 1522 Eutropius
3206 1463 3259 1508 et
3292 1454 3658 1509 Cassiodorus

2066 1553 2357 1610 testantur,
2432 1553 2487 1598 et
2555 1553 2685 1599 ante
2735 1560 2940 1599 annum
2992 1545 3098 1598 505
3154 1554 3276 1616 post
3371 1544 3655 1600 victoriam

2065 1633 2337 1689 Persicam
2367 1634 2735 1689 Diocletianus
2766 1634 2954 1689 Roma:
2979 1651 3087 1690 non
3148 1635 3336 1701 fuerit,
3389 1635 3560 1704 liquet
3590 1650 3657 1690 eo

2065 1741 2212 1779 anno
2243 1727 2582 1796 triumphum
2606 1729 2751 1784 hunc
2772 1739 2953 1783 actum
2985 1744 3127 1784 esse.
3162 1728 3433 1785 Praeterea
3463 1731 3657 1784 trium-

1992 1866 2035 1919 υ
2068 1818 2208 1886 phes
2240 1833 2366 1872 cum
2402 1818 2790 1875 Vicennalibus
2814 1828 2869 1875 et
2908 1821 2961 1875 id
2992 1837 3167 1891 genus
3193 1821 3351 1875 festis
3409 1824 3478 1877 de
3506 1836 3659 1876 more

2067 1908 2336 1963 exhibitas
2354 1908 2540 1971 fuisse.
2560 1925 2813 1982 saepeque
2832 1911 3027 1965 dilatas
3046 1927 3157 1965 non
3174 1912 3345 1966 semel
3362 1912 3657 1969 insinuavi.

2065 1997 2246 2064 Quare
2276 2000 2403 2055 licet
2433 2017 2535 2072 pax
2585 2003 2729 2057 inter
2779 2001 3054 2057 Romanos
3100 2013 3155 2058 et
3179 2001 3374 2058 Persas
3433 2003 3545 2072 jam
3588 2003 3659 2059 ab

2064 2083 2214 2145 anno
2240 2091 2607 2160 297:3ancita
2690 2092 2904 2160 fuisset,
2970 2104 3150 2149 tamen
3224 2093 3537 2165 triumphus
3588 2097 3658 2149 de

2068 2180 2250 2238 Persis
2283 2198 2430 2239 anno
2453 2194 2663 2240 tantum
2696 2188 2801 2242 505
2829 2196 3006 2241 actus.
3035 2187 3123 2253 Et,
3160 2188 3443 2242 nonnullis
3480 2188 3654 2243 inter-

2063 2272 2250 2340 jectis,
2314 2278 2380 2329 ad
2441 2276 2568 2329 anni
2627 2275 2725 2331 501
2780 2292 3070 2331 numerum
3127 2276 3659 2347 2,quoseflaronio

2068 2364 2325 2429 vitabam,
2378 2376 2434 2419 et
2486 2356 2641 2435 seqq.
2698 2367 2954 2421 observat
3013 2369 3152 2422 ista:
3183 2387 3201 2419 ι
3244 2367 3654 2423 Diocletianus"

2066 2454 2280 2507 nullum
2319 2454 2425 2509 hoc
2454 2470 2601 2508 anno
2668 2456 2737 2511 de
2796 2460 3179 2526 persecutione
3218 2457 3654 2513 Christianorum

2072 2545 2440 2615 promulgavit
2468 2546 2731 2614 edictum,
2758 2548 2852 2603 sed
2886 2558 3096 2603 tantum
3126 2549 3179 2602 in
3246 2550 3449 2603 milites
3496 2550 3656 2604 saevi-
3727 2588 3743 2605 .

2072 2648 2211 2692 tum.
2242 2628 2747 2711 Quare'martyres,
2809 2640 2877 2695 de
2928 2642 3130 2710 quibus
3180 2641 3469 2702 Barunius,
3527 2650 3656 2695 ante

2068 2746 2271 2785 annum
2327 2732 2431 2788 505
2484 2733 2629 2803 passi
2687 2749 2798 2789 non
2848 2742 2998 2790 sunt.
3038 2752 3055 2784 ι
3089 2733 3192 2786 Alii
3252 2744 3521 2803 martyres
3566 2734 3655 2789 isti

2069 2823 2176 2877 huc
2206 2839 2315 2878 non
2340 2834 2609 2894 spectant,
2636 2826 2731 2881 sed
2768 2825 2828 2879 L.
2861 2824 3112 2880 Andreas
3143 2841 3264 2879 cum
3329 2826 3442 2879 Suis
3508 2823 3656 2880 mili-

2068 2916 2235 2976 tibus,
2267 2931 2501 2984 quorum
2531 2915 2853 2987 martyrium
2882 2929 2946 2970 ex
2968 2916 3078 2985 jam
3119 2914 3279 2969 dictis
3339 2912 3481 2983 apud
3551 2910 3659 2968 Ba-

2066 3009 2309 3075 ronium,
2340 3024 2405 3063 ac
2436 3009 2687 3064 criticum
2737 3008 2881 3078 ejus,
2942 3018 3386 3063 consummatum
3416 3007 3488 3062 sit
3514 3021 3659 3061 anno

2065 3100 2189 3155 30L

2138 3236 2224 3289 12.
2264 3235 2372 3290 Sed
2394 3251 2503 3305 quo
2532 3235 2716 3291 minus
2738 3251 2928 3291 eorum
2978 3235 3379 3306 adstipnlemur
3437 3245 3667 3293 semen»

2067 3327 2175 3386 the,
2199 3326 2456 3381 obstatl°
2485 3342 2500 3380 ε
2531 3325 2641 3381 Pax
2671 3327 2816 3381 inter
2841 3326 3119 3383 Romanos
3149 3338 3205 3384 et
3241 3329 3435 3385 Persas
3453 3330 3565 3398 jam
3588 3333 3657 3387 ab

2066 3435 2213 3473 anno
2234 3418 2338 3474 297
2366 3418 2578 3473 sancita
2599 3419 2801 3485 fuerat,
2838 3424 2917 3475 uti
2941 3421 3104 3475 modo
3134 3420 3410 3476 fatebatur
3438 3421 3663 3493 Pagius,

2040 3514 2248 3570 'Persis
2310 3517 2567 3572 videlicet
2594 3531 2626 3571 a
2679 3515 2897 3573 Galerio
2950 3517 3169 3574 Caesare
3208 3527 3341 3575 tunc
3374 3519 3553 3585 victis,
3589 3535 3663 3577 ex

2066 3609 2519 3665 eodem'auctore
2548 3608 2616 3663 ad
2637 3609 2803 3663 istum
2844 3623 3052 3664 annum
3106 3625 3263 3665 num.
3317 3611 3350 3665 ti
3377 3620 3434 3666 et
3464 3610 3516 3665 7.
3547 3609 3660 3668 Cur

2068 3719 2199 3774 ergo
2219 3712 2534 3758 sanctorum
2563 3711 2879 3757 nostrorum
2905 3702 3141 3757 militum
3172 3703 3492 3774 martyrium
3545 3704 3647 3760 dif-

2070 3795 2199 3851 ferri
2230 3796 2427 3850 debeat
2452 3795 2521 3851 ad
2577 3810 2782 3849 annum
2836 3794 3039 3851 Christi
3092 3795 3247 3850 501?
3297 3795 3412 3851 Cur
3465 3795 3658 3867 Pagius

2070 3889 2369 3945 secundum
2436 3904 2533 3944 sua
2590 3888 2861 3958 principia
2920 3888 3052 3943 illud
3114 3903 3224 3943 non
3274 3889 3430 3959 ponit
3474 3889 3661 3953 citius,

2071 3997 2194 4036 cum
2229 3997 2373 4035 anno
2395 3982 2502 4037 298
2530 3982 2766 4035 militum
2832 3982 3278 4052 persecutionem
3327 3981 3529 4052 alligat,
3577 3982 3664 4038 di-

2070 4090 2202 4130 cens
2225 4078 2293 4128 ad
2317 4074 2575 4127 eumdem
2598 4089 2803 4127 annum
2833 4088 2989 4127 num.
3016 4072 3085 4127 2:
3126 4090 3145 4123 ‹
3212 4072 3531 4127 Persecutio
3563 4072 3663 4127 ad.

2073 4183 2264 4223 versus
2298 4168 2500 4221 milites
2535 4167 2637 4219 hoc
2672 4180 2820 4220 anno
2851 4166 3131 4231 inchoata,
3197 4174 3257 4219 ut
3296 4176 3447 4221 recte
3499 4165 3665 4223 Pros-

2073 4278 2174 4332 per
2196 4263 2251 4314 in
2284 4260 2577 4315 Chronico.
2601 4258 2756 4315 Sicut
2785 4259 2952 4329 igitur
2966 4259 3277 4330 persecutio
3311 4258 3583 4331 generalis
3606 4257 3663 4314 in

2075 4353 2210 4422 ipsis
2235 4352 2520 4420 utriusque
2557 4351 2783 4420 Augusti
2809 4354 3013 4421 (sermo
3050 4350 3227 4405 estde
3251 4347 3591 4405 Diocletiano
3610 4358 3666 4405 et

2075 4442 2404 4496 Maximiano
2432 4440 2707 4506 Herculio)
2738 4440 3128 4495 Vicennalibus
3195 4442 3399 4508 C(Bpil;
3467 4439 3549 4494 sic
3608 4446 3670 4494 et

383 4523 453 4579 19
474 4527 724 4596 Augusti,
757 4542 864 4580 non
895 4526 1175 4582 invenitur
1201 4539 1456 4600 tanquam
1490 4532 1666 4587 littera
1727 4535 1973 4589 Domini-
2000 4568 2056 4627 Β
2080 4534 2198 4603 ejus
2216 4534 2462 4602 qumdam
2518 4533 2760 4586 velitatio
2801 4532 2856 4585 in
2913 4531 3201 4599 utriusque
3249 4529 3670 4596 Quindecenna—

383 4619 520 4673 calis
550 4618 758 4687 signata
804 4620 869 4674 ad
923 4629 1171 4674 nostrum
1231 4623 1594 4693 propositum,
1649 4626 1754 4681 nisi
1823 4643 1971 4682 anno

383 4708 493 4765 294
524 4720 581 4765 et
605 4711 756 4777 505;
795 4712 939 4767 unde
995 4729 1342 4783 consequens
1372 4702 1489 4779 est,
1545 4726 1604 4771 ut
1662 4720 1968 4774 secundum

386 4803 522 4857 Acta
553 4805 755 4859 innecti
782 4806 980 4860 debeat
1009 4807 1330 4881 martyrium
1367 4809 1497 4863 illud
1525 4824 1671 4864 anno
1686 4811 1966 4867 alterutri.

385 4896 441 4953 Si
470 4907 657 4952 autem
709 4914 855 4953 anno
883 4899 990 4954 505
1038 4900 1090 4954 id
1114 4900 1319 4972 alligas,
1376 4905 1738 4974 satagendum
1763 4915 1869 4971 est,
1913 4917 1974 4963 ut

385 4988 570 5044 dictus
591 5005 771 5045 annus
796 5003 1161 5060 componatur
1190 5010 1314 5048 cum
1340 4997 1523 5057 modo.
1554 5014 1667 5068 quo
1692 5000 1976 5057 Maximia-

388 5094 495 5132 nus
533 5092 801 5150 martyres
857 5085 1080 5138 tractari
1114 5086 1349 5155 jussisse
1394 5087 1571 5143 fertur
1602 5090 1655 5144 in
1689 5093 1866 5156 Actis,
1919 5101 1977 5147 et

385 5167 754 5242 cum'reliqua
778 5170 1110 5230 earumdem
1155 5176 1417 5234 Actnrnm
1470 5181 1636 5245 serie,
1672 5183 1837 5239 rebus
1872 5185 1978 5239 ibi-

386 5264 514 5319 dem
555 5264 628 5319 ita
651 5266 943 5335 expositis,
981 5276 1042 5322 ut
1068 5269 1215 5323 dictu
1275 5271 1498 5328 diliicile
1550 5274 1829 5343 videatur,
1885 5292 1980 5333 eas

388 5357 662 5411 accidisse
693 5367 938 5427 tempore
961 5364 1370 5429 persecutionis
1396 5365 1671 5435 generalis
1692 5368 1981 5424 Diocletia-

390 5463 534 5504 πιεῖν.
565 5449 741 5513 Adde,
761 5451 909 5520 quod
930 5466 1233 5508 metuerent
1253 5456 1523 5511 accidisse
1551 5457 1789 5527 palmam
1835 5475 1983 5515 mar-

392 5541 518 5614 tyrii
547 5544 769 5610 quando
796 5551 915 5597 erat
938 5543 1139 5600 bellum
1177 5546 1310 5601 illud
1374 5557 1566 5602 contra
1622 5549 1843 5614 Persas,
1873 5566 1984 5621 quo

390 5648 420 5685 α
443 5633 502 5687 S.
527 5632 747 5688 Andrea
768 5632 996 5703 ejusque
1022 5637 1187 5693 sociis
1213 5636 1447 5710 insignis
1471 5639 1699 5695 victoria
1729 5642 1896 5697 relata
1914 5644 1984 5699 de

393 5725 535 5792 ipsis
560 5724 714 5793 fuit;
752 5726 898 5782 unde
932 5726 1012 5792 fit,
1071 5736 1133 5784 ut
1184 5736 1402 5801 tempus
1468 5732 1716 5804 martyrii
1744 5734 1985 5803 pendeat

396 5833 426 5869 a
454 5828 704 5889 tempore
736 5818 893 5875 istius
927 5817 1058 5876 belli
1093 5822 1401 5879 secundum
1423 5821 1579 5881 Acta.
1613 5824 1885 5884 Batonius
1915 5827 1984 5885 ad

2077 4624 2245 4680 libus.
2276 4642 2294 4673 ›
2322 4624 2378 4677 2°
2416 4639 2428 4675 :
2474 4621 2612 4675 Cum
2654 4621 2837 4675 dicant
2871 4622 3195 4679 Acta.num.
3219 4621 3256 4674 2
3288 4636 3304 4674 :
3343 4639 3362 4673 ‹
3400 4620 3669 4688 Tempore

2079 4716 2173 4770 illo
2200 4714 2417 4779 accidit,
2445 4722 2505 4767 ut
2532 4711 2873 4768 Persicarum
2900 4712 3184 4781 copiarum
3228 4727 3358 4781 pars
3411 4711 3687 4782 quaedam.

2079 4805 2217 4860 fines
2270 4803 2589 4867 transiliret,
2645 4809 2700 4856 et
2749 4801 2952 4856 bellum
3019 4801 3284 4855 adversus
3331 4801 3666 4855 Antiochum

2080 4897 2413 4962 suscitaret;
2455 4914 2474 4947 ι
2515 4908 2752 4964 cumque
2780 4891 2985 4947 bellum
3016 4891 3148 4946 illud
3197 4890 3254 4946 S.
3317 4893 3551 4947 Andreze
3598 4891 3670 4947 ab

2081 4989 2353 5044 Antiocho
2383 4988 2770 5043 demandatum
2798 4985 2989 5049 fuerit,
3052 4999 3164 5039 non
3199 4984 3388 5053 utique
3408 4999 3477 5038 ex
3506 4984 3672 5039 dictis

2083 5090 2206 5151 post
2234 5095 2441 5135 annum
2463 5080 2592 5144 297,
2621 5094 2731 5149 quo
2770 5096 2789 5129 ι
2832 5092 2940 5147 pax
2970 5076 3117 5130 inter
3141 5074 3424 5130 Romanos
3457 5081 3514 5129 et
3534 5072 3671 5129 Per-

2081 5190 2172 5230 sas
2215 5174 2426 5230 sancit:
2460 5191 2477 5239 ς
2515 5191 2534 5225 ι
2566 5170 2830 5242 quidnam
2861 5169 3011 5240 cogit
3074 5168 3221 5224 illius
3277 5184 3343 5224 ac
3391 5168 3668 5229 sociorum

2084 5267 2406 5339 martyrium
2438 5266 2845 5337 procrastinare
2869 5278 3043 5332 usque
3074 5262 3142 5318 ad
3194 5276 3400 5317 annum
3462 5260 3669 5315 Christi

2084 5360 2183 5415 501
2212 5361 2237 5414 7
2263 5361 2326 5415 5°
2368 5379 2383 5417 :
2425 5360 2562 5415 Cum
2609 5359 2844 5427 denique
2872 5356 2963 5411 hic
3016 5370 3197 5411 annus
3256 5353 3514 5423 componi
3561 5367 3672 5409 non

2084 5454 2263 5524 possit
2296 5468 2420 5508 eum
2444 5452 2654 5508 ratione
2679 5449 2966 5521 temporis,
2992 5431 3104 5519 quo
3152 5445 3473 5517 martyrium
3522 5446 3671 5501 acci-

2086 5543 2234 5600 disse
2269 5546 2751 5606 meinorantActa,
2785 5540 3046 5596 nimirum
3083 5557 3103 5591 ι
3144 5537 3361 5594 decimo
3415 5551 3562 5593 nono
3585 5536 3675 5593 die

2086 5637 2293 5691 mensis
2320 5635 2575 5706 Augusti,
2608 5633 2696 5689 die
2716 5632 3024 5698 Dominieo,
3063 5647 3082 5683 ο
3125 5629 3451 5699 sicutsupra
3476 5629 3674 5684 obser—

2087 5738 2274 5785 vatum
2301 5737 2425 5793 est;
2457 5726 2655 5783 melius
2696 5724 2917 5796 quidem
2971 5722 3133 5779 nobis
3190 5721 3486 5786 videretur,
3545 5719 3687 5779 Acta

2089 5823 2146 5880 in
2197 5821 2302 5877 hoc
2339 5817 2659 5885 defendere,
2712 5826 2767 5874 et
2816 5814 3022 5872 erroris
3044 5829 3157 5872 non
3204 5813 3594 5881 condemnare,
3626 5810 3677 5864 si
