3996 6440
329 360 445 425 595

1593 357 1883 419 MENSIS
1912 357 2351 422 AUGUSTUS.

3492 354 3603 420 596

334 467 613 538 probabili
639 468 823 538 aliquo
844 482 1167 540 argumento
1201 483 1269 525 eo
1299 483 1409 524 non
1443 469 1923 540 compelleremur.
1954 476 2002 532 Α
2031 470 2289 543 gentibus
2320 467 2569 524 barbaris
2596 468 2850 532 luctaret,
2885 482 3010 522 cum
3062 467 3155 523 alii
3193 468 3336 522 intra
3368 466 3606 525 laxiores

332 557 435 613 Est
467 567 653 614 autem
673 559 843 614 illud:

406 740 497 795 l5.
529 737 910 792 Theodericus
948 735 1277 790 Ruinartius
1305 735 1454 789 inter
1510 728 1647 788 Acta
1703 732 1920 786 sincera

336 842 394 888 et
422 832 623 885 selecta
654 846 684 883 a
718 844 779 882 se
802 830 1042 900 vulgata,
1079 845 1200 899 pag.
1232 828 1337 884 509
1366 836 1424 882 et
1462 842 1620 896 seqq.
1659 825 1921 881 editionis

335 923 546 998 primae,
571 920 795 977 exhibet
843 920 981 977 Acta
1028 919 1085 976 S.
1140 919 1492 975 Maximiliani
1546 919 1820 989 martyris.
1864 917 1918 970 iu

333 1014 533 1085 quibus
576 1022 774 1085 praeter
810 1014 939 1078 alia,
991 1029 1138 1069 anno
1168 1012 1377 1067 Christi
1411 1012 1518 1067 295
1546 1020 1744 1081 quarto
1795 1009 1920 1064 ldus

332 1107 513 1165 Martii
542 1122 669 1162 eum
735 1108 1072 1177 impellentia
1108 1117 1169 1162 ut
1213 1107 1422 1162 militiae
1473 1122 1676 1162 nomen
1739 1105 1916 1169 daret,

330 1199 594 1255 dicuntur
653 1199 757 1254 ista
791 1217 803 1253 :
860 1219 879 1252 ι
917 1199 1322 1254 Maximilianus
1363 1199 1645 1268 respondit
1688 1195 1919 1252 :Militia

331 1306 452 1346 mea
479 1292 546 1349 ad
582 1290 872 1347 Dominum
909 1309 1091 1348 meum
1122 1301 1228 1349 est.
1268 1289 1387 1348 Non
1440 1307 1664 1362 possum
1718 1290 1920 1345 sarculo

331 1383 589 1440 militare.
619 1383 740 1439 Jam
787 1385 924 1451 dixi,
985 1385 1335 1442 Christianus
1385 1400 1528 1441 sum.
1585 1383 1733 1441 Dixit
1782 1383 1919 1436 Dion

332 1479 630 1548 proconsul
668 1497 682 1533 :
719 1480 774 1533 In
809 1494 970 1535 sacro
1002 1479 1267 1534 comitatu
1328 1478 1676 1533 dominorum
1701 1487 1921 1530 nostro-

331 1585 454 1624 rum
490 1570 810 1627 Diocletiani
832 1581 887 1628 et
908 1572 1246 1639 Maximiani,
1268 1570 1577 1628 Constantii
1598 1579 1654 1624 et
1678 1568 1916 1628 Maximi.

330 1661 538 1718 milites
594 1664 898 1722 Christiani
965 1675 1096 1721 sunt
1147 1673 1206 1721 et
1244 1664 1504 1719 militant.
1545 1681 1564 1714 ι
1629 1661 1919 1729 Quomodo

329 1754 521 1826 igitur,
551 1756 597 1811 si
634 1772 782 1812 anno
806 1757 913 1813 295
943 1758 1146 1814 milites
1179 1758 1477 1813 Christiani
1513 1756 1722 1812 fuerint
1772 1754 1920 1807 inter

2023 571 2081 617 et
2114 562 2415 633 quietiores
2451 571 2626 616 terras
2649 561 2884 615 delicate
2912 559 3271 628 imperarent.
3310 578 3330 611 ι

2096 657 2184 709 14.
2213 655 2391 725 Atque
2422 654 2508 708 ha:
2540 663 2671 708 sunt
2720 651 3095 716 difﬁcultates,
3125 667 3251 721 quae
3303 651 3358 705 in
3390 649 3610 720 ﬁgendo

2023 756 2274 816 tempore
2336 744 2587 815 martyrii
2649 758 2776 799 sese
2822 742 3082 797 oﬂerunt.
3148 742 3606 811 Quandoquidem

2022 853 2154 894 vero
2185 853 2294 892 non
2327 847 2411 891 est
2438 835 2572 891 mihi
2609 846 2922 905 proruptum
2950 835 3164 888 solvere
3197 838 3345 887 hunc
3400 836 3607 889 nodum

2023 931 2216 987 saltem
2254 928 2578 983 iubaereudo
2603 927 2780 992 Actis,
2815 930 2989 981 satius
3006 943 3128 982 esse
3167 927 3295 980 duxi
3346 927 3606 982 eumdem

2022 1022 2295 1079 scindere.
2323 1030 2381 1076 et
2411 1029 2727 1075 nostrorum
2758 1017 3010 1089 Pugilum
3047 1019 3371 1088 martyrium
3401 1033 3609 1087 ponere

2020 1128 2145 1167 cum
2175 1112 2327 1167 Actis
2356 1116 2457 1167 sub
2493 1109 2849 1173 Maximiano,
2883 1110 2987 1163 sub
3013 1125 3123 1179 quo
3165 1109 3333 1163 etiam
3375 1109 3505 1162 illud
3535 1109 3610 1164 si-

2021 1213 2151 1273 gnat
2193 1203 2632 1274 Martyrologium
2681 1202 3012 1266 Romanum,
3080 1218 3186 1254 non
3239 1202 3610 1257 determinato

2020 1295 2268 1365 ejusdem
2307 1296 2552 1365 martyrii
2590 1311 2760 1349 anno.
2816 1294 2934 1348 Dixi
2969 1312 2988 1345 ι
3026 1294 3220 1346 saltem
3286 1294 3609 1348 inluerendo

2020 1386 2210 1452 Actis;
2262 1404 2281 1439 ι
2315 1402 2442 1441 nam
2478 1387 2523 1441 si
2564 1386 2887 1441 eorumdem
2917 1385 3156 1453 scriptor
3185 1385 3442 1439 habuerit
3477 1395 3608 1441 ante

2017 1497 2079 1537 se
2103 1481 2435 1535 documenta
2494 1478 2738 1534 melioris
2778 1489 2945 1537 notae.
2979 1478 3178 1548 illaque
3238 1478 3311 1532 ita
3346 1478 3612 1532 transfor-

2019 1571 2183 1625 marit
2217 1580 2414 1625 ornatu
2438 1586 2503 1625 ac
2539 1569 2990 1638 interpolatione,
3025 1578 3085 1623 ut
3127 1570 3473 1624 incommoda
3511 1585 3609 1625 su-

2018 1663 2214 1734 perius
2246 1678 2489 1732 expensa
2522 1663 2592 1717 ad
2639 1663 2799 1716 istam
2842 1676 3065 1716 causam
3115 1666 3227 1715 sint
3270 1660 3606 1728 referenda;

2020 1767 2152 1813 tunc
2181 1774 2291 1812 non
2314 1757 2474 1812 video
2536 1771 2634 1811 cur
2675 1766 2892 1825 tempus
2941 1754 3184 1826 martyrii
3241 1754 3444 1809 innecti
3495 1769 3609 1808 non

327 1857 541 1904 turmas
556 1847 870 1905 Maximiani
895 1861 949 1905 et
968 1851 1022 1906 in
1047 1851 1170 1908 aula
1199 1853 1340 1924 ejus,
1368 1851 1666 1923 quomodo,
1694 1851 1917 1918 inquam
1946 1856 1996 1917 ι
2024 1851 2199 1922 possit
2258 1849 2622 1920 persecutioni
2673 1848 3060 1902 Diocletianeze
3092 1863 3108 1912 ;
3153 1862 3253 1902 cur
3305 1862 3419 1900 non
3473 1845 3606 1900 item

328 1937 387 1995 in
424 1939 626 1994 milites
658 1950 881 1998 nostros
902 1941 1248 1998 Christianos
1273 1959 1419 1998 anno
1440 1941 1647 1997 Christi
1682 1940 1790 1997 294
1813 1938 1917 1994 sub

327 2028 658 2087 Maximiano
685 2033 935 2092 saavitum
963 2036 1090 2091 est?
1119 2035 1347 2091 Accedit
1377 2051 1465 2099 eo,
1497 2036 1644 2107 quod
1667 2051 1776 2090 non
1815 2052 1917 2092 sa-

328 2122 403 2176 tis
437 2123 756 2180 verosimile
808 2125 1087 2187 videatur.
1147 2128 1494 2196 tyrannidem
1550 2130 1915 2197 persequendi

327 2213 676 2271 Christianos
731 2232 760 2269 a
817 2216 933 2271 solo
990 2216 1320 2272 Maximiano
1368 2235 1490 2274 esse
1572 2222 1916 2276 exsecutioni

328 2306 674 2370 mandatam,
705 2309 814 2363 nisi
861 2320 985 2380 post
1021 2310 1332 2376 victoriam,
1365 2328 1489 2382 quae
1519 2329 1666 2367 anno
1720 2313 1825 2368 297
1850 2315 1918 2368 de

328 2397 516 2455 Persis
549 2400 719 2455 relata
755 2401 941 2468 fuerit,
975 2419 1207 2474 quaeque
1229 2405 1475 2461 animum
1535 2406 1656 2474 ejus
1691 2405 1913 2470 inﬂarit,

326 2490 636 2561 cristasque
666 2493 791 2561 ejus
818 2495 1146 2553 erexeritad
1179 2496 1493 2553 audendum
1522 2497 1815 2565 quidlibet.
1848 2498 1918 2555 Et

224 2574 235 2583 ’
326 2597 462 2637 vero
491 2593 783 2640 contextus
819 2588 1079 2641 Actorum
1113 2586 1169 2641 ὃ.
1214 2587 1450 2644 Andrea:
1512 2604 1627 2642 non
1681 2589 1915 2644 obscure

328 2674 596 2741 insinuat,
628 2676 1023 2733 Maximianum
1059 2688 1191 2735 tunc
1224 2679 1493 2748 temporis
1516 2695 1633 2734 rem
1675 2680 1916 2751 gessisse

328 2767 385 2822 in
417 2763 684 2822 Oriente:
730 2778 784 2827 et
809 2779 958 2825 extra
1021 2779 1236 2840 tempus
1290 2769 1413 2827 belli
1446 2770 1649 2828 Persici
1697 2773 1918 2829 videtur

328 2876 551 2930 semper
597 2861 777 2929 egisse
809 2878 939 2918 suas
972 2873 1155 2933 partes
1190 2864 1474 2935 .lllyricum
1513 2880 1730 2927 versus.
1788 2882 1914 2921 cum

324 2952 472 3021 apud
494 2950 841 3007 Lactantium
863 2955 959 3009 lib.
981 2956 1055 3009 De
1082 2956 1337 3010 mortibus
1359 2964 1772 3025 persecutorum,
1791 2973 1912 3029 cap.

328 3044 398 3098 18
430 3043 621 3098 dicat:
652 3065 670 3096 ι
707 3044 825 3099 Jam
858 3047 1082 3102 ﬂuxisse
1125 3064 1300 3103 annos
1348 3048 1660 3117 quindecim
1699 3052 1754 3103 in
1796 3049 1915 3122 llly.

328 3135 448 3192 rico
504 3138 589 3193 vel
623 3138 689 3192 ad
722 3140 895 3209 ripam
934 3139 1189 3205 Danubii,
1243 3141 1446 3210 quibus
1479 3140 1752 3210 relegatus
1787 3158 1914 3197 cum

338 3310 2069 3351 Μ

2020 1941 2131 1998 diei
2162 1941 2472 2003 Dominico,
2498 1947 2663 2009 atque
2690 1938 2828 1993 adeo
2858 1952 3005 1990 anno
3037 1952 3161 1990 aera;
3191 1934 3433 1995 vulgaris
3477 1935 3607 2001 505,

2019 2042 2144 2105 post
2185 2033 2535 2102 imperatoria
2604 2032 2861 2087 videlicet
2911 2031 3000 2083 illa
3059 2029 3238 2083 edicta
3274 2028 3419 2097 (vide
3473 2027 3610 2083 Acta

2018 2141 2174 2181 num.
2205 2127 2260 2195 8)
2276 2142 2395 2195 qum
2421 2125 2545 2180 inde
2565 2141 2710 2178 anno
2743 2125 2811 2179 ab
2838 2125 2944 2178 305
2972 2123 3235 2177 adversus
3263 2120 3611 2174 Christianos

2020 2219 2319 2290 prodiere;
2384 2234 2480 2272 cur
2537 2218 2776 2286 denique
2825 2232 2949 2271 cum
3001 2216 3153 2270 Actis
3204 2214 3311 2269 dici
3368 2221 3613 2281 nequeat

2017 2312 2151 2366 illud
2190 2311 2457 2366 accidisse
2485 2310 2817 2379 imperatore
2847 2308 3194 2367 Maximiano.
3237 2323 3438 2376 nempe
3492 2305 3609 2360 veri

2017 2419 2083 2459 ac
2121 2404 2325 2474 proprii
2365 2404 2606 2457 nominis
2654 2403 3043 2470 imperatorem
3093 2400 3471 2469 intelligendo.
3513 2399 3609 2469 qui

2019 2501 2146 2548 ante
2177 2493 2383 2547 dictum
2413 2508 2618 2546 annum
2683 2494 2788 2547 305
2817 2492 2999 2548 Caesar
3060 2491 3329 2546 duntaxat
3376 2490 3554 2545 fuerat
3580 2531 3597 2557 ,

2018 2602 2347 2656 quamquam
2367 2602 2489 2640 cum
2508 2586 2854 2655 adjectojam
2883 2600 2997 2639 tum
3028 2586 3098 2640 ab
3123 2601 3270 2639 anno
3303 2584 3409 2638 292
3437 2585 3610 2638 etiam

2021 2679 2180 2735 titulo
2215 2679 2587 2748 imperatoris.
2614 2683 2690 2732 uti
2732 2679 2931 2748 legitur
2979 2678 3122 2748 apud
3156 2687 3437 2731 auctorem
3476 2692 3612 2731 neo-

2023 2773 2251 2829 tericum
2283 2773 2495 2828 Gallum
2547 2771 2798 2826 Historiae
2849 2774 3256 2836 imperatorum,
3296 2781 3429 2824 tom.
3462 2785 3515 2825 tv
3549 2769 3610 2824 in

2022 2866 2385 2930 Diocletiano,
2424 2875 2529 2919 art.
2567 2867 2621 2928 9,
2657 2881 2779 2935 pag.
2810 2865 2900 2918 2|.
2957 2864 3093 2931 Quia
3126 2880 3260 2918 vero
3296 2864 3459 2931 plane
3514 2877 3613 2916 su-

2016 2975 2419 3030 pervacaneum
2471 2960 2675 3027 judico,
2759 2962 3085 3013 alterutrum
3140 2960 3434 3021 eduobu.,
3483 2973 3609 3026 qua:

2019 3050 2160 3118 apud
2195 3065 2281 3103 me
2308 3059 2457 3114 sunt,
2487 3050 2695 3104 Graecis
2713 3053 3121 3119 exemplaribus
3149 3034 3315 3122 supra
3342 3050 3598 3106 indicatis

2021 3140 2077 3194 in
2120 3140 2372 3195 Latinum
2396 3153 2737 3207 convertere,
2769 3144 3028 3199 exhibeo.

2073 3337 2945 3349 ———‘c——————-——————

2072 3320 2487 3334 -ὴ

2585 3318 3585 3353 m

613 3412 1496 3607 MAPTYPION
1623 3487 1915 3605 ΤΟΥ

2040 3489 2511 3605 ΑΓΙΟΥ
2621 3487 3323 3604 ΑΝΔΡΕΟΥ

1416 3713 1648 3800 ΤΟΥ
1724 3706 2536 3799 ΣΤΡΑΤΗΛΑΤΟΥ

1598 3905 1719 3958 KAl
1769 3904 1907 3960 ΤΩΝ
1964 3903 2104 3956 ΣΥΝ
2152 3902 2357 3957 ΔΥΤΩ.

331 4278 1498 4436 MARTYRIUM
1619 4279 1778 4434 S.
1879 4279 2715 4435 ANDREZE
2808 4272 3600 4434 TRIBUNI

1455 4606 1634 4715 ET
1718 4601 2492 4782 SOCIORUM.

1058 4805 1253 4892 (Grece
1274 4839 1406 4878 nunc
1431 4828 1647 4889 primum
1673 4827 1846 4878 editur
1867 4840 1915 4878 et

2022 4827 2073 4878 d.
2099 4840 2192 4880 ms.
2223 4824 2409 4888 Paris.,
2430 4839 2484 4879 ιι.
2508 4826 2621 4889 548,
2654 4840 2771 4880 uec.
2804 4823 2917 4892 xtl.)

1921 5010 1998 5024 an

396 5160 441 5216 l.
470 5156 814 5230 imperatore
851 5161 1215 5228 Maximiano,
1250 5160 1476 5217 homine
1505 5161 1663 5216 valde
1714 5160 1907 5233 impio,

2087 5163 2168 5216 A'.
2189 5161 2282 5215 Ἐν
2300 5162 2414 5222 τοῖς
2442 5157 2657 5231 χρόνοις
2676 5156 2780 5227 τῆς
2799 5156 2895 5209 τοῦ
2919 5152 3289 5209 deﬁes-tereti
3318 5152 3607 5220 Μαξιμια-

323 5251 637 5323 persecutio
668 5253 920 5322 quaedam
943 5269 1141 5323 magna
1172 5265 1365 5311 contra
1393 5255 1738 5311 Christianos
1758 5271 1912 5311 com.

321 5356 471 5400 mota
500 5353 605 5409 est,
669 5346 950 5415 praecipue
994 5352 1182 5401 autem
1237 5346 1292 5401 in
1339 5346 1659 5416 regionibus
1712 5346 1906 5417 Syriae.

290 5438 455 5494 'PZt-at
491 5448 743 5508 tempore
771 5439 863 5494 illo
892 5438 1199 5496 Antiochus
1229 5439 1473 5509 quidam,
1531 5440 1913 5509 superstitioni

321 5532 618 5600 plurimum
651 5531 893 5598 deditus,
930 5532 1200 5587 militares
1256 5533 1482 5588 ordines
1530 5533 1635 5587 sub
1681 5533 1914 5602 imperio

318 5632 423 5672 suo
453 5635 652 5691 regens
686 5637 702 5675 :
750 5622 844 5692 qui
878 5633 1106 5694 propter
1138 5623 1414 5679 idolorum
1451 5622 1748 5687 insaniam,
1776 5639 1913 5678 con-

321 5713 405 5760 tra
438 5710 557 5778 pios
584 5712 839 5769 homines
867 5714 1116 5771 furorem
1145 5730 1331 5770 acrem
1376 5716 1645 5786 spirabat.
1704 5714 1822 5770 Sub
1847 5730 1912 5770 eo

322 5796 463 5863 viro,
495 5814 659 5867 quem
689 5806 1022 5864 Antiochum
1060 5808 1408 5866 nominatum
1427 5809 1692 5876 diximus,
1747 5809 1906 5864 multi

2020 5254 2112 5310 νοῦ
2135 5252 2435 5325 βασιλείας,
2457 5249 2696 5320 διωγμὸς
2722 5249 2866 5303 κατὰ
2888 5248 3000 5301 τῶν
3020 5245 3367 5318 Χριστιανῶν
3387 5246 3610 5312 ἐγένετο

2023 5344 2219 5415 μέγας,
2253 5344 2348 5397 καὶ
2373 5342 2608 5411 μάλιστα
2630 5343 2687 5394 ἐν
2706 5343 2819 5405 τοῖς
2852 5340 3043 5411 μέρεσι
3066 5337 3166 5407 τῆς
3193 5338 3413 5408 Συρίας.
3448 5334 3609 5408 Εἶχεν

2017 5437 2077 5491 δὲ
2108 5437 2229 5491 τότε
2268 5437 2367 5505 τῆς
2407 5438 2586 5490 ἑκεῐσε
2628 5434 3007 5507 στρατηγικῆς
3041 5432 3251 5498 τάξεως
3282 5430 3383 5501 τὴν
3430 5432 3609 5502 ἀρχὴν

2032 5530 2305 5600 Ἀντίοχος
2327 5528 2677 5599 δεισιδαίμων
2702 5546 2807 5591 τις,
2837 5527 2932 5581 καὶ
2957 5526 3187 5599 σφοδρὸν
3213 5524 3323 5579 τῶν
3339 5523 3480 5595 ὑπὲρ
3507 5525 3611 5591 τῆς

2021 5622 2418 5691 εἰδωλομανίας
2458 5620 2599 5674 κατὰ
2636 5622 2746 5674 τῶν
2780 5620 3156 5675 εὐσεϐούντων
3202 5618 3375 5673 πνέων
3411 5617 3607 5688 θυμόν.

2036 5716 2173 5772 Ὑπὸ
2204 5714 2395 5770 τοῦτον
2426 5710 2521 5769 οὖν
2560 5714 2651 5768 τὸν
2698 5715 2973 5786 Ἀντίοχον
3011 5714 3198 5769 πολλοὶ
3233 5711 3606 5784 στρατηλάται

2015 5810 2114 5880 τῆς
2161 5809 2327 5880 αὐτῆς
2371 5808 2808 5879 συμμετέχοντες
2859 5810 3075 5882 πλάνης
3121 5808 3429 5864 ὶτάττοντο.
3478 5805 3608 5860 Ἀνὰ
