3996 6418
402 374 508 442 5¹Π

1718 372 1893 438 VITA
1927 377 1986 437 Sr.
2029 374 2127 435 AN
2138 373 2288 436 DRE
2299 374 2378 433 (Ε.

3546 372 3649 437 598

405 498 573 569 μέσον
599 494 656 550 δέ
685 492 867 549 αὐτῶν
891 491 1077 563 ὥσπερ
1098 490 1178 554 είς
1208 489 1446 551 ἀκάνθας
1473 487 1622 561 ῥόδον
1651 490 1748 543 καὶ
1780 488 1979 560 μεταξὺ

2110 488 2289 543 ribuni
2320 487 2582 542 militares
2620 484 2863 556 ejusdem
2888 484 3092 540 erroris
3119 485 3412 558 participes
3461 503 3654 544 nume-

399 590 665 653 δυσωδίας
687 586 939 657 θυμίαμα
963 584 1204 647 ό-πιστδς
1224 583 1320 638 τοῦ
1337 581 1473 636 Θεοῦ
1501 582 1688 647 δοῦλος
1714 584 1807 635 καὶ
1841 581 1979 650 μάρ-

401 697 504 746 τυς
549 679 808 751 Ἀνδρέας
846 675 1126 732 λανθάνων
1166 674 1441 743 ἐφαίνετο.
1475 672 1574 727 Διὰ
1609 674 1717 742 γὰρ
1756 672 1851 743 τὴν
1884 670 1980 724 τοῦ

402 771 699 843 προσόντος
747 767 899 838 αὐτῷ
962 767 1127 836 ζήλου
1182 764 1499 836 θερμότητα
1542 764 1639 832 τῆς
1694 763 1843 832 παρὰ
1887 760 1981 814 τοῦ

410 864 660 934 μανά).ου
695 860 831 915 Θεοῦ
882 860 971 912 καὶ
1008 857 1259 927 Σωτῆρος
1307 855 1469 925 ἡμῶν
1528 854 1703 926 Ἰησοῦ
1745 853 1983 924 Χριστοῦ

407 955 701 1022 συνεργίας
742 951 1186 1021 καταξιούμενος,
1232 948 1339 1002 τῶν
1391 948 1724 1001 ὑπεναντίων
1775 949 1831 999 ὲν
1872 950 1984 1009 τοῖς

408 1047 672 1115 πολέίμοις
706 1045 929 1118 ἐκράτει
962 1043 1056 1097 καὶ
1091 1040 1308 1103 πολλοῖς
1334 1039 1599 1109 διέπρεπε
1634 1041 1745 1099 τοῖς
1779 1037 1979 1107 ἀνδρα-

407 1140 746 1210 γαθήμασιν.

481 1401 559 1459 ιτ.
601 1402 735 1458 Κατ’
779 1402 988 1456 ἐκεῖνον
1025 1398 1117 1454 τὸν
1165 1400 1362 1472 καιρὸν
1406 1397 1755 1471 συμϐέϐηκεν
1792 1398 1985 1469 μοῖράν

409 1512 537 1549 τινα
572 1495 849 1563 Περσικῆς
879 1490 1162 1561 δυνάμεως
1191 1489 1600 1560 παραδραμεῖν
1627 1490 1695 1541 τὰ
1725 1488 1950 1559 μεθόρια
1969 1527 1984 1551 ,

414 1587 509 1640 καὶ
545 1584 780 1652 πόλεμον
808 1582 944 1651 πρὸς
966 1581 1058 1635 τὸν
1103 1581 1377 1651 Ἀντίοχον
1415 1578 1671 1649 ἄρασθαι.
1717 1578 1867 1630 Ἐπεὶ
1894 1577 1988 1631 οὖν

412 1680 510 1730 καὶ
532 1674 593 1729 τὸ
616 1674 880 1744 αἰφνίδιον
905 1674 1005 1743 τῆς
1036 1673 1228 1741 ἐφόδου
1247 1674 1342 1727 καὶ
1368 1673 1429 1725 τδ
1464 1671 1669 1739 πλῆθος
1700 1671 1810 1724 τῶν
1833 1669 1991 1723 ἐπελ-

412 1768 619 1822 θόντων
648 1769 707 1823 ού
743 1766 977 1837 μετρίως
1009 1765 1198 1820 τοῦτον
1232 1765 1517 1834 ἐτάραξεν,
1549 1766 1628 1828 είς
1663 1765 1882 1834 μνήμην
1904 1763 1989 1815 ἐλο

414 1858 527 1913 θὼν
577 1859 686 1912 τῶν
743 1831 1003 1929 ’Ἀνδρέου
1049 1831 1549 1928 στρατηγημάτων,
1597 1831 1990 1926 μετάπεμπτον
2024 1831 2065 1885 Β

412 1949 552 2020 ἦγεν
585 1950 747 2004 αὑτὸν
779 1951 875 2004 ἐπὶ
905 1951 1004 2022 τὴν
1036 1949 1210 2021 ἠθάδα
1235 1990 1249 2017 ,
1287 1949 1619 2020 παρακαλῶν
1659 1947 1948 2018 εὐτολμίαν
1969 1985 1986 2012 ,

417 2043 514 2093 καὶ
558 2039 821 2104 τοιούτοις
865 2041 1001 2111 πρὸς
1034 2039 1197 2093 αὐτὸν
1228 2039 1512 2112 χρώμενος
1543 2039 1725 2108 λόγοις
1763 2039 1947 2108 ἔλεγεν
1971 2056 1986 2073 ·

418 2132 502 2185 Tit
547 2133 647 2200 τῆς
675 2131 928 2201 ἀνδρείας
977 2148 1069 2185 σου
1090 2171 1106 2196 ,
1138 2132 1304 2202 φησιν
1324 2172 1339 2193 ,
1374 2132 1542 2203 ἔργα,
1583 2133 1676 2187 καὶ
1723 2134 1822 2186 ὅσα
1851 2131 1993 2186 κατὰ

416 2221 530 2275 τῶν
560 2222 836 2292 πολεμίων
865 2221 1235 2293 ἠρίστευσαςκ
1271 2223 1367 2277 καὶ
1399 2225 1522 2293 ἐμοὶ
1553 2224 1690 2293 δῆλα
1719 2226 1813 2277 καὶ
1844 2221 1994 2294 αύτῷ

418 2312 794 2382 καθεστήκασι
821 2313 899 2383 τῷ
937 2313 1005 2368 τὰ
1048 2312 1306 2384 σκῆπτρα
1353 2313 1618 2377 διέποντι,
1648 2313 1767 2366 ἀνθ’
1796 2308 1869 2367 ὧν
1900 2314 1995 2367 καὶ

417 2408 521 2472 τῆς
550 2406 708 2471 ἀξίας
753 2406 945 2474 ἔλαχες
980 2404 1207 2476 ταύτης.
1241 2407 1529 2474 Τοιγάρτοι
1570 2407 1663 2459 καὶ
1696 2405 1787 2458 τὸν
1823 2405 1997 2473 μέγαν

418 2498 551 2552 ὂντα
580 2500 674 2554 καὶ
715 2498 924 2570 σχέδιον
961 2501 1026 2570 τῇ
1058 2502 1124 2568 σῇ
1160 2498 1438 2570 προθυμίᾳ
1479 2498 1868 2552 καταπιστεύω
1900 2499 2000 2551 πό-

416 2591 607 2661 λεμον,
641 2591 723 2645 ἵνα
765 2609 847 2645 σοι
879 2592 971 2645 καὶ
997 2592 1197 2658 μᾶλλον
1234 2592 1321 2646 διὰ
1351 2592 1460 2645 τῶν
1483 2590 1578 2644 ἐπὶ
1608 2590 1700 2644 τοῦ
1733 2591 2001 2662 παρόντος

429 2680 659 2747 ἀγώνων
675 2682 710 2752 ὴ
734 2680 954 2735 εὔκλεια
975 2680 1350 2750 περιγένηται.
1369 2678 1583 2733 Τούτων
1604 2681 1631 2732 ὁ
1648 2680 1740 2733 τοῦ
1764 2680 2000 2748 Χριστοῦ

422 2773 683 2841 ἀριστεὺς
733 2772 844 2825 τῶν
883 2772 1057 2842 λόγων
1104 2776 1392 2845 ἀκηκοὼς,
1435 2778 1531 2830 καὶ
1576 2778 1637 2830 οὐ
1677 2777 1873 2847 πλήθει
1908 2777 2003 2830 καὶ

424 2866 616 2929 ὅπλοις
646 2866 740 2920 καὶ
772 2866 1034 2937 ἅρμασιν,
1077 2869 1221 2940 μόνῳ
1248 2869 1304 2922 δὲ
1334 2869 1412 2939 τῷ
1450 2869 1858 2942 παντοδυνάστῃ
1884 2866 2003 2937 Θεῷ

424 2957 706 3021 πεποιθὼς
729 3000 743 3018 .
778 2960 870 3013 τὸν
904 2959 1076 3028 μέγαν
1113 2962 1318 3014 ἐκεῖνον
1354 2961 1597 3032 ἐζήλωσε
1630 2958 1873 3025 Γεδεὼν,
1909 2959 2004 3012 καί

423 3067 580 3113 τινας
616 3051 724 3104 τῶν
759 3051 1042 3118 ἑπομένων
1080 3052 1295 3121 ὀλίγους
1344 3053 1437 3106 καὶ
1477 3052 1879 3123 εὐαριθμήτους
1925 3054 2006 3116 είς

425 3141 528 3209 τήν
555 3140 889 3211 τηλικαύτην
934 3143 1237 3212 παράταξιν
1268 3141 1599 3213 παραλαὸὼν
1620 3183 1636 3206 ,
1664 3142 1756 3206 οὒς
1796 3143 2002 3211 προδή-

2085 586 2367 639 rabantur.
2400 582 2547 637 Inter
2572 596 2708 649 quos
2725 579 2873 633 velut
2898 578 3265 635 rosaﬂorebat
3297 581 3441 636 inter
3466 583 3652 652 spinas

2083 683 2140 730 et
2179 676 2321 729 inter
2343 672 2719 743 graveolentes
2739 670 2936 724 odores
2965 669 3211 740 fragrans
3234 670 3429 741 aliquis
3457 687 3649 743 vapor,

2085 765 2431 821 fidelissimus
2460 763 2554 817 Dei
2588 776 2777 816 servus
2805 767 2861 814 et
2885 770 3086 831 martyr
3112 762 3359 817 Andreas
3388 781 3402 817 :
3432 765 3525 833 qui
3571 767 3653 818 la-

2084 866 2263 913 tuerat
2290 856 2511 925 quidem
2533 862 2714 918 antea,
2768 851 2862 907 sed
2908 858 3096 920 postea
3144 852 3435 908 manifeste
3486 870 3655 924 appa-

2087 951 2216 1005 ruit.
2271 948 2372 1002 llic
2402 954 2626 1017 propter
2650 943 2932 999 ardentem
2968 944 3145 996 zelum
3177 953 3345 1013 atque
3368 946 3652 1015 pietatem,

2085 1041 2263 1112 magni
2302 1039 2391 1093 Dei
2432 1046 2499 1092 ιιι-
2540 1035 2835 1091 Salvatoris
2874 1035 3046 1088 nostri
3087 1034 3216 1090 Iesu
3257 1036 3459 1092 Christi
3494 1054 3653 1107 opem

2085 1140 2391 1193 assecutus.
2419 1126 2822 1183 adversantium
2843 1125 3108 1179 bellorum
3131 1125 3316 1183 hostes
3338 1130 3652 1197 superabat,

2085 1234 2143 1279 et
2200 1222 2387 1277 multis
2434 1218 2667 1291 egregiis
2710 1232 2772 1273 ac
2803 1217 3042 1271 strenuis
3093 1216 3424 1275 facinoribus
3473 1221 3656 1275 excel-

2087 1315 2251 1369 lcimt.

2155 1406 2220 1461 ll.
2251 1403 2514 1474 Tempore
2543 1401 2634 1457 illo
2672 1400 2887 1467 accidit,
2921 1409 2980 1457 ut
3015 1400 3354 1456 Persicarum
3377 1399 3656 1468 cupiarum

2088 1514 2212 1569 pars
2243 1497 2487 1567 quaedam
2517 1495 2653 1551 fines
2692 1495 3011 1559 transiliret,
3047 1504 3102 1549 et
3140 1493 3347 1548 bellum
3395 1491 3660 1548 adversus
3714 1484 3717 1487 ’

2085 1591 2416 1648 Antiochum
2446 1588 2752 1644 suscitaret.
2816 1586 3082 1651 Quoniam
3148 1585 3312 1656 igitur
3374 1583 3660 1654 repentina

2088 1682 2327 1738 hostium
2356 1680 2618 1743 incursio,
2653 1686 2710 1733 et
2740 1693 2931 1733 eorum
2959 1677 3253 1733 multitudo
3296 1690 3409 1731 non
3454 1675 3663 1739 mediu-

2090 1775 2254 1828 criter
2283 1774 2462 1842 ipsum
2498 1771 2856 1841 perturbavit,
2896 1769 3127 1824 Andreae
3149 1778 3285 1824 tunc
3314 1768 3517 1823 tribuni
3563 1766 3667 1821 mi-

2091 1868 2304 1921 litarem
2335 1864 2409 1935 (l)
2444 1864 2698 1934 peritiam
2731 1871 2787 1917 et
2824 1845 3204 1917 strenuitatem
3226 1860 3568 1920 recordatus.
3597 1860 3661 1912 il-

2094 1959 2203 2011 tum
2239 1957 2306 2012 ad
2332 1964 2628 2011 consuetos
2657 1954 2879 2009 ordines
2916 1952 3172 2008 accersiri
3216 1951 3402 2021 jussit.
3438 1951 3665 2006 hortans

2094 2065 2240 2115 eum,
2285 2058 2345 2103 ut
2377 2038 2502 2102 forti
2533 2040 2717 2101 animo
2740 2054 2906 2109 esset,
2944 2054 3107 2099 utens
3128 2053 3312 2098 autem
3342 2043 3428 2098 bis
3448 2057 3665 2098 sermo-

2094 2141 2291 2196 nibus:
2343 2140 2491 2204 Tute,
2514 2138 2708 2208 inquit,
2754 2135 3091 2192 fortitudinis
3143 2134 3387 2190 facinora
3441 2149 3671 2203 quaeque

2096 2232 2358 2287 adversus
2384 2232 2590 2294 hostes,
2633 2237 2687 2284 et
2721 2229 2855 2282 mihi
2890 2234 2944 2282 et
2972 2228 3044 2292 ei,
3079 2226 3174 2295 qui
3205 2236 3420 2296 sceptra
3451 2225 3664 2298 imperii

2099 2332 2268 2388 tenet,
2294 2322 2528 2376 maxime
2556 2329 2684 2375 nota
2720 2326 2870 2383 sunt,
2911 2327 2966 2373 et
2999 2318 3291 2373 admodum
3322 2317 3608 2372 manifesta
3646 2335 3659 2368 :

2099 2422 2434 2485 quapropter
2462 2424 2516 2466 et
2545 2410 2824 2481 dignitatis
2865 2409 3024 2463 istius
3054 2409 3277 2477 gradum
3316 2409 3548 2463 sortitus
3580 2423 3660 2460 es.

2101 2508 2286 2576 itaque
2320 2519 2574 2574 magnum
2610 2504 2714 2557 hoc
2739 2512 2797 2556 et
2834 2500 3180 2570 repentinum
3207 2500 3409 2554 bellum
3450 2499 3671 2553 fortitu-

2102 2599 2216 2654 dini
2240 2598 2315 2665 (2)
2349 2604 2454 2651 tuae
2481 2594 2788 2658 committo,
2816 2603 2875 2647 ut
2907 2607 3003 2661 per
3032 2591 3319 2661 praesentis
3354 2589 3673 2645 certaminis

2103 2687 2444 2745 occasionem
2498 2685 2565 2740 ad
2620 2684 2846 2756 gloriam
2907 2693 3052 2738 tuam
3099 2683 3443 2753 superiorem
3499 2680 3673 2750 majur

2104 2779 2358 2834 cumulus
2396 2778 2637 2833 accedat.
2676 2777 2789 2831 Hos
2814 2791 2940 2831 cum
2967 2774 3211 2829 audisset
3243 2788 3526 2829 sermones
3577 2790 3677 2840 op-

2105 2872 2272 2927 timus
2301 2868 2513 2925 Christi
2539 2870 2694 2923 miles
2715 2868 2982 2931 Andreas,
3018 2882 3127 2921 non
3147 2866 3338 2935 copiis.
3371 2881 3481 2919 non
3508 2868 3677 2920 armis
3734 2882 3737 2883 '

2107 2972 2203 3019 aut
2227 2963 2500 3029 curribus,
2530 2961 2625 3016 sed
2646 2960 2761 3014 solo
2794 2966 3132 3029 praepotente
3173 2958 3284 3012 Deo
3319 2954 3515 3021 fretus,
3568 2972 3681 3010 ma-

2108 3067 2273 3123 gnum
2332 3051 2482 3105 illum
2536 3049 2847 3105 Gedeonem
2889 3046 3176 3102 a-mulatus
3231 3054 3334 3112 est,
3382 3056 3433 3100 et
3475 3061 3677 3116 pauens

2112 3141 2375 3211 quosdam
2401 3140 2601 3195 milites
2630 3140 2697 3195 ad
2726 3138 2994 3204 ejusmodi
3022 3137 3195 3191 aciem
3232 3139 3548 3207 assumpsit.
3572 3135 3677 3192 Eos

427 3207 536 3292 λως
658 3207 863 3284 ἄνωθεν
896 3207 1054 3301 χάρις
1085 3207 1235 3299 αὐτῷ
1282 3207 1697 3301 καντεσήμανεν,
1727 3207 2002 3301 τὴννπρδς

2108 3234 2254 3289 enim
2282 3234 2448 3297 solos,
2500 3247 2640 3302 quos
2680 3231 2970 3285 manifeste
3018 3230 3257 3284 caelestis
3294 3230 3462 3299 gratia
3495 3228 3552 3283 ci
3582 3230 3680 3280 dc-

434 3322 563 3383 τοὺς
586 3322 1081 3393 ἀντιτεταγμένους
1111 3321 1420 3393 παράταξιν
1448 3324 1763 3396 ἐποιήσατο.

498 3498 571 3555 Γ’.
606 3502 747 3570 Ἤδη
779 3500 836 3555 δέ
867 3501 967 3570 τῆς
1009 3500 1327 3571 συμπλοκῆς
1353 3500 1614 3571 ἄρχεσθαι
1646 3502 1881 3572 μέλλων,
1907 3502 2007 3572 τῆς

429 3593 544 3645 τῶν
594 3592 854 3647 ἐναντίων
893 3591 1133 3659 πληθύος
1170 3592 1270 3663 τὴν
1317 3592 1623 3664 ὑπερϐολὴν
1672 3593 2008 3662 θεογνωσίας

427 3682 686 3735 ὑπόθεσιν
720 3686 830 3737 τοῖς
861 3683 1009 3745 ἰδίοις
1036 3683 1327 3755 παρείχετο
1349 3700 1362 3715 ·
1424 3682 1574 3739 οΰπω
1607 3686 1716 3755 γὰρ
1738 3680 1878 3755 ἦσαν
1907 3684 2008 3754 τῆς

429 3777 511 3835 εἰς
542 3774 779 3843 Χριστὸν
810 3775 902 3828 τὸν
932 3775 1063 3827 Θεὸν
1099 3776 1333 3838 πίστεως
1366 3776 1765 3847 κατηξιωμένοι
1792 3793 1806 3807 ·
1835 3776 2009 3830 ταῦτα

426 3865 641 3930 διεξιὼν
670 3868 809 3935 πρὸς
840 3867 1034 3930 αὐτούς
1053 3885 1065 3899 ·
1096 3868 1302 3936 Καιρδς
1329 3868 1458 3937 ὑμῖν
1484 3862 1661 3933 οὗτος,
1694 3870 1880 3938 φησὶν,
1912 3870 2010 3938 τῆς

428 3959 528 4011 τοῦ
554 3960 878 4030 ἐπουρανίου
909 3959 1042 4012 Θεοῦ
1077 3959 1430 4027 ἐπιγνώσεως
1453 3978 1466 3992 ⁸
1497 3961 1696 4014 αὐτίκα
1737 3962 1846 4030 γὰρ
1870 3960 2011 4028 γνώ-

432 4051 595 4103 σεσθε
633 4050 709 4113 ὡς
744 4052 791 4103 οἱ
830 4051 948 4104 θεοὶ
988 4052 1097 4104 τῶν
1141 4052 1311 4105 ἐθνῶν
1343 4052 1511 4115 ὄντως
1543 4052 1796 4119 δαιμόνιά
1830 4054 2006 4106 εἰσινο

432 4143 568 4204 Θεδς
606 4144 714 4212 γάρ
746 4145 892 4197 ἐστιν
921 4143 1172 4214 ἀληθινὸς
1199 4145 1226 4194 ὁ
1254 4145 1406 4213 ἐμὸς,
1433 4144 1490 4206 ὃς
1528 4145 1620 4196 τὸν
1652 4146 1879 4211 οὐρανὸν
1913 4147 2007 4198 καὶ

429 4237 534 4302 τὴν
559 4235 664 4302 γῆν
691 4236 967 4305 ἐποίησεν.
1002 4236 1172 4297 Αὐτὸς
1195 4237 1483 4303 τοιγαροῦν
1512 4236 1915 4308 παντοδύναμος
1937 4237 2013 4290 ὢν

436 4324 625 4394 βοηθεί
663 4328 775 4387 τοῖς
823 4326 1275 4395 ἐπικαλουμένοις
1317 4328 1515 4391 αὐτὸν,
1558 4327 1910 4381 ἀναδείκνυσι
1952 4346 2013 4382 τε

434 4416 634 4480 αὐτοῦς
663 4417 918 4486 ἰσχυροὺς
947 4421 1002 4470 ἐν
1031 4418 1271 4488 πολέμῳ,
1309 4421 1402 4471 καὶ
1427 4420 1782 4488 παρεμϐολὰς
1810 4421 2017 4473 κλίνου·

2106 3325 2361 3395 signavit.
2379 3338 2564 3379 secum
2592 3322 2818 3386 habens,
2845 3319 3108 3391 Oppositis
3147 3321 3394 3376 hostibus
3420 3320 3668 3389 praelium

2107 3414 2292 3470 intulit
2315 3415 2415 3486 (5).

2185 3507 2409 3566 lllJam
2446 3522 2576 3563 vero
2606 3521 2731 3561 cum
2764 3513 2906 3562 esset
2930 3518 3326 3575 congressurus
3343 3517 3466 3560 cum
3504 3501 3679 3556 hosti-

2108 3606 2233 3666 bus.
2296 3617 2488 3657 eorum
2538 3602 2814 3670 ingentem
2873 3597 3279 3653 multitudinem
3336 3596 3535 3653 divina:
3590 3610 3686 3651 co-

2111 3693 2372 3768 gnitionis
2423 3700 2812 3759 argumentum
2847 3689 2962 3744 suis
3029 3690 3298 3744 militibus
3353 3687 3679 3758 proposuit:

2110 3787 2350 3842 nomium
2380 3785 2525 3839 enim
2556 3782 2760 3839 Christi
2806 3782 2900 3836 Dei
2936 3782 3109 3836 nostri
3167 3782 3273 3836 fide
3316 3780 3505 3835 donati
3567 3780 3688 3835 fue-

2114 3888 2254 3936 rant.
2292 3877 2417 3934 Hzrc
2444 3878 2607 3949 igitur
2648 3877 2754 3932 illis
2802 3876 3145 3932 enarrabat:
3195 3874 3443 3929 Praesens
3477 3888 3685 3943 oppor-

2118 3974 2345 4035 tunitas,
2401 3971 2645 4026 caelestis
2693 3979 2750 4026 et
2795 3969 2993 4024 divinae
3045 3967 3373 4038 cognitionis
3424 3967 3685 4023 concilia-

2114 4063 2217 4119 trix
2268 4063 2429 4122 vobis
2472 4061 2576 4118 erit
2630 4078 2644 4115 :
2710 4060 2894 4115 statim
2931 4058 3076 4114 enim
3128 4057 3499 4127 cognoscetis,
3542 4056 3688 4126 quod

2113 4154 2187 4210 dii
2216 4154 2459 4225 gentium
2513 4168 2640 4206 vere
2690 4153 2958 4206 daemonia
3015 4157 3165 4210 sunt.
3213 4149 3469 4220 quodque
3526 4164 3689 4206 verus

2115 4246 2259 4301 Deus
2286 4246 2377 4300 ille
2408 4253 2513 4308 cst,
2578 4258 2741 4314 quem
2785 4259 2886 4314 ego
2922 4242 3064 4308 colo,
3126 4241 3450 4312 quicualum
3489 4250 3545 4295 et
3575 4249 3692 4295 ter—

2115 4353 2229 4391 ram
2263 4336 2468 4391 effecit.
2520 4336 2639 4405 Ipse
2689 4335 2856 4405 igitur
2901 4349 3038 4390 cum
3082 4332 3264 4387 omnia
3316 4332 3504 4401 possit,
3531 4346 3690 4400 opem

2117 4426 2274 4481 aﬂ'ert
2308 4427 2376 4480 iis
2401 4425 2493 4495 qui
2528 4441 2652 4479 eum
2693 4425 3198 4493 iuvocant,eosque
3227 4422 3397 4477 fortes
3439 4420 3492 4474 in
3549 4421 3693 4477 bello

441 4526 529 4560 σιν
572 4508 889 4577 ἀλλοτρίων.
934 4510 1066 4562 Ἰδοὺ
1111 4511 1292 4562 τοίνυν
1326 4511 1488 4579 ὁρᾶτε
1532 4512 1607 4573 ὡς
1651 4510 1711 4574 ἐξ
1761 4511 2002 4575 ἐναντίας

2118 4517 2299 4581 ellicit,
2346 4526 2402 4570 et
2458 4515 2701 4569 hostium
2766 4516 3021 4570 cohortes
3084 4513 3219 4568 facit
3258 4521 3408 4583 terga
3454 4521 3689 4566 vertere.

439 4598 603 4667 ἡμῶν
627 4601 678 4652 οἱ
702 4599 949 4669 πολέμιοι
977 4602 1036 4654 ἐν
1068 4601 1246 4672 πολλῷ
1278 4601 1511 4671 ἔστησαν
1539 4603 1758 4672 ἀριθμῷ
1792 4604 1886 4656 καὶ
1919 4621 2011 4657 κε-

437 4690 818 4757 κραταίωνται
884 4689 1023 4753 τέως
1077 4690 1219 4760 ὑπὲρ
1281 4691 1457 4759 ἡμᾶς’
1513 4693 1650 4744 ἀλλὰ
1704 4692 1856 4744 δεῦτε
1915 4692 2012 4761 τὴν

436 4779 651 4849 πλάνην
688 4780 936 4847 ἀφέντες,
971 4778 1060 4831 τὸν
1082 4780 1248 4842 ὅντως
1287 4780 1419 4834 ὅντα
1449 4781 1582 4834 Θεὸν
1611 4783 2013 4836 ἐπικαλέσασθε

440 4875 542 4926 σὺν
607 4872 754 4940 ἐμοὶ,
810 4873 903 4926 καὶ
953 4872 1121 4940 ὅψεθε
1173 4872 1395 4936 τούτους
1444 4874 1826 4938 ἐκλελοιπότας
1872 4877 2013 4930 ὥστε

440 4964 653 5017 καπνὸν
708 4963 804 5016 καὶ
847 4962 923 5025 ὡς
972 4964 1251 5034 κονιορτὸν
1301 4964 1410 5019 ἀπὸ
1450 4965 1657 5028 ἅλωνος
1704 4966 2014 5037 ἔμπροσθεν

439 5058 470 5109 ύ
480 5055 599 5127 μῶν
639 5055 1112 5126 ἀπεληλαμένους.
1137 5057 1323 5111 Ταῦτα
1344 5060 1372 5113 ό
1399 5058 1497 5129 μὲν
1521 5054 1674 5115 εἶπεν
1693 5076 1706 5090 ’
1744 5061 1796 5113 οἱ
1828 5059 1884 5112 δὲ
1904 5063 2018 5124 τοίς

512 5238 590 5307 (ι)
640 5235 939 5307 Tribunus
967 5235 1217 5289 militaris
1248 5246 1502 5307 (praeerat
1525 5237 1754 5291 militum
1801 5237 2000 5307 legioni

440 5305 539 5365 seu
571 5305 717 5368 'parti
766 5305 1056 5359 exercitus.
1101 5306 1257 5374 Apud
1282 5305 1500 5360 Graecos
1554 5319 1774 5361 vocatur
1804 5305 2001 5376 στ’ρατ-

439 5379 673 5450 ηλάτης,
711 5376 855 5450 quod
898 5378 1088 5450 ducem
1129 5376 1402 5450 exercitus
1454 5375 1614 5450 etiam
1661 5375 2005 5446 interpretari

447 5445 648 5518 possis,
705 5445 1451 5518 etsiusnbessetﬁntiocho
1506 5445 1672 5518 totius
1739 5445 2011 5518 exercitus

446 5515 575 5574 duci
603 5534 616 5568 :
651 5532 778 5569 nam
806 5516 1093 5570 dicebatur
1123 5523 1177 5568 et
1227 5515 1313 5568 ille
1343 5516 1500 5569 etiam
1562 5515 1671 5568 dux
1710 5516 2014 5570 excercitus

448 5590 542 5659 qui
575 5588 657 5640 vel
695 5585 788 5659 u_n_i
817 5595 1024 5659 tantum
1055 5584 1122 5659 ab
1145 5583 1704 5659 _imperalore__legioni
1730 5583 2016 5659 pmafectus

447 5653 587 5723 erat,
622 5664 682 5708 ut
723 5654 981 5724 Ulpianus
1043 5653 1282 5724 declarat
1303 5654 1449 5723 apud
1484 5653 1772 5709 Baroniurn
1822 5655 1888 5708 ad
1920 5670 2018 5708 an-

447 5743 580 5782 num
609 5723 809 5780 Christi
836 5725 961 5783 '50].
991 5740 1141 5778 num.
1172 5725 1227 5777 2.
1264 5723 1336 5778 De
1374 5724 1606 5778 tribunis
1652 5733 1830 5779 autem
1870 5725 2018 5779 varia

444 5802 705 5855 observat
739 5794 1035 5851 Vossiusin
1086 5793 1668 5865 litymoingicolinguze
1716 5793 1917 5849 Latinae
1952 5796 2016 5849 ad

2123 4609 2201 4663 En
2229 4608 2416 4677 igitur,
2454 4613 2515 4659 ut
2564 4605 2998 4670 videtis,.lmstes
3051 4603 3157 4672 ipsi
3190 4619 3221 4657 e
3254 4604 3473 4674 regione
3533 4604 3694 4657 nobis

2122 4708 2252 4753 sunt
2279 4696 2536 4768 Oppositi,
2571 4696 2745 4764 cepiis
2800 4693 3229 4749 innumerabiles
3261 4703 3315 4747 et
3346 4692 3505 4746 nobis
3557 4691 3695 4745 vati-

2123 4791 2343 4852 diores;
2376 4788 2497 4849 sed,
2530 4785 2694 4856 agite,
2741 4800 2984 4840 errorem
3027 4784 3299 4837 idolorum
3350 4783 3690 4846 omittentes,

2124 4895 2339 4941 mecum
2373 4894 2480 4933 una
2531 4879 2723 4940 Deum,
2767 4877 2857 4946 qui
2899 4890 3027 4930 vere
3087 4874 3225 4930 Deus
3276 4884 3381 4939 est,
3415 4875 3691 4939 iuvocate.

2123 4986 2186 5024 ac
2209 4970 2388 5024 statim
2416 4969 2669 5023 videbitis
2700 4968 2886 5022 hostes
2909 4965 3079 5035 ipsos,
3100 4965 3249 5020 velut
3271 4966 3480 5020 fumum
3498 4979 3692 5034 quem-

2123 5063 2245 5116 dam
2272 5070 2366 5114 aut
2398 5061 2700 5131 pulverem,
2737 5072 2921 5114 coram
2969 5056 3122 5112 vobis
3171 5056 3515 5114 deficientes.
3566 5054 3694 5111 Haec

2110 5254 2295 5293 vocem
2328 5242 2514 5294 (ribus.

2185 5310 2258 5378 (‘2)
2297 5309 2370 5362 De
2402 5312 2641 5389 bellonac
2664 5324 2795 5379 pace
2814 5325 2947 5389 cum
3002 5309 3178 5364 Persis
3200 5312 3309 5381 agit
3337 5311 3717 5373 Commentaa

2086 5406 2089 5411 ν
2122 5380 2237 5432 rius
2262 5379 2516 5449 praevius,
2549 5378 2577 5449 ᾗ
2611 5380 2667 5434 ΞΒ.

2190 5449 2268 5520 (5)
2303 5448 2521 5513 Mirum,
2556 5448 2749 5520 ’quodg
2781 5450 3208 5520 jam‘amplexus
3252 5448 3457 5505 Christi
3503 5449 3689 5514 fidem,

2122 5519 2363 5590 nondum
2395 5526 2577 5590 tamen
2607 5519 2930 5590 baptizatus,
2977 5519 3170 5576 mortis
3231 5536 3288 5574 se
3325 5521 3567 5590 periculo
3596 5536 3695 5575 ex-

2126 5588 2409 5659 posuerit(
2450 5589 2571 5643 vide
2620 5588 3130 5659 COmmeutarium§
3162 5591 3234 5657 l),
3284 5588 3386 5645 nisi
3443 5606 3697 5646 recurras

2220 5657 2706 5737 miraculuinnquo
2731 5661 3018 5737 victorian:
3051 5657 3413 5731 praesciverit,
3440 5663 3697 5735 quodque

2088 5732 2095 5737 '
2127 5728 2212 5782 hic
2243 5727 2453 5783 videtur
2483 5727 2773 5785 insinuari.
