3996 6462
440 319 547 381 693

1707 348 1994 412 MENSIS
2032 353 2473 422 AUGUSTUS.

3633 385 3737 448 CM

439 431 549 483 niis
579 436 987 504 comprobatos,
1024 443 1413 513 pcrtulerat,uc
1443 450 1622 507 ordini
1656 456 1894 513 militum
1930 474 1995 515 nc

439 530 844 561 οιιιιιοιιηιηηΛη
868 545 1092 561 “nam...”
1139 537 1539 561 l‘..-_.-l-__A_!
1673 547 1685 559 ο
1789 548 1804 561 ι
1853 551 1866 561 .
1932 551 1964 561 ..

2107 481 2124 523 ι
2151 462 2496 535 Μαξιμιανδς
2531 468 2591 521 ἐν
2616 472 2729 535 τοῖς
2760 472 2898 544 πρὸς
2928 474 3020 530 τὸν
3047 478 3214 536 αὐτὸν
3256 480 3532 557 Ἀντίοχον
3560 491 3723 561 γράμι

438 530 844 582 Contemncndo
867 545 1115 599 praeerat.
1139 537 1505 602 Quamobrem
1525 544 1581 598 in
1604 547 1718 601 suis
1739 548 1804 603 ad
1839 551 2032 606 Antio.

438 615 600 670 chum
619 617 810 674 litteris
827 622 1072 690 adjunxit
1093 642 1107 680 :
1128 630 1310 686 Placet
1348 635 1480 689 mihi
1507 681 1522 703 ,
1543 639 1870 711 hujnsmodi
1887 645 2029 701 viros

436 721 466 758 τι
497 721 714 763 carcere
752 710 998 775 liberari,
1032 721 1186 787 quasi
1220 734 1597 784 anteactarum
1644 749 1824 789 rerum
1864 738 2028 793 venia

434 797 502 851 iis
529 816 789 858 concessa
816 810 1013 876 :pauio
1065 826 1245 868 autem
1277 831 1486 885 postea.
1520 824 1623 878 nisi
1663 827 1994 897 resipnerint
2018 872 2034 897 ,

2142 573 2308 626 μασιν
2333 575 2346 588 ο
2389 561 2473 613 ὃτι
2512 562 2685 629 Δόξαν
2716 566 2817 635 μὲν
2851 568 3051 634 αὐτοὺς
3074 573 3177 642 τῆς
3210 575 3442 646 εἱρκτῆς
3482 581 3739 639 ἀπολύειν

2140 648 2233 700 καὶ
2264 649 2373 702 τῶν
2407 653 2507 722 ἤδη
2543 660 2964 726 προγεγονότων
2998 665 3336 737 συγγνώμην
3363 671 3691 742 χαρίζεσθαι
3719 693 3734 708 ο

2134 743 2198 794 ἐν
2230 745 2568 817 παραϐύστῳ
2611 751 2666 804 δὲ
2700 751 2820 817 μετ’
2856 752 3061 823 ὀλίγον,
3090 756 3168 822 ὡς
3213 758 3302 830 ἐφ’
3348 763 3520 834 ἑτέρῳ
3556 766 3738 838 πλημ-

2130 835 2268 905 μελή
2280 854 2412 905 μστι
2444 839 2669 907 τούτους
2706 846 3005 914 μετελθεῖν.

435 902 688 961 tanquam
716 900 785 954 ob
813 902 958 957 aliud
988 907 1195 963 crimen
1220 911 1450 979 delatos,
1476 918 1598 973 illos
1633 921 1780 990 ipsos
1804 927 2044 995 graviter
2066 932 2272 998 puniri.

506 990 643 1047 Vill.
678 999 984 1057 Antiochus
1016 1004 1179 1074 igitur
1207 1023 1331 1062 cum
1390 1012 1488 1067 bas
1540 1015 1753 1071 litteras
1793 990 2024 1076 aliiaxi-

428 1084 613 1139 miano
639 1092 959 1160 accepisset,
991 1095 1118 1152 fecit
1151 1103 1295 1168 quod
1331 1105 1631 1174 imperator
1678 1111 1939 1178 jnsserat,
1972 1124 2028 1171 et

428 1173 693 1247 insignem
727 1181 818 1236 Dei
855 1200 1072 1241 servum
1109 1191 1408 1260 Andream,
1466 1208 1523 1252 et
1546 1216 1739 1257 omnes
1774 1205 1867 1274 qui
1899 1221 2023 1262 cum

429 1269 546 1336 ipso
576 1283 758 1337 erant,
779 1292 844 1331 ex
874 1280 1104 1337 vinculis
1123 1285 1332 1350 eduxit,
1381 1301 1440 1346 et
1496 1293 1672 1349 libero
1732 1313 1796 1352 ac
1823 1315 2023 1356 securo

425 1362 611 1418 animo
669 1367 835 1423 vitam
893 1373 1091 1444 degere
1147 1382 1417 1446 permisit.
1502 1386 1572 1438 At
1645 1399 1871 1446 sanctus
1927 1394 2023 1450 Dei

428 1452 682 1511 minister
718 1462 970 1519 Andreas
1008 1469 1278 1537 ejusmodi
1312 1472 1540 1532 fallaciae
1568 1478 1851 1538 inventum
1885 1486 2026 1543 divi-

425 1548 574 1604 nitus
612 1553 712 1607 sibi
762 1558 1092 1623 patefactum
1148 1571 1426 1639 cognovit,
1487 1582 1543 1628 et
1591 1590 1687 1630 eos
1741 1580 1836 1648 qui
1897 1597 2022 1638 cum

426 1636 546 1705 ipso
581 1641 984 1715 laboraverant,
1022 1655 1253 1726 ejusque
1319 1662 1792 1725 admonitionibus
1838 1675 1904 1727 ad
1933 1675 2021 1729 di-

425 1729 605 1785 vinam
631 1739 996 1807 cognitionem
1030 1748 1272 1814 perducti
1294 1751 1530 1821 fuerant,
1559 1774 1745 1815 secum
1794 1764 2023 1833 habens,

425 1820 481 1874 in
532 1822 778 1883 Ciliciam
841 1833 908 1887 ad
955 1835 1186 1894 Tarsum
1246 1851 1596 1918 metropolim
1642 1869 1702 1909 se
1732 1859 2017 1915 contulit:

419 1913 530 1983 jam
562 1917 765 1974 dudum
790 1927 936 1979 enim
960 1933 1301 1999 propositum
1325 1913 1610 2006 habuerat,
1637 1962 1734 2015 per
1765 1946 2012 2017 Petrum,

421 2010 513 2076 qui
549 2019 790 2082 tempore
843 2019 935 2073 illo
1000 2024 1254 2094 religiose
1311 2041 1368 2083 et
1430 2046 1622 2091 sancte
1675 2044 2009 2108 praasidcbat

416 2097 528 2165 jam
554 2101 1047 2178 dictrcinetropoii,
1085 2124 1141 2168 et
1172 2119 1359 2175 multis
1407 2127 1625 2196 egregie
1675 2097 1837 2184 iactis
1878 2149 2017 2202 pra:-

420 2192 624 2257 stabat,
649 2195 865 2267 Deoque
885 2201 984 2269 ipsi
1016 2217 1201 2273 gratus
1235 2221 1373 2274 erat,
1402 2192 1468 2268 ad
1490 2192 1784 2275 salutarem
1815 2192 2020 2296 baptis-

420 2298 570 2337 mum
611 2289 859 2355 perduci.
898 2291 1032 2348 Nam
1062 2300 1163 2353 etsi
1206 2302 1384 2357 fuerat
1413 2306 1481 2361 ab
1510 2307 1687 2375 initio,
1749 2326 1809 2371 ut
1844 2289 2013 2388 supra

419 2374 623 2430 dictum
654 2391 758 2443 est,
799 2384 1151 2447 ﬁdelissimus
1183 2392 1277 2449 Dei
1311 2397 1583 2468 minister,
1604 2409 1811 2477 etejus
1854 2374 2014 2468 ddiiis

419 2465 677 2535 refertus,
694 2476 939 2532 nondum
962 2489 1147 2537 tamen
1168 2486 1337 2541 divini
1368 2465 2011 2575 baptismatisparticeps

414 2556 597 2613 factus
636 2577 776 2622 erat.
851 2571 1161 2630 Antiochus
1219 2593 1350 2634 cum
1400 2583 1656 2652 Andrem,
1706 2598 1763 2644 et
1817 2607 2009 2650 eorum

412 2654 654 2720 quicum
714 2660 833 2728 ipso
863 2675 1041 2733 erant,
1097 2669 1493 2730 discessionem
1529 2678 1604 2750 (6)
1637 2685 2008 2753 cognovisset,

410 2745 598 2801 furore
632 2766 921 2818 acciensus,
951 2760 1298 2819 consiliarios
1332 2782 1483 2833 suos,
1524 2779 1601 2835 et,
1663 2777 1868 2844 quibus
1927 2783 2008 2837 uti

408 2853 795 2910 consueverat.
830 2854 1147 2919 accersivit,
1200 2873 1432 2929 quaeque
1476 2864 1724 2922 Andreas
1781 2871 2007 2943 iecerat,

407 2947 534 2986 cum
567 2934 675 2990 illis
709 2944 1157 3010 communicavit,
1183 2957 1238 3004 et
1274 2951 1483 3007 litteras
1528 2957 1677 3015 misit
1711 2962 1777 3016 ad
1812 2962 2006 3021 Seleu-

390 3037 556 3095 cum,
585 3027 677 3095 qui
728 3030 781 3083 in
813 3030 1017 3089 Ciliciae
1034 3037 1540 3111 administratione,
1570 3052 1718 3117 quod
1763 3056 1830 3108 ad
1862 3059 2009 3113 mili-

2219 1030 2301 1081 H'.
2344 1028 2620 1102 Ἀντίοχος
2646 1031 2741 1089 οὖν
2760 1037 2858 1101 τάς
2881 1042 3142 1107 τοιαύτας
3174 1045 3552 1118 ἀντιγράφους
3579 1053 3741 1122 δεξά·

2135 1135 2293 1189 μενος
2348 1122 2696 1192 Μαξιμιανοῦ
2751 1130 3021 1193 συλλαϐάς
3071 1135 3161 1188 ἐπ’
3193 1136 3356 1208 ἔργον
3406 1141 3619 1214 ἤγαγεν
3669 1148 3745 1202 τά

2131 1218 2611 1287 προστεταγμένα,
2641 1224 2740 1278 καὶ
2766 1224 2858 1277 τὸν
2889 1226 2992 1292 μὲν
3015 1227 3227 1295 ἔνδοξον
3256 1233 3352 1286 τοῦ
3376 1236 3514 1289 Θεοῦ
3542 1237 3740 1294 δοῦλον

2128 1305 2404 1377 -Ἃνδρέαν
2453 1311 2549 1362 καὶ
2594 1313 2721 1376 τοὺς
2776 1317 2896 1385 μετ’
2943 1319 3111 1372 αὐτοῦ
3158 1324 3369 1385 πάντας
3411 1319 3738 1399 ὑπεξήγαγε

2129 1397 2239 1451 τῶν
2277 1401 2676 1476 δεσμωτηρίων
2718 1411 2811 1462 καὶ
2850 1410 3026 1476 ἀδεῶς
3055 1415 3216 1486 δῆθεν
3259 1421 3357 1472 καὶ
3403 1397 3741 1492 ἀμερίμνως

2130 1493 2341 1562 διάγειν
2389 1499 2720 1570 ἐπέτρεπεν.
2776 1504 2834 1557 '0
2864 1504 2922 1558 δὲ
2972 1508 3130 1576 ᾶγιος
3158 1510 3253 1564 τοῦ
3288 1512 3428 1565 Θεοῦ
3472 1513 3740 1585 θεράπων

2124 1588 2224 1658 τῆς
2279 1591 2536 1661 τοιαύτης
2571 1595 2851 1667 ἐξαπάτης
2919 1600 3011 1653 τὸν
3051 1604 3250 1673 τρόπον
3286 1608 3348 1660 ἐκ
3381 1607 3537 1671 θείας
3587 1612 3737 1665 ἁπο-

2129 1682 2419 1752 καλύψεως
2440 1686 2722 1754 ἐγνωκὼς,
2750 1692 3030 1761 παρέλαϐε
3053 1698 3182 1753 τοὺς
3201 1699 3348 1770 αὐτῷ
3383 1702 3742 1771 συγκάμνον-

2130 1791 2225 1838 τας
2260 1778 2355 1830 καὶ
2389 1779 2479 1832 διὰ
2525 1781 2626 1849 τῆς
2659 1783 2828 1836 αὐτοῦ
2867 1790 3255 1857 παραινέσεως
3294 1792 3393 1863 τὴν
3431 1794 3587 1849 θείαν
3624 1797 3736 1852 λα·-

2125 1866 2321 1930 6όντας
2352 1871 2650 1937 ἐπίγνωσιν
2674 1914 2689 1937 ,
2716 1876 2812 1928 καὶ
2843 1878 2988 1931 κατά
3015 1880 3114 1947 τὴν
3149 1883 3413 1954 Ταρσέων
3449 1890 3739 1958 μητρόπο-

2124 1957 2207 2011 λιν
2237 1963 2336 2029 τῆς
2372 1962 2626 2028 Κιλικίας
2652 1966 2879 2034 γέγονεν
2932 1971 3227 2044 ἐπαρχίας.
3258 1972 3368 2029 Ἦν
3401 1957 3520 2046 γάρ
3540 1984 3637 2033 καὶ
3668 1987 3735 2035 ἐκ

2124 2047 2324 2103 πολλοῦ
2385 2056 2590 2107 σκοπὸν
2655 2056 2796 2129 ἔχων
2851 2060 2939 2114 διὰ
2996 2063 3208 2134 Πέτρου
3262 2068 3356 2121 τοῦ
3414 2072 3730 2140 τηνικαῦτα

2121 2142 2286 2205 ὁσίως
2325 2144 2426 2212 τῆς
2459 2149 2762 2219 εἰρημένης
2794 2154 3227 2224 προεδρεύοντος
3281 2163 3684 2230 μητροπόλεως
3712 2206 3729 2232 ,

2122 2232 2218 2285 καὶ
2250 2235 2466 2302 πολλοῖς
2497 2242 2609 2303 τοῖς
2650 2243 2793 2295 κατὰ
2827 2244 2960 2298 Θεὸν
2990 2247 3391 2319 διαλάμποντος
3429 2255 3725 2324 κατορθώ-

2124 2340 2260 2394 μασι
2310 2327 2389 2397 τῷ
2444 2333 2701 2404 σωτηρίῳ
2754 2338 3140 2406 προσαχθῆναι
3194 2340 3556 2413 βαπτίσματι.
3625 2347 3728 2415 Ἐξ

2121 2417 2296 2488 ἀρχῆς
2331 2422 2431 2489 μὲν
2461 2423 2593 2491 γάρ,
2630 2425 2705 2489 ὡς
2745 2430 3092 2500 προείρηται,
3129 2434 3322 2497 πιστὸς
3355 2436 3608 2509 ὑπῆρχεν
3631 2440 3728 2493 θε-

2121 2510 2315 2580 ράπων
2370 2513 2505 2566 Θεοῦ
2558 2518 2654 2570 καὶ
2701 2518 2811 2571 τῶν
2858 2523 3028 2575 αὑτοῦ
3082 2527 3441 2595 χαρισμάτων
3503 2532 3729 2602 πεπλη-

2118 2606 2400 2675 ρωμένος,
2444 2608 2600 2663 οὔπω
2631 2611 2688 2664 δὲ
2727 2613 3051 2685 μεταλαχὼν
3083 2617 3178 2672 τοῦ
3211 2619 3358 2674 θείου
3394 2621 3723 2694 βαπτίσμα-

2119 2713 2232 2760 τος.
2301 2699 2573 2771 Ἀντίοχος
2626 2703 2684 2756 δὲ
2723 2705 2823 2777 τὴν
2870 2708 3132 2779 τοιαύτην
3173 2711 3342 2765 αὐτοῦ
3375 2731 3433 2767 τε
3467 2716 3563 2768 καὶ
3601 2717 3723 2773 τῶν

2121 2788 2220 2841 σὺν
2256 2790 2408 2862 αὐτῷ
2441 2793 2632 2861 μαθὼν
2667 2796 3043 2870 ἀναχώρησιν,
3078 2804 3174 2855 καὶ
3206 2804 3381 2874 θυμοῦ
3420 2807 3715 2878 πλησθεὶς,

2113 2882 2241 2945 τοὺς
2268 2883 2464 2938 ἑαυτοῦ
2497 2888 2841 2955 συμϐούλους
2869 2908 2928 2943 τε
2961 2893 3057 2945 καὶ
3089 2895 3345 2966 συνήθεις
3374 2901 3719 2968 προσεκαλὲς

2115 2986 2249 3024 σατο
2302 2974 2399 3027 καὶ
2458 2975 2528 3029 τὰ
2579 2980 2708 3048 περὶ
2769 2985 2963 3035 τούτου
3020 2985 3207 3049 αὐτοῖς
3263 2990 3712 3059 κοινωσάμενος,

2111 3064 2348 3135 γράμμα
2375 3068 2513 3137 πρὸς
2533 3070 2794 3124 Σέλευκον
2815 3074 3160 3146 διεπέμψατο
3196 3080 3289 3133 τὸν
3316 3076 3482 3137 αύτοῦ
3511 3085 3570 3138 τὸ
3595 3089 3716 3140 πᾶν

406 3127 525 3169 tare
556 3133 694 3186 opus
725 3125 1053 3193 pertinebat,
1113 3132 1231 3201 ejus
1291 3137 1532 3193 vicarius
1583 3155 1721 3198 erat.
1775 3146 1995 3205 Litterae

406 3220 589 3250 aulam
637 3213 739 3250 illm
770 3216 840 3250 ἰιιι
871 3221 1231 3250 ι-ιιι.η1...ι.η...
1263 3243 1277 3250 -
1339 3228 1472 3250 τι-.-
1520 3241 1564 3250 ._
1709 3237 1740 3250 ..
1788 3240 1798 3249 .
1946 3243 1960 3250 -

2124 3125 2163 3133 ..
2229 3125 2240 3131 .
2274 3125 2284 3135 .
2422 3125 2433 3137 .
2493 3125 2507 3132 ν
2823 3125 3155 3146 ""“F"l""
3206 3125 3282 3133 "'
3317 3125 3480 3137 """"
3519 3125 3568 3138 "'
3601 3125 3714 3140 "'"""

2108 3157 2533 3228 ἀναπληροῦντα
2561 3164 2619 3214 ἐν
2656 3167 2775 3228 ταῖς
2814 3168 2908 3219 ἐπὶ
2962 3172 3063 3240 τῆς
3096 3174 3353 3238 Κιλικίας
3392 3194 3716 3250 στρατηγι-

404 3220 590 3287 autem
635 3213 740 3267 illa;
770 3216 841 3269 ita
870 3234 930 3272 se
956 3221 1277 3280 habebant:
1338 3228 1478 3283 Puto
1520 3241 1571 3287 te
1618 3237 1894 3294 audivisse
1929 3243 1997 3298 de

406 3304 648 3363 Andrea.
678 3307 771 3376 qui
803 3310 932 3364 olim
964 3314 1071 3368 dux
1096 3315 1199 3372 fuit
1238 3319 1290 3373 in
1324 3325 1569 3380 exercitu
1625 3332 1994 3391 maximorum

404 3393 817 3465 imperatorum,
855 3407 1002 3473 quod
1031 3424 1179 3464 nunc
1208 3428 1316 3467 non
1351 3417 1529 3470 solum
1549 3421 1792 3490 seipsum
1812 3441 1996 3482 amen-

404 3490 494 3543 tia:
521 3492 761 3559 tradidit,
798 3497 894 3551 sed
920 3499 1189 3567 plurimus
1219 3506 1383 3560 etiam
1416 3510 1675 3578 militum,
1732 3532 1870 3581 quos
1909 3536 1994 3576 sc-

401 3597 526 3637 cmn
560 3584 816 3651 habebat,
872 3593 1195 3661 concitatos,
1245 3599 1311 3653 ad
1347 3614 1467 3655 eam
1499 3608 1828 3664 sententiam
1886 3613 1992 3667 im-

398 3676 559 3745 pulit.
588 3690 647 3732 ut
685 3682 957 3750 regalibus
984 3695 1040 3739 et
1087 3687 1288 3744 divinis
1312 3693 1508 3749 edictis
1537 3697 1986 3764 adversarentur.

397 3768 668 3834 Quoniam
695 3789 828 3829 vero
846 3781 1206 3848 cognovimus
1226 3784 1364 3838 clam
1414 3786 1543 3843 hinc
1567 3790 1743 3860 ipsum
1780 3796 1990 3852 disces-

396 3864 556 3927 sisse,
590 3875 645 3920 et
679 3867 731 3921 in
756 3868 989 3925 Cilicum
1014 3875 1297 3942 provincia
1323 3895 1471 3934 nunc
1501 3883 1788 3949 exsistere,
1813 3891 1989 3960 requi-

397 3957 493 4010 taii
526 3967 633 4013 tuae
663 3961 895 4030 placeat,
929 3966 1089 4036 regia:
1143 3970 1409 4025 voluntati
1449 3957 1894 4047 obtemperanti,
1932 3993 1989 4039 et

393 4049 693 4116 Andream,
744 4064 799 4110 et
819 4064 915 4111 eo‘s
964 4060 1057 4128 qui
1094 4076 1217 4117 eum
1276 4066 1398 4135 ipso
1420 4079 1572 4131 sunt,
1616 4075 1894 4142 persequi,
1922 4091 1987 4132 ac

392 4142 649 4197 detentus
683 4155 738 4200 ct
770 4148 980 4205 vinctos
1024 4154 1230 4208 nostris
1261 4158 1520 4213 manibus
1564 4162 1807 4219 tradere.
1825 4165 1985 4231 Quod

393 4237 436 4290 si
462 4238 737 4296 adversati
773 4243 1001 4312 iuerint,
1038 4251 1343 4325 autfugere
1374 4254 1488 4325 jam
1511 4261 1804 4329 coeperint,
1836 4264 1984 4318 mili-

393 4333 608 4387 taribus
630 4335 827 4405 gladiis
848 4345 1081 4397 coniice.

461 4424 554 4478 IX.
586 4425 847 4485 Seleucus
885 4448 1013 4488 cum
1068 4436 1337 4505 ejusmodi
1390 4444 1604 4504 litteras
1649 4453 1976 4522 accepisset,

386 4520 674 4587 expeditos
720 4532 777 4577 et
815 4526 1229 4593 probatissimos
1288 4536 1514 4603 milites,
1542 4555 1684 4610 quos
1743 4520 1977 4600 Romani

384 4610 790 4683 ordinarios(7)
825 4617 1122 4686 appellant,
1160 4628 1599 4696 quamplurimas
1632 4648 1819 4688 secum
1883 4637 1980 4691 ha-

384 4702 544 4770 bens,
578 4712 715 4774 (erat
742 4708 888 4763 enim
932 4721 988 4766 et
1021 4713 1137 4782 ipse
1174 4728 1366 4774 contra
1411 4721 1616 4778 Christi
1663 4741 1854 4783 servos
1890 4731 1977 4784 ni-

381 4797 491 4851 mio
519 4798 702 4861 lurore
735 4804 1020 4875 percitus),
1040 4808 1108 4862 ad
1135 4811 1488 4868 Tarsensium
1521 4818 1715 4873 urbem
1775 4837 1973 4892 prope-

380 4891 540 4955 ravit,
571 4908 693 4948 cum
730 4906 1047 4953 sanctorum
1084 4902 1369 4960 hominum
1397 4918 1673 4964 catervam
1709 4912 1822 4968 illic
1847 4931 1969 4971 esse

377 4981 679 5045 didicisset.
716 4988 966 5047 Andreas
992 5010 1122 5050 vero
1154 5010 1382 5055 sanctus
1410 5002 1512 5068 vir,
1553 5019 1679 5059 cum
1721 5007 1775 5063 id
1825 5024 1966 5079 pra:-

448 5152 669 5238 (ﬁj'Non
702 5162 1108 5238 satis_eqnidem
1138 5167 1407 5236 concipio,
1444 5174 1717 5238 quomodo
1760 5176 1969 5232 disces-

374 5222 457 5305 sio
487 5226 578 5278 illa
616 5232 731 5282 lieri
764 5248 791 5283 a
820 5222 1029 5305 Sancto
1062 5222 1311 5304 potuerit.
1334 5222 1504 5294 invit'o
1537 5246 1829 5302 Antiocho.
1874 5251 1964 5305 cui

372 5296 594 5375 suberat
625 5304 924 5375 secundum
963 5296 1115 5361 Acta.
1184 5310 1348 5363 Estne
1397 5310 1709 5375 huiusmodi
1758 5322 1958 5373 iactum

373 5365 681 5446 disciplina-
713 5374 936 5426 militari
979 5392 1039 5429 ac
1076 5377 1283 5446 legibus
1317 5365 1569 5437 civilibus
1604 5400 1906 5441 consonum
1935 5390 1959 5443 ?

2102 3251 2221 3311 xai’;
2256 3251 2614 3321 διοικήσεσιν,
2645 3249 2746 3309 ὧδὲ
2776 3274 2893 3322 πως
2922 3261 3047 3330 ἕχον
3068 3280 3085 3295 ’
3130 3265 3453 3336 Ἀκηκοὲναι
3512 3288 3573 3324 σε
3602 3274 3712 3345 ήδη

2100 3343 2401 3413 νομίζομεν
2433 3346 2500 3399 τὰ
2535 3348 2664 3418 περὶ
2700 3348 2956 3421 Ἀνδρέου
2988 3355 3082 3406 τοῦ
3107 3355 3301 3426 πρώην
3337 3361 3437 3428 μὲν
3467 3379 3715 3436 στρατη-

2098 3433 2263 3487 λάτου
2290 3436 2398 3488 τῶν
2421 3439 2698 3507 μεγίστων
2726 3443 3176 3514 αὐτοκρατόρων,
3203 3453 3320 3502 νυνὶ
3343 3452 3399 3504 δέ
3432 3454 3508 3521 μὴ
3537 3433 3711 3524 μόνον

2097 3526 2291 3579 ἑαυτὸν
2318 3531 2397 3591 εἰς
2423 3530 2684 3584 ἀπόνοιαν
2709 3533 2966 3602 ἄραντος,
2991 3538 3129 3591 ἀλλὰ
3155 3541 3249 3593 καὶ
3276 3542 3566 3608 πλείστους
3589 3548 3710 3601 τῶν

2099 3620 2197 3672 σὺν
2232 3620 2382 3691 αύτῷ
2417 3626 2772 3694 στρατιωτῶν
2808 3628 2945 3698 πρὸς
2985 3633 3307 3686 ἐναντίωσιν
3338 3636 3446 3687 τῶν
3478 3637 3707 3705 βασιλι-

2094 3713 2207 3767 κῶν
2257 3715 2726 3785 ἁναρῤιπίσαντος
2769 3721 3184 3793 θεσπισμάτων.
3245 3729 3468 3799 Ἐπειδὴ
3515 3732 3707 3785 τοίνυν

2096 3804 2349 3874 ἔγνωμεν
2380 3807 2546 3861 αὐτὸν
2578 3809 2859 3881 λαθραίως
2890 3815 3145 3869 ἐντεῦθεν
3177 3818 3707 3891 ὑπαναχωρήσαντα

2095 3901 2234 3952 κατά
2256 3900 2353 3970 τῆς
2382 3902 2646 3957 Κιλικίων
2686 3904 2781 3958 νῦν
2806 3909 3075 3978 ἐπαρχίαν
3097 3912 3460 3982 ἀναφανῆναι,
3489 3915 3703 3989 θελήσῃ

2092 3992 2125 4061 ἡ
2159 3993 2225 4061 σὴ
2261 3994 2542 4048 ἐπιείκεια
2578 3995 2658 4064 ’τῷ
2691 3997 2958 4070 βασιλικῷ
2989 4005 3468 4058 κατακολουθοῦσα
3504 4010 3703 4079 σκοπῷ

2091 4084 2374 4153 ἐπιδιῶξαι
2401 4086 2593 4141 τοῦτον
2625 4093 2721 4143 καὶ
2762 4093 2891 4155 τοὺς
2920 4094 3017 4147 σὺν
3045 4096 3218 4166 αὐτῷ,
3243 4099 3338 4151 καὶ
3369 4106 3697 4169 κατασχεῖν,

2089 4177 2184 4230 καὶ
2205 4176 2463 4246 δεσμίους
2487 4184 2609 4244 ταῖς
2638 4183 2935 4255 ἡμετέραις
2961 4188 3296 4257 παραδοῦναι
3319 4193 3505 4262 χερσίν
3526 4208 3538 4222 '
3558 4196 3608 4245 εί
3631 4194 3698 4252 δὲ

2088 4269 2224 4338 πρὸς
2267 4270 2582 4325 ἐναντίωσιν
2633 4274 2665 4343 ἢ
2698 4276 2874 4345 φυγὴν
2909 4277 3035 4329 ἰδεῖν
3065 4281 3482 4351 ἐγχειρήσωσιν,
3517 4299 3694 4355 στρα-

2087 4368 2370 4427 τιωτικοῖς
2397 4366 2611 4432 ξίφεσιν
2642 4369 2843 4432 αὐτοὺς
2876 4371 3242 4436 ἐξαναλῶσαι.

2157 4456 2237 4510 Θ’.
2269 4435 2333 4510 ἓΟ
2363 4456 2418 4509 δὲ
2449 4458 2717 4522 Σέλευκος
2739 4461 2801 4513 τὸ
2838 4435 3084 4515 τοιοῦτον
3111 4465 3353 4535 γράμμα
3385 4466 3693 4538 δεξάμενος

2086 4549 2181 4602 καὶ
2245 4548 2355 4603 τῶν
2409 4551 2667 4613 εὐζώνων
2728 4556 2826 4608 καὶ
2869 4556 3275 4626 δοκιμωτάτων
3327 4566 3691 4633 στρατιωτῶν

2080 4639 2176 4704 οὓς
2203 4640 2267 4710 δὴ
2297 4643 2566 4707 ταξάτους
2620 4645 2909 4713 καλοῦσιν,
2955 4648 3040 4701 ὃτι
3101 4649 3344 4720 μάλιστα
3389 4653 3687 4721 πλείστους

2081 4734 2424 4803 παραλαϐὼν
2470 4731 2560 4805 (ἦν
2600 4738 2709 4808 γὰρ
2754 4740 2849 4793 καὶ
2888 4732 3046 4805 οὗτος
3099 4745 3200 4812 τῆς
3248 4747 3391 4797 κατά
3419 4746 3531 4798 τῶν
3578 4748 3684 4801 τοῦ

2075 4826 2313 4897 Χριστοῦ
2345 4828 2695 4896 θεραπόντων
2724 4833 2924 4902 μανίας
2946 4836 3428 4906 πεπληρωμένος),
3453 4841 3548 4892 ἐπὶ
3574 4844 3681 4912 τὴν

2073 4921 2376 4990 εἰρημένην
2402 4922 2664 4994 Ταρσέων
2701 4928 3038 4999 μητρόπολιν
3064 4929 3328 5000 ὥρμησεν
3352 4973 3367 4993 ,
3407 4937 3590 4987 ἐκεῖσε
3614 4936 3677 4989 τὸ

2074 5012 2185 5066 τῶν
2223 5015 2396 5082 ἁγίων
2443 5021 2630 5087 στῖφος
2664 5019 2873 5088 διάγειν
2925 5021 3287 5093 μεμαθηκώς.
3325 5025 3383 5079 Ὀ
3407 5026 3463 5079 δὲ
3514 5026 3679 5096 ἅγιος

2071 5182 2279 5236 toribus
2315 5197 2435 5237 sese
2465 5184 2855 5242 subducerent.
2884 5188 2959 5243 De
2993 5190 3080 5246 his
3112 5190 3297 5261 itaque
3322 5193 3524 5249 viderit
3556 5203 3669 5256 Ac-

2069 5262 2247 5305 torum
2281 5266 2494 5310 auctor.

2134 5323 2211 5389 (7)
2276 5323 2615 5409 0_rdinar_ios.
2679 5328 2756 5409 _ln
2815 5336 3369 5409 nos_t.ro_fa_templari
3451 5338 3663 5409 (ἕπετο,

2058 5394 2203 5462 quod
2238 5395 2557 5471 habeturin
2593 5400 2783 5471 codice
2812 5401 2852 5471 ἰ·
2884 5401 2982 5453 Ms.
3026 5403 3148 5461 194.
3192 5394 3462 5470 ταξάτους
3520 5394 3661 5471 lego:

2055 5464 2262 5546 Capgio
2309 5465 2374 5546 _in
2438 5468 2702 5546 glossario
2770 5464 3233 5546 Gi'wco-barbaro
3274 5464 3455 5532 'sunt-
3488 5464 3658 5546 ταὲάλ

2056 5534 2181 5601 rod,
2226 5534 2725 5620 milites'qniviaua
2777 5558 2913 5597 voce
2966 5542 3152 5620 regis,
3211 5566 3230 5597 ι
3261 5547 3396 5612 Nisi,
3458 5551 3655 5620 inquit,

2061 5608 2186 5675 quis
2230 5608 2384 5683 malit
2419 5613 2498 5663 sic
2524 5613 2849 5680 appellatos,
2903 5608 3061 5683 quod
3117 5617 3186 5672 iis
3237 5608 3456 5675 laxetur
3504 5608 3653 5679 certa

2062 5677 2115 5730 in
2150 5679 2485 5750 stipendium
2517 5677 2764 5750 pecuniae
2817 5677 3054 5740 Summa.
3083 5705 3100 5738 ›
3142 5687 3347 5744 Deinde
3396 5693 3652 5748 observat

2063 5763 2196 5802 voce
2226 5747 2451 5813 ταξάτοι
2476 5747 2718 5807 maxime
2753 5754 2859 5830 d_i_e_i
2898 5757 3101 5830 milites
3133 5747 3520 5830 prtesidiarios,
3548 5779 3647 5821 seu

2058 5819 2151 5890 qui
2181 5820 2234 5874 in
2270 5830 2579 5879 castrorum
2631 5825 2883 5894 praesidia
2920 5819 3283 5891 inducuntur.

376 5433 671 5523 lii-ranula:
690 5452 841 5523 certe
868 5433 1356 5523 traiisgre§SiOIieiii
1390 5468 1609 5523 semper
1640 5458 1840 5513 obnixe
1868 5476 1957 5515 ca-

369 5507 567 5585 vebant
634 5510 841 5585 Sancti.
897 5516 974 5569 Ad
1021 5507 1161 5583 inec,
1236 5537 1356 5575 cum
1401 5507 1636 5580 Sanctus
1696 5545 1761 5582 ac
1816 5531 1949 5585 socii

368 5577 493 5659 (:jus
564 5583 837 5659 voluerint
892 5586 1076 5657 I'ngere
1130 5577 1588 5659 persecutionem.
1646 5602 1949 5657 secundum

368 5646 524 5739 Acta.
560 5655 800 5739 nnnjnil,
826 5646 981 5739 cur:
1008 5646 1333 5739 [transerunt
1386 5665 1571 5728 simul,
1607 5684 1670 5723 ac
1711 5673 1948 5739 separati

372 5726 477 5764 mm
503 5730 642 5794 sunt
667 5719 690 5771 ?
714 5720 998 5798 separatio
1024 5743 1175 5785 certe
1218 5731 1304 5786 illa
1350 5750 1413 5787 cx
1450 5719 1644 5791 natura
1705 5719 1800 5795 reir
1826 5753 1950 5798 erat

374 5787 607 5842 maxime
645 5787 983 5865 conducens,
1018 5799 1063 5854 si
1089 5817 1200 5858 non
1233 5807 1571 5877 necessaria,
1608 5820 1665 5864 ut
1695 5828 1948 5893 persecu-
