3996 6450
8 4610 15 4723 ξ

8 4736 15 4771 ξ

7 4906 17 5089 Ξ

8 5094 19 5169 ὲ

8 5182 21 5301 ἒ

8 5318 22 5425 Ξ

8 5434 23 5525 ἒ

8 5550 23 5611 Π

8 5748 27 5821 ;io

8 5830 23 5899 ἓ

37 5190 55 5205 ι

473 400 576 469 611
1182 468 1189 477 ,
1681 406 1993 499 .MENSIS
2031 406 2514 469 SEPTEMBER.
3637 407 3746 472 612

477 516 751 574 sociorum
786 514 935 569 mille
973 522 1193 568 centum
1234 520 1291 568 et
1320 522 1578 584 quatuor,
1617 516 1709 584 qui
1736 515 2062 585 abjicientes
2094 523 2137 579 Α
2165 519 2233 574 ad
2272 528 2516 590 tempora
2548 515 2898 573 Maximiani?
2925 514 3077 571 Vidit
3105 515 3249 573 haud
3277 515 3440 573 dubie
3500 517 3749 576 Nolanus

478 607 687 663 militiae
716 605 1013 672 cingulum,
1045 604 1098 656 in
1130 605 1516 673 persecutione
1581 604 1899 660 Diocletiani
1965 623 2062 677 pro

481 698 824 752 confessione
842 695 1045 748 Christi
1071 696 1245 749 necati
1271 704 1400 749 sunt
1435 713 1453 745 ›
1485 694 1745 751 Patethic
1776 698 2063 753 Romulum

484 791 696 859 scjttngi
727 806 756 841 a
798 788 1022 854 reliquis
1057 806 1072 854 ;
1108 798 1163 841 et.
1189 798 1353 849 recte.
1389 791 1462 842 uti
1486 791 1616 842 Acta
1640 790 1867 844 inferius
1884 792 2063 845 danda

481 881 795 934 ostendent.
846 879 1072 932 Fallitur
1110 890 1288 933 tamen
1322 880 1611 945 Baronius,
1644 882 1772 934 dum
1820 889 1874 935 In
1900 881 2067 936 Nota-

483 975 724 1026 tionibus
762 974 827 1025 ad
865 972 1302 1042 Martyrologium
1335 973 1430 1035 ait,
1476 994 1493 1023 ι
1526 974 1697 1027 Grzcci
1753 974 1820 1027 de
1870 977 2063 1029 eodem

481 1066 759 1130 (Romulo)
796 1068 924 1119 item
962 1068 1063 1120 hac
1094 1068 1179 1120 die
1208 1068 1260 1120 in
1295 1067 1597 1137 Meuologio
1639 1078 1805 1137 agunt
1838 1085 1851 1120 :
1893 1089 1910 1118 ι
1937 1084 2062 1122 nam

480 1156 849 1225 Menologium
909 1159 1101 1212 Latine
1170 1175 1390 1213 versum
1424 1176 1454 1213 a
1518 1159 1716 1213 Sirleto
1769 1161 2061 1221 cardinale.

482 1250 625 1317 quod
659 1252 773 1316 tpSH
816 1248 1081 1302 Baronius
1109 1250 1173 1304 ad
1205 1252 1238 1304 5
1265 1251 1506 1305 Januarii
1547 1252 1832 1319 proﬁtetur
1864 1268 1923 1306 se
1955 1252 2066 1306 Me-

484 1339 680 1406 nologii
716 1341 936 1394 nomine
961 1357 1176 1406 semper
1207 1343 1534 1408 intelligere,
1587 1343 1786 1412 aliique
1853 1343 2069 1399 Graeco-

485 1448 604 1485 rum
665 1431 786 1485 fasti
847 1433 1202 1487 ecclesiastici
1255 1435 1389 1488 nihil
1427 1451 1653 1504 prorsus
1712 1439 1815 1491 hac
1842 1437 1931 1493 die
1999 1437 2067 1490 de

488 1522 717 1575 Romulo
744 1525 949 1577 habent
982 1526 1114 1589 ;sed
1152 1541 1275 1578 eum
1311 1542 1413 1580 una
1453 1544 1575 1581 cum
1609 1529 1822 1583 caeteris
1865 1537 2067 1599 inarty-

486 1613 640 1667 ribns
670 1616 948 1668 celebrant
971 1618 1003 1670 6
1034 1617 1399 1685 Septembris.

557 1707 610 1761 2.
642 1708 845 1776 Accipe
898 1708 1063 1763 verba
1108 1710 1306 1762 laudati
1352 1710 1635 1781 Menologii
1688 1713 1941 1767 Sirictani
2000 1714 2068 1768 ab

486 1797 723 1852 "extrico
741 1799 958 1852 Canisio
991 1801 1162 1852 editi:
1203 1819 1220 1850 ι
1268 1802 1467 1855 Eodem
1523 1804 1611 1856 die
1654 1803 1731 1875 [6,]
1783 1815 2061 1859 certamen

486 1902 799 1944 sanctorum
836 1902 1129 1961 martyrum
1218 1892 1466 1955 Eudoxii,
1521 1892 1777 1958 Zenonis,
1830 1896 2070 1956 Romuli.

487 1980 709 2035 Macarii
773 1992 832 2034 et
885 1981 1242 2049 reliquorum.
1306 1979 1543 2037 Sanctus
1589 1984 1850 2037 Romulus
1898 1986 2075 2053 capite

487 2074 844 2127 obtruncatus
874 2083 956 2126 est
992 2090 1019 2124 a
1054 2072 1288 2136 Traiano
1356 2074 1711 2141 imperatore,
1767 2078 1858 2143 qui
1916 2078 2073 2130 Chri-

489 2166 668 2218 tianos
705 2165 964 2232 plurimos
997 2168 1047 2216 in
1068 2166 1310 2219 diversas
1365 2166 1614 2234 regiones
1643 2168 1859 2221 exsules
1906 2170 2073 2231 misit.

489 2266 572 2310 set
624 2257 679 2309 in
729 2254 1052 2309 Chris-iaaae
1112 2255 1233 2308 liilei
1300 2258 1644 2311 conlessione
1692 2269 2074 2326 permanentes

491 2349 684 2402 mortis
715 2348 983 2415 supplicio
1014 2350 1265 2417 subjecit.
1301 2347 1574 2403 Eudoxius
1603 2357 1731 2403 vero
1761 2366 1943 2405 comes
1971 2352 2074 2405 sub

491 2440 825 2494 Diocletiano
853 2442 1108 2493 detentus
1141 2457 1168 2494 a
1203 2442 1431 2509 pneside
1471 2442 1722 2496 Melitinte
1785 2443 2074 2496 obtrum-a-

493 2540 681 2585 tusest
737 2546 971 2600 cumque
1027 2547 1095 2585 eo
1146 2533 1349 2586 milites
1391 2549 1622 2587 numero
1678 2531 1836 2589 1104.
1879 2536 2072 2590 Paucis

490 2633 614 2693 post
636 2622 830 2677 diebus
864 2622 925 2677 Β.
958 2620 1105 2677 Zeno
1131 2640 1254 2677 cum
1290 2626 1519 2693 reliquis
1540 2628 1597 2679 S.
1633 2627 1861 2679 Eudoxii
1883 2630 2069 2694 sociis,

488 2715 732 2783 martyrii
765 2731 1023 2768 coronam
1057 2717 1287 2785 accepit.
1337 2737 1355 2767 ι
1395 2719 1554 2771 Clara
1593 2720 1708 2773 haec
1738 2729 1792 2772 et
1815 2721 2070 2774 distincta

486 2817 655 2861 sunt:
686 2818 743 2860 at
770 2805 1307 2876 Menologiumjussu
1338 2807 1522 2862 Basilii
1559 2811 1903 2879 imperatoris
1932 2809 2068 2865 Por-

486 2899 914 2970 phyrogenneta:
949 2900 1149 2953 sasculo
1176 2916 1205 2953 ι
1239 2900 1551 2967 collectum,
1588 2912 1645 2956 et
1681 2900 1872 2956 Urbini
1924 2918 2070 2957 anno

490 2991 629 3045 172⁸7
698 2992 1026 3060 impressum
1088 2991 1548 3058 Graeco-Latine,
1627 3004 1904 3048 certamen
1971 2992 2066 3047 SS.

486 3082 613 3137 MM.
641 3083 892 3142 Eudoxii,
926 3079 1169 3143 Romuli,
1198 3093 1254 3136 et
1285 3084 1556 3138 sociorum
1588 3084 1654 3137 ad
1688 3086 1894 3139 dictum
1925 3086 2067 3139 diem

487 3174 647 3229 valde
690 3174 942 3227 intricate
990 3185 1044 3226 ct
1112 3174 1343 3227 confuse
1404 3184 1592 3229 narrat
1662 3176 1765 3231 hoc
1854 3179 2017 3232 modo
2051 3192 2064 3229 :
2095 3210 2137 3265 ο

496 3285 515 3318 ι
553 3265 835 3320 Eudoxius
905 3262 1108 3319 Christi
1194 3274 1423 3335 martyr,
1494 3264 1730 3333 Trajano
1793 3264 2068 3319 Romano-

488 3373 611 3412 rum
675 3360 1026 3426 imperatore,
1115 3372 1303 3411 comes
1384 3357 1581 3411 ordine
1635 3358 1757 3422 fuit,
1850 3358 2068 3412 multis-

486 3465 596 3519 que
622 3449 853 3503 miLtum
884 3449 1123 3503 millibus
1157 3448 1368 3520 (Graece
1420 3450 1651 3519 μυρίοσς
1716 3449 1808 3501 καὶ
1839 3450 2065 3519 χιλίους,

486 3542 541 3597 id
570 3554 672 3603 est,
704 3557 758 3595 xl
800 3541 967 3609 mille)
1002 3541 1059 3594 in
1094 3540 1267 3595 Gallia
1319 3540 1629 3610 imperavit.
1671 3541 1936 3595 Romulus
1969 3558 2067 3595 au-

489 3643 598 3688 tem
625 3635 761 3687 aulae
793 3633 1161 3702 imperatoriae
1202 3635 1550 3702 praepositus,
1610 3643 1804 3688 auctor
1846 3635 1949 3688 fuit
1992 3636 2071 3689 ci-

486 3726 609 3780 dem
652 3725 911 3794 Trajano,
946 3734 1005 3779 ut
1036 3727 1088 3778 in
1129 3725 1357 3779 Galliam
1390 3728 1651 3787 mitteret,
1682 3729 1774 3795 qui
1800 3726 2071 3780 Christia-

485 3833 591 3873 nos
621 3817 822 3872 milites
845 3817 948 3871 diis
982 3817 1267 3870 immolare
1297 3818 1708 3887 compellereut.
1783 3817 1903 3883 Quo
1943 3834 2070 3888 pcr-

482 3924 771 3977 _acto,cum
807 3909 1007 3964 milites
1030 3908 1167 3963 adid
1196 3907 1505 3963 faciendum
1539 3909 1720 3963 induci
1757 3910 2067 3979 nequirent,

494 4006 550 4057 in
619 4004 918 4057 Melitinam
950 4002 1223 4055 Armenia:
1255 4002 1443 4055 urbem
1493 4001 1713 4073 relegati
1757 4012 1904 4055 sunt.
1943 4000 2072 4056 Post

492 4092 609 4146 haec
637 4091 900 4146 Romulus
936 4091 1253 4160 poenitentia
1295 4092 1515 4155 ductus,
1559 4106 1684 4145 cum
1714 4092 1767 4144 in
1793 4093 2069 4146 Christum

492 4182 842 4243 credidisset,
881 4166 1293 4250 'l‘rajanumque
1318 4181 1684 4250 objurgassct,
1723 4179 1906 4250 capite
1954 4184 2071 4249 ple-

491 4290 594 4328 xus
611 4285 716 4329 est.
749 4273 951 4326 Deinde
973 4289 1094 4328 cum
1133 4271 1365 4340 imperio
1392 4273 1598 4341 potitus
1619 4281 1768 4327 esset
1794 4272 2076 4327 Maximia-

491 4382 617 4432 nus,
651 4365 1020 4434 edixissetque
1062 4363 1410 4418 Christianos
1468 4362 1727 4426 interﬁci,
1786 4365 2074 4420 mandavit

493 4475 587 4531 per
613 4461 819 4513 litteras
857 4469 914 4511 et
947 4458 1201 4511 llleltinaa
1234 4455 1511 4525 praelecto.
1574 4466 1632 4510 ut
1660 4458 1866 4512 Christi
1892 4459 2075 4513 culto-

2166 612 2268 665 ista
2304 626 2414 664 non
2466 610 2791 677 cohaerere;
2846 608 3078 677 ideoque
3130 607 3186 661 in
3252 608 3629 664 additionibus
3679 610 3750 667 ad

2167 700 2471 756 Usuardum
2505 702 2538 756 5
2591 701 2930 770 Septembris
2970 700 3303 766 scripserit:
3346 719 3366 751 ι
3408 703 3608 755 Eodem
3654 705 3748 758 die

2168 790 2269 845 SS.
2300 792 2432 846 MM.
2466 792 2721 858 Eudoxii,
2753 792 2846 862 qui
2868 803 2922 846 et
2964 792 3259 857 Marianos,
3289 790 3526 849 Romuli.
3577 793 3758 849 Zeno-

2166 882 2270 942 nis.
2311 892 2367 935 et
2421 882 2672 940 Macarii.
2705 883 2796 952 qui
2862 881 2964 935 sub
2997 882 3234 950 Trajano
3300 884 3564 954 martyrio
3596 901 3761 940 coro-

2166 985 2392 1029 nantur.
2430 994 2448 1027 ι
2485 976 2589 1028 Sed
2627 973 3044 1042 Metaphrastes,
3076 990 3239 1043 quem
3290 975 3509 1045 allegat,
3550 979 3762 1034 dis-rte

2169 1067 2328 1120 tradit
2359 1066 2655 1120 Romulum
2680 1067 2836 1135 jussu
2877 1066 3096 1133 Trajani
3130 1079 3407 1132 necatum,
3439 1069 3751 1123 Eudoxium

2168 1174 2298 1212 vero
2325 1158 2569 1227 aliosque
2603 1158 2694 1212 diu
2754 1169 2876 1227 post
2914 1158 3175 1227 martyrio
3223 1158 3447 1213 allectos
3493 1176 3615 1213 esse
3653 1161 3763 1214 sub

2170 1248 2528 1303 Diocletiano.
2555 1248 2838 1304 Ferrarius
2875 1250 2930 1302 in
2962 1250 3221 1317 Catalogo
3256 1251 3500 1317 generali
3533 1261 3762 1305 sancto-

2167 1354 2288 1394 rum
2314 1342 2380 1395 ad
2415 1342 2447 1394 6
2470 1340 2809 1405 Septembris
2843 1340 3052 1392 videtur
3080 1349 3344 1407 martyres
3377 1340 3519 1392 velle
3578 1339 3767 1408 gc-mi-

2170 1447 2338 1487 nare:
2370 1434 2649 1500 praatuissa
2691 1432 2836 1484 enim
2876 1430 2976 1485 hac
3034 1433 3478 1491 annuntiatione,
3539 1450 3556 1479 ι
3603 1432 3769 1486 Meli-

2170 1534 2312 1579 tenze
2355 1525 2408 1577 in
2434 1525 2689 1577 Armenia
2724 1522 2824 1576 SS.
2862 1523 3157 1593 Martyrum
3213 1522 3471 1585 Eudoxii,
3504 1524 3764 1589 Romuli,

2170 1627 2225 1670 et
2255 1617 2531 1669 sociorum
2572 1615 2675 1671 sub
2705 1614 2963 1682 Trajano,
3016 1633 3034 1663 ι
3073 1630 3238 1682 quam
3279 1625 3434 1669 notat
3497 1630 3561 1667 ex
3596 1614 3767 1670 Gale-

2171 1710 2314 1763 sinio
2366 1710 2709 1777 desumptam
2770 1723 2909 1768 esse,
2943 1708 3168 1761 subdit:
3225 1726 3243 1756 ι
3279 1707 3352 1760 De
3416 1708 3667 1761 Eudoxio
3710 1718 3770 1762 et

2173 1817 2286 1856 soc.
2317 1800 2581 1853 Melitenac
2617 1800 2791 1867 passis
2818 1799 2994 1869 agitur
3032 1800 3083 1852 in
3119 1798 3389 1868 Martyrol.
3451 1798 3611 1853 Rom.
3650 1801 3751 1853 die

2177 1893 2409 1962 praeccd.
2442 1892 2592 1957 ;sed
2634 1897 2738 1943 sub
2771 1890 3109 1944 Diocletiano
3137 1905 3151 1941 :
3183 1890 3237 1943 hi
3306 1906 3435 1943 vero
3487 1889 3593 1944 sub
3621 1889 3772 1943 Tra-

2172 1985 2305 2052 jano
2334 1984 2475 2051 passi
2538 1982 2858 2037 traduntur.
2918 1982 2992 2035 De
3051 1982 3281 2035 Romulo
3334 1982 3601 2037 duntaxat
3650 1985 3775 2053 agit

2178 2075 2455 2144 Martyrol.
2493 2074 2651 2134 Rom,
2685 2074 3016 2139 prtccedenti
3076 2075 3183 2127 die.
3218 2092 3237 2125 ι
3267 2074 3491 2127 Νἱεοιειο
3520 2075 3775 2127 Antonio

2177 2167 2314 2222 infra
2334 2167 2553 2220 citaudo
2581 2167 2834 2218 videntur
2860 2181 3051 2219 names
3073 2165 3321 2233 ejusdem
3349 2169 3540 2235 agonis
3567 2166 3774 2219 trium-

2176 2261 2436 2330 phatores
2457 2272 2617 2322 esse;
2658 2267 2714 2310 at
2771 2272 2880 2311 non
2929 2257 3182 2311 edisserit
3234 2257 3337 2311 sub
3363 2272 3473 2326 quo
3522 2256 3779 2323 impen-

2177 2359 2311 2406 tore.

2246 2436 2555 2497 4.'Festum
2597 2439 2654 2495 S.
2700 2439 2928 2494 Eudoxii
2959 2450 3014 2495 et
3040 2441 3310 2495 sociorum
3348 2440 3401 2494 in
3428 2439 3633 2512 Typico
3665 2456 3770 2495 seu

2173 2532 2377 2587 Rituali
2420 2534 2478 2587 S.
2512 2532 2669 2587 Saba:
2729 2535 3015 2588 colendum
3046 2536 3416 2604 praescribitur
3447 2538 3480 2580 li
3511 2533 3775 2602 Septem-

2173 2628 2288 2682 bris
2316 2627 2403 2683 bis
2432 2630 2610 2681 verbis
2641 2643 2654 2678 :
2690 2629 2794 2678 Καὶ
2828 2625 2921 2677 τοῦ
2951 2627 3110 2693 ἁγίου
3152 2628 3433 2696 μάρτυρος
3480 2624 3771 2692 Εὺδοξίου,

2175 2724 2270 2775 καὶ
2298 2722 2407 2773 τῶν
2438 2721 2535 2774 σὺν
2578 2719 2726 2789 αὐτῷ
2780 2719 3136 2787 somni:me
3187 2720 3362 2783 ἁγίων
3418 2716 3770 2787 Μιρτύρων,

2172 2812 2225 2866 id
2255 2819 2362 2870 est,
2391 2808 2455 2862 Et
2498 2811 2559 2865 S.
2609 2808 2686 2862 Μ.
2733 2807 2990 2874 Eudoxii,
3050 2826 3113 2861 ac
3144 2806 3241 2861 SS.
3284 2806 3587 2877 Martyrum
3644 2823 3773 2860 cum

2172 2903 2284 2972 ipso
2314 2918 2588 2971 passorum
2614 2939 2630 2956 .
2672 2900 2872 2953 Menam
2901 2916 3095 2969 magna
3124 2901 3384 2969 impressa
3415 2902 3481 2953 ad
3510 2901 3768 2953 eumdem

2171 2994 2313 3048 diem
2333 2993 2517 3048 Graece
2534 2996 2615 3048 sic
2644 2993 2843 3047 habent
2873 3009 2888 3046 :
2930 3015 2948 3043 ι
2978 2997 3265 3046 Certamen
3290 2992 3391 3046 SS.
3420 2991 3547 3046 MM.
3581 2991 3769 3046 Eudo«

2173 3086 2267 3146 xii,
2296 3085 2553 3147 Zenonis,
2606 3084 2905 3140 Romulict
2954 3083 3201 3151 Macarii,
3241 3103 3260 3137 ι
3293 3096 3351 3140 et
3400 3087 3773 3156 sequentibus

2173 3190 2270 3229 eos
2296 3185 2499 3229 ornant
2525 3175 2842 3230 versiculis:

2181 3290 2510 3356 Τμηθέντες
2544 3290 2859 3356 Εὐδόξιος,
2896 3290 3225 3359 Ῥωμύλος,
3255 3291 3465 3356 Ζήνων

2174 3362 2285 3415 Καὶ
2311 3363 2628 3427 Μακάριος,
2650 3362 3005 3430 μακαριστοὶ
3048 3362 3157 3415 τοῦ
3208 3365 3444 3428 τέλους.

2178 3451 2367 3523 Capite
2397 3455 2587 3505 minuti
2624 3453 2914 3512 Eudoxius.
2954 3453 3231 3515 Romulus.
3261 3444 3441 3507 Zenon

2177 3527 2250 3577 Ac
2275 3523 2547 3576 Macarius
2584 3525 2741 3593 ﬁnem
2765 3525 2973 3577 beatum
3006 3528 3259 3577 obtinent.

2177 3638 2487 3707 Μακάριος,
2523 3647 2577 3689 et
2640 3638 2976 3707 μακαριστὸς
3029 3647 3232 3692 sonant
3292 3642 3473 3692 beatus
3506 3655 3528 3704 ;
3557 3639 3614 3693 in
3660 3654 3781 3709 quo

2177 3729 2308 3784 lusit
2384 3738 2578 3798 poeta,
2635 3729 2996 3798 signiﬁcatum
3050 3731 3290 3784 nominis
3346 3732 3550 3800 proprii
3610 3734 3781 3788 unius

2178 3823 2432 3892 martyris
2487 3837 2584 3891 per
2643 3821 3025 3891 appellativum
3090 3823 3345 3876 omnibus
3427 3824 3772 3877 attribuens.

2178 3914 2447 3969 Subditur
2486 3914 2720 3981 elogium
2753 3915 2885 3968 satis
2903 3915 3195 3983 prolixum,
3224 3916 3382 3981 cuius
3414 3913 3518 3967 hoc
3550 3912 3777 3967 initium

2179 4014 2307 4061 est:
2344 3999 2513 4067 Οὗτος
2555 4004 2711 4074 ἅγιος
2755 4004 3036 4073 Ῥωμύλος
3085 4007 3180 4059 ἐπὶ
3228 4005 3498 4074 Τραϊανοῦ
3534 4004 3636 4074 τὴν
3670 4021 3778 4057 κει

2185 4097 2359 4169 φαλὴν
2394 4099 2666 4170 ἀφῃρέθη.
2700 4094 2799 4151 Hic
2837 4098 2899 4153 S.
2953 4097 3206 4153 Romulus
3262 4106 3353 4152 sub
3388 4098 3618 4167 Trojano
3672 4115 3779 4154 ca-

2180 4193 2287 4260 pite
2317 4202 2594 4245 truncatus
2629 4206 2724 4244 est.
2766 4192 2896 4245 Dein
2927 4195 3105 4262 agitur
3130 4193 3198 4246 de
3253 4192 3498 4245 Eudoxio
3542 4210 3569 4244 a
3599 4192 3780 4261 iisque

2180 4291 2425 4352 tempore
2482 4281 2800 4337 Diocletiani
2853 4284 3150 4337 coronatis.
3192 4278 3372 4337 Pauca
3426 4283 3518 4337 illa
3556 4285 3775 4339 idcirco

2181 4375 2291 4429 huc
2333 4375 2701 4439 transtuli,ne
2726 4375 2848 4444 quis
2894 4377 3041 4429 solos
3091 4376 3394 4430 versiculos
3434 4391 3500 4430 ac
3549 4376 3777 4430 titulum

2182 4467 2371 4539 legens
2401 4468 2760 4531 existimaret,
2791 4469 2843 4522 in
2874 4469 3096 4523 Mcnmis
3144 4469 3401 4539 conjungi
3428 4468 3595 4523 hosce
3623 4469 3778 4524 Mar-

492 4567 582 4606 res
610 4552 903 4606 occideret.
932 4548 1111 4615 Quare
1144 4549 1445 4603 Eudosium
1492 4550 1772 4613 comitem,
1843 4552 2071 4619 ejusque
2104 4549 2147 4603 θ
2179 4573 2322 4634 [yres
2380 4572 2636 4631 umquam
2708 4562 2761 4615 in
2838 4563 3029 4616 eadem
3090 4566 3470 4632 persecutione
3532 4577 3774 4632 passos;

492 4647 670 4701 SOCiOS
693 4647 897 4699 milites
926 4646 1377 4714 comprehensos,
1435 4643 1579 4712 quod
1639 4643 1783 4697 idola
1841 4642 2071 4697 adorare

494 4740 717 4796 nollent.
755 4737 987 4805 primum
1023 4737 1243 4805 quidem
1277 4736 1461 4790 multis
1495 4735 1778 4804 suppliciis
1827 4734 2069 4801 vexavit,

494 4830 714 4884 demum
740 4831 918 4898 capite
945 4828 1316 4883 obtruncavit.
1343 4848 1361 4879 ι

565 4921 618 4972 5.
647 4920 836 4974 Versio
864 4921 1091 4972 Arcudti
1119 4919 1220 4971 [οι.
1252 4919 1357 4971 250
1384 4921 1529 4972 inter
1556 4918 1837 4973 Anecdota
1867 4916 2070 4988 Ughel-

494 5012 640 5066 liana
675 5021 824 5066 tomo
864 5010 906 5064 Χ
941 5011 1118 5065 Italica
1154 5029 1319 5066 sacra:
1352 5010 1597 5066 Venetiis
1640 5029 1865 5074 retusae,
1894 5010 2068 5080 quoad

494 5120 716 5158 sensum
743 5106 931 5158 eadem
959 5102 1075 5159 fere
1107 5115 1211 5169 est,
1245 5108 1461 5174 qualem
1496 5114 1550 5158 ct
1594 5104 1903 5159 Galesinius
1947 5113 2073 5158 ante

492 5195 721 5249 dederat
745 5195 801 5248 in
831 5211 932 5249 suo
966 5196 1346 5266 Martyrologio
1374 5213 1385 5247 :
1424 5205 1669 5249 nostrum
1720 5210 1937 5265 quoque
1969 5210 2071 5249 ms.

494 5288 775 5357 exemplar
798 5287 1046 5341 Graecum
1108 5287 1401 5358 Menologii
1435 5287 1691 5341 Basiliani
1721 5289 1915 5342 statuit
1965 5289 2076 5342 Eu-

494 5380 714 5433 doxium
759 5379 1015 5433 comitem
1048 5380 1151 5433 sub
1182 5379 1439 5449 Traiano,
1489 5389 1783 5450 martyrem
1830 5379 1932 5434 sub
1966 5378 2078 5432 Ma—

495 5472 821 5528 ximiuiano.
879 5470 1171 5529 Conciliari
1208 5473 1326 5527 haec
1373 5471 1555 5527 forsan
1619 5481 1899 5541 utcunque
1953 5487 2079 5542 pos-

500 5575 645 5630 sent,
682 5565 727 5618 si
771 5580 869 5634 per
894 5563 1199 5633 Trajannm
1241 5564 1585 5635 signiﬁcetur
1612 5564 1834 5626 Decius,
1884 5573 2076 5634 utpote

499 5657 771 5726 Trajanus
812 5658 1193 5726 praanomine;
1233 5666 1290 5711 at
1318 5656 1365 5710 si
1409 5655 1707 5717 Eudoxius,
1770 5655 2079 5725 imperante

505 5747 742 5815 Traiano
775 5749 1023 5815 proximo
1045 5749 1239 5804 Nervae
1287 5762 1632 5813 successore,
1670 5747 1831 5802 initio
1888 5747 2077 5804 saeculi

507 5848 545 5891 tt
576 5851 763 5893 comes
788 5840 911 5905 fuit,
943 5840 1067 5908 quis
1118 5842 1311 5898 credat
1356 5840 1510 5896 illum
1547 5839 1711 5896 vitam
1753 5842 2082 5912 produxisse

2177 4654 2320 4721 quod
2342 4667 2475 4706 sane
2504 4668 2739 4722 prauum
2766 4662 2911 4707 esset
2939 4654 3151 4723 Opinari
3189 4640 3262 4707 ex
3318 4654 3498 4719 titulo,
3559 4651 3779 4708 Romu-

2174 4744 2286 4799 lum
2333 4744 2453 4798 aliis
2476 4743 2914 4798 intermiscente.

2248 4838 2300 4892 5.
2335 4838 2465 4893 Post
2490 4850 2856 4892 memoratum
2879 4839 3116 4909 elogium
3139 4839 3390 4909 sequitur
3410 4839 3514 4894 alia
3543 4854 3779 4896 annun-

2175 4925 2327 4980 tiatio
2355 4947 2368 4982 :
2395 4928 2472 4998 Τῇ
2528 4929 2664 4999 αὐτῇ
2715 4930 2898 4999 ἡμέρᾳ
2937 4930 3131 4982 ἑκατὸν
3156 4931 3419 5000 τέσσαρες
3469 4938 3565 4984 καὶ
3602 4933 3774 5002 χίλιοι

2178 5019 2568 5087 στρατιῶται..
2596 5063 2607 5073 .
2638 5020 2781 5088 ξίφει
2814 5020 3149 5073 τελειοῦνται
3209 5023 3264 5076 Id
3308 5033 3411 5086 est,
3464 5022 3648 5078 eodem
3686 5025 3776 5080 die

2174 5119 2381 5163 centum
2413 5122 2642 5181 quatuor
2661 5129 2725 5165 ac
2758 5112 2905 5165 mille
2953 5112 3216 5167 milites...
3248 5112 3426 5185 gladio
3458 5118 3583 5170 cesi
3649 5133 3775 5171 con-

2175 5214 2441 5254 summam
2470 5207 2806 5273 martyrium.
2858 5202 2952 5257 His
3011 5204 3212 5261 deinde
3267 5207 3385 5263 bini
3437 5213 3773 5265 acciuuntul'

2177 5294 2437 5348 versiculi
2473 5299 2488 5347 ξ
2631 5301 2634 5305 ’
2792 5294 2799 5305 ⁵

2177 5405 2354 5483 Aeaci;
2387 5406 2630 5483 δεκαπλῆ
2658 5411 2760 5483 καὶ
2790 5411 2969 5481 χιλιὰς
3014 5413 3314 5483 μαρτύρων

2178 5478 2289 5529 Καὶ
2311 5481 2508 5546 τετρὰς
2540 5478 2686 5550 ἁπλῆ
2720 5478 3112 5537 anhelent—ecl
3140 5478 3306 5552 ξίῲει.

2249 5566 2399 5635 Quos
2438 5568 2633 5626 Latine
2673 5572 2754 5627 sic
2774 5582 2997 5627 vertas:

2182 5658 2347 5738 Decus
2368 5663 2589 5738 dempta
2619 5674 2668 5738 et
2698 5665 2883 5738 cltilias
2913 5664 3237 5738 Martyrum,

2180 5729 2570 5802 Qualernioq'ue
2593 5734 2756 5788 simul
2787 5752 2908 5790 ense
2926 5729 3090 5791 vitam
3118 5729 3333 5806 ﬁniant.

2250 5844 2374 5901 Istis
2410 5846 2696 5904 versiculis
2754 5850 2965 5904 addunt
3012 5850 3213 5906 Menaea
3266 5849 3543 5907 distichon
3592 5849 3766 5917 aliud.
