3996 6442
273 416 383 480 613

1244 416 1437 476 ACTA
1476 416 1585 477 SS.
1629 416 1987 492 EUDOXII,
2034 415 2361 492 ROMULI,
2400 421 2559 484 ETC.

3456 424 3562 489 611

270 533 595 603 exprimens
641 529 822 587 simile
850 530 1173 603 martyrium
1203 530 1265 587 8.
1323 531 1637 598 Calodotcs,
1702 550 1870 605 quam
1899 543 1945 600 Α
1974 549 2081 593 est.
2105 537 2240 594 Post
2274 537 2573 610 Trajanum
2605 549 2788 596 autem
2823 549 2876 595 et
2901 541 3140 611 reliquos
3205 543 3565 614 imperatores

270 626 407 681 etin
431 624 861 680 annuntiatione
887 639 1011 679 mox
1047 623 1174 678 data
1232 625 1579 697 coniungunt
1630 627 1867 682 laudatis

270 719 568 781 militibus,
601 717 695 771 sed
767 733 1056 788 perperam
1085 737 1099 774 :
1150 734 1277 774 nam
1306 728 1497 775 sancta
1545 720 1635 774 illa
1663 730 1870 791 martyr

269 813 335 866 ad
371 811 517 864 hanc
538 810 772 864 classem
797 825 906 863 non
976 810 1235 880 pertinet.
1296 811 1526 866 Dabitur
1546 826 1674 867 cum
1701 813 1869 868 sociis

269 905 389 960 suis
417 902 567 958 die6
601 902 966 970 Septembris.
1034 903 1299 975 Martyres
1367 912 1551 959 autem
1605 905 1870 973 ll04,de

268 998 473 1067 quibus
506 996 595 1049 hic
623 1005 876 1065 separate
905 996 1108 1066 agitur,
1154 998 1298 1052 haud
1354 998 1519 1053 dubie
1586 1008 1714 1053 sunt
1788 997 1866 1052 illi

269 1089 493 1154 milites,
557 1102 696 1157 quos
754 1087 996 1159 elogium
1057 1089 1282 1143 citatum
1329 1098 1519 1143 narrat
1564 1090 1867 1160 proiecisse

269 1180 482 1234 balteos
509 1194 692 1234 coram
721 1180 961 1249 pneside
990 1181 1244 1249 exemplo
1277 1180 1335 1236 S.
1361 1180 1591 1236 Eudoxii
1615 1199 1630 1249 ;
1661 1181 1870 1236 utrobi-

268 1290 376 1343 que
403 1274 577 1338 enim,
619 1273 784 1327 etiam
818 1275 871 1326 in
894 1274 1046 1327 Actis
1064 1282 1119 1328 et
1161 1289 1266 1327 ms.
1309 1274 1614 1345 Menologio
1679 1275 1868 1329 διονο-

267 1364 528 1429 Rus-sieo,
560 1381 624 1419 ac
655 1365 956 1437 Synaxario
991 1365 1270 1420 Ruthenio
1301 1366 1443 1420 infra
1508 1367 1867 1422 memorando

267 1456 414 1510 idem
445 1466 532 1510 est
563 1472 827 1511 numerus
861 1457 1020 1523 1101,
1050 1472 1155 1512 nec
1190 1457 1360 1512 ullum
1382 1467 1611 1528 apparet
1669 1459 1868 1513 distin-

268 1551 478 1604 CllOlllS
499 1551 940 1631 fundamentum.

335 1641 392 1694 6.
432 1642 829 1698 Desiderantur
855 1645 1034 1698 sancti
1060 1645 1234 1700 nostri
1269 1647 1325 1700 in
1346 1647 1562 1703 duobus
1590 1650 1864 1706 Armene-

264 1748 388 1785 rum
420 1731 743 1804 Menologiis
761 1734 832 1789 ab
868 1736 1173 1789 Assemano
1199 1736 1363 1791 editis
1384 1745 1531 1793 tomo
1564 1738 1632 1793 ΙΙΙ
1669 1738 1867 1795 Biblio-

264 1824 442 1879 theca:
509 1826 808 1881 Orientalis
845 1824 1521 1895 Clementino—Vaticanze,
1574 1847 1700 1902 pag.
1756 1832 1863 1887 645

260 1930 321 1973 et
365 1919 509 1983 (349;
563 1929 620 1974 at
662 1923 714 1972 in
784 1935 883 1977 ms.
958 1919 1221 1991 Catalogo
1260 1933 1577 1977 saneturum
1611 1925 1864 1980 Armenis

262 2013 863 2082 celebratorum,quem
895 2013 1270 2084 Papebrocliio
1328 2015 1477 2069 misit
1514 2017 1574 2071 D.
1628 2016 1867 2070 Ludovi-

262 2117 364 2158 cus
426 2103 662 2174 Picqnes
718 2106 911 2161 doctor
965 2104 1322 2172 Sorbonieus,
1381 2108 1501 2163 haec
1568 2124 1725 2163 num.
1796 2108 1865 2164 50

262 2194 572 2266 leguntur:
636 2216 655 2249 ι
699 2198 1099 2253 Testimonium
1161 2201 1222 2254 8.
1288 2199 1540 2254 Euductii
1589 2201 1861 2274 (Εὺδξίου)

260 2289 357 2357 qui
382 2289 627 2342 Marinus
655 2298 881 2344 vocatus
907 2300 1012 2344 est.
1068 2290 1205 2344 ltem
1268 2290 1478 2345 Romeli
1529 2300 1585 2346 et
1636 2292 1860 2357 Macari,

258 2380 353 2450 qui
386 2391 661 2450 martyres
704 2392 947 2452 tempore
974 2383 1215 2450 Traiani,
1253 2382 1591 2452 Septembris
1629 2395 1805 2440 sexto.
1835 2405 1855 2438 ι

262 2474 530 2529 Clemens
582 2474 847 2540 Gelanus,
905 2474 1001 2545 qui
1063 2475 1458 2530 multosannos
1491 2479 1545 2529 in
1599 2476 1860 2531 Armenia

262 2567 652 2621 missionarius
715 2567 837 2633 fuit,
891 2579 1046 2636 parte
1094 2567 1558 2623 ιϐυηρὶιίεηίοηίε
1609 2566 1865 2622 Ecclesia:

261 2659 523 2713 Armenze
544 2675 670 2714 cum
690 2660 933 2713 Romana
954 2659 1008 2713 in
1029 2662 1398 2714 Annotatione
1410 2662 1475 2714 ad
1493 2669 1660 2729 caput
1681 2661 1715 2713 2
1736 2675 1861 2731 pag.

260 2748 354 2813 16,
384 2751 535 2805 inter
564 2762 835 2823 martyres
875 2751 1079 2805 ibidem
1148 2766 1340 2821 passos
1370 2760 1620 2806 recenset
1679 2751 1867 2805 Eudo-

260 2841 438 2905 xium,
469 2840 778 2905 Zenonem,
806 2843 1100 2897 Macarium
1165 2843 1454 2913 sociosque
1506 2844 1611 2899 sub
1651 2842 1866 2897 Diocle-

261 2934 417 2989 tiano
449 2952 465 3001 ;
491 2943 551 2988 at
578 2933 797 2990 Romuli
827 2950 1098 3005 nusquam
1132 2936 1409 2990 meminit.
1431 2935 1604 2990 Porro
1627 2936 1864 2992 eximius

261 3025 594 3096 Picquesius
637 3035 849 3092 monet,
904 3026 1229 3096 praedictum
1276 3025 1601 3095 Catalogum
1664 3025 1864 3082 Latine

265 3134 497 3174 versum
552 3133 681 3174 esse
730 3134 798 3173 ex
846 3108 1065 3190 ingenti
1085 3120 1252 3188 regiae
1302 3118 1652 3173 bibliothecae
1672 3118 1864 3174 codice

261 3210 539 3267 Armenio
562 3212 634 3266 N°
679 3212 810 3279 514,
872 3212 1184 3267 uneialibus
1233 3212 1432 3266 litteris
1471 3211 1676 3282 scripto
1733 3222 1868 3267 ante
1886 3250 1931 3313 Ο

257 3321 441 3360 annos
462 3306 533 3360 ab
556 3307 666 3360 hoc
682 3304 819 3361 1687
843 3306 1065 3360 circiter
1091 3314 1384 3360 sexcentos
1410 3321 1426 3371 ;
1459 3305 1555 3359 sed
1586 3305 1863 3374 interpre-

260 3409 394 3462 tem,
421 3398 701 3454 Oscanum
725 3398 1203 3467 archiepiscopum
1220 3397 1543 3458 Armenum,
1566 3396 1712 3450 haud
1728 3397 1864 3450 satis

262 3492 501 3559 peritum
530 3492 721 3546 titulos
755 3491 1037 3545 incondite
1087 3491 1330 3546 dictasse
1371 3489 1720 3553 amanuensi,
1750 3489 1864 3543 imo

257 3592 317 3638 et
342 3584 644 3638 nonnullos
662 3584 938 3638 omisisse.
962 3582 1130 3638 Addit
1154 3582 1209 3636 in
1232 3581 1432 3636 litteris
1456 3580 1864 3651 posterioribus

261 3677 514 3744 ejusdem
544 3679 681 3732 anni
726 3676 887 3734 1687.
924 3691 983 3731 se
1009 3676 1296 3731 dumtaxat
1343 3689 1519 3744 usque
1569 3688 1863 3728 numerum

259 3772 333 3828 35
372 3771 647 3827 inclusive
710 3769 968 3828 Latinam
1026 3769 1334 3824 versionem
1387 3782 1513 3822 cum
1549 3776 1703 3822 textu
1762 3768 1866 3820 Ar.

260 3878 433 3919 meno
501 3862 807 3918 contulisse
855 3876 872 3914 :

260 3954 704 4008 humanissimus
751 3952 983 4022 reliquis
1028 3951 1128 4005 111
1187 3948 1434 4005 numeris
1489 3950 1731 4012 fecisset,
1786 3949 1864 4003 si-

258 4046 489 4117 mulque
540 4044 748 4101 omissa
787 4043 857 4098 ab
907 4042 1125 4098 Oscano
1169 4041 1555 4112 supplevisset.
1614 4039 1866 4095 Meminit

257 4153 479 4210 quoque
515 4140 585 4193 ad
646 4138 896 4194 eamdem
934 4137 1076 4192 diem
1109 4136 1167 4192 S.
1208 4135 1279 4189 M.
1321 4134 1552 4190 Eudoxii
1607 4135 1866 4205 Synaxa-

260 4233 403 4288 rium
420 4231 798 4287 Ruthenicum
830 4247 957 4294 ms.
982 4231 1128 4299 quod
1165 4245 1310 4284 anno
1334 4228 1471 4283 1688
1498 4227 1716 4282 Moscua
1735 4227 1865 4281 sub-

258 4325 414 4380 misit
466 4333 662 4379 nostcr
702 4323 816 4378 illic
846 4323 1229 4378 missionarius
1260 4320 1321 4378 P.
1363 4318 1634 4392 Georgius
1667 4318 1860 4385 David,

260 4411 477 4474 addens
534 4419 591 4472 in
644 4417 754 4472 ﬁne
796 4416 1157 4488 Synaxarinm
1194 4415 1341 4470 istud
1395 4430 1519 4469 esse
1567 4428 1863 4470 commune

264 4511 364 4565 toti
395 4509 649 4575 ecclesiae
688 4507 1027 4564 Ruthenicte.
1074 4507 1236 4562 Aliud
1288 4506 1565 4577 peculiare
1602 4506 1860 4562 dimcesis

258 4600 620 4666 Kiioviensis,
675 4602 867 4656 eodem
909 4601 1229 4670 interprete,
1266 4600 1341 4654 ita
1372 4600 1530 4654 habet
1565 4614 1581 4650 :
1643 4615 1665 4650 ι
1705 4597 1769 4654 Et
1798 4598 1858 4655 S.
1893 4611 1939 4669 ι)

262 4693 335 4747 M.
362 4693 619 4755 Eudoxii,
651 4700 708 4748 et
736 4708 858 4747 cum
890 4707 957 4746 eo
1004 4691 1164 4746 1104.
1203 4709 1222 4744 ι

329 4784 385 4845 7.
423 4784 554 4840 Mss.
591 4786 792 4840 Menaea
855 4783 1041 4840 Graeca
1089 4784 1431 4839 bibliotheca:
1482 4782 1862 4839 Ambrosianus

260 4888 319 4934 et
348 4878 457 4933 PP.
487 4878 974 4933 Dominicanorutn
1000 4886 1307 4932 conventus
1347 4876 1404 4931 S.
1428 4876 1593 4932 Marci
1628 4876 1861 4932 Floren-

260 4971 375 5038 tiae,
404 4987 472 5026 ac
510 4971 959 5041 supplementum
998 4970 1062 5025 ad
1091 4969 1295 5024 Menaza
1347 4984 1546 5023 excusa
1571 4969 1861 5024 collectum

263 5082 331 5122 ex
351 5067 452 5121 Ms.
475 5066 775 5137 Synaxario
789 5065 1209 5118 membranaceo
1226 5063 1452 5130 antiquo
1471 5061 1531 5115 P.
1555 5058 1862 5125 Sirmondi,

262 5159 323 5214 S.
351 5158 649 5215 Romulum
678 5164 808 5211 ante
842 5155 977 5211 alios
995 5156 1351 5218 annuntiant,
1408 5153 1583 5222 prima
1640 5152 1861 5222 quidem

264 5252 373 5308 hoc
402 5252 613 5308 modo:
660 5267 679 5300 ι
714 5248 949 5320 Romyli,
1002 5246 1258 5311 Eudoxii,
1321 5246 1584 5307 Zenonis,
1646 5244 1862 5299 Macarii

268 5346 338 5400 Il.
375 5386 392 5411 ,
424 5362 445 5397 ι
505 5342 679 5397 altera
715 5341 935 5396 titulum
967 5339 1200 5404 addunt,
1244 5357 1262 5389 ι
1303 5337 1570 5392 Romulus
1600 5338 1863 5407 pra-pusio

226 5458 233 5461 ·
270 5448 379 5504 tus,
411 5433 723 5499 Eudoxius,
778 5431 992 5498 Zenon,
1048 5431 1358 5496 Macarius;
1395 5447 1415 5482 ι
1451 5431 1679 5485 tertium
1731 5444 1862 5485 vero

264 5530 459 5585 Grece
507 5528 584 5583 ita
642 5525 855 5592 habet;
912 5543 933 5576 ι
967 5523 1156 5579 Passio
1237 5522 1340 5577 88.
1401 5520 1526 5575 MM.
1617 5519 1860 5586 Romuli,

267 5619 526 5687 Eudoxii,
554 5617 797 5673 Zenonis
850 5624 908 5672 et
967 5613 1208 5672 Macarii.
1248 5631 1270 5666 ι
1301 5613 1547 5684 Elogium
1601 5613 1865 5683 subiunc-

260 5724 380 5770 tum
414 5713 672 5785 quaedam
706 5710 779 5766 ab
840 5710 991 5764 Actis
1057 5712 1272 5765 diversa
1327 5706 1596 5767 continet,
1630 5704 1864 5775 proinde

266 5807 320 5861 in
349 5823 524 5877 pauca
561 5801 926 5859 idcontraho.
965 5820 986 5853 ι
1028 5799 1104 5854 Ex
1144 5798 1295 5854 hisce
1352 5795 1561 5851 sanctis
1600 5794 1864 5850 Romulus

264 5899 599 5971 praepositus
626 5897 734 5953 sub
757 5893 997 5966 Trajano
1024 5894 1362 5965 imperatore
1423 5888 1724 5945 decollatus
1753 5893 1860 5945 est.

940 3861 1084 3931 quod
1132 3861 1344 3914 utinam
1399 3859 1484 3912 vir
1524 3858 1775 3913 eruditus
1807 3864 1864 3913 et
1906 3928 1915 3937 .

1970 646 2085 686 non
2121 630 2317 700 paucis
2343 633 2505 686 annis
2525 632 2748 703 elapsis,
2786 648 2912 687 cum
2976 634 3348 690 Diocletianus
3387 638 3564 706 impe-

1972 722 2115 777 rium
2151 724 2383 791 adeptus
2414 736 2581 787 esset,
2608 724 2887 780 Eudoxius
2918 742 3103 781 comes
3136 730 3314 795 capite
3371 730 3564 799 plcxus

1971 824 2055 869 est
2083 832 2206 871 cum
2233 817 2455 872 Zenone
2489 829 2545 874 et
2572 818 2827 883 Macario,
2853 820 2967 889 ἃμα
2998 821 3095 873 σὺν
3121 825 3234 879 τοῖς
3257 823 3346 875 ὑπ’
3382 826 3562 877 αὐτῶν

1974 908 2354 977 στρατιώταις,
2403 911 2495 963 τὸν
2528 911 2760 981 ἀριθμὸν
2797 912 2915 965 οὖσι
2951 914 3146 983 χιλίοις
3182 916 3378 967 ἑκατὸν
3401 919 3557 985 τριὰα

1971 1015 2139 1053 κοντα
2170 1001 2472 1072 τέσσαρσιν
2515 1003 2566 1055 id
2596 1011 2700 1061 est.
2736 1018 2839 1056 una
2877 1019 3000 1057 cum
3041 1006 3327 1064 militibus,
3357 1010 3447 1071 qui
3481 1011 3560 1061 eis

1970 1092 2261 1161 parebant,
2300 1109 2532 1147 numero
2560 1094 2710 1147 mille
2757 1103 2978 1150 centum
3031 1095 3249 1165 triginta
3302 1107 3559 1165 quatuor.

1986 1183 2049 1237 Ἦ
2091 1185 2147 1237 δὲ
2172 1185 2353 1239 αὐτῶν
2392 1184 2614 1249 σύναξις
2646 1185 2878 1238 τελεῖται
2919 1189 2976 1240 ἐν
3002 1187 3080 1255 τῷ
3111 1192 3429 1259 μαρτυρείῳ
3459 1189 3555 1240 τοῦ

1971 1277 2063 1344 ἀγ.
2094 1277 2403 1346 ιιροκοπιου
2439 1277 2589 1330 ἔνδον
2638 1277 2731 1330 τοῦ
2766 1279 2856 1345 ἀγ.
2896 1294 2955 1347 μ.
3019 1278 3201 1348 Μηνᾶ.
3236 1278 3561 1333 Celebratnr

1970 1376 2153 1421 autem
2186 1369 2432 1436 ipsorum
2465 1372 2728 1423 memoria
2758 1370 2813 1422 in
2871 1371 3115 1424 oratorio
3176 1369 3235 1424 S.
3278 1372 3559 1441 Procopii,

1968 1458 2114 1527 quod
2149 1467 2229 1512 est
2266 1459 2318 1512 in
2355 1461 2559 1529 templo
2599 1460 2656 1515 8.
2692 1461 2763 1515 Μ.
2789 1463 2987 1517 Μθηιθ.
3031 1481 3051 1514 ι
3098 1463 3174 1517 De
3197 1479 3352 1519 saera
3386 1470 3500 1518 ade
3528 1481 3561 1521 a

1966 1550 2334 1606 Constantino
2364 1552 2557 1623 Magno
2611 1553 2791 1608 dicata
2851 1563 3046 1609 sancto
3088 1555 3260 1610 Mente
3333 1559 3560 1626 martyri

1968 1652 2148 1712 potest
2182 1644 2353 1701 videri
2414 1645 2655 1716 Cangius
2689 1687 2704 1712 ,
2759 1647 2904 1701 libro
2964 1664 3017 1704 tv
3075 1650 3564 1720 Constantinopolis

1968 1735 2325 1815 Christianis,
2365 1750 2502 1793 sect.
2545 1738 2600 1804 6,
2654 1755 2808 1794 num.
2868 1742 2977 1807 62;
3036 1743 3235 1797 ibidem
3266 1758 3420 1797 num.
3469 1745 3561 1808 58,

1969 1829 2301 1898 templuan
2357 1830 2584 1886 Eudoxii
2641 1845 3025 1888 consecratum
3071 1836 3238 1891 fuisse
3281 1837 3562 1892 saeculo“!

1970 1923 2053 1976 vel
2078 1940 2131 1987 ν,
2152 1933 2334 1978 narrat
2354 1923 2440 1978 his
2465 1926 2654 1980 verbis
2680 1946 2692 1977 :
2722 1945 2741 1980 ι
2768 1925 2822 1981 8.
2848 1928 3097 1981 Eudoxio
3119 1931 3269 1984 aedes
3286 1941 3560 1984 exstructa

1966 2016 2198 2085 patricio
2252 2026 2308 2070 et
2343 2017 2623 2086 praefecto,
2654 2018 3020 2073 Constantino
3054 2019 3121 2071 M.
3155 2020 3480 2089 imperante,
3515 2023 3562 2078 si

1965 2121 2073 2176 qua
2133 2107 2264 2162 ﬁdes
2286 2109 2498 2163 Codino
2530 2123 2652 2179 pag.
2687 2110 2790 2164 595
2819 2119 2970 2164 certe
3015 2111 3319 2165 Eudoxium
3378 2114 3567 2181 prrele"

1965 2207 2113 2253 ctum
2162 2199 2420 2267 praetorio
2451 2200 2554 2254 sub
2585 2198 3130 2271 Tbeodosiojuniore
3177 2201 3381 2256 vixisse
3415 2201 3565 2256 indi-

1930 2318 1935 2321 -
1965 2301 2095 2346 cant
2138 2294 2283 2363 leges
2318 2293 2528 2363 aliquot
2551 2293 2606 2347 in
2630 2295 2764 2348 Cod.
2792 2293 2897 2348 Th.

2041 2407 2162 2477 §ll.
2196 2410 2273 2462 An
2327 2409 2537 2461 sanatio
2573 2408 2871 2462 Justim'ant'
2925 2409 3257 2478 imperatoris
3309 2410 3567 2479 martyri-

1965 2480 2059 2531 bus
2074 2480 2213 2532 hisce
2245 2481 2555 2532 ascribcnda
2596 2485 2681 2533 sit.
2716 2482 2744 2531 l
2773 2479 3041 2532 Numerus
3068 2479 3122 2533 S.
3157 2480 3566 2533 Eudoxiisocio-

1965 2566 2119 2611 rum;
2144 2550 2392 2619 ﬁgmenta
2412 2551 2476 2602 de
2499 2550 2538 2603 S
2581 2550 2837 2611 Romulo;
2866 2551 2983 2617 ejus
3004 2551 3172 2603 cultus
3196 2552 3249 2602 in
3276 2551 3562 2615 Hispania,

1965 2623 2173 2689 quando
2202 2630 2249 2673 et
2280 2619 2364 2672 ubi
2397 2632 2657 2689 martyres
2710 2621 2873 2686 passi.
2915 2624 3048 2673 Acta
3100 2624 3308 2684 Grazca,
3341 2628 3390 2673 et
3455 2619 3549 2673 Bac

1965 2688 2102 2742 ronit
2125 2691 2433 2760 conjectura
2464 2692 2528 2744 de
2544 2688 2708 2743 rmille
2746 2689 3028 2744 militibus.
3218 2688 3225 2693 ’

2040 2827 2311 2885 Baronius
2332 2830 2386 2883 in
2424 2828 2816 2886 Notationibus
2845 2831 2912 2886 ad
2944 2830 3389 2903 Martyrolotgium
3447 2827 3565 2885 Ro-

1965 2938 2187 2977 manum
2212 2923 2317 2978 hac
2347 2924 2436 2978 die
2462 2924 2658 2978 scribit
2678 2925 3002 2993 sequentia:
3040 2942 3059 2976 ι
3091 2923 3167 2978 Ex
3199 2925 3396 2978 borum
3452 2925 3563 2977 mi-

1964 3015 2122 3071 litum
2151 3031 2403 3078 numcro,
2441 3018 2535 3086 qui
2577 3015 2835 3073 Melitinae
2876 3019 2930 3071 in
2986 3015 3250 3072 Armenia
3316 3017 3563 3073 coronati

1967 3116 2118 3172 sunt,
2150 3118 2386 3179 quatuor
2433 3124 2592 3164 saera
2645 3124 2877 3179 corpora
2942 3109 3121 3164 delata
3170 3109 3566 3164 Constantino-

1966 3200 2160 3272 polim,
2201 3211 2420 3272 reperta
2452 3215 2582 3259 sunt
2628 3204 2973 3274 temporibus
3029 3204 3326 3260 Justiniani
3383 3205 3517 3276 imp.
3544 3244 3563 3272 ,

1965 3308 2198 3363 quorum
2229 3294 2499 3350 beneﬁcio
2523 3295 2821 3365 imperator
2844 3296 3034 3350 lethali
3094 3299 3287 3352 morbo
3337 3307 3565 3354 curatus

1966 3395 2072 3440 est.
2103 3386 2240 3440 Rem
2300 3395 2507 3457 gestam
2557 3389 2843 3457 perpetuis
2892 3388 3127 3459 dignam’
3185 3392 3564 3447 monumentis

1966 3479 2300 3548 conscripsit
2322 3479 2643 3548 l’rocOpius,
2673 3480 2766 3533 lib.
2796 3480 2918 3535 tDe
2971 3482 3213 3550 adiﬁciis
3263 3480 3563 3539 Iustiniani

1966 3569 2328 3640 imperatoris.
2364 3590 2383 3622 ι
2419 3571 2808 3628 Inventionem
2854 3572 3050 3628 harum
3088 3575 3446 3644 reliquiarum
3502 3578 3560 3633 in

1965 3664 2170 3733 templo
2212 3664 2272 3717 S.
2308 3663 2497 3719 [renes
2527 3663 2598 3719 Μ.
2635 3703 2651 3728 .
2685 3676 2740 3720 et
2774 3666 3103 3721 beneﬁcium
3130 3670 3430 3722 sanationis
3461 3685 3561 3740 per

1966 3771 2061 3810 eas
2119 3754 2440 3811 Iustiniano
2524 3759 2830 3827 praestitum
2889 3774 2953 3813 ex
3032 3760 3226 3813 eodem
3293 3748 3561 3830 Procopio

1964 3847 2295 3903 Caesariensi
2325 3847 2494 3903 rel‘crt
2517 3848 2587 3903 ad
2637 3864 2843 3903 annum
2909 3849 3113 3904 Christi
3185 3850 3292 3905 500
3344 3851 3561 3907 num.2

1967 3939 2171 3995 Verum
2206 3940 2531 4011 Procopius,
2566 3958 2716 3996 anno
2754 3942 2893 3997 1665
2920 3958 3044 3997 cum
3097 3942 3558 4013 interpretatione

1964 4032 2140 4086 nostri
2177 4032 2391 4087 Claudii
2427 4032 2661 4087 Maltreti
2696 4032 2921 4086 Parisiis
2946 4033 3152 4095 editus,
3191 4033 3392 4098 librat,
3429 4049 3554 4106 cap.
3654 4027 3661 4039 ’

1965 4126 1996 4179 7
2017 4142 2126 4179 non
2152 4127 2315 4180 habet
2338 4134 2594 4196 quatuor,
2615 4126 2709 4180 sed
2736 4127 2835 4196 οὐχ
2850 4122 3018 4197 ἧσσον
3048 4125 3080 4194 ἢ
3108 4132 3547 4199 τεσσαράκοντα,

1962 4219 2022 4272 "td
2059 4227 2163 4280 est,
2198 4233 2305 4272 non
2371 4218 2553 4273 minus
2630 4233 2794 4287 quam
2855 4218 3266 4288 quadraginta;
3317 4231 3373 4275 et
3428 4221 3560 4277 licet

1967 4311 2165 4365 subdat
2197 4310 2297 4364 hos
2332 4309 2502 4364 fuisse
2535 4307 2814 4364 Romanos
2856 4310 3062 4364 milites
3090 4310 3320 4382 legionis
3343 4312 3557 4386 duode-

1966 4404 2143 4466 cima»,
2190 4418 2352 4472 quam
2373 4402 2503 4455 olim
2561 4402 2942 4456 stationariam
2983 4397 3330 4457 habuiturbs
3358 4405 3557 4460 Arme-

1968 4497 2070 4549 nize
2097 4494 2353 4549 Meliteue
2382 4512 2396 4561 ;
2426 4511 2536 4548 non
2572 4503 2761 4549 tamen
2784 4495 2925 4549 dicit
2963 4495 3016 4547 in
3041 4509 3103 4549 ea
3162 4496 3297 4551 urbe
3349 4507 3558 4569 marty-

1967 4588 2108 4641 rium
2132 4601 2256 4641 esse
2276 4602 2485 4654 passos.
2512 4585 2653 4640 Hinc
2685 4588 2913 4640 dubium
2948 4596 3054 4653 est,
3082 4602 3150 4641 an
3187 4602 3418 4658 corpora
3463 4589 3558 4645 illa

1963 4681 2173 4736 fuerint
2203 4681 2509 4749 aliquorum
2537 4694 2603 4733 ex
2629 4680 2915 4734 hodiernis
2948 4680 3088 4734 milit
3111 4681 3232 4741 bus.
3274 4689 3329 4735 et
3362 4696 3557 4737 conse-

1962 4781 2198 4843 quenter
2223 4789 2291 4827 an
2347 4771 2485 4841 ipsis
2541 4770 2738 4826 ascribi
2789 4771 2986 4824 debeat
3047 4780 3319 4841 patratum
3385 4774 3556 4826 mira-

1963 4869 2171 4924 culum.
2213 4867 2622 4931 Tillemontius,
2658 4875 2808 4918 torno
2830 4862 2870 4917 ll
2901 4846 3366 4919 Monument'orum
3386 4869 3554 4921 eccle-

1962 4961 2300 5013 siasticarum
2333 4958 2589 5013 secundae
2638 4955 2920 5019 editionis,
2953 4971 3073 5026 pag.
3111 4957 3217 5010 574
3241 4960 3557 5025 suspicatur

1963 5051 2132 5106 fuisse
2159 5052 2419 5120 reliqmas
2450 5048 2747 5103 celebrium
2776 5048 2846 5101 10
2872 5046 3166 5116 Martyrum
3225 5043 3558 5100 Sebasteno-

1963 5160 2112 5209 rum,
2137 5160 2259 5214 quae
2287 5157 2459 5214 prepe
2474 5137 3016 5209 Constantinopolim
3080 5140 3185 5193 sub
3233 5137 3551 5195 Theodosio

1963 5236 2010 5291 ll
2041 5237 2277 5291 inventa:
2305 5243 2456 5296 sunt,
2477 5236 2546 5288 de
2573 5234 2780 5302 quibus
2806 5232 2875 5285 ad
2900 5232 3052 5285 diem
3077 5247 3106 5284 ι
3139 5229 3337 5285 Martii.

2035 5330 2090 5385 9.
2123 5328 2506 5383 Tillemontius
2530 5327 2729 5381 citatus
2764 5338 3055 5379 numerum
3081 5322 3139 5379 S.
3164 5322 3400 5378 Eudoxii
3463 5337 3556 5377 so-

1964 5422 2177 5477 ciorum
2233 5428 2397 5491 auget
2451 5419 2738 5474 trecentis.
2792 5417 2996 5472 Scribit
3047 5417 3195 5471 enim
3238 5415 3400 5478 i404,
3454 5430 3555 5486 pro

1965 5514 2127 5578 1104,
2186 5512 2351 5581 idque
2407 5511 2494 5566 bis
2551 5511 2776 5580 reperit,
2805 5508 3047 5579 allegatis
3099 5508 3300 5562 Memea
3357 5521 3553 5577 magna

1963 5606 2288 5663 Graecorum
2334 5603 2595 5660 editionis
2656 5601 2876 5657 Veneta:
2933 5604 3064 5656 anni
3136 5599 3295 5654 1528.
3368 5599 3552 5654 Editio

1964 5698 2054 5754 illa
2068 5696 2279 5754 mihiad
2298 5712 2519 5751 manum
2539 5710 2649 5750 non
2679 5705 2801 5760 est;
2825 5696 2917 5749 sed
2946 5694 3200 5765 quoniam
3221 5695 3274 5750 in
3306 5692 3550 5757 Menaeis.

1960 5808 2089 5864 qua
2126 5806 2273 5847 anno
2301 5790 2442 5846 1595
2465 5790 2712 5847 Venetiis
2736 5788 3080 5860 prodierunt,
3138 5787 3192 5842 in
3248 5788 3441 5844 Menol-
3465 5787 3554 5859 δεῖ)

1967 5885 2263 5945 cardinalis
2297 5882 2503 5953 Sirlcti,
2568 5888 2722 5940 Actis
2751 5900 2781 5940 a
2810 5882 3187 5955 Metaphraste
3224 5880 3551 5941 conscriptis
