3996 6444
482 403 590 468 (:15

1711 393 2000 455 MENSIS
2039 391 2511 457 SEPTEMBER-

3638 394 3748 458 [16

485 543 539 589 et
560 531 689 588 alibi
715 536 1105 603 computantur
1137 528 1403 584 duntaxat
1432 526 1572 580 “Oa
1604 525 1897 592 ;existimo
1947 522 2060 579 Til-

2168 507 2290 563 buic
2339 517 2422 563 tot
2450 506 2813 563 adversantur
2837 516 3178 577 argumenta,
3205 516 3339 578 quot
3369 507 3597 563 Romulo
3627 526 3751 566 aevo

483 622 800 678 lemontium
850 633 1134 691 perperam
1183 617 1371 672 Graeca
1420 615 2055 681 ve_rtisse.Undeautem

481 716 536 770 in
562 714 952 783 Supplementa
996 712 1060 766 ad
1127 711 1332 765 Menzea
1402 726 1622 772 excusa,
1686 710 1844 777 cujus
1888 709 2054 763 verba

481 804 606 859 dedi
637 819 788 857 num.
812 803 862 866 7,
885 796 948 856 ad
967 801 1256 870 praedictos
1282 799 1420 855 1104
1441 799 1777 853 accesserint
1811 798 2056 868 triginta,

480 907 821 966 compertum
846 910 963 963 neu
998 895 1174 969 habeo
1205 911 1218 947 :
1253 908 1430 962 neque
1456 893 1525 945 ob
1558 893 1728 945 solam
1774 890 2058 961 Synaxarii

479 990 848 1044 Sirmondiani
871 989 1257 1043 auctoritatem
1281 1000 1575 1042 numerum
1623 984 1676 1037 in
1736 982 2060 1054 Martyrolo-

477 1081 565 1153 gio
631 1083 881 1135 Roiuano
937 1080 1275 1147 descriptum
1350 1092 1549 1146 augere
1621 1077 1788 1140 volui,
1856 1076 1937 1129 Ad
1998 1074 2058 1131 8.

486 1171 782 1227 Romulum
841 1174 985 1240 quod
1044 1173 1260 1233 attinet,
1317 1185 1444 1225 eum
1505 1167 1949 1223 Pseudo-Dexter
2006 1168 2060 1220 in

478 1265 750 1319 Chronico
778 1264 843 1318 ad
877 1279 1080 1316 annum
1111 1262 1309 1317 Christi
1365 1260 1465 1315 100
1490 1276 1647 1313 num.
1685 1259 1720 1312 9.
1762 1258 2061 1327 Hispanum

481 1354 612 1410 facit
658 1370 723 1410 ac
774 1355 1010 1422 Traiano
1061 1354 1435 1422 houmpolum,
1492 1353 1566 1406 ita
1607 1351 1902 1405 scribens:
1943 1369 1960 1399 ι
1999 1349 2059 1402 8.

480 1446 748 1502 Romulus
770 1445 810 1499 Τ
819 1446 989 1515 rajani
1030 1446 1262 1499 Caesaris
1326 1443 1637 1513 perfectus,
1686 1442 1859 1511 patria
1918 1440 2065 1494 Itali-

480 1553 612 1591 cens
635 1552 681 1599 s,
716 1536 985 1605 Hispanus
1021 1539 1073 1589 in
1102 1536 1414 1604 Hispaniam
1443 1535 1509 1587 ab
1567 1533 1760 1588 eodem
1794 1533 2064 1601 relegatus

477 1629 532 1684 in
566 1628 857 1684 Celtiberia
894 1630 1115 1699 patitur.
1156 1648 1176 1680 ι
1214 1627 1423 1697 Nempe
1458 1627 1727 1682 innumeri
1797 1635 2063 1694 martyres
2134 1668 2141 1673 _

470 1710 547 1777 'ad
572 1722 850 1776 Orientem
889 1725 1058 1791 passi.
1093 1738 1325 1790 quorum
1356 1722 1625 1774 duntaxat
1694 1718 1947 1772 meniinit
1993 1731 2060 1770 ex

478 1814 718 1882 antiquis
748 1814 1062 1869 Grmcorum
1110 1814 1495 1883 Menologium,
1528 1811 2061 1871 Pseudo-Archime-

2161 601 2253 655 illo
2288 616 2449 671 pares
2483 618 2611 657 esse
2646 611 2958 672 potuerunt,
3003 604 3205 657 nedum
3259 616 3420 670 pares
3469 603 3746 659 vixerunt.

2162 691 2437 748 Habemus
2501 694 2760 748 Actorum
2792 694 2956 749 verba
2995 710 3094 763 pro
3122 694 3267 748 mille
3298 695 3571 749 testibus:
3606 696 3752 751 Tum:

2161 785 2448 837 adductum
2499 783 2888 854 (Onesimum)
2928 786 2999 838 ad
3056 785 3294 838 tribunal
3348 785 3572 839 Tertulli
3626 804 3752 842 cum

2159 873 2386 931 Romulo
2422 877 2666 944 adjutore
2717 886 2765 929 et
2819 875 2993 945 Papia
3046 877 3316 944 spirimali
3372 881 3751 943 commilitone,

2161 966 2502 1035 interrogavit
2537 966 2816 1030 Tertullus,
2850 968 3025 1022 dicens
3053 984 3072 1021 :
3106 970 3236 1033 Qui:
3265 986 3321 1021 cs
3344 970 3370 1021 .9

2239 1059 2331 1112 12.
2367 1077 2385 1108 ο
2436 1057 2604 1113 Plane
2652 1060 2737 1112 vel
2794 1060 2885 1113 hic
2935 1061 3229 1115 Onesimus
3269 1061 3358 1114 ille
3413 1059 3759 1115 Philemonis

2162 1151 2526 1207 Collosseusis
2558 1167 2770 1216 servus,
2803 1154 2871 1204 de
2918 1168 3028 1222 quo
3054 1154 3166 1221 agit
3208 1151 3414 1206 Paulus
3456 1154 3760 1220 Apostolus

2168 1244 2411 1314 Epistula
2453 1245 2521 1299 ad
2562 1243 2804 1299 Philem.
2847 1256 3010 1313 atque
3039 1244 3179 1298 idem
3217 1243 3527 1312 Ephesinus
3561 1253 3758 1314 postea

2163 1338 2478 1405 episc0pus,
2537 1346 2597 1391 ut
2645 1347 2876 1406 apparet
2903 1352 2969 1390 es
3047 1337 3287 1405 Epistula
3319 1335 3376 1390 S.
3434 1336 3624 1405 lguatii
3687 1336 3762 1388 ad

2165 1428 2479 1495 Ephesios;
2518 1428 2604 1481 vel
2641 1437 2844 1498 martyr
2881 1427 3020 1480 alius
3078 1425 3176 1479 88.
3231 1426 3413 1493 Alphii
3477 1426 3766 1479 Philadcl-

2166 1521 2278 1588 pli‘ii
2320 1520 2590 1589 etliyriui
2627 1530 2950 1589 prmeeptor.
3010 1518 3259 1573 Puteolis
3315 1528 3411 1571 aut
3467 1518 3519 1571 iu
3570 1519 3764 1573 Sicilia

2167 1626 2271 1664 una
2331 1626 2453 1664 cum
2515 1610 2580 1663 iis
2611 1626 2821 1678 passus,
2857 1610 2999 1678 quod
3057 1612 3230 1678 magis
3289 1610 3468 1679 placet
3498 1608 3765 1663 Ferraiio

2165 1702 2220 1754 in
2247 1701 2422 1756 Calai.
2473 1700 2798 1756 Sanctorum
2856 1704 2919 1755 lli
2957 1701 3235 1755 Februarii
3283 1713 3337 1755 et
3389 1702 3450 1755 51
3516 1701 3669 1765 Julii,
3705 1710 3766 1755 ct

2167 1793 2522 1847 Heilscheuio
2585 1802 2714 1846 tom.
2745 1792 2787 1844 ll
2838 1791 3121 1845 Februarii
3184 1808 3302 1861 pag.
3332 1792 3458 1857 858,
3499 1792 3763 1856 numJS,

477 1905 563 1959 dis
590 1907 748 1973 hujus
788 1907 1016 1975 (Dextri)
1046 1920 1210 1974 opera
1240 1905 1292 1959 in
1319 1906 1417 1959 hos
1437 1913 1642 1958 tractus
1673 1914 2058 1970 terrarumque

2168 1885 2583 1953 ειηιίίιάιεδριιιιθ
2614 1885 3031 1953 .llctaphrastcm
3096 1886 3382 1953 utriusque
3432 1899 3520 1937 res
3549 1895 3765 1953 gestas.

478 1997 685 2064 ﬁnem,
725 1997 903 2053 Gades
973 1996 1350 2059 transferunt,
1411 1997 1590 2065 inquit
1666 1997 1747 2050 vir
1800 2004 2059 2063 spectata:

478 2091 805 2144 eruditionis
881 2089 941 2141 l).
991 2088 1244 2142 Nicotaus
1293 2089 1566 2142 Antonius
1616 2087 1667 2140 in
1729 2086 1931 2140 litteris
1989 2086 2058 2139 ad

477 2179 802 2234 Bollandum
824 2179 965 2233 datis
991 2194 1141 2232 anno
1161 2178 1320 2233 1653.
1341 2178 1485 2242 Quid
1513 2194 1641 2231 vero
1669 2177 1949 2247 speciatim
1990 2177 2060 2230 de

479 2272 539 2327 8.
597 2273 834 2326 Romulo
884 2272 1143 2334 senserit,
1205 2272 1390 2339 accipe
1425 2284 1489 2324 ex
1542 2283 1671 2325 mss.
1709 2270 1881 2337 ipsius
1911 2275 2064 2337 post-

479 2366 685 2429 humis,
730 2380 851 2435 quae
896 2362 1148 2433 Cuperus
1186 2376 1377 2417 noster
1442 2376 1588 2416 anno
1655 2360 1785 2416 1721
1849 2360 2059 2415 Madriti

478 2472 674 2527 magna
699 2472 763 2510 ex
798 2465 950 2525 parte
972 2438 1288 2523 descripsit.

552 2550 641 2605 10.
680 2566 698 2599 ι
738 2548 1029 2601 Romulum
1083 2554 1299 2614 oportet
1348 2545 1567 2615 quidem
1623 2544 1764 2615 apud
1814 2543 2030 2599 Graecos

479 2641 741 2711 martyrio
775 2640 1048 2693 sublatum
1084 2655 1099 2690 :
1129 2637 1365 2706 quomdo
1391 2637 1536 2691 enim
1568 2637 1734 2690 homo
1761 2634 2057 2704 Hispanus,

479 2742 537 2789 et
567 2737 621 2788 in
679 2732 935 2800 llispauia
973 2746 1070 2801 pro
1105 2745 1231 2783 vera
1285 2728 1389 2783 ﬁde
1438 2729 1671 2793 occisus,
1708 2742 1925 2780 omnem
1978 2724 2061 2784 sui

479 2826 801 2881 memoriam
865 2824 935 2878 ad
1012 2822 1234 2877 Gracos
1317 2820 1798 2891 transportaverit,
1858 2816 2060 2872 nullam

481 2916 627 2972 domi
662 2924 718 2968 et
747 2915 890 2983 apud
920 2929 1048 2968 suos
1083 2911 1416 2981 reliquerit?
1451 2912 1525 2964 De
1554 2910 1660 2965 hoc
1704 2911 1902 2965 docere
1952 2922 2062 2963 non

483 3006 787 3061 debuerunt
810 3004 956 3075 gravi
985 3010 1419 3073 propugnatores
1447 3001 1852 3057 mendacissimi
1883 2999 2063 3054 Chro-

481 3097 618 3153 nici.
652 3098 721 3150 Et
764 3099 1010 3151 referunt
1044 3095 1145 3148 hoc
1194 3108 1448 3148 sermone
1503 3093 1673 3147 Graeci
1736 3091 2063 3152 occisionem

488 3189 762 3259 martyris,
803 3187 1008 3242 nullum
1058 3194 1118 3240 ut
1159 3186 1431 3254 relinquat
1485 3185 1663 3240 locum
1724 3183 2060 3253 relegationi.

487 3280 751 3336 Romulus
779 3278 1001 3340 dicitur,
1034 3285 1316 3345 postquam
1358 3278 1623 3331 suasisset
1667 3275 1904 3329 Traiano
1955 3275 2061 3328 mi-

484 3370 638 3425 litum
668 3368 1105 3424 Christianorum
1133 3366 1360 3432 caedem,
1391 3367 1444 3437 in
1474 3382 1533 3421 se
1558 3380 1858 3422 conversus
1883 3364 2063 3419 credi-

481 3460 627 3516 disse
656 3460 710 3513 in
729 3459 1029 3519 Cbri.-tum,
1053 3458 1548 3528 imperatoremque
1576 3456 1873 3525 impietatis
1899 3470 2063 3508 areu-

484 3568 654 3608 sasse.
684 3571 703 3605 ι
764 3552 904 3606 Tum
936 3551 1120 3606 subdit
1153 3551 1316 3605 verba
1342 3549 1591 3619 quaedam
1636 3563 1703 3602 ex
1753 3545 2063 3616 Menologio

483 3638 668 3700 Basilii
712 3652 767 3697 et
832 3658 899 3697 ex
946 3642 1333 3712 Metaphraste,
1388 3641 1513 3695 dein
1544 3640 1623 3694 sic
1681 3651 2061 3710 prosequens:

488 3756 509 3791 ι
542 3736 760 3791 Nullum
787 3736 879 3790 hic
910 3733 1066 3789 fateri
1093 3749 1232 3802 opus
1255 3742 1339 3787 est
1378 3731 1725 3800 Hispaniensi
1782 3730 2068 3798 relegatio-

483 3829 593 3891 nis,
654 3826 1023 3893 Celtiberique
1088 3824 1333 3895 martyrii
1396 3822 1737 3889 vestigium;
1797 3821 2064 3889 siquidem

483 3916 773 3986 Traianum
805 3918 858 3969 in
890 3914 1204 3985 Hspaniam
1233 3912 1445 3968 venisse
1470 3926 1772 3981 nunquam,
1796 3927 1859 3964 ex
1897 3909 2066 3965 Dione

483 4016 538 4061 et
564 4007 684 4061 alis
710 4005 1211 4076 compertissimum
1239 4013 1345 4058 est.
1376 4023 1395 4053 ι
1432 4003 1705 4057 Hactenus
1732 4003 1799 4057 de
1831 4003 2065 4056 adducto

483 4097 738 4153 Chronici
789 4099 950 4165 loco;
1006 4100 1152 4167 quod
1217 4097 1465 4171 sequitur
1524 4095 1651 4148 ferit
1717 4093 2064 4162 potissimum

481 4189 751 4243 Joannem
785 4187 1086 4259 Taniayunt
1139 4186 1359 4242 Salazar
1403 4174 1823 4255 maityrologum
1874 4185 2068 4253 Hispa-

484 4293 640 4339 num,
701 4276 793 4346 qui
848 4278 900 4329 in
955 4274 1110 4329 Notis
1149 4276 1215 4329 ad
1277 4275 1312 4329 5
1365 4274 1703 4344 Septembris
1773 4272 1876 4328 alia
1930 4272 2066 4327 ialsa

484 4384 549 4425 ex
607 4368 823 4422 Bivario
875 4365 1268 4437 superaddidit.

558 4475 648 4531 11.
688 4493 708 4526 r
743 4473 859 4529 Non
897 4484 1078 4528 autem
1129 4474 1371 4527 contenti
1419 4474 1649 4529 Romulo
1685 4474 1804 4529 cive
1832 4450 1889 4528 et
1920 4491 2067 4529 mar-

2167 1980 2224 2034 Si
2285 1996 2523 2049 primum
2574 1982 2802 2044 dixeris,
2845 1982 2999 2033 l'atcri
3056 1992 3271 2053 oportet
3328 1989 3763 2048 consequi-nter,

2164 2072 2480 2135 Romulum,
2510 2088 2669 2141 quem
2700 2075 2943 2142 apellant
2993 2074 3301 2141 adjutorem
3328 2076 3569 2143 episc0pi
3620 2077 3763 2128 Acta

2162 2165 2429 2228 Onesinii,
2461 2167 2628 2221 alium
2681 2182 2905 2234 prorsus
2947 2167 3016 2220 ab
3046 2181 3113 2219 eo
3143 2166 3334 2231 fuisse,
3383 2168 3478 2234 qui
3530 2178 3768 2235 propter

2163 2258 2550 2328 opprobratam
2615 2258 2854 2327 Traiano
2934 2259 3302 2328 impietatem.
3390 2260 3551 2326 cujus
3617 2259 3768 2314 aulae

2163 2351 2420 2421 magister
2466 2360 2603 2416 erat,
2646 2367 2867 2407 causam
2908 2366 3089 2406 coram
3114 2367 3193 2406 reo
3241 2352 3397 2407 dixit.
3448 2350 3555 2417 Qui
3605 2353 3762 2406 enim

2164 2445 2328 2500 simul
2359 2460 2486 2499 esse
2522 2452 2736 2509 poterat
2789 2444 3024 2526 praetorii
3075 2444 3303 2515 Augusti
3360 2444 3661 2514 prrelectus
3707 2451 3767 2498 et

2165 2536 2423 2607 Ephesini
2505 2536 2750 2605 episc0pi
2817 2536 3151 2604 coadjutor?
3223 2533 3421 2605 Neque
3476 2537 3610 2590 item
3676 2535 3766 2590 sic

2158 2629 2349 2699 jejuno
2378 2630 2511 2683 Acta
2542 2630 2611 2684 de
2644 2627 2879 2683 Romulo
2915 2638 3083 2684 tanta:
3114 2630 3166 2684 in
3222 2629 3425 2684 saeculo
3469 2629 3767 2700 dignitatis

2140 2722 2283 2775 .viro
2361 2730 2609 2792 agerent,
2677 2730 2738 2774 ut
2784 2721 3068 2790 qurereudi
3121 2722 3300 2775 locum
3355 2722 3763 2791 relinquerent,

2163 2811 2291 2881 quis
2336 2812 2422 2866 ille
2450 2821 2618 2866 esset.
2647 2810 2703 2865 Si
2738 2827 2864 2866 vere
2894 2810 3249 2865 Puteolanum
3281 2822 3576 2882 martyrem
3607 2813 3766 2868 huiie

2167 2905 2390 2966 dixeris.
2446 2905 2581 2958 nihil
2631 2905 2698 2958 ad
2725 2920 2851 2958 eum
2910 2906 3186 2972 pertinere
3243 2905 3338 2974 qui
3393 2906 3496 2959 sub
3546 2906 3764 2959 ultimis

2166 2996 2400 3052 ethnicis
2440 2996 3008 3066 imperatoribus,hoc
3034 3007 3135 3060 est.
3172 2998 3252 3051 vel
3288 2998 3452 3052 Decio
3482 2998 3567 3053 vel
3613 2996 3769 3053 Lici-

2170 3090 2262 3144 nio
2299 3090 2677 3158 triumphavit,
2711 3090 3003 3146 ltomulum
3029 3089 3248 3159 Trajani
3273 3100 3565 3163 martyrem
3592 3092 3762 3146 lateri

2169 3183 2577 3248 compellamur.
2620 3182 2791 3237 Porro
2835 3185 2966 3253 quid
2996 3184 3193 3239 mirum
3242 3184 3298 3237 in
3331 3182 3429 3238 bas
3473 3186 3768 3250 angustias

2169 3275 2434 3336 deveniri,
2471 3274 2692 3343 quando
2720 3276 2958 3345 undique
2999 3275 3235 3334 corrosis
3272 3276 3436 3330 etiam
3462 3275 3766 3331 levissimis

2169 3366 2507 3436 argumentis
2538 3375 2647 3420 tam
2681 3382 2849 3423 sacrae
2885 3384 2975 3422 res
3032 3367 3386 3423 tractantur?
3436 3367 3569 3433 Quin
3617 3365 3764 3422 falsa

2168 3468 2314 3523 sunt,
2357 3469 2504 3512 certe
2547 3469 2829 3527 nequeunt
2856 3460 3199 3529 comprobari
3233 3460 3356 3513 aliis
3385 3461 3489 3515 nisr
3524 3459 3762 3527 inepte;

2168 3557 2227 3602 et
2273 3562 2497 3602 movere
2547 3547 2751 3615 aliquid
2813 3561 3051 3617 oportet,
3090 3558 3150 3602 ut
3205 3549 3337 3602 nihil
3395 3551 3505 3602 liat.
3542 3566 3562 3599 ι
3624 3546 3765 3602 Bac

2168 3649 2362 3694 contra
2395 3639 2729 3694 fabulatores
2765 3639 2885 3693 illos
2915 3640 3164 3694 eruditus
3203 3641 3496 3709 Hispanus.

2242 3733 2329 3790 15.
2358 3734 2624 3786 Caeterum
2659 3732 2759 3787 ista
2790 3733 3073 3800 persuasio
3099 3733 3167 3786 de
3190 3738 3365 3802 patria
3402 3732 3462 3788 S.
3529 3731 3758 3787 Romuli

2140 3823 2511 3889 ,occasionem
2549 3824 2701 3877 dedit
2746 3823 2975 3877 solemni
3037 3824 3158 3892 ejus
3192 3825 3361 3879 cultui
3425 3827 3526 3879 hoc
3558 3826 3651 3880 die
3704 3826 3761 3880 in

2138 3915 2394 3971 'dimccsi
2420 3914 2751 3984 Hispalensi,
2779 3923 2937 3981 prout
2968 3922 3154 3967 narrat
3186 3913 3477 3985 Tamayus,
3510 3930 3632 3983 pag.
3688 3918 3754 3966 bl

2170 4005 2258 4058 his
2283 4005 2508 4059 verbis:
2549 4020 2569 4053 ι
2622 4003 2868 4072 Denique
2892 4018 3016 4058 cum
3071 4004 3421 4071 archipraesul
3452 4003 3518 4056 D.
3547 4003 3608 4056 D.
3647 4001 3762 4057 l’e-

2173 4105 2290 4150 trus
2312 4096 2380 4149 de
2406 4094 2599 4150 Castro
2629 4105 2685 4150 et
2713 4095 3017 4160 Quinones,
3045 4094 3384 4165 Hispalensis
3442 4095 3587 4149 sedis
3630 4110 3753 4149 me-

2173 4188 2449 4259 tr0polita,
2495 4188 2865 4243 referentibus
2910 4185 3130 4241 Decano
3218 4196 3274 4242 et
3334 4186 3575 4256 capitulo
3636 4202 3760 4241 sua

2171 4278 2554 4333 illustrissima:
2609 4278 2868 4332 Ecclesia:
2923 4288 2979 4332 et
3038 4278 3159 4332 aliis
3203 4278 3536 4333 doctissimis
3594 4277 3753 4343 viris,

2171 4372 2520 4441 cognovisset
2550 4371 2699 4425 hunc
2771 4380 3022 4425 sanctum
3091 4382 3385 4439 martyrem
3427 4384 3491 4424 ex
3540 4368 3755 4431 Italica,

2172 4478 2284 4531 sua;
2317 4463 2570 4517 dioecesis
2606 4464 2737 4517 urbe
2788 4464 3079 4518 oriundum
3135 4464 3346 4527 fuisse;
3404 4478 3551 4518 anno
3612 4458 3758 4519 1624

486 4578 603 4637 tyre
632 4565 813 4619 Dextri
850 4564 1096 4619 vindices
1139 4562 1383 4618 Bivarius
1411 4574 1468 4619 et
1498 4564 1754 4635 'l'amajus
1796 4569 2064 4636 progressi
2099 4583 2143 4639 ι)
2173 4555 2250 4609 illi
2284 4556 2491 4609 cultum
2520 4572 2644 4610 cum
2683 4555 2873 4610 Utlicio
2896 4556 3103 4625 duplici
3141 4557 3195 4610 in
3257 4556 3503 4621 dicecesi,
3553 4565 3612 4611 et
3661 4572 3756 4611 se—

484 4665 617 4711 sunt
675 4655 923 4719 ulterius,
993 4663 1051 4708 et
1110 4656 1255 4725 quod
1326 4657 1378 4709 in
1427 4656 1575 4712 Actis
1626 4655 1865 4712 Onesimi
1909 4673 1940 4711 a
1979 4659 2069 4713 Si-

482 4761 677 4802 meone
706 4748 967 4816 scriptum
1021 4746 1186 4806 fuerit
1240 4745 1970 4818 MetaphrasteiFebruario
2000 4748 2067 4803 16

456 4892 463 4897 _
493 4840 639 4907 apud
669 4836 891 4891 Surium
925 4847 1061 4891 tom.
1089 4839 1134 4900 l.
1165 4842 1183 4908 )
1225 4841 1463 4894 oblatum
1499 4855 1624 4893 eum
1659 4838 1900 4895 Tertullo
1932 4855 2070 4910 pra:-

485 4931 587 4985 sidi
621 4945 725 4984 una
746 4946 872 4985 cum
900 4931 1063 4985 sociis
1095 4930 1327 4985 Romqu
1357 4942 1412 4986 et
1438 4932 1600 5001 Papia
1634 4949 1649 4999 ;
1679 4933 1882 4997 statim,
1912 4932 2067 5002 quasi

482 5026 783 5078 revelatum
839 5022 942 5077 sibi
977 5023 1241 5076 divinitus
1282 5023 1496 5086 luisset,
1535 5025 1784 5077 Bivarius
1817 5039 1927 5091 non
1966 5024 2066 5078 du-

482 5114 723 5170 bitanter
760 5115 1028 5169 allirmare
1073 5130 1240 5169 ausus
1285 5125 1395 5179 est,
1456 5117 1711 5168 eumdem
1771 5115 1914 5168 hunc
1942 5129 2067 5169 esse

489 5223 614 5262 cum
656 5218 843 5262 nostro
872 5207 1147 5271 l’toinulo;
1183 5208 1269 5261 cui
1307 5209 1597 5261 temerario
1626 5207 1786 5261 ausui
1820 5210 2065 5262 obstrin-

484 5315 614 5368 gere
683 5299 759 5351 nil
811 5299 1018 5352 veritus
1066 5296 1305 5352 Joannes
1347 5299 1626 5369 Tamajus,
1666 5300 1719 5352 in
1769 5301 1902 5353 Acta
1945 5300 2063 5367 ipsa

482 5390 726 5456 Romuli,
763 5405 883 5460 quae
918 5389 988 5443 ad
1040 5391 1302 5444 ubruzam
1356 5390 1470 5444 veri
1522 5398 1576 5443 et
1630 5389 1896 5461 comperti
1950 5405 2059 5445 non

480 5482 617 5536 alias
663 5480 885 5534 formari
916 5479 997 5533 las
1025 5489 1080 5533 et
1107 5497 1320 5550 aequum
1349 5481 1474 5545 fuit,
1507 5481 1856 5535 vanissimam
1888 5480 2062 5534 adrni-

478 5573 552 5628 sit
577 5572 776 5626 Bitarii
803 5571 1173 5641 conjecturam
1200 5588 1216 5637 ;
1247 5571 1653 5642 Romulumque
1674 5571 1893 5641 Trajani
1917 5573 2063 5629 hunc

478 5664 801 5734 praelectum
841 5662 1083 5717 (lnesirni
1132 5664 1343 5719 socium
1394 5662 1548 5717 illum
1610 5662 1914 5718 coastituit.
1953 5662 2061 5717 Sed

480 5772 752 5826 quaenam.
793 5757 895 5823 ais,
948 5758 1255 5828 iniecerunt
1317 5758 1459 5815 hanc
1509 5768 1749 5814 mentem
1800 5757 2063 5814 Bivario?

485 5848 568 5901 An
616 5847 787 5902 solam
817 5851 1062 5905 nominis
1120 5852 1389 5907 rationem
1445 5864 1669 5909 secutus
1710 5851 1877 5923 ptuit?
1920 5852 2059 5908 Nam

2175 4648 2373 4702 cunde:
2402 4648 2595 4702 claSsis
2619 4651 2673 4701 in
2699 4649 2841 4712 loco,
2884 4649 2973 4703 ubi
3013 4650 3144 4703 olim
3181 4649 3362 4703 Italica
3384 4650 3509 4714 luit,
3556 4649 3757 4703 detulit

2148 4750 2228 4797 Aet
2253 4739 2358 4794 hoc
2382 4739 2435 4792 in
2498 4749 2781 4809 posterum
2845 4742 3131 4795 observari
3202 4740 3483 4809 praecepit,
3542 4740 3756 4793 virtute

2171 4830 2575 4900 priiilegiorum
2606 4846 2638 4885 a
2668 4831 2899 4885 summis
2955 4831 3306 4902 pontiﬁcibus
3356 4846 3754 4886 concessorurn

2170 4924 2494 4994 praesulibus
2547 4924 2901 4994 Hispaniae.»
2960 4923 3069 4978 Sed
3131 4940 3336 4979 novum
3399 4925 3490 4978 hic
3555 4938 3757 4978 rursus

2170 5016 2935 5082 errorcmadmiscuit;nam
2994 5015 3300 5071 llodericus
3366 5020 3527 5078 Caro.
3586 5030 3755 5086 quem

2168 5109 2326 5173 citat,
2398 5110 2453 5162 in
2502 5111 2916 5178 Antiquitatibus
2992 5109 3423 5178 Hispalensibus,
3484 5110 3581 5167 fol.
3650 5110 3752 5163 106

2167 5205 2535 5273 quadriennio
2565 5206 2726 5259 citius
2750 5205 2800 5258 id
2838 5205 3040 5259 factum
3079 5204 3262 5265 tradit.
3309 5206 3570 5257 nimirum
3604 5216 3754 5257 anno

2169 5298 2348 5352 16:20:
2387 5310 2535 5354 certe
2572 5300 2683 5354 lieri
2714 5299 2907 5353 debuit
2935 5307 3061 5352 ante
3100 5298 3172 5351 20
3211 5298 3527 5352 Decembris
3586 5295 3748 5360 1623,

2166 5407 2275 5461 quo
2315 5392 2632 5460 praedictum
2672 5392 3145 5463 archiepiscopum
3179 5391 3402 5445 Petrum
3460 5394 3529 5446 de
3554 5391 3754 5445 Castra

2167 5497 2197 5537 ι
2224 5483 2681 5536 vivisexcessisse
2706 5482 2976 5552 Tamayus
3001 5482 3117 5552 ipse
3164 5483 3234 5536 ad
3267 5483 3326 5536 11
3394 5480 3572 5535 Martii
3623 5496 3750 5552 pag.

2163 5574 2291 5637 201,
2329 5574 2530 5643 aliique
2560 5586 2811 5629 auctores
2830 5578 3059 5644 Hispani
3096 5584 3371 5630 asserunt.

2238 5666 2325 5721 14.
2361 5667 2433 5720 De
2475 5679 2717 5737 tempore
2742 5708 2760 5735 ,
2783 5683 2892 5737 quo
2925 5669 3068 5738 passi
3123 5666 3302 5734 fuere,
3351 5667 3606 5724 observat
3643 5667 3749 5725 Pa-

2163 5761 2285 5831 gius
2343 5761 2399 5814 in
2452 5760 2651 5816 Critica
2714 5760 2932 5816 Baronii
2979 5761 3047 5817 ad
3076 5777 3281 5817 annum
3343 5761 3469 5829 106,
3503 5777 3659 5816 num.
3689 5762 3744 5822 5.

2158 5851 2488 5921 contingere
2514 5867 2622 5906 non
2654 5854 2901 5922 potuisse
2930 5855 3253 5921 martyrium
3300 5853 3357 5911 S.
3423 5854 3645 5910 Romuli
3693 5862 3749 5908 et
