3996 6452
364 366 477 431 61⁸1
1358 361 1548 422 ACTA
1588 360 1691 422 SS.
1729 358 2077 435 EUDOXII,
2122 358 2445 434 ROMULI,
2489 361 2650 424 ETC.
3082 386 3109 415 ιι
3520 365 3628 431 613

365 483 539 539 esset,
570 470 738 528 morti
776 470 1140 534 addictorum,
1169 479 1297 525 ante
1330 484 1537 524 annum
1567 469 1693 533 H2,
1754 485 1863 539 quo
1908 471 1953 523 is
1985 474 2025 528 Α
2057 479 2117 524 ιιι
2148 470 2251 541 ipsi
2279 473 2518 534 tradunt,
2554 486 2839 542 passorum
2874 487 2961 527 res
2996 482 3175 542 gestas
3202 474 3254 529 in
3288 490 3453 533 unam
3480 495 3630 535 eam-

369 570 669 637 impcrator
705 564 757 618 in
794 563 1073 618 Orientem
1128 562 1453 616 transmisit.
1509 560 1854 615 Castellanus
1893 560 1947 615 in
2058 562 2294 632 demque
2349 563 2725 617 narrationem
2760 563 3139 633 coniecerim.
3198 564 3277 620 Ex
3333 568 3629 624 collatione

368 658 750 730 Martyrologio
787 655 1101 718 universali,
1144 670 1264 724 pag.
1289 654 1393 709 979
1444 662 1719 707 certamen
1748 654 1804 706 S.
1844 652 1954 706 Bo-
2060 656 2319 709 Actorum
2348 672 2475 711 cum
2511 655 2722 726 Elogio,
2744 656 2890 726 quod
2909 666 3086 712 exstat
3107 658 3160 711 in
3184 658 3404 715 leuatis
3418 676 3631 732 magnis

366 752 501 806 muli
543 753 829 821 consignat
879 749 995 819 ipso
1044 763 1190 803 anno
1245 746 1390 803 H2:
1424 755 1603 802 utrum
1637 758 1805 810 recte,
1842 761 1950 799 non
2057 746 2359 816 impressis,
2418 756 2563 817 patet
2599 748 2689 802 illa
2725 763 2790 804 ex
2843 750 2949 804 hoc
2989 751 3321 806 concinnata
3372 768 3515 818 esse,
3573 764 3633 809 at

363 843 542 898 ausim
575 857 855 897 asserere:
882 839 1265 896 Tillemontius
1316 838 1463 894 enim
1500 847 1633 894 tom.
1677 838 1717 892 ll
1774 837 1952 909 Impe-

363 944 632 999 ratorum,
665 932 804 988 Nota
830 934 894 987 17
920 944 979 988 et
996 933 1068 987 22
1112 932 1167 985 in
1216 930 1534 996 Traianum,
1592 931 1951 999 probabiliter

358 1028 559 1081 statuit
586 1026 859 1094 duplicem
890 1024 1280 1093 profectionem
1306 1022 1531 1090 Traiani
1566 1022 1620 1075 in
1640 1021 1944 1088 Orientem,

364 1118 598 1188 primam
626 1132 771 1171 anno
804 1116 1170 1181 l06,alteram
1205 1130 1313 1169 non
1363 1115 1470 1170 nisi
1498 1130 1645 1170 anno
1690 1115 1810 1169 tu.
1867 1116 1951 1171 Ad

359 1205 462 1262 SS.
490 1206 798 1261 Eudoxium
829 1216 886 1261 et
907 1207 1087 1261 socios
1145 1206 1295 1275 quod
1341 1214 1574 1275 spectat,
1635 1206 1947 1276 martyrium

362 1304 420 1359 hi
451 1312 909 1360 consummarunt
961 1304 1063 1359 sub
1095 1302 1430 1357 Diocletiano
1494 1316 1563 1356 ex
1617 1301 1945 1368 antedictis,

360 1412 531 1461 anno,
561 1404 619 1452 ut
640 1396 833 1453 Surius
852 1406 1026 1459 notat,
1060 1395 1188 1451 290.
1222 1393 1490 1448 Baronius
1518 1401 1703 1448 autem
1747 1394 1802 1448 in
1828 1393 1942 1448 An-

361 1487 583 1542 nalibus
608 1487 845 1557 primum
879 1485 947 1540 de
982 1485 1117 1555 ipsis
1156 1482 1406 1538 meminit
1452 1482 1523 1537 ad
1573 1496 1779 1536 annum
1818 1482 1944 1549 3H,

358 1593 517 1631 num.
548 1578 639 1632 2|.
671 1576 877 1630 Horum
912 1575 1163 1646 palzestra
1220 1572 1325 1627 fuit
1357 1566 1598 1627 Mélitina
1626 1585 1723 1626 seu
1793 1570 1947 1626 Meli-

358 1677 486 1723 tene
510 1666 566 1721 in
594 1665 853 1723 Armenia
872 1664 1064 1719 Minori
1095 1663 1162 1719 ad
1211 1662 1544 1732 Euphratem
1608 1660 1857 1715 ﬂuvium.
1883 1661 1943 1716 ὃ.

360 1759 629 1814 Romulus
662 1774 789 1813 vero
827 1774 1018 1829 passus
1042 1757 1257 1812 videtur
1280 1756 1336 1811 in
1355 1753 1584 1819 Graecia,
1608 1755 1773 1811 sicuti
1816 1770 1942 1809 eum

365 1851 682 1907 Galesinius
711 1850 1024 1915 annuntiat,
1061 1864 1186 1903 cum
1205 1848 1327 1902 aliis
1343 1847 1564 1917 quidem
1592 1848 1941 1917 martyribus,

359 1943 455 1998 sed
476 1958 619 2013 quos
644 1951 832 2013 postea
861 1941 1055 1997 scribit
1074 1940 1205 1995 alibi
1240 1948 1534 1995 coronatos
1592 1953 1737 2004 esse,
1785 1939 1942 1995 vide-

356 2034 481 2090 licet
515 2035 570 2088 iu
601 2035 943 2088 Armenia-et
967 2042 1213 2103 tempore
1248 2030 1585 2086 Maximiani.
1616 2030 1749 2086 Vide
1776 2046 1942 2103 supra

357 2142 523 2181 num.
544 2127 602 2190 2,
635 2125 1023 2196 Menologium.

434 2220 523 2272 15.
558 2220 690 2273 Acta
758 2216 967 2283 Graeca,
1024 2233 1260 2288 quorum
1311 2218 1709 2291 apographum,
1754 2216 1942 2273 nescio

359 2310 509 2365 unde
556 2318 863 2379 acceptum,
900 2310 1173 2364 habemus
1222 2309 1325 2364 hoc
1374 2309 1533 2365 titulo
1576 2307 1942 2380 εΜαρτύριον

357 2400 467 2455 τῶν
499 2401 673 2468 ἁγίων
696 2402 791 2454 καὶ
811 2400 1041 2465 ἐνδόξων
1065 2399 1163 2454 τοῦ
1184 2399 1424 2471 Χριστοῦ
1450 2400 1750 2472 μαρτύρων
1780 2400 1943 2453 Εὐδο-

359 2493 497 2561 ξίου,
551 2493 857 2564 Ῥωμύλου,
894 2493 1145 2565 Ζήνωνος
1188 2494 1286 2548 καὶ
1333 2494 1651 2563 Μακαρίαν,
1714 2492 1772 2548 id
1800 2499 1937 2547 est:

360 2586 682 2655 Martyrium
719 2594 1021 2639 sanctorum
1053 2594 1102 2639 et
1129 2584 1482 2656 gloriosorum
1503 2578 1704 2639 Christi
1739 2591 1943 2653 marty-

362 2692 481 2731 rum
506 2676 762 2742 Eudoxii,
796 2676 1029 2742 Romuli,
1076 2677 1303 2731 Zenonis
1360 2685 1412 2732 et
1462 2676 1719 2741 Macarii,
1749 2691 1817 2731 ex
1844 2689 1943 2729 an-

364 2768 528 2837 tiquis
558 2769 931 2823 monumentis
955 2768 1288 2836 conscripsit
1325 2766 1749 2838 Metaphrastes.
1780 2765 1942 2835 eique

364 2856 454 2911 illa
485 2853 868 2911 indubitanter
891 2857 1141 2912 attribuit
1166 2857 1279 2910 Leo
1322 2856 1556 2911 Allatius
1600 2855 1658 2910 in
1696 2854 1940 2909 Diatriba

364 2948 431 3004 de
461 2949 800 3021 Symeonum
841 2947 1083 3018 scriptis,
1128 2963 1253 3018 pag.
1287 2947 1389 3004 129
1429 2947 1645 3003 initium
1680 2947 1939 3006 recitatis.

363 3041 558 3098 Latine
596 3056 753 3097 versa
777 3041 946 3097 edidit
976 3042 1228 3112 Aloysius
1280 3040 1618 3110 Lipomanus
1644 3040 1942 3111 episcopus

1970 1818 2019 1877 B

2056 838 2289 893 multum
2339 839 2563 894 aliunde
2619 839 2949 910 ampliﬁcata
3003 858 3018 896 :
3066 856 3132 896 ex
3191 843 3389 912 quibus
3443 854 3628 900 autem

2054 929 2445 991 monumentis.
2479 931 2695 1001 ignoro.

2127 1020 2216 1075 16.
2260 1022 2420 1077 Certe
2438 1023 2659 1093 quidem
2710 1023 2802 1079 illa
2845 1023 3194 1095 ampliﬁcatio
3236 1027 3373 1081 facta
3400 1042 3511 1082 non
3534 1039 3629 1084 est

2051 1127 2118 1167 cx
2175 1113 2487 1168 narratione
2536 1128 2633 1168 seu
2675 1114 2857 1186 elogio
2900 1114 3190 1187 Menologii
3219 1115 3477 1171 Basiliani
3518 1118 3628 1173 :in

2055 1204 2160 1258 hoc
2184 1219 2421 1273 namque
2480 1205 2680 1261 dicitur
2733 1205 2794 1261 S.
2831 1207 3096 1263 Romulus
3141 1217 3333 1263 auctor
3387 1210 3625 1280 primum

2052 1296 2225 1351 fuisse
2256 1294 2516 1366 Traiano,
2545 1299 2873 1353 ἀποστεῖλαι
2900 1300 2982 1363 sic
3005 1300 3101 1372 τὴν
3148 1300 3380 1355 Γαλλίαν
3406 1312 3537 1368 etc.,
3565 1310 3628 1357 ut

2051 1387 2317 1449 mitteret,
2346 1386 2455 1453 vel,
2497 1387 2577 1442 uti
2602 1387 2911 1445 Galesinius
2929 1398 2986 1445 et
3009 1389 3285 1446 Arcudius
3316 1402 3621 1457 verterunt,

2051 1478 2154 1532 iret
2177 1478 2232 1532 in
2264 1478 2514 1546 Galliam,
2539 1480 2836 1535 Asiaticam
2853 1494 3078 1552 nempe,
3112 1482 3168 1538 id
3195 1492 3302 1548 est,
3328 1483 3621 1549 Galatiam,

2050 1571 2361 1642 militesque
2400 1572 2749 1629 Christianos
2778 1572 2890 1629 diis
2918 1573 3204 1630 immolare
3237 1576 3623 1645 compelleret;

2048 1663 2247 1718 deinde
2284 1664 2609 1734 paenitentia
2634 1664 2837 1720 ductus
2858 1665 3159 1723 credidisse
3202 1665 3257 1721 in
3319 1667 3622 1721 Christum.

2050 1754 2448 1823 Metaphrastes
2477 1773 2628 1824 vero,
2659 1756 2928 1813 mirabilia
2951 1759 3206 1815 omittere
3230 1759 3374 1815 haud
3394 1759 3621 1823 solitus,

2048 1848 2273 1917 impium
2304 1848 2436 1903 illud
2490 1847 2708 1904 Romuli
2738 1849 3048 1915 consilium,
3076 1859 3318 1906 secutam
3351 1852 3625 1921 pceniten-

2044 1940 2176 1994 tiam
2223 1951 2280 1995 et
2298 1940 2724 1997 conversionem
2772 1956 2844 1997 ne
2883 1942 3057 1999 verbo
3089 1943 3314 2012 quidem
3351 1943 3617 2012 attingit:

2045 2032 2155 2088 imo
2203 2043 2393 2089 contra
2441 2034 2702 2101 insinuat,
2757 2050 2884 2090 eum
2939 2036 3047 2106 iam
3088 2045 3217 2093 ante
3247 2035 3621 2091 Christianum

2046 2122 2237 2180 fuisse.
2270 2124 2422 2180 Mitto
2447 2125 2582 2179 alias
2626 2126 3050 2195 discrepantias,
3102 2125 3264 2181 facile
3303 2127 3372 2181 ab
3403 2127 3621 2182 erudito

2043 2217 2249 2272 lectore
2324 2218 2718 2276 observandas.
2780 2217 2936 2284 Quod
2996 2228 3203 2290 spectat
3252 2220 3320 2275 ad
3366 2220 3620 2276 undecim

2045 2308 2203 2363 mille
2229 2309 2498 2378 relegatos
2520 2309 2745 2376 milites,
2791 2329 2811 2362 ι
2849 2310 3179 2379 Coniectum
3215 2311 3489 2375 ducimur,
3532 2311 3622 2366 in-

2044 2400 2167 2467 quit
2202 2399 2469 2453 Baronius
2497 2400 2567 2454 ad
2602 2415 2808 2454 annum
2842 2399 2966 2465 108,
3014 2410 3073 2455 ut
3103 2401 3482 2456 existimemus
3521 2402 3622 2457 hos

2044 2489 2164 2545 illos
2210 2490 2357 2560 ipsos
2377 2505 2498 2545 esse
2529 2491 2721 2546 decem
2754 2492 2901 2547 mille
2931 2492 3415 2561 praestantissimos
3470 2508 3621 2547 mar-

2045 2591 2209 2651 tyres,
2249 2581 2340 2650 qui
2373 2582 2428 2636 in
2456 2582 2609 2637 silvis
2643 2583 2845 2638 montis
2873 2583 3066 2637 Ararat
3099 2583 3156 2638 in
3198 2583 3456 2639 Armenia
3490 2593 3621 2640 sunt

2043 2672 2311 2727 cruciﬁxi.
2362 2691 2381 2725 ι
2419 2672 2535 2728 Hoc
2574 2673 2621 2729 si
2657 2688 2847 2727 verum
2900 2674 2991 2737 sit,
3035 2673 3337 2729 manifestae
3374 2674 3620 2731 falsitatis

2043 2764 2447 2819 convincuntur
2509 2765 2738 2819 istorum
2797 2765 3178 2818 cruriﬁxorum
3233 2764 3401 2830 Acta;
3450 2748 3618 2819 Baro-

2044 2855 2169 2910 nius
2216 2855 2417 2925 quippe
2456 2854 2577 2909 loco
2623 2855 2791 2910 citato
2832 2854 3137 2924 praemittit,
3174 2852 3427 2909 undecim
3470 2853 3619 2907 mille

2045 2948 2247 3003 milites
2278 2947 2532 3003 inventos
2571 2946 2746 3002 fuisse
2773 2946 3118 3002 Christianos
3143 2962 3174 3000 a
3199 2944 3434 3015 Trajano
3454 2962 3617 3001 cxer-

2041 3040 2210 3095 citum
2258 3039 2526 3094 lustrante
2572 3049 2877 3110 :martyres
2909 3047 3089 3093 autem
3144 3038 3405 3093 Crucilisi
3443 3038 3615 3093 idolo-

362 3133 699 3189 Veronensis
727 3143 874 3188 tomo
908 3132 973 3189 Vl
1008 3133 1251 3186 Vitarum
1294 3129 1420 3196 SS.,
1461 3146 1624 3201 quam
1660 3131 1937 3201 interpre-
1964 3155 2009 3215 ο
2042 3131 2191 3187 latrat
2211 3130 2392 3186 adhuc
2413 3139 2568 3186 erant
2612 3139 2857 3200 tempore
2878 3129 3124 3194 Adriani,
3149 3130 3369 3201 quando
3393 3129 3618 3200 angelus

361 3227 623 3280 tationem
653 3225 881 3282 inferius
903 3226 1182 3292 recudam,
1215 3225 1311 3280 sed
1333 3232 1685 3279 morenostro
1703 3223 1936 3279 divisam
2043 3223 2100 3279 in
2141 3236 2336 3293 campo
2372 3235 2647 3291 apparens
2690 3220 2850 3275 ﬁdem
2905 3219 3112 3275 Christi
3160 3219 3238 3274 eis
3276 3219 3615 3290 prasdicavit.

362 3316 415 3372 in
445 3321 624 3389 capita
647 3329 703 3374 et
735 3335 1020 3387 numeros,
1046 3328 1107 3375 ut
1127 3318 1329 3373 Grecae
1353 3315 1656 3372 narrationi
1689 3315 1948 3371 similiter
2045 3313 2125 3368 uti
2159 3318 2416 3367 narratur
2450 3321 2583 3367 tom.
2616 3308 2681 3364 IV
2710 3309 2858 3365 Junii
2895 3309 2962 3364 ad
2997 3310 3144 3365 diem
3174 3310 3245 3364 ‘22
3279 3310 3329 3362 in
3370 3310 3615 3381 ipsorum

359 3408 671 3464 dividenda:
707 3412 1054 3481 respondeat.
1105 3408 1378 3464 Baronius
1412 3407 1480 3461 ad
1524 3407 1672 3461 hunc
1694 3405 1840 3461 diem
1876 3421 1943 3460 ea
2044 3404 2216 3470 Actis,
2245 3421 2366 3474 quae
2406 3404 2635 3467 ibidem,
2677 3418 2707 3457 a
2742 3418 2867 3472 pag.
2912 3402 3035 3467 175,
3069 3401 3473 3456 Commentario
3511 3402 3618 3455 cri-

360 3512 521 3556 vocat
547 3503 680 3557 Acta
712 3503 770 3558 S.
828 3503 1070 3568 Romuli,
1128 3501 1256 3573 quia
1304 3514 1501 3568 nempe
1554 3499 1622 3554 de
1670 3498 1791 3568 ipso
1830 3498 1946 3566 agit
2047 3495 2156 3550 tico
2211 3495 2454 3550 excussit
2492 3493 2907 3564 Papebrochius
2938 3506 3002 3546 ac
3043 3489 3287 3545 fabulosa
3309 3504 3431 3544 esse
3457 3504 3616 3542 mon-

364 3609 512 3665 pnor
545 3595 762 3649 illorum
791 3611 947 3665 pars;
983 3602 1040 3649 at
1082 3594 1288 3648 rectius
1321 3590 1389 3646 ab
1431 3590 1558 3644 aliis
1592 3588 1942 3659 appellantur
2044 3585 2258 3641 stravit.
2292 3584 2606 3641 Verisimile
2637 3582 2803 3637 etiam
2847 3597 2955 3636 non
2994 3589 3102 3645 est,
3156 3578 3407 3633 undecim
3448 3578 3618 3633 millia

365 3684 703 3753 reliquorum
734 3684 899 3739 etiam
931 3692 1229 3754 martyrum
1276 3679 1522 3746 nomine,
1549 3694 1781 3749 quorum
1808 3693 1940 3748 ago-
2039 3675 2322 3731 hominum
2365 3674 2531 3728 simul
2566 3674 2686 3727 neci
2723 3676 2847 3729 data
2878 3672 3049 3727 fuisse
3080 3687 3112 3726 a
3151 3670 3389 3740 Trajano
3420 3687 3435 3724 :
3464 3682 3617 3725 certe

366 3788 513 3839 nem,
546 3771 605 3826 S.
643 3773 875 3828 Eudoxii
910 3772 1213 3843 prasertim
1258 3769 1430 3840 magis
1462 3769 1581 3824 fuse
1612 3768 1941 3824 describunt
2038 3767 2093 3823 id
2116 3766 2519 3835 Metaphrastes
2561 3781 2671 3821 non
2697 3766 2957 3832 siluisset,
2983 3764 3031 3819 si
3070 3764 3124 3817 in
3150 3763 3391 3836 antiquis
3420 3778 3616 3817 monu-

365 3878 486 3935 post
528 3878 814 3921 narratum
858 3863 1075 3921 Romuli
1133 3861 1478 3932 martyrium.
1517 3859 1685 3914 Miror
1732 3869 1938 3924 tamen,

361 3955 507 4025 quod
564 3954 738 4011 (ἔτωεὶ
773 3964 1089 4011 sanctorum
1136 3962 1249 4009 tam
1303 3951 1538 4007 diversis
1582 3949 1936 4019 temporibus,

2039 3860 2242 3916 mentis
2265 3859 2586 3931 reperisset.

355 4091 3609 4156 Μ

512 4384 870 4519 ΤΟΥ
967 4381 1488 4520 ΑΓΙΟΥ
1577 4230 2488 4519 ὣᾚῗὲᾞΣ
2586 4366 3457 4509 ΕΥΔΟΞΙΟΥ

954 4577 1078 4632 ιω
1131 4576 1265 4632 TON
1326 4575 1465 4631 er
1522 4573 1708 4645 arra
1757 4570 1943 4627 ΔΘΛΗ

2050 4569 2220 4626 NTOIV
2273 4564 2475 4623 ΑΓΙΩΝ
2528 4565 2931 4621 ΜΑΡΤΥΡΩΝ.

751 4717 2015 4995 ΜΑΒΤῩΒΙΠΜ-

2086 4829 2247 4985 s.
2420 4821 3277 5052 EUDOXII'

1536 5085 1682 5175 ET
1792 5074 2451 5173 SOCIORUM.

1827 5353 2055 5412 CAPUT
2117 5354 2162 5411 Ι.

364 5455 548 5515 Milites
584 5453 909 5512 Christianos
963 5455 1020 5509 in
1064 5453 1308 5510 exsilium
1348 5451 1498 5521 pellit
1553 5449 1862 5520 Trajanus:
1896 5451 1975 5521 id,
1998 5449 2312 5521 improbans
2368 5442 2427 5500 S.
2472 5440 2725 5499 Romulus
2752 5445 3009 5507 etaperto
3048 5433 3314 5494 Christum
3363 5432 3612 5503 conﬁtens

1588 5519 1872 5591 gloriosum
1894 5520 2028 5574 subit
2049 5519 2388 5590 martyrium.

375 5678 387 5689 -
433 5644 521 5703 A'.
552 5643 821 5719 Τραϊανοῦ
851 5643 945 5698 τοῦ
977 5640 1270 5707 δυσσεϐοῦς
1310 5639 1572 5712 βασιλέως
1612 5638 1811 5709 πολλὴν
1844 5637 1944 5708 μὲν

2124 5638 2167 5690 1.
2198 5634 2433 5704 Traiano
2465 5631 2543 5704 (1)
2578 5630 2745 5703 impio
2775 5630 3103 5701 imperatore
3133 5625 3188 5681 in
3212 5621 3606 5681 exsecrandum

438 5758 807 5834 (l)'l'rajanus
838 5757 1123 5822 imperium
1171 5755 1413 5825 suscepit
1449 5768 1594 5811 anno
1621 5750 1821 5810 Christi
1838 5750 1927 5821 98,
1958 5759 2204 5810 mortuus
2241 5756 2323 5806 est
2356 5746 2473 5801 117.

696 5857 967 5917 ΡΑτιιοῐι.
1000 5854 1113 5912 Gn.
1148 5848 1331 5912 CXV.
1410 5881 1419 5896 τ

1769 5937 1889 5945 un...

3260 5829 3337 5891 ΞΟ

2700 5926 2773 5958 ’.
