3996 6434
395 424 500 496 62!

1362 436 1552 499 ACTA
1593 437 1696 500 SS.
1739 435 2101 511 EUDOXI-I,
2144 435 2472 509 ROMULI,
2515 436 2675 500 ETC.

3553 441 3660 508 622

395 549 673 622 ῑξυϐρίζει
700 550 798 621 μὲν
821 552 898 614 είς
928 551 1056 616 τοὺς
1079 550 1286 605 ἐκείνου
1315 550 1472 614 θεοὺς
1493 552 1716 622 ἀναίδην
1741 567 1754 584 ·
1780 550 1960 622 ὁμολο-

2085 557 2140 603 et
2168 548 2560 605 ardentissimo
2583 549 2702 619 ejus
2730 547 2847 605 zelo
2876 549 2930 604 in
2967 549 3156 610 animo
3177 567 3464 620 accensus,
3487 554 3660 613 libere

402 645 488 711 γεῖ
519 642 576 696 δὲ
611 643 862 712 φανερῶς
897 643 987 696 τὸν
1018 643 1255 714 Χριστὸν
1291 644 1384 696 καὶ
1413 643 1850 714 παρρησιάζεται
1876 643 1974 714 τὴν

394 737 700 794 εὐσέϐειαν.
769 737 1062 810 Ἀγριᾶνας
1119 739 1296 791 τοίνυν
1356 736 1613 789 ὲπιπλέον
1673 735 1972 803 Τραϊανὸς,

395 829 607 884 κελεύει
640 828 876 902 ταθῆναι
903 827 1093 882 τοῦτον
1123 829 1216 882 καὶ
1257 825 1477 897 ῥάϐδοις
1504 824 1836 890 αίκίςεσθαι.

462 1003 538 1060 Δ’.
592 1006 654 1061 'O
706 1005 890 1075 μέντοι
946 1004 1222 1074 Ῥωμύλος
1255 1004 1506 1074 εὐψύχως
1539 1003 1828 1073 δεχόμενος
1876 999 1974 1063 τὰς

390 1097 628 1167 πληγὰς,
679 1096 796 1150 Νῦν
831 1097 1137 1166 εὐεργετῶν
1180 1114 1249 1166 με
1300 1097 1410 1150 ἴσθι
1444 1097 1513 1151 τὰ
1559 1095 1811 1166 μέγιστα,
1838 1091 1977 1162 πρὸς

391 1189 662 1260 Τραῖανδν
701 1189 852 1243 ἐϐόα.
883 1189 957 1242 Τό
994 1207 1053 1242 τε
1092 1188 1202 1260 γὰρ
1264 1189 1424 1262 σῶμα
1466 1187 1592 1259 ἐμοὶ
1637 1185 1716 1257 τῷ
1759 1182 1976 1256 ἐρυθρῷ

388 1279 564 1351 τούτῳ
619 1281 1046 1353 περιρρεόμενον
1105 1282 1302 1351 αἵματι
1341 1282 1431 1335 τὸν
1461 1284 1525 1334 ὲκ
1552 1281 1651 1352 τῆς
1689 1275 1974 1346 εἰδωλικῆς

388 1372 615 1441 κνίσσης
649 1372 864 1444 δυσώδη
917 1374 1193 1445 μολυσμὸν
1241 1373 1586 1437 ἀπολούεται,
1633 1373 1727 1426 καὶ
1760 1371 1973 1442 ἡψυχὴ

387 1463 444 1518 δὲ
492 1465 800 1536 ἀφθαρσίας
849 1466 1051 1536 χιτῶνα
1101 1466 1344 1538 καθαρὸν
1396 1463 1805 1536 περιϐάλλεται.
1857 1460 1974 1513 Οὐκ

385 1556 586 1626 ἧνεγκε
625 1557 799 1633 ταῦτα
831 1559 1119 1628 Τραϊανὸς,
1159 1557 1272 1613 ἀλλ’
1304 1559 1382 1621 είς
1421 1557 1644 1610 πλείονα
1669 1555 1760 1608 τὸν
1803 1550 1973 1623 θυμὸν

387 1650 706 1721 προαχθεὶς,
739 1653 964 1723 ταχεῖαν
993 1651 1174 1706 αὐτῶν
1198 1651 1522 1722 ἀπαλλαγὴν
1546 1647 1806 1717 ἐπίτομόν
1829 1663 1888 1700 τε
1913 1645 1974 1698 τὸ

392 1743 698 1814 μαρτύριον
728 1745 1060 1817 διεπράξατο
1083 1760 1099 1778 ⁸
1145 1747 1238 1798 καὶ
1271 1742 1546 1816 τμηθῆναι
1591 1740 1692 1813 τὴν
1726 1737 1973 1807 κεφαλὴν

396 1833 681 1903 Ῥωμύλου
720 1833 1036 1905 ψηφίζεται.
1097 1834 1158 1889 Ὀ
1195 1834 1294 1905 μὲν
1343 1833 1436 1887 οὖν
1487 1833 1725 1902 ἄσμενος
1779 1829 1841 1882 τὸ
1884 1826 1972 1881 διὰ

2079 640 2304 706 quidem
2349 649 2404 695 et
2451 639 2624 696 elluse
2668 641 2817 698 illius
2870 642 3002 698 deos
3046 643 3264 715 probris
3309 645 3654 712 insectatur.

2079 731 2361 786 Christum
2437 743 2626 788 autem
2680 743 2867 803 aperte
2931 735 3244 800 conﬁtetur,
3297 746 3354 792 et
3393 739 3654 809 pietatem

2079 821 2346 876 audacter
2378 821 2684 891 proﬁtetur.
2710 823 2881 895 Magis
2913 824 3362 896 itaqueirritatus
3385 830 3654 900 Traianus

2073 915 2232 985 jubet
2270 929 2396 969 eum
2428 914 2649 970 extendi
2687 925 2740 970 et
2783 917 2949 988 virgis
2983 919 3139 974 caedi.

2149 1005 2246 1060 IV.
2275 1005 2545 1063 Romulus
2575 1015 2760 1064 autem
2797 1025 2994 1080 magno
3026 1021 3082 1067 et
3103 1011 3232 1068 forti
3260 1014 3445 1071 animo
3467 1018 3660 1090 plagas

2077 1096 2358 1167 accipiens
2415 1116 2429 1150 :
2483 1095 2642 1154 Nunc
2673 1099 2839 1166 scias,
2873 1117 2959 1156 me
2993 1104 3234 1160 maximo
3270 1105 3408 1162 allici
3447 1107 3657 1164 beneﬁ-

2078 1188 2222 1256 iicio,
2255 1189 2602 1246 exclamabat
2633 1192 2702 1246 ad
2725 1189 3044 1262 Traianum.
3076 1193 3288 1266 Corpus
3311 1199 3480 1267 enim,
3505 1203 3654 1271 quod

2078 1281 2184 1337 hoc
2212 1282 2381 1338 rubro
2401 1283 2540 1338 mihi
2561 1285 2829 1356 sanguine
2855 1286 3209 1354 circumﬂuit,
3235 1292 3412 1348 abluit
3438 1296 3652 1362 sordes,

2076 1389 2211 1444 quas
2239 1374 2486 1430 contraxi
2506 1389 2575 1430 ex
2602 1377 2793 1432 nidore
2813 1379 3272 1444 simulacrorum;
3312 1393 3370 1440 et
3405 1385 3654 1443 induitur

2076 1466 2260 1522 anima
2284 1468 2487 1524 munda
2516 1469 2701 1524 tunica
2735 1471 3191 1543 incorruptionis.
3224 1473 3345 1532 Non
3375 1479 3501 1534 tulit
3533 1479 3653 1538 haec

2076 1555 2370 1628 Traianus,
2435 1560 2532 1615 sed
2575 1561 2772 1630 majori
2841 1562 2921 1617 ira
2968 1564 3234 1634 percitus,
3298 1566 3348 1622 ei
3413 1569 3654 1627 celerem

2075 1660 2364 1723 comparat
2388 1652 2808 1720 liberationem,
2842 1663 2900 1711 et
2933 1655 3102 1714 breve
3123 1657 3653 1733 etIicitmartyrium;

2073 1752 2128 1798 et
2173 1744 2444 1810 decernit,
2497 1755 2557 1801 ut
2616 1755 2784 1817 caput
2826 1747 3048 1805 Romuli
3101 1761 3436 1823 amputetur.
3474 1755 3656 1828 Atque

2074 1833 2166 1889 ille
2185 1836 2408 1906 quidem
2459 1833 2697 1892 libenter
2725 1851 2916 1893 ensem
2980 1838 3192 1910 aspexit
3229 1850 3454 1912 propter
3495 1843 3651 1899 Chri-

387 1923 625 1993 Χριστὸν
672 1917 778 1979 εἶδε
827 1926 1000 1995 ξίφος,
1035 1925 1132 1980 καὶ
1184 1926 1376 1996 ἥδιστα
1424 1922 1484 1976 τδ
1534 1921 1630 1976 τοῦ
1667 1916 1960 1992 μαρτυρίου

2074 1931 2244 1991 stum,
2277 1933 2334 1979 et
2368 1925 2772 1994 iucundissime
2796 1926 2968 1985 subiit
2993 1928 3235 1986 stadium
3269 1931 3543 2002 martyrii.

385 2013 589 2085 ἐπῆλθε
624 2015 860 2072 στάδιον.

1805 2106 2056 2166 CAPUT.
2110 2105 2175 2163 ll.

383 2204 448 2262 S.
509 2204 781 2260 Eudoxius
834 2207 1019 2290 missos
1068 2210 1138 2264 ad
1187 2208 1606 2290 secapiemluin
1627 2202 2104 2290 conaiviq‘engipit:
2125 2200 2251 2290 μξξη
2275 2212 2470 2290 sponte
2499 2206 2608 2260 adit
2635 2209 2951 2290 praesidem,
2969 2228 3164 2290 _1_:oram
3191 2225 3293 2286 quo
3327 2183 3490 2286 ﬁdem
3526 2235 3652 2286 pro-

967 2279 1155 2348 ﬁtetur
1181 2271 1515 2351 balteu'mque
1553 2276 1760 2347 objicit,
1788 2271 2046 2328 mitilibus
2083 2271 2223 2326 1104
2263 2271 2562 2343 ατεηιρίιιιη
2594 2271 2710 2347 ejus
2742 2271 3097 2339 imitantibus.

452 2393 530 2449 E'.
570 2393 776 2465 Συχνοῦ
813 2392 873 2449 δὶ
914 2396 1118 2466 μεταξὺ
1151 2395 1453 2460 διελθόντος
1491 2395 1708 2466 χρόνου,
1741 2390 1968 2459 Διοκλη-

379 2485 563 2549 τιανὸς
592 2485 693 2557 μὲν
718 2487 910 2558 αἵματι
933 2487 1181 2559 ἔμφυλίῳ
1206 2487 1301 2542 καὶ
1327 2487 1603 2559 τυραννίδι
1621 2485 1848 2541 κλέπτει
1869 2480 1970 2553 τὴν

379 2577 659 2648 βασιλείαν
683 2595 699 2610 ο
738 2580 1036 2650 φιλονεικεῖ
1069 2581 1127 2634 δὲ
1158 2580 1288 2645 τοὺς
1327 2581 1434 2651 πρὸ
1471 2579 1635 2632 αὐτοῦ
1669 2575 1971 2651 τυράννους

380 2669 525 2724 κατά
543 2687 610 2740 γε
642 2670 735 2725 τὸν
761 2671 860 2742 τῆς
891 2671 1177 2742 ὠμότητος
1208 2671 1303 2725 καὶ
1333 2670 1425 2724 τὺν
1463 2670 1562 2740 τῆς
1588 2665 1846 2730 ἀσεϐείας
1877 2663 1971 2718 λό-

380 2778 476 2832 γον
503 2762 854 2834 ὑπερϐαλεῖν,
886 2768 980 2818 καὶ
1005 2763 1103 2838 τὴν
1137 2762 1362 2818 ἐκείνων
1391 2764 1692 2833 ἀγριότητα
1723 2756 1966 2828 φανερὰν

379 2855 550 2922 δεῖξαι
593 2855 1040 2928 φιλανθρωπίανο
1088 2857 1210 2910 ὅθεν
1258 2855 1326 2922 δὴ
1368 2855 1718 2924 διατάγματα
1755 2847 1960 2920 συνεχῆ

380 2947 759 3020 κατελάμϐανε
789 2949 851 3003 τὸ
883 2948 1202 3021 ὑπήκοον,η
1230 2949 1441 3009 πάντας
1466 2945 1616 3015 αὐτῷ
1635 2941 1964 3011 κοινωνῆσαι

379 3038 476 3108 τῆς
507 3037 762 3103 ἀσεϐείας
784 3079 800 3106 ,
832 3039 864 3109 ἢ
899 3038 1129 3094 θάνατον
1160 3039 1343 3103 αὐτοῖς
1373 3035 1512 3093 εἶναι
1544 3037 1605 3091 τὸ
1635 3034 1738 3106 τῆς
1785 3048 1963 3102 παρα-

378 3133 511 3201 κοῆς
546 3132 844 3202 ἐπιτίμιον.
883 3133 1202 3204 Χριστιανοὶ
1230 3134 1414 3187 τοίνυν
1440 3132 1530 3186 διὰ
1564 3130 1625 3184 τὸ
1652 3131 1751 3201 τῆς
1789 3128 1960 3201 ὀργῆς

2139 2385 2204 2442 ν.
2233 2387 2370 2445 Cum
2385 2390 2616 2448 multum
2629 2402 2808 2451 autem
2828 2397 3224 2458 intercessisset
3261 2405 3522 2475 temporis
3550 2405 3650 2477 (θ).

2068 2479 2454 2538 Diocletianus
2482 2485 2704 2555 quidem
2759 2490 3024 2561 sanguine
3089 2492 3350 2550 intestino
3381 2505 3436 2552 et
3467 2508 3654 2570 tyran-

2064 2572 2192 2628 nide
2221 2574 2431 2629 invadit
2465 2575 2756 2648 imperium
2789 2579 2890 2651 (7),
2916 2583 3198 2639 contendit
3223 2593 3406 2640 autem
3431 2603 3528 2644 eos
3554 2592 3651 2661 qui

2067 2679 2461 2735 praecesserant
2492 2675 2753 2739 tyrannos
2783 2672 3109 2730 crudelitate
3137 2689 3403 2747 superare
3443 2690 3501 2734 et
3546 2681 3652 2736 im-

2083 2755 2310 2825 pietate,
2336 2766 2394 2812 et
2421 2759 2714 2814 ostendere
2757 2761 2977 2817 illorum
3026 2763 3288 2822 saevitiam
3337 2767 3508 2824 fuisse
3547 2771 3650 2826 hu-

2069 2848 2413 2907 manitatem.
2446 2849 2603 2907 Unde
2633 2853 2796 2909 etiam
2833 2855 2902 2911 ad
2930 2871 3026 2912 eos
3063 2857 3157 2928 qui
3205 2859 3352 2915 illius
3384 2863 3650 2932 parebant

2069 2940 2329 3011 imperio,
2385 2942 2568 2998 edicta
2609 2945 2904 3002 veniebant
2963 2947 3298 3020 frequentia,
3343 2961 3404 3008 ut
3454 2969 3651 3023 omnes

2068 3029 2150 3085 Vel
2179 3044 2304 3085 cum
2339 3045 2409 3086 eo
2455 3033 2900 3090 communionem
2944 3036 3241 3109 impietatis
3282 3042 3645 3114 susciperent.

2062 3122 2150 3177 vel
2180 3137 2329 3178 mors
2359 3132 2506 3178 esset
2544 3123 2625 3179 eis
2670 3140 2832 3195 pinna
2885 3126 3292 3187 inobedientiae.
3344 3132 3648 3192 Christiani

377 3199 477 3276 tofi
498 3199 1026 3296 ἀνδρὸς-ἄμαχόντε
1057 3225 1154 3280 καὶ
1189 3225 1376 3290 δεινῶς
1406 3224 1618 3296 ἄγριον,
1657 3199 1715 3276 oi
1737 3199 1836 3292 μὲν
1861 3220 1960 3283 τὰς

2068 3215 2250 3287 itaque
2279 3227 2506 3288 propter
2539 3232 2741 3273 saevam
2769 3228 2828 3274 et
2857 3219 3152 3278 immanem
3183 3224 3329 3280 illius
3363 3226 3520 3293 iram,
3554 3231 3646 3284 alii

381 3316 520 3386 μετὰ
543 3315 654 3370 τῶν
677 3317 880 3388 θηρίων
913 3319 972 3372 ὲν
998 3320 1228 3390 ἐρήμοις
1249 3318 1533 3390 διατριϐὰς
1558 3317 1656 3387 τῆς
1682 3313 1823 3387 μετὰ
1849 3313 1960 3367 τῶν

378 3409 684 3480 ἀνθρώπων
721 3411 923 3483 μᾶλλον
955 3412 1281 3484 προέκρινον
1319 3413 1598 3473 συνοικίας
1623 3427 1638 3442 ο
1676 3413 1729 3464 et
1763 3409 1820 3464 δὲ
1853 3409 1957 3480 ὅρη

379 3505 472 3557 καὶ
502 3501 762 3574 σπήλαια,
788 3504 884 3557 καὶ
907 3504 1007 3558 ὅσα
1032 3501 1257 3558 δύναται
1279 3503 1568 3576 κρύπτειν,
1600 3501 1957 3572 ὑποδυόμενοι

380 3596 471 3650 καὶ
504 3596 666 3649 αὐτὸν
688 3635 705 3663 ,
742 3596 818 3659 ὡς
844 3590 1016 3651 οἷόντε
1034 3637 1050 3666 ,
1083 3598 1175 3652 τὸν
1199 3596 1350 3668 ἥλιον
1375 3595 1649 3649 διαλαθεῖν
1676 3592 1954 3646 ἔσπευδον.

447 3779 540 3847 (τ’.
584 3776 854 3832 Ἐνταῦθα
892 3775 1159 3847 μηνύεταί
1203 3790 1288 3838 τις
1333 3773 1584 3844 εὐσεϐὴς,
1611 3770 1706 3826 καὶ
1748 3768 1843 3823 τοῦ
1881 3769 1960 3839 μὴ

377 3871 561 3925 λαθεῖν
607 3869 778 3932 ὅντως
830 3867 1004 3934 ἄξιος,
1059 3866 1310 3932 Εὐδόξιος
1364 3866 1398 3936 ἢ
1449 3864 1729 3936 Μαριανὸς
1784 3863 1958 3932 ὄνομα

377 3965 548 4034 ἀνήρ’
575 3963 907 4035 ἀμφοτέροις
944 3961 1049 4032 γὰρ
1076 3959 1478 4030 ὲκυριολογείτο
1511 3960 1623 4020 τοῖς
1651 3956 1917 4026 ὀνόμασιν
1936 3970 1952 3986 ο

375 4056 480 4110 ἀπὸ
509 4056 886 4127 πριμικηρίων
909 4054 967 4108 δὲ
988 4052 1085 4125 τὴν
1106 4052 1285 4119 ἀξίαν,
1310 4047 1377 4125 ἦς
1397 4050 1483 4105 διὰ
1509 4051 1597 4103 τὸν
1622 4052 1700 4112 είς
1721 4047 1954 4118 Χριστὸν

376 4151 540 4204 πόθον
558 4148 994 4221 ἀπεληλαμένος,
1013 4149 1070 4200 ὲν
1087 4149 1152 4216 τῇ
1174 4147 1284 4199 τῶν
1302 4163 1365 4200 κο
1373 4147 1560 4218 μήτων
1579 4141 1917 4210 ὑπεϐιϐάσθη
1938 4156 1951 4170 ο

376 4244 470 4296 καὶ
493 4241 698 4315 ταύτης
725 4243 781 4296 δὲ
816 4242 891 4312 μὴ
919 4240 1120 4312 τυχὼν,
1148 4239 1405 4312 ἔστερξεν
1435 4239 1502 4292 ἂν
1527 4237 1607 4310 τῷ
1633 4235 1958 4306 ποθουμένῳ

378 4335 526 4407 μόνῳ
573 4333 1088 4405 παρακαλούμενος.
1139 4332 1423 4404 Μηνύεται
1460 4331 1516 4385 δὲ
1551 4331 1612 4383 τὸ
1651 4328 1956 4400 τηνικαῦτα

373 4428 683 4499 Μελιτηνῆς
717 4427 944 4498 ἡγεμόνι
975 4446 987 4458 ·
1027 4426 1086 4491 ὃς
1135 4425 1320 4497 ἐπειδὴ
1351 4425 1420 4478 τὰ
1459 4425 1589 4496 περὶ
1625 4423 1722 4477 τοῦ
1762 4421 1956 4494 ἀνδρὸς

2061 3309 2281 3379 quidem
2320 3311 2595 3366 malebant
2623 3326 2748 3366 cum
2794 3312 2926 3368 ieris
2955 3313 3199 3370 habitare
3235 3317 3290 3370 in
3336 3320 3652 3378 solitudini-

2059 3399 2184 3467 bus,
2219 3417 2381 3472 quam
2413 3400 2575 3456 sintul
2602 3417 2726 3456 cum
2756 3401 3106 3460 hominibus:
3145 3405 3237 3460 alii
3280 3417 3460 3464 autem
3494 3427 3649 3466 mon-

2064 3499 2145 3546 tes
2179 3499 2233 3547 et
2285 3492 2574 3562 speluncas
2615 3501 2673 3548 et
2751 3509 3092 3566 quacunque
3159 3498 3338 3555 celare
3397 3512 3650 3572 poterant

2061 3583 2357 3638 subeuntes
2399 3584 2728 3650 studebant,
2769 3587 2948 3656 quoad
2965 3590 3098 3660 ejus
3129 3588 3244 3645 ﬁeri
3287 3603 3522 3662 poterat,
3561 3599 3642 3654 vel

2061 3673 2238 3743 ipsum
2267 3675 2436 3729 solem
2473 3675 2663 3736 latere.

2133 3764 2220 3820 Vl.
2251 3767 2329 3821 Eo
2368 3777 2614 3838 tempore
2643 3768 2886 3825 defertur
2905 3772 3122 3842 quidam
3158 3777 3240 3830 vir
3262 3780 3417 3848 pius,
3445 3794 3502 3837 et
3530 3785 3646 3854 pla-

2063 3879 2131 3918 ne
2170 3865 2424 3938 indignus
2463 3865 2554 3936 qui
2583 3865 2794 3923 lateret.
2843 3867 2904 3923 Ei
2929 3885 3132 3926 nomen
3167 3883 3286 3929 erat
3343 3875 3642 3946 Eudoxius,

2062 3966 2156 4011 aut
2187 3958 2458 4012 Mariunus
2481 3976 2497 4026 ;
2517 3970 2636 4014 erat
2683 3960 2830 4015 enim
2863 3969 3154 4032 utrumque
3180 3965 3229 4021 ei
3289 3982 3488 4024 nomen
3518 3988 3645 4042 pro—

2060 4050 2238 4120 prium
2268 4091 2283 4104 .
2314 4049 2356 4104 A
2389 4051 2655 4121 dignitate
2699 4061 2880 4108 autem
2928 4054 3333 4124 primiceriatus
3383 4064 3643 4133 expulsus

2065 4151 2294 4214 propter
2323 4159 2562 4198 amorem
2596 4143 2800 4200 Christi
2839 4186 2854 4209 ,
2898 4146 3256 4206 descenderat
3301 4153 3369 4207 ad
3415 4153 3641 4212 inferio-

2061 4251 2175 4290 rem
2239 4237 2500 4292 comitum
2541 4235 2865 4306 dignitatem
2898 4256 2914 4307 ;
2957 4255 3120 4309 quam
3153 4243 3372 4312 quidem
3429 4251 3640 4304 etiamsi

2059 4343 2169 4384 non
2199 4328 2395 4384 fuisset
2449 4341 2828 4396 consecutus,
2896 4332 3032 4386 satis
3095 4340 3278 4390 tamen
3359 4337 3644 4396 habuisset

2059 4437 2184 4476 eum
2246 4422 2422 4478 solum
2498 4425 2690 4493 sequi,
2737 4439 2898 4494 quem
2957 4425 3350 4484 desiderabat..
3387 4433 3642 4488 Defertur

375 4522 586 4574 ἕκαστα
625 4521 963 4592 μεμαθήκοι,
994 4521 1118 4584 τοὺς
1154 4519 1382 4586 ἄξοντας
1415 4518 1580 4569 αὐτὸν
1607 4517 1950 4589 παραχρῆμα

2068 4523 2242 4568 autem
2277 4515 2345 4568 ad
2386 4529 2509 4568 eum
2539 4553 2555 4579 ,
2606 4516 2698 4584 qui
2730 4526 2858 4570 tunc
2911 4525 3027 4571 erat
3079 4533 3281 4589 praeses
3338 4521 3636 4581 Melitenze.

373 4614 669 4682 ἐκπέμπει.
732 4611 903 4664 Τοῦτο
953 4612 1009 4665 δὲ
1064 4613 1140 4682 μὴ
1191 4610 1280 4664 τὸν
1326 4607 1576 4673 Εὐδόξιον
1623 4608 1808 4672 λαθὸν,
1865 4607 1956 4660 εὐ-

373 4707 695 4778 τελεστέραν
725 4705 1085 4776 περιθέμενο,
1111 4705 1211 4775 τὴν
1236 4701 1450 4775 στολὴν,
1476 4703 1563 4755 ἵνα
1588 4704 1664 4774 μὴ
1689 4703 1838 4766 ὅστις
1867 4702 1953 4770 εἴη

372 4798 608 4866 φανερὸς
660 4798 892 4866 γένοιτο,
944 4795 1300 4868 ἐμφανίζεται
1331 4799 1444 4858 τοῖς
1497 4794 1952 4866 ἀπεσταλμένοις.

369 4889 720 4960 Ἐντυχόντες
763 4888 944 4943 τοίνυν
1006 4890 1189 4950 αὐτοῖς
1249 4887 1394 4962 [imo
1424 4888 1596 4961 αὐτῷ]
1646 4891 1740 4943 καὶ
1790 4894 1955 4960 μήπω

369 4985 558 5039 τοῦτον
591 4988 800 5040 ἐκεῖνον
833 4985 972 5039 εἶναι
1015 4985 1359 5056 νομίσαντες,
1401 4983 1508 5053 ὅπη
1540 4985 1647 5053 ἄρα
1682 4981 1950 5052 διατρίϐοι

367 5082 396 5134 ό
439 5081 616 5151 κόμης
654 5079 924 5144 Εὑδόξιος,
967 5079 1171 5141 εὐθέως
1213 5076 1460 5147 ἠρώτων.
1522 5076 1582 5129 '0
1611 5075 1702 5128 δέ’
1752 5076 1818 5128 Ei’
1859 5091 1948 5144 μοι

368 5173 664 5244 παρελθεῖν
709 5172 990 5242 ἐθελήσετε
1029 5171 1108 5234 είς
1146 5170 1244 5240 τὴν
1305 5169 1509 5238 στάγην
1565 5167 1638 5240 [ί.
1699 5165 1948 5238 στέγην],

367 5267 704 5339 ἡμερώτατα
736 5266 873 5335 πρὸς
903 5264 1100 5327 αὐτοὺς
1135 5263 1263 5334 ἔφη,
1304 5263 1400 5316 καὶ
1433 5261 1606 5332 βραχὺ
1638 5259 1730 5313 τὸν
1759 5262 1825 5312 ὲκ
1853 5259 1949 5327 τῆς

365 5363 485 5415 ιδοῦ
539 5361 709 5412 κόπον
757 5354 1147 5415 διανλπαῦσαι,
1195 5354 1290 5407 καὶ
1340 5355 1622 5424 τραπέζης
1668 5351 1763 5405 καὶ
1805 5350 1948 5404 ἁλῶν

363 5451 720 5522 κοινωνῆσαι,
757 5447 869 5516 ἐγὼ
898 5448 1029 5516 ύμῖν
1053 5447 1144 5500 τὸν
1179 5445 1514 5516 ζητούμενον
1547 5443 1832 5508 ὑποδείξω.

437 5689 1216 5770 (6)5nnorumsciiicetlti7.
1277 5687 1546 5770 Traianus
1609 5686 1756 5770 enim
1813 5685 1948 5742 obiit

365 5761 513 5821 anno
532 5764 749 5844 Christi
767 5766 792 5819 l
807 5761 891 5829 Π,
918 5761 1285 5818 Diocletianus
1308 5776 1434 5814 vero
1451 5761 1738 5830 imperium
1758 5770 1949 5814 susce-

368 5840 446 5908 pit
475 5851 622 5889 anno
650 5833 778 5888 284.
880 5841 881 5844 ‘
1451 5900 1464 5913 .
1704 5897 1717 5912 .

437 5905 754 5977 φοι-ἱππεῖ»
780 5903 907 5973 Apri
940 5901 1195 5975 praetorio
1221 5900 1487 5972 praefecti,
1544 5899 1638 5970 qui
1703 5898 1936 5970 imperio

2058 4603 2160 4670 Qui
2195 4619 2316 4657 cum
2350 4604 2418 4658 de
2462 4617 2529 4658 eo
2589 4603 2798 4674 singula
2861 4607 3258 4676 intellexisset,
3298 4612 3390 4681 qui
3459 4615 3636 4684 ipsum

2054 4695 2343 4750 adducturi
2400 4703 2627 4760 essent,
2683 4698 2886 4751 emittit
2937 4700 3208 4767 protinus.
3271 4703 3387 4760 Hoc
3453 4718 3636 4764 autem

2055 4800 2180 4841 cum
2207 4803 2316 4843 non
2354 4787 2603 4842 latuisset
2645 4787 2950 4845 Eudoxium
2981 4829 2998 4856 ,
3045 4792 3220 4848 viliori
3271 4806 3422 4853 veste
3472 4801 3636 4856 indu-

2054 4885 2179 4942 tus,
2222 4892 2290 4932 ne
2315 4886 2464 4934 esset
2493 4877 2848 4934 manifestum
2873 4917 2888 4944 ,
2936 4882 3186 4951 quisnam
3229 4895 3377 4942 esset
3403 4927 3420 4954 ,
3451 4905 3512 4944 se
3543 4907 3635 4948 οι-

2055 4968 2229 5022 tendit
2257 4968 2324 5022 iis
2351 4970 2442 5039 qui
2500 4969 2652 5024 missi
2687 4971 2940 5027 fuerant.
2985 4973 3119 5029 Cum
3152 4992 3276 5030 eum
3338 4996 3468 5052 ergo
3495 4997 3632 5039 con-

2051 5060 2332 5116 venissent
2366 5071 2422 5117 et
2481 5064 2722 5119 nondum
2777 5080 2900 5120 eum
2942 5066 3096 5123 illum
3148 5085 3269 5126 esse
3311 5081 3626 5142 putassent,

2051 5151 2272 5208 ubinam
2301 5164 2613 5210 versaretur
2645 5172 2828 5213 comes
2851 5157 3148 5230 Eudoxius,
3179 5177 3304 5219 eum
3340 5179 3624 5238 rogarunt.

2048 5245 2144 5299 llle
2171 5253 2376 5310 autem,
2431 5246 2486 5300 Si
2509 5261 2691 5302 meum
2729 5257 2931 5304 tectum
2965 5251 3149 5307 subire
3183 5255 3470 5312 volueritis
3492 5297 3508 5324 ,
3542 5260 3624 5314 eis

2049 5337 2188 5392 dixit
2217 5337 2606 5409 benignissime
2629 5379 2645 5406 ,
2675 5349 2732 5395 ct
2765 5356 2795 5395 a
2840 5342 3028 5398 labore
3055 5343 3268 5401 itineris
3304 5361 3398 5402 vos
3431 5364 3622 5419 parum

2057 5443 2339 5496 recreare,
2371 5444 2682 5500 mensaeque
2724 5439 2781 5487 et
2821 5433 2950 5489 salis
2997 5449 3212 5490 mecum
3251 5452 3374 5494 esse
3406 5441 3628 5510 partici-

2060 5535 2159 5592 pes
2183 5561 2198 5585 .
2232 5536 2333 5593 ego
2371 5523 2656 5579 ostendam
2699 5527 2855 5583 vobis
2889 5541 3015 5582 eum
3059 5544 3220 5599 quem
3250 5533 3516 5601 quaeritis.

2055 5687 2276 5742 inhians
2313 5686 2704 5760 Numerianum
2760 5705 3016 5760 generum
3052 5707 3211 5747 suum
3264 5708 3362 5760 per
3402 5693 3629 5749 insidias

2055 5760 2293 5831 necavit,
2355 5758 2936 5828 Metaphrastesunale
2986 5762 3220 5831 imputat
3266 5758 3626 5819 Diocletiano.

2053 5827 2154 5902 llic
2176 5833 2319 5902 enim
2356 5843 2465 5882 non
2491 5827 2637 5902 που
2667 5843 2761 5886 aut
2788 5827 3382 5902 tyrannideitnperium
3407 5835 3627 5898 invasit,

2050 5899 2147 5954 sed
2171 5900 2240 5952 ab
2258 5903 2504 5952 exercitu
2524 5900 2732 5978 electus
2755 5899 3052 5972 imperator
3079 5899 3308 5959 mortem
3337 5902 3631 5959 Numeria-
