3996 6446
355 437 462 503 623

1582 429 1870 491 ΜΕΝΒΙΞ
1905 427 2382 492 SEPTEMBER.

3515 436 3624 499 οιι

425 553 540 611 VII.
567 553 710 612 Cum
749 565 888 626 ergo
917 558 1159 625 parasset
1200 548 1510 605 convivium
1549 587 1564 614 ,
1615 564 1710 605 eos
1739 548 1904 619 excipi

2011 598 2018 613 ,
2110 549 2186 603 Ζ’.
2223 547 2792 620 Παρασκευασάμενος
2837 544 2932 604 οὖν
2979 550 3046 604 τὰ
3085 551 3218 622 πρὸς
3249 551 3345 622 τὴν
3379 552 3626 608 ἑστίασιν

358 645 687 702 liberaliter.
725 643 834 700 Illis
876 651 1059 698 autem
1097 655 1286 696 mensa
1337 641 1468 696 satis
1493 640 1842 708 exhilaratis,
1875 648 1933 695 ct

353 736 684 806 promissum
715 731 911 789 deinde
949 730 1292 802 exigentibus
1325 738 1382 785 et
1446 730 1767 801 rogantibus
1797 771 1813 796 ,
1873 737 1932 784 ut

353 843 479 884 eum
525 825 844 882 ostenderet
897 838 1062 894 quem
1109 823 1471 894 quaerebant;
1531 822 1622 878 ille
1664 824 1930 877 continuo

348 935 514 982 eum,
565 917 658 988 qui
690 926 813 974 erat
856 916 1008 972 intus
1035 956 1050 982 ,
1099 915 1278 988 aperit
1324 915 1665 982 Eudoxium,
1705 915 1927 970 dicens:

347 1009 458 1082 Ego
489 1024 611 1065 sum
641 1047 656 1073 ,
685 1023 850 1080 quem
879 1009 1150 1080 queritis.
1185 1006 1302 1062 Hoc
1329 1007 1509 1078 gladio
1549 1006 1929 1062 vehementius

345 1105 565 1160 illorum
602 1101 842 1174 perculit
875 1103 1121 1157 animum
1167 1118 1184 1168 ;
1230 1110 1286 1156 et
1336 1100 1734 1170 respondentes
1779 1099 1931 1154 dixe-

344 1205 471 1250 runt
504 1211 519 1249 :
553 1193 671 1248 Non
709 1204 762 1250 te
796 1192 1114 1264 prodemus,
1172 1191 1266 1263 qui
1309 1207 1410 1248 nos
1444 1191 1708 1261 accepisti
1738 1190 1928 1246 convi-

340 1287 431 1342 vio
458 1301 656 1358 ,neque
686 1301 787 1357 pro
844 1284 1220 1356 hospitalitate
1269 1293 1386 1339 tam
1433 1285 1576 1338 male
1623 1282 1926 1338 referemus

341 1378 590 1448 gratiam.
613 1377 720 1434 Sed
742 1379 846 1433 hoc
866 1378 932 1432 ad
956 1386 1195 1433 nostram
1218 1375 1450 1432 suﬂiciet
1490 1375 1922 1439 excusationem,

341 1470 486 1539 quod
517 1486 645 1525 cum
698 1470 756 1524 in
806 1471 1106 1542 quaerendo
1161 1471 1393 1525 multum
1450 1468 1924 1531 laboraverimus,

339 1575 451 1618 non
482 1563 759 1632 potuimus
800 1570 983 1617 tamen
1019 1561 1270 1618 invenire
1300 1561 1606 1616 Eudoxium
1637 1598 1652 1615 .
1682 1559 1768 1615 lIli
1797 1559 1924 1630 qui-

339 1654 465 1709 dem
488 1671 588 1726 pro
611 1654 852 1725 hospitio
887 1655 985 1710 has
1011 1653 1262 1709 Eudoxio
1299 1654 1538 1709 retulere
1572 1653 1798 1724 gratias.

409 1829 545 1888 VIII.
574 1831 667 1888 Ille
691 1841 874 1888 autem
900 1873 916 1900 ,
943 1832 1041 1904 qui
1071 1840 1128 1888 et
1162 1831 1372 1888 sciebat
1417 1830 1590 1888 latere
1615 1847 1741 1888 cum
1783 1847 1922 1902 upus

2038 637 2360 708 φιλοτίμως,
2389 639 2658 706 δεξιοῦται
2688 642 2814 704 τοὺς
2840 641 3063 713 ἄνδρας.
3101 642 3222 697 Τῶν
3252 644 3308 696 δὲ
3349 643 3624 713 ἡσθέντων

2035 729 2231 793 ίκανῶς
2275 733 2343 802 τῇ
2370 731 2636 804 τραπέζῃ,
2688 728 2808 786 εἶτα
2836 735 2930 787 καὶ
2976 735 3075 806 τὴν
3118 737 3410 806 ὑπόσχεσιν
3453 739 3624 790 άπαι-

2042 818 2281 874 τούντων
2309 820 2404 874 καὶ
2427 821 2698 890 δεομένων
2722 822 2956 894 φανερὸν
2987 825 3151 879 αὐτὸν
3177 826 3499 896 ποιήσεσθαι
3527 829 3623 880 τὸν

2036 910 2394 984 ζητούμενον,
2445 915 2652 976 ἐκεῖνος
2694 915 2857 978 εὐθὺς
2885 916 2976 968 τὸν
3020 917 3168 970 ἔνδον
3202 917 3385 980 αὐτοῖς
3411 917 3619 970 ἀνακαο

2029 1003 2222 1057 λύπτει
2269 1005 2558 1070 Εὐδόξιον·
2625 1005 2768 1075 Ἐγώ
2817 1009 2935 1078 εἰμι
2990 1008 3050 1061 ὃν
3124 1009 3366 1077 ζητεῖτε,
3425 1010 3616 1064 εἰπών.

2032 1094 2203 1150 Τοῦτο
2237 1098 2512 1169 μαχαίρας
2550 1097 2806 1170 ὀξύτερον
2839 1099 3098 1154 καθίκετο
3126 1102 3222 1172 τῆς
3253 1103 3481 1153 ἐκείνων
3511 1103 3620 1170 ψυ-

2029 1189 2131 1259 χῆς
2151 1204 2168 1222 ο
2200 1190 2295 1243 καὶ
2322 1190 2705 1254 ὑπολαϐόντες,
2729 1192 2804 1246 ού
2835 1191 3187 1262 προδώσομεν
3218 1209 3278 1246 σε
3298 1193 3391 1246 τὸν
3422 1194 3620 1264 ἡμέτε-

2034 1297 2128 1350 ρον
2152 1283 2465 1353 ἑστιάτορα,
2497 1278 2673 1347 εἷπον,
2704 1285 2825 1339 οὐδὲ
2859 1283 3008 1339 οὕτω
3040 1285 3137 1354 τὴν
3172 1285 3479 1354 φιλοξενίαν
3515 1305 3617 1341 κα-

2029 1373 2142 1437 κῶς
2181 1374 2536 1443 ἀμειψόμεθα
2563 1392 2577 1408 ⁸
2624 1375 2763 1432 ἀλλὰ
2815 1375 2974 1430 τοῦτο
3022 1378 3154 1447 ἡμῖν
3195 1378 3274 1441 είς
3317 1378 3618 1448 ἀπολογίαν

2027 1464 2258 1534 ἀρκέσει
2285 1465 2348 1516 τὸ
2382 1465 2552 1520 πολλὰ
2579 1467 2708 1537 περὶ
2739 1467 2838 1536 τὴν
2867 1467 3096 1537 ζήτησιν
3135 1469 3433 1538 καμόντας,
3462 1471 3614 1538 ὅμως

2028 1556 2104 1626 μὴ
2154 1556 2452 1628 δυνηθῆναι
2499 1558 2636 1623 ὅλως
2660 1557 2754 1611 τὸν
2788 1559 3038 1626 Εύδόξιον
3069 1561 3341 1627 ἀνευρεῖν.
3386 1562 3616 1616 Ἐκεῖνοι

2027 1648 2126 1718 μὲν
2177 1643 2274 1702 οὖν
2317 1649 2522 1714 ταύτας
2569 1650 2808 1722 Εὑδοξίῳ
2850 1651 2948 1723 τῆς
3005 1652 3184 1718 ξενίας
3227 1653 3325 1718 τὰς
3378 1654 3614 1725 χάριτας

2024 1739 2375 1794 ἀπεδίδοσαν.

2094 1832 2175 1889 H'.
2223 1831 2282 1886 Ὀ
2314 1831 2372 1884 δέ
2405 1831 2505 1887 καὶ
2535 1832 2718 1886 λαθεῖν
2751 1834 2909 1898 εἰδὼς
2974 1835 3066 1888 ὅτε
3101 1833 3241 1899 δέον,
3276 1836 3372 1888 καὶ
3404 1835 3480 1906 μὴ
3511 1835 3610 1891 λα-

336 1931 518 1986 esset.
552 1932 608 1980 et
637 1940 830 1981 rursus
865 1940 978 1981 non
1025 1925 1196 1981 latere
1230 1923 1448 1994 quando
1475 1923 1640 1994 hujus
1671 1925 1748 1978 rei
1773 1935 1904 1979 esset

2021 1917 2134 1975 θεῖν
2156 1917 2224 1977 αὖ
2259 1924 2348 1975 ὅτι
2371 1922 2562 1977 τούτου
2589 1925 2782 1996 καιρός
2801 1942 2814 1956 ·
2837 1925 2955 1978 θεία
2987 1925 3096 1995 γὰρ
3120 1921 3185 1996 ἦν
3217 1929 3376 1995 χάρις
3406 1929 3437 1997 ἡ
3467 1944 3613 1997 πιρ-

336 2024 552 2086 tempus
584 2016 602 2086 (
631 2015 816 2071 divina
849 2015 998 2071 enim
1022 2055 1038 2080 ,
1070 2029 1190 2085 qua:
1233 2014 1425 2068 aderat
1453 2013 1622 2085 gratia
1657 2023 1712 2068 et
1749 2014 1918 2068 doce-

334 2105 429 2163 bat
460 2106 734 2162 Athletam
760 2146 774 2172 ,
824 2105 991 2176 jussit
1019 2117 1079 2160 ιιι
1097 2120 1192 2160 eos
1232 2110 1596 2174 sequeretur),
1629 2120 1753 2160 cum
1783 2121 1920 2160 uxo-

334 2212 452 2254 rem
500 2206 749 2253 vocasset
781 2196 1094 2252 Basilissam
1131 2205 1251 2262 aut,
1281 2196 1326 2250 si
1366 2195 1534 2260 velis,
1565 2196 1914 2264 Mandanem,

334 2304 462 2345 nam
507 2304 572 2344 ea
601 2303 819 2360 quoque
852 2287 1055 2358 duplici
1085 2287 1319 2343 nomine
1353 2287 1670 2352 vocabatur,
1691 2289 1739 2343 ei
1765 2304 1918 2344 man-

335 2380 431 2438 dat
463 2395 586 2450 qua
612 2386 866 2449 spectant
897 2377 966 2433 ad
996 2377 1256 2432 familiam
1285 2416 1299 2431 .
1326 2375 1390 2433 Et
1416 2391 1539 2432 cum
1585 2377 1765 2433 omnia
1795 2383 1916 2448 ejus

331 2485 481 2528 cura
505 2468 902 2536 commisisset,
928 2467 1032 2524 hoc
1071 2482 1292 2539 quoque
1353 2477 1688 2539 postremum
1708 2478 1763 2524 et
1795 2484 1916 2540 ger-

333 2577 554 2620 manum
595 2561 647 2618 ei
674 2560 770 2618 dat
817 2563 1133 2618 mandatum
1159 2601 1174 2626 ,
1207 2576 1278 2617 ne
1307 2561 1428 2630 ejus
1479 2561 1674 2616 deﬂeat
1720 2563 1915 2630 deces-

330 2669 450 2709 sum
483 2668 661 2723 neque
712 2660 935 2724 propter
989 2658 1221 2708 mortem
1268 2651 1390 2722 ejus
1427 2651 1776 2718 lamentetur,
1813 2654 1912 2709 sed

329 2745 675 2817 lampadibus
712 2743 818 2817 (9)
863 2754 920 2800 et
949 2744 1054 2800 alia
1107 2743 1293 2800 laetitia
1341 2743 1521 2815 potius
1559 2745 1711 2800 illum
1763 2746 1909 2802 diem

328 2839 600 2896 honoret.
631 2837 829 2893 Statim
867 2853 998 2910 ergo
1027 2853 1182 2893 suam
1233 2837 1461 2907 quidem
1523 2838 1908 2908 cOgnatiouem

327 2928 560 3000 despicit
651 2927 963 2984 Eudoxius:
1019 2928 1363 2984 obliviscitur
1426 2937 1612 2985 autem
1681 2938 1909 3000 propter

326 3021 605 3076 Christum
654 3019 740 3074 sui
759 3019 972 3074 amoris
998 3020 1053 3073 in
1100 3018 1244 3074 ﬁlios
1266 3056 1282 3083 ,
1315 3018 1481 3075 validi
1519 3027 1578 3073 et
1613 3020 1905 3076 inevitabi~

324 3112 394 3168 lis
441 3111 645 3166 vinculi
700 3111 1065 3181 parentibus.
1099 3109 1169 3166 Ut
1197 3110 1345 3165 enim
1372 3110 1526 3166 illum
1553 3111 1903 3180 lucrifaciat,

2018 2011 2154 2066 οὖσα
2203 2014 2298 2067 καὶ
2363 2013 2688 2068 διδάσκουσι
2733 2015 2827 2068 τὸν
2882 2017 3112 2086 ἀθλητδν
3205 2015 3286 2088 [ί.
3323 2016 3609 2090 ἀθλητήν]ο

2017 2102 2382 2170 ἀκολουθῆσαι
2402 2105 2513 2167 τοῖς
2530 2103 2790 2174 ἀνδράσιν
2809 2104 3076 2172 ἐσκέψατο
3102 2105 3184 2174 (8)
3207 2121 3219 2132 ·
3265 2107 3355 2158 καὶ
3377 2107 3474 2177 τὴν
3515 2125 3611 2174 γυ-

2017 2196 2181 2250 ναῖκα
2211 2196 2448 2260 καλέσας
2480 2196 2830 2258 Βασίλισσαν,
2863 2197 2896 2268 ἢ
2930 2199 3022 2249 καὶ
3053 2197 3362 2267 Μανδάνην,
3396 2201 3442 2251 εί
3477 2198 3610 2268 βού-

2017 2285 2100 2339 λει
2125 2303 2140 2319 ο
2179 2286 2388 2352 διπλοῖς
2415 2288 2524 2357 γάρ
2562 2289 2660 2342 καὶ
2693 2290 2835 2359 αὐτῇ
2865 2291 2978 2351 τοῖς
3027 2289 3287 2358 ὀνόμασιν
3319 2289 3567 2342 ἐκαλεῖτο
3587 2302 3603 2318 ⁸

2015 2378 2118 2433 ὅσα
2163 2396 2224 2433 τε
2271 2379 2378 2434 ἔδει
2423 2381 2533 2434 τῶν
2574 2380 2699 2436 κατ’
2743 2376 2892 2435 οἰκον
2935 2382 3081 2450 αὐτὴ
3132 2380 3451 2442 ἐντέλλεται,
3510 2381 3609 2434 καὶ

2015 2471 2194 2526 πάντα
2225 2474 2292 2544 τῇ
2317 2472 2486 2543 αὐτῆς
2503 2473 2720 2537 ἀναθεὶς
2747 2472 3011 2544 φροντίδι,
3043 2473 3286 2542 ἐσχάτην
3325 2472 3483 2524 τοῦτο
3511 2478 3608 2526 καὶ

2013 2566 2245 2636 γνησίαν
2292 2565 2516 2638 ἐντολὴν
2555 2565 2738 2620 δίδωσι
2763 2581 2778 2595 ·
2815 2567 2894 2637 μὴ
2925 2565 3286 2636 ἐπιδακρῦσαι
3334 2566 3400 2635 τῇ
3438 2564 3609 2616 αὑτοῦ

2014 2656 2291 2730 ἐκδημίᾳ,
2358 2656 2435 2728 μὴ
2501 2654 2921 2728 ἀποδύρασθαι,
2987 2657 3063 2727 μὴ
3131 2655 3398 2726 Θρηνῆσαι
3465 2654 3608 2716 ὅλως

2010 2750 2110 2822 τὴν
2136 2751 2432 2822 τελευτήνο
2483 2749 2620 2805 ἀλλὰ
2649 2749 2746 2804 καὶ
2784 2748 3174 2820 λαμπροφορὶᾳ
3217 2749 3312 2802 καὶ
3355 2751 3420 2818 τῇ
3460 2747 3604 2821 άλλη

2011 2843 2338 2916 φαιδρότητι
2402 2842 2620 2914 ἐκείνην
2668 2841 2898 2910 τιμῆσαι
2946 2840 3186 2910 μάλιστα
3224 2839 3322 2910 τὴν
3366 2840 3601 2912 ἡμέραν.
3653 2871 3660 2876 ~

2015 2935 2191 2999 Εὐθὺς
2231 2931 2324 2990 οὖν
2363 2936 2698 3004 καταφρονεῖ
2741 2933 2840 3003 μὲν
2886 2932 2985 3004 τῆς
3025 2930 3232 2995 οἰκείας
3275 2932 3603 3000 συγγεν-ίας

2010 3027 2260 3092 Εὑδόξιος
2280 3042 2296 3059 ·
2328 3025 2752 3080 ἐπιλανθάνεται
2777 3023 2835 3077 δὲ
2867 3023 2954 3078 διὰ
2983 3023 3219 3095 Χριστὸν
3242 3023 3342 3093 τῆς
3369 3023 3502 3094 πρὸς
3530 3024 3603 3076 τά

2006 3121 2172 3173 τέκνα
2193 3119 2448 3190 στοργῆς.
2481 3119 2574 3173 τοῦ
2608 3116 2830 3189 ἰσχυροῦ
2853 3117 2919 3188 δὴ
2948 3117 3134 3170 τούτου
3161 3120 3251 3170 καὶ
3278 3117 3595 3187 ἀπαραιτή-

323 3203 508 3258 omnia
539 3203 802 3257 damnum
850 3202 1126 3258 existimat
1159 3210 1219 3258 et
1249 3211 1492 3258 stercora
1514 3243 1528 3259 .
1559 3204 1627 3258 Et
1655 3203 1807 3260 vadit
1831 3205 1899 3261 ad

2011 3227 2102 3263 του
2133 3211 2246 3273 τοῖς
2281 3209 2521 3280 πατράσι
2547 3209 2751 3279 δεσμοῦ
2779 3225 2794 3240 ο
2827 3209 2912 3261 ἴνα
2943 3211 3052 3278 γὰρ
3085 3210 3295 3262 ἐκεῖνον
3330 3209 3601 3280 κερδήσῃ,
3647 3249 3652 3252 .

323 3294 608 3363 praesidem
633 3334 648 3348 .

393 3471 466 3526 1x
487 3510 501 3526 .
533 3472 580 3527 Is
599 3481 781 3528 autem
803 3487 928 3528 cum
962 3473 1142 3544 ipsum
1167 3473 1410 3538 vidisset,
1466 3473 1651 3539 Salve,
1704 3474 1901 3546 inquit,

320 3577 504 3620 comes
558 3560 794 3618 Eudoxi.
852 3561 945 3618 Ille
992 3571 1176 3618 autem
1231 3561 1466 3625 vicissim
1524 3565 1698 3618 reddit
1749 3564 1900 3620 salu-

320 3662 464 3718 tem,
512 3652 742 3708 dicens:
803 3651 884 3707 Tu
922 3667 1140 3723 quoque
1170 3652 1319 3708 salve
1345 3691 1361 3718 ,
1423 3669 1652 3725 praeses.
1688 3655 1899 3712 Prmscs

319 3753 502 3801 autem
529 3759 720 3800 rursus
745 3761 760 3800 :
790 3741 985 3809 Tuam,
1017 3743 1228 3813 inquit,
1258 3746 1648 3806 accersivimus
1678 3748 1896 3803 clarita-

319 3847 470 3902 tem,
522 3844 583 3892 ut
630 3835 800 3904 jussis
867 3850 1065 3907 parans
1117 3834 1496 3906 imperatoris,
1543 3848 1599 3893 et
1643 3839 1780 3907 diis,
1838 3849 1898 3894 ut

318 3943 418 3999 par
438 3937 554 3993 est,
583 3926 782 3983 oderas
821 3927 1150 3982 sacriﬁcium
1172 3966 1188 3997 ,
1220 3938 1279 3984 et
1302 3929 1538 3985 maxime
1593 3935 1733 4002 patri
1773 3948 1894 3987 om-

315 4020 467 4078 nium
521 4019 749 4080 deorum
811 4034 1006 4090 magno
1062 4019 1204 4084 Jovi,
1254 4033 1310 4076 et
1368 4021 1572 4078 Pbcebo
1621 4025 1892 4093 Apollini,

315 4121 374 4170 et
424 4115 608 4167 chara:
666 4109 873 4183 Virgini
952 4111 1153 4168 Dianm.
1224 4113 1427 4184 Martyr
1489 4125 1672 4170 autem
1713 4134 1728 4171 :
1763 4116 1894 4172 Mihi

317 4220 486 4260 unum
527 4213 644 4268 est,
699 4206 914 4276 inquit,
976 4205 1307 4260 sacriﬁcium
1339 4207 1453 4260 veri
1487 4207 1620 4272 Dei,
1653 4211 1741 4280 qui
1789 4211 1893 4268 hoc

315 4297 571 4370 produxit
617 4297 976 4364 universum;
1009 4305 1065 4356 et
1111 4297 1161 4352 ei
1208 4298 1522 4354 sacriﬁcabo
1566 4303 1891 4358 sacriﬁcium

315 4389 532 4453 laudis,
585 4389 676 4459 qui
733 4395 819 4444 est
878 4388 1022 4444 Deus
1064 4389 1120 4442 in
1192 4389 1431 4446 trinitate
1493 4407 1887 4462 personarum,

315 4479 441 4536 vita:
461 4489 644 4534 autem
665 4480 1041 4551 suppeditatur
1067 4490 1124 4534 et
1151 4495 1290 4534 vera:
1317 4482 1507 4537 salutis
1525 4483 1887 4555 diSpensator.

315 4569 464 4639 Quos
495 4579 676 4636 autem
716 4573 847 4626 deos
877 4571 1163 4635 nominas,
1203 4571 1347 4644 ligna
1385 4588 1482 4628 eos
1532 4575 1691 4630 video
1722 4588 1778 4632 et
1798 4578 1890 4632 la-

316 4667 467 4737 pides
489 4706 504 4734 ,
556 4664 707 4724 ,nibil
756 4662 1070 4722 dillcrentes
1102 4663 1322 4734 penitus
1345 4681 1374 4718 a
1406 4656 1598 4736 quavis
1646 4669 1748 4724 alia
1777 4671 1895 4726 ina-

315 4873 373 4929 ni
413 4876 555 4926 ultus
578 4879 684 4944 est,
720 4869 905 4944 occiso
933 4869 1216 4944 _perdu_eIli
1241 4871 1552 4944 _Apro.fEt
1617 4875 1891 4944 prioribus

315 4944 532 5012 quidem
585 4941 800 5012 imperii
864 4940 1166 5012 sui’uannis
1240 4940 1636 5012 Diocletianum
1690 4945 1890 5002 lavisse

313 5009 918 5084 Christianis—testatur
965 5009 1252 5084 Eusebius,
1297 5010 1714 5084 _lIb_.vut,cap.t.
1753 5015 1890 5070 Per-

314 5083 522 5137 secutio
548 5091 728 5134 autem
763 5081 1026 5134 adversus
1064 5079 1261 5136 milites
1295 5081 1547 5135 inchoata
1610 5079 1692 5138 cst
1743 5101 1888 5142 anno

197 5211 200 5214 ,
312 5153 420 5208 298
461 5155 764 5205 secundum
825 5149 1070 5220 Pagium,
1113 5165 1178 5204 ac
1239 5150 1438 5205 deinde
1471 5168 1616 5206 anno
1667 5157 1770 5210 505
1819 5158 1889 5212 ad

313 5222 655 5278 Christianos
670 5235 862 5275 omnes
887 5230 1134 5274 extensa.

385 5294 462 5362 (8)
497 5292 799 5366 ‘Eaxédaro
831 5307 856 5342 a
884 5291 1049 5366 verbo
1091 5289 1396 5366 σκέπτομαι
1447 5308 1577 5366 non_
1619 5294 1888 5366 signiﬁcat

307 5361 484 5434 jussit,
507 5363 600 5416 sed
633 5361 956 5434 deliberavit,
989 5362 1132 5434 si_ve_
1155 5365 1362 5434 statuit,
1403 5375 1455 5434 et
1495 5361 1693 5419 referri
1724 5368 1889 5421 debet

313 5432 379 5488 ad
411 5447 696 5506 personam
732 5433 884 5506 initio
929 5432 1160 5506 periodi,
1189 5433 1333 5506 quod
1359 5433 1524 5486 etiam
1559 5437 1724 5506 exigit
1754 5439 1886 5491 sub-

311 5501 872 5576 sequensconjunctio
888 5501 1192 5576 copulativa
1211 5504 1328 5568 καὶ,
1347 5513 1422 5576 et,
1440 5520 1602 5572 quam
1622 5501 1890 5576 interpres

309 5571 514 5646 omisit.
542 5571 767 5646 itectius
789 5571 967 5642 itaque
1001 5571 1303 5627 sic'vertes:
1325 5593 1343 5625 ι
1370 5571 1465 5627 Ille
1484 5586 1690 5641 autem,
1714 5571 1803 5646 qui
1834 5588 1890 5632 et

310 5645 517 5700 sciebat
541 5643 710 5697 latere
741 5658 865 5697 cum
893 5656 1033 5710 opus
1054 5651 1220 5703 esset.
1246 5651 1302 5697 et
1343 5660 1531 5700 rursus
1563 5661 1672 5700 non
1715 5643 1882 5702 latere

309 5715 525 5782 quando
552 5713 727 5782 hujus
767 5711 841 5766 rei
876 5723 1018 5766 esset
1040 5723 1249 5782 tempus
1269 5715 1468 5782 (divina
1498 5717 1643 5770 enim
1693 5720 1881 5772 aderat

311 5781 480 5848 gratia
531 5781 864 5850 docebatque
910 5781 1167 5836 athletam
1199 5797 1216 5852 ι
1249 5781 1403 5853 sequi
1445 5787 1590 5841 viros
1647 5791 1832 5842 statuit
1858 5805 1877 5842 :

308 5859 362 5902 et
408 5862 530 5900 cum
561 5864 780 5902 UXtvt't'ttl
820 5868 972 5903 tota.
1001 5863 1112 5915 et,»
1146 5865 1252 5908 etc.
1308 5856 1508 5912 Menaea
1539 5857 1747 5926 dicunt,
1788 5872 1874 5916 sa-

2009 3296 2211 3367 ζημίαν
2239 3300 2428 3369 ἠγεῖτο
2451 3300 2628 3352 πάντα
2662 3299 2756 3351 καὶ
2791 3297 3068 3354 σκύϐαλαο
3099 3301 3194 3352 καὶ
3219 3297 3408 3352 ἄπεισι
3444 3301 3590 3369 πρδς

2005 3388 2099 3442 τὸν
2127 3389 2393 3459 ἡγεμόνα.

2073 3479 2154 3536 Θ’.
2185 3481 2297 3535 Καὶ
2328 3479 2491 3544 αὐτὸς
2517 3479 2610 3534 τὸν
2636 3479 2806 3552 ἄνδρα
2837 3478 2962 3534 ἰδὼν
2983 3521 2999 3544 ,
3034 3479 3286 3552 Χαίροις,
3316 3480 3420 3552 ἔφη
3446 3522 3460 3545 ,
3495 3483 3561 3535 κά
3581 3512 3594 3522 -

2006 3591 2114 3646 μης
2131 3574 2372 3644 Εὑδόξιε.
2408 3573 2467 3628 '0
2488 3575 2544 3628 δέ
2568 3576 2679 3638 τοῖς
2705 3573 2841 3638 ἴσοις
2869 3574 3030 3638 εὐθὺς
3052 3575 3336 3645 ἡμείὸετο,
3361 3575 3594 3646 Χαίροις

2002 3669 2100 3721 καὶ
2129 3667 2314 3733 αὐτὸς,
2364 3668 2558 3730 ιίπὼν,
2594 3661 2639 3721 ὦ
2673 3667 2920 3738 ἡγεμών.
2955 3669 3066 3720 Kal.
3093 3667 3150 3732 ὃς
3184 3669 3366 3731 πάλιν,
3413 3669 3595 3721 Mat;-

2001 3760 2334 3830 στειλάμεθά
2357 3776 2476 3826 σου,
2500 3761 2628 3830 ἐφη,
2657 3759 2754 3830 τὴν
2776 3760 3155 3830 περιφάνειαν,
3185 3761 3326 3813 ὥστε
3359 3762 3452 3813 καὶ
3476 3765 3594 3824 τοῖς

2001 3849 2300 3922 βασιλικοῖς
2333 3852 2680 3922 ὑπηρετῆσαι
2716 3852 3131 3923 προστάγμασι,
3163 3853 3257 3905 καὶ
3287 3853 3398 3914 τοῖς
3439 3852 3556 3904 θεοῖ
3568 3870 3587 3914 ;

1995 3941 2095 4014 τὴν
2128 3946 2512 4014 προσήκουσαν
2550 3942 2744 3997 θυσίαν
2785 3946 3197 4012 προσενεγκεῖν,
3244 3945 3480 4012 μάλιστα
3510 3945 3596 4016 τῷ

1997 4036 2165 4105 πατρὶ
2188 4035 2407 4089 πάντων
2436 4033 2574 4088 θεῶν
2597 4034 2676 4104 τῷ
2701 4035 2925 4105 μεγάλῳ
2955 4037 3060 4100 Διὶ,
3101 4035 3397 4088 Ἀπόλλωνί
3422 4052 3480 4087 τε
3509 4036 3591 4106 τῷ

1993 4127 2193 4197 Φοίϐῳ,
2227 4128 2324 4180 καὶ
2355 4129 2420 4198 τῇ
2453 4126 2583 4198 φίλῃ
2619 4127 2875 4198 παρθένῳ
2913 4128 3210 4198 Ἀρτέμιδι.
3249 4129 3358 4181 Καὶ
3387 4131 3413 4181 ό
3447 4130 3591 4198 μάρ-

1993 4235 2125 4281 τυς·
2165 4219 2322 4288 Ἐμοὶ
2365 4219 2488 4291 μία,
2513 4218 2641 4292 ἔφη,
2685 4218 2872 4286 θυσία,
2922 4221 2956 4290 ὴ
2996 4221 3090 4273 τοῦ
3119 4221 3376 4292 ἀληθινοῦ
3421 4221 3582 4285 Θεοῦ,

1995 4313 2090 4364 τοῦ
2111 4313 2171 4366 τὸ
2191 4313 2302 4366 πᾶν
2322 4313 2442 4366 τόδε
2465 4313 2912 4383 παραγαγόντος·
2940 4315 3032 4367 xa't
3052 4312 3200 4384 αὐτῷ
3223 4314 3370 4367 θύσω
3390 4315 3587 4370 θυσίαν

1995 4404 2258 4470 αἰνέσεως
2280 4445 2295 4470 ,
2341 4404 2396 4469 ὃς
2433 4406 2490 4459 ἐν
2534 4406 2714 4476 τριάδι
2746 4405 3166 4477 θεολογούμενος
3203 4409 3580 4474 ὑποστάσεων,

1993 4495 2141 4566 ζωῆς
2175 4497 2379 4566 ταμίας
2413 4497 2506 4550 καὶ
2543 4498 2828 4569 οἰκονόμος
2858 4499 3098 4568 ἀληθιῦς
3127 4502 3407 4570 σωτηρίας
3435 4518 3582 4569 γνωο

1921 4598 1967 4654 ι)
1997 4585 2229 4656 ρίζετςιι.
2262 4587 2368 4651 Οὓς
2387 4588 2445 4641 δὲ
2476 4589 2631 4651 θεοὺς
2657 4587 2943 4659 όνλμάζεις
2968 4589 3101 4657 ξύλα
3129 4591 3352 4654 τούτους
3379 4592 3472 4644 καὶ
3502 4593 3589 4644 λί-

2002 4674 2126 4740 θους
2163 4677 2274 4746 ὁρῶ
2327 4680 2424 4750 τῆς
2459 4679 2654 4751 λοιπῆς
2688 4681 2898 4753 ἀψύχου
2939 4683 3068 4754 ὕλης
3104 4684 3239 4754 μηδὲ
3281 4683 3422 4755 βαρὺ
3461 4685 3586 4738 διλ-

1990 4881 2188 4958 tellites
2216 4884 2454 4958 suasisse
2483 4895 2691 4952 sancto,
2733 4896 2795 4941 ut
2823 4887 3058 4958 fugeret;
3086 4888 3229 4957 quod
3257 4887 3381 4943 licet
3403 4891 3582 4946 discr-

1990 4953 2060 5005 tis
2129 4955 2313 5008 vetbis
2346 4971 2453 5008 non
2520 4959 2849 5026 expresserit
2887 4953 3330 5032 'Metaphrastes,
3396 4963 3578 5032 (Oillgi

1991 5033 2170 5076 tamen
2209 5035 2386 5092 potest
2409 5041 2473 5079 ex
2497 5043 2726 5080 numero
2760 5031 3121 5096 praecedente.

2067 5095 2146 5172 (9)
2170 5096 2355 5172 lirafce
2389 5097 2796 5172 λαμπροςεορίᾳ,
2841 5098 2896 5152 id
2927 5108 3011 5172 est
3058 5100 3345 5167 gestatione
3376 5102 3573 5172 facium

1989 5164 2072 5238 vel
2102 5165 2390 5238 splendida
2418 5164 2593 5222 vesti}.
2629 5164 2695 5220 In
2727 5164 2896 5238 prima
2948 5164 3344 5238 signiﬁcatione
3376 5164 3567 5226 'vocem

1990 5233 2135 5307 illam
2193 5235 2411 5290 adhibet
2437 5240 2494 5290 b'.
2534 5233 2828 5307 Gregorius
2856 5233 3230 5294 Nazianzenus
3257 5241 3506 5295 oratione
3533 5261 3571 5297 Il

1985 5303 2040 5382 in
2077 5303 2873 5382 Pascha,_exinterpretatione
2893 5309 3080 5362 Jacobi
3121 5309 3281 5376 Billii,
3314 5313 3569 5382 pag.070.

1986 5373 2090 5450 [fro
2116 5377 2355 5450 secundo
2380 5373 2706 5450 signiﬁcatu,
2747 5380 3002 5432 nimirum
3044 5373 3331 5450 gestatione
3383 5373 3566 5448 ἓρίειι-

1985 5444 2130 5520 άξάις
2145 5447 2318 5520 vestis,
2350 5444 2550 5520 citetur
2579 5449 2742 5502 etiam
2770 5444 3063 5520 Gregorius
3095 5455 3150 5504 in
3182 5450 3379 5505 Lexico
3396 5444 3566 5507 Ioan-

1987 5515 2071 5567 nis
2099 5511 2485 5591 Scapttlae_,_col.
2515 5511 2945 5591 Ηὸϋηυηιιειῖιε
2973 5520 3038 5574 ad
3071 5536 3258 5574 vocem
3313 5523 3566 5591 λαμπρὸς

1983 5586 2225 5658 ostendit
2258 5587 2422 5661 variis
2474 5589 2761 5661 exetnplis,
2825 5586 3239 5661 ἱαμπροφορεῐν
3287 5586 3565 5646 intui-dunt

1988 5668 2128 5730 esse
2157 5657 2378 5730 vestibus
2425 5659 2733 5730 splendidis,
2766 5657 3034 5730 interdum
3073 5657 3205 5714 albis
3255 5666 3472 5730 restiti;
3508 5675 3564 5717 et

1985 5739 2085 5796 pro
2114 5725 2462 5802 befadducit
2493 5729 2939 5802 locu‘mGregorii
2987 5729 3313 5785 Nazianzcut
3371 5725 3561 5802 p.t'57,

1981 5794 2126 5875 apud
2177 5794 2392 5875 Billiunt
2418 5813 2570 5875 ριιε.⁵
2596 5799 2722 5868 409,
2761 5794 2848 5857 ubi
2890 5801 3278 5875 λαμπροφορξα
3329 5794 3560 5860 vcttttur

1980 5865 2170 5922 Latine
2195 5868 2404 5929 uestitus
2419 5865 2651 5926 candor.
