3996 6432
240 351 349 415 027

1474 355 1759 418 MENSIS
1792 350 2268 418 SEPTEM'BER.

3394 347 3507 413 628

250 481 364 521 mo.
402 463 661 537 Maiorem
715 468 862 525 enim
904 468 955 524 ei
988 470 1258 525 ﬂammam
1289 469 1544 525 accendit
1580 483 1683 539 pro
1710 466 1824 538 pie-

1934 466 2183 537 θαρσεῖτε
2206 483 2219 498 ο
2254 464 2475 520 πλείονα
2502 463 2610 534 γάρ
2641 461 2800 517 αὐτὸν
2828 461 3032 532 μᾶλλον
3059 458 3200 530 ὖπὶρ
3225 456 3325 527 τῆς
3352 457 3509 511 εὐσε-

246 565 360 612 tate
383 596 400 622 ,
427 558 573 628 quod
600 567 816 629 putaret
847 574 906 614 se
925 559 1005 614 sic
1032 560 1192 631 longe
1244 558 1650 631 praeclariorcm
1693 572 1818 614 esse

247 659 668 705 consecuturum
695 664 953 706 coronam
987 652 1248 707 victoriae.

317 739 430 795 XII.
466 742 527 796 Ei
561 743 742 814 itaque
774 743 911 800 dicit
938 752 1145 816 martyr
1171 764 1185 800 :
1210 744 1399 810 Ludis,
1426 761 1650 816 praeses.
1691 745 1818 800 Haec

242 845 347 900 ego
385 831 634 887 existimo
696 849 987 902 puerorum
1030 837 1512 904 terriculamenta,
1547 839 1821 908 aspiciens

244 922 314 977 ad
346 938 440 979 eas
465 962 481 987 ,
518 940 639 993 quae
686 937 813 981 sunt
848 929 1000 984 illine
1049 932 1525 987 remuneratioues
1546 972 1562 997 ,
1594 942 1650 987 et
1685 947 1821 1002 pen-

245 1011 383 1067 dens
403 1027 435 1068 a
457 1013 569 1069 sola
590 1016 840 1072 muniﬁca
854 1018 1075 1074 dextera
1104 1020 1208 1075 mei
1230 1023 1576 1092 agonothette
1590 1023 1816 1077 Christi.

243 1102 377 1159 Nam
409 1121 496 1161 me
525 1115 695 1163 terret
719 1108 811 1164 ille
846 1111 987 1182 ignis
1010 1154 1025 1179 ,
1056 1115 1149 1182 qui
1181 1114 1349 1183 sopiri
1382 1129 1494 1169 non
1520 1124 1735 1184 potest,
1760 1126 1817 1172 et

243 1196 444 1251 stridor
469 1197 736 1267 dentium,
760 1210 816 1256 et
839 1218 1176 1275 quaecunque
1205 1206 1308 1262 alia
1328 1206 1677 1261 acerbissima
1693 1217 1824 1262 sunt

246 1298 434 1354 parata
461 1288 530 1343 iis
551 1293 643 1360 qui
670 1292 841 1348 Deum
871 1305 1233 1365 aspernantur
1248 1298 1375 1354 etei
1399 1312 1509 1352 non
1532 1297 1820 1354 obediunt.

244 1378 373 1433 Haec
403 1389 586 1436 autem
625 1390 716 1437 tua
770 1393 896 1439 sunt
941 1386 1073 1440 mihi
1108 1387 1268 1456 plane
1305 1387 1503 1456 ludus;
1536 1398 1592 1444 et
1641 1388 1819 1460 ignis,

244 1484 408 1537 quem
439 1471 572 1526 mihi
626 1474 885 1538 minaris,
931 1484 1017 1530 est
1056 1479 1138 1533 vel
1171 1479 1288 1548 ipsa
1353 1494 1492 1549 aqua
1555 1480 1823 1550 frigidior.

249 1559 409 1616 Ensis
440 1572 620 1618 autem
647 1580 733 1620 me
766 1566 962 1622 afﬁciet
992 1569 1294 1635 beneficio;
1331 1586 1420 1626 me
1461 1572 1608 1627 enim
1647 1572 1824 1627 mittet

247 1648 313 1702 ad
364 1665 426 1705 ea
450 1667 569 1720 «mas
595 1654 848 1711 desidero
867 1696 882 1720 ,
907 1667 961 1712 et
1012 1676 1108 1729 pro
1139 1661 1241 1715 hoc
1283 1662 1501 1731 quidem
1548 1663 1661 1717 sole
1684 1702 1698 1725 ,
1728 1663 1820 1730 qui

246 1741 471 1816 occidit"
491 1755 548 1799 et
577 1746 685 1801 cito
720 1748 1107 1816 absconditur,
1175 1753 1367 1807 reddet
1418 1753 1551 1808 mihi
1609 1754 1818 1809 Lucife-

1927 555 2078 619 σείας
2113 556 2343 611 ἀνάπτει
2370 554 2468 625 τὴν
2503 554 2694 622 φλόγα,
2727 553 2809 606 ὅτι
2838 550 2936 604 καὶ
2962 548 3344 619 λαμπρότερος
3370 546 3508 617 ᾣετο

1929 647 2109 718 πολλῷ
2130 648 2219 701 διά
2244 646 2418 701 ταῦτα
2448 645 2773 717 γενήσεσθαι
2803 641 3152 710 στεφανίτης.

1925 798 1935 811 ί
1998 738 2101 791 1Β⁹.
2166 736 2380 808 ’Δμέλει
2415 735 2512 789 καὶ
2556 735 2692 804 πρὸς
2740 733 2902 786 αὐτὸν
2934 732 2963 784 ὁ
3004 733 3247 800 μάρτυς⁶
3283 727 3507 792 Παίζεις

1931 826 2093 898 ἔχων,
2128 825 2375 898 ἡγεμὼν,
2395 826 2521 897 ἔφη.
2551 825 2763 878 Παίδων
2791 823 2902 892 ἐγὼ
2915 821 3091 877 ταῦτα
3120 820 3337 891 ἥγημαι
3372 836 3505 889 μορε

1932 918 2216 990 μολύκεια,
2252 919 2387 989 πρὸς
2426 917 2523 980 τὰς
2556 916 2765 971 ἐκεῖθεν
2801 916 2942 987 ὀρῶν
2975 912 3209 984 ἀμοιϐὰς
3231 955 3245 979 ,
3281 912 3378 965 καὶ
3407 912 3506 981 μό-

1930 1028 2029 1083 νης
2082 1011 2182 1080 τῆς
2240 1010 2522 1079 φιλοτίμου
2582 1008 2764 1073 δεξιᾶς
2817 1007 2910 1061 τοῦ
2970 1005 3106 1075 ἐμοῦ
3167 1003 3506 1072 ἀγωνοθέτου

1930 1104 2169 1173 Χριστοῦ
2199 1101 2630 1174 ἐκκρεμάμενος.
2674 1100 2762 1164 Ὦς
2796 1100 2896 1169 ἐμὲ
2923 1097 2983 1151 τὸ
3006 1097 3118 1167 πῦρ
3141 1098 3319 1150 ἐκεῖνο
3352 1094 3510 1164 φοϐεῖ

1922 1184 1988 1249 ’τὸ
2013 1196 2333 1267 ἀκοίμητον,
2365 1196 2459 1248 καὶ
2483 1196 2511 1248 ὁ
2534 1193 2641 1246 τῶν
2667 1192 2892 1247 ὀδόντων
2918 1189 3182 1262 βρυγμὸς,
3218 1189 3311 1240 καὶ
3341 1187 3508 1242 τᾶλλα

1929 1288 2031 1341 ὅσα
2058 1289 2172 1350 τοῖς
2196 1287 2287 1341 τὸν
2312 1286 2445 1339 Θεὸν
2476 1284 2728 1339 ὰτεθοῦσι
2758 1283 3063 1353 πικροῖάτη
3094 1283 3253 1350 μερὶς
3285 1279 3508 1334 ἀπόκει-

1929 1396 2039 1434 ται.
2081 1378 2163 1433 Τὰ
2206 1379 2261 1432 δὲ
2305 1379 2371 1431 σὲ
2414 1377 2605 1443 ταῦτα,
2649 1374 2839 1431 παιδιά
2878 1375 3096 1435 πάντως
3130 1371 3291 1441 ἐμοί·
3324 1372 3416 1424 καὶ
3448 1370 3510 1422 τὸ

1933 1471 2044 1541 πῦρ
2064 1509 2077 1534 ,
2111 1472 2246 1538 ὅπερ
2280 1469 2544 1532 ἀπειλεῖς,
2574 1470 2670 1522 καὶ
2707 1464 2872 1521 αὑτοῦ
2906 1464 3241 1535 ψυχρότερον
3279 1461 3507 1525 ὕδατος,

1928 1563 1989 1616 τὸ
2018 1562 2076 1614 δὲ
2109 1560 2258 1630 ξίφος
2278 1561 2627 1630 εὐεργετήσει
2649 1574 2665 1589 ·
2692 1556 2898 1626 πέμψει
2926 1554 3036 1623 γάρ
3063 1569 3130 1624 με
3152 1552 3384 1621 πρὸςτᾶι
3414 1567 3513 1602 πο-

1934 1650 2191 1722 θούμενα,
2225 1649 2317 1703 καὶ
2347 1647 2627 1702 ἀντιδώσει
2647 1645 2741 1700 τοῦ
2775 1646 2873 1715 μὲν
2894 1642 3112 1706 δύοντος
3137 1641 3290 1714 ἡλίου
3319 1640 3511 1694 τούτου

1929 1742 2027 1796 καὶ
2054 1741 2190 1811 ταχὺ
2223 1739 2601 1811 κρυπτομένου
2624 1738 2716 1792 τὸν
2739 1737 2930 1790 ἄδυτον
2960 1736 3168 1788 ἐκεῖνον
3196 1734 3510 1802 Φωσφόρον,

249 1847 368 1886 rum
403 1826 514 1904 (l3)
558 1836 728 1902 illum,
781 1841 871 1908 qui
941 1857 1219 1911 nunquam
1274 1844 1477 1903 occidit
1505 1853 1561 1900 ct
1599 1860 1824 1900 suavem

1934 1836 2025 1889 καὶ
2039 1833 2295 1903 γλυκεῖαν
2316 1850 2439 1886 τινα
2460 1831 2557 1901 τὴν
2578 1832 2773 1884 ἀκτῖνα
2794 1830 2890 1883 καὶ
2912 1829 3226 1899 ἀπόρρητον
3251 1827 3477 1894 ἀφιέντα
3498 1843 3509 1854 θ

250 1924 461 1979 radium
497 1930 699 1985 emittit
735 1943 790 1985 et
840 1932 1175 1991 ineffabilem
1208 1952 1224 2002 ;
1258 1946 1314 1992 et
1378 1953 1478 2007 pro
1523 1940 1629 1994 hac
1664 1955 1828 1994 mun-

249 2013 390 2071 dana
427 2025 482 2072 et
530 2035 651 2089 qua:
697 2024 857 2092 paulo
920 2036 1045 2095 post
1109 2043 1219 2083 non
1256 2029 1393 2094 erit,
1443 2029 1690 2097 visione,
1721 2046 1784 2085 ea
1815 2071 1829 2096 ,

250 2122 371 2178 qua:
428 2121 556 2166 sunt
589 2113 743 2167 firma
773 2131 835 2170 ac
867 2118 1080 2172 stabilia
1109 2126 1162 2173 et
1189 2128 1452 2189 perpetuo
1484 2134 1829 2191 permanent.

253 2197 392 2255 Deos
425 2212 605 2257 autem
669 2206 987 2264 existimare
1039 2209 1244 2280 lignum
1276 2219 1331 2266 et
1358 2211 1597 2282 lapidem
1646 2223 1703 2269 et
1731 2229 1828 2267 au-

252 2305 373 2351 rum
412 2301 471 2347 et
523 2305 854 2364 argentum,
903 2299 1044 2368 quod
1103 2317 1297 2358 manus
1337 2302 1593 2359 formavit
1649 2316 1706 2360 et
1740 2320 1830 2360 ars

254 2383 444 2452 poliit,
503 2389 798 2459 oculosque
828 2399 884 2445 et
932 2407 1126 2448 manus
1179 2404 1237 2451 et
1290 2396 1500 2466 reliqua
1572 2398 1827 2453 membra

251 2475 333 2575 eis
356 2476 697 2623 zinseulpsit,
760 2486 1032 2555 quomodo
1077 2503 1189 2542 non
1235 2499 1321 2545 est
1368 2506 1577 2561 magna:
1636 2505 1826 2548 amen.

251 2573 339 2619 tm

251 2573 339 2619 υἷε

1926 1930 2026 1996 τῆς
2054 1927 2112 1980 δὲ
2143 1925 2415 1995 κοσμικῆς
2448 1923 2653 1993 ταύτης
2683 1920 3007 1990 φαντασίας,
3038 1922 3133 1973 καὶ
3165 1918 3334 1988 ὀλίγῳ
3358 1916 3516 1970 ὔστε-

1931 2036 2025 2088 ρον
2061 2018 2163 2071 ούκ
2193 2018 2478 2086 ἐσομένης,
2503 2016 2573 2069 τὰ
2600 2014 2810 2069 ἑστῶτα
2841 2014 2932 2066 καὶ
2963 2013 3136 2065 εἰσαεὶ
3163 2011 3510 2080 διαμένοντα.

1929 2112 1971 2164 Τ
1974 2113 2000 2164 ὸ
2030 2110 2085 2163 δὲ
2114 2111 2208 2163 καὶ
2239 2109 2394 2173 θεοὺς
2415 2106 2657 2178 νομίζειν
2677 2107 2736 2160 τὸ
2761 2104 2943 2171 ξύλον,
2967 2104 3063 2158 καὶ
3094 2102 3185 2157 τδν
3214 2101 3385 2164 λίθον,
3417 2104 3514 2155 καὶ

1926 2203 2017 2256 τὸν
2051 2200 2249 2273 χρυσὸν
2269 2240 2284 2266 ,
2316 2198 2352 2254 ἀ
2389 2200 2510 2270 χεὶρ
2547 2199 2835 2269 ἐμόρφωσε
2878 2196 2970 2249 καὶ
3005 2193 3289 2265 περιέξεσε
3312 2193 3470 2262 τέχνη
3495 2231 3512 2255 ,

1929 2297 2021 2349 καὶ
2080 2292 2390 2363 ὀφθαλμοὺς
2450 2290 2634 2353 αὐτοῖς
2689 2289 2786 2342 xui.
2837 2290 3027 2361 χεῖρας
3088 2288 3183 2340 καὶ
3227 2284 3297 2338 τὲ
3348 2283 3517 2336 λοιπὰ

1926 2384 2177 2455 διέγλυψε
2211 2384 2373 2453 μέλη,
2407 2381 2523 2446 πῶς
2554 2381 2655 2435 οὐκ
2680 2380 2871 2452 εὓηθες
2898 2379 3097 2451 κομιδῇ
3129 2378 3224 2433 καὶ
3248 2376 3513 2449 ἀνόητον;

1705 2681 1783 2737 (Δ
1797 2681 1930 2740 ῐἯΤ
1967 2682 2051 2738 ill.

249 2759 483 2822 Εἰνοδίίὶ
515 2770 811 2826 constantia
837 2780 887 2828 et
917 2774 1354 2849 magnanimitate
1383 2776 1747 2833 acerbissimos
1787 2779 1979 2849 perfert
2025 2785 2290 2849 grauatus
2312 2792 2335 2834 :
2369 2777 2541 2849 capite
2566 2776 2853 2849 damnatus
2880 2777 3000 2824 orat
3031 2767 3220 2829 Deum,
3255 2766 3517 2820 mandata

836 2841 1133 2913 uxori'dat,
1166 2856 1490 2919 mortemque
1517 2850 1690 2903 amico
1724 2841 1986 2919 prtedict't.
2023 2847 2213 2902 Sancti
2242 2856 2291 2900 et
2321 2841 2551 2899 aliorum
2577 2841 2918 2912 martyrium.

320 2941 466 3003 Xlll.
498 2946 787 3020 Excipiens
810 2962 991 3011 autem
1041 2970 1243 3026 praeses
1272 2974 1286 3011 :
1323 2956 1571 3023 Videtur,
1626 2956 1825 3024 inquit,

2005 2955 2105 3010 ll".
2152 2952 2474 3008 ’Υπολαϐὼν
2507 2950 2691 3005 τοίνυν
2737 2950 2767 3003 ὀ
2801 2949 3026 3022 ἡγεμὼν
3046 2989 3061 3015 ,
3110 2950 3330 3003 Ἔοικεν
3362 2946 3395 3018 ἠ
3426 2958 3517 3001 τοέ

253 3042 405 3093 tanta
442 3054 563 3094 mea
602 3040 796 3098 lenitas
843 3052 902 3099 et
957 3048 1319 3102 mansuetudo
1367 3054 1421 3103 te
1484 3038 1551 3103 ad
1619 3057 1824 3103 tantam

1934 3048 2108 3119 σαύτη
2143 3064 2267 3117 μου,
2291 3044 2420 3114 εφη,
2448 3042 2804 3115 μακροθυμία
2834 3043 2929 3096 καὶ
2957 3041 3227 3114 ἡμερότης
3255 3042 3334 3104 είς
3356 3039 3516 3095 τοῦτὸ

248 3128 521 3186 adducere
550 3132 833 3190 stultitiam
854 3144 909 3192 et
932 3136 1239 3195 audaciam.
1277 3137 1387 3195 Sed
1421 3147 1569 3195 tuam
1602 3139 1824 3211 quidem

1934 3157 1991 3193 σε
2017 3117 2230 3210 μωρίας
2257 3138 2353 3193 καὶ
2377 3136 2716 3209 θρασύτητος
2741 3135 2971 3204 ἀγαγεῖν
2991 3151 3005 3165 ·
3031 3133 3169 3188 ἀλλά
3193 3133 3291 3203 τῆς
3311 3132 3408 3202 μὲν
3431 3132 3516 3194 εἰς

248 3215 308 3275 in
346 3234 447 3274 nos
472 3223 880 3293 contumeliam,
911 3228 1056 3296 quod
1096 3228 1164 3283 ad
1196 3244 1298 3286 nos
1323 3229 1545 3300 quidem
1609 3230 1824 3295 attinet,

247 3309 636 3381 tolerabimus;
675 3313 824 3385 ipsos
850 3324 1030 3373 autem
1058 3317 1192 3375 deos
1212 3328 1271 3375 et
1304 3320 1693 3390 imperatorem
1715 3320 1828 3392 pati

247 3403 366 3453 ate
408 3401 734 3458 contumelia
786 3403 948 3470 attici,
1005 3407 1163 3476 plane
1208 3418 1293 3465 est
1342 3410 1569 3466 stultum
1618 3420 1677 3466 et
1715 3425 1825 3467 non

250 3488 480 3546 multum
518 3491 671 3549 abest
731 3494 802 3552 ab
827 3499 1089 3557 amentia.
1153 3500 1358 3558 Deinde
1408 3511 1660 3572 martyr:
1713 3503 1828 3558 lmo

251 3593 400 3646 vero,
434 3582 630 3654 inquit,
672 3598 803 3645 sunt
840 3591 955 3647 hinc
982 3603 1134 3665 grata
1170 3596 1237 3651 iis
1258 3596 1351 3668 qui
1375 3598 1596 3668 sapiunt
1627 3606 1685 3655 et
1714 3614 1824 3653 non

250 3681 377 3728 sunt
411 3686 607 3734 emotae
641 3682 860 3737 mentis.
917 3682 1035 3740 Hoc
1073 3687 1267 3757 majori
1333 3688 1519 3745 furore
1586 3690 1829 3745 concitat

250 3764 558 3837 praesidem,
609 3780 666 3826 et
720 3773 904 3830 statim
938 3775 1098 3847 jubet
1134 3780 1398 3836 athletam
1463 3790 1753 3838 extensum
1789 3797 1820 3839 a

250 3866 484 3926 quatuor
543 3862 859 3922 hominibus
887 3867 999 3939 (t5)
1037 3872 1347 3929 recentibus
1382 3873 1516 3930 loris
1552 3876 1827 3931 verberari

253 3947 565 4006 crudeliter.
590 3951 727 4009 Cum
756 3964 938 4011 autem
972 3959 1085 4027 jam
1124 3960 1218 4016 diu
1234 3976 1411 4017 cassus
1446 3962 1826 4034 incorpoream

254 4037 366 4109 (16)
385 4042 698 4100 ostenderet
742 4046 1142 4119 philosophiam
1170 4052 1227 4106 in
1286 4054 1509 4110 mortali
1575 4071 1827 4128 corpore,

253 4138 309 4186 et
340 4147 400 4188 se
433 4135 666 4206 primum
694 4139 924 4210 turpiter
971 4142 1193 4199 irrisum
1253 4145 1482 4219 vidisset
1541 4156 1827 4219 tyrannus,

252 4233 550 4326 martyrem
578 4229 798 4298 quidem
839 4232 1104 4290 relaxavit
1144 4251 1175 4290 a
1216 4218 1409 4308 plaéis,
1449 4218 1673 4309 conjicit
1694 4256 1829 4298 vero

253 4330 311 4375 In
350 4330 621 4374 carcerem
632 4357 651 4377 ο
1050 4342 1051 4345 “

1928 3233 2077 3303 ἡμᾶς
2109 3230 2321 3302 ὖσρεως
2347 3230 2409 3285 τὸ
2435 3228 2570 3300 γοῦν
2596 3231 2683 3299 ἐφ’
2709 3230 2843 3299 ἡμῖν
2869 3225 3170 3297 ἀνεξόμεθά
3197 3241 3293 3279 σου
3320 3240 3334 3257 ·
3363 3222 3424 3278 τδ
3454 3222 3517 3277 δὲ

1929 3324 2026 3379 καὶ
2088 3325 2170 3387 είς
2222 3322 2423 3384 αὐτοὺς
2481 3321 2609 3385 τοὺς
2663 3319 2819 3382 θεοὺς
2885 3318 3100 3373 καὶτὸν
3132 3315 3516 3387 αὐτοκράτορα

1929 3414 2242 3494 ὑϐρίζοντος
2279 3413 2589 3484 ἀνέχεσθαι,
2637 3410 2774 3465 ἀλλά
2818 3409 2978 3465 τοῦτό
3009 3426 3073 3478 γε
3100 3408 3307 3480 ἠλίθιόν
3331 3405 3517 3494 τεκαὶ
3586 3405 3595 3411 “

1926 3507 1991 3561 οὐ
2028 3492 2466 3580 πόῤῥωγμανίας.
2496 3501 2629 3558 Εἶτα
2650 3504 2680 3556 ὁ
2727 3503 2969 3575 μάρτυς·
3000 3501 3114 3572 Οὐχ
3147 3499 3324 3573 ὕϐρις,
3364 3492 3512 3563 εἷπε,

1926 3596 2104 3653 ταῦτα
2159 3600 2273 3662 τοῖς
2328 3595 2637 3665 ὑγιαίνουσι
2677 3595 2771 3649 τὸν
2828 3593 2954 3647 νοῦν
3010 3594 3107 3647 καὶ
3160 3591 3236 3663 μὴ
3260 3590 3360 3655 τὰς
3381 3592 3515 3660 ιρρέ-

1929 3706 2027 3754 νας
2084 3688 2412 3760 διεφθορόσι.
2480 3686 2653 3742 Τοῦτο
2712 3686 3071 3757 σφοδρότερον
3119 3683 3212 3738 τὸν
3268 3683 3514 3754 ἡγεμόνα

1929 3783 2182 3852 ἔκμαίνει
2199 3801 2210 3812 ·
2236 3785 2331 3836 καὶ
2352 3780 2549 3835 αὐτίκα
2574 3778 2787 3834 κελεύει
2805 3780 2870 3833 ὲκ
2889 3778 3172 3848 τεσσάρων
3191 3775 3514 3832 διαταθέντα

1927 3873 2021 3928 τὸν
2077 3871 2314 3942 ἀθλητὴν
2363 3871 2519 3940 ἱμᾶσι
2573 3868 2803 3940 χλωροῖς
2852 3865 3134 3937 ὠμότερον
3189 3864 3513 3919 τύπτεσθαι.

1942 3964 2162 4035 Ἐπειδὴ
2202 3963 2259 4017 δὲ
2291 3962 2385 4018 καὶ
2415 3962 2582 4017 πολὺν
2611 3960 2711 4033 ἤδη
2763 3959 3077 4028 ξαινόμενος
3105 3958 3298 4029 χρόνον
3318 3994 3332 4021 ,
3365 3953 3517 4025 φιλο-

1931 4056 2127 4124 σοφίαν
2155 4054 2473 4124 ἀσωμάτων
2489 4055 2548 4107 ὲν
2571 4052 2783 4123 σώματι
2809 4048 2989 4122 θνητῷ
3017 4047 3388 4110 ἐπεδείκνυτο,
3413 4043 3515 4100 καὶ

1930 4148 2405 4218 καταγελασθέντα
2428 4145 2528 4218 τὴν
2574 4143 2800 4216 πρώτην
2837 4140 3076 4214 αἰσχρῶς
3114 4139 3316 4210 ἑαυτὴν
3372 4136 3515 4211 [imo

1930 4236 2147 4310 ἑαυτὸν]
2176 4239 2205 4292 ὁ
2234 4236 2495 4308 τύραννος
2520 4231 2699 4289 εἶδεν)
2721 4232 2964 4303 ὑπανῆκε
3000 4230 3099 4302 μὲν
3130 4229 3223 4283 τδν
3255 4228 3510 4301 μάρτυρα

1930 4331 2041 4386 τῶν
2065 4328 2289 4401 πληγῶν
2308 4369 2324 4396 ,
2358 4329 2541 4382 δίδωσι
2584 4326 2642 4380 δὲ
2680 4326 2758 4396 τῷ
2787 4322 3169 4395 δεσμωτηρίῳ.

326 4405 464 4465 XLV.
517 4410 652 4465 Cum
683 4419 865 4468 antem
900 4415 1105 4486 aliquot
1141 4417 1258 4473 dies
1282 4430 1522 4477 moratus
1548 4420 1740 4479 fuisset
1768 4423 1822 4478 in

2000 4419 2099 4478 ΙΝ.
2145 4421 2310 4486 Τινάς
2348 4420 2425 4493 (δὲ
2463 4419 2678 4491 ἡμέρας
2713 4420 2772 4471 ὲν
2804 4418 3018 4487 φυλακῇ
3047 4412 3513 4485 διατριψὰμενον)

251 4515 493 4568 carcere,
559 4520 749 4563 rursus
811 4522 936 4563 eum
1005 4510 1162 4579 jubet
1213 4512 1358 4569 sisti.
1399 4514 1466 4569 Et
1511 4512 1706 4569 :Num
1748 4524 1822 4583 te,

252 4596 431 4667 inquit
464 4614 691 4670 praeses,
718 4600 898 4672 aliqua
922 4603 1090 4659 subiit
1118 4605 1462 4675 paenitentia,
1490 4616 1548 4663 et
1596 4608 1830 4678 resipui-

250 4688 320 4743 sti
350 4688 420 4744 ab
470 4690 569 4748 illa.
600 4693 748 4751 rabie
766 4702 828 4759 et
866 4694 1120 4751 insania?
1162 4696 1254 4752 Ille
1277 4706 1458 4753 autem
1486 4713 1826 4768 generosus:

247 4774 525 4844 Nondum,
559 4780 755 4851 inquit,
778 4791 839 4839 ut
866 4782 1047 4849 video,
1088 4784 1408 4840 intellexisti
1456 4801 1543 4841 res
1571 4796 1827 4855 nostras;

249 4871 345 4926 sed
385 4872 524 4929 bene
558 4876 673 4930 scio
708 4875 823 4930 fore
862 4884 922 4930 ut
942 4861 1236 4947 intelligas,
1267 4886 1322 4932 et
1359 4892 1454 4932 eas
1489 4878 1616 4933 licet
1674 4878 1827 4934 tarde

251 4962 451 5030 discas,
472 4969 688 5037 quando
713 4969 882 5039 magis
912 4969 1081 5025 fueris
1116 4970 1457 5038 periclitatus
1477 4980 1532 5025 et
1561 4986 1650 5025 me
1676 4987 1828 5027 acer-

249 5053 494 5114 bioribus
529 5061 832 5130 subjeceris
881 5062 1181 5133 suppliciis.
1250 5063 1400 5118 lianc
1462 5079 1571 5118 non
1643 5062 1829 5119 ferens

323 5215 436 5287 (14)
458 5215 637 5292 Solem
665 5217 889 5292 iustitiae
932 5222 1078 5292 (nam
1109 5230 1162 5276 et
1191 5221 1478 5291 φωσφόρος
1521 5223 1664 5291 apud
1693 5222 1825 5279 Sui-

250 5290 380 5362 datn
411 5296 495 5362 est
520 5288 646 5362 sol),
671 5288 950 5362 Christum
981 5288 1295 5362 nempe,de
1321 5288 1429 5362 quo
1461 5288 1609 5347 canit
1637 5293 1827 5352 Eccleq

249 5362 329 5431 sia
370 5360 423 5431 in
458 5358 840 5431 benedictione
870 5362 1013 5416 cerei
1046 5358 1386 5418 Paschalisit
1419 5361 1535 5429 Ille,
1579 5363 1823 5431 inquam,

250 5428 489 5492 Lucifer,
529 5430 619 5498 qui
649 5430 827 5483 nescit
864 5445 1138 5487 occasum.
1181 5451 1198 5484 ι
1521 5424 1531 5429 ⁷
1657 5424 1668 5430 ⁷
1810 5424 1830 5431 ”

322 5500 436 5574 (15)
464 5498 711 5574 Martyris
731 5499 897 5574 latera
926 5503 1197 5572 praecipue
1229 5502 1329 5560 hoc
1384 5504 1628 5560 cruciatu
1691 5507 1827 5564 alie-

247 5570 342 5634 (διὰ
359 5572 550 5642 fuisse,
582 5570 803 5642 tradunt
828 5570 1037 5642 Menam
1087 5570 1325 5642 magna;
1372 5575 1556 5637 ταθεὶξ
1591 5578 1655 5629 ὲκ
1700 5596 1827 5631 τεσερ

253 5641 469 5710 σάρωνᾼ
508 5640 754 5710 ὀ-θεῖος,
822 5641 1074 5708 Bassam;
1137 5640 1402 5699 τύπτεται
1495 5646 1590 5709 τὰς
1649 5649 1821 5701 πλευ-

254 5707 355 5788 εις
383 5708 519 5788 rei;
547 5707 761 5788 ξῇετειη
820 5707 983 5788 quod;
1025 5711 1271 5788 Raderus
1323 5723 1511 5773 noster
1557 5707 1631 5773 ita
1699 5734 1825 5774 ver-

253 5775 348 5832 tit:
381 5775 440 5832 S.
473 5775 763 5848 Eudoxius,
817 5775 1056 5837 manibus
1092 5786 1403 5850 pedibusque
1455 5789 1694 5852 extentis.
1764 5790 1819 5843 in

1929 4516 1977 4588 (ί
1991 4516 2042 4583 7)
2078 4514 2377 4585 παρίστησι
2402 4512 2567 4567 πάλιν
2600 4510 2803 4579 ἑαυτῷ,
2826 4510 2941 4575 καὶ,
2971 4508 3038 4562 Εἴ
3060 4506 3162 4560 πού
3197 4506 3256 4560 σέ
3274 4523 3378 4573 τις,
3406 4504 3512 4576 ἔφη

1928 4607 1959 4662 ὁ
1993 4603 2241 4677 ἡγεμὼν,
2278 4601 2616 4674 μεταμέλεια
2659 4599 2772 4671 ἔχει
2804 4600 2900 4652 καὶ
2938 4598 3036 4667 τῆς
3070 4596 3268 4666 μανίας
3297 4593 3517 4662 ἐκείνης

1928 4697 2026 4752 καλ.
2062 4697 2161 4767 τῆς
2193 4694 2401 4765 λύσσης
2436 4693 2743 4765 ἀνήνεγκας
2768 4707 2784 4755 ;
2824 4691 2935 4744 Καὶ
2960 4691 2987 4742 ὁ
3016 4686 3276 4756 γεννάδας
3297 4701 3314 4717 ο
3344 4683 3515 4739 Οὔπω

1928 4787 2082 4859 γοῦν,
2109 4788 2184 4851 ὡς
2211 4784 2344 4860 ὁρῶ,
2358 4787 2428 4840 τά
2443 4788 2687 4857 ἡμέτερα
2703 4782 2960 4854 συνῆκας,
2980 4781 3117 4834 ἀλλά
3135 4780 3412 4847 συνήσεις,
3451 4773 3513 4830 εὖ

1931 4877 2028 4936 οἷδ’
2086 4881 2167 4934 ὅτι
2221 4880 2311 4934 καὶ
2364 4877 2642 4949 ὀψιμαθὴς
2689 4874 2896 4929 τούτων
2952 4873 3172 4944 γενήσει
3245 4866 3513 4943 [γενήσῃ]

1937 4971 2155 5025 ἐπειδὰν
2204 4970 2406 5023 πλείονι
2450 4971 2545 5022 καὶ
2591 4969 2657 5038 τῇ
2698 4966 2866 5037 πείρᾳ
2919 4964 3120 5035 χρήσῃ,
3169 4959 3264 5015 καὶ
3320 4975 3515 5028 πικρο-

1935 5062 2072 5134 τέρᾳ
2098 5080 2162 5115 πε
2172 5062 2397 5134 ριϐἀλῃς
2426 5062 2664 5132 βασάνῳ.
2684 5058 2885 5112 Τοῦτον
2906 5058 3110 5119 ἐκεῖνος
3130 5053 3224 5109 τὸν
3255 5052 3512 5125 μυκτῆρα

1926 5224 2179 5281 lateribus
2217 5224 2517 5277 verberatur
2553 5230 2603 5276 et
2651 5221 2945 5276 laceratur.

2000 5293 2326 5364 (lGliGrtece
2368 5292 2697 5364 ἀσωμάτων,
2725 5290 3033 5364 angelicam
3065 5305 3079 5341 :
3119 5287 3326 5364 Cangio
3358 5287 3509 5342 enim

1924 5357 2028 5419 col'.
2080 5363 2150 5417 '50
2199 5366 2251 5417 in
2305 5357 2619 5431 Appen'dice
2670 5361 2737 5416 ad
2796 5357 3152 5431 Glossarium,
3190 5357 3508 5431 auditione:

1924 5445 2053 5489 sunt
2081 5434 2276 5504 angeli.
2320 5428 2722 5504 Metapbrastes
2764 5428 3071 5504 signiﬁcare
3115 5428 3258 5504 vult.
3290 5428 3509 5504 opinor,

1924 5497 2224 5559 mirabilem
2254 5503 2426 5559 fuisse
2473 5497 2728 5573 martyris
2773 5499 3092 5571 patientiam
3131 5510 3187 5554 et
3238 5497 3508 5553 fortitudi-

1932 5590 2055 5630 nem
2080 5575 2316 5628 humana
2351 5574 2631 5642 majorem.

2007 5645 2117 5715 (i7)
2139 5644 2310 5699 Verba
2351 5636 2505 5715 uncis
2540 5643 2746 5715 inclusa
2773 5638 3017 5715 supplevi
3050 5653 3112 5693 ex
3140 5636 3330 5695 Latina
3380 5650 3508 5693 ver-

1931 5711 2106 5781 sione,
2143 5715 2369 5773 deerant
2396 5712 2544 5769 enim
2575 5713 2629 5767 in
2661 5711 2971 5784 apographo
3012 5718 3220 5764 nostro.
