3996 6432
371 364 477 427 δερ

1328 367 1522 429 ACTA
1556 369 1660 430 SS.
1705 367 2058 448 EUDOXII,
2107 372 2433 450 ROMULI,
2481 377 2643 442 ETC.

3515 389 3626 453 ιτιῡ

366 479 469 533 οὐκ
519 477 777 548 ἐνεγκὼν,
824 479 957 534 ἀλλά
996 479 1328 553 θερμότερος
1367 485 1564 539 ἐαυτοῦ
1621 486 1799 554 πολλῷ
1847 487 1946 559 τὴν

2058 503 2253 559 praeses
2293 492 2622 560 irrisionem,
2665 497 2758 552 sed
2803 498 2961 571 longe
2996 500 3206 559 acriore
3245 506 3486 576 percitus
3535 512 3620 567 in-

369 571 570 642 μανίαν
601 572 913 640 γενόμενος,
951 573 1208 644 σφαίραις
1237 575 1326 629 τὸν
1359 576 1580 631 τένοντα
1613 580 1942 649 μολιϐδίναις

368 663 704 728 συνθλάττει,
729 666 824 717 καὶ
852 665 1210 736 ἀναμοχλεύει
1241 667 1432 721 τούτου
1462 671 1529 723 τά
1561 671 1761 740 ἄρθρα,
1790 673 1818 727 ὃ
1844 675 1943 727 θα-

363 754 544 807 νάτων
575 755 827 808 ἁπάντων
850 757 1194 826 πικρότερον.
1227 759 1541 828 Προσήγετο
1569 761 1859 830 τοιγαροῦν
1883 763 1944 816 τὸ

367 843 537 912 ἄηθες
565 845 716 897 τουτὶ
749 847 1046 916 μηχάνημα
1090 848 1168 916 τῷ
1193 847 1397 919 ἀθλητῇ
1432 850 1525 901 καὶ
1575 851 1760 902 καινόν
1781 867 1793 880 ·
1827 854 1854 904 ὁ
1885 852 1942 906 δὲ

366 932 558 1004 ῶσπερ
581 952 662 998 τις
688 936 964 999 ἀνάλωτος
987 937 1183 1006 ἔστηκε
1213 939 1440 1007 πύργος,
1470 939 1606 1008 μηδέ
1629 939 1801 1009 βραχὺ
1825 945 1944 1004 ταῖς

363 1028 575 1080 ἐκεῖνου
600 1028 888 1098 προϐολαῖς
908 1030 1378 1100 διασαλευόμενος.
1414 1032 1471 1085 ὐ
1497 1035 1719 1102 ἡγεμὼν
1740 1035 1941 1100 τοίνυν,

364 1118 491 1170 ἐπεὶ
513 1120 589 1189 μὴ
611 1119 802 1188 ἐφερεν
823 1121 1060 1191 αἰσχρῶς
1089 1121 1231 1175 οὕτω
1258 1122 1580 1191 διὰίπάντων
1612 1123 1941 1193 ἡττώμενος,

363 1211 596 1266 θάνατον
623 1212 787 1265 αὑτοῦ
823 1215 1180 1285 κατακρίνειο
1212 1216 1404 1286 ήγάπα
1445 1218 1553 1287 γὰρ
1591 1218 1640 1270 εί
1674 1216 1768 1272 καὶ
1801 1216 1944 1269 οὕτω

361 1303 459 1357 τοῦ
487 1304 682 1373 ἀνδρὸς
710 1305 1076 1376 ἀπαλλαγείη.

437 1394 539 1447 IE'.
565 1394 776 1462 Πλῆθος
792 1392 884 1448 οὖν
906 1397 1068 1450 αὑτὸν
1088 1397 1300 1468 δημίων
1323 1400 1734 1471 παραλαϐόντες
1757 1403 1945 1474 ἐπειδὴ

363 1491 462 1545 τὸν,
485 1485 586 1553 τῆς
612 1486 884 1558 τιμωρίας
911 1489 1206 1544 κατέλαϐον
1238 1490 1422 1553 τόπον,
1454 1494 1642 1562 χεῖρας
1673 1495 1701 1546 6
1734 1494 1945 1563 μάρτυς

365 1577 461 1628 καὶ
485 1575 712 1644 ὄμματα
753 1579 891 1646 πρὸς
929 1579 1156 1650 οὐρανὸν
1189 1582 1458 1652 ἀνασχὼν,
1492 1584 1738 1638 Δέσποτα
1772 1585 1944 1655 Κύριε

365 1667 395 1718 6
445 1667 598 1732 Θεὸς,
658 1667 802 1735 εἷπε,
833 1673 860 1723 ό
893 1671 1330 1741 προσδεξάμενος
1385 1675 1551 1729 ’Ἅϐελ
1578 1678 1676 1747 τὴν
1732 1677 1941 1743 θυσίαν,

378 1755 635 1828 Ἀϐραὰμ
666 1759 1095 1830 ὀλοκαρπὼσεις,
1116 1764 1223 1816 τῶν
1257 1766 1351 1818 ἀπ’
1381 1767 1578 1831 αἰῶνος
1610 1785 1704 1821 σου
1734 1769 1943 1840 μαρτύ-

368 1867 478 1916 ρων
511 1849 607 1903 καί
638 1853 935 1922 προφητῶν
963 1855 1056 1907 καὶ
1080 1856 1305 1912 δικαίων
1336 1859 1404 1911 τὰ
1433 1859 1662 1930 αἵματα,
1700 1864 1794 1916 καὶ
1818 1863 1944 1925 τοὺς

367 1942 613 2012 μακροὺς
645 1944 859 2012 πόνους,
893 1949 990 1999 καὶ
1014 1948 1113 2018 τὴν
1141 1949 1397 2020 ὑπερφυᾶ
1425 1953 1722 2022 καρτερίαν
1740 1969 1756 1984 ⁸
1785 1954 1945 2019 αὐτὸς

366 2035 588 2102 εὐμενεῖ
619 2038 713 2090 καὶ
753 2039 847 2091 νῦν
876 2040 1140 2111 ὀφθαλμῷ
1172 2041 1269 2112 τὴν
1303 2043 1445 2114 ἐμὴν
1480 2045 1556 2098 ῐδε
1593 2046 1784 2100 Θυσίαν
1805 2087 1820 2110 ,
1853 2050 1945 2101 καὶ

367 2125 443 2194 μὴ
471 2125 755 2202 ὑπερίδῃς,
793 2130 984 2200 Κύριε,
1015 2131 1108 2186 τοῦ
1131 2132 1217 2186 διὰ
1235 2135 1294 2188 σέ
1324 2135 1608 2203 μέλλοντος
1639 2141 1833 2209 ῥυῆναι
1857 2158 1946 2210 μι-

365 2219 500 2287 κροῦ
529 2221 782 2290 αἵματος,
812 2223 876 2276 ἐκ
908 2223 1251 2295 Θερμοτάτης
1268 2244 1350 2280 σοι
1373 2231 1749 2299 προαιρέσεως
1775 2249 1942 2287 κατα·

368 2310 634 2380 θυομένου
656 2330 671 2346 ο
705 2313 814 2366 ἰδοὺ
844 2315 954 2385 γὰρ
974 2358 990 2377 ,
1015 2317 1090 2379 ὡς
1124 2318 1278 2388 ὁρᾷς,
1309 2319 1408 2390 τὴν
1439 2319 1617 2391 ψυχὴν
1640 2322 1727 2375 διά
1759 2323 1818 2376 σὲ
1851 2325 1948 2393 σή-

367 2420 537 2472 μερον
562 2405 914 2476 ἀποτίθεμαι.
938 2403 1073 2462 Εἶτα
1091 2409 1254 2464 πάλιν
1279 2411 1557 2481 προσθεὶς,
1576 2413 1946 2469 Ἀπολαυὲτω-

368 2506 489 2560 σαν,
535 2495 886 2564 φιλάνθρωπε
940 2500 1210 2565 Δέσποτα,
1239 2501 1368 2573 ἔφη,
1394 2503 1491 2573 τῆς
1515 2507 1665 2575 παρά
1697 2506 1792 2560 σοῦ
1821 2505 1946 2578 βοη-

365 2587 516 2650 θείας
543 2590 592 2641 oi
607 2589 675 2642 δι’
699 2589 834 2659 ἐμοῦ
851 2590 909 2642 τὸ
942 2590 1032 2645 σὺν
1060 2592 1356 2657 καλοῦντες
1392 2596 1544 2662 ᾶγιον
1569 2595 1740 2666 ὄνομα
1761 2612 1774 2627 ο
1808 2598 1947 2668 μνή-

368 2675 528 2748 σθητι
549 2678 644 2731 τοῦ
673 2678 805 2731 λαοῦ
840 2697 955 2745 σου,
995 2681 1262 2752 μνήσθητι
1290 2684 1390 2752 τῆς
1419 2684 1784 2756 κληρονομίας
1813 2704 1908 2740 σου
1927 2726 1944 2752 ,

364 2763 432 2840 ἦς
489 2773 708 2840 ἐκτήσω
735 2785 750 2802 ·
795 2773 889 2824 καὶ
924 2773 998 2843 μὴ
1037 2775 1281 2828 ἐπιλίποι
1313 2777 1537 2842 τούτους
1570 2778 1631 2831 τὸ
1664 2780 1815 2850 παρᾶ
1852 2779 1945 2834 σοῦ

369 2863 537 2929 ἔλεος,
568 2865 762 2934 Κύριε.
791 2867 974 2920 Ταῦτα
1001 2868 1304 2940 διαλεχθεὶς
1323 2869 1400 2941 τῷ
1429 2871 1568 2940 Θεῷ,
1593 2871 1691 2944 τὴν
1715 2872 1949 2942 σύζυγον

371 2956 779 3020 μεταστραφεὶς
825 2956 1032 3010 ἐκεῖθεν
1067 2959 1168 3030 ὁρᾷ.
1194 2976 1205 2989 ·
1237 2961 1332 3012 καὶ
1371 2954 1445 3014 ὧν
1477 2962 1779 3016 ἐνετείλατο
1809 2965 1946 3036 αὐτῇ

370 3045 635 3116 πρότερον
673 3051 1016 3120 ἀναμνήσας,
1064 3054 1160 3106 καὶ
1188 3053 1404 3124 ἀσφαλῆ
1446 3055 1514 3109 τὰ
1558 3057 1726 3110 πιστὰ
1765 3055 1948 3112 λαϐὼν

369 3136 512 3190 ὥστε
554 3141 909 3211 καταπρᾶξαι
950 3145 1128 3196 πάντα
1167 3145 1260 3196 καὶ
1303 3146 1479 3216 πέρας
1517 3147 1698 3210 αὐτοῖς
1746 3150 1950 3218 ἀγαθὸν

370 3231 664 3297 ἐπιθεῖναι,
689 3233 1004 3289 τελευταίαν
1029 3237 1250 3309 ἐντολὴν
1271 3240 1405 3311 αὐτῇ
1431 3243 1762 3315 ἐπισκήπτει
1781 3245 1950 3314 τάφον

371 3321 518 3393 αὺτῷ
549 3325 607 3376 ἐν
633 3324 710 3394 τῷ
738 3327 925 3398 χωρίῳ
969 3328 1219 3397 ¹Ἀμιμνα
1246 3331 1566 3404 καλουμένῳ
1596 3335 1869 3407 ἐπιχῶσαι
1891 3337 1950 3392 ἐν

368 3417 548 3487 τούτῳ
580 3434 638 3470 τε
669 3418 834 3471 αὑτοῦ
872 3420 1186 3492 καταθάψαι
1218 3424 1279 3476 τὸ
1310 3425 1492 3496 σῶμα.

440 3530 561 3600 ις’,
599 3533 848 3605 Πλῆθους
877 3535 969 3589 οὖν
1008 3537 1169 3591 αὑτὸν
1204 3539 1303 3592 οὐκ
1336 3539 1518 3608 ὀλίγου
1554 3545 1910 3614 περιστάντος
1936 3585 1952 3613 ο

369 3627 478 3698 ὁρᾷ
518 3639 641 3682 τινα
683 3630 846 3699 μέσον
881 3629 1093 3685 ἑστῶτα
1141 3631 1356 3701 Ζήνανα
1387 3632 1465 3706 [ι.
1508 3636 1753 3710 Ζήνωνα]
1801 3640 1954 3708 φίλον

371 3718 522 3789 αὺτῷ
552 3720 789 3790 μάλιστα
815 3722 908 3774 καὶ
937 3723 1142 3795 συνήθη
1173 3722 1473 3779 πενθοῦντα
1500 3725 1599 3798 τὴν
1624 3728 1834 3784 ἐκείνου
1865 3749 1956 3785 τε-

371 3813 570 3882 λευτήν
624 3813 720 3867 καὶ
763 3814 1140 3884 κοπτόμενονο
1189 3813 1395 3879 καὶ,*Ω
1444 3818 1564 3888 φίλε
1609 3818 1817 3891 Ζήνων,
1879 3825 1954 3896 μὴ

371 3908 550 3970 κλαῖε,
582 3905 724 3975 ἐφηο
751 3906 817 3958 σὺ
851 3906 950 3975 μὲν
972 3905 1100 3978 γὰρ,
1134 3901 1252 3961 οἶδα
1275 3949 1288 3970 ,
1316 3907 1407 3961 τὸν
1437 3912 1705 3981 ἡμέτερον
1737 3915 1956 3986 θρηνεῖς

373 4000 688 4070 χωρισμόν·
738 3998 853 4051 ἀλλ’
904 4000 933 4052 6
977 3999 1136 4065 Θεὸς,
1185 3994 1228 4068 ᾧ
1277 4001 1386 4070 ἐγὼ
1434 4002 1684 4074 λατρεύω
1730 4007 1824 4060 καὶ
1876 4010 1955 4074 είς

372 4092 434 4146 δν
459 4091 695 4144 πέποιθα
717 4130 731 4154 ,
761 4091 821 4144 οὐ
852 4091 1133 4162 διαστήσει
1164 4093 1410 4164 ἀλλήλων
1444 4096 1625 4168 ήμᾶς,
1656 4096 1750 4160 οὓς
1779 4099 1957 4172 θερμὴ

373 4184 547 4238 πάλαι
578 4185 749 4252 φιλία,
793 4185 888 4238 καὶ
911 4186 938 4237 6
971 4185 1108 4255 πρὸς
1152 4186 1314 4239 αὑτὸν
1350 4187 1489 4258 ἔρως
1532 4190 1798 4259 συνῆψεν·
1840 4193 1956 4247 ἀλλ’

373 4277 566 4348 ῶσπερ
598 4279 679 4346 ἐφ’
714 4279 832 4341 ἐνὸς
873 4279 1136 4346 σκάφους,
1175 4277 1317 4332 οὕτω
1338 4281 1429 4333 τὸν
1462 4280 1578 4351 βίον
1598 4283 1944 4353 συμπλεύσο-

379 4388 500 4442 μεν.
539 4371 683 4440 Πρὸς
703 4370 876 4425 ταῦτα
904 4373 932 4424 ὁ
958 4373 1142 4441 Ζήνων
1163 4371 1580 4443 διαθερμανθεὶς
1598 4377 1697 4447 τὴν
1727 4379 1956 4450 καρδίαν

373 4465 470 4517 καὶ
503 4463 799 4530 άναζέσας,
818 4463 1090 4534 ἐθάρσησε
1116 4467 1209 4518 καί
1231 4465 1557 4534 Χριστιανὸν
1579 4469 1740 4532 εὐθὺς
1765 4472 1958 4531 ἐαυτὸν

2046 582 2433 648 sauia,ferreis
2461 586 2774 661 [plumbeis]
2815 591 2989 661 globis
3049 598 3280 652 conterit
3331 601 3620 668 cervicem,

2046 681 2101 726 et
2137 675 2256 744 ejus
2314 690 2528 733 emovet
2565 681 2846 746 articulos,
2900 686 3042 754 quod
3083 688 3302 756 quidem
3333 701 3420 745 est
3447 693 3625 748 omni-

2048 765 2150 820 bus
2230 769 2501 823 mortibus
2552 775 2824 830 acerbius.
2882 777 3144 834 Adhibita
3204 792 3290 836 est
3333 798 3463 854 ergo
3506 785 3625 844 haec

2046 872 2184 912 nova
2225 870 2278 915 et
2341 863 2555 919 insolita
2621 868 2840 921 athletae
2877 873 3230 928 machinatio.
3295 875 3387 930 Ille
3440 887 3621 933 autem

2047 951 2228 1006 stabat
2249 963 2504 1024 tanquam
2547 964 2734 1022 turris,
2761 976 2882 1030 qum
2919 979 3023 1017 non
3064 973 3246 1034 potest
3299 971 3620 1038 expugnari,

2047 1061 2117 1100 ne
2149 1049 2418 1102 tantillum
2461 1051 2681 1120 quidem
2713 1052 3067 1109 labefactatus
3099 1057 3248 1111 illius
3291 1059 3615 1115 insultibus.

2048 1137 2255 1192 Praeses
2297 1140 2478 1209 itaque
2515 1157 2639 1196 cum
2677 1158 2785 1197 non
2825 1144 2989 1199 ferret
3023 1161 3081 1200 se
3120 1155 3230 1202 tam
3291 1152 3525 1221 turpiter
3552 1153 3621 1206 ab

2047 1244 2114 1283 eo
2151 1233 2422 1301 superari,
2483 1249 2608 1288 eum
2664 1246 2839 1291 morte
2876 1239 3249 1297 condemnat:
3302 1245 3433 1300 satis
3477 1246 3620 1302 cnim

2047 1317 2300 1382 ducebat,
2328 1321 2370 1374 si
2410 1323 2494 1376 vel
2526 1324 2604 1378 sic
2633 1326 2702 1379 ab
2742 1340 2807 1380 eo
2843 1326 3189 1386 liberaretur.

2118 1409 2234 1464 XV.
2261 1411 2397 1466 Cum
2429 1429 2554 1468 eum
2609 1432 2736 1487 ergo
2762 1420 3064 1489 accepisset
3112 1424 3410 1481 multitudo
3469 1428 3623 1480 licto-

2046 1515 2168 1556 rum
2200 1542 2217 1566 ,
2267 1514 2552 1574 postquam
2592 1521 2959 1577 pervenerunt
2987 1513 3053 1569 ad
3106 1514 3286 1570 locum
3332 1518 3620 1587 supplicii,

2046 1603 2252 1666 martyr
2293 1611 2487 1653 manus
2523 1609 2580 1655 et
2608 1605 2794 1658 oculos
2847 1603 3010 1659 simul
3050 1607 3247 1662 tollens
3298 1609 3363 1662 ad
3413 1611 3619 1666 caelos:

2048 1687 2280 1744 Domine
2334 1691 2518 1758 Deus,
2569 1694 2782 1764 inquit,
2835 1697 2928 1767 qui
2966 1698 3153 1755 Abelis
3216 1703 3505 1772 suscepisti
3537 1720 3624 1759 sa-

2048 1779 2311 1834 criﬁcium
2339 1822 2353 1847 ,
2381 1780 2614 1837 Abraha:
2639 1785 2944 1842 oblationes
2966 1827 2980 1852 ,
3023 1805 3212 1844 eorum
3254 1791 3364 1860 qui'
3406 1791 3625 1846 fuerunt

2046 1887 2076 1927 a
2109 1873 2338 1935 saeculo,
2381 1885 2676 1947 martyrum
2716 1887 2772 1932 et
2798 1879 3073 1946 justorum
3111 1883 3434 1954 sanguinem
3457 1924 3472 1948 ,
3506 1883 3625 1939 Ion-

2047 1983 2250 2040 gosque
2307 1970 2522 2025 labores
2548 2008 2564 2036 ,
2599 1980 2650 2025 et
2704 1973 3082 2030 admirabilem
3146 1962 3530 2045 tolerantiam;
3566 1987 3624 2033 tu

2047 2077 2263 2131 quoque
2296 2076 2443 2116 nunc
2474 2062 2723 2133 benignis
2793 2063 2967 2119 oculis
3006 2081 3184 2120 meum
3243 2068 3366 2122 vide
3417 2065 3626 2122 sacriﬁ-

2047 2151 2190 2206 cium
2220 2192 2235 2218 ,
2273 2161 2329 2207 et
2388 2169 2458 2208 ne
2506 2155 2780 2225 despicias
2806 2197 2820 2219 ,
2884 2156 3146 2223 Domine,
3208 2159 3355 2214 hunc
3392 2172 3626 2228 paucum

2045 2253 2272 2313 propter
2312 2253 2365 2300 te
2397 2244 2791 2302 eﬂ‘undendum
2847 2249 3167 2318 sanguinem
3194 2289 3207 2312 ,
3240 2249 3334 2320 qui
3409 2249 3630 2305 ferven-

2048 2335 2260 2390 tissimo
2290 2337 2476 2392 animo
2515 2337 2612 2391 tibi
2639 2337 2979 2392 sacrificatur
3000 2377 3014 2392 .
3061 2338 3200 2394 Ecce
3230 2342 3377 2396 enim
3405 2380 3420 2406 ,
3454 2351 3516 2396 ut
3544 2342 3629 2396 vi-

2047 2423 2179 2492 des,
2239 2426 2477 2481 animam
2519 2437 2742 2498 propter
2795 2439 2848 2483 te
2881 2429 3044 2484 hodie
3114 2431 3365 2502 depono.
3402 2431 3631 2490 ’Deinde

2047 2531 2237 2574 rursus
2251 2519 2543 2589 adjiciens:
2563 2521 2996 2591 Consequantur,
3021 2524 3217 2594 inquit,
3243 2525 3472 2595 benigne
3520 2526 3630 2581 Do-

2049 2609 2219 2675 mine,
2245 2625 2275 2665 a
2307 2619 2359 2666 te
2385 2611 2643 2666 auxilium
2664 2613 2790 2683 ,‘qui
2823 2607 3161 2682 propter'me
3195 2624 3348 2669 tuum
3378 2624 3629 2670 sanctum

2050 2719 2250 2758 nomen
2282 2705 2558 2760 invocant.
2591 2705 2863 2762 Memento
2912 2708 3246 2764 haereditatis
3277 2713 3414 2773 tuae,
3467 2725 3630 2780 quam

2051 2796 2352 2864 acquisiisti
2382 2837 2397 2861 ,
2429 2805 2486 2852 et
2514 2813 2582 2850 ne
2611 2797 2691 2852 eis
2738 2798 2982 2864 deﬁciat,
3040 2797 3270 2854 Domine
3293 2841 3306 2865 ,
3346 2809 3435 2855 tua
3469 2801 3636 2857 mise-

2051 2885 2321 2940 ricordia.
2357 2884 2483 2940 Ηιεο
2509 2901 2635 2942 cum
2668 2887 2780 2940 Deo
2821 2885 3088 2950 dixisset,
3131 2887 3280 2941 illinc
3331 2902 3630 2944 conversus

2051 2977 2202 3032 videt
2253 2976 2538 3046 conjugem
2565 3017 2579 3041 ,
2618 2985 2673 3032 et
2726 2992 2848 3031 cum
2879 2993 2998 3047 qua!
3034 2977 3096 3032 ei-
3149 2977 3302 3048 prius
3343 2979 3584 3049 jusserat
3613 3021 3628 3047 ,

2052 3077 2367 3124 revocasset
2399 3070 2454 3124 in
2482 3070 2800 3124 memoriam
2821 3077 2877 3124 et
2909 3069 3069 3124 (idem
3103 3069 3170 3124 ab
3199 3085 3262 3124 ea
3296 3071 3631 3140 accepisset,

1980 3176 2118 3256 σεο
2175 3161 2359 3217 omnia
2423 3171 2572 3217 recte
2629 3171 3054 3228 exsecuturam,
3122 3163 3227 3218 hoc
3257 3173 3536 3233 postremo
3583 3162 3634 3218 ei

2057 3254 2319 3321 mandat,
2346 3263 2407 3309 ut
2439 3255 2487 3309 ei
2529 3253 2733 3310 fossam
2781 3253 2950 3310 fodiat
2981 3256 3037 3308 in
3073 3254 3229 3321 loco,
3262 3255 3352 3324 qui
3414 3255 3632 3318 dicitur,

2051 3343 2304 3403 Amimna
2331 3345 2469 3419 (18),
2497 3354 2553 3403 et
2581 3347 2638 3402 in
2677 3362 2742 3404 eo
2771 3363 2969 3418 corpus
3007 3347 3124 3419 ejus
3155 3348 3399 3418 sepeliet.

2137 3528 2278 3584 XVI.
2309 3528 2446 3584 Cum
2485 3537 2670 3584 autem
2706 3544 2830 3585 eum
2863 3543 2974 3584 non
3005 3545 3170 3600 parva
3205 3529 3635 3586 circumsisteret

2055 3621 2396 3687 multitudo,
2464 3621 2603 3677 vidit
2675 3622 2965 3692 quemdam
3001 3621 3055 3675 in
3121 3621 3305 3677 medio
3362 3629 3634 3685 stantem,

2055 3714 2278 3768 nomine
2304 3711 2581 3769 Zenonem
2609 3755 2625 3782 ,
2662 3715 2712 3770 ei
2766 3714 2922 3770 valde
2954 3713 3188 3769 amicum
3219 3722 3274 3768 et
3315 3713 3634 3769 familiarem

2057 3807 2204 3862 illius
2238 3815 2468 3862 mortem
2510 3807 2879 3878 plangentem.
2910 3806 3008 3863 Cui
3042 3807 3166 3862 ille:
3201 3805 3246 3861 Ο
3270 3805 3436 3861 citare
3467 3805 3636 3872 Zeno,

2061 3909 2117 3955 tu
2143 3899 2364 3970 quidem
2391 3939 2406 3964 ,
2443 3898 2659 3968 inquit,
2690 3910 2774 3954 sat
2825 3899 2941 3954 scio
2961 3939 2975 3962 ,
3003 3906 3244 3952 nostram
3287 3895 3387 3952 ﬂes
3419 3913 3641 3966 separa-

2062 3991 2261 4045 tionem
2289 4007 2311 4056 ;
2338 3989 2432 4044 sed
2466 3987 2636 4052 Deus,
2664 3989 2752 4044 cui
2782 4002 2881 4060 ego
2913 3987 3093 4044 servio
3117 3996 3173 4044 et
3228 3987 3282 4042 in
3313 4002 3476 4058 quem
3510 4003 3642 4043 cnn-

2060 4082 2188 4149 ﬁdo,
2214 4097 2323 4136 non
2355 4096 2459 4136 nos
2481 4097 2511 4137 a
2544 4082 2704 4137 nobis
2735 4083 2970 4137 invicem
3003 4083 3277 4153 sejunget,
3312 4097 3450 4151 quos
3475 4082 3640 4139 vehe—

2058 4190 2214 4232 mens
2243 4174 2481 4230 amicitia
2511 4183 2568 4230 et
2596 4174 2793 4230 ardens
2824 4175 2880 4230 in
2913 4174 3091 4246 ipsum
3124 4188 3278 4229 amor
3312 4174 3635 4245 conjunxit;

2061 4269 2155 4325 sed
2184 4269 2410 4338 perinde
2449 4281 2514 4322 ac
2569 4267 2624 4321 in
2659 4283 2767 4322 una
2822 4267 3029 4338 scapha
3062 4281 3164 4322 nos
3204 4255 3374 4323 vitain
3399 4268 3642 4323 trasmit-

2063 4369 2273 4415 temus.
2309 4359 2403 4414 llis
2441 4359 2590 4414 Zeno
2645 4359 2810 4415 corde
2843 4374 3110 4416 accensus
3181 4367 3238 4413 et
3269 4358 3642 4420 inﬂammatus

2061 4454 2296 4524 sumpsit
2327 4453 2646 4517 audaciam,
2698 4463 2753 4508 et
2807 4453 3070 4507 continuo
3121 4452 3380 4508 omnibus
3453 4451 3644 4506 viden—

373 4558 480 4612 ὑπὸ
509 4560 577 4628 τῇ
609 4558 826 4610 πάντων
849 4557 970 4625 ὄψει
1005 4558 1102 4611 καὶ
1125 4559 1260 4628 ἀκοῇ
1288 4561 1609 4631 ἐμαρτύρει.
1656 4549 1746 4616 Ἐν
1771 4566 1880 4634 ὅσῳ
1903 4567 1951 4621 δὲ

2069 4549 2216 4602 tibus
2282 4556 2337 4601 ct
2395 4544 2747 4599 audientibus
2795 4561 2855 4600 se
2912 4546 3098 4600 statim
3151 4560 3272 4601 esse
3345 4555 3640 4617 martyrem

373 4649 529 4716 οὗτος
567 4652 706 4722 μετὰ
746 4652 1063 4722 παρρησίας
1084 4651 1242 4705 τοῦτο
1276 4653 1424 4719 ἐϐόα,
1465 4656 1821 4722 συλλαϐόντες
1855 4661 1959 4714 αὑ-

374 4747 466 4796 τὸν
520 4745 574 4796 oi
634 4741 819 4812 δήμιοι
871 4743 1011 4794 κατὰ
1062 4741 1124 4795 τὸ
1179 4747 1655 4815 προστεταγμένον
1711 4748 1814 4802 ὑπὸ
1867 4749 1957 4803 τοῦ

373 4836 664 4906 τυράννου.
697 4835 837 4904 ξίφει
858 4835 958 4903 τὴν
983 4832 1226 4903 κεφαλὴν
1257 4835 1620 4905 ἀφαιροῦνται
1640 4854 1653 4868 ·
1687 4840 1783 4893 καὶ
1811 4840 1962 4910 ήτοῦ

377 4923 634 4991 Εὐδοξίου
667 4927 976 4995 πρόρρησις
1008 4924 1151 4977 οὕτω
1180 4927 1319 4995 ταχὺ
1353 4930 1412 4980 τὸ
1446 4928 1621 4998 πέρας
1657 4929 1962 5000 λαμϐάνει,

376 5017 472 5068 καὶ
512 5015 606 5069 τὸν
655 5014 808 5083 φίλον
856 5014 960 5084 ὁρᾷ
1012 5013 1234 5083 Ζήνωνα
1276 5014 1354 5086 τῷ
1411 5020 1700 5089 μαρτυρίῳ
1741 5021 1964 5075 τελειω-

380 5109 560 5163 θέντα.

449 5201 553 5254 ΙΖ’.
590 5199 750 5252 Οὕτω
788 5200 857 5253 τὰ
890 5199 990 5269 τῆς
1025 5200 1206 5268 φιλίας
1227 5203 1832 5274 πραγματευσάμενος,
1871 5207 1967 5261 καὶ

382 5294 606 5364 tutati-49
649 5294 790 5346 τ’λει
834 5293 924 5344 τὸν
970 5294 1193 5362 Ζήνωνα
1237 5293 1594 5350 τελειωθέντα
1649 5296 1794 5363 ίδὼν,
1845 5301 1967 5353 ἐπεὶ

380 5387 474 5442 καὶ
505 5387 670 5439 αὐτὴν
707 5387 859 5454 φωνή
890 5403 974 5446 τις
1010 5385 1218 5438 ἄνωθεν
1250 5386 1342 5439 καὶ
1371 5389 1513 5443 κατὰ
1550 5389 1714 5452 πόδας
1745 5391 1963 5457 ἐκάλει,

380 5481 477 5532 καὶ
513 5478 706 5547 ὥσπερ
741 5480 860 5530 τινά
891 5479 988 5530 καὶ
1019 5474 1172 5541 οὗτος
1199 5479 1434 5547 εὐωχίαν
1464 5479 1665 5550 ἀπῄτει
1690 5480 1780 5532 τὸν
1806 5481 1967 5534 θάνα-

382 5586 508 5624 τον·
558 5572 702 5636 ξίφει
749 5571 849 5640 τὴν
896 5573 1177 5641 μακαρίαν
1232 5571 1396 5626 αὐτοῦ
1443 5573 1687 5643 κεφαλὴν
1725 5573 1962 5644 ἄσμενος

452 5705 988 5784 (I8)_Amimna‘quis
1017 5711 1165 5763 locus
1197 5710 1377 5776 fuerit,
1432 5712 1575 5784 apud
1630 5712 1964 5784 geographos

383 5792 495 5850 non
569 5779 772 5831 inveni.
843 5780 1042 5834 Dionaea
1111 5791 1318 5835 tantum
1437 5779 1656 5837 habent'
1713 5779 1967 5850 ἄμνημον

383 5849 582 5917 τάφον,
620 5849 763 5924 quod
801 5850 998 5905 citatus
1032 5851 1276 5907 Raderus
1309 5862 1722 5909 monumentum
1769 5849 1974 5908 humile

2069 4635 2493 4714 [Christianum]
2534 4644 2617 4690 est
2642 4645 3000 4704 pratcstatus.
3023 4637 3245 4691 Interim
3293 4647 3474 4692 autem
3513 4637 3642 4692 dum

2063 4734 2142 4790 sic
2194 4731 2462 4788 clamabat
2513 4728 2730 4796 libere,
2794 4744 2922 4784 eum
2981 4732 3518 4800 comprehendentes
3571 4731 3637 4785 li-

2065 4836 2271 4888 ctores,
2301 4832 2362 4878 ut
2393 4823 2472 4877 eis
2504 4822 2739 4890 jusserat
2765 4832 3046 4892 tyrannus,
3071 4833 3235 4892 caput
3261 4824 3337 4878 ilIi
3367 4824 3640 4879 adimunt.

2065 4917 2251 4987 Itaque
2290 4915 2518 4969 Eudoxii
2583 4913 2857 4984 praedictio
2914 4922 3023 4968 tam
3086 4915 3195 4971 cito
3255 4916 3507 4980 effectum
3562 4925 3646 4971 est

2067 5011 2257 5067 sortita
2286 5051 2300 5074 ,
2328 5018 2382 5064 et
2407 5009 2522 5079 ipse
2553 5009 2788 5062 amicum
2816 5007 3092 5062 Zenonem
3128 5010 3312 5063 statim
3337 5010 3480 5064 videt
3505 5025 3644 5065 cun-

2065 5111 2396 5160 summatum
2431 5100 2710 5171 martyrio.

2136 5193 2298 5249 XVII.
2368 5192 2504 5249 Cum
2568 5193 2646 5247 sic
2717 5192 2892 5247 amico
2961 5193 3323 5262 providisset,
3388 5197 3644 5268 quoniam

2066 5305 2191 5344 eum
2266 5301 2479 5357 quoque
2555 5301 2656 5341 vox
2737 5286 2982 5356 quaedam
3063 5300 3094 5340 e
3174 5286 3402 5358 vestigio
3482 5305 3645 5363 voca;

2068 5382 2182 5444 bat,
2261 5381 2378 5450 ipse
2431 5395 2560 5433 vero
2627 5387 2879 5448 tanquam
2969 5378 3278 5433 convivium
3371 5381 3641 5450 quoddam

2068 5481 2297 5531 mortem
2353 5472 2640 5541 poscebat;
2699 5473 2860 5527 beato
2915 5486 3014 5525 suo
3068 5472 3244 5540 capite
3323 5474 3440 5528 ensi
3494 5475 3643 5540 dato,

2076 5565 2303 5622 moritur
2352 5569 2475 5631 post
2521 5564 2756 5619 amicum
2806 5563 2941 5635 (I9).
3003 5563 3136 5634 Ejus
3205 5575 3386 5620 autem
3445 5566 3644 5638 conjux

2074 5710 2487 5775 interpretatur.

2146 5774 2255 5846 (l9)
2276 5777 2333 5832 In
2368 5776 2582 5830 Mcnmis
2605 5775 2804 5829 dicitur
2833 5775 3011 5846 capite
3062 5782 3340 5846 truncatus
3388 5774 3526 5843 μετὰ
3553 5776 3648 5829 τοῦ

2083 5851 2344 5922 φιλτάτου
2383 5847 2545 5902 αὑτοῦ
2581 5845 2908 5917 Ζήνωνος.ι..⁷
2930 5845 3340 5916 ἅποτμηθέντος
3372 5846 3513 5918 ξίφει
3547 5847 3658 5916 cipe
