3996 6490
376 430 484 490 (ηό
1600 414 1886 489 MENSIS
1916 419 1983 481 SI

2089 420 2206 481 .‘EM
2217 422 2387 484 BER.
3527 427 3643 492 636

380 550 498 595 erat
546 540 692 610 iuxta
719 540 945 604 fontem,
1007 554 1220 612 gregem
1286 548 1558 615 pasceret,
1613 556 1740 596 eum
1800 537 1959 591 valde

2089 535 2166 606 ’ὴν
2193 536 2303 608 πόα
2348 536 2411 590 τὺ
2457 503 2708 609 ποίμνιον
2760 538 3031 605 ἑστιῶντι,
3069 535 3240 602 ὕπνος
3284 537 3435 610 αὐτῷ
3489 539 3639 610 μάλα

381 638 723 699 Opportuuus
766 640 821 686 et
856 631 1038 685 suavis
1094 646 1324 686 somnus
1398 631 1616 696 invasit,
1668 639 1723 685 et
1771 630 1955 686 divina

2094 623 2320 697 ῦκαιρος
2355 628 2587 697 ἀφίκετο
2617 630 2714 684 καὶ
2743 628 2952 698 γλυκὺς
2982 629 3079 683 καί
3108 628 3234 698 ὄψις
3266 630 3638 699 παραγίνεται

382 723 625 791 quaedam
649 723 713 776 ad
744 738 866 776 cum
907 723 1117 778 accedit
1149 721 1307 777 visio.
1387 720 1540 776 Visio
1591 731 1774 776 autem
1828 736 1955 776 eum

382 813 555 883 magis
590 813 895 874 conﬁrmat.
938 822 991 867 et
1025 815 1072 868 ei
1111 815 1353 869 animum
1388 815 1540 869 addit
1586 815 1651 868 ad
1677 814 1955 885 pietatem.

384 902 591 957 Deinde
625 905 787 958 etiam
821 908 1025 959 revelat
1048 906 1302 976 gratiam,
1339 922 1462 976 quae
1490 907 1557 961 ad
1590 907 1771 962 locum
1839 914 1961 961 erat

384 996 619 1063 desuper
676 996 1012 1055 devolatura.
1088 998 1206 1052 Erit
1227 1002 1394 1062 enim,
1429 999 1630 1067 inquit,
1689 998 1778 1053 hic
1824 1013 1961 1068 prte-

388 1102 515 1143 sens
546 1088 699 1142 locus
729 1091 914 1144 multis
968 1091 1139 1155 utilis,
1196 1101 1252 1146 et
1304 1093 1448 1162 apud
1490 1092 1667 1162 ipsum
1729 1093 1959 1145 salutem

386 1176 690 1242 invenient,
718 1189 773 1234 et
798 1181 1174 1251 glorificabunt
1203 1183 1561 1245 ,Trinitatem.
1619 1184 1755 1238 Cum
1814 1184 1963 1238 illinc

388 1280 570 1325 autem
604 1273 933 1329 surrexisset
970 1277 1220 1346 egregius
1265 1277 1353 1330 ille
1385 1286 1592 1346 pastor,
1630 1276 1963 1331 venitPom-

388 1364 705 1434 peiopolim,
758 1375 962 1422 etcum
1004 1370 1058 1422 in
1113 1386 1175 1424 ca
1216 1370 1434 1439 quidem
1491 1370 1717 1426 vidisset
1767 1369 1963 1425 ﬂorere

388 1457 745 1528 impietatem,
784 1472 1146 1534 comtemptas
1175 1475 1355 1520 autem
1392 1451 1513 1522 esse
1557 1483 1646 1522 res
1695 1467 1961 1523 Christia-

391 1564 611 1614 norum,
639 1562 695 1606 et
722 1569 931 1608 summe
952 1556 1247 1625 neglectas,
1310 1573 1418 1611 non
1485 1559 1665 1628 potuit
1728 1559 1779 1613 id
1822 1557 1966 1615 ferre

393 1640 648 1710 placide;
690 1646 784 1700 sed
816 1661 909 1701 cor
935 1646 1080 1701 illius
1120 1658 1344 1718 repente
1377 1649 1595 1716 invasit,
1618 1649 1869 1720 impetus,
1913 1662 1968 1706 et

396 1745 518 1785 cum
548 1737 786 1790 venisset
826 1738 892 1791 ad
942 1738 1224 1808 templum,
1286 1739 1342 1793 in
1405 1755 1514 1809 quo
1563 1742 1742 1795 stabat
1804 1756 1967 1797 aurea

396 1829 597 1887 statua,
637 1826 930 1898 confringit
954 1844 1172 1883 manum
1205 1829 1325 1899 ejus
1353 1831 1632 1886 dexteram
1662 1849 1678 1897 ;
1737 1844 1792 1887 ct
1842 1850 1965 1888 cum

396 1927 516 1965 eam
549 1916 899 1980 vendidisset,
939 1921 1434 1987 succurritmultis,
1481 1924 1573 1994 qui
1626 1925 1737 1981 illic
1786 1935 1964 1992 erant,

397 2006 700 2072 egentibus.
745 2007 861 2063 Non
890 2011 1048 2067 latuit
1085 2014 1187 2068 hoc
1224 2014 1495 2076 aedituos;
1528 2017 1623 2071 sed
1674 2027 1969 2087 propterea

398 2097 543 2161 quod
575 2098 987 2168 uescirentquis
1035 2102 1276 2163 fecisset,
1349 2103 1503 2158 multi
1569 2105 1755 2158 statim
1819 2120 1971 2159 com-

400 2188 883 2254 prehendebantur
903 2191 1105 2256 miseri,
1139 2193 1229 2260 qui
1253 2192 1392 2247 nihil
1450 2195 1559 2247 tale
1614 2195 1878 2260 fecerant,
1919 2205 1975 2250 et

401 2277 796 2333 accusabantur
819 2282 1106 2353 sacrilegii,
1138 2285 1371 2353 reputati
1423 2285 1790 2341 maleﬁcorum
1851 2302 1973 2343 om—

402 2366 554 2419 nium
608 2371 1034 2439 sceleratissimi,
1076 2386 1135 2429 ut
1168 2377 1260 2445 qui
1322 2377 1569 2432 sutfurati
1625 2389 1810 2433 essent
1887 2380 1975 2435 dei

406 2458 720 2530 imaginem.
749 2462 918 2519 Nemo
952 2476 1135 2522 autem
1159 2469 1238 2523 eis
1265 2484 1423 2537 opem
1458 2469 1669 2527 ferebat
1702 2488 1717 2535 ;
1757 2472 1852 2526 sed
1881 2472 1973 2542 qui

407 2561 565 2605 erant
594 2554 746 2622 prius
767 2557 927 2612 amici
974 2574 1069 2615 eos
1118 2562 1560 2628 aversabantur;
1615 2570 1671 2618 et
1721 2565 1977 2622 custodes

407 2643 643 2698 carceris
678 2644 771 2713 (ita
803 2648 948 2702 enim
981 2652 1368 2708 existimabant
1397 2668 1456 2709 se
1488 2654 1592 2709 diis
1621 2670 1745 2711 esse
1811 2657 1978 2730 grati-

407 2732 687 2807 ﬁcaturos)
712 2739 946 2808 graviter
975 2741 1287 2816 amigebant
1336 2760 1455 2814 eos,
1520 2748 1613 2817 qui
1669 2750 1808 2820 capti
1858 2748 1979 2805 fue-

408 2836 555 2882 rant.
1134 2848 1137 2851 ’

481 2938 571 2995 111.
603 2942 913 3001 Generosus
940 2958 1122 3004 autem
1155 2949 1334 3005 Sozou
1362 2952 1534 3007 libere
1565 2953 1753 3009 volens
1818 2955 1979 3024 profi-

1996 1872 2045 1932 B

2063 717 2334 788 θειοτέρα.
2382 720 2447 772 Ἦ
2477 721 2534 775 δὲ
2550 721 2687 792 hinc
2718 721 2956 793 ῥώννυσι
2984 739 3043 774 τε
3074 721 3277 792 μᾶλλον
3309 723 3472 777 αὐτὸν
3498 724 3640 796 πρὸς

2062 810 2365 877 εὐσέϐειαν,
2389 812 2481 864 καὶ
2513 811 2714 882 θάρσος
2747 814 2974 883 ἐνίησιν.
3005 809 3141 867 Εἶτα
3173 815 3268 867 καὶ
3298 815 3460 884 χάριν
3490 815 3639 870 ἄνω-

2061 901 2155 954 θεν
2198 905 2544 974 καταπτῆναι
2594 905 2673 976 τῷ
2712 907 2863 978 τόπῳ
2913 907 3218 975 μέλλουσαν
3276 909 3635 964 ὲκκαλύπτει.

2065 993 2263 1047 Ἔσται
2293 995 2400 1066 γὰρ
2425 996 2454 1048 ὁ
2508 997 2699 1067 παρὼν
2732 994 2906 1062 οὗτος,
2944 998 3070 1070 ἔφη,
3107 1000 3270 1063 τόπος
3301 994 3517 1066 πολλοῖς
3557 1003 3640 1066 είς

2063 1085 2356 1155 ὠφέλειαν,
2406 1092 2686 1159 σωτηρίαν
2727 1107 2785 1143 τε
2829 1090 2959 1159 παρ’
2999 1090 3150 1162 αὐτῷ
3177 1092 3498 1163 εὑρήσουσι,
3532 1093 3634 1147 καὶ

2064 1177 2163 1248 τὴν
2193 1179 2400 1249 Τριάδα
2450 1180 2764 1245 δοξάζοντες
2810 1180 3049 1237 ἔσονται.
3112 1182 3356 1236 Ἐκεῖθεν
3393 1184 3578 1238 τοίνυν
3608 1186 3641 1238 δ

2039 1271 2234 1336 ,καλὸς
2262 1274 2470 1336 ἐκεῖνος
2497 1272 2703 1345 ποιμὴν
2743 1274 2986 1338 ἀναστὰς
3015 1276 3094 1339 είς
3123 1275 3223 1347 τὴν
3254 1276 3642 1346 Πομπειούπο-

2067 1361 2150 1415 λιν
2179 1358 2305 1436 ἦκε,
2353 1365 2449 1417 καὶ
2492 1365 2759 1419 ἀνθοῦντα
2811 1365 2913 1437 μὲν
2956 1367 3100 1420 οὕτω
3133 1367 3201 1420 τό.
3235 1368 3336 1439 τῆς
3383 1369 3642 1434 ἀσεϐείας

2073 1455 2197 1509 ίδὼν
2224 1458 2281 1509 ὲν
2316 1458 2474 1529 αὐτῇ,
2504 1458 2914 1529 παρεωραμένα
2940 1458 2997 1512 δὲ
3036 1462 3104 1513 τὰ
3142 1460 3513 1530 Χριστιανῶν,
3546 1463 3646 1518 καὶ

2070 1550 2152 1610 είς
2182 1547 2411 1617 ἔσχατον
2458 1549 2837 1619 ἀμελούμενα,
2878 1551 2977 1604 οὐκ
3003 1550 3247 1623 ἠδυνήθη
3295 1554 3484 1622 πράως
3512 1554 3648 1609 ὑπε-

2071 1642 2305 1707 νεγκεῖν,
2346 1639 2462 1693 ἀλλ’
2510 1643 2655 1713 ὁρμή
2698 1659 2760 1695 τε
2809 1642 2907 1713 τὴν
2942 1644 3151 1696 ἐκείνου
3199 1645 3430 1716 καρδίαν
3481 1646 3649 1711 εὐθὺς

2072 1730 2221 1797 ὀξεῖα
2254 1733 2451 1799 είσέδυ,
2492 1733 2588 1787 καὶ
2644 1734 2794 1805 παρὰ
2838 1735 2930 1790 τὶν
2967 1740 3090 1790 ναὸν
3149 1736 3279 1792 ἔνθα
3309 1738 3371 1792 τδ
3419 1739 3649 1812 ἄγαλμα

2078 1825 2324 1895 εἱστήκει
2358 1827 2420 1879 τὸ
2450 1825 2686 1896 χρυσοῦν
2735 1829 3067 1898 ἀφικόμενος
3120 1830 3220 1901 τὴν
3243 1834 3400 1902 χεῖρα
3455 1834 3649 1887 τούτου

2075 1916 2255 1982 δεξιὰν
2285 1918 2606 1988 ἁποθραύει,
2645 1924 2738 1973 καὶ
2767 1921 2933 1990 τιμῆς
2968 1922 3134 1992 αὐτὴν
3164 1924 3497 1994 ἀποδόμενος
3521 1926 3655 1980 πολ-

2074 2009 2189 2073 λοῖς
2220 2011 2432 2065 ἐκεῖθεν
2463 2012 2572 2065 τῶν
2610 2013 2806 2067 ἐνδεῶν
2837 2016 3089 2084 ἐπαρκεῖ.
3141 2016 3257 2069 Οὐκ
3289 2016 3450 2071 ἔλαθε
3491 2019 3661 2074 τοῦτο

2077 2106 2205 2167 τοὺς
2231 2107 2556 2176 νεωκόρους,
2602 2106 2718 2159 ἀλλ’
2748 2109 2943 2180 ἀγνοίᾳ
2975 2108 3069 2161 τοῦ
3110 2109 3430 2181 δράσαντος,
3463 2116 3657 2169 πολλοὶ

2080 2197 2277 2250 αὐτίκα
2326 2199 2796 2267 συνελαμϐάνοντο
2852 2200 3049 2269 ἄθλιοι,
3084 2203 3253 2273 μηδὲν
3291 2205 3503 2259 τοιοῦτο
3536 2210 3655 2279 εἰρ-

2081 2290 2371 2360 γασμένοι,
2412 2293 2502 2343 καὶ⁵
2529 2292 2837 2360 ἱεροσυλίας
2868 2293 3180 2365 ἀπῃτοῦντο
3208 2296 3363 2360 δίκας
3398 2298 3661 2354 ἁπάντων

2075 2381 2186 2435 τῶν
2210 2382 2270 2433 ὲν
2293 2380 2370 2452 τῷ
2400 2381 2759 2453 δεσμωτηρίῳ
2784 2384 3107 2455 κακούργων
3141 2386 3478 2458 μιαρώτατοι
3508 2390 3660 2460 λογιο

2081 2471 2321 2538 σθέντες,
2375 2472 2451 2536 ὡς
2513 2472 2607 2525 τοῦ
2675 2473 2798 2527 θεοῦ
2866 2476 3224 2547 σεσυληκότες
3290 2479 3351 2534 τὸ
3404 2482 3655 2553 ἄγαλμα.

2093 2563 2341 2634 Ἐϐοήθει
2368 2564 2423 2617 δὲ
2459 2564 2656 2631 οὐδεὶς,
2682 2564 2820 2618 ἀλλὰ
2854 2568 2946 2620 καὶ
2972 2570 3021 2620 οἱ
3050 2570 3192 2632 τέως
3226 2571 3434 2643 ἑταῖροι
3459 2573 3659 2638 αὐτοὺς

2080 2656 2510 2727 ἀπεστρέφοντο,
2560 2656 2656 2710 καὶ
2698 2658 2747 2710 οἱ
2787 2657 2883 2710 ἐπὶ
2939 2658 3048 2712 τῶν
3100 2660 3315 2731 δεσμῶν
3352 2662 3517 2731 (οὕτω
3549 2666 3660 2736 γὰρ

2081 2746 2250 2819 ᾤοντο
2299 2748 2622 2819 χαρίζεσθαι
2659 2748 2736 2819 τῷ
2787 2748 2919 2821 θεῷ)
2969 2750 3159 2823 βαρεῖς
3217 2758 3327 2819 τοῖς
3359 2755 3663 2811 ἑαλωκόσιν

2078 2842 2406 2909 ἐφεστῶτες.

2153 2933 2227 2988 I".
2266 2934 2335 2987 '0
2376 2952 2438 3002 γε
2490 2939 2599 3007 μὴν
2646 2941 2893 3005 γενναῖος
2941 2939 3137 3003 Σὼζων
3172 2940 3664 3012 παῤῥησιάσασθαί

412 3030 513 3083 teri
554 3032 834 3102 pietatem,
873 3046 928 3091 et
955 3053 1048 3092 cos
1087 3040 1341 3105 liberare,
1373 3042 1464 3109 qui
1522 3042 1661 3096 nihil
1734 3046 1982 3099 sciebant

2089 3043 2139 3079 τε
2156 3027 2254 3096 τὴν
2284 3028 2588 3094 εὐσέϐειαν,
2619 3033 2713 3082 καὶ
2734 3030 3006 3085 ἀπολῦσαι
3031 3031 3254 3096 τούτους
3278 3033 3478 3088 ἐθέλων
3505 3037 3668 3091 οὐδὲν

410 3135 476 3174 ex
512 3121 580 3176 iis
612 3139 731 3193 qua:
758 3127 895 3181 facta
936 3128 1171 3197 fuerant,
1224 3132 1465 3203 seipsum
1514 3134 1708 3199 defert,
1757 3137 1982 3192 veniens

2089 3117 2194 3170 τῶν
2221 3119 2606 3189 γεγενημένων
2637 3121 2866 3187 εἰδότας,
2904 3124 3303 3196 προσαγγέλλει
3337 3128 3531 3181 ἑαυτὸν
3576 3130 3668 3184 ἐλ-

414 3213 480 3267 ad
510 3215 761 3282 aedituos,
793 3228 848 3273 et
877 3220 1065 3277 dicens
1106 3238 1165 3278 se
1194 3239 1316 3278 eum
1357 3239 1499 3292 esse,
1532 3227 1621 3295 qui
1656 3226 1981 3283 maleficium

2089 3209 2196 3263 θὼν
2224 3212 2304 3274 είς
2332 3213 2460 3275 τοὺς
2484 3215 2789 3281 νεωκόρους
2832 3214 2910 3277 ὡς
2955 3219 3040 3288 εἴη
3078 3219 3380 3291 αὐτουργὸς
3418 3222 3520 3291 τῆς
3569 3224 3670 3277 ἐπὶ

413 3305 631 3360 admisit
662 3307 713 3360 in
765 3308 1072 3381 imaginem.
1121 3312 1408 3384 Postquam
1454 3327 1633 3372 autem
1679 3318 1783 3375 hoc
1829 3320 1983 3387 dixit,

414 3395 684 3452 abductus
714 3401 959 3469 protinus
998 3402 1098 3458 fuit
1131 3406 1197 3459 ad
1225 3405 1632 3462 Maximianum.
1695 3407 1811 3479 Ipse
1857 3425 1987 3465 vero

413 3488 469 3541 in
508 3489 617 3544 alto
647 3491 845 3548 sedens
884 3494 1163 3563 tribunali,
1200 3513 1324 3554 cum
1354 3515 1476 3553 eum
1503 3512 1746 3577 curasset
1785 3501 1989 3558 sisten-

413 3581 566 3646 dum,
623 3594 679 3639 et
738 3600 861 3640 cum
922 3599 1129 3658 quanto
1195 3591 1369 3661 potuit
1423 3591 1561 3647 fastu
1622 3596 1987 3665 apparuisset,

415 3674 652 3744 primum
715 3678 932 3747 quidem
983 3696 1205 3749 nomen,
1256 3683 1453 3739 deinde
1523 3686 1862 3759 religionem,
1936 3697 1994 3746 et

416 3777 694 3837 postremo
719 3772 972 3840 patriam,
1013 3788 1132 3843 qua:
1164 3788 1291 3829 eum
1329 3776 1559 3839 tulisset,
1618 3781 1845 3850 rogavit.
1897 3781 1993 3838 llle

418 3869 634 3917 autem:
667 3862 849 3919 Patria
872 3865 1090 3936 quidem
1119 3867 1253 3921 mihi
1290 3878 1375 3923 est
1404 3869 1691 3940 Lycaonia,
1730 3887 1793 3927 ea
1845 3872 1990 3929 enim

418 3969 508 4010 me
548 3955 713 4023 tulit;
747 3967 1006 4028 parentes
1047 3975 1172 4015 vero
1205 3960 1274 4015 ab
1300 3970 1423 4016 ortu
1457 3962 1587 4017 mihi
1626 3979 1827 4019 nomen
1894 3965 1996 4021 im-

420 4056 748 4115 posuerunt,
779 4049 1075 4117 Tarasius;
1113 4051 1402 4108 Sozontem
1452 4064 1629 4109 autem
1690 4057 1745 4110 in
1810 4057 1995 4115 divino

421 4149 509 4190 me
534 4149 797 4192 vocarunt
832 4139 1173 4211 baptismate.
1236 4142 1367 4197 Sum
1419 4143 1563 4197 enim
1623 4146 1993 4217 Christianus,

421 4227 693 4282 Christum
726 4229 900 4285 solum
941 4248 1134 4287 verum
1163 4231 1335 4288 Deum
1365 4234 1619 4304 adorans,
1656 4239 1747 4307 qui
1793 4243 1999 4298 creavit

419 4319 621 4374 caelum
649 4329 704 4374 et
735 4329 957 4377 terram.
994 4322 1292 4394 Cujusnam
1318 4336 1499 4380 autem
1528 4328 1605 4382 rei
1637 4344 1788 4396 usus,
1822 4331 1997 4402 inquit

423 4411 800 4478 Maximianus,
870 4425 923 4471 te
977 4417 1082 4472 huc
1138 4417 1408 4471 adduxit?
1472 4418 1734 4486 Pravsum,
1799 4423 1996 4493 inquit,

422 4503 622 4569 Sozou,
654 4507 800 4579 gregi
827 4494 1056 4565 ovium‘:
1087 4518 1141 4565 et
1185 4526 1305 4581 quae
1347 4511 1477 4566 mihi
1536 4513 1652 4568 loca
1691 4514 1902 4580 floiida,
1944 4526 1999 4571 et

423 4613 563 4669 aqua
604 4601 960 4668 abundantia,
990 4613 1046 4658 et
1101 4605 1167 4659 ad
1205 4606 1537 4675 pascendum
1586 4609 1808 4663 herbida
1867 4613 1998 4667 anui

424 4698 668 4762 tempora
697 4695 1077 4762 ostenderunt,
1124 4697 1191 4750 ad
1244 4712 1303 4759 ea
1359 4711 1459 4769 ago
1501 4716 1649 4754 oves.
1724 4700 1928 4757 Deinde
1983 4722 1996 4758 :

424 4782 709 4848 Quomodo
765 4795 969 4853 autem,
1006 4788 1183 4856 inquit
1246 4788 1621 4856 Maximianus,
1662 4806 1729 4845 eo
1783 4810 2003 4863 proces-

424 4874 539 4929 sisti
573 4877 830 4941 audaciae,
861 4886 919 4931 ut
962 4870 1354 4933 deidexteram
1387 4879 1718 4935 abstuleris?

499 4967 587 5023 1V.
620 4969 907 5039 Excipieus
951 4987 1080 5026 vero
1123 4970 1301 5026 Sozou
1338 4991 1351 5026 :
1417 4972 1572 5038 Quod
1631 4991 1737 5030 non
1780 4978 2001 5035 audaris

428 5060 644 5129 quidem
673 5062 835 5130 empti
862 5062 951 5123 sit.
1006 5063 1150 5133 quod
1180 5063 1383 5117 factum
1425 5074 1529 5129 est,
1567 5080 1746 5135 neque
1792 5068 1843 5121 id
1873 5085 2002 5138 prc-

428 5162 548 5207 cato
578 5153 774 5208 debeat
800 5155 1074 5224 imputari,
1113 5164 1238 5211 tuus
1263 5171 1497 5225 quoque.
1530 5164 1589 5210 ut
1620 5158 1748 5211 mihi
1781 5161 1999 5228 quidem

430 5247 665 5311 videtur,
708 5249 843 5303 deus
873 5258 1124 5304 testatur.
1166 5248 1353 5316 Neque
1379 5250 1522 5302 enim
1553 5264 1695 5320 aegre
1728 5250 1856 5317 fert,
1899 5268 2003 5308 nec

358 5404 367 5409 ,
431 5352 687 5411 tanquam
717 5341 914 5413 injuria
943 5341 1192 5407 allectus,
1248 5356 1438 5411 aspere
1465 5343 1765 5412 quidquam
1823 5344 2002 5413 loqui-

430 5445 537 5491 tur.
578 5436 732 5502 Quod
762 5437 807 5491 si
836 5449 938 5490 vox
969 5450 1189 5505 quoque
1218 5435 1270 5488 ei
1299 5435 1481 5503 aliqua
1510 5434 1749 5498 adesset,
1786 5437 2005 5490 videtur

432 5529 564 5584 mihi
597 5529 779 5599 potius
807 5543 904 5582 vos
937 5542 1059 5582 esse
1089 5538 1472 5590 accusaturus,
1491 5534 1545 5579 et
1573 5535 1761 5594 aperte
1817 5542 2005 5595 repre-

433 5623 727 5687 hensurus,
769 5620 913 5690 quod
937 5620 1127 5675 relicto
1161 5619 1405 5674 omnium
1439 5616 1667 5688 Opifice.
1710 5618 2003 5674 inanimam

435 5712 756 5783 suspiciati!
773 5712 1083 5776 materiam,
1121 5722 1177 5766 et
1203 5726 1324 5765 eam
1355 5711 1515 5766 deum
1556 5725 1679 5764 esse
1722 5711 2004 5765 existime-

352 5840 363 5847 .
441 5803 531 5867 tis,
562 5818 661 5858 vos
686 5805 741 5858 in
792 5804 1197 5860 benefactorem
1247 5803 1610 5857 ostendentes
1663 5803 1906 5873 ingratos
1950 5812 2004 5858 et

442 5905 806 5949 immemores.
848 5893 955 5951 Sed
994 5895 1040 5953 si
1069 5894 1172 5963 vis,
1200 5894 1376 5964 inquit
1411 5908 1629 5965 praeses,
1668 5909 1776 5950 non
1816 5895 1990 5952 solum

2087 3303 2148 3356 τὸ
2178 3304 2401 3374 ἄγαλμα
2447 3306 2650 3371 ἐκεῖνος
2688 3307 3007 3379 ἐπιϐουλῆς.
3056 3311 3145 3375 Ὠς
3188 3311 3245 3365 δὲ
3286 3313 3447 3368 τοῦτο
3484 3313 3668 3379 εἶπεν,

2089 3399 2337 3468 ἀπήγετο
2368 3398 2530 3464 εὐθὺς
2556 3400 2693 3473 πρὸς
2724 3402 2816 3455 τὸν
2846 3402 3216 3474 Μαξιμιανόν.
3254 3407 3365 3461 Καὶ
3388 3409 3554 3472 αὐτὸς
3576 3411 3669 3478 ἐφ’

2091 3487 2298 3559 ὑψηλοῦ
2331 3490 2571 3560 μάλιστα
2600 3491 2693 3544 τοῦ
2723 3491 2971 3563 βήματος
2999 3495 3363 3567 προκαθίσας,
3410 3498 3574 3552 αὐτόν
3608 3518 3673 3554 τε

2093 3580 2587 3653 παραστησάμενος
2641 3584 2736 3637 καὶ
2771 3584 2847 3649 ὡς
2889 3580 3000 3640 οἶόν
3058 3604 3118 3640 τε
3174 3588 3402 3660 σοϐαρὸς
3454 3592 3676 3661 ὀφθεὶς,

2093 3672 2286 3741 πρῶτα
2313 3674 2412 3744 μὲν
2436 3677 2535 3746 τὴν
2559 3676 2772 3747 κλῆσιν,
2799 3673 2918 3731 εἶτα
2938 3679 2998 3732 τδ
3026 3679 3215 3746 σέϐας,
3236 3680 3427 3735 ἔπειτα
3449 3687 3544 3737 καὶ
3570 3684 3680 3756 τὴν

2093 3764 2470 3836 ὲνεγκαμὲνην
2503 3768 2856 3824 ἐπυνθάνετο.
2921 3770 2982 3825 '0
3019 3771 3115 3837 δὲ,
3156 3773 3230 3826 Τὸ
3264 3774 3362 3844 μὲν
3394 3778 3490 3844 τῆς
3515 3779 3680 3843 γενέ-

2096 3873 2254 3924 σεως,
2310 3858 2438 3929 ἔφη,
2471 3859 2746 3930 Ταράσιον
2780 3861 2830 3916 οἱ
2884 3864 3134 3926 τεκόντες
3170 3865 3384 3933 ἔθεσαν,
3418 3867 3680 3928 Σώζοντα

2093 3950 2150 4004 δέ
2180 3966 2250 4021 με
2279 3951 2356 4021 τῷ
2382 3950 2513 4024 θείῳ
2559 3952 2900 4026 βαπτίσματι
2936 3958 3352 4027 μετωνόμασαν,
3392 3961 3679 4018 Λυκαονία

2074 4039 2151 4093 .δέ
2181 4056 2272 4109 μοι
2301 4043 2525 4110 πατρὶς,
2551 4040 2690 4115 αὕτη
2724 4045 2833 4115 γάρ
2857 4062 2925 4115 με
2955 4047 3050 4099 καὶ
3079 4048 3278 4117 ἤνεγκε
3299 4066 3313 4082 ο
3346 4050 3681 4121 Χριστιανὸς

2094 4130 2152 4184 δέ
2184 4134 2321 4203 είμι,
2356 4134 2594 4203 Χριστὸν
2628 4136 2793 4207 μόνον
2820 4137 2910 4192 τὸν
2947 4137 3123 4211 ἀληθῆ
3160 4141 3294 4195 Θεὸν
3328 4146 3679 4212 προσκυνῶν,

2094 4222 2153 4288 δς
2185 4224 2368 4279 ἔκτισε
2396 4225 2487 4280 τὸν
2514 4227 2748 4299 οὐρανὸν
2776 4231 2871 4282 καὶ
2890 4229 2989 4301 τὴν
3010 4232 3137 4300 γῆν.
3161 4233 3257 4297 Τίς
3281 4234 3337 4287 δὲ
3357 4235 3465 4306 ἄρα
3492 4238 3691 4307 χρείαλ

2094 4317 2441 4384 Μαξιμιανδς
2464 4318 2592 4388 ἔφη,
2625 4319 2864 4374 ἐνταῦθά
2888 4339 2945 4375 σε
2973 4323 3186 4394 ἤγαγες
3217 4327 3480 4398 ιιοίμνης,
3515 4334 3689 4400 φησὶ,¹

2099 4409 2409 4479 προϐάτων,
2430 4411 2459 4462 ὁ
2485 4409 2699 4479 Σώζων,
2720 4414 3077 4483 προΐσταμαι,
3110 4417 3200 4469 καὶ
3223 4416 3367 4489 ᾇπερ
3390 4418 3453 4472 ἂν
3477 4421 3697 4494 εὐανθῆ

2101 4499 2211 4551 τῶν
2241 4501 2478 4570 χωρίων,
2503 4503 2599 4555 καὶ
2626 4502 2846 4575 ἔνυδρα,
2871 4510 2965 4559 καὶ
2994 4507 3217 4578 χλοερὸν
3240 4511 3322 4573 εἰς
3352 4515 3523 4582 νομὴν
3552 4514 3687 4567 θάλ-

2101 4592 2262 4648 λοιτα
2298 4594 2544 4661 δείξωσιν
2595 4598 2650 4649 αἱ
2680 4590 2842 4668 ὧραι,
2876 4600 3056 4652 ἐκεῖσε
3088 4601 3152 4671 δὴ
3190 4602 3285 4655 καὶ
3324 4604 3390 4657 τὰ
3429 4605 3685 4675 πρόϐατα

2101 4689 2421 4743 εἰςελαύνω.
2451 4688 2620 4756 Εἶτα,
2682 4693 2787 4745 Καὶ
2821 4695 2936 4756 πτῦς
2967 4694 3098 4764 ἄρα,
3135 4697 3268 4764 φησὶ
3308 4697 3681 4766 Μαξεμιανὸς,

2103 4784 2182 4845 είς
2215 4782 2374 4836 τοῦτο
2402 4784 2605 4854 τόλμης
2635 4785 2942 4857 είλήλυθας,
2975 4787 3051 4851 ῶς
3088 4787 3182 4841 καὶ
3240 4790 3339 4860 τὴν
3367 4790 3545 4857 δεξιὰν
3574 4794 3686 4863 ἀφ.

2103 4872 2247 4927 ελεῑν
2280 4873 2374 4928 τοῦ
2401 4874 2525 4928 θεοῦ
2543 4892 2557 4941 ;

2174 4963 2248 5021 A'.
2291 4965 2610 5020 ’Υπολαϐὼν
2633 4965 2812 5020 τοίνυν
2835 4967 2863 5020 ό
2888 4966 3117 5031 Σὼζωνσ
3146 4968 3271 5021 Ὅτι
3305 4968 3403 5037 μὲν
3430 4971 3531 5024 οὐκ
3563 4972 3684 5028 ἔστι

2102 5062 2306 5131 τόλμης
2342 5061 2402 5113 τὺ
2433 5061 2822 5131 γεγενημένον,
2855 5060 2982 5129 ἔφη,
3023 5061 3133 5114 οὐδ’
3176 5065 3235 5116 ἐν
3281 5062 3686 5134 ἁμαρτήματος

2102 5156 2245 5225 λόγῳ
2282 5155 2425 5208 θεῖτο
2480 5155 2546 5209 ἄν
2589 5171 2675 5216 τις
2721 5153 2873 5219 αὐτὸ,
2908 5157 3003 5207 καὶ
3038 5155 3064 5206 ό
3116 5155 3228 5223 σὸς,
3279 5155 3467 5224 ἔμοιγε
3514 5156 3684 5225 δοκεῖ,

2107 5252 2229 5315 Θεὸς
2280 5249 2566 5320 μαρτυρεῖ.
2606 5243 2746 5299 Οὔτε
2796 5245 2906 5316 γὰρ
2956 5247 3199 5317 νεμεσᾷ,
3243 5245 3357 5300 οὐθ’
3397 5247 3473 5311 ὡς
3524 5266 3686 5319 περι...

2107 5343 2436 5415 υϐρισμένος
2458 5338 2631 5394 δεινὸν
2674 5339 2811 5402 ὅλως
2857 5338 3157 5407 φθέγγεται
3178 5356 3192 5372 ο
3231 5342 3279 5392 εί
3305 5342 3360 5393 δέ
3390 5358 3536 5403 τινος
3577 5344 3689 5413 ἄρα

2106 5435 2198 5487 καὶ
2239 5431 2422 5500 φωνῆς
2453 5428 2801 5499 εὐπορήσειε,
2859 5426 3011 5480 δοκεῖ
3067 5446 3159 5498 μοι
3218 5430 3420 5499 μᾶλλον
3453 5431 3518 5483 ἂν
3557 5432 3689 5501 ὑμῖν

2106 5525 2267 5586 αὐτὸς
2300 5521 2593 5588 ἐγκαλέσαι
2642 5520 2733 5573 καὶ
2780 5519 3029 5588 φανερῶς
3080 5519 3425 5590 μέμψασθαι,
3472 5522 3555 5575 ὅτι
3594 5525 3689 5576 τῂν

2108 5611 2452 5683 Δημιουργδν
2506 5610 2615 5662 τῶν
2667 5609 2805 5663 ὅλων
2839 5611 3070 5679 ἀφέντες
3130 5612 3266 5681 πρὸς
3321 5613 3423 5683 τὴν
3481 5613 3691 5685 ἄψυχον

2110 5704 2245 5775 ὕλην
2281 5704 2572 5769 ὲπτόησθε,
2605 5702 2699 5756 καὶ
2727 5702 2929 5772 ταύτην
2956 5701 3179 5774 ἡγεῖσθε
3221 5702 3367 5765 θεὸν,
3406 5705 3691 5775 ἀχάριστοι

2111 5796 2312 5869 δηλαδὴ
2346 5795 2440 5848 καὶ
2470 5795 2790 5864 ἀγνώμονες
2835 5796 2964 5866 περὶ
3015 5794 3108 5849 τὸν
3155 5794 3457 5866 εὐεργέτην
3486 5796 3696 5863 ἀναφα-

2108 5888 2314 5949 νέντες.
2364 5884 2503 5938 Ἀλλ’
2531 5885 2643 5954 εεγι
2674 5883 2873 5954 βούλει,
2906 5883 3074 5952 φησὶν
3101 5883 3130 5935 ὁ
3162 5879 3411 5952 ἡγεμὼν,
3447 5879 3524 5952 μὴ
3557 5895 3699 5949 συγ-
