3996 6428
834 335 873 344 ν

144 390 253 453 637

1302 369 1775 438 MARTYRIUM
1810 369 1873 429 Β.
1917 368 2155 433 SOZO‘N
2159 369 2303 432 TIS.

3313 365 3419 433 638

143 501 379 572 γνώμης
436 498 599 569 μόνον
647 495 852 568 τυχεῐν,
892 493 1031 549 ἀλλά
1076 508 1218 556 τινος
1278 489 1582 560 ἀξιωθῆναι
1630 487 1726 542 καὶ

1857 483 2095 553 :onsequi
2157 483 2394 548 veniam,
2458 479 2555 538 sed
2602 480 2836 553 aliquam
2890 479 3053 537 etiam
3098 493 3422 555 remunera-

148 591 415 665 ἀμοιϐῆς,
450 590 561 665 τῷν
595 588 779 660 λήρων
813 586 1019 643 τούτων
1058 585 1352 657 ἀφέμενος,
1388 582 1585 647 σῶσον,
1619 578 1736 634 Σώα-

146 688 278 751 ζων,
303 680 564 748 σεαυτὸν,
585 681 682 735 καὶ
706 677 1023 751 προσελθὼν
1044 677 1206 731 θῦσον
1226 676 1338 740 τοῖς
1359 674 1525 739 θεοῖς.
1559 671 1619 727 Ὀ
1642 671 1701 725 δέ
1716 686 1732 702 ο

144 778 255 833 Καί
275 776 402 841 πῶς
428 775 493 829 οὐ
524 771 723 845 μακρῷ
750 771 846 826 καὶ
879 769 1047 825 αὑτοῦ
1079 786 1142 840 γε
1174 770 1241 824 ἂν
1271 769 1394 840 εἵην
1414 765 1736 837 ἀναισθητό-

144 887 307 943 τερος
348 866 449 923 τοῦ
479 865 750 937 ὑμετέρου
793 863 940 933 θεοῦ,
979 864 1109 935 ἔφη,
1145 860 1313 916 τοῦτο
1342 860 1512 932 τιμᾷν
1545 859 1738 929 ἑλόμε-

148 979 254 1028 νκ³
279 961 345 1025 ὃς
370 959 495 1014 οὐδὲ
516 958 679 1022 αὐτὸς
704 956 951 1027 πάσχωνν
977 956 1208 1026 ἀμύνειν
1224 952 1335 1018 οἷός
1358 971 1417 1008 τε
1436 949 1507 1026 ἦν
1531 951 1733 1024 ἑαυτῷ,

149 1054 268 1110 οὓδὶ
299 1056 493 1125 φωνήν
519 1069 645 1107 τινα
674 1049 960 1122 προέσθαι,
988 1050 1109 1105 οὐδὲ
1134 1046 1362 1102 καλέσαι
1381 1047 1508 1111 τοὺς
1535 1046 1735 1118 βοηθὴ-

153 1165 372 1212 σοντας,
406 1146 532 1200 οὐδὲ
564 1184 580 1209 ,
616 1144 679 1199 τδ
711 1145 931 1199 πάντων
964 1142 1097 1212 γοῦν
1124 1140 1479 1204 ἀθλιώτατον,
1516 1135 1605 1194 οἷα
1631 1139 1739 1193 πά-

156 1241 236 1293 θοι
259 1235 784 1308 διαμαρτύρασθαι;
821 1236 964 1307 Ὦρα
982 1234 1113 1305 γοῦν
1146 1250 1230 1287 σοι
1257 1232 1485 1288 τοιαῦτα
1504 1230 1735 1302 τιμῶντι

161 1327 246 1379 καὶ
274 1324 540 1379 πλάττειν
567 1322 808 1395 ἑκάστης
840 1324 1057 1396 ἡμέρας
1074 1322 1272 1395 ,θεοὺς,
1303 1322 1396 1377 καὶ
1427 1321 1737 1393 μεταπλάτ-

160 1434 266 1470 τειν
291 1415 514 1481 ἄλλους,
555 1416 612 1470 ὲν
649 1418 717 1488 τῇ
743 1416 852 1471 τῶν
883 1419 1082 1499 χειρῶν
1124 1416 1292 1490 τέχνῃ
1333 1416 1433 1488 τὴν
1476 1416 1741 1488 δημιουρ-

160 1511 278 1579 γίαν
312 1510 430 1564 τῶν
456 1509 597 1564 θεῶν
623 1508 918 1580 τιθεμένῳ.

226 1606 305 1657 E’.
345 1603 576 1692 Τούτοις
624 1603 828 1674 θερμὸν
864 1602 1027 1668 ζέσας
1053 1603 1081 1654 6
1121 1604 1467 1674 Μαξιμιανὸς
1512 1604 1741 1671 πικραῖς

159 1700 246 1751 τὸν
271 1697 533 1767 μάρτυρα
570 1695 912 1768 παραδίδωσι
941 1694 1256 1766 τιμωρίαις,
1288 1695 1384 1750 καὶ
1408 1696 1602 1768 πρῶτα
1639 1696 1741 1765 μὲν

162 1788 402 1859 σιδηροῖς
427 1785 578 1849 δνυξι
608 1786 889 1851 διαξαινει.
931 1787 1157 1859 Ἐπειδὴ
1182 1787 1241 1841 δὲ
1282 1782 1470 1859 ιΓμὲν
1505 1788 1739 1859 βάσανος

162 1879 253 1931 καὶ
280 1878 395 1931 τῶν
420 1877 628 1930 ὀστέων
658 1879 838 1932 αὐτῶν
871 1879 1201 1944 καθικνεῖτο,
1252 1882 1280 1934 6
1337 1880 1394 1934 δὲ
1446 1880 1739 1952 σύμμαχον

164 1970 367 2041 ἀγαθὸν
391 1960 451 2025 τδ
490 1970 646 2025 Θεϊον
686 1972 893 2040 ἐκάλει,
934 1974 1029 2029 καὶ
1071 1974 1323 2049 καθάπερ
1357 1975 1465 2029 ἀπὸ
1515 1975 1737 2046 σιδήρου

165 2064 529 2133 συγκείμενον
581 2062 725 2133 ἔχων
769 2063 834 2117 τὸ
871 2064 1055 2134 σῶμα,
1108 2064 1251 2118 οὕτω
1299 2065 1521 2133 κούφως
1575 2064 1740 2136 ἔφερε

165 2152 256 2205 καὶ
282 2150 399 2205 τῶν
430 2151 668 2217 ζεόντων
696 2153 1077 2223 ἀπαθέστερος
1105 2149 1196 2226 ἦν,
1233 2155 1323 2224 ἐφ’
1352 2155 1517 2226 ἕτερα
1559 2155 1742 2219 Mair.-

176 2245 364 2314 μιανὺς
389 2245 555 2299 πάλιν
581 2246 861 2317 ἐτρέπετο,
886 2247 983 2301 καὶ
1011 2246 1356 2319 ὑποδήμασιν
1384 2248 1536 2319 ἥλοις
1561 2247 1743 2314 δξεσιν

172 2336 624 2407 ζμπεπαρμένοις
653 2337 745 2392 τὸν
764 2336 1003 2408 ἀθλητὴν
1036 2338 1244 2402 ὑποδεῖ,
1280 2339 1372 2393 καὶ¹
1394 2340 1606 2403 τούτοις
1638 2340 1741 2408 έμ-

168 2430 498 2499 περιπατεῖν
549 2426 714 2483 αὐτδν
770 2429 1094 2498 ἀναγκάζει.
1138 2431 1198 2484 Ὀ
1249 2430 1306 2485 δὲ
1348 2431 1425 2494 ὡς
1473 2431 1567 2484 ἐπὶ
1619 2431 1745 2503 ῥόδα

171 2520 372 2589 μᾶλλον
395 2519 613 2592 ἔτρεχε,
649 2524 746 2575 καὶ
768 2520 980 2593 ῥύακας
1008 2521 1152 2594 ὀρῶν
1179 2523 1407 2593 αἵματος
1432 2523 1540 2576 τῶν
1570 2522 1748 2577 ποδῶν

170 2609 478 2676 κατιόντας,
536 2611 917 2684 περιῤῥεϊσθαί
942 2630 1052 2667 τινι
1082 2614 1194 2669 τῶν
1222 2615 1396 2685 ἡδέων
1429 2615 1626 2680 ἐδόκει,
1651 2616 1747 2670 καὶ

171 2704 292 2765 τοὺς
320 2701 419 2756 τοῦ
441 2703 715 2774 τυράννου
741 2707 836 2758 καὶ
859 2704 970 2759 τῶν
996 2706 1379 2777 περιεστώτων
1403 2706 1751 2777 χλευασμοὺς

175 2795 449 2866 εὐφημίαν
473 2797 684 2864 ἠγεῖτο.
716 2798 826 2852 Καὶ
858 2797 1260 2864 ἐκαλλωπίζετο
1290 2799 1462 2873 ταύτῃ
1493 2798 1696 2871 μᾶλλον
1720 2801 1749 2854 ό

175 2885 416 2959 ἀθλητὴς
451 2887 487 2958 ἢ
513 2891 579 2960 τῇ
608 2888 843 2961 χλαμύδι
879 2892 1091 2955 ἐκεῖνος
1115 2891 1213 2945 τοῦ
1252 2893 1587 2962 ἀξιώματος.
1616 2889 1748 2947 Εἶτα

178 2982 710 3053 κατειρωνευόμενος
788 2982 955 3039 αὐτοῦ
1028 2985 1408 3055 Μαξιμιανόςο
1479 2984 1747 3056 Αὖλησον,

180 3074 331 3145 φησὶ,
378 3073 604 3142 Σώζων,
647 3075 839 3144 αὔριον
884 3076 1136 3148 ἐξιούσης
1167 3078 1271 3148 τῆς
1307 3073 1551 3149 μεγάλης
1594 3078 1746 3146 θεᾶς,

1835 574 2063 641 tionem,
2092 575 2276 632 missis
2314 574 2401 632 his
2447 573 2627 646 nugis,
2659 590 2815 630 serva
2856 581 2910 629 te
2967 573 3169 644 ipsum,
3214 573 3418 639 Sozon,

1837 676 1893 724 et
1939 668 2213 724 accedens
2263 667 2373 723 diis
2415 666 2685 723 sacriﬁca.
2736 667 2807 721 Et
2865 663 3157 735 quomodo,
3213 663 3419 734 inquit,

1835 773 1946 815 non
1988 774 2167 815 essem
2203 760 2291 815 vel
2332 758 2453 829 ipso
2497 766 2684 813 vestro
2712 756 2816 811 deo
2851 756 3037 811 minus
3068 770 3235 810 sensu
3275 769 3420 824 prae-

1836 851 2006 919 ditus,
2044 852 2088 908 si
2156 868 2279 908 eum
2345 860 2642 907 statuerem
2672 850 2874 917 colere,
2901 848 2994 919 qui
3023 863 3125 903 nec
3155 848 3200 902 si
3239 848 3289 902 ei
3326 846 3423 901 alio

1836 945 1969 1018 quid
1998 945 2113 1012 ﬁat,
2146 961 2207 1001 se
2252 952 2435 1016 potest
2486 944 2805 1009 defendere,
2862 957 3037 1012 neque
3088 955 3275 995 vocem
3319 938 3422 992 ali-

1836 1056 2001 1111 quam
2046 1041 2322 1104 emittere,
2358 1052 2540 1107 neque
2584 1051 2783 1092 vocare
2818 1049 2914 1090 eos
2952 1033 3046 1103 qui
3088 1032 3200 1086 sint
3262 1044 3421 1100 opem

1836 1132 2022 1198 laturi,
2052 1147 2254 1201 neque,
2293 1130 2440 1201 quod
2480 1138 2564 1184 est
2600 1127 2844 1183 omnium
2868 1125 3259 1186 miserrimum,
3286 1136 3445 1190 qna-'

1838 1224 1908 1280 lia
1940 1224 2211 1295 patiatur,
2279 1220 2611 1293 protestari?
2650 1219 2745 1274 Est
2780 1218 2961 1286 itaque
3018 1215 3071 1269 in
3116 1223 3208 1268 tua
3262 1220 3422 1282 pote-

1844 1325 2008 1381 state,
2040 1318 2131 1387 qui
2162 1316 2279 1370 hazc
2302 1313 2455 1379 colis,
2478 1312 2611 1368 deos
2638 1309 2883 1381 quotidie
2936 1307 3163 1377 ﬁngere,
3190 1314 3245 1360 et
3288 1302 3425 1356 alios

1841 1419 2031 1459 rursus
2056 1403 2342 1474 reﬁngere,
2371 1416 2495 1456 cum
2524 1400 2578 1454 in
2618 1407 2736 1457 arte
2761 1410 3021 1453 manuum
3078 1406 3251 1464 ponas
3293 1389 3426 1445 deo-

1841 1513 1963 1552 rum
1997 1496 2439 1553 fabricationem.

1917 1610 1984 1665 V.
2018 1610 2399 1671 Maximianus,
2427 1622 2551 1662 cum
2587 1606 2675 1661 liis
2695 1605 2745 1660 ei
2789 1600 3144 1658 cﬂ'erbuisset
3177 1597 3421 1658 animus,

1843 1705 2014 1760 tradit
2065 1715 2359 1774 martyrem
2407 1700 2666 1771 gravibus
2709 1706 2763 1753 ct
2809 1694 3022 1752 acerbis
3070 1690 3424 1747 cruciatibus.

1774 1830 1812 1882 Β
1845 1797 1912 1853 Et
1943 1797 2181 1867 primum
2216 1795 2434 1865 quidem
2461 1792 2655 1847 ferreis
2709 1804 2835 1844 eum
2900 1787 3070 1841 laniat
3130 1780 3424 1853 unguibus.

1842 1889 2106 1956 Quoniam
2135 1898 2314 1943 autem
2374 1885 2577 1949 Sozon,
2644 1882 2748 1938 etsi
2799 1886 3130 1935 tormentum
3204 1872 3426 1944 quidem

1841 1983 1908 2038 ad
1948 1983 2062 2054 ipsa
2102 1995 2275 2051 usque
2331 1995 2454 2033 ossa
2502 1974 2849 2048 pervadebat,
2906 1970 2999 2024 Dei
3035 1978 3213 2022 tamen
3272 1963 3427 2018 invo-

1841 2090 1974 2132 cans
2023 2072 2309 2138 auxilium,
2366 2070 2440 2125 ita
2495 2067 2703 2124 ferebat
2778 2063 2994 2127 leviter,
3039 2068 3100 2114 ut
3151 2056 3430 2111 videretur

1844 2167 2045 2223 habere
2082 2178 2283 2233 corpus
2314 2177 2380 2216 ex
2412 2160 2562 2215 ferro
2620 2154 3024 2226 compositum;
3087 2146 3431 2204 convertitur

1845 2273 2038 2315 rursus
2077 2256 2145 2310 ad
2175 2256 2278 2310 alia
2321 2252 2705 2315 Maximianus,
2738 2256 2795 2303 et
2820 2244 3018 2302 calceis
3040 2242 3218 2297 acutis
3258 2237 3430 2294 clavis

1844 2347 2077 2405 conﬁxis
2105 2346 2283 2402 induit
2309 2344 2592 2409 athletam,
2625 2352 2677 2397 et
2746 2355 2871 2396 cum
2910 2337 3042 2408 ipsis
3102 2349 3228 2389 eum
3286 2330 3432 2402 cogit

1845 2440 2147 2496 ambulare.
2199 2436 2295 2491 ille
2349 2442 2533 2490 autem
2590 2432 2869 2494 currebat,
2925 2437 3181 2497 tanquam
3268 2436 3434 2492 super

1846 2549 2000 2590 rosas
2038 2529 2331 2594 incedens;
2368 2540 2422 2582 et
2463 2525 2657 2579 videns
2691 2522 2839 2576 rivos
2866 2516 3153 2589 sanguinis
3204 2513 3434 2568 desccn—

1848 2626 2044 2682 dentes
2071 2637 2137 2677 ex
2173 2620 2426 2693 pedibus,
2459 2616 2746 2672 videbatur
2780 2611 3042 2668 suavibus
3107 2606 3270 2661 rebus
3325 2603 3433 2657 cir-

1848 2715 2189 2780 cumﬂuere;
2220 2711 2544 2785 tyrannique
2585 2717 2640 2762 et
2667 2720 2854 2761 eorum
2877 2698 3430 2771 quicircumstabant,

1851 2809 2140 2865 irrisiones
2188 2803 2424 2860 ducebat
2471 2815 2593 2855 esse
2654 2795 3070 2859 laudationem;
3137 2800 3191 2847 et
3245 2804 3308 2843 ca
3374 2801 3435 2841 re

1851 2900 2024 2971 magis
2054 2896 2385 2970 gloriabatur
2406 2892 2630 2957 athleta,
2659 2904 2820 2961 quam
2850 2887 2940 2942 ille
2956 2884 3238 2956 chlamyde
3260 2880 3435 2950 digni-

1855 2970 2001 3047 tatis.
2062 2987 2271 3043 Deinde
2317 3000 2442 3039 eum
2474 2981 2711 3037 illudens
2763 2977 3122 3033 Maximianus
3178 2989 3195 3026 :
3255 2970 3434 3035 Tibia,

1855 3082 2052 3153 inquit,
2088 3093 2244 3144 cane,
2278 3079 2481 3141 Sozon,
2530 3088 2654 3130 cras
2706 3085 2900 3143 magna
2932 3065 3263 3139 procedente
3311 3061 3434 3123 dea,

182 3167 269 3221 καὶ
294 3166 468 3239 αὐτὴν
490 3168 708 3237 ἐκείνην
749 3167 975 3240 ὄμνυμι,
1037 3170 1216 3242 πάσης
1263 3170 1495 3243 εὐθύνης
1542 3171 1744 3226 αὐτίκα

1861 3181 1916 3228 et
1932 3151 2037 3243 per
2072 3171 2217 3226 illam
2245 3169 2422 3240 ipsam
2450 3166 2600 3238 juro,
2637 3161 2784 3234 quod
2832 3160 2902 3216 ab
2958 3156 3107 3214 omni
3157 3151 3439 3209 examina-

182 3259 272 3314 καὶ
314 3261 598 3332 τιμωρίας
632 3261 963 3336 ἀπολελύσῃ.
1003 3263 1116 3317 Καὶ
1169 3265 1197 3317 6
1232 3263 1476 3334 μάρτυς·
1523 3264 1597 3318 Σὺ
1648 3263 1750 3335 μὲν

182 3351 523 3422 καταγελῶν,
584 3353 711 3424 ἔφη,
764 3356 861 3409 καὶ
891 3354 1196 3420 διαπαίζων
1227 3357 1375 3425 ἡμᾶς
1408 3355 1480 3410 τὰ
1524 3355 1754 3410 τοιαῦτα

182 3443 418 3516 φθέγγῃ,
470 3443 565 3498 τοῦ
628 3444 998 3515 συμπνέοντός
1059 3461 1143 3499 σοι
1208 3444 1450 3515 πονηροῦ
1502 3445 1758 3517 δαίμονος

179 3538 350 3593 ταῦτα
382 3538 510 3593 καθ’
537 3539 571 3610 ή
579 3537 699 3609 μῶν
731 3536 1193 3610 ὑποϐεϐληκότος.
1242 3536 1385 3608 Ἐγὼ
1408 3538 1468 3594 δὲ
1497 3542 1592 3593 καὶ
1620 3539 1759 3609 πρό-

181 3647 335 3701 τερον
366 3628 470 3700 μὲν
495 3627 560 3683 τὸ
596 3627 761 3684 καλὸν
785 3627 999 3700 ηὖλησα
1038 3628 1119 3693 είς
1151 3628 1347 3700 ἀγρὸν,
1383 3630 1634 3698 συνάγων
1663 3628 1760 3683 καὶ

180 3721 471 3777 ἀνακαλῶν
502 3722 572 3776 τὰ
612 3721 723 3793 ἐμὰ
769 3720 1052 3793 πρόϐατα·
1084 3723 1179 3776 καὶ
1201 3720 1296 3775 νῦν
1321 3721 1379 3776 δὲ
1403 3721 1513 3794 ᾄδω
1538 3721 1614 3791 τῷ
1647 3722 1757 3775 Ku-

186 3811 285 3881 ρίιρ
340 3828 448 3881 μου
497 3806 651 3883 ᾆσμα
705 3810 913 3873 καινὸν,
972 3809 1464 3879 εὐαγγελιζόμενος
1526 3810 1662 3864 πᾶσι
1697 3811 1759 3865 τδ

184 3905 372 3958 τούτου
404 3904 700 3974 σωτήριον.
744 3903 806 3956 Ἢ
824 3903 880 3956 δὲ
897 3901 963 3973 σὴ
989 3900 1109 3964 θεὸς
1142 3899 1263 3963 ὄνος
1290 3900 1356 3953 ἂν
1392 3902 1475 3971 εἴη
1509 3904 1751 3970 πάν;ως,

185 3997 243 4049 τὸ
263 3995 358 4050 τοῦ
387 3995 574 4065 λόγου,
604 3994 740 4068 πρὸς
761 3994 854 4049 τὸν
884 3993 1067 4058 αὐλὸν,
1096 3991 1303 4063 ἄψυχός
1322 4009 1381 4046 τε
1398 3988 1536 4049 οὖσα
1564 4011 1764 4048 παντε-

186 4090 289 4156 λῶς
319 4092 418 4146 καὶ
452 4088 804 4158 ἀναίσθητος.

252 4187 344 4253 ς’,
379 4184 528 4256 Πρὸς
578 4185 753 4238 ταῦτα
805 4182 970 4239 πλέον
1020 4185 1051 4240 6
1086 4182 1429 4255 Μαξιμιανδς
1474 4180 1556 4254 τῷ
1605 4181 1763 4254 θυμῷ

190 4278 306 4332 κατ’
346 4277 517 4332 αὑτοῦ
548 4277 913 4344 διανίσταται,
952 4276 1048 4331 καὶ
1080 4276 1447 4348 σφοδροτέρας
1478 4273 1628 4345 αύτῷ
1657 4275 1763 4346 μά-

190 4387 379 4441 στιγας
418 4371 529 4425 τῶν
558 4371 844 4441 προτέρων
867 4368 1086 4440 ἐπάγει,
1121 4370 1188 4424 ἵν’
1216 4368 1383 4431 οὕτω,
1413 4371 1600 4439 φησιν,
1634 4370 1766 4422 ἀνα-

194 4460 461 4533 μοχλευθῇ
499 4459 601 4530 μὲν
635 4459 784 4530 αὐτῷ
805 4458 873 4513 τὰ
914 4458 1119 4530 ἄρθρα,
1154 4458 1439 4531 παρεθῶσι
1482 4458 1537 4511 δὲ
1571 4458 1662 4511 καὶ
1707 4459 1762 4512 αἱ

190 4554 468 4624 ἁρμονίαι,
498 4553 593 4608 καὶ
630 4552 867 4624 διαρῤυῇ
908 4551 976 4605 τά
1009 4550 1217 4620 ἔγκατα
1249 4550 1382 4604 ὡσεὶ
1426 4548 1593 4622 ὕδωρ.
1629 4546 1761 4604 Εἶτα

189 4647 279 4700 καὶ
308 4645 425 4715 πῦρ
461 4643 697 4715 ἀνάφας,
739 4645 795 4697 εί
815 4662 866 4699 τι
897 4644 1008 4698 τῶν
1041 4641 1220 4714 μελῶν
1249 4641 1626 4711 ὑπολειφθείη,
1670 4660 1769 4696 κα-

188 4738 488 4792 τακαύσειν
531 4738 627 4791 καὶ
669 4735 833 4791 τοῦτο
857 4736 1099 4809 ἠπείλει,
1141 4737 1217 4799 ὼς
1249 4736 1315 4790 ἂν
1346 4736 1481 4808 μηδὲ
1513 4736 1612 4805 τῆς
1648 4752 1768 4789 κοι-

188 4835 283 4901 νῆς
326 4833 589 4885 ἁπάντων
624 4829 781 4900 τύχοι
829 4830 1027 4900 ταφῆς.
1086 4828 1433 4897 Μαξιμιανὸς
1487 4823 1583 4881 οὖν
1624 4825 1771 4881 οὕτω

189 4924 667 4997 πρεσκεύασατο,
691 4924 785 4976 καὶ
832 4923 1006 4986 οὕτως
1043 4922 1248 4974 ἐποίει·
1292 4922 1385 4974 καὶ
1414 4918 1491 4992 τῷ
1525 4921 1767 4992 μάρτυρι

193 5018 286 5089 μὲν
317 5019 375 5072 αἱ
410 5017 618 5087 σάρκες
645 5017 764 5079 ταῖς
793 5016 1031 5084 πληγαῖς
1064 5013 1432 5077 διεκόπτοντο,
1468 5016 1564 5066 καὶ
1605 5014 1637 5082 ἡ
1681 5011 1769 5064 ἐν·

189 5110 275 5165 δον
300 5108 610 5180 ὲγυμνοῦτο
658 5108 970 5170 διάπλασις.
1020 5108 1079 5160 '0
1123 5106 1179 5158 δὲ
1208 5104 1400 5176 ὥσπερ
1447 5107 1506 5158 έν
1538 5104 1770 5175 λειμῶνι

191 5202 399 5274 χλοερῷ
461 5200 792 5271 διατρὲὅων,
840 5202 936 5253 καὶ
994 5200 1180 5269 ἡρέμα
1228 5198 1568 5269 δρεπόμενος
1601 5198 1762 5269 ἄνθη,

196 5294 333 5349 οὕτω
363 5293 624 5359 διέκειτο,
656 5293 750 5348 καὶ
789 5291 995 5366 χαίρων
1037 5290 1329 5345 ἀποδίδωσι
1359 5289 1457 5361 τὴν
1486 5289 1664 5362 ψυχὴν
1694 5289 1773 5361 τῷ

192 5386 329 5457 Θεῷ.

263 5479 340 5533 Z'.
381 5478 474 5531 Ὧς
500 5475 559 5531 δὲ
580 5475 676 5529 καὶ
710 5476 744 5546 ἡ
769 5472 905 5544 φλὸξ
931 5474 1025 5527 ἐπὶ
1051 5474 1194 5545 μέγα
1225 5473 1389 5544 ἤρετο
1411 5473 1536 5544 ήδη,
1571 5472 1771 5546 βροντὴ

201 5568 400 5624 ἄνωθεν
447 5567 728 5639 φρικῶδές
771 5584 826 5620 τι
868 5569 963 5620 καὶ
995 5566 1225 5636 φοϐερὸν
1270 5565 1628 5637 ἁπηχήσασα,
1679 5568 1772 5622 καὶ

203 5664 364 5717 πολὺν
398 5660 610 5732 ὄμϐρον
657 5661 754 5714 καὶ
801 5658 1048 5730 χάλαζαν
1091 5657 1630 5727 συγκατενεγκοῦσα,
1665 5660 1773 5713 διε-

206 5757 431 5809 σκέδασε
462 5753 563 5822 μὲν
590 5753 720 5816 τοὺς
750 5749 979 5823 δημίους
1018 5753 1114 5805 καὶ
1148 5751 1214 5803 ἐκ
1252 5749 1417 5822 μέσου
1448 5750 1769 5822 πεποίηκεν.

206 5844 267 5907 {li
293 5848 351 5901 δὲ
382 5847 785 5914 φιλομάρτυρες
842 5844 935 5899 καὶ
971 5841 1210 5913 μάλιστα
1253 5841 1456 5898 τούτων
1506 5842 1555 5897 oi
1592 5860 1756 5898 σπου-

1858 3266 2006 3322 tione
2043 3270 2100 3319 et
2123 3260 2369 3317 cruciatu
2395 3257 2579 3312 statim
2611 3249 2950 3309 liberaberis.
2981 3245 3183 3317 Martyr
3212 3251 3393 3296 autem
3423 3255 3438 3292 :

1858 3357 1940 3412 Tu
1970 3370 2080 3423 me,
2109 3351 2308 3424 inquit,
2343 3349 2580 3405 irridens
2620 3345 2743 3401 haec
2790 3341 3054 3411 loqueris,
3085 3352 3151 3392 ea
3199 3332 3443 3404 maligno

1860 3644 1993 3703 gans
2021 3638 2078 3683 et
2105 3638 2371 3681 revocans
2407 3634 2557 3676 meas
2585 3631 2738 3680 oves,
2771 3620 2828 3669 et
2854 3625 3003 3667 nunc
3032 3620 3252 3677 quoque
3301 3615 3443 3657 cano

1861 3692 2092 3775 homino
2125 3729 2248 3772 meo
2280 3711 2555 3769 canticum
2591 3720 2818 3768 novum,
2851 3702 2972 3773 ejus
2991 3699 3229 3755 salutare
3263 3692 3443 3750 omni-

1860 3813 1963 3868 bus
1993 3808 2349 3866 annuntians.
2381 3803 2499 3859 Tua
2531 3809 2712 3855 autem
2755 3797 2857 3853 dea
2878 3794 3042 3850 fuerit
3083 3790 3330 3854 omnino,
3380 3793 3441 3840 ut

1863 3912 1948 3962 est
1982 3904 2039 3959 in
2076 3899 2388 3975 proverbio,
2424 3897 2612 3952 asinus
2633 3893 2699 3949 ad
2727 3891 2937 3955 tibiam,
2970 3896 3164 3956 utquae
3180 3882 3252 3939 sit
3282 3880 3440 3953 plane

1864 3996 2129 4063 inanima,
2164 4001 2220 4049 et
2249 3991 2402 4046 nullo
2435 4002 2606 4045 sensu
2635 3983 2885 4058 praedita.

1938 4201 2028 4256 Vl.
2052 4198 2148 4255 llis
2183 4192 2544 4251 Maximianus
2582 4186 2756 4257 magis
2802 4182 2859 4238 in
2884 4193 3011 4237 eum
3062 4176 3330 4240 irritatur,
3388 4179 3447 4227 et

1867 4282 2594 4363 prioribusvehementiores
2616 4276 2666 4332 ei
2693 4274 2882 4346 plagas
2904 4265 3190 4339 imponit:
3254 4272 3316 4317 ut
3365 4260 3448 4317 sic

1870 4355 2088 4453 quidem
2114 4378 2163 4434 ei
2192 4382 2539 4431 moverentur
2585 4365 2824 4428 articuli,
2897 4370 2953 4415 et
3003 4355 3447 4414 dissolverentur

1871 4447 2181 4544 compages,
2212 4476 2268 4525 et
2321 4463 2579 4522 intestina
2619 4468 2881 4527 tanquam
2909 4467 3052 4523 aqua
3111 4447 3443 4504 diiiluerent.

1872 4537 2426 4631 Deiri-de'cumiguem
2455 4556 2621 4610 etiam
2655 4547 3020 4611 accendisset,
3060 4543 3106 4599 si
3129 4539 3275 4611 quod
3312 4537 3448 4592 reli-

1869 4671 2039 4729 quum
2066 4659 2212 4709 esset
2267 4628 2596 4706 membrum,
2655 4640 2712 4695 id
2762 4650 2981 4708 quoque
3017 4648 3077 4688 se
3134 4628 3450 4685 minabatur

1871 4726 2308 4805 combusturum,
2339 4745 2401 4792 ut
2437 4730 2768 4802 neaquidcm
2809 4726 3060 4783 omnium
3092 4730 3448 4777 communem

1870 4842 2253 4907 assequeretur
2288 4828 2645 4898 sepulturam.
2683 4819 2776 4874 Sic
2803 4831 2934 4888 ergo
2967 4831 3027 4870 se
3060 4812 3292 4885 parabat
3334 4807 3450 4863 Ma-

1869 4906 2162 4988 ximianus,
2195 4932 2251 4979 et
2278 4923 2357 4977 sic
2374 4918 2610 4974 faciebat
2644 4933 2658 4969 :
2687 4923 2744 4969 et
2765 4909 2986 4980 martyri
3008 4906 3230 4977 quidem
3256 4915 3451 4958 carnes

1870 5022 2041 5098 plagis
2062 5017 2430 5076 laniabantur,
2455 5018 2509 5065 et
2538 5008 2750 5063 interna
2782 5001 3169 5073 aperiebantur
3200 4996 3444 5059 viscera;

1873 5091 1986 5170 ille'
2012 5119 2196 5165 autem
2248 5116 2505 5172 tanquam
2542 5099 2596 5153 in
2625 5096 2853 5152 herbido
2881 5101 3038 5163 prato
3081 5102 3331 5153 versans,
3396 5091 3452 5139 et

1874 5216 2073 5261 vernos
2100 5198 2262 5253 ﬂores
2290 5195 2612 5263 decerpens,
2642 5198 2759 5244 erat
2780 5185 3030 5248 aﬂ‘ectus,
3064 5190 3122 5238 et
3153 5179 3313 5235 laetus
3338 5175 3451 5231 Deo

1874 5292 2055 5351 reddit
2080 5290 2344 5346 animam.

1944 5468 2060 5529 Vll.
2089 5470 2224 5528 Cum
2252 5477 2434 5526 autem
2459 5460 2571 5532 iam
2600 5460 2814 5517 ﬂamma
2848 5458 2900 5510 ia
2932 5456 3099 5510 altum
3135 5457 3281 5507 esset
3322 5447 3455 5504 sub-
3560 5441 3565 5447 ”

1875 5569 2008 5631 lata,
2038 5564 2284 5621 terribile
2334 5555 2742 5616 ethorrendum
2767 5551 2969 5607 tonitru
2996 5558 3286 5606 resonans,
3311 5542 3454 5595 mul-

1878 5668 2105 5729 tumque
2151 5656 2382 5710 imbrem
2433 5658 2491 5705 et
2563 5645 2883 5719 grandinem
2940 5641 3105 5695 simul
3165 5632 3454 5704 dejiciens,
3530 5662 3533 5663 ν

1882 5752 2106 5808 lictores
2137 5748 2358 5818 quidem
2393 5742 2606 5814 depulit
2633 5748 2689 5796 et
2724 5735 3018 5808 dispersit;
3058 5729 3217 5787 amici
3270 5734 3455 5782 autem

1881 5853 2202 5907 martyrum,
2229 5849 2282 5895 et
2311 5835 2546 5893 maxime
2610 5833 2646 5889 ii
2699 5831 2792 5903 qui
2849 5833 3006 5885 erant
3063 5819 3452 5896 diligentiores,
