3996 6432
183 365 286 430 641

1301 365 1767 427 MARTYRlUM
1809 365 1850 426 S
1911 365 2353 430 SEVERIANI.

3345 375 3452 440 fit!

252 475 327 532 ιδ’.
373 473 438 529 Ἢ
469 473 522 526 δὲ
549 474 638 526 τ’ιῦ
665 474 858 540 διυκδς
893 474 1038 548 ἀκοὴ
1091 474 1307 544 ὶδέχετο
1334 478 1404 528 τὰ
1427 476 1774 544 προσαγγελ-

1952 477 2019 534 ιι.
2053 477 2184 544 Quae
2223 495 2354 534 vero
2387 480 2800 546 nuntiabantur,
2856 483 2965 538 dux
3007 484 3198 552 audiit,
3256 486 3453 556 partim

178 570 410 638 λόμρνα.
447 567 608 620 τοῦτο
641 567 740 637 μὲν
771 567 1034 637 ὴδομένη,
1058 565 1292 620 τοῦτοδὲ
1321 566 1417 619 καὶ
1441 567 1578 636 πρὸς
1604 567 1774 636 ὀργὴν

177 661 347 722 εὐθὺς
403 658 790 729 ἐρεθιζομένη.
851 659 1050 713 Ἥόετο
1114 657 1344 729 μὲνγὰρ
1373 653 1453 720 οἷς
1486 661 1578 710 xei.
1614 658 1782 730 abiit;

180 751 438 815 κολάζειν
458 750 712 820 ἔμελλεν,
731 751 868 820 ὅπερ
891 745 960 820 ἦν
983 749 1134 820 αὐτῷ
1163 750 1232 803 δι’
1255 749 1537 820 ὠμότητος
1557 767 1774 819 περιου-

186 843 317 896 σίαν
371 841 435 896 τὸ
491 840 887 913 χαριέστατονο
936 841 1162 912 ἐξήγετο
1191 841 1249 894 δὲ
1282 845 1419 912 πρὸς
1475 842 1645 912 ὀργὴν
1692 838 1773 905 οἷς

177 935 320 996 ὅλως
361 933 675 1003 ἐμάνθανεν
704 928 848 986 εἶναι
867 950 990 986 τινα
1007 933 1100 987 τὸν
1129 932 1438 1004 θαρροῦντα
1454 937 1552 1003 τῆς
1575 933 1773 986 τοσαύ-

180 1042 282 1092 της
354 1024 526 1080 αὑτοῦ
585 1025 783 1096 μανίας
837 1025 1133 1096 ὑπεριδεῖν.
1195 1025 1475 1078 Ἐϐούλετο
1532 1027 1640 1096 γὰρ
1677 1027 1772 1079 καὶ

184 1115 324 1186 μόνῃ
357 1115 426 1184 τῇ
475 1114 634 1185 φήμῃ
681 1115 781 1185 τῆς
831 1113 1158 1186 ἀγριότητος
1216 1115 1343 1178 τοὺς
1394 1116 1485 1168 τὸν
1534 1117 1771 1183 Χριστίν

179 1205 634 1278 προσκυνοῦντας
657 1207 1029 1278 ὑποπτήσσειν
1052 1207 1235 1272 αὑτὸν,
1257 1209 1354 1261 καὶ
1378 1209 1456 1270 είς
1508 1209 1770 1278 ἐσχάτους

189 1301 397 1370 μυχοὺς
425 1298 878 1368 ἀποκρύπτεσθαι
906 1315 918 1328 ·
952 1300 1038 1352 ἵνα
1065 1299 1122 1352 δὲ
1150 1303 1241 1352 καὶ
1267 1300 1340 1369 μὴ
1358 1301 1545 1370 μάτην
1567 1301 1769 1364 Λυσίας

188 1392 623 1463 κστονομάζοιτο
646 1393 866 1465 (ὲλύττα
891 1397 1001 1464 γὰρ
1035 1395 1175 1446 κατὰ
1197 1394 1542 1465 Χριστιανῶν
1569 1394 1768 1449 λύτταν

183 1485 450 1564 ἄμαχον),
486 1485 807 1539 ἀποστέλλει
827 1486 982 1545 τινάς
1005 1485 1145 1556 μετὰ
1171 1486 1403 1556 φοϐεροῦ
1457 1486 1551 1538 τοῦ
1585 1487 1772 1538 κελεύ-

188 1595 400 1648 σματος
431 1583 788 1653 ἀνάρπαστον
855 1581 1058 1635 αὐτίκα
1119 1583 1447 1652 Σευηριανὸν
1518 1583 1766 1648 ἄξοντας.

184 1671 335 1724 τιδι
371 1672 402 1723 ό
433 1671 532 1725 τοῦ
586 1672 827 1745 Χριστοῦ
888 1674 1266 1744 στρατιώτης;
1317 1675 1452 1727 Οὐδὲ
1516 1676 1768 1744 hepta-.3:

183 1765 305 1825 τοὺς
352 1763 738 1832 πεμφθέντας,
768 1763 908 1818 ἀλλὰ
943 1767 1156 1833 φθάσας
1203 1767 1382 1819 αὐτῶν
1427 1767 1527 1836 τὴν
1583 1767 1768 1835 ἄφιξιν

184 1854 261 1925 τῷ
309 1857 473 1909 δουκὶ
507 1858 779 1928 παρέστη,
816 1859 911 1910 καὶ
949 1858 1262 1928 παρρησίας
1291 1855 1432 1912 εἶναι
1456 1860 1548 1912 τὸν
1577 1861 1769 1929 καιρὸν

187 1944 554 2014 λογισάμενος
588 1985 605 2010 ,
641 1943 712 1999 Ὦ
746 1949 942 2011 Λυσία,
995 1950 1179 2018 φησὶν,
1231 1949 1328 2019 οὐχ
1365 1951 1546 2003 ἱκανόν
1579 1968 1661 2002 σοι
1711 1950 1770 2002 τὸ

191 2038 351 2107 μόνον
374 2038 718 2092 ἀπόλλυσθαι
748 2041 841 2093 καὶ
875 2041 1017 2093 κατά
1060 2041 1288 2095 σεαυτοῦ
1318 2042 1378 2096 τὸ
1403 2042 1554 2110 ξίφος
1585 2043 1768 2107 ὠεείν,

187 2129 321 2182 ἀλλά
360 2133 458 2184 καὶ
489 2133 588 2195 τάς
612 2132 885 2203 ἡμετέρας
912 2133 1088 2202 βούλει
1144 2137 1522 2204 παραπολέσαι
1570 2135 1768 2206 ψυχὰς,

187 2224 274 2273 καὶ
302 2221 382 2283 ῶς
411 2222 650 2292 ῑρμαιόν
701 2242 754 2278 τι
812 2225 1014 2289 ταύτας
1072 2228 1183 2288 τοῖς
1241 2226 1465 2295 δαίμοσι
1494 2231 1606 2292 τοῖς
1656 2230 1770 2290 σοῖς

189 2315 529 2384 παρασχεῖν;
578 2315 719 2368 Ἀλλ’
757 2317 868 2370 ἴσθι
908 2318 1005 2387 μὲν
1034 2319 1108 2381 ὡς
1163 2318 1263 2371 ούκ
1309 2319 1597 2386 άγεννὲσιν
1651 2319 1769 2372 οὐδὲ

190 2406 549 2476 μικροψύχοις
603 2409 948 2479 περιτύχοιςο
981 2413 1108 2479 ἐμοὶ
1166 2411 1276 2480 γάρ
1331 2409 1476 2464 κατὰ
1515 2414 1606 2464 τὸν
1639 2413 1770 2480 ἐμὸν

187 2499 508 2553 διδάσκαλον
563 2500 774 2554 Παῦλον
849 2504 914 2556 τὸ
975 2502 1084 2572 ζῇν
1137 2505 1414 2570 Χριστὸς,
1471 2506 1659 2557 καὶτὸ
1695 2503 1770 2556 δι’

190 2588 422 2644 ἐκεῖνον
447 2591 782 2646 ἀποθανεῖν
813 2592 1026 2662 κέρδος
1053 2594 1364 2663 μέγιστον.

252 2763 328 2820 Γ.
351 2766 582 2832 Τούτοις
610 2769 896 2841 όάθλητὴς
920 2771 1013 2824 τὸν
1040 2773 1138 2842 τῆς
1163 2773 1423 2836 ἀπονοίας
1442 2773 1652 2844 πύργον
1680 2776 1772 2827 εὖ·

195 2857 283 2920 θὺς
316 2859 566 2914 ἐνέσεισε
599 2861 694 2914 τοῦ
729 2863 1052 2933 ἀλάστορος,
1085 2864 1243 2917 τοῦτο
1271 2865 1369 2934 μὲν
1399 2866 1481 2918 ὅτι
1533 2867 1663 2937 παρ’
1687 2867 1766 2917 5.}.-

193 2949 316 3005 πίδα
348 2952 534 3005 πᾶσαν
575 2951 713 3022 μηδὲ
754 2953 1023 3023 κληθῆναι
1071 2957 1399 3025 περιμείνας
1451 2957 1768 3025 ἀπήντησεο

193 3043 346 3097 τοῦτο
378 3043 436 3096 δὲ
476 3045 560 3098 ὅτι
602 3046 698 3098 καὶ
723 3045 936 3117 ἀπίστῳ
960 3047 1130 3117 τόλμῃ
1173 3048 1308 3117 παρ’
1339 3047 1472 3100 αὐτὸ
1503 3047 1566 3099 τὸ
1593 3048 1770 3117 φανῆ-

197 3153 278 3188 ναι
310 3136 477 3207 μόνον
505 3137 799 3208 ἐχρήσατο.
845 3137 1088 3192 Ἐσιώπα
1136 3139 1271 3207 γοῦν
1307 3138 1394 3208 ἐφ’
1421 3141 1606 3194 ἱκανὸν
1657 3145 1769 3204 τοῖς

197 3227 335 3291 ὅλοις
366 3229 674 3298 διαπορῶν.
728 3225 865 3284 Εἶτα
905 3231 1078 3284 δεινὸν
1131 3230 1412 3301 ἐμϐλέψας
1459 3233 1570 3296 τοῖς
1632 3250 1771 3302 παρ-

199 3319 418 3382 εστῶσι,
442 3318 539 3372 καὶ
557 3321 624 3389 τῇ
647 3320 793 3390 χειρὶ
821 3319 1152 3391 παραδείξας
1181 3320 1274 3374 τὸν
1309 3324 1566 3394 μάρτυρα
1591 3339 1604 3352 ·
1635 3321 1776 3374 Nati-

197 3429 329 3484 ροις,
362 3409 546 3478 εἶπεν,
607 3413 782 3484 ὠμοῖς
805 3413 878 3477 ὡς
915 3415 1078 3483 τάχος
1100 3414 1534 3480 καταξαινέσϐω,
1555 3414 1642 3467 ἵνα
1669 3414 1774 3468 κάν

193 3505 360 3568 οὕτως
395 3504 658 3574 αἴσθηται
688 3505 817 3558 οἴων
857 3503 1006 3576 αὐτῷ
1053 3505 1317 3576 πρόξενον
1376 3505 1439 3559 τό
1487 3509 1777 3578 πεπαρρη-

194 3595 419 3650 σιάσθαι
464 3597 541 3666 μὴ
587 3598 730 3650 κατὰ
784 3597 975 3667 καιρὸν
1008 3596 1238 3664 γίνεται.
1301 3596 1361 3652 Ὀ
1397 3599 1496 3668 μὲν
1523 3597 1589 3668 δὴ
1631 3597 1774 3651 οὕτω

191 3689 533 3757 τυπτόμενος
561 3688 782 3760 ἔχαιρεν
808 3681 886 3751 οἷς
915 3687 1055 3758 ὑπὲρ
1080 3688 1318 3758 Χριστοῦ
1353 3691 1452 3753 τὰς
1505 3690 1775 3760 βασάνους

196 3779 590 3848 ὕπέφερε,καὶ
639 3779 701 3833 τὺ
749 3780 1026 3850 ψαλμικδν
1082 3782 1265 3834 ἐκεῖνο
1319 3781 1572 3851 καθάπερ
1633 3780 1774 3852 ᾠδὴν

194 3871 521 3936 ἀλεξίκακον
545 3870 713 3941 ἐπῇδε
745 3873 853 3934 τοῖς
880 3871 1195 3942 τραύμασιν
1215 3912 1230 3938 ,
1263 3872 1389 3925 Ἐπὶ
1421 3872 1541 3925 τῶν
1572 3874 1777 3927 νώτων

190 3982 326 4034 μου,
345 3965 548 4034 λέγων,
576 3963 920 4018 ὲτέκτιιινον
947 3967 1002 4018 oi
1037 3965 1396 4034 ἁμαρτωλοὶ,
1429 3964 1776 4033 ἐμάκρυνιιν

193 4057 304 4126 τὴν
327 4057 591 4125 ἀνομίαν
623 4053 851 4109 αὐτῶν·
883 4055 978 4109 καὶ
1006 4056 1104 4116 τάς
1137 4055 1350 4126 πληγάς
1381 4059 1620 4109 ἐποιεῖτο
1675 4056 1776 4125 τῆς

195 4152 327 4221 πρὸς
359 4148 600 4220 Χριστὸν
630 4147 850 4219 άγάπης
891 4147 1253 4218 ὑπέκκαυμα.
1295 4147 1353 4201 Ὀ
1407 4149 1668 4218 τύραννος
1719 4146 1776 4200 δὲ

196 4244 314 4296 ἐπεὶ
351 4244 483 4304 τοὺς
517 4241 880 4312 μαστίζοντας
914 4239 1064 4310 ἑώρα
1099 4241 1412 4311 κάμνοντας
1433 4243 1660 4312 μᾶλλον,
1683 4241 1776 4294 τὸν

200 4335 455 4406 μάρτυρα
487 4333 546 4386 δὲ
571 4333 650 4404 τῷ
706 4333 937 4404 πάσχειν
977 4334 1343 4405 φαιδροτέραν
1397 4333 1494 4404 τὴν
1524 4333 1649 4404 ὄψιν
1699 4332 1778 4405 τῷ

198 4429 336 4496 φωτὶ
365 4425 659 4479 δεικνύντα
693 4425 788 4478 τοῦ
813 4425 1150 4495 πνεύματος,
1176 4425 1288 4478 τῶν
1329 4425 1614 4496 μαστίγων
1638 4426 1768 4480 άνε⁴

1877 570 2094 639 quidem
2128 571 2302 634 laetus,
2337 574 2534 642 partim
2579 588 2760 627 autem
2791 576 2854 628 ad
2895 577 3027 629 iram
3085 578 3337 646 protinus
3370 575 3457 632 in-

1876 659 2096 712 citatus.
2141 659 2276 714 Nam
2329 661 2611 715 ltetabatur
2661 665 2906 732 quidem,
2957 667 3100 736 quod
3145 683 3266 720 mox
3309 676 3458 723 esset

1875 749 2185 816 puniturus,
2244 753 2386 821 quod
2447 765 2667 822 propter
2727 772 3001 811 summam
3069 758 3454 814 crudelitatem

1873 849 1994 893 erat
2039 840 2087 893 ei
2131 841 2590 908 jucundissinmm
2638 861 2652 898 :
2708 843 2786 896 ira
2817 854 2998 898 autem
3057 849 3453 910 concitabalur,

1874 933 2018 1000 quod
2073 933 2396 1002 intelligeret
2446 935 2668 988 omnino
2701 951 2822 990 esse
2852 938 3110 1006 aliquem.
3149 941 3241 1008 qui
3279 943 3452 994 audc-

1875 1034 1958 1077 ret
1986 1025 2267 1093 despicere
2317 1035 2519 1079 tantam
2559 1027 2679 1095 ejus
2719 1029 3007 1082 insaniam.
3046 1029 3277 1086 Volebat
3310 1035 3452 1087 enim

1877 1113 1960 1167 vel
1991 1114 2104 1167 sola
2159 1115 2300 1194 fama
2339 1117 2638 1172 auditionis
2669 1135 2763 1174 eos
2800 1121 2890 1190 qui
2923 1120 3202 1176 Christum
3256 1125 3454 1178 adora-

1875 1204 2026 1266 bant.
2060 1207 2236 1272 ipsum
2286 1209 2604 1273 formidare,
2651 1220 2705 1264 et
2753 1212 2809 1264 in
2859 1216 3119 1269 extremis
3159 1217 3323 1272 latere
3365 1236 3456 1288 pc-

1875 1296 2172 1350 netralibus
2225 1309 2278 1352 et
2330 1299 2590 1356 latibulis.
2629 1299 2710 1358 Ne
2755 1313 2936 1359 autem
2974 1315 3181 1362 temere
3228 1313 3456 1381 appellu-

1873 1397 2024 1442 retur
2083 1387 2271 1460 Lysias
2302 1390 2459 1462 (crat
2496 1394 2642 1448 enim
2682 1396 2991 1452 vehementi
3022 1401 3171 1456 rabie
3215 1404 3457 1471 percitus

1871 1481 2136 1536 adversus
2181 1483 2585 1556 Christianos),
2619 1488 2787 1542 mittit
2835 1490 3096 1558 quosdam
3140 1508 3262 1546 cum
3295 1494 3452 1563 jussu

1873 1576 2122 1640 terribili,
2183 1578 2275 1646 qui
2329 1575 2687 1633 Severianum
2727 1597 2854 1636 moa
2887 1583 3212 1651 arriperent,
3280 1595 3335 1638 et
3383 1588 3450 1638 ad

1871 1683 1931 1724 se
1991 1669 2348 1726 adducerent.
2409 1672 2552 1738 Quid
2615 1685 2798 1728 autem
2860 1673 3068 1729 Christi
3130 1675 3321 1732 miles?
3376 1677 3456 1733 Ne

1871 1759 2210 1829 exspectavit
2267 1760 2486 1829 quidem
2543 1777 2640 1816 eos
2693 1763 2785 1831 qui
2846 1763 3002 1818 missi
3057 1764 3296 1830 fuerant,
3357 1769 3454 1822 sed

1872 1866 2062 1906 eorum
2116 1852 2410 1906 adventum
2452 1853 2780 1922 anticipans,
2831 1857 3064 1910 accessit
3115 1857 3180 1910 ad
3229 1857 3450 1920 ducem,

1871 1953 1927 1998 et
1966 1957 2224 2013 reputans
2260 1958 2383 1998 esse
2438 1955 2654 2012 tempus
2693 1945 2948 2014 loquendi
2990 1947 3158 2001 libere
3194 1947 3281 2002 :0
3343 1947 3453 2019 Ly—

1871 2035 1973 2100 sia,
2021 2035 2218 2103 inquit,
2264 2050 2373 2088 non
2419 2034 2618 2089 sufﬁcit
2666 2035 2761 2088 tibi
2804 2036 2982 2090 solum
3033 2037 3214 2106 perire
3291 2047 3348 2091 et
3395 2039 3450 2092 in

1873 2129 2105 2197 teipsum
2140 2141 2330 2182 ensem
2366 2126 2668 2198 impellere,
2717 2127 2813 2182 sed
2862 2139 3079 2182 nostras
3127 2130 3206 2184 vis
3239 2145 3459 2200 quoque

1871 2221 2100 2286 perdere
2147 2221 2380 2280 animas,
2421 2227 2476 2273 et
2523 2234 2618 2272 eas
2659 2227 2914 2288 tanquam
2969 2221 3178 2274 lucrum
3232 2222 3452 2290 aliquod

1875 2312 1981 2368 tuis
2020 2313 2263 2381 praebere
2297 2311 2636 2366 daemonibus
2663 2311 2686 2364 ’ἶ
2713 2310 2821 2366 Sed
2855 2312 2996 2367 scias
3042 2329 3186 2366 nunc
3224 2323 3275 2368 te
3313 2315 3458 2368 inci-

1871 2404 2019 2458 disse
2066 2404 2120 2457 in
2168 2405 2313 2458 viros
2357 2402 2551 2466 fortes,
2603 2397 2658 2457 et
2703 2404 2793 2472 qui
2841 2419 2952 2457 non
2998 2414 3129 2458 sunt
3172 2406 3354 2475 pusilli
3399 2418 3458 2461 et

1872 2497 2070 2568 abjecti
2127 2497 2314 2550 animi.
2376 2495 2501 2548 ιιιιιί
2565 2497 2712 2550 enim
2767 2497 2867 2557 (ut
2920 2498 2998 2550 ait
3051 2512 3204 2552 meus
3255 2497 3454 2552 doctor

1872 2588 2101 2660 Paulus)
2146 2589 2312 2644 virere
2352 2596 2427 2642 est
2473 2586 2731 2650 Christus,
2783 2596 2837 2640 et
2884 2597 3108 2657 prepter
3137 2589 3287 2642 illum
3319 2589 3456 2642 mori

1874 2682 2076 2736 lucrum
2108 2693 2190 2736 est
2222 2681 2514 2735 maximum
2539 2681 2583 2734 ‘.

1946 2776 2034 2830 lll.
2081 2774 2176 2828 llis
2207 2775 2409 2828 athleta
2437 2773 2688 2828 amentia:
2717 2768 2902 2827 arc'em
2939 2772 3122 2826 statim
3157 2770 3458 2826 labefacta-

1878 2866 1957 2920 vit
2017 2864 2182 2933 hujus
2245 2862 2668 2926 cacodaemonis,
2740 2863 2935 2931 partim
2999 2863 3248 2930 quidem,
3311 2864 3456 2932 quod

1875 2967 2073 3028 praeter
2119 2971 2271 3026 spem
2321 2971 2564 3019 onmem,
2612 2971 2681 3008 ne
2737 2955 3070 3025 exspectavit
3124 2955 3344 3025 quidem
3397 2967 3460 3009 ut

1876 3058 2192 3115 vocaretur;
2245 3049 2439 3118 partim
2492 3057 2675 3101 autem
2749 3048 2893 3116 quod
2945 3047 3073 3101 dum
3131 3049 3460 3117 comparuit,

1881 3140 2185 3196 incredibili
2219 3155 2350 3194 usus
2385 3149 2466 3194 est
2494 3139 2740 3193 audacia.
2785 3138 2951 3194 Siluit
2990 3140 3172 3209 itaque
3213 3139 3460 3210 aliquan-

1881 3233 2074 3298 tulum,
2109 3237 2264 3302 plane
2309 3231 2477 3285 animi
2529 3231 2729 3286 dubius
2778 3239 2834 3285 et
2882 3231 3194 3302 perplexas.
3249 3230 3456 3287 Deinde

1877 3343 1973 3384 eos
2000 3327 2091 3396 qui
2125 3327 2373 3388 aderant,
2404 3323 2735 3378 borribiliter
2762 3325 3002 3388 intuens,
3037 3332 3090 3378 et
3119 3338 3283 3377 manu
3314 3338 3460 3377 mar-

1877 3429 2051 3492 tyrem
2101 3416 2398 3472 ostendens
2425 3432 2440 3470 :
2472 3413 2688 3478 Crudis,
2721 3415 2914 3482 inquit,
2948 3414 3131 3468 nervis
3162 3415 3452 3484 quamprio

1877 3527 2026 3567 mum
2059 3511 2352 3570 laceretur,
2399 3517 2458 3560 ut
2499 3506 2660 3571 sciat,
2700 3506 2967 3575 quidnam
2997 3504 3259 3559 conciliet
3288 3505 3459 3560 libere

1855 3602 2025 3672 'loqui
2061 3617 2170 3655 non
2207 3600 2263 3654 in
2297 3608 2564 3668 tempore.
2605 3602 2782 3666 Atque
2815 3597 2904 3650 ille
2941 3598 3183 3666 quidem,
3214 3598 3342 3650 dum
3375 3597 3460 3651 sic

1877 3695 2292 3755 verberabatur,
2320 3691 2610 3746 ltetabatur
2657 3689 2964 3753 tormentis,
2995 3703 3116 3758 quae
3155 3687 3458 3742 sustinebat

1877 3795 2101 3859 propter
2143 3783 2448 3846 Christum,
2493 3791 2550 3835 et
2597 3780 2726 3834 illud
2775 3780 3116 3849 psalmicum,
3168 3787 3429 3845 tanquam

1877 3881 2112 3936 salutare
2149 3875 2473 3938 remedium,
2518 3873 2758 3927 atterens
2805 3886 3052 3935 carmen,
3100 3872 3353 3924 cantabat
3380 3870 3451 3926 ad

1876 3973 2146 4028 vulnera:
2179 3969 2354 4035 Supra
2397 3967 2613 4019 dorsum
2655 3980 2853 4027 ιιιειιιιι,
2899 3963 3108 4024 dicens,
3152 3960 3454 4031 fabricave-

1878 4070 1998 4114 runt
2028 4065 2341 4128 peccatores,
2382 4053 2824 4122 pralougauerunt
2858 4053 3190 4120 iniquitatem
3215 4066 3366 4104 suam
3396 4051 3457 4115 ';

1879 4162 1934 4209 et
1972 4152 2153 4222 plagas
2203 4147 2442 4203 ducebat
2489 4160 2609 4199 esse
2661 4145 3076 4198 incitamentum
3133 4143 3201 4197 ad
3254 4141 3457 4197 Christi

1883 4243 2262 4302 dilectionem.
2325 4238 2611 4306 Tyrannus
2675 4246 2856 4290 autem
2922 4252 3048 4290 cum
3103 4235 3312 4290 videret
3362 4248 3461 4288 eos

1878 4339 2098 4410 quidem
2141 4349 2266 4390 esse
2309 4334 2501 4396 fessos,
2546 4331 2640 4400 qui
2686 4330 2870 4401 ﬂagris
2906 4329 3187 4384 caedebant
3216 4343 3232 4381 :
3263 4337 3463 4397 marty-

1882 4446 1998 4485 rem
2059 4442 2190 4482 vero
2242 4440 2366 4480 esse
2419 4424 2573 4478 vultu
2643 4423 2965 4477 alacriorem
3019 4421 3140 4474 luce
3208 4421 3457 4488 spiritus,

200 4517 353 4589 θῆναι
385 4516 793 4571 διακελεύεται.
843 4513 974 4569 Εἶτα
1001 4517 1137 4588 πρὸς
1167 4516 1228 4570 τὸ
1257 4518 1562 4589 πραότερον
1614 4519 1774 4590 δῆθεν

1878 4522 2035 4593 jubet
2076 4533 2203 4573 eum
2238 4514 2476 4571 relaxari
2501 4531 2530 4568 a
2581 4514 2927 4568 verberibus.
2959 4509 3164 4565 Deinde
3193 4525 3313 4564 cum
3349 4522 3463 4562 tra-

201 4613 530 4681 μεταϐαλών
553 4628 566 4641 ο
590 4611 707 4664 Ούκ
741 4609 995 4680 ἀσθενὴς,
1026 4611 1157 4680 ἔφη,
1182 4606 1233 4664 εἷ
1260 4610 1629 4682 στρατιώτης,
1651 4612 1777 4666 ὅσον

147 4691 154 4700 ’
199 4704 304 4756 ἀπὸ
330 4702 435 4772 τῆς
467 4701 697 4772 πρώτης
741 4702 937 4770 πείρας
987 4700 1205 4771 μαθεῖν,
1260 4701 1396 4754 ἀλλὰ
1446 4702 1783 4772 ἐρρωμένως

199 4796 338 4867 ἔχων
370 4795 470 4848 καὶ
499 4793 793 4864 ἀνδρικῶς,
823 4795 916 4846 καὶ
964 4794 1102 4862 πρὸς
1149 4793 1398 4847 κίνδυνον
1431 4793 1784 4864 παραϐαλέσ-

203 4888 291 4941 θαι
322 4889 652 4956 ὃυνάμενος.
687 4883 906 4948 Ἔξεστι
937 4883 994 4936 δεῖ
1019 4900 1104 4937 σοι
1148 4887 1259 4946 τοῖς
1296 4883 1534 4954 παροῦσι
1591 4883 1786 4954 μαθεῖν

202 4973 274 5037 ὥς
297 4976 405 5028 οὐκ
435 4970 773 5042 εὐφροσύνης
813 4971 974 5036 τινὸς,
1021 4971 1144 5024 οὐδὲ
1166 4971 1360 5037 ’δεξιάς
1383 4973 1557 5042 τύχης
1585 4974 1614 5024 ό
1644 4973 1782 5042 Χρι-

205 5069 327 5132 στός
369 5083 455 5119 σοι
514 5065 825 5134 καθέστηκε
885 5065 1171 5134 πρόξενος.
1213 5064 1274 5116 '0
1294 5063 1352 5116 δὲ
1401 5063 1608 5134 μάρτυς
1653 5065 1782 5117 ἀνα-

203 5160 490 5232 θαρσήσας
522 5158 748 5228 μάλλον,
773 5157 865 5209 καὶ
899 5151 1012 5209 οἷον
1033 5155 1346 5226 εὐστομωτέ
1359 5172 1458 5226 ραν
1487 5155 1586 5226 τὴν
1611 5155 1784 5222 γλῶτ-

201 5269 302 5307 ταν
321 5255 393 5324 τῇ
423 5252 599 5322 πείρα
643 5249 754 5302 τῶν
777 5248 1043 5317 ἀλγεινῶν
1073 5247 1479 5319 ποιησάμενος·
1501 5245 1573 5300 Εἴ
1589 5263 1685 5298 σου
1717 5245 1785 5299 τά

202 5349 299 5414 τῆς
329 5346 538 5415 ψυχῆς,
565 5339 744 5408 εἶπεν,
763 5341 987 5410 ὄμματα
1029 5341 1105 5409 μὴ
1138 5341 1216 5411 τῷ
1251 5340 1434 5393 σκότει
1464 5338 1562 5409 τῆς
1593 5339 1785 5391 δυσσε-

204 5434 353 5498 ϐείας
410 5431 741 5503 ἡμαύρωτο,
779 5430 955 5495 ἔδειξα
1009 5429 1074 5483 άν
1127 5446 1212 5482 σοι
1255 5430 1393 5483 ὅτων
1439 5426 1661 5496 ἀγαθῶν
1693 5443 1783 5498 μοι

206 5531 443 5596 κατέστη
475 5523 738 5595 πρόξενος
771 5522 838 5592 ἡν
869 5523 1148 5592 ἐπήγαγες
1177 5521 1474 5592 τιμωρίαν.
1503 5519 1618 5572 Νῦν
1640 5519 1697 5572 δὲ
1734 5519 1787 5572 τι

208 5621 269 5674 ἂν
302 5621 533 5688 πάθοιμι
565 5616 676 5684 πρὸ
708 5615 910 5684 τυφλοῦ
938 5616 1144 5686 φαίνων
1168 5617 1266 5670 καὶ
1295 5614 1438 5686 ᾄδων
1462 5614 1556 5668 ἐπὶ
1576 5612 1744 5684 κωφῷ
1768 5629 1784 5679 ;

316 5800 330 5828 ³
371 5796 611 5867 Philipp.
637 5809 678 5862 ι,
706 5792 802 5852 2|.
913 5796 936 5828 ⁸
965 5793 1112 5854 Psal.
1142 5807 1371 5863 ctsvnt,
1397 5794 1454 5851 5.

1879 4614 2078 4670 ductus
2123 4618 2269 4666 esset
2315 4606 2385 4661 ad
2441 4603 2920 4658 mansuetudinem
2952 4617 2967 4655 :
2998 4603 3118 4656 Non
3147 4617 3226 4668 es,
3281 4602 3461 4670 inquit

1878 4707 2012 4766 dux,
2071 4703 2228 4757 miles
2277 4703 2525 4770 ignavus,
2573 4705 2838 4770 quantum
2894 4703 3076 4763 potest
3114 4695 3338 4762 intell:gi
3391 4709 3462 4746 ex

1880 4797 2054 4867 prima
2106 4767 2474 4860 experientia,
2523 4786 2618 4840 sed
2663 4767 2822 4839 fortis
2866 4793 2922 4838 et
2965 4795 3248 4845 strenuus,
3276 4793 3332 4836 et
3361 4783 3458 4850 qui

1880 4896 2037 4956 potes
2079 4882 2342 4936 audacter
2384 4877 2537 4933 adire
2585 4875 2849 4946 pericula.
2880 4871 3043 4927 Potes
3088 4887 3270 4926 autem
3312 4873 3460 4926 scire

1884 4992 1950 5032 es
2011 4972 2399 5044 praesentibus,
2463 4967 2607 5038 quod
2671 4966 2878 5020 nullam
2953 4964 3221 5026 laetitiam,
3284 4979 3464 5031 neque

1887 5079 2207 5136 prosperam
2256 5063 2491 5132 aliquam
2538 5059 2816 5115 fortunam
2853 5057 2950 5111 tibi
2985 5056 3240 5112 Christus
3273 5055 3461 5110 conci-

1883 5158 2007 5212 liet.
2049 5155 2249 5226 Martyr
2297 5163 2482 5209 autem
2527 5153 2711 5206 animo
2760 5149 2931 5219 magis
2979 5149 3356 5210 conﬁrmatus.
3403 5157 3462 5202 et

1883 5259 1944 5304 ut
1975 5249 2068 5319 qui
2117 5261 2302 5301 rerum
2334 5259 2648 5315 asperarum
2683 5241 3039 5312 perpessione
3073 5241 3312 5310 linguam
3344 5255 3460 5294 ma-

1886 5339 1968 5410 gis
2015 5337 2258 5393 acuisset
2311 5355 2324 5390 :
2381 5333 2438 5388 Si
2486 5331 2652 5398 oculi,
2703 5332 2903 5401 inquit,
2955 5331 3150 5385 anima:
3201 5341 3306 5385 tua:
3350 5345 3462 5384 non

1891 5439 2080 5488 essent
2137 5428 2377 5485 hebetati
2435 5426 2679 5482 tenebris
2726 5425 3045 5496 impietatis,
3097 5425 3458 5480 ostendissent

1893 5523 2015 5585 tibi.
2055 5536 2218 5593 quam
2263 5520 2432 5574 multa
2477 5520 2620 5574 bona
2671 5517 2808 5573 mihi
2854 5517 3204 5573 conciliasset
3230 5517 3282 5571 id
3312 5517 3467 5586 quod

1893 5615 2030 5672 mihi
2069 5614 2309 5672 intulisti
2350 5610 2702 5684 supplicium.
2745 5608 2906 5666 Nunc
2934 5617 3116 5666 autem
3147 5609 3275 5680 quid
3305 5623 3469 5680 agatis
