3996 6442
546 346 658 410 ωε

1783 346 2069 409 MENSIS
2109 350 2592 441 SEPTEMBER.

3725 366 3837 439 διε

544 471 692 513 ceco
738 456 1063 526 praelucens,
1111 464 1166 509 et
1214 454 1383 510 surdo
1415 455 1662 509 canens?
1692 456 1749 510 Si
1802 459 1953 513 cnim
2010 476 2103 515 nor

2226 469 2285 522 Ei
2324 471 2433 539 γάρ
2464 464 2729 537 οὖτως,ὧ
2754 471 3005 537 δικαστά,
3030 473 3105 546 μὴ
3155 474 3418 543 διέκεισο,
3455 480 3707 547 συνεῖδες
3762 485 3833 539 ἂν

446 580 451 585 π
544 550 628 604 sic
659 548 886 603 aﬂ'ectus
902 561 1073 611 esses,
1105 561 1139 601 ο
1162 546 1353 616 judex,
1385 546 1757 602 intellexissvs
1783 549 1982 605 Chrisri
2003 568 2124 620 bra-

546 641 680 695 tiam
713 648 772 695 et
808 638 1091 701 virtutem,
1126 653 1245 707 quae
1279 653 1365 691 me
1409 638 1716 696 conﬁrmat.
1777 639 1916 695 Num
1977 644 2122 697 enim

544 742 704 802 putas
734 731 851 785 sine
884 745 946 784 ea
979 741 1087 784 tam
1125 730 1284 786 facile
1314 728 1571 785 aﬁ'ectum
1597 730 1664 784 iri
1694 746 1820 801 erga
1852 741 2124 789 tormenta

541 838 762 878 carnem
792 831 848 877 et
872 820 1241 893 sanguinem?
1273 818 1331 873 Si
1360 835 1489 888 ergo
1514 820 1594 875 sic
1618 820 1813 887 sentis,
1841 823 1887 877 si
1913 840 1976 879 ea
2004 841 2125 895 quae

539 925 670 969 sunt
719 930 831 984 prae
886 915 1142 984 pedibus,
1194 928 1306 966 non
1359 921 1516 982 potes
1565 913 1791 979 intueri,
1846 918 2123 986 quomodo

543 1023 655 1062 non
707 1016 840 1061 sunt
890 1005 1076 1061 omnia
1125 1013 1216 1059 tua
1268 1005 1455 1069 surda,
1490 1012 1546 1059 et
1593 1021 1757 1075 eatea,
1793 1015 1850 1063 et
1876 1008 1979 1064 diis
2013 1011 2122 1065 tuis

537 1100 739 1154 similia
759 1100 782 1151 ?

605 1190 694 1247 ιν.
734 1191 848 1246 Dux
897 1203 1079 1246 autem
1121 1192 1276 1247 valde
1310 1192 1516 1259 ridens,
1556 1195 1660 1250 etsi
1700 1202 1909 1265 martyr
1976 1210 2121 1249 non-

533 1286 665 1339 dum
698 1294 971 1340 cessasset
999 1285 1183 1340 dicere
1213 1303 1229 1341 :
1256 1285 1489 1339 Tantum
1525 1286 1699 1354 abest,
1735 1289 1936 1358 inquit,
1974 1297 2031 1342 ut
2068 1298 2119 1344 te

532 1387 679 1433 recte
721 1377 928 1433 sentire
958 1377 1289 1442 existimem,
1319 1386 1375 1433 et
1416 1379 1635 1433 credam
1687 1379 1754 1433 iis
1802 1395 1926 1449 quae
1975 1396 2007 1436 a
2063 1392 2116 1436 te

532 1471 812 1535 dicuntur,
867 1478 927 1525 ut
978 1470 1178 1525 futuris
1214 1470 1505 1525 tormentis
1538 1472 1640 1525 sim
1690 1471 2006 1536 eti'eeturus,
2056 1485 2117 1526 ut

532 1562 830 1617 modestior
863 1562 1109 1617 reddaris
1140 1572 1195 1617 et
1224 1563 1548 1632 sapientior.
1578 1563 1785 1619 ltursus
1814 1575 1996 1620 autem
2029 1565 2117 1621 dic

530 1656 608 1710 cit
650 1664 851 1726 martyr
885 1674 897 1709 :
930 1654 1054 1711 Haec
1094 1656 1258 1710 verba
1303 1664 1355 1709 te
1402 1671 1614 1726 magnae
1652 1668 1893 1726 arguunt
1925 1673 2117 1715 amen-

2231 565 2332 633 τὴν
2362 566 2717 637 ἐνισχύουσάν
2749 584 2818 637 με
2848 568 2941 621 τοῦ
2979 569 3221 638 Χριστοῦ
3252 573 3415 642 χάριν
3444 574 3539 628 καὶ
3570 573 3830 646 δύναμιν.

2234 649 2378 724 *Αρα
2406 656 2515 726 γὰρ
2545 656 2645 710 οίει
2671 659 2877 727 ταύτης
2907 660 3076 730 χωρὶς
3116 661 3249 732 ῥᾷον
3281 661 3428 716 οὕτω
3474 664 3614 736 πρὸς
3649 665 3831 736 βασά-

2231 760 2355 806 νους
2382 740 2522 815 αἷμα
2554 746 2650 800 καὶ
2689 748 2868 819 σάρκα
2895 749 3213 822 διατεθῆναι
3239 770 3253 818 ;
3286 754 3349 807 Εί
3381 753 3528 810 οὕτω
3572 760 3823 829 φρονεῖς,

2230 835 2279 888 εἰ
2307 838 2377 889 ait
2424 838 2481 890 ὲν
2523 840 2650 892 ποσὶ
2706 839 2879 895 ταῦτα
2936 842 3160 911 βλέπειν
3212 845 3522 913 ἁδυνατείς,
3550 851 3670 913 πῶς
3698 852 3827 922 οὐχὶ

2230 928 2410 981 πάντα
2447 945 2540 981 σου
2572 931 2733 999 κωφὰ
2757 931 2851 984 καὶ
2874 932 3053 1001 τυφλὰ
3082 934 3180 987 καὶ
3219 939 3335 1000 τοῖς
3364 938 3509 1003 θεοῖς
3536 944 3655 1005 τοῖς
3704 945 3823 1005 σοῖς

2230 1034 2430 1086 ομοιας

2299 1203 2374 1253 Δ’.
2410 1200 2469 1254 '0
2505 1201 2561 1255 δὲ
2597 1203 2742 1272 μάλα
2799 1205 3040 1273 γελάσας
3064 1205 3093 1257 6
3118 1204 3263 1273 δοὺξ.
3297 1208 3469 1280 μήπω
3501 1209 3595 1262 τοῦ
3630 1210 3819 1285 λέγειν

2230 1295 2586 1363 παυσαμένου
2621 1296 2714 1349 τοῦ
2748 1300 3028 1367 μάρτυρος
3049 1339 3064 1364 ,
3089 1299 3377 1367 Τοσοῦτον,
3408 1303 3598 1372 φησὶν,
3615 1303 3817 1374 ἀπέχω

2226 1384 2321 1437 τοῦ
2361 1386 2544 1451 καλῶς
2589 1405 2647 1441 σε
2705 1392 2924 1460 φρονεῖν
2987 1391 3222 1457 οἴεσθαι,
3252 1394 3343 1446 καὶ
3373 1397 3486 1457 τοῖς
3523 1396 3677 1465 πορά
3714 1395 3815 1449 σοῦ

2225 1475 2541 1546 λεγομένοις
2590 1481 2905 1551 πεισθῆναι,
2933 1482 3016 1536 ὅτι
3050 1484 3148 1538 καὶ
3190 1484 3250 1537 σὲ
3296 1484 3502 1554 μᾶλλον
3536 1487 3814 1556 ἀγωνιοῦ-

2227 1588 2328 1642 μαι
2370 1574 2490 1637 ταῖς
2528 1572 2852 1643 μελλούσαις
2893 1574 3150 1644 βασάνοις
3174 1567 3520 1646 ’μεταϐαλεῖν
3568 1582 3709 1651 πρὸς
3748 1582 3815 1636 τὸ

2224 1666 2688 1737 σωφρονέστερον.
2710 1666 2818 1720 Καὶ
2842 1668 2870 1721 6
2906 1671 3119 1740 μάρτυς
3171 1666 3333 1735 αὖθίς
3381 1688 3517 1743 φησι
3541 1686 3558 1702 ⁸
3600 1672 3815 1744 Πολλὴν

531 1749 658 1813 tiae;
698 1748 792 1802 sed
828 1748 1088 1817 quoniam
1129 1746 1361 1802 conﬁdis
1395 1747 1450 1802 in
1495 1751 1803 1816 tormentis,
1836 1760 1893 1807 et
1934 1752 2103 1808 credis

2224 1760 2411 1814 ἄνοιάν
2438 1776 2531 1813 σου
2562 1764 2866 1833 κατηγορεῖ
2889 1763 2958 1815 τὰ
2992 1763 3059 1834 ρή
3069 1781 3216 1832 ματα
3245 1765 3450 1818 ταῦτα·
3481 1765 3627 1837 πλὴν
3683 1768 3814 1819 ἐπεὶ

535 1840 651 1894 ﬁeri
698 1853 862 1908 posse
894 1848 953 1892 ut
983 1838 1069 1893 bis
1099 1854 1187 1894 me
1220 1840 1576 1910 persuadeas,
1608 1857 1708 1912 ego
1739 1843 1958 1913 quidem
1992 1859 2103 1899 sum

2220 1848 2479 1921 βασάνοις
2509 1851 2569 1904 τὸ
2600 1821 2828 1923 θαρρεἑν
2872 1821 3156 1921 ἔχεις,’κα⁴ι
3204 1853 3430 1917 ταύταις
3457 1821 3667 1923 οἴμ’με
3713 1871 3817 1924 με-

532 1945 704 2000 prope
737 1947 750 1985 :
782 1946 980 1985 manus
1020 1945 1204 1986 autem
1261 1932 1515 1986 lictorum
1569 1949 1680 1989 non
1731 1943 1861 1990 sunt
1898 1937 2111 2006 procul.

530 2022 729 2079 Libere
760 2039 889 2094 ergo
922 2023 1117 2094 loquar
1153 2024 1207 2078 in
1238 2026 1571 2081 necessitate
1605 2027 1838 2096 spiritus
1868 2028 1999 2095 mei,
2034 2039 2110 2098 et,

529 2126 589 2169 ut
617 2116 695 2170 ait
723 2115 946 2171 divinus
978 2114 1082 2171 Job
1110 2116 1154 2180 ³,
1185 2118 1429 2186 aperiam
1456 2134 1518 2173 os
1551 2134 1756 2185 meum,
1787 2123 1931 2191 quod
1958 2139 2113 2179 aina-

530 2204 775 2259 ritudine
826 2204 1025 2259 anima:
1065 2214 1379 2261 coarctatur
1409 2224 1424 2263 :
1455 2215 1511 2262 et
1538 2208 1750 2264 videbis
1799 2226 1887 2266 me
1920 2215 2112 2283 quavis

528 2305 706 2350 statua
750 2294 1088 2360 solidiorem,
1141 2304 1198 2350 et
1254 2296 1463 2366 patibili
1514 2307 1709 2353 natura
1744 2302 2110 2370 superiorem.

527 2388 681 2457 Apud
705 2385 875 2442 Demn
904 2388 1050 2442 enim
1081 2402 1265 2442 meum
1297 2399 1381 2444 est
1407 2388 1582 2446 virtus
1610 2401 1666 2446 et
1693 2393 1936 2462 potentia
1966 2410 2109 2465 mea,

525 2488 583 2535 et
619 2480 674 2533 in
718 2482 838 2551 ipso
887 2489 972 2535 est
1017 2495 1145 2550 spes
1179 2495 1298 2535 mea
1349 2490 1406 2536 et
1461 2483 1747 2539 auxilium.
1797 2486 1935 2541 Cum
1994 2488 2110 2544 bzec

527 2573 693 2627 verba
733 2573 1039 2643 accepisset
1108 2572 1341 2643 Lysias:
1371 2573 1465 2641 Es,
1516 2576 1714 2647 inquit,
1753 2580 1929 2634 audax
1970 2596 2108 2636 con-

526 2664 800 2730 cionator,
840 2672 891 2719 el
926 2664 983 2719 in
1031 2679 1131 2720 nos
1180 2663 1358 2722 ﬂuens
1408 2682 1605 2739 magna
1658 2670 1871 2726 dicendi
1927 2674 2104 2744 copia,

523 2763 579 2808 et
651 2755 924 2809 adversus
993 2754 1127 2810 deos
1178 2755 1418 2826 glorians
1462 2766 1516 2813 te
1565 2761 1799 2830 jactitas.
1861 2760 2107 2819 Tuamne

524 2856 764 2900 mentem
805 2845 966 2916 fugit,
1009 2855 1062 2902 te
1094 2832 1304 2918 alloqui
1353 2849 1665 2918 praesidem.
1711 2853 1805 2923 qui
1839 2862 1946 2909 tua:
1980 2857 2105 2911 vitae

522 2938 691 2993 habet
727 2947 1080 3009 potestatem,
1108 2954 1234 2995 cum
1266 2940 1346 2996 sis
1378 2957 1520 2996 unus
1545 2958 1610 2998 ex
1640 2945 1851 3012 multis,
1881 2956 1937 3002 et
1963 2950 2107 3004 rela-

525 3039 616 3086 tus
669 3031 745 3087 sis
798 3030 854 3085 in
912 3046 1208 3088 numerum
1263 3035 1544 3090 militum?
1602 3037 1695 3092 ille
1749 3053 1925 3095 vero:
1983 3040 2106 3097 Non

2216 1941 2526 2005 ταπείσειν,
2557 1942 2724 2009 ἐγγυς
2769 1941 2867 2011 μὲν
2910 1940 3022 2010 ἐγὼ
3046 1981 3061 2008 ,
3091 1942 3149 1995 αἱ
3179 1942 3239 1996 δὲ
3265 1943 3474 2013 δημίων
3518 1946 3703 2013 χεῖρες
3744 1945 3811 1998 οὐ

2217 2032 2525 2105 πόρρωθεν.
2553 2034 3019 2106 Παῤῥησιάσομαι
3044 2033 3173 2103 γοῦν
3205 2037 3264 2089 ἐν
3286 2035 3504 2109 ἀνάγκῃ
3520 2036 3614 2089 τοῦ
3637 2039 3810 2093 πνεύ-

2217 2127 2386 2196 ματός
2415 2142 2542 2197 μου,
2570 2128 2687 2193 καὶ,
2712 2129 2856 2180 κατά
2876 2128 2968 2179 τὸν
2996 2126 3140 2194 Ἰὼϐ,
3168 2126 3442 2195 ἁνοίξωτὸ
3479 2129 3656 2199 στόμα
3698 2147 3807 2200 μου

2214 2221 2413 2292 πικρίᾳ
2443 2221 2619 2291 τύχης
2646 2220 3007 2292 συνεχόμενος
3030 2234 3048 2252 ο
3082 2220 3205 2291 ὕψει
3230 2238 3297 2291 με
3325 2221 3525 2286 παντὸς
3546 2223 3808 2293 ἀνδριάνιι

2212 2329 2304 2377 τος
2366 2313 2749 2385 στερρότερον,
2782 2313 2875 2367 καὶ
2920 2312 3174 2384 παθητῆς
3224 2312 3504 2391 ἀνώτερον
3557 2314 3802 2384 φύσεως.

2213 2408 2372 2477 Πειρά
2410 2410 2520 2480 γὰρ
2558 2408 2636 2478 τῷ
2679 2406 2801 2480 Θεῷ
2843 2408 3009 2481 μονή
3047 2409 3198 2478 ίσχὺς
3223 2407 3321 2462 καὶ
3341 2409 3404 2461 τὸ
3432 2408 3634 2480 κράτος
3670 2426 3802 2479 μου,

2209 2500 2309 2555 καὶ
2338 2503 2469 2571 παρ’
2493 2500 2645 2571 αὐτῷ
2674 2502 2709 2573 ἡ
2758 2501 2915 2565 ἐλπίς
2956 2517 3061 2572 μου
3105 2501 3202 2554 καὶ
3231 2501 3263 2573 ἡ
3298 2499 3551 2572 βοήθεια.
3592 2501 3803 2555 Τοῦτον

2210 2594 2239 2647 6
2270 2595 2477 2659 Λυσίας
2509 2595 2601 2649 τὸν
2634 2594 2794 2664 λόγον
2820 2592 3163 2666 παραλαϐών
3189 2608 3205 2624 ’
3243 2594 3462 2665 Θρασύς
3495 2610 3582 2659 τις
3622 2589 3673 2647 εἶ
3698 2593 3802 2665 δηο

2213 2687 2477 2758 μηγόρος,
2504 2686 2631 2758 ἔφη,
2662 2687 2760 2741 καὶ
2792 2686 2916 2741 καθ’
2945 2686 3106 2757 ἡμῶν
3138 2684 3302 2749 πολὺς
3335 2686 3655 2757 ρέων,κατά
3683 2684 3800 2739 τῶν

2211 2777 2352 2832 θεῶν
2397 2779 2829 2851 φρυαττόμενος.
2863 2780 2937 2835 Ἢ
2960 2780 3297 2850 διαπέφευγέ
3319 2796 3414 2833 σου
3437 2779 3529 2834 τὸν
3556 2779 3685 2833 νοῦν
3710 2779 3794 2834 δτι

2208 2872 2433 2943 ἄρχοντι
2483 2874 2711 2947 διαλέγῃ
2740 2876 2840 2944 τῆς
2865 2874 2965 2945 σῆς
2995 2874 3245 2944 κεφαλῆς
3288 2871 3792 2939 κατεξουσιάζοντι,

2207 2965 2349 3036 ἀνὴρ
2399 2965 2509 3020 τῶν
2544 2966 2758 3020 πολλῶν
2792 2966 2891 3034 ὢν,
2939 2968 3040 3021 καὶ
3072 2968 3324 3037 τάγμασι
3367 2968 3798 3036 στρατιωτικοῖς

2208 3058 2560 3129 ὲναρίθμιος;
2610 3060 2722 3113 Καὶ
2750 3058 2810 3124 δς
2829 3100 2844 3127 ,
2898 3061 3015 3115 0οκ
3052 3059 3256 3129 ἀγνοῶ,
3285 3057 3414 3130 ἔφη,
3444 3057 3581 3115 ἀλλά
3609 3059 3671 3112 τὸ
3710 3060 3797 3124 εις

522 3123 736 3194 ignoro,
788 3123 986 3191 inquit,
1036 3123 1133 3178 sed
1178 3123 1236 3179 in
1281 3122 1566 3182 Christum
1624 3128 1798 3198 pietas
1842 3131 1934 3186 dat
1966 3134 2099 3189 mihi

2211 3122 2442 3223 Χρίστδν
2485 3122 2709 3216 εὐσεϐὲς
2735 3122 2879 3205 aliter
2905 3122 3133 3224 θαρρεῖν
3163 3122 3262 3205 καὶ
3308 3122 3794 3224 παρρησιάζεσθαι

522 3221 728 3266 tantam
779 3212 1084 3276 audaciam.
1136 3221 1195 3269 et
1242 3214 1498 3285 loquendi
1542 3219 1870 3278 libertatem.
1919 3227 2102 3299 Angor

2211 3212 2409 3298 δίδωσι.
2442 3244 2664 3317 Πλήρης
2689 3212 2757 3298 ⁷δὲ
2791 3212 3029 3316 γίνομάί
3050 3244 3252 3316 λύπης,
3274 3246 3355 3300 ὄτι
3481 3212 3623 3297 ’ἐστίν
3654 3262 3740 3309 τις
3763 3247 3793 3299 ό

517 3312 701 3359 autem
732 3305 940 3371 animo,
969 3306 1112 3375 quod
1148 3322 1259 3361 non
1296 3309 1365 3364 sit
1393 3310 1588 3381 aliquis
1629 3314 1747 3370 sine
1786 3316 2098 3388 aﬂectione,

523 3395 689 3450 simul
756 3405 811 3452 et
866 3398 1145 3468 sapienter
1208 3400 1574 3470 iudicaturus.
1632 3405 1794 3463 Forte
1849 3413 2017 3479 enim,
2065 3430 2099 3469 ο

518 3485 699 3557 Lysia,
763 3486 855 3541 Dei
884 3490 1132 3544 omnium
1166 3490 1445 3546 eﬂ‘ectoris
1471 3498 1787 3566 agnovisse-3
1813 3504 2096 3570 virtutem,

518 3588 575 3633 et
627 3579 759 3633 deos
828 3579 997 3635 lalsos
1051 3585 1501 3654 contempsisses.
1552 3587 1658 3644 Sed
1709 3607 1807 3646 cur
1854 3596 2097 3652 studium

522 3681 783 3726 nostrum
832 3672 985 3728 nihili
1032 3675 1251 3730 fecisti?
1281 3676 1340 3731 In
1366 3693 1602 3748 quonam
1646 3690 1826 3738 autem
1857 3688 1973 3756 ipse
2001 3688 2096 3744 tibi

513 3764 718 3835 places,
749 3774 805 3819 et
844 3766 1104 3835 praeclare
1135 3768 1204 3823 de
1236 3777 1289 3823 te
1329 3772 1541 3826 sentis?
1574 3773 1644 3829 Es
1676 3778 1823 3830 enim
1871 3794 2094 3850 ρηοδες,

514 3864 571 3911 et
617 3872 684 3912 ex
714 3857 1064 3920 sublimibus,
1100 3874 1211 3913 non
1252 3861 1304 3915 id
1351 3864 1704 3934 negaverim;
1741 3868 1879 3922 nihil
1912 3878 2094 3927 tamen

512 3963 543 4002 a
581 3958 769 4003 nostra
803 3949 993 4004 ditIers
1033 3954 1315 4007 communi
1348 3965 1565 4017 natura.
1612 3957 1745 4012 Nam
1781 3968 1838 4014 tu
1871 3978 2097 4034 quoque

513 4054 575 4094 es
607 4041 790 4103 homo,
825 4041 880 4094 in
921 4056 1082 4111 quem
1133 4059 1283 4099 mors
1311 4046 1460 4101 cadit
1501 4056 1558 4102 et
1592 4048 1867 4107 interitus.
1900 4053 1959 4109 In
1991 4070 2094 4113 nos

517 4140 704 4185 autem
784 4132 1090 4187 absolutam
1163 4150 1274 4189 non
1311 4136 1482 4192 habes
1512 4149 1862 4208 potrstatem,
1895 4156 2095 4214 praeter

516 4238 678 4291 quam
726 4223 781 4275 in
833 4223 1009 4277 solum
1058 4239 1280 4296 corpus.
1340 4227 1461 4299 Ipsa
1511 4240 1696 4287 autem
1749 4250 1838 4289 me
1892 4236 2095 4295 docent

514 4315 702 4369 di\ina
739 4315 963 4386 Eloquia
991 4316 1033 4381 ι,
1064 4333 1177 4373 non
1211 4320 1402 4377 timere
1429 4338 1548 4390 eos,
1580 4326 1677 4396 qui
1709 4343 1910 4399 corpus
1941 4333 2090 4388 occi~

515 4409 674 4468 dunt,
722 4410 960 4461 animam
1010 4419 1194 4464 autem
1229 4425 1339 4465 non
1389 4424 1621 4481 possunt
1669 4417 1938 4484 occidere,
1990 4423 2091 4478 sed

514 4497 666 4550 illum
707 4499 890 4568 potius
932 4503 1333 4568 extimescere,~
1362 4506 1459 4574 qui
1500 4521 1703 4576 corpus
1747 4518 1803 4563 et
1846 4513 2085 4569 animam
2116 4511 2171 4573 D

512 4598 692 4658 potest
755 4592 1005 4661 gehenna
1063 4595 1484 4651 condemnare:
1542 4614 1663 4667 qua:
1721 4611 1773 4656 te
1832 4605 2083 4675 accipiet,

512 4681 641 4735 licet
692 4697 843 4737 nunc
882 4683 1177 4742 immodice
1235 4687 1577 4758 gloriantem,
1629 4706 1753 4747 cum
1804 4693 1939 4766 ipsis
1980 4700 2087 4754 diis

511 4774 620 4826 tuis
654 4783 710 4829 et
739 4775 1081 4832 daemonibus
1114 4780 1169 4831 in
1227 4790 1492 4834 aeternum
1526 4782 1886 4850 puniendum.

589 4864 651 4919 V.
709 4867 801 4921 llis
844 4870 1017 4940 magis
1045 4872 1109 4923 ad
1145 4871 1279 4925 iram
1321 4876 1629 4931 concitatus
1694 4876 1900 4949 Lysias,
1928 4881 2087 4951 jubet

509 4967 804 5030 martyrem
854 4963 992 5015 trahi
1042 4977 1346 5032 appensum
1366 4966 1373 4977 ’
1395 4965 1587 5020 ferreis
1625 4968 1816 5024 laniari
1847 4972 2082 5043 ungulis.

508 5048 806 5118 Postquam
839 5061 1020 5105 autem
1054 5061 1259 5122 martyr
1293 5055 1467 5109 sensit
1502 5066 1833 5115 tormentum
1863 5072 2085 5134 gravius

508 5141 823 5208 tquomodo
875 5145 1020 5196 enim
1073 5157 1262 5199 essent
1309 5162 1549 5214 coronae,
1605 5152 1709 5206 nisi
1764 5156 2086 5224 exciperent

509 5230 726 5285 labores
743 5242 799 5286 et
828 5232 1047 5289 dolores
1073 5236 1146 5305 ?),
1178 5236 1307 5292 Jesu
1340 5238 1579 5305 Christe,
1611 5244 1953 5313 exclamaxit,
1988 5247 2081 5317 qui

513 5324 661 5378 solus
721 5324 857 5379 facis
915 5341 944 5379 a
1005 5330 1210 5385 saecqu
1258 5331 1552 5398 mirabilia,
1622 5337 1715 5406 qui
1781 5353 2084 5409 suspensus

509 5417 659 5472 fuisti
698 5417 756 5470 in
793 5432 978 5480 cruce,
1031 5429 1085 5474 et
1116 5423 1197 5475 sic
1233 5424 1534 5492 superbum
1567 5428 1813 5496 deiecisti
1847 5448 1863 5486 :
1899 5433 1991 5502 qui
2026 5434 2080 5489 in

510 5509 844 5566 hodiernum
880 5528 1056 5582 usque
1087 5513 1229 5568 diem
1260 5517 1513 5588 magnifis
1545 5527 1604 5575 et
1635 5524 1914 5580 extolleris
1955 5542 2082 5595 pro-

510 5613 630 5670 pter
668 5619 833 5673 opera
882 5614 972 5658 tua
1013 5606 1403 5665 admirabilia:
1450 5612 1575 5665 veni
1606 5612 1673 5667 ad
1739 5633 1825 5670 me
1856 5633 2080 5671 servan-

612 5806 632 5834 '
661 5802 763 5858 Job
789 5821 883 5873 vn,
912 5805 1001 5861 Η.
1136 5808 1160 5841 ⁸
1186 5807 1376 5868 Matth.
1406 5828 1462 5882 ι,
1491 5813 1577 5871 28.

2204 3336 2444 3391 δικάσων
2469 3339 2603 3408 ἡμῖν
2645 3338 2876 3402 ἀπαθῶς
2925 3339 3044 3411 ἀμα
3075 3340 3171 3393 καὶ
3206 3338 3445 3402 συνετῶς
3465 3353 3482 3371 ⁶
3509 3339 3634 3392 ἐπεὶ
3664 3338 3791 3409 τάχ’

2202 3421 2351 3493 ἂν,ὧ
2384 3428 2585 3495 Λυσία,
2608 3430 2703 3484 καὶ
2733 3429 3084 3503 παντουργοῦ
3114 3429 3252 3485 Θεοῦ
3281 3430 3588 3501 ἐγνώρισάς
3619 3431 3793 3486 δύναι-

2205 3536 2323 3591 μιν,
2384 3522 2480 3576 καὶ
2510 3523 2726 3593 ψευδῶν
2772 3523 2915 3578 θεῶν
2973 3526 3416 3597 κατεφρόνησας.
3450 3525 3600 3597 Πλὴν
3626 3528 3710 3591 εἰς
3736 3528 3793 3581 τί

2201 3613 2298 3667 καὶ
2340 3613 2404 3667 τὸ
2436 3616 2779 3687 ἐπιτήδευμα
2820 3615 3028 3689 τούμὸν
3082 3618 3481 3685 ἰξουδένωσας;
3510 3619 3568 3673 ὲν
3595 3619 3708 3675 τίνι
3731 3620 3792 3673 δὲ

2201 3708 2295 3759 καὶ
2343 3707 2507 3771 αὐτὸς
2544 3712 2961 3780 μεγαφρονεῖς;
3018 3710 3242 3783 ’Ἄρχων
3300 3712 3399 3783 μὲν
3447 3711 3560 3783 γάρ
3593 3708 3668 3778 εἷ,
3694 3714 3793 3766 καὶ

2197 3797 2307 3852 τῶν
2346 3799 2595 3872 ὑψηλῶν,
2642 3802 2745 3855 οὐκ
2777 3804 3090 3876 ἀρνήσομαι
3119 3817 3134 3833 ⁸
3169 3804 3322 3858 οὐδὲν
3383 3804 3441 3859 δὲ
3488 3807 3555 3875 τῇ
3622 3808 3786 3877 κοινῇ

2199 3893 2361 3962 φύσει
2390 3895 2789 3968 παραλλάττων
2821 3900 3003 3970 ήμῶν·
3038 3899 3163 3956 ἐπεὶ
3190 3902 3283 3955 καὶ
3309 3903 3472 3966 αὐτὸς
3493 3901 3791 3974 ἄνθρωπος

2198 3987 2417 4063 θανάτῳ
2432 3992 2794 4065 ὑποκείμενος
2824 3997 2920 4051 καλ⁸
2949 3997 3146 4071 φθορᾷ.
3198 4001 3568 4068 Ἐξουσιάζεις
3596 4001 3654 4057 δὲ
3682 4004 3787 4077 οὐχ

2194 4082 2354 4153 ἡμῶν
2388 4085 2596 4151 ἁπλῶς,
2655 4087 2792 4142 ἀλλά
2827 4090 2992 4163 μόνον
3021 4092 3116 4145 τοῦ
3163 4093 3456 4164 σώματος⁸
3480 4096 3621 4151 αὑτὰ
3675 4098 3785 4169 γάρ

2198 4190 2266 4244 με
2297 4175 2367 4228 τά
2396 4176 2517 4229 θεῖα
2549 4177 2863 4235 διδάσκουσι
2889 4181 3051 4251 λόγια
3105 4184 3182 4256 μὴ
3228 4186 3514 4256 φοϐεῖσθαι
3539 4189 3651 4244 ἀπὸ
3674 4190 3785 4244 τῶν

2194 4265 2631 4325 ἀποκτεινόντων
2678 4271 2740 4324 τὸ
2791 4273 2977 4345 σῶμα,
3002 4277 3101 4347 τὴν
3134 4276 3192 4331 δὲ
3243 4279 3423 4351 ψυχὴν
3455 4282 3785 4337 ἀποκτεῖναι

2197 4358 2270 4430 μὴ
2296 4360 2646 4431 δυναμένων·
2669 4365 2884 4420 ἐκεῖνον
2904 4367 2974 4425 ,δὲ
3009 4368 3212 4439 μᾶλλον
3263 4371 3512 4441 φρίττειν
3563 4375 3663 4427 καὶ
3691 4376 3784 4428 δε-

2194 4447 2435 4503 δοικέναι
2467 4452 2557 4505 τὸν
2605 4454 2701 4508 καὶ⁵
2751 4456 2932 4530 ψυχὴν
2985 4459 3083 4512 καὶ
3141 4460 3305 4531 σῶμα
3352 4463 3657 4534 δυνάμενον
3713 4470 3782 4540 τῇ

2195 4539 2388 4612 γεέννῃ
2415 4544 2828 4614 καταδικάζειν,
2852 4549 2977 4620 ἥτις
2998 4551 3279 4615 ἐκδέξεταί
3316 4572 3374 4607 σε
3400 4556 3492 4609 τὶν
3518 4559 3782 4630 ἀμέτρως

2197 4631 2292 4685 νῦν
2347 4637 2779 4708 φρυαττόμενον,
2822 4642 3009 4707 αὐτοῖς
3065 4643 3207 4708 θεοῖς
3240 4662 3334 4699 σου
3384 4647 3479 4702 καὶ
3526 4649 3783 4722 δαίμοσιν

2194 4723 2431 4789 αἰωνίως
2468 4727 2964 4802 κολασθησόμενον.

2264 4907 2341 4962 Ε’.
2364 4908 2590 4976 Τούτοις
2620 4913 2700 4977 εἰς
2726 4914 2894 4988 ὀργὴν
2928 4918 3148 4975 πλείονα
3176 4925 3202 4976 6
3231 4925 3437 4990 Λυσίας
3464 4928 3779 5001 ἐξενεχθεὶς

2194 4999 2409 5057 κελεύει
2454 5006 2545 5059 τὸν
2582 5008 2838 5080 μάρτυρα
2891 5013 3051 5085 ίκρίῳ
3104 5018 3482 5091 ἀναρτηθέντα
3524 4999 3679 5090 ὄνυξι
3723 5028 3779 5078 τὸ

2194 5092 2353 5163 σῶμα
2408 5095 2662 5189 ,σιδηροῖς
2719 5099 2953 5165 ξέεσθαι.
3014 5098 3102 5171 Ὦς
3145 5105 3236 5163 οὖν
3263 5111 3290 5164 6
3329 5117 3543 5185 μάρτυς
3577 5118 3776 5189 δριμυο

2190 5186 2352 5256 τέρας
2386 5188 2587 5261 ᾔσθετο
2619 5194 2717 5264 τῆς
2772 5195 3007 5267 βασάνου
3041 5201 3156 5272 (καὶ
3189 5206 3304 5270 πῶς
3325 5212 3433 5277 γὰρ
3459 5211 3524 5262 ἂν
3546 5186 3776 5275 δικαίως

2189 5278 2241 5376 οξ
2282 5280 2561 5349 στέφανοι,
2587 5287 2637 5339 εἰ
2682 5287 2759 5359 μὴ
2810 5289 3007 5356 πόνους
3057 5295 3351 5364 ὴμείόοντο
3397 5302 3489 5354 καὶ
3517 5302 3776 5376 ὀδύνας;)

2203 5361 2379 5434 Ἰησοῦ
2430 5368 2656 5440 Χριστὲ,
2704 5374 2954 5447 ἐϐόησεν,
2984 5377 3012 5430 6
3058 5382 3229 5435 ποιῶν
3281 5386 3443 5454 μένος
3484 5388 3545 5452 ἐξ
3578 5361 3774 5451 αἰῶνος

2192 5460 2493 5529 θαυμάσια,
2519 5464 2548 5515 6
2582 5466 2676 5517 ἐπὶ
2708 5466 2803 5519 τοῦ
2861 5473 3100 5542 σταυροῦ
3136 5480 3498 5548 κρεμασθεὶς,
3550 5484 3647 5535 καὶ
3680 5484 3771 5535 τὶν

2193 5552 2544 5626 ὑπερήφανον
2567 5557 2711 5612 οὕτω
2742 5563 3090 5633 καταϐαλὼν,
3124 5568 3152 5620 6
3189 5571 3353 5642 μέχρι
3396 5574 3491 5626 καὶ
3521 5574 3618 5625 νῦν
3654 5580 3771 5637 τοῖς

2193 5647 2513 5714 παραδόξοις
2548 5649 2659 5705 τῶν
2711 5650 2891 5723 ἔργων
2942 5659 3404 5730 μεγαλυνόμενος,
3436 5663 3556 5717 ἐλθὲ
3589 5667 3670 5729 εἰς
3707 5668 3769 5719 τὸ
