3996 6436
238 323 359 391 διδ

1362 322 1837 387 MARTYRIUM
1877 323 1938 384 S.
1978 322 2417 391 SEVERIANI.

3404 340 3508 401 Εηίθ

241 436 429 490 σῶσαί
470 453 562 508 με,
581 436 676 492 καὶ
708 437 798 490 τὸν
837 438 935 508 μὲν
961 439 1226 508 βραχιονα
1253 435 1348 489 τοῦ
1378 437 1704 508 ἁμαρτω).οὖ
1741 433 1818 487 κα¹

1942 432 2092 498 dum,
2149 444 2204 490 et
2256 436 2540 494 brachium
2593 437 2814 509 quidem
2855 440 3162 510 peccatoris
3201 451 3256 497 et
3299 444 3516 514 maligni

244 526 492 598 πονηροῦ
529 529 849 601 σύντριψον,
894 529 961 582 τὰ
990 529 1048 581 δὲ
1081 529 1194 582 τῶν
1249 528 1400 598 ὲμῶν
1431 527 1610 598 ἄρθρα
1651 525 1832 598 μελῶν

242 619 524 690 λελυμένα
561 622 885 690 σύσςριγξον,
908 619 1103 690 ἀγαθὲ,
1147 621 1244 674 καὶ
1273 621 1359 684 δός
1396 639 1486 690 μοι
1518 621 1610 672 τὸν
1644 619 1833 687 ἀγῶνα

239 710 441 765 τοῦτον
499 713 751 767 διανῦσαι
786 715 882 767 τοῦ
921 714 1261 785 μαρτυρίουο
1297 714 1460 767 λῦσον
1494 713 1552 766 δὲ
1595 715 1691 766 καὶ
1731 713 1832 780 τὴν

241 803 612 876 ἐπικειμένην
662 805 739 875 τῷ
781 808 944 861 παντί
1013 824 1108 860 σου
1167 807 1406 876 ποιμνίῳ
1439 805 1826 876 σκοτόμαιναν.

251 897 424 968 Ὁρᾷς
454 902 533 962 εἰς
563 901 869 972 ὅσονῆρθη,
896 904 990 956 καὶ
1015 903 1165 966 ὅπως
1199 903 1380 956 πάντα
1417 901 1608 972 σχεδὸν
1639 897 1829 970 περιέ-

239 988 429 1045 λαϐεν.
463 989 591 1062 Εἶχε
627 994 726 1063 μὲν
763 990 856 1049 οὖν
891 994 1062 1057 οὕτως
1091 994 1260 1064 εὐχῆς
1289 997 1316 1047 ὁ
1361 993 1577 1064 μάρτυς
1630 990 1834 1063 κρεμά-

242 1099 411 1151 μενος
439 1097 455 1110 ⁶
491 1087 518 1136 ὁ
549 1085 812 1154 τύραννος
841 1086 898 1140 δὲ
927 1087 1118 1150 ἀλλους
1145 1089 1232 1139 ἐπ’
1260 1087 1442 1146 ἄλλοις
1479 1087 1695 1154 ἔπεμπε
1718 1083 1828 1137 τῶν

239 1174 478 1244 δημίων,
513 1177 612 1240 τὰς
638 1178 832 1242 ὀδύνας
865 1181 930 1231 ὲκ
951 1181 1142 1232 τούτου
1170 1179 1503 1250 δριμυτέρας
1529 1177 1830 1248 ἐπιτεχνώ-

244 1280 431 1330 μενος.
472 1267 625 1319 Ἐπεὶ
661 1268 718 1320 δὲ
753 1268 902 1341 ἐώρα
920 1272 1012 1322 τὸν
1049 1272 1202 1338 am»;
1233 1271 1490 1340 ἀτρέπτῳ
1539 1270 1631 1322 καὶ
1675 1286 1832 1322 συνε-

244 1358 410 1410 στῶτι
442 1358 520 1428 τῷ
551 1362 826 1432 προσώπῳ
859 1363 927 1417 τὰ
957 1364 1276 1432 ἐπαγόμεναι
1295 1363 1548 1433 φέροντα,
1569 1363 1830 1432 διαπορη-

241 1450 352 1511 (lex
384 1449 642 1519 ἀνεθῆναι
671 1455 772 1521 μὲν
794 1454 900 1507 τῶν
925 1456 1208 1525 μαστίγων
1242 1456 1427 1521 αὑτὸν,
1459 1460 1523 1525 τῇ
1553 1458 1744 1525 εἱρκτῇ
1770 1455 1828 1506 δὲ

240 1559 311 1592 πα
322 1543 1027 1613 ραδοθῆναιδιακελεύεται.
1041 1548 1100 1602 '0
1121 1551 1330 1620 μάρτυς
1344 1549 1433 1602 οὖν
1451 1549 1826 1618 ἀπαγόμενος,

236 1637 331 1684 καὶ
368 1627 458 1687 οἶα
513 1637 708 1700 αὑταῖς
766 1639 1002 1708 πληγαῖς
1057 1643 1459 1712 σεμνυνόμενος
1513 1641 1601 1695 διὰ
1657 1643 1824 1712 μέσου

234 1726 368 1780 ἐϐόα
398 1730 502 1797 τῆς
532 1731 763 1796 πόλεως’
813 1734 879 1785 Ol
907 1733 974 1786 τὰ
1008 1734 1301 1806 τραύματα
1325 1736 1436 1788 τῶν
1463 1739 1556 1788 τοῦ
1584 1734 1822 1805 Χριστοῦ

1937 535 2182 592 contere,
2215 543 2462 584 meorum
2495 537 2678 585 autem
2713 532 3081 586 membrorum
3113 535 3372 589 articulos
3405 537 3517 592 d's-

1936 618 2144 672 solutos
2185 620 2380 689 colliga
2415 632 2468 676 et
2512 624 2630 688 uni,
2681 638 2714 678 ο
2749 624 2933 679 bone:
2967 633 3025 678 et
3071 627 3312 682 concede
3362 631 3518 690 mihi,

1937 719 1996 765 ut
2037 712 2242 780 possim
2277 729 2537 784 peragere
2583 714 2689 770 hoc
2731 725 3013 771 certamen
3051 719 3320 788 martyrii.
3357 719 3519 774 Solve

1933 813 2118 857 autem
2162 804 2328 860 etiam
2361 821 2503 871 eam,
2552 823 2672 876 qua:
2707 817 2799 862 tuo
2830 809 2978 880 gregi
3027 809 3301 875 imminet,
3335 812 3517 882 caligi-

1935 908 2085 950 nem.
2121 894 2286 950 Vides
2311 913 2472 966 qttatn
2505 898 2574 951 sit
2604 897 2660 950 in
2692 897 2860 952 altttm
2893 898 3057 963 elata,
3086 909 3140 953 et
3161 902 3518 968 quemadmo-

1933 986 2062 1040 dum
2094 989 2278 1041 omnia
2311 988 2425 1042 fcre
2469 991 2909 1059 comprehendit.
2962 991 3142 1060 Atque
3189 992 3267 1045 sic
3295 993 3515 1061 quidem

1935 1080 2260 1147 precabatur
2315 1092 2521 1152 martyr
2587 1097 2910 1151 suspensus.
2983 1083 3272 1155 Tyrannus
3332 1096 3514 1140 autem

1933 1175 2074 1228 alios
2107 1184 2227 1242 post
2257 1175 2392 1228 alios
2430 1175 2679 1230 mittebat
2714 1176 2957 1238 lictores.
2990 1180 3272 1247 graviores
3301 1193 3364 1232 ex
3407 1180 3511 1234 hoc

1931 1266 2151 1321 dolores
2181 1268 2526 1322 maehinans.
2554 1269 2850 1337 Postquam
2881 1277 3066 1323 autem
3097 1270 3232 1324 vidit
3262 1281 3513 1325 sam-tum

1932 1357 2259 1413 immutabili
2285 1372 2337 1412 et
2363 1364 2638 1414 constanti
2673 1361 2825 1414 vultu
2857 1360 3129 1415 lerentetn
3160 1377 3226 1416 ea
3257 1377 3378 1432 qua:
3426 1363 3512 1416 in-

1934 1453 2310 1519 tentabantur,
2369 1454 2535 1507 animi
2595 1453 2818 1518 dubius,
2884 1455 3043 1524 jubet
3105 1472 3230 1508 eutn
3292 1457 3513 1524 quidem

1933 1544 2164 1598 relaxari
2221 1560 2250 1598 a
2305 1544 2558 1607 vinculis.
2611 1547 2816 1615 conjici
2868 1557 3051 1602 autem
3101 1548 3158 1602 in
3207 1563 3510 1602 carcerem.

1928 1635 2129 1707 Martyr
2161 1652 2292 1709 ergo
2325 1639 2454 1692 dum
2481 1637 2880 1702 abducebatur,
2914 1647 2972 1693 et
3001 1637 3342 1708 gloriabatur
3371 1654 3512 1707 quo-

1929 1728 2220 1784 dammodo
2249 1729 2444 1800 plagis,
2488 1745 2586 1799 per
2613 1729 2849 1784 mediam
2885 1729 3159 1784 clamabat
3187 1730 3461 1784 civitatem
3495 1748 3511 1784 :

235 1818 533 1886 βλέποντες
565 1823 839 1893 ἀθλητῶν,
891 1825 1130 1878 ἐννοεῖτε
1187 1825 1395 1880 τούτων
1431 1828 1530 1889 τὰς
1586 1827 1818 1897 ἀμοιϐὰς

1926 1820 2028 1886 Qui
2085 1795 2419 1876 athletarum
2483 1795 2689 1875 Christi
2752 1820 2949 1875 videtis
3002 1822 3252 1886 vulnera,
3318 1837 3512 1876 eorum

235 1913 328 1963 καὶ
362 1911 428 1963 τὰ
451 1912 687 1968 ἔπαθλα.
709 1913 851 1968 Οῠτε
878 1916 986 1987 γὰρ
1016 1915 1090 1986 νῷ
1116 1917 1318 1987 ληπτὰ,
1337 1915 1460 1969 οὔτε
1485 1918 1626 1987 λόγῳ
1655 1917 1816 1988 ῥητὰ,

233 2002 330 2054 ὅσα
359 2003 390 2056 ό
421 2003 692 2070 ἀθάνατος
726 2007 996 2071 Βασιλεὺς
1033 2011 1144 2071 τοῖς
1178 2009 1318 2076 ὑπὲρ
1348 2011 1512 2062 αὐτοῦ
1547 2011 1819 2084 πᾲσχουσι

233 2098 322 2148 καὶ
353 2095 454 2150 νῦν
481 2097 665 2151 δίδωσι
703 2100 908 2168 ἀγαθὰ,
958 2100 1056 2154 καὶ
1078 2103 1158 2166 είς
1201 2101 1263 2154 τὸ
1293 2103 1446 2156 ἐπιὸν
1479 2105 1535 2154 ὲν
1567 2104 1820 2174 οὐρανοῖς

231 2188 578 2259 ταμιεύεται.
610 2192 718 2244 Καὶ
749 2191 880 2244 αὐτὸ
913 2192 1074 2246 τοῦτο
1099 2195 1159 2246 τὸ
1203 2193 1344 2264 ὑπὲρ
1375 2193 1542 2248 αὑτοῦ
1584 2196 1818 2264 πάσχειν

232 2282 441 2348 γλυκύ’
487 2283 546 2336 τὸ
599 2284 655 2337 δὲ
692 2287 787 2338 καὶ
818 2285 887 2338 δι’
929 2287 1093 2340 αὑτὸν
1147 2287 1446 2342 ἀποθανεῖν
1501 2287 1673 2358 ἥδιον.
1704 2288 1816 2342 Καὶ

231 2373 346 2443 ἅμα
400 2376 738 2446 παρείποντο
791 2379 978 2433 πολλοὶ
1025 2379 1103 2450 τῷ
1146 2381 1324 2450 ἀνδρὶ,
1373 2382 1683 2453 ὲπέρῤειδὲ
1719 2385 1817 2435 καὶ

231 2467 436 2521 πλείων
462 2471 492 2522 δ
519 2470 677 2539 δχλος
711 2472 777 2524 τὰ
811 2473 1054 2542 σωτήρια
1080 2473 1172 2526 ὑπ’
1198 2471 1366 2526 αὑτοῦ
1409 2473 1813 2542 διδασκόμενοι,

232 2560 333 2623 ἕως
362 2563 458 2631 τῆς
488 2563 740 2634 φυλακῆς
767 2564 938 2636 ἐπέϐη
963 2564 1059 2617 καὶ
1093 2566 1264 2636 αὐτῆς
1289 2566 1422 2620 εἴσω
1453 2567 1741 2637 γεγένητο.

303 2819 398 2885 (Γ.
426 2817 664 2888 Πέμπτη
692 2817 872 2873 τοίνυν
905 2819 1044 2889 μετά
1091 2819 1189 2892 τὴν
1237 2822 1479 2892 φρουρὰν
1519 2820 1816 2893 περιῆλθεν

231 2911 439 2981 ἡμέρα,
462 2913 558 2963 καὶ
615 2912 738 2979 ἄγει
787 2913 950 2966 πάλιν
977 2913 1068 2966 τὸν
1121 2915 1362 2986 ἀθλητὴν
1397 2918 1424 2968 ὁ
1460 2917 1693 2980 Λυσίας,
1717 2917 1814 2970 καὶ

230 3005 464 3067 ἀναιδῶς
495 3004 585 3058 τὸν
613 3007 787 3075 πρᾶον
841 3006 1302 3077 ὑποκρινάμενος,
1343 3007 1515 3081 ταύτῃ
1552 3026 1815 3079 μετενεγ-

1925 1916 2402 1969 remunerationes
2455 1917 2693 1984 cogitate
2745 1923 2800 1968 et
2847 1914 3092 1983 praemia.
3136 1913 3326 1984 Neque
3364 1918 3509 1970 enim

1924 2019 2109 2062 mente
2133 2008 2554 2077 comprehendi,
2584 2021 2765 2076 neque
2791 2008 2978 2079 verbis
3005 2008 3244 2076 exprimi
3279 2015 3511 2077 possunt

1921 2097 2086 2164 bona,
2151 2113 2274 2168 qua:
2325 2098 2436 2153 Rex
2494 2098 2821 2154 immortalis
2872 2107 2928 2154 et
2980 2114 3124 2154 nunc
3164 2101 3258 2154 dat
3309 2101 3375 2156 iis
3414 2101 3508 2172 qui

1922 2206 2019 2260 pro
2066 2192 2184 2261 ipso
2221 2195 2532 2262 patiuntur,
2568 2200 2625 2248 et
2657 2193 2712 2246 in
2743 2192 2902 2247 caelis
2931 2203 3286 2246 reservantur
3315 2193 3369 2246 in
3408 2210 3509 2263 po-

1922 2295 2161 2339 sterum.
2203 2284 2343 2352 Quin
2378 2286 2542 2340 etiam
2590 2285 2771 2356 ipsum
2811 2301 3031 2356 quoque
3062 2301 3164 2355 pro
3211 2288 3328 2357 ipso
3373 2287 3508 2356 pati,

1919 2389 2004 2432 est
2030 2377 2364 2447 jucundum,
2411 2389 2636 2448 propter
2667 2378 2848 2448 ipsum
2891 2387 3074 2431 autem
3107 2380 3268 2441 mori,
3303 2388 3386 2432 est
3414 2379 3508 2448 ju-

1919 2470 2178 2524 cundius.
2228 2468 2363 2522 Eum
2405 2480 2589 2524 autem
2627 2471 2788 2524 multi
2821 2471 3211 2540 sequi-bantur,
3247 2480 3302 2525 et
3333 2472 3508 2540 major

1920 2561 2178 2615 adluebat
2214 2562 2394 2624 turba,
2434 2576 2558 2631 qua:
2591 2561 2660 2616 ab
2687 2577 2756 2616 eo
2794 2562 3096 2616 docebatur
3127 2578 3192 2616 ea
3223 2579 3344 2632 qua:
3377 2577 3507 2618 sunt

1918 2655 2204 2718 salutaria,
2243 2656 2422 2710 donec
2461 2656 2710 2710 ascendit
2745 2655 2800 2709 in
2838 2658 3172 2720 custodiam,
3227 2665 3282 2710 et
3325 2656 3502 2727 ipsam

1917 2759 2002 2805 est
2034 2749 2332 2818 ingressus.

1990 2839 2079 2894 Vl.
2133 2839 2374 2904 Quintus
2407 2838 2526 2894 dies
2558 2839 2925 2908 praeterierat,
2959 2853 3026 2893 ex
3080 2855 3186 2908 quo
3219 2841 3502 2909 conjectus

1917 2931 2099 2988 fuerat
2155 2935 2208 2984 in
2269 2931 2602 2996 custodiam,
2663 2939 2717 2985 et
2756 2932 3016 2984 athletam
3061 2947 3253 2984 rursus
3291 2932 3502 2985 curavit

1918 3025 2306 3082 adducendum
2362 3022 2590 3094 Lysias;
2671 3033 2726 3079 et
2784 3025 3134 3093 impudenter
3191 3038 3250 3077 se
3311 3025 3498 3077 mitem

230 3100 346 3151 κεῖν
383 3099 550 3151 αὑτὸν
583 3099 682 3168 τῆς
727 3099 1015 3164 εὐσεϐείας
1067 3103 1400 3170 ἐμηχανᾶτο.
1441 3102 1552 3156 Καὶ
1575 3143 1588 3166 ,
1620 3103 1812 3157 Ἵστω-

1923 3135 2041 3176 esse
2081 3118 2388 3182 simulans,
2442 3117 2521 3172 sic
2569 3131 2696 3171 eum
2749 3116 3076 3170 moliebatur
3134 3118 3416 3171 traducere
3469 3132 3499 3172 a

234 3205 329 3241 σαν
373 3191 423 3242 al
475 3188 590 3242 θεοὶ
637 3189 902 3254 ἅπαντες,
960 3190 1137 3258 ἔλεγε,
1176 3191 1498 3262 Σευηριανὲ,
1548 3193 1630 3244 ὅτι
1666 3196 1810 3246 πάνυ

231 3281 440 3351 σφόδρα
500 3279 898 3351 ὲκπλήττομαι,
960 3282 1419 3352 ἀναλογιζόμενος
1475 3285 1624 3348 ὅπως
1674 3285 1812 3358 ἀνὴρ

230 3372 370 3425 οὕτω
399 3373 500 3442 μὲν
541 3374 748 3440 ἀγαθὸς
776 3373 874 3445 τὴν
909 3372 1080 3444 ὥραν,
1107 3377 1201 3430 καὶ
1229 3375 1328 3428 ὅσα
1371 3376 1499 3430 ἰδεῖν
1528 3379 1809 3448 ἀνδρείως,

228 3467 368 3519 οὕτω
396 3467 457 3520 δὲ
490 3468 814 3538 ἐμπειρίαις
851 3467 1197 3538 πραγμάτων
1223 3468 1667 3539 μεμελετημένος
1715 3471 1808 3524 θά-

230 3575 390 3612 νατον
429 3560 686 3630 προφανῆ
730 3559 824 3612 τοῦ
873 3558 1032 3628 ἡδέος
1076 3559 1267 3612 τούτου
1317 3561 1558 3634 ἀλλάττῃ
1611 3563 1808 3626 φωτός.

239 3653 484 3707 Ἐπαινῶ
525 3669 621 3706 σου
650 3652 710 3704 τὸ
739 3651 1026 3725 σταθερὸν,
1055 3650 1171 3705 ἀλλ’
1204 3654 1252 3704 εἰ
1287 3653 1430 3706 κατά
1463 3654 1570 3705 τῶν
1598 3653 1812 3723 ἐχθρῶν

228 3747 501 3816 ὲκέχρησο
541 3745 619 3814 τῷ
652 3744 1114 3815 πλεονεκτήματι.
1135 3745 1209 3798 Τὸ
1240 3745 1297 3797 δὲ
1326 3747 1419 3798 καί⁵
1451 3747 1682 3816 σιδήρῳ,
1715 3747 1811 3799 καὶ

230 3841 386 3911 πυρὶ,
412 3839 508 3892 καὶ
536 3838 720 3910 θηρσὶ,
740 3839 837 3890 καὶ
863 3837 1033 3900 λίθοις
1069 3838 1324 3892 παλαίειν
1369 3839 1578 3908 ἠλίθιον
1611 3840 1809 3910 κομιδῇ

230 3937 315 3985 καὶ
366 3932 490 3985 οὐδὲ
527 3929 726 4000 μανίας
787 3930 1090 4001 ἐλεύθερον.
1147 3933 1218 3984 Ἢ
1249 3933 1345 4000 οὐχ
1390 3934 1520 4004 ὁρᾷς
1552 3935 1599 3986 εἰ
1649 3935 1722 4002 μή
1759 3950 1812 3985 τι

228 4027 379 4092 ἄλλο,
412 4027 489 4088 ὡς
521 4027 782 4096 παρεῖται
807 4023 908 4093 μέν
969 4041 1052 4077 σοι
1099 4023 1161 4077 τὺ
1191 4027 1442 4094 γενναῖον
1475 4027 1576 4094 τῆς
1619 4027 1814 4098 ῥώμης

231 4123 320 4173 καὶ
345 4119 607 4185 λέλυται;
644 4118 859 4189 διαρρεῖ
885 4117 944 4171 δὲ
992 4118 1086 4171 καὶ
1135 4117 1269 4172 αὐτὸ
1302 4118 1403 4190 ήδη
1437 4117 1496 4170 τὸ
1527 4119 1687 4188 σῶμα
1719 4121 1813 4173 καὶ

229 4216 478 4283 οῑχεταις
519 4211 728 4274 τούτοις
770 4213 797 4264 ὸ
824 4210 1033 4274 Λυσίας
1085 4209 1318 4264 ἐκλῦσαι
1361 4210 1682 4281 πανούργως
1721 4212 1812 4264 τὸν

230 4309 380 4358 τόνον
415 4303 568 4375 αὐτῷ
597 4303 898 4374 ἐπεχείρει.
950 4302 1010 4356 '0
1036 4303 1120 4369 δὲ,
1162 4303 1255 4375 Μὴ
1284 4304 1420 4375 πρὸς
1443 4306 1541 4367 τὰς
1571 4305 1816 4374 δαπανη-

230 4399 418 4462 θείσας
448 4399 572 4460 ταῖς
597 4396 818 4468 μάστιξι
850 4398 1060 4467 σάρκας
1085 4397 1304 4462 σκόπει,
1331 4397 1518 4466 φησίν·
1547 4397 1610 4458 ἀς
1643 4399 1690 4449 εί
1717 4398 1814 4449 καὶ

233 4493 302 4563 μὴ
372 4490 543 4554 αὐτὸς
601 4489 925 4554 ἀναλώσεις,
969 4491 1088 4545 ἀλλ’
1119 4492 1147 4544 ὁ
1176 4489 1408 4555 θάνατος
1456 4491 1702 4545 ἐπελθὼν
1749 4475 1888 4546 οὔθ

230 4588 476 4653 φείσεται
509 4583 730 4646 πάντως
753 4600 767 4614 ·
791 4583 907 4636 ἀλλ’
930 4583 1047 4636 ἐστί
1083 4600 1176 4653 μοι
1208 4585 1558 4655 προαίρεσις,
1587 4585 1654 4657 ἢν
1687 4586 1813 4640 οὔτε

227 4677 426 4748 ἀπειλὴ
460 4674 824 4746 καταπλήξει,
849 4674 977 4730 οὔτε
1015 4677 1250 4747 βάσανος
1301 4677 1498 4746 ἅψεται
1523 4693 1534 4706 ·
1591 4678 1815 4732 τούναν-

228 4772 336 4823 τίον
369 4772 472 4840 μὲν
502 4768 597 4823 οὖν
627 4771 775 4823 ἀπαν
803 4808 820 4834 ,
852 4769 948 4822 καὶ
981 4769 1216 4838 ῥώννυσι
1248 4770 1452 4839 μᾶλλον
1473 4771 1644 4840 αὐτὴν
1674 4771 1815 4841 ὑπὲρ

227 4865 469 4933 Χριστοῦ
517 4866 614 4917 καὶ
673 4862 1097 4933 προθυμοτέραν
1147 4863 1468 4934 ἐργάζεται.
1518 4864 1680 4917 Ὅθεν
1737 4866 1814 4935 μὴ

230 4957 491 5025 μαστιζε,
555 4955 694 5024 μηδὲ
731 4955 969 5025 ἀνάρτα,
1016 4955 1151 5026 μηδὲ
1191 4955 1428 5020 διάξαινε
1467 4956 1652 5025 μόνον,
1678 4955 1818 5009 ἀλλὰ

228 5051 319 5103 καὶ
343 5050 521 5112 λίθοις
551 5048 844 5119 βάλλε,καὶ
866 5050 1000 5118 πυρὶ
1027 5049 1189 5112 δίδου,
1230 5051 1324 5101 καὶ
1365 5049 1476 5100 πᾶν
1511 5049 1650 5117 ὅπερ
1682 5047 1750 5101 ἂν

229 5147 545 5214 βουλομένῳ
577 5160 662 5196 σοι
706 5143 953 5210 δυνατὸν,
995 5144 1225 5210 ὲπάγειν
1269 5144 1344 5213 μὴ
1388 5143 1686 5213 ἀναϐάλλῃ.
1729 5142 1816 5205 Ὠς

229 5239 425 5291 θᾶττον
461 5236 532 5290 ἂν
563 5239 627 5290 σὺ
689 5237 934 5300 κολάζων
995 5238 1416 5308 ἀπαγορεύσῃς,
1443 5235 1476 5303 ἢ
1507 5235 1672 5298 αὐτὸς
1729 5236 1818 5289 διὰ

229 5330 466 5401 Χριστὸν
514 5329 760 5398 ἐμαυτοῦ
807 5330 1090 5399 φείσομαι.
1131 5328 1354 5399 Ἐχθρὸς
1397 5329 1456 5381 δὲ
1513 5331 1700 5392 ὁποῖος
1750 5329 1816 5382 ἂν

230 5425 416 5494 ἔτερος
472 5425 602 5492 ἐμοὶ
657 5423 754 5476 σοῦ
796 5422 1182 5493 χαλεπώτερος
1231 5423 1404 5484 ἔσται,
1438 5422 1671 5475 συνιδεῖν
1718 5423 1819 5474 οὑκ

232 5517 336 5586 ἔχω
357 5535 372 5548 ο
403 5520 463 5580 ὃς
488 5534 552 5585 γε
572 5518 634 5570 ού
663 5517 947 5587 πόρρωθεν
979 5516 1383 5585 ἀκροϐολίζεις,
1407 5515 1528 5568 οὐδὲ
1560 5516 1700 5569 κατά
1723 5514 1818 5567 τοῦ

233 5611 490 5678 σώματος
523 5609 695 5678 dein;
729 5609 790 5660 τὸ
827 5608 1001 5678 βέλος,
1036 5609 1150 5659 ἀλλ’
1181 5610 1351 5676 αὐτὴν
1403 5607 1696 5661 σκυλεῦσαι
1728 5625 1818 5675 τρι-

229 5705 462 5758 λονεικεῖ
512 5707 610 5773 τῆς
639 5701 920 5767 εὐπὸείας
948 5707 1128 5759 ὃπλων
1156 5708 1464 5776 γυμνῶσαι,
1486 5706 1582 5758 καὶ
1622 5704 1819 5772 δούλην

232 5803 546 5867 ἀπαγαγεῖν
584 5804 680 5851 καὶ
715 5800 1089 5871 αἰεχμάλωτον.

1918 3216 2146 3284 pietate.
2172 3212 2258 3276 Et,
2317 3210 2505 3265 Sciant
2535 3224 2726 3264 omnes
2753 3209 2853 3273 dii,
2890 3209 3125 3273 dicebat,
3174 3213 3496 3276 Severiano,

1917 3309 2078 3363 valde
2115 3307 2306 3369 miror,
2343 3311 2610 3374 reputans
2643 3302 2791 3372 quod
2841 3303 2923 3356 vir
2953 3302 3175 3371 quidem
3208 3305 3345 3356 adeo
3391 3303 3502 3356 for—

1917 3418 2004 3456 ma
2047 3402 2290 3471 elegans,
2329 3409 2384 3454 et
2434 3401 2581 3468 quod
2633 3398 2808 3452 videri
2859 3408 3056 3467 potest,
3094 3398 3269 3462 fortis,
3317 3407 3373 3450 et
3404 3397 3500 3464 qui

1917 3510 2101 3548 rerum
2172 3501 2376 3547 tantam
2439 3501 2636 3546 nactus
2699 3506 2758 3546 es
2817 3491 3245 3558 erperientiam,
3307 3501 3497 3558 aperta

1917 3596 2152 3641 mortea
2214 3586 2368 3640 suavi
2429 3585 2531 3639 hac
2587 3584 2710 3639 lucc
2768 3583 3041 3638 discedas.
3101 3581 3288 3636 Laudo
3348 3593 3495 3636 tuam

1916 3681 2270 3735 stabilitatem
2323 3687 2377 3734 et
2419 3679 2809 3740 constantiam,
2848 3675 2894 3730 si
2941 3692 3006 3730 ea
3043 3692 3175 3730 usus
3221 3691 3370 3730 esses
3402 3676 3501 3729 ad-

1916 3788 2110 3827 versus
2147 3776 2353 3826 hostes.
2399 3770 2539 3826 Cum
2593 3769 2740 3823 ferro
2787 3779 2992 3832 autem,
3023 3769 3170 3837 igne,
3216 3768 3408 3822 bestiis
3437 3778 3494 3821 et

1916 3866 2198 3934 lapidibus
2233 3865 2536 3929 decertare,
2571 3871 2656 3916 est
2706 3863 2869 3931 plane
2910 3861 3162 3924 stultum,
3199 3869 3253 3913 et
3296 3861 3492 3912 nonni-

1916 3956 1992 4010 hil
2044 3956 2206 4010 alline
2259 3954 2507 4008 insaniae.
2565 3954 2648 4006 An
2697 3968 2808 4006 non
2858 3951 3014 4005 vides
3044 3951 3086 4006 si
3137 3951 3274 4003 nihil
3323 3951 3494 4012 aliud,

1916 4047 2084 4101 robur
2119 4046 2340 4114 quidem
2382 4051 2535 4097 tutnn
2569 4057 2692 4097 esse
2730 4043 2967 4096 fractum
3036 4050 3093 4096 et
3145 4044 3497 4105 dissolutum,

1916 4141 2097 4209 ipsum
2134 4147 2318 4192 autem
2359 4150 2562 4206 corpus
2589 4135 2706 4200 jam
2754 4133 3001 4190 dillluere
3033 4147 3088 4188 et
3139 4135 3356 4204 perire?
3404 4135 3501 4186 llis

1917 4233 2108 4303 Lysias
2190 4228 2386 4284 callide
2433 4227 2737 4282 conabatur
2776 4227 2896 4294 ejus
2938 4239 3202 4281 enervare
3243 4236 3502 4281 constan-

1919 4329 2073 4382 tiam.
2127 4325 2221 4381 llle
2265 4334 2453 4380 autem
2487 4341 2502 4378 :
2531 4324 2613 4380 Ne
2662 4325 3002 4389 consideres,
3059 4325 3255 4392 inquit,
3305 4337 3501 4376 carnes

1917 4430 2278 4491 consumptas
2308 4418 2552 4490 ﬂagellis,
2599 4433 2733 4488 quas
2763 4417 2805 4472 si
2842 4425 2898 4470 tu
2927 4431 3035 4470 non
3067 4415 3498 4483 consumpseris,

1917 4523 1972 4569 at
2005 4528 2150 4567 mors
2189 4512 2490 4567 adveniens
2522 4511 2747 4564 minime
2793 4510 3018 4562 omnino
3052 4507 3132 4562 eis
3178 4507 3498 4576 parcet.Sed

1916 4617 2000 4662 est
2031 4606 2164 4660 mihi
2209 4605 2384 4659 libera
2413 4603 2582 4656 animi
2615 4603 2888 4664 voluntas,
2926 4616 3089 4670 quam
3122 4615 3301 4668 neque
3336 4599 3502 4652 minae

1921 4702 2224 4761 terrebunt,
2257 4713 2436 4765 neque
2466 4704 2799 4748 tormentum
2848 4695 3079 4761 attinget
3112 4710 3126 4746 :
3159 4703 3350 4745 contra
3396 4707 3500 4744 at.-

1919 4801 2027 4845 tem
2068 4805 2188 4844 eam
2243 4788 2419 4856 magis
2471 4786 2696 4837 omnino
2736 4800 2836 4852 pro
2887 4783 3104 4837 Christo
3153 4784 3499 4846 conﬁrmant,

1918 4881 2426 4952 promptioremque
2464 4877 2707 4932 clliciunt
2737 4887 2792 4928 et
2841 4875 3186 4928 alacriorem.
3233 4875 3502 4941 Quocirca

1918 4985 2028 5023 non
2060 4969 2239 5024 solum
2269 4965 2450 5034 ﬂagris
2494 4962 2664 5024 caede,
2711 4962 2990 5029 suspende
3024 4970 3079 5013 et
3125 4960 3305 5013 lacera
3359 4979 3372 5012 :
3404 4961 3500 5013 sed

1919 5061 2084 5116 etiam
2117 5061 2292 5113 obrue.
2341 5056 2635 5126 lapidibus,
2671 5062 2727 5108 et
2758 5053 2875 5122 iace
2910 5053 2964 5105 in
3015 5052 3220 5120 ignem,
3254 5062 3310 5105 et
3339 5054 3501 5119 quit-l-

1919 5153 2074 5223 quid,
2107 5151 2252 5221 quod
2290 5150 2373 5204 vis
2399 5159 2454 5202 et
2493 5157 2648 5216 potes
2679 5146 2880 5208 facere,
2916 5147 2973 5198 in
3007 5159 3096 5198 me
3129 5159 3198 5197 ne
3228 5143 3502 5196 cuncteris

1919 5246 2210 5300 intentare.
2253 5243 2387 5296 Nam
2432 5251 2490 5294 tu
2529 5240 2638 5294 eris
2685 5240 2848 5293 citius
2889 5236 3144 5292 defessus
3194 5236 3500 5303 puniendo,

1920 5355 2083 5408 quam
2116 5354 2216 5407 ego
2272 5335 2409 5390 mihi
2463 5349 2682 5403 parcam
2732 5341 2959 5402 propter
2997 5329 3299 5384 Christum.
3340 5327 3502 5392 Quis-

1921 5446 2047 5484 nam
2094 5437 2278 5483 autem
2313 5441 2365 5483 te
2399 5429 2532 5482 mihi
2589 5429 2806 5496 gravior
2842 5426 3062 5480 futurus
3115 5425 3187 5476 sit
3219 5422 3498 5485 inimicus,

1921 5539 2032 5577 non
2081 5537 2304 5591 possum
2357 5523 2722 5590 perspicere:
2771 5519 2863 5588 qui
2905 5534 3014 5571 non
3065 5517 3240 5569 solum
3281 5517 3504 5568 eminus

1919 5616 2201 5686 jat-ularis,
2241 5630 2304 5666 ac
2339 5618 2506 5668 telum
2548 5614 2601 5666 itt
2640 5629 2837 5680 corpus
2890 5611 3157 5670 immittis,
3186 5610 3279 5663 sed
3313 5609 3504 5662 studes

1926 5710 2092 5776 ipsam
2131 5709 2364 5774 spoliare.
2422 5708 2684 5766 animam,
2744 5717 2796 5758 et
2837 5722 2954 5757 eam
3008 5705 3231 5756 omnino
3285 5704 3496 5756 nudare

1926 5800 2094 5855 armis
2153 5803 2390 5872 pietatis,
2445 5808 2501 5854 et
2552 5814 2764 5852 servam
2803 5800 3077 5853 abducere
3117 5808 3172 5851 et
3205 5796 3496 5866 captivam.
