3996 6484
380 411 489 475 61⁸)

1499 411 1599 470 ΜΛ
1612 410 1963 470 RTYRIUM
2007 409 2068 477 S,
2108 409 2544 473 SEVERIANI.

3523 416 3628 482 650

381 529 609 601 σχύνθη.
655 531 718 584 ἠ
749 532 848 601 μὲν
885 535 989 601 γὰρ
1039 535 1146 586 τῶν
1185 534 1366 604 μελῶν
1417 534 1708 598 διάπλασις
1741 534 1841 603 τῆς
1879 533 1949 584 οί·

2058 533 2282 602 pudore.
2314 533 2446 589 Nam
2472 539 2834 592 membrorum
2865 539 3080 609 quidem
3112 539 3282 596 forma
3303 556 3330 595 a
3355 556 3451 596 sua
3482 557 3636 596 com-

377 621 534 685 κείας
569 624 842 692 άρμοσίας
876 623 1134 679 διεσπᾶτο
1167 626 1261 678 καὶ
1286 627 1353 679 τὰ
1389 627 1524 680 ὀστᾶ
1570 626 1678 678 τῶν
1734 624 1953 694 σαρκῶν

377 714 720 782 ἐγυμνοῦτοο
752 715 784 784 ἡ
815 715 873 768 δέ
906 717 1226 786 προαίρεσις
1257 720 1393 781 ὅλως
1441 713 1507 788 ἦν
1554 718 1794 787 ἀπαθής.
1825 719 1952 769 Ata-

377 804 594 868 παίζων
617 805 672 858 δέ
706 807 868 858 αὐτὸν
915 809 1123 862 ἄνωθεν
1155 815 1248 862 καὶ
1275 812 1302 862 6
1327 811 1553 872 Λυσίας·
1605 807 1951 877 ’Υπόμεινον,

375 896 559 965 ιλεγε,
589 897 911 968 Σευηριανὲ,
937 900 1074 970 τάχα
1101 901 1210 970 γὰρ
1240 900 1382 953 οῦτω
1416 898 1569 970 παρὰ
1597 899 1674 970 τῷ
1709 899 1785 968 σῷ
1817 900 1923 964 Χρι

377 988 493 1058 στῷ
539 989 635 1042 καὶ
665 993 692 1043 6
730 991 920 1060 μισθός
953 1010 1035 1045 σοι
1089 994 1294 1063 μείζων
1325 994 1710 1062 γενήσεται.⁹0
1743 993 1953 1061 μάρτυς

374 1077 432 1129 δέ
462 1083 555 1131 καὶ
589 1080 858 1134 ἐκλείπων
889 1065 1012 1152 ἤδη,
1039 1086 1134 1137 καὶ
1165 1086 1301 1154 πρὸς
1323 1085 1642 1146 τελευταίας
1678 1083 1953 1142 ἀναπνοὰς

377 1167 488 1233 ὢν,
525 1170 586 1221 Ei
619 1171 790 1241 ᾔδεις,
828 1173 1005 1241 ἔλεγε,
1055 1175 1309 1245 τύραννε,
1336 1175 1460 1229 τίνα
1521 1191 1611 1245 μοι
1673 1174 1954 1245 προξενεῖς

374 1261 502 1313 ἀντὶ
530 1263 1118 1337 τούτου,ὲπεθύμησας
1159 1267 1226 1321 ἂν
1251 1267 1320 1321 τὰ
1364 1267 1456 1322 τσα
1491 1269 1584 1321 καὶ
1627 1266 1790 1329 αὐτὸς
1821 1266 1954 1318 ὐπο-

374 1354 600 1421 στῆναι·
635 1355 688 1407 τὶ
736 1355 914 1426 δηλῶν
967 1358 1239 1421 ἐντεῦθεν,
1273 1359 1354 1412 ὅτι
1413 1359 1508 1412 καὶ
1568 1358 1832 1429 μειζόνων
1866 1355 1953 1410 διὰ

372 1444 610 1514 Χριστὸν
641 1445 816 1499 ἄλλων
863 1448 1074 1519 ἠφίετο.
1122 1450 1432 1520 Θαυμάζων
1476 1451 1656 1503 τοίνυν
1690 1451 1718 1502 6
1749 1449 1954 1513 Λυσίας

373 1537 468 1589 ἰπὶ
500 1540 568 1607 τῇ
599 1539 839 1612 τοσαύτῃ
863 1541 958 1594 τοῦ
990 1542 1182 1613 ἀνδρὸς
1209 1544 1456 1615 ὑπομονῇ
1491 1561 1551 1596 τε
1579 1545 1671 1596 καὶ
1706 1542 1951 1611 γενναιὸ-

371 1643 518 1698 τητι,
552 1631 648 1682 καὶ
683 1631 917 1700 μάλιστα
951 1635 1037 1703 ἐφ’
1069 1629 1150 1697 οἷς
1177 1634 1448 1704 εὐκαίρως
1507 1634 1672 1701 οὑτω,
1710 1635 1953 1700 καίτοιγε

371 1722 636 1785 τοιούτοις
665 1725 1075 1796 ἀπειλημμένος
1104 1730 1318 1792 κακοῖς,
1350 1730 1684 1800 ἀπεκρίνατο
1703 1743 1717 1758 °
1748 1729 1948 1797 ᾪμην,

371 1814 502 1883 ἔφη,
535 1816 851 1888 Σευηριανὲ,
893 1818 1116 1890 ἰδιώτην
1166 1815 1306 1873 εἶναι
1348 1837 1430 1882 σε,
1462 1821 1556 1873 καὶ
1606 1820 1952 1891 γραμμάτων

373 1904 719 1973 ἀπαίδευτον,
745 1904 834 1962 οἷα
867 1911 1175 1982 σρατιὼτην
1209 1910 1360 1976 ὄντα,
1393 1913 1487 1965 καὶ
1532 1912 1659 1980 περὶ
1691 1912 1948 1982 πολέμοις

372 1997 460 2050 ἀεὶ
497 2001 914 2071 γυμναζάμενον
932 2019 946 2034 ⁸
974 2002 1089 2056 ἀλλ’
1123 2002 1198 2068 ὡς
1226 2004 1362 2076 ὁρῶ,
1388 2004 1556 2067 πολὺς
1581 2001 1632 2058 εἷ
1654 2005 1752 2074 τὴν
1781 2005 1952 2074 γλῶτ-

371 2107 492 2156 ταν,
513 2094 609 2144 καὶ
635 2093 817 2161 λέγειν
849 2098 1314 2168 ρητορικώτατος.
1347 2099 1492 2168 Πρὸς
1514 2097 1690 2152 ταῦτα
1744 2099 1950 2152 ὑπολα-

373 2182 486 2236 ϐὼν
506 2187 535 2236 6
558 2185 732 2254 ἅγιος·
779 2188 836 2241 '0
866 2189 1021 2256 Θεὺς,
1071 2191 1258 2260 φησὶν,
1293 2184 1337 2259 ᾧ
1370 2191 1480 2260 ἐγὼ
1513 2191 1780 2264 λατρεύω,
1819 2194 1952 2247 ὑπο-

372 2280 686 2348 στήσασθαι
722 2282 899 2336 πάντα
925 2281 1147 2346 δυνατὸς
1177 2283 1274 2348 ὢν,
1307 2284 1374 2338 ἃν
1421 2284 1641 2356 ίδιώτην
1671 2285 1832 2358 λάϐῃ,
1858 2302 1950 2338 σοι

371 2367 474 2435 φὺν
510 2371 913 2441 ἀπεργάζεται,
933 2375 1000 2429 ἂν
1033 2376 1226 2442 δειλὸν,
1247 2377 1492 2447 ἀνδρεῖον
1532 2379 1696 2443 ποιεῖ,
1729 2381 1794 2432 ἂν
1821 2395 1951 2448 μογ-

371 2461 596 2530 γιλάλον
657 2465 754 2519 καὶ⁸
817 2467 1258 2538 βραδύγλωσσον,
1299 2469 1542 2539 εὔφωνον
1597 2473 1807 2542 ῥήτορα
1858 2471 1952 2524 καὶ

371 2557 585 2626 κομψὸν
638 2560 1010 2617 ἀναδείκνυσι.
1059 2563 1246 2617 Ταῦτα
1297 2563 1443 2633 εἷπε,
1486 2567 1582 2620 καὶ
1637 2567 1808 2636 βραχὺ
1855 2569 1953 2632 τὰς

372 2652 566 2721 χεῖρας
617 2652 962 2724 διανασχὼν,
1001 2656 1328 2728 Εὐχαριστῶ
1365 2674 1469 2724 σοι,
1527 2658 1697 2730 Κύριε
1737 2661 1766 2712 6
1797 2658 1950 2724 Θεὸς,

373 2741 504 2812 ἔφη,
552 2745 636 2796 ὃτι
681 2745 972 2816 ἐνίσχυσάς
1032 2765 1135 2817 με,
1176 2751 1271 2803 καὶ
1323 2750 1446 2804 ἔθου
1509 2751 1661 2818 τόξον
1720 2750 1954 2822 χαλκοῦν

371 2833 501 2898 τούς
535 2833 830 2906 βραχίονάς
860 2855 985 2909 μου,
1033 2840 1130 2892 καὶ
1189 2841 1411 2912 ἐρῤύσω
1463 2843 1561 2914 τὴν
1623 2845 1801 2914 ψυχήν
1851 2861 1952 2914 μου

374 2924 484 2978 άπὸ
520 2926 752 2991 ἀσεϐοῦς
784 2931 1084 3000 ῥομφαίας,
1116 2933 1225 2987 ἀπὸ
1255 2934 1466 3006 ἐχθρῶν
1495 2935 1595 3004 τῆς
1629 2935 1809 3006 χειρός
1833 2953 1948 3000 σου,

373 3016 471 3069 καὶ
509 3018 618 3071 ἀπὸ
650 3019 760 3073 τῶν
819 3023 1276 3094 ἐπανισταμένων
1326 3027 1414 3081 ἐπ’
1467 3027 1569 3098 ἐμὲ
1613 3027 1835 3097 ὐψωτάς
1862 3045 1950 3099 με.

372 3107 484 3161 Καὶ
537 3109 633 3162 νῦν
678 3113 738 3165 ἐν
783 3115 907 3177 ταῖς
975 3114 1170 3180 αὐλαῖς
1229 3134 1347 3183 σου,
1409 3120 1678 3185 Δέσποτα,
1730 3122 1789 3174 ἐν
1842 3124 1951 3184 τοῖς

2056 640 2192 695 page
2217 625 2603 691 divellebalur,
2629 638 2684 682 et
2705 646 2828 683 ossa
2866 632 3212 685 undabantur
3240 633 3627 698 carnibus,vo-

2057 717 2237 772 lnntas
2272 726 2454 772 autem
2479 729 2533 774 et
2561 721 2796 776 liberum
2832 723 2997 776 animi
3032 724 3335 778 institutum
3370 735 3484 780 erat
3510 742 3632 780 om-

2057 808 2186 861 nino
2213 808 2531 877 impatibile.
2567 812 2700 866 Eum
2733 824 2912 868 autem
2949 830 3015 868 ex
3047 816 3155 869 alto
3185 817 3474 870 ludiﬁcans
3527 817 3634 888 Ly-

2056 900 2166 954 sias
2197 917 2210 954 :
2244 899 2491 967 Sustine,
2520 904 3077 970 dicebat,cheriane,
3112 906 3343 961 fortasse
3382 908 3526 960 enim
3552 912 3632 962 sic

2054 993 2196 1060 apud
2223 993 2499 1048 Christum
2535 996 2637 1050 erit
2677 996 2770 1050 tibi
2813 998 2983 1065 major
3024 1013 3251 1052 merces.
3284 997 3483 1070 Μαι-ψ·
3531 1016 3629 1052 au-

2057 1091 2164 1136 tem
2199 1098 2321 1138 cum
2349 1085 2460 1154 jam
2500 1086 2777 1152 deﬁceret,
2823 1097 2877 1142 et
2903 1099 3204 1142 extremum
3241 1098 3425 1158 ageret
3460 1090 3626 1160 Spiri-

2058 1181 2194 1239 tum,
2230 1173 2286 1228 Si
2348 1177 2538 1243 scires,
2573 1187 2819 1248 tyranne,
2853 1179 3086 1242 dicebat,
3131 1195 3376 1248 quaenam
3415 1196 3512 1252 pro
3544 1181 3629 1234 bis

2057 1267 2188 1320 mibi
2231 1267 2512 1330 concilies,
2566 1271 2683 1340 ipse
2731 1286 2949 1341 quoque
2993 1272 3330 1327 desiderares
3375 1273 3484 1344 pati
3533 1289 3627 1328 ca-

2057 1360 2178 1414 dem
2211 1378 2224 1413 :
2255 1360 2384 1430 quid
2417 1361 2562 1415 aliud
2605 1361 2732 1415 hinc
2776 1362 3110 1432 signiﬁcans,
3141 1379 3304 1432 quam
3337 1363 3481 1432 quod
3515 1379 3631 1417 ma-

2051 1451 2171 1519 jora
2217 1452 2473 1522 cupiebat
2506 1463 2727 1523 propter
2770 1452 3090 1508 Christum?
3120 1455 3406 1508 Admirans
3449 1455 3633 1524 itaque

2057 1538 2242 1611 Lysias
2290 1550 2495 1596 tantam
2523 1543 2644 1612 ejus
2677 1543 3018 1598 tolerantiam
3051 1553 3104 1599 ct
3149 1544 3546 1610 fortitudinem,
3577 1557 3633 1600 et

2058 1634 2294 1687 maxime
2329 1634 2476 1702 quod
2514 1645 2620 1688 tam
2651 1645 2981 1705 opportune,
3010 1637 3222 1691 etiamsi
3263 1637 3460 1692 talibus
3491 1648 3636 1692 esset

2055 1722 2211 1777 malis
2231 1723 2559 1794 implicatus,
2582 1726 2985 1794 reSpondisset,
3028 1726 3437 1789 Existimabam,
3468 1725 3639 1781 Seve-

2056 1817 2228 1882 riane,
2261 1818 2456 1888 inquit,
2499 1829 2548 1872 te
2583 1834 2702 1874 esse
2732 1819 3008 1873 hominem
3046 1821 3234 1873 rudem
3267 1829 3323 1874 ct
3379 1826 3628 1890 ignarum

2054 1909 2376 1976 litterarum,
2411 1919 2470 1964 ut
2502 1913 2592 1980 qui
2629 1911 2705 1966 sis
2757 1911 2934 1975 miles,
2966 1921 3020 1966 et
3054 1913 3105 1965 in
3140 1912 3280 1966 bello
3314 1922 3364 1966 te
3415 1929 3632 1982 SCIDPQI'

2053 2006 2412 2058 exercueris‘:
2444 2005 2562 2068 sed,
2609 2015 2668 2060 ut
2701 2004 2878 2067 video,
2913 2020 2971 2059 es
3006 2005 3270 2059 facundus
3317 2015 3372 2058 et
3421 2021 3631 2060 summa

2051 2096 2106 2152 vi
2138 2096 2350 2152 dicendi
2392 2098 2668 2168 przeditus.
2711 2097 2789 2152 Ad
2830 2098 2943 2153 bzec
2979 2100 3316 2168 respondens
3357 2108 3577 2155 sanctus
3616 2120 3629 2154 :

2052 2192 2222 2255 Deus,
2269 2191 2468 2262 inquit,
2520 2191 2606 2246 cui
2645 2206 2745 2261 ego
2790 2190 2968 2246 servio
3009 2233 3022 2257 ,
3066 2191 3157 2261 qui
3225 2201 3401 2262 potest
3456 2192 3634 2246 facere

2053 2293 2114 2340 ut
2141 2287 2322 2340 omnia
2347 2285 2674 2348 consistant,
2709 2299 2830 2338 cum
2869 2285 2937 2338 sit
2967 2284 3343 2353 omnipvtcns,
3381 2285 3424 2338 si
3459 2284 3631 2338 virum

2053 2376 2243 2430 rudem
2279 2375 2570 2446 acceperit,
2595 2391 2718 2430 eum
2768 2375 2944 2429 reddit
2974 2375 3270 2444 sapientem
3301 2393 3314 2437 ;
3349 2375 3392 2428 si
3424 2385 3632 2428 mutum

2056 2471 2332 2539 tardaeque
2366 2479 2419 2523 et
2454 2467 2815 2538 impcditioris
2848 2467 3062 2536 linguai,
3103 2483 3225 2522 eum
3266 2467 3427 2521 efﬁcit
3456 2467 3633 2522 discr-

2057 2571 2172 2616 tum
2227 2573 2283 2615 et
2337 2561 2642 2630 elegantem
2703 2568 2999 2613 oratorem.
3061 2558 3184 2612 lla'c
3225 2559 3358 2613 dixit
3409 2569 3464 2613 et
3507 2575 3631 2613 cum

2054 2667 2248 2707 manus
2270 2653 2542 2720 paululum
2570 2651 2907 2706 extendisset
2931 2667 2947 2705 :
2975 2651 3088 2720 Ago
3124 2651 3242 2714 tibi,
3270 2651 3468 2720 inquit,
3505 2669 3597 2722 gra
3616 2683 3629 2693 ε

2054 2745 2178 2810 tias,
2213 2743 2439 2799 Domine
2464 2743 2622 2802 Deus.
2656 2743 2799 2812 quod
2828 2757 2913 2795 me
2945 2740 3298 2804 conﬁrmasti,
3318 2749 3371 2794 et
3401 2741 3628 2810 posuisti

2055 2852 2240 2893 arcum
2296 2851 2510 2892 aeneum
2543 2837 2766 2890 brachia
2809 2851 2951 2898 mea,
2989 2844 3043 2889 et
3095 2835 3344 2904 eripuisti
3390 2838 3628 2889 animam

2055 2945 2230 2984 meam
2253 2928 2324 2984 ab
2357 2929 2520 2999 impia
2562 2928 2895 2998 rbomphaza,
2923 2928 2992 2981 ab
3025 2926 3260 2982 inimicis
3290 2944 3482 2981 manus
3507 2936 3630 2989 tute,

2055 3030 2110 3076 et
2134 3022 2201 3075 ab
2223 3021 2286 3076 iis
2307 3021 2396 3091 qui
2426 3021 2781 3091 insurgebant.
2820 3021 3082 3074 adversus
3139 3035 3223 3072 me
3260 3019 3498 3073 extulisti
3527 3035 3630 3073 me.

2060 3113 2124 3167 Et
2163 3129 2309 3168 nunc
2364 3113 2417 3167 in
2457 3113 2613 3168 atriis
2640 3114 2769 3176 tuis,
2819 3113 3047 3168 Domine
3076 3157 3090 3178 ,
3141 3113 3195 3166 in
3234 3111 3394 3166 bonis
3439 3112 3631 3166 domus

372 3198 604 3267 ἀγαθοῖς
641 3201 735 3255 τοῦ
791 3205 942 3259 οἴκου
978 3221 1072 3258 σου
1113 3209 1544 3281 κατασκήνωσὸν
1582 3229 1650 3280 με
1685 3227 1700 3243 ’
1737 3213 1819 3266 ὅτι
1846 3214 1949 3265 εὐ-

2059 3214 2163 3260 tuae
2196 3203 2402 3260 colloca
2447 3220 2554 3261 me.
2581 3203 2856 3270 Quoniam
2900 3204 3214 3260 laetantibus
3248 3204 3504 3260 omnibus
3536 3205 3634 3259 lia-

374 3293 755 3364 φραινομένων
833 3297 1052 3352 πάντων
1083 3301 1116 3369 ἡ
1151 3301 1410 3355 κατοικία
1463 3304 1520 3355 ἐν
1583 3303 1688 3356 σοί.
1734 3305 1952 3375 Ταύτην

371 3384 565 3454 Κυρίῳ
590 3375 690 3458 τὴν
718 3389 885 3459 εὐχὴν
919 3391 1176 3459 ἀποδοὺς,
1197 3393 1362 3456 εὐθὺς
1383 3395 1535 3466 αὐτῷ
1562 3397 1952 3451 συναποδίδωσι

373 3477 469 3529 καὶ
526 3477 589 3531 1:6
634 3480 876 3551 πνεῦμα,
929 3484 1159 3555 ἐννάτην
1223 3485 1345 3540 τότε
1400 3486 1497 3542 τοῦ
1573 3488 1950 3560 Σεπτεμϐρίου

375 3567 547 3638 μηνὸς
574 3569 820 3638 ἄγοντος.

445 3659 524 3714 8'.
554 3660 632 3732 Τῇ
663 3661 720 3714 δὲ
742 3664 902 3734 ἑξῆς,
931 3666 1040 3723 τῶν
1071 3669 1313 3725 εὐσεϐῶν
1343 3689 1508 3737 τινες,
1544 3671 1625 3737 οἷς
1647 3672 1844 3738 διαζῶν
1872 3673 1950 3727 Et.

373 3755 443 3811 τὰ
473 3755 604 3824 περὶ
633 3758 731 3828 τῆς
752 3759 930 3830 ταφῆς
956 3761 984 3812 6
1012 3762 1228 3832 μάρτυς
1249 3764 1582 3836 ἐπέσκηψεν,
1607 3768 1699 3818 ἐπὶ
1729 3767 1788 3820 τὸ
1818 3767 1951 3820 αὐτὸ

375 3850 723 3922 συνελθόντες
751 3852 843 3905 καὶ
863 3852 924 3905 τὸ
943 3854 1284 3925 μαρτυρικδν
1311 3857 1519 3910 ἐκείνου
1539 3859 1700 3927 σῶμα
1722 3859 1949 3929 διαπρε-

376 3944 493 4006 πῶς
528 3945 971 4015 περιστείλαντες
991 3987 1006 4011 ,
1039 3948 1138 4000 καὶ
1173 3947 1379 4020 ὐμνους
1411 3951 1496 4003 ἐπ’
1523 3951 1693 4022 αὐτῷ,
1726 3956 1816 4004 καὶ
1849 3953 1948 4004 ὅσα

373 4035 727 4104 Χριστιανοτς
757 4036 918 4106 νόμος
951 4037 1388 4107 διατελέσαντες,
1417 4041 1710 4106 ποθούσαις
1741 4044 1858 4113 ἅμα
1893 4044 1951 4097 δέ

375 4126 696 4196 σεῆομέναις
723 4130 912 4199 χερσὶν
938 4129 1272 4202 ἀνελόμενοι,
1311 4132 1401 4186 διὰ
1433 4134 1609 4206 μέσης
1648 4135 1841 4198 νυκτὸς
1869 4138 1949 4198 εἰς

372 4219 472 4290 τὴν
497 4221 735 4292 πατρίδα
756 4220 852 4274 τοῦ
878 4222 1156 4295 μάρτυρος
1177 4226 1524 4295 ἀνεκόμιζον.
1547 4226 1702 4281 Ἐπεὶ
1729 4227 1786 4281 δὲ
1809 4227 1950 4281 κατά

370 4328 423 4364 τι
454 4313 654 4382 χωρίον
676 4313 1252 4386 ἀφίκοντο,’μηνύεται
1276 4319 1374 4387 μὲν
1393 4321 1460 4391 τῇ
1491 4319 1712 4390 πατρίδι
1739 4320 1948 4376 ἐκεῖθεν

374 4405 403 4474 ἡ
427 4404 522 4457 τοῦ
548 4405 802 4475 λειψάνου
822 4407 1122 4479 ἐπιδημία·
1146 4411 1240 4463 καὶ
1259 4410 1490 4476 ἕκαστός
1511 4430 1567 4465 τε
1596 4415 1949 4484 προϋπαντᾷν

369 4497 572 4550 ἐνενόει
591 4539 608 4565 ,
647 4499 737 4551 καὶ
764 4500 900 4568 ὁμοῦ
934 4500 1136 4563 πάντες
1166 4498 1418 4572 ἐξῄεσαν,
1451 4501 1548 4554 καὶ⁵
1579 4501 1751 4564 οὐδεὶς
1788 4497 1856 4571 ἦν
1887 4501 1946 4563 ὃς

367 4588 468 4641 οὐκ
493 4589 707 4658 ἐφοίτα,
733 4591 792 4643 οὐ
811 4591 1008 4662 γέρων,
1027 4593 1086 4646 οὐ
1117 4597 1264 4656 παῖς,
1293 4593 1393 4645 οὐκ
1418 4591 1669 4663 ἀσθενὴς,
1693 4592 1754 4646 οὐ
1785 4591 1946 4660 φύσει

370 4681 608 4752 βραδύς·
640 4682 756 4736 ἀλλ’
779 4684 1008 4748 ἕκαστος
1043 4685 1399 4756 προαρπάσαι
1432 4687 1530 4755 τὴν
1557 4685 1806 4752 εὐλογίαν
1835 4684 1950 4739 ἐνό-

370 4773 494 4843 μιζε
517 4814 534 4839 ,
573 4775 735 4844 μόνον
767 4778 818 4828 εί
853 4777 1079 4845 φθάσειε
1112 4777 1190 4847 τῷ
1223 4777 1459 4847 λειψάνῳ
1495 4778 1946 4848 προῦπαντήσας.

369 4866 527 4920 Οὕτω
556 4869 737 4922 τοίνυν
781 4869 1036 4923 ἁπάντων
1088 4872 1185 4923 σὺν
1219 4870 1499 4940 προθυμίᾳ
1531 4869 1902 4938 ἐπειγομένων
1926 4910 1944 4937 ,

369 4957 557 5012 δούλου
606 4961 904 5024 τεθνεῶτος
949 4960 1183 5028 σύζυγος
1235 4958 1594 5014 ὑπολέλειπτο
1645 4959 1782 5029 μόνη
1832 4959 1944 5030 (τε-

372 5052 689 5120 τελευτήκει
719 5053 829 5124 γάρ
858 5071 941 5116 τις
979 5053 1099 5106 κατ’
1134 5053 1312 5105 ἐκεῖνο
1341 5049 1534 5124 καιροῦ
1565 5049 1673 5104 τῶν
1693 5049 1786 5104 τοῦ
1809 5050 1948 5122 μάρα-

371 5161 532 5216 τυρος
566 5143 838 5213 οἰκετῶνν
872 5146 965 5197 καὶ
981 5139 1050 5214 ἦν
1078 5145 1145 5212 τῇ
1164 5142 1384 5212 γυναικὶ
1409 5142 1585 5214 πικρὰ
1597 5141 1796 5207 πάντα,
1818 5143 1854 5211 ἦ
1887 5159 1946 5195 τε

372 5234 457 5287 τοῦ
480 5235 674 5305 ἀνδρὸς
708 5233 880 5304 ζημία
918 5236 1012 5288 καὶ
1051 5238 1085 5302 ἠ
1115 5234 1210 5288 τοῦ
1244 5233 1686 5305 παρακαλοῦντος
1720 5235 1947 5305 ἐρημία,

371 5327 463 5378 καὶ
483 5328 544 5379 τὸ
569 5325 646 5396 μὴ
667 5327 812 5395 ἔχειν
833 5328 980 5390 ὅπως
999 5329 1080 5389 είς
1112 5326 1411 5396 ὑπάντησιν
1429 5325 1520 5378 καὶ
1538 5323 1674 5393 αὐτὴ
1695 5325 1946 5390 συνεξίοι.

372 5419 523 5488 Μόνη
553 5419 727 5472 τοίνυν
754 5418 900 5472 ἔνδον
934 5417 1346 5487 ὑπολειφθεῖσα,
1368 5415 1558 5488 ἐπειδὴ
1596 5416 1829 5487 ἐζήτησε
1854 5417 1944 5469 τὸν

371 5510 817 5584 παρακαλοῦντα,
841 5510 934 5564 καὶ
956 5511 1054 5580 οὐχ
1081 5511 1314 5583 ὑπῆρξε,
1339 5511 1432 5566 καὶ
1455 5509 1547 5564 τὸν
1575 5509 1949 5579 συλλυπούμε-

372 5620 473 5668 νον,
497 5605 593 5656 καὶ
608 5603 710 5655 οὐκ
732 5597 878 5673 εὗρε,
903 5602 1260 5674 παραθεμένη
1280 5603 1371 5656 τὸν
1388 5602 1482 5656 τοῦ
1503 5603 1736 5668 συζύγου
1755 5602 1948 5671 νεκρὸν

371 5696 654 5750 ίκόπτετο.
690 5696 904 5752 ἔστενεν
924 5735 940 5763 ,
970 5694 1306 5768 ὠλοφύρετο,
1341 5693 1428 5752 οἷα
1457 5697 1618 5755 ζῶντι
1650 5695 1727 5767 τῷ
1759 5697 1946 5767 τεθνη-

468 5836 490 5868 ’¹
520 5834 664 5890 Psal.
699 5850 833 5899 xm,
859 5835 930 5890 ’56
953 5851 1106 5908 seqq.

689 5930 962 5992 ΡΑτῐιοι.
1005 5932 1121 5993 GR.
1156 5930 1330 5995 CXV.

2056 3298 2247 3352 bitatio
2289 3305 2373 3351 est
2421 3299 2472 3351 in
2511 3307 2563 3352 te
2589 3299 2632 3351 ⁷.
2664 3299 2800 3352 Cum
2853 3298 2952 3353 has
2988 3313 3180 3367 preces
3211 3298 3476 3353 edidisset
3529 3297 3633 3351 Du-

2057 3388 2228 3450 mino,
2262 3387 2423 3440 simul
2453 3387 2616 3442 etiam
2644 3387 2692 3442 ei
2737 3386 2914 3443 reddit
2941 3389 3196 3459 spiritum
3233 3403 3378 3443 nona
3425 3387 3632 3444 mensis

2055 3479 2414 3549 Septembris.

2125 3665 2216 3722 IX.
2249 3663 2510 3735 Sequenti
2561 3673 2743 3719 autem
2795 3663 2882 3719 die
2910 3664 3126 3734 quidam
3155 3679 3220 3720 ex
3269 3664 3394 3735 piis,
3431 3665 3630 3735 quibus

2057 3769 2260 3828 martyr
2315 3759 2472 3813 vivus
2515 3771 2668 3811 suam
2718 3757 3003 3811 mandarat
3063 3756 3422 3825 sepulturam,
3467 3757 3633 3811 simul

2054 3846 2469 3913 convenientes,
2507 3861 2630 3900 cum
2660 3846 3010 3916 martyricum
3045 3846 3174 3900 illud
3199 3861 3400 3915 corpus
3425 3847 3633 3918 magni-

2053 3938 2150 3992 ﬁce
2179 3939 2632 4008 composuissent,
2659 3949 2713 3993 et
2746 3954 2907 4007 super
2931 3938 2982 3994 id
3012 3939 3242 4010 hymnos
3279 3940 3635 4004 cecinissent,

2052 4039 2110 4084 et
2161 4043 2500 4100 quaecunque
2533 4031 2710 4084 solent
2754 4029 3045 4084 Christiani
3077 4032 3415 4102 peregissent
3443 4073 3457 4096 ,
3489 4033 3636 4088 desi-

2052 4122 2371 4178 derantibus
2429 4123 2595 4177 simul
2653 4137 2707 4178 et
2746 4123 3057 4180 colentibus
3122 4126 3374 4182 manibus
3426 4129 3627 4183 elatum

2051 4216 2226 4272 media
2258 4226 2419 4270 nocte
2452 4217 2693 4270 tulerunt
2721 4217 2775 4271 in
2812 4217 3041 4286 patriam
3074 4222 3346 4291 martyris.
3375 4220 3512 4277 Cum
3537 4239 3632 4277 au-

2051 4318 2158 4363 tem
2204 4309 2488 4363 venissent
2518 4309 2572 4362 in
2617 4311 2906 4378 quemdam
2956 4311 3158 4375 locum,
3206 4313 3353 4368 illinc
3403 4315 3629 4384 quidem

2051 4403 2234 4472 patriae
2283 4402 2616 4473 signiﬁcatur
2667 4403 2935 4458 adventus
3003 4404 3375 4474 reliquiarum.
3412 4407 3628 4477 Cogita-

2050 4492 2141 4547 bat
2179 4508 2308 4547 vero
2345 4493 2717 4562 unusquisque
2760 4495 2839 4548 eis
2895 4495 2973 4548 ire
3015 4496 3232 4550 obviam
3282 4515 3298 4564 ;
3340 4509 3396 4552 et
3439 4515 3634 4554 omnes

2052 4585 2215 4640 simul
2265 4588 2469 4655 egressi
2517 4594 2663 4644 sunt,
2705 4603 2882 4656 neque
2916 4587 3021 4641 fuit
3063 4590 3222 4654 ullus,
3254 4591 3346 4659 qtti
3388 4607 3495 4646 non
3538 4608 3634 4647 ve-

2052 4675 2198 4729 nerit
2230 4691 2245 4729 :
2278 4689 2389 4728 non
2445 4689 2637 4741 senex,
2689 4690 2798 4728 non
2838 4693 2996 4745 puer,
3037 4694 3147 4732 non
3193 4681 3464 4744 inﬁrmus,
3510 4699 3620 4736 non

2050 4776 2247 4822 natura
2306 4766 2541 4832 tardus;
2579 4768 2672 4821 sed
2737 4768 3086 4825 existimabat
3145 4774 3520 4843 unuSquisque
3571 4791 3633 4830 se

2047 4868 2441 4930 prmrepturum
2487 4875 2608 4914 esse
2654 4860 3117 4927 benedictionem,
3174 4865 3216 4920 si
3271 4867 3436 4921 modo
3479 4871 3633 4938 prius

2048 4953 2382 5007 occurrisset
2412 4953 2677 5024 reliquiis.
2707 4954 2797 5010 Sic
2819 4970 2948 5025 ergo
2975 4958 3231 5013 omnibus
3271 4960 3524 5015 alacriter
3551 4961 3629 5016 fe-

2050 5043 2406 5110 Stinantibus,
2442 5045 2641 5099 mortui
2680 5046 2818 5100 servi
2845 5049 3040 5118 conjux
3072 5050 3186 5103 sola
3231 5050 3416 5106 relicta
3452 5051 3630 5108 fuerat

2049 5136 2408 5207 (decesserat
2454 5139 2600 5191 enim
2651 5153 2718 5192 eo
2769 5147 3015 5208 tempore
3065 5141 3286 5209 quidam
3336 5157 3402 5197 ex
3453 5145 3630 5199 servis

2051 5227 2381 5299 martyris),
2415 5238 2678 5298 erantque
2744 5230 2900 5284 uxori
2945 5231 3140 5286 acerba
3188 5235 3394 5299 omnia,
3449 5237 3627 5289 mariti

2051 5320 2335 5386 damnum,
2367 5327 2422 5374 et
2467 5321 2588 5391 ejus
2632 5322 2720 5392 qui
2761 5338 2882 5378 eam
2913 5325 3312 5392 consolaretur,
3345 5327 3582 5382 solitudo
3613 5347 3627 5384 :

2051 5421 2108 5468 et
2148 5413 2293 5483 quod
2330 5413 2566 5469 nesciret
2595 5431 2832 5485 quonam
2889 5418 3048 5472 modo
3079 5428 3260 5488 posset
3308 5420 3386 5474 ire
3417 5419 3628 5474 obviam

2051 5505 2298 5576 martyri.
2326 5504 2451 5560 Sola
2485 5521 2614 5578 ergo
2657 5509 2806 5562 intus
2851 5510 3059 5577 relicta,
3095 5511 3353 5580 quoniam
3390 5512 3630 5581 qumsiit,

2051 5599 2141 5669 qui
2196 5614 2314 5652 eam
2370 5601 2772 5668 consolaretur,
2818 5613 2873 5658 et
2911 5620 3021 5658 non
3069 5603 3190 5671 fuit,
3228 5614 3283 5659 et
3326 5605 3418 5676 qui
3469 5605 3630 5660 simul

2057 5693 2285 5759 doleret,
2319 5701 2373 5746 et
2416 5708 2524 5748 non
2579 5692 2809 5763 invenit,
2859 5698 3055 5752 mortui
3116 5699 3365 5770 conjugis
3404 5712 3634 5770 corpore

3242 5930 3312 5995 21
