3996 6436
435 367 540 434 651

1664 347 1947 413 MENSlS
1987 342 2459 407 SEPTEMBER.

3585 335 3693 400 55?.

437 486 707 558 apposito,
747 479 1054 555 plangebat,
1089 477 1354 550 gemebat,
1394 466 1818 528 lamentabatur,
1852 475 1999 514 mor--

2115 457 2224 509 διότι
2246 453 2630 522 συνδιελέγετο·
2655 453 2926 522 Ἕγειραι,
2946 443 2990 503 ὦ
3008 450 3157 520 ἄνερ,
3175 448 3411 520 ἔγειραι,
3433 446 3692 516 λέγουσαι

438 594 591 638 ιιιυιῐι
623 577 848 650 perinde
865 592 929 631 ac
957 577 1140 630 vivum
1173 564 1592 637 alloquebatur:
1617 558 1813 626 Surge,
1843 567 2007 606 oma-

436 671 560 737 rite,
595 648 777 740 surge,
812 667 1022 728 dicens,
1049 674 1240 717 eamus
1275 655 1488 710 obviam
1531 648 1754 707 domino
1796 652 2006 703 nostro,

437 781 508 819 ne
547 735 825 819 videamur
873 759 973 814 soli
1002 755 1136 828 pigri
1169 762 1224 808 et
1249 749 1485 811 desides,
1519 756 1697 809 neque
1733 735 2005 808 quispiam

436 871 538 910 nos
563 851 906 924 negligentiae
931 855 1150 904 accuset
1175 845 1228 898 in
1251 851 1496 896 nostrum
1537 833 1839 888 dominum.
1868 827 2007 881 Sen-

436 947 537 1001 sim
579 953 760 998 autem
796 950 853 997 et
880 940 1137 1011 tangebat
1181 935 1444 995 tunicam,
1487 935 1540 982 et
1579 927 1847 995 lacrymas
1883 933 2006 973 cum

432 1049 567 1090 voce
600 1031 902 1087 emittebat.
941 1027 1064 1082 llaec
1087 1035 1372 1096 postquam
1416 1017 1565 1074 brevi
1608 1025 1851 1083 tempore
1879 1025 2008 1079 sug-

434 1125 620 1197 gessit,
672 1131 728 1178 et
771 1121 908 1176 dixit
969 1116 1223 1187 conjugi,
1275 1112 1437 1166 etiam
1496 1120 1697 1177 corpus
1752 1101 2008 1171 martyris

431 1233 560 1271 mox
583 1223 699 1269 erat
724 1215 1088 1268 adventurum
1107 1219 1350 1276 repente,
1375 1205 1430 1269 (ο
1457 1197 1775 1255 miraculum
1795 1194 1832 1261 !)
1848 1193 1925 1247 vi~
1942 1206 2007 1246 us

429 1306 703 1369 cernitur,
752 1302 847 1372 qui
894 1308 1010 1354 erat
1060 1307 1329 1358 mortuus,
1388 1299 1443 1348 et
1485 1290 1552 1342 iis
1595 1281 1819 1356 abjectis
1882 1293 2004 1350 quze

426 1407 595 1452 erant
623 1397 671 1451 ei
710 1392 984 1464 imposita,
1021 1404 1146 1445 cum
1205 1403 1265 1442 se
1296 1384 1545 1456 protinus
1577 1377 1858 1439 cinxisset,
1893 1373 2009 1442 ipse

434 1506 652 1562 quoque
699 1489 849 1544 vadit
895 1485 1113 1541 obviam
1163 1480 1408 1550 martyri.
1440 1475 1594 1542 Quod
1644 1472 1856 1542 insigne
1902 1467 2008 1521 mia

431 1585 854 1646 raculorum,et
889 1579 1012 1634 tulit
1041 1576 1256 1630 athletae
1297 1566 1672 1626 testimonium
1703 1565 1770 1616 de
1805 1559 2010 1631 majore

437 1678 556 1746 ejus
583 1673 777 1729 ﬁducia
810 1672 876 1726 ad
910 1669 1216 1728 Dominum,
1257 1671 1313 1718 et
1356 1663 1420 1716 ad
1453 1659 1628 1727 majus
1669 1653 2006 1710 desiderium

439 1744 686 1820 accendit
721 1759 966 1815 omnium
1001 1757 1231 1811 animos.
1269 1750 1387 1805 Non
1436 1751 1583 1803 enim
1620 1744 1763 1817 quod
1805 1744 2007 1796 factum

435 1856 617 1912 fuerat
675 1859 790 1905 erat
840 1845 1108 1916 ejusmodi
1170 1853 1231 1898 ut
1268 1849 1454 1910 posset
1503 1837 1675 1907 rejici,
1723 1847 1901 1902 neque
1942 1831 2009 1885 de
2042 1807 2083 1864 Β

433 1961 499 1999 eo
535 1949 750 2014 poterat
793 1953 915 1994 esse
948 1938 1057 1992 ulla
1101 1933 1369 1990 dubitatio
1400 1947 1415 1984 :
1446 1929 1541 1986 sed
1583 1941 1719 1998 quos
1747 1925 2010 1980 decessus

435 2009 626 2090 habuit
655 2039 1012 2103 spectatores,
1039 2037 1089 2082 et
1117 2027 1205 2097 qui
1237 2038 1420 2079 curam
1453 2026 1738 2092 gesserant
1775 2009 2006 2079 funeris,

433 2129 655 2204 fuerunt
701 2127 733 2180 ti
768 2138 982 2193 quoque
1023 2130 1188 2176 testes
1227 2113 1670 2172 resurrectionis.

505 2219 578 2273 Χ.
613 2217 749 2272 Cum
776 2216 939 2284 longo
971 2221 1151 2267 autem
1179 2219 1421 2278 tempore
1457 2203 1749 2260 assedisset
1773 2201 2012 2258 famulus

431 2310 689 2380 sepulcro
746 2303 1023 2374 martyris,
1071 2299 1284 2356 decimo
1337 2297 1532 2367 quinto
1591 2309 1741 2349 anno
1795 2294 1863 2348 ab
1915 2291 2011 2346 illo

430 2412 701 2469 tempore,
737 2405 791 2451 et
820 2395 982 2465 paulo
1008 2392 1152 2463 plus,
1176 2391 1291 2459 ipse
1319 2401 1536 2458 quoque
1561 2384 1796 2441 excessit
1824 2399 1854 2437 e
1879 2383 2006 2436 vita.

434 2495 614 2558 Atque
659 2495 788 2540 tunc
828 2484 1047 2554 quidem
1096 2479 1566 2536 considerantibus
1609 2475 1884 2536 omnibus,
1915 2472 2007 2543 qui

432 2581 501 2636 ad
549 2579 652 2632 hoc
705 2573 1014 2645 congregati
1072 2570 1310 2635 fuerant,
1364 2568 1585 2623 ubinam
1633 2568 1700 2619 ah
1747 2565 1826 2620 eis
1861 2579 2004 2617 mar-

433 2669 670 2742 tyricum
703 2681 903 2736 corpus
943 2666 1328 2734 deponeretur,
1355 2659 1612 2730 quoniam
1655 2654 2011 2712 dubitationis

434 2775 543 2814 non
594 2759 827 2813 dabatur
874 2755 1094 2820 solutio,
1146 2753 1355 2808 meliori
1407 2761 1463 2806 et
1510 2749 1766 2806 diviniori
1826 2747 2012 2818 provi-

432 2851 630 2906 dentiae
677 2849 729 2905 id
770 2847 1116 2904 statuendum
1150 2845 1509 2914 reliquerunt,
1545 2851 1601 2896 et
1649 2855 1905 2896 coronam
1943 2855 2008 2894 ex

434 2942 665 2998 ﬂoribus
730 2949 1044 2995 contextam
1093 2938 1386 3006 imponunt
1438 2933 1705 3004 reliquiis.
1755 2931 2011 2988 Protinus

433 3024 644 3096 autem,
674 3037 932 3098 tanquam
963 3029 1032 3081 ab
1061 3025 1244 3095 aliquo
1273 3024 1456 3090 missa,
1481 3024 1718 3094 desuper
1751 3022 2011 3078 advolans

434 3124 639 3196 aquila,
680 3107 892 3190 accbpit
933 3133 1215 3182 coronam,
1246 3126 1303 3172 et
1344 3116 1544 3172 sensim
1576 3114 1748 3170 movit
1780 3128 2008 3184 pennas,
2036 3141 2080 3202 α

435 3226 494 3271 et
545 3229 637 3270 eas
678 3211 862 3267 minus
903 3212 1158 3280 pernices
1197 3209 1382 3262 habuit
1431 3207 1496 3261 ad
1546 3205 1860 3261 velandum.
1902 3203 2009 3258 Sed

435 3307 586 3362 illam
653 3303 876 3375 quidem
939 3300 1121 3357 statim
1193 3299 1520 3369 sequebatur
1579 3297 1838 3368 populus.
1887 3295 2012 3366 Ipsa

433 3407 618 3455 autem
668 3395 904 3467 quodam
951 3395 1114 3449 modo
1162 3409 1286 3448 eum
1335 3393 1588 3458 ducebat,
1627 3400 1840 3447 tantum
1883 3399 2012 3443 ante

433 3507 527 3548 eos
564 3490 774 3555 volans,
806 3496 868 3542 ut
895 3502 1006 3541 non
1045 3495 1191 3542 esset
1215 3486 1445 3540 multum
1479 3492 1688 3540 remota
1717 3484 1786 3539 ab
1812 3481 2008 3537 oculis.

437 3582 507 3636 Et
567 3596 692 3636 cum
720 3579 962 3635 venisset
992 3578 1060 3633 ad
1105 3577 1462 3648 propinquam
1503 3575 1688 3630 silvam
1722 3583 1777 3630 et
1816 3575 2014 3630 deinde

425 3687 692 3730 coronam
717 3686 782 3726 ex
807 3670 919 3725 alto
947 3669 1257 3725 demisisset
1279 3669 1334 3723 in
1379 3668 1604 3738 pulchro
1635 3667 1754 3722 loco
1789 3666 2011 3730 montis,

425 3777 489 3822 et
543 3764 730 3821 volare
767 3761 936 3833 coepit
978 3761 1234 3826 celerius,
1267 3768 1324 3815 et
1346 3760 1586 3831 profecta
1633 3766 1716 3814 est
1756 3758 1822 3812 ad
1859 3773 2012 3812 suam

428 3858 855 3914 habitationem.
913 3853 1029 3909 Hoc
1057 3854 1134 3909 illi
1185 3854 1543 3923 conjicienles
1593 3851 1834 3907 divinam
1892 3866 2014 3908 esse

426 3948 847 4014 indicationem,
878 3961 1001 4002 eum
1027 3946 1304 4016 voluptate
1348 3955 1405 4001 et
1433 3961 1632 4017 magno
1661 3945 1842 4001 studio
1875 3960 2013 4002 con-

442 4049 731 4097 currentes
786 4053 1002 4094 sacrum
1045 4038 1182 4094 illud
1227 4046 1285 4094 et
1337 4039 1587 4094 divinum
1640 4053 1840 4109 corpus
1906 4038 2015 4093 illic

428 4137 622 4186 sancte
660 4135 716 4185 et
740 4128 922 4184 divine
959 4129 1258 4198 deponunt.
1287 4127 1405 4194 Quo
1441 4128 1496 4183 in
1558 4129 1676 4183 loco
1706 4129 1761 4182 in
1796 4128 2014 4183 hodier-

432 4237 568 4277 num
611 4235 785 4291 usque
812 4219 958 4277 diem
1000 4228 1224 4276 sanctus
1265 4220 1374 4274 illic
1417 4219 1731 4290 frequentes
1761 4228 2015 4290 operatur

437 4313 774 4377 curationes,
840 4318 896 4367 et
950 4311 1121 4366 multa
1181 4311 1465 4378 miracula,
1523 4311 1748 4366 cuilibet
1803 4311 2012 4382 roganti

439 4403 678 4475 benigne
709 4417 1000 4474 apparens,
1023 4410 1078 4458 et
1103 4403 1221 4472 ejus
1251 4419 1438 4458 curam
1470 4419 1685 4476 gerens,
1708 4403 1766 4459 in
1794 4403 2014 4460 Christo

2117 545 2514 614 ὑπαντήσωμεν
2539 542 2617 615 τῷ
2663 543 2914 613 ἡμετέρῳ
2935 541 3194 610 δεσπότῃ,
3225 539 3457 606 ἕγειραι,
3487 537 3562 607 μὴ
3597 537 3697 607 μό-

2114 655 2194 691 νοι
2231 637 2488 707 φανῶμεν
2524 637 2719 698 νωθεῖς
2757 632 2891 704 μηδὲ
2927 631 3184 704 ρᾁυμοι,
3225 629 3357 700 μηδὲ
3392 628 3694 698 ὀλιγωρίαν

2112 745 2195 792 τις
2234 728 2391 798 ἡμῶν
2446 726 2575 798 περὶ
2624 727 2715 778 τὸν
2763 726 2963 778 οἰκεῖον
3007 721 3340 790 καταγνώτω
3382 718 3688 788 δεσπότην·

2113 822 2300 892 ἡρέμα
2328 819 2384 870 δὲ
2418 818 2512 870 καὶ
2542 815 2766 886 χιτῶνος
2790 816 3013 885 ἥπτετο,
3046 813 3142 866 καὶ
3173 812 3389 880 δάκρυα
3424 807 3565 878 μετὰ
3590 808 3694 874 τῆς

2113 911 2298 982 φωνῆς
2347 908 2520 978 ἠφίει.
2561 905 2749 960 Ταῦτα
2788 905 2912 958 ἐπεὶ
2958 903 3164 976 βραχὺν
3210 900 3400 970 ὥσπερ
3443 897 3694 952 ὑπετίθει

2112 1005 2301 1076 χρόνον
2347 1003 2426 1070 τῷ
2468 998 2688 1070 συζύγῳ
2728 999 2826 1052 καὶ
2870 997 3162 1063 διελέγετο,
3203 994 3304 1065 ἤδη
3345 994 3452 1063 γὰρ
3497 992 3595 1044 καὶ
3634 991 3694 1042 τό

2117 1094 2451 1166 μαρτυρικὸν
2500 1093 2661 1162 σῶμα
2705 1091 2828 1143 ὅσον
2873 1088 3086 1141 οὐδέπω
3131 1087 3417 1155 ἐπιδημεῖν
3459 1082 3692 1153 ἔμελλε,

2117 1185 2225 1249 ζῶν
2281 1186 2344 1236 ὲκ
2403 1182 2498 1236 τοῦ
2536 1179 2824 1249 αίφνιδίου,
2861 1176 2907 1231 ὢ
2939 1177 3036 1231 τοῦ
3081 1173 3390 1245 θαύματοςι
3437 1175 3466 1225 ὁ
3497 1174 3694 1241 νεκρὸς

2111 1279 2327 1349 δρᾶται,
2359 1274 2453 1329 καὶ
2476 1275 2548 1328 τὰ
2572 1270 2927 1340 περικείμενα
2962 1268 3146 1338 ῥίψας,
3171 1266 3575 1335 διαζωσάμενος
3607 1263 3695 1314 εὑο

2113 1370 2234 1432 θὺς,
2261 1369 2336 1438 τῷ
2364 1365 2603 1437 μάρτυρι
2629 1367 2722 1418 καὶ
2749 1361 2914 1423 αὐτὸς
2940 1361 3285 1430 προῦπήντα,
3314 1358 3408 1410 καὶ
3431 1357 3491 1408 τὸ
3516 1355 3692 1422 ὑπερ-

2113 1463 2305 1516 ϐάλλον
2335 1461 2488 1514 τοῦδε
2521 1457 2618 1511 τοῦ
2648 1455 2927 1524 θαύματος
2951 1451 3174 1504 πλείονα
3203 1448 3340 1520 πρὸς
3365 1448 3457 1501 τὸν
3485 1447 3694 1516 Κύριον

2112 1553 2425 1624 παρρησίαν
2469 1549 2548 1618 τῷ
2579 1547 2787 1617 ἀθλητῇ
2825 1543 3152 1614 ἐμαρτύρει,
3203 1541 3298 1594 καὶ
3336 1541 3419 1603 είς
3463 1536 3693 1608 μείζονα

2113 1646 2276 1698 πόθον
2333 1643 2430 1706 τὰς
2509 1641 2767 1695 ἁπάντων
2842 1635 3021 1707 ψυχὰς
3073 1633 3390 1703 ἁνέφλεγεν.
3449 1631 3524 1686 Οὐ
3579 1631 3694 1700 γὰρ

2112 1735 2556 1806 δυσπαράδεκτον
2587 1729 2657 1804 ἦν
2698 1731 2760 1783 τὸ
2792 1732 3017 1799 γεγονὸς
3048 1726 3157 1779 οὐδ’
3193 1723 3494 1796 ἀμφίϐολον
3517 1762 3532 1787 ,
3571 1720 3694 1777 ἀλλ’

2113 1826 2207 1890 οὓς
2233 1826 2334 1895 τῆς
2361 1824 2616 1894 τελευτῆς
2643 1823 2842 1880 θεατὰς
2872 1817 3009 1891 εἶχε,
3041 1818 3137 1873 καὶ
3161 1817 3376 1888 περὶτὰ
3404 1815 3692 1884 ὲπικήδεια

2111 1924 2502 1988 πονουμένους,
2535 1916 2760 1983 τούτους
2795 1916 2890 1969 καὶ
2917 1914 3014 1984 τῆς
3046 1912 3398 1973 ἁναῦιώσεως
3423 1907 3692 1978 πεποίητο

2113 2016 2418 2088 μάρτυρας.

2191 2197 2258 2250 I'.
2292 2193 2500 2265 Χρόνον
2530 2191 2586 2246 δὲ
2629 2189 2708 2262 τῷ
2749 2189 2845 2244 τοῦ
2877 2188 3154 2262 μάρτυρος
3206 2184 3235 2238 ὁ
3278 2183 3493 2254 οἰκέτης
3521 2196 3692 2251 προσ-

2111 2287 2374 2360 εδρεύοας
2413 2287 2593 2355 τάφῳ,
2627 2283 2766 2355 μετὰ
2794 2284 3043 2352 πέμπτον
3073 2279 3133 2344 εξ
3159 2277 3371 2331 ἐκείνου
3411 2275 3550 2344 πρὸς
3577 2275 3693 2333 τοῖς

2111 2381 2242 2434 δέκα
2280 2379 2420 2442 ἔτος,
2474 2379 2568 2431 καὶ
2612 2377 2780 2444 ὀλίγῳ
2813 2392 2868 2428 τι
2905 2373 3088 2438 πλέον,
3113 2371 3209 2424 καὶ
3251 2369 3412 2429 αὐτὸς
3452 2366 3691 2419 ἀπεσίω.

2113 2473 2247 2525 Τότε
2311 2473 2412 2541 μὲν
2460 2467 2555 2524 οὖν
2604 2466 3084 2537 διασκοπουμένων
3139 2463 3395 2518 ἁπάντων
3445 2457 3554 2511 τῶν
3599 2456 3697 2506 ἐπί

2112 2565 2288 2636 τούτῳ
2318 2563 2783 2632 συνειλεγμένων,
2818 2560 2952 2612 ὅπου
2987 2557 3095 2629 ἄρα
3133 2556 3227 2608 καὶ
3258 2553 3320 2607 τὸ
3354 2546 3694 2622 μαρτυρικδν

2112 2657 2296 2719 αὐτοῖς
2330 2655 2719 2710 κατακείσεται
2750 2651 2912 2721 σῶμα
2932 2687 2948 2714 ,
2975 2649 3098 2701 ἐπεὶ
3128 2645 3223 2701 καὶ
3248 2643 3402 2706 λύσις
3427 2642 3529 2711 τῆς
3555 2643 3691 2695 ἀπο.

2116 2749 2238 2820 ρίας
2291 2749 2392 2802 οὐκ
2430 2743 2521 2819 ἦν,
2569 2745 2839 2818 κρείττονι
2883 2742 2984 2796 καὶ.
3023 2739 3275 2809 θειοτέρα
3315 2734 3544 2804 προνοίᾳ
3591 2731 3693 2799 τὴν

2111 2842 2293 2912 ψῆφον
2319 2839 2602 2908 ἀνέθεσαν,
2623 2838 2717 2892 καὶ
2741 2835 3002 2904 στέφανον
3033 2832 3250 2888 ἄνθινον
3282 2826 3693 2893 διαπλέξαντες,

2112 2932 2188 3004 τῷ
2217 2931 2454 3003 λειψάνῳ
2487 2929 2845 2984 ὲπιτιθοῦσιν.
2881 2925 3093 2980 Αὐτίκα
3131 2923 3188 2975 δὲ
3224 2921 3415 2989 ὥσπερ
3447 2918 3511 2971 ἐκ
3542 2931 3694 2976 τινος

2113 3024 2420 3093 ἀποστολῆς
2447 3021 2602 3086 ἀετὸς
2637 3019 2844 3075 ἄνωθεν
2867 3017 3104 3078 ὲπιπτάς
3131 3016 3222 3068 τὸν
3255 3013 3518 3079 στέφανον
3537 3009 3691 3078 εἰλή-

2114 3134 2225 3187 φει,
2259 3115 2354 3171 καὶ
2380 3115 2565 3187 ἠρέμα
2590 3113 2651 3166 τὸ
2673 3111 2870 3183 πτερὸν
2893 3110 3084 3173 ἐκίνει,
3105 3110 3198 3160 καὶ
3226 3105 3524 3176 ἀργότερον
3551 3103 3692 3173 πρὸς

2113 3209 2215 3280 τὴν
2250 3207 2451 3280 πτῆσιν
2496 3201 2661 3276 εἶχεν.
2709 3203 2872 3257 Ἀλλὰ
2916 3201 2996 3271 τῷ
3041 3202 3139 3272 μὲν
3175 3198 3236 3251 τὸ
3277 3197 3481 3267 πλῆθος
3525 3195 3693 3256 εὐθὺς

2116 3299 2332 3353 εἵποντο
2350 3310 2364 3325 ⁶
2389 3299 2418 3352 ὁ
2447 3296 2506 3350 δὲ
2529 3292 2639 3348 οἷον
2667 3293 2830 3357 αὐτὸς
2859 3294 3124 3363 ἀφηγεῖτο
3149 3289 3388 3360 τοσούτῳ
3415 3286 3691 3358 προϊπτά-

2117 3407 2278 3460 μενος
2329 3388 2560 3456 τούτων,
2608 3389 2718 3458 ὅσῳ
2767 3388 2843 3458 μὴ
2887 3384 2996 3438 τῶν
3032 3383 3208 3453 δψεων
3257 3383 3350 3434 ἐπὶ
3391 3380 3526 3432 πολὺ
3549 3378 3692 3431 διίσ-

2113 3484 2310 3538 τασθαι
2328 3499 2344 3515 ⁸
2376 3483 2474 3538 καὶ
2495 3482 2559 3555 δὴ
2593 3482 2730 3552 πρὸς
2755 3482 2822 3550 τῇ
2847 3477 3076 3546 πλησίον
3100 3474 3203 3548 ὕλῃ
3227 3474 3538 3544 γενόμενος,
3569 3466 3694 3524 εἷτα

2113 3576 2206 3631 τὸν
2257 3575 2521 3646 στέφανον
2573 3577 2632 3627 ὲν
2687 3571 2838 3644 καλῷ
2892 3569 2987 3626 τοῦ
3038 3569 3198 3642 ὅρους
3252 3566 3412 3638 ἀφεὶς
3457 3563 3692 3629 ἄνωθεν,

2113 3666 2364 3741 πτήσεώς
2407 3684 2467 3720 τε
2501 3667 2707 3739 ἥπτετο
2753 3665 3082 3736 ταχυτέρας,
3129 3666 3225 3716 καὶ
3261 3662 3358 3714 ἐπὶ
3392 3661 3462 3714 τὰ
3506 3661 3694 3712 οἰκεῖα

2113 3760 2220 3832 ἢθη
2256 3759 2475 3832 ἐχώρει.
2501 3758 2672 3812 Τοῦτο
2707 3759 2906 3811 ἐκείνοι
2939 3755 3092 3808 θείαν
3123 3751 3264 3809 εἷναι
3305 3751 3695 3824 ’συμϐαλόντες

2114 3853 2408 3918 ἐπίδειξιν,
2466 3852 2670 3922 σπουδῇ
2730 3850 2851 3922 μεθ’
2903 3851 3100 3919 ἡδονῆς
3155 3848 3596 3919 συνδραμόντες,
3629 3846 3695 3898 τὸ

2114 3945 2262 4016 ἱερὸν
2285 3947 2462 3998 έκεῖνο
2498 3945 2593 3998 καὶ
2622 3943 2766 3997 θεῖον
2793 3940 2956 4010 σῶμα
3003 3940 3165 4012 ίερῶς
3210 3939 3328 3991 ἐκεῖ
3381 3939 3478 3990 καὶ
3527 3934 3696 3998 θείως

2112 4039 2426 4095 κατέθεντο.
2465 4032 2541 4093 Οὔ
2593 4038 2659 4111 δὴ
2713 4038 2809 4094 καὶ
2856 4035 3027 4100 πολύς
3072 4037 3191 4088 ἐστι
3241 4033 3405 4105 μέχρι
3445 4031 3543 4086 καὶ
3593 4031 3697 4086 νῦν

2113 4133 2143 4188 ὁ
2197 4133 2408 4205 μάρτυς
2459 4135 2581 4196 ταῖς
2650 4132 2825 4185 iaceat
2876 4129 2974 4185 καὶ
3032 4131 3156 4193 ταῖς
3217 4125 3696 4198 θαυματουργίαις

2113 4225 2354 4297 δεομένῳ
2382 4225 2549 4280 παντὶ
2577 4223 2974 4294 φιλανθρώπως
2998 4221 3321 4292 ποιούμενος
3351 4221 3450 4283 τὰς
3481 4222 3691 4288 ἐπιφα-

2111 4318 2283 4382 νείας,
2325 4320 2421 4371 καὶ⁸
2445 4317 2663 4387 θερμῶς
2699 4317 3119 4388 προϊστάμενος,
3154 4320 3212 4372 ὲν
3242 4317 3466 4390 Χριστῷ
3508 4317 3693 4388 Ἰησοῦ

2113 4410 2192 4482 τῷ
2225 4409 2585 4481 Κυρίῳήμῶν
2607 4448 2622 4474 ,
2651 4404 2695 4478 ᾦ
2724 4413 2758 4481 η
2794 4409 2920 4475 δόξα
2959 4410 3055 4464 καὶ
3085 4409 3148 4463 τὸ
3179 4411 3403 4483 κράτος,
3441 4413 3536 4466 σὺν
3571 4411 3696 4465 Πα-

435 4497 565 4552 Jesu
601 4493 828 4550 Domino
870 4501 1059 4549 nostro
1093 4509 1110 4547 :
1171 4493 1259 4550 cui
1299 4494 1469 4566 gloria
1501 4503 1557 4552 et
1589 4497 1857 4567 potentia,
1883 4513 2008 4553 cum

2115 4481 2204 4574 τρὶ
2234 4505 2330 4558 καὶ
2371 4503 2515 4575 ἁγίῳ
2554 4502 2857 4575 Πνεύματι,
2910 4503 3007 4558 νῦν
3035 4505 3131 4559 καὶ
3159 4481 3270 4570 ἀεὶ,
3310 4505 3404 4560 καὶ
3434 4507 3517 4570 είς
3564 4508 3698 4562 τοὺς

435 4580 601 4637 Patre
651 4591 708 4637 et
760 4591 952 4637 sancto
1004 4579 1229 4650 Spiritu,
1269 4597 1417 4639 nunc
1467 4590 1524 4640 et
1581 4599 1819 4657 semper,
1855 4595 1911 4642 et
1954 4587 2009 4642 in

434 4671 652 4727 inﬁnita
679 4671 875 4729 saecula
934 4672 1274 4728 saeculorum.
1328 4671 1503 4730 Amen

2113 4596 2503 4668 ἀτελευτήτους
2529 4597 2731 4663 αιῶνας
2753 4597 2862 4654 τῶν
2890 4598 3123 4655 αίώνων.
3174 4598 3368 4666 ’Δμήν.
