3996 6432
311 404 415 467 653

603 601 1050 613 Μ

1051 598 1378 610 om

317 603 600 618 ————.

1728 598 1831 610 ..ο

549 778 1424 898 ΜΑΡΤΥΡΙΟΝ
1535 782 1834 894 ΤΩΝ

1122 399 1592 460 MARTYRIUM
1636 402 1693 457 S.
1738 398 2176 459 MENODOR/E
2218 399 2312 459 ET
2355 399 2766 460 SOCIARUM.

3468 406 3579 470 654

2619 601 2705 613 ἀ
2719 602 3503 628 MM-

1965 781 2431 895 ΑΓΙΩΝ
2551 781 3329 902 ΓΥΝΑΙΚΩΝ

592 1045 1332 1136 ΜΗΝΟΔΩΡΑΣ,
1412 1043 2148 1134 ΜΗΤΡΟΔΩΡΑΣ
2223 1047 2414 1130 ΚΑΙ
2495 1046 3290 1138 ΝΥΜΦΟΔΩΡΑΣ-

557 1478 1439 1595 MABTYBIUM

383 1748 1104 1842 MENODORAE
1147 1810 1177 1853 ,

1581 1481 2450 1600 SANCTARUM
2589 1484 3340 1601 MULIEBUM

1315 1744 2101 1840 METRODOBAE
2256 1747 2408 1834 ET
2573 1731 3505 1842 NYMPHODOBAE.

910 1968 948 2029 (ι
975 1969 1109 2018 atine
1135 1967 1264 2031 apud
1289 1966 1487 2015 Surium
1510 1967 1568 2014 ad
1602 1965 1730 2013 diem
1766 1966 1994 2028 lOSept.;
2023 1967 2193 2015 Graece
2223 1979 2284 2015 ex
2325 1967 2433 2017 cod.
2458 1981 2549 2017 ms.
2577 1969 2730 2018 Paris.
2752 1981 2802 2018 n.
2831 1968 2994 2031 1526.)

391 2321 476 2378 Αο.
506 2317 643 2375 Οὐδὲ
674 2313 921 2386 γυναιξὶν
945 2312 1065 2368 οὐδὲ
1099 2311 1290 2384 κόραις
1336 2312 1397 2366 τὺ
1445 2311 1546 2384 τῆς
1579 2311 1892 2384 μαρτυρίας
1923 2369 1924 2375 γ

2070 2312 2114 2367 Ι.
2147 2311 2258 2368 Nec
2323 2311 2644 2366 mulieribus
2706 2310 2949 2381 quidem,
2989 2325 3093 2368 nec
3115 2311 3310 2382 puellis
3335 2314 3582 2372 clausum

317 2411 748 2469 ἀποκέκλεισται
780 2407 1016 2470 στάδιον,
1048 2404 1185 2460 ἀλλά
1227 2405 1322 2459 καὶ
1351 2398 1510 2460 αὗται
1539 2405 1772 2460 θανάτου
1804 2423 1897 2459 κα-

314 2505 670 2579 ταφρονοῦσι,
721 2501 1118 2565 καταπαίζουσι
1157 2499 1412 2570 τελετῆς⁹
1453 2498 1656 2570 μᾶλλον
1687 2499 1743 2553 δὲ
1801 2499 1898 2554 καὶ

316 2601 552 2673 τιμῶσιν
583 2597 752 2668 αὐτὴν
784 2596 878 2650 καὶ
911 2593 1269 2656 ἀσπάζονται,
1300 2592 1472 2663 καλὴν
1498 2591 1749 2645 ἐντεῦθεν
1793 2593 1896 2663 Ep.-

318 2693 520 2764 πυρίαν
599 2689 698 2760 τὴν
753 2705 861 2742 των
913 2687 1163 2759 οὐρανῶν
1209 2685 1490 2757 βασιλείαν
1540 2683 1893 2755 ποιούμεναι.

318 2787 418 2839 Διὰ
448 2781 614 2837 τοῦτο
664 2780 758 2836 καὶ
800 2781 835 2851 ἡ
888 2777 1181 2850 θαυμαστὴ
1233 2777 1344 2832 τῶν
1378 2777 1669 2848 παρθένων
1713 2775 1894 2846 τριὰς,

320 2876 651 2944 Μηνοδώρα,
690 2873 858 2942 λέγω,
893 2873 988 2926 καὶ
1018 2869 1371 2941 Νυμφοδώρα
1404 2869 1500 2924 καὶ
1531 2861 1897 2940 Μητροδώρα,

320 2969 390 3023 τὰ
413 2969 515 3038 τῆς
550 2962 849 3036 παρθενίας
878 2962 954 3024 ὡς
997 2959 1214 3031 ἀληθῶς
1239 2959 1390 3030 δῶρα
1416 2958 1512 3012 καὶ
1542 2957 1896 3028 ἀναθήματα,

324 3061 622 3133 προθύμως
650 3057 744 3112 ἐπὶ
771 3054 929 3110 τοῦτο
958 3049 1123 3126 ἦλθον
1150 3052 1246 3106 καὶ
1274 3053 1370 3105 σὺν
1399 3052 1558 3122 ἡδονῇ
1589 3050 1651 3102 τὸ
1683 3049 1895 3120 κέρδος,

323 3154 418 3206 καὶ
449 3151 543 3204 τδν
573 3149 804 3203 θάνατον
852 3144 1210 3214 ἀνδρειότατα
1243 3141 1472 3204 εἴλοντο,
1514 3141 1576 3193 οὐ
1609 3138 1764 3208 παρά
1805 3137 1898 3192 τὸν

319 3246 456 3318 ᾴδην
487 3242 660 3304 αὑτάς
693 3237 1026 3308 κατάγοντα,
1053 3235 1218 3306 οἵπερ
1249 3235 1314 3302 δὴ
1364 3235 1460 3288 καὶ
1512 3234 1743 3288 θανάτου
1771 3233 1900 3304 τρό-

323 3357 426 3404 πος
461 3338 632 3399 ἐστὶν,
685 3333 824 3388 ἀλλὰ
873 3333 1011 3404 πρὸς
1046 3331 1172 3394 τοὺς
1225 3328 1531 3394 ἀθανάτους
1571 3325 1896 3398 νυμφῶνας,

321 3431 460 3503 πρὸς
483 3431 584 3492 τὰς
618 3426 897 3489 παστάδας
927 3425 1027 3487 τὰς
1060 3422 1236 3494 ἱερὰς,
1267 3421 1400 3492 πρὸς
1433 3420 1592 3474 αὑτὸν
1629 3419 1722 3473 τὸν
1769 3435 1898 3488 φαι-

319 3523 447 3596 δρὸν
475 3519 713 3592 νυμφίον
736 3516 974 3590 Χριστὸν
999 3513 1279 3586 θυμότατα
1317 3511 1786 3583 παραπέμποντα.

393 3616 472 3670 Β’.
511 3614 862 3683 Ἐτράφησαν
908 3609 1008 3679 μὲν
1034 3609 1145 3677 γὰρ
1177 3607 1234 3660 έν
1277 3607 1344 3676 τῇ
1391 3603 1635 3659 Βιθυνῶν
1685 3603 1899 3672 σωφρό-

322 3726 431 3772 νως
472 3703 534 3760 εὖ
587 3703 734 3775 μάλα
783 3703 877 3754 καὶ
905 3691 1230 3769 ἐλευθερίως
1257 3695 1421 3767 (αὕτη
1459 3696 1568 3766 γὰρ
1596 3693 1738 3748 κατά
1770 3693 1898 3756 τοὺς

321 3799 568 3866 εὐγενεῖς
595 3793 823 3855 κλάδους
847 3791 1044 3862 ἤνεγκε
1070 3788 1170 3851 τὰς
1200 3783 1556 3858 παρθένους),
1584 3783 1809 3854 χάριτες
1841 3783 1900 3836 δὲ

322 3885 496 3950 αὐτάς
519 3882 850 3956 παρθενικαὶ
883 3876 1258 3950 περιίσταντο)
1283 3892 1298 3908 ο
1333 3874 1685 3929 συνανέτελλε
1721 3873 1778 3928 δὲ
1808 3873 1903 3926 καὶ

321 3979 382 4033 τὸ
408 3979 501 4031 ἐπὶ
531 3975 625 4030 τοῦ
655 3971 952 4043 προσώπου
982 3967 1165 4036 ἄνθος,
1195 3966 1371 4020 καὶτὸ
1389 3965 1482 4018 ἐπὶ
1514 3964 1622 4018 τῶν
1655 3963 1901 4036 παρειῶν

323 4071 598 4143 ἐρύθημα.
658 4063 1030 4137 Φαιδροτάτην
1075 4061 1170 4133 μὲν
1206 4059 1315 4129 γὰρ
1361 4057 1464 4128 τὴν
1517 4055 1648 4110 θέαν
1708 4054 1903 4125 παρεί-

323 4179 506 4235 χοντο,
537 4160 631 4212 καὶ
665 4156 755 4210 διά
793 4155 891 4226 τῆς
923 4151 1020 4207 τοῦ
1067 4150 1321 4221 σώματος
1359 4148 1532 4223 ὥρας,
1571 4149 1606 4218 ἠ
1651 4145 1900 4215 εὐγένεια

322 4259 422 4328 τῆς
460 4254 642 4324 ψυχῆς
666 4250 858 4312 αὑταῖς
889 4246 1074 4318 ἡρέμα
1099 4242 1413 4311 ὑπαύγαζε,
1443 4243 1536 4295 καὶ
1553 4239 1901 4311 ἀπεριέργως

322 4346 470 4420 ἦσαν
497 4346 682 4401 καλαί.
716 4341 877 4395 Κατά
900 4339 1072 4410 βραχὺ
1095 4336 1152 4390 δὲ
1188 4335 1384 4398 αὐταῖς
1410 4332 1702 4403 ἀνέτρεχεν
1725 4329 1760 4401 ἡ
1783 4330 1902 4399 ἠλι-

323 4443 445 4507 κία,
472 4439 571 4493 καὶ
604 4433 905 4506 παρθενίας
931 4431 1160 4502 ὲρῶσαι,
1186 4427 1283 4496 τὴν
1309 4426 1419 4480 τῶν
1450 4423 1660 4495 ἀνδρῶν
1683 4420 1902 4492 ὁμιλίαν

324 4533 590 4600 ἔφευγον,
638 4526 732 4578 καὶ
772 4523 873 4594 τὴν
923 4519 1162 4590 ἐρημίαν
1213 4515 1464 4569 ἐπόθουν.
1518 4514 1615 4567 Διά
1665 4511 1902 4582 Χριστδν

325 4627 509 4678 τοίνυν
539 4619 643 4690 τὴν
695 4613 1073 4685 ένεγκαμένην
1123 4607 1489 4664 ἀπολιποῦσαι
1539 4605 1902 4675 καταλαμϐά-

326 4733 478 4770 νουσι
509 4711 787 4783 γεώλοφόν
832 4725 886 4761 τι
914 4705 1024 4760 τῶν
1067 4702 1280 4756 Πυθίων
1325 4699 1544 4772 θερμῶν
1577 4700 1639 4753 οὐ
1689 4699 1904 4771 πόρρω,

327 4810 424 4865 καὶ
458 4803 790 4878 σωφροσύνῃ
815 4817 875 4854 τε
901 4800 960 4852 ὲν
990 4795 1140 4866 αὐτῷ
1173 4792 1367 4857 διέζων
1390 4791 1486 4846 καὶ
1519 4790 1646 4860 περὶ
1682 4789 1782 4860 τὴν
1809 4788 1904 4843 ἄλο

323 4901 425 4971 λην
446 4898 547 4970 τῆς
573 4893 775 4968 ἀρετῆς
798 4891 1032 4960 ἄσκησιν
1062 4886 1365 4956 φιλοπόνως
1384 4881 1668 4936 διέκειντο.
1712 4881 1905 4951 Χρόνῳ

1999 2413 2082 2462 est
2112 2403 2348 2460 stadium
2398 2402 2642 2476 martyrii
2698 2420 2714 2461 :
2763 2403 2859 2460 sed
2891 2414 2947 2460 et
2999 2417 3078 2461 eae
3108 2414 3341 2464 mortem
3394 2421 3583 2468 eonte-

2001 2513 2090 2553 mn
2100 2505 2215 2563 unt,
2237 2507 2296 2552 et
2313 2497 2597 2552 decessum
2619 2496 2822 2552 habent
2835 2512 2932 2568 pro
2948 2497 3078 2556 ludo
3101 2517 3115 2554 :
3135 2500 3243 2556 imo
3259 2516 3387 2557 vero
3402 2501 3581 2572 ipsum

2001 2590 2278 2646 honorant
2305 2599 2363 2645 et
2399 2590 2824 2660 amplectuntur,
2846 2605 2912 2645 ex
2931 2605 2997 2646 eo
3025 2592 3283 2664 pulchras
3313 2595 3418 2652 sibi
3438 2612 3586 2652 mer.

1998 2697 2093 2738 ees
2124 2684 2527 2752 comparantes,
2554 2698 2751 2754 nempe
2774 2697 3004 2755 regnum
3021 2685 3308 2741 caelorum.
3326 2684 3583 2758 Propter-

2011 2789 2073 2828 ea
2113 2774 2453 2828 admirabilis
2482 2789 2700 2844 quoque
2753 2775 2969 2831 trinitas
3019 2786 3340 2849 martyrum.
3381 2788 3438 2834 et
3466 2780 3580 2835 vir-

1999 2866 2206 2936 ginum,
2266 2865 2584 2930 Menodora,
2644 2867 2903 2938 inquam,
2954 2877 3011 2923 et
3075 2867 3457 2941 Nymphodora
3531 2883 3588 2926 et

1999 2956 2332 3023 Metrodora,
2424 2972 2547 3028 quae
2622 2971 2753 3014 vere
2811 2967 2974 3014 erant
3045 2959 3186 3016 dona
3257 2960 3578 3032 viginitatis,

2000 3061 2252 3120 prompto
2282 3062 2334 3106 et
2385 3050 2550 3105 alacri
2581 3050 2766 3105 animo
2821 3051 2890 3107 ad
2913 3051 3019 3106 hoc
3049 3062 3342 3120 venerunt,
3376 3063 3432 3110 et
3457 3070 3584 3110 cum

2001 3140 2275 3210 voluptate
2297 3151 2528 3198 mortem
2587 3151 2944 3212 susceperunt
2996 3142 3312 3212 fortissime,
3345 3162 3453 3200 non
3468 3163 3588 3216 quae

1999 3234 2064 3287 ad
2091 3233 2297 3288 inferos
2323 3233 2567 3299 deducit,
2597 3243 2656 3289 ut
2679 3249 2828 3290 mors
2850 3235 2991 3291 solet
3019 3236 3312 3308 impiorum
3349 3255 3364 3292 :
3396 3239 3491 3293 sed
3519 3242 3587 3293 ad

1999 3330 2234 3376 aeternos
2265 3323 2533 3380 thalamos
2558 3332 2615 3379 et
2652 3339 2838 3381 sacros
2897 3326 3170 3396 porticus,
3201 3329 3268 3382 ad
3321 3340 3375 3384 et
3409 3331 3586 3399 ipsum

1997 3413 2299 3482 jucundum
2331 3430 2590 3485 sponsum
2623 3415 2900 3472 Christum
2944 3418 3261 3473 transmittit
3304 3419 3576 3475 alacriter.

2073 3609 2149 3664 ll.
2176 3607 2354 3679 Atque
2394 3610 2640 3666 modeste
2687 3609 2908 3680 quidem
2941 3621 2997 3666 et
3039 3611 3337 3667 liberaliter
3368 3611 3588 3668 fuerunt

2001 3699 2245 3754 educatae
2283 3700 2337 3754 in
2390 3699 2638 3772 Bithynia
2673 3700 2770 3770 (ea
2806 3702 2953 3756 enim
2983 3710 3239 3773 tanquam
3290 3719 3585 3774 generosos

2003 3793 2209 3861 aliquot
2231 3807 2412 3848 ramos
2447 3794 2549 3848 has
2576 3793 2698 3848 tulit
2728 3794 3009 3865 virgines),
3035 3804 3092 3850 et
3116 3809 3209 3851 eas
3229 3795 3590 3851 circumvola-

2001 3881 2340 3950 runtgratia:
2390 3879 2719 3953 virginitatis
2752 3898 2768 3936 :
2797 3883 2960 3937 simul
3010 3893 3193 3937 autem
3244 3893 3464 3938 exortus
3502 3894 3587 3938 est

2003 3971 2168 4026 etiam
2220 3971 2320 4026 ﬂos
2357 3973 2410 4026 in
2443 3973 2618 4033 vultu.
2687 3982 2744 4028 et
2782 3973 2950 4028 rubor
3003 3977 3058 4027 in
3106 3973 3281 4044 genis.
3373 3971 3508 4026 Nam
3533 3981 3587 4025 ct

2001 4059 2460 4132 iucundissimum
2532 4061 2864 4120 exhibebant
2919 4063 3318 4132 spectaculum,
3373 4071 3430 4116 et
3488 4076 3585 4132 per

2007 4153 2248 4224 Speciem
2295 4153 2541 4224 corporis
2580 4153 2775 4208 animae
2835 4153 3087 4210 nobilitas
3149 4152 3357 4209 sensim
3392 4152 3448 4208 in
3504 4153 3586 4208 eis

2005 4244 2281 4302 relucebat
2309 4263 2322 4298 :
2351 4255 2407 4299 et
2482 4255 2638 4300 erant
2673 4245 2915 4315 pulchrae
2969 4247 3105 4300 citra
3163 4243 3535 4300 curiositatem
3567 4284 3582 4300 .

2004 4324 2298 4389 Paulatim.
2341 4347 2524 4390 autem
2562 4335 2642 4391 eis
2680 4337 3007 4391 excurrebat
3042 4346 3194 4402 aetas,
3232 4343 3288 4392 et
3338 4345 3587 4394 amantes

2005 4427 2371 4499 virginitatem
2435 4426 2712 4499 fugiebant
2765 4429 3050 4486 hominum
3112 4432 3584 4494 consuetudinem,

2006 4533 2061 4577 et
2120 4519 2499 4576 desiderabant
2564 4521 2934 4577 solitudinem.
3008 4525 3235 4593 Propter
3306 4522 3589 4578 Christum

2006 4629 2154 4686 ergo,
2171 4613 2356 4668 relicta
2382 4625 2501 4680 quae
2524 4627 2614 4666 eas
2631 4613 2827 4669 tulerat
2853 4615 3046 4684 patria,
3063 4615 3290 4670 veniunt
3317 4617 3371 4670 in
3393 4630 3584 4686 quem—

2007 4707 2128 4762 dam
2158 4707 2426 4762 tnmulum
2467 4721 2579 4761 non
2607 4707 3071 4779 proculaPythiis
3098 4709 3346 4775 thermis,
3366 4716 3413 4761 cl
3445 4717 3586 4763 tem-

2008 4807 2264 4868 peranter
2319 4797 2376 4854 in
2441 4813 2509 4854 eo
2539 4797 2812 4865 vivebant,
2843 4809 2898 4855 et
2926 4801 2978 4854 in
3026 4802 3174 4855 omni
3234 4802 3338 4856 alia
3367 4801 3585 4855 virtutis

2008 4891 2396 4946 exercitatione
2459 4891 2715 4946 studiosa:
2769 4901 2927 4946 erant
2975 4902 3030 4948 et
3087 4892 3396 4964 diligentes.
3444 4892 3583 4947 Cum

328 4992 386 5045 δὲ
415 4992 602 5044 πᾶσαν
631 4986 732 5056 τὴν
760 4983 853 5037 τοῦ
885 4980 1036 5034 θείου
1091 4975 1409 5047 Πνεύματος
1466 4973 1896 5042 εἰσοικισάμεναι

2005 4990 2184 5037 autem
2205 4981 2530 5052 procedente
2549 4990 2790 5052 tempore
2817 4983 3164 5041 admisissent
3205 5000 3422 5040 omnem
3469 5000 3585 5057 gra-

331 5083 512 5156 χάριν,
565 5075 863 5147 διέλαμπόν
920 5089 980 5127 τε
1035 5071 1148 5134 τοῖς
1197 5068 1385 5131 καλοῖς
1441 5065 1625 5138 ἔργοις
1662 5065 1900 5156 καὶ-τοῖς

331 5150 594 5243 θαίόμασι,
627 5166 724 5220 καὶ
769 5167 837 5235 τῇ
884 5159 1116 5232 ἀφθονίᾳ
1163 5158 1274 5213 τῶν
1306 5157 1546 5229 χαρίτων
1574 5156 1730 5220 πόλις
1759 5150 1902 5228 ἦσαν

329 5262 551 5334 ἀληθῶς
601 5257 785 5312 ἐπάνω
830 5255 993 5326 ὅρους
1025 5251 1282 5322 κειμένη.
1321 5249 1431 5302 Καὶ
1481 5247 1570 5301 διά
1599 5245 1760 5302 τοῦτο
1809 5248 1905 5300 καὶ

331 5353 468 5422 ταχὺ
499 5349 659 5419 δῆλαι
693 5345 959 5414 γίνονται,
1007 5343 1106 5431 κα)ἒ
1161 5340 1347 5394 πολλοὶ
1383 5338 1519 5410 πρὸς
1559 5339 1728 5402 αὑτάς
1775 5342 1906 5431 συρ-

335 5445 549 5514 ρέοντες
578 5438 744 5511 ἦσαν,
768 5437 838 5507 to?
869 5437 930 5490 οὐ
969 5430 1130 5506 μόνον
1162 5434 1334 5488 νόσων
1358 5447 1418 5484 τε
1447 5433 1543 5484 καὶ
1575 5430 1908 5501 πνευμάτων

335 5534 592 5605 πονηρῶν
635 5525 1071 5602 ἀπηλλάττοντο,
1121 5525 1258 5581 ἀλλά
1307 5523 1402 5578 καλ¹
1448 5523 1564 5592 φῶς
1595 5523 1774 5595 ψυχῆς
1815 5523 1910 5577 καὶ

335 5625 617 5698 σωτηρίαν
639 5621 957 5677 ἐπλούτουν.
990 5616 1179 5674 Ταῦτα
1198 5617 1293 5672 καὶ
1316 5618 1393 5680 είς
1419 5616 1704 5687 Φρόντωνα
1727 5617 1908 5686 φοιτᾷ,

331 5717 392 5782 ὃς
433 5717 536 5786 τὴν
566 5715 743 5787 ἀρχὴν
792 5707 1094 5784 τηνικαῦτα
1164 5709 1265 5780 τῆς
1337 5707 1646 5780 περιχώρου
1710 5707 1912 5779 ταύτης

335 5811 696 5870 πεπίστευτο,
755 5801 1098 5874 Μαξιμιανοΰ
1145 5801 1246 5871 τὴν
1288 5798 1576 5871 Ῥωμαίων
1627 5798 1909 5872 βασιλείαν

2000 5074 2128 5129 tiam
2145 5073 2312 5128 divini
2328 5072 2584 5143 Spiritus,
2613 5073 2776 5129 bonis
2788 5075 3208 5146 resplendebant
3228 5076 3512 5146 cperibus,
3527 5086 3582 5132 et

2002 5161 2303 5228 miraculis,
2323 5171 2378 5217 et
2399 5163 2551 5233 copia
2567 5164 2856 5234 gratiarum
2872 5173 3028 5221 erant
3057 5182 3244 5222 revera
3265 5169 3456 5223 civitas
3477 5169 3582 5224 sita

2003 5269 2166 5324 supra
2199 5262 2460 5311 montem.
2497 5255 2561 5308 Et
2590 5254 2712 5311 ideo
2740 5256 2848 5312 cito
2877 5258 3116 5313 evadunt
3157 5259 3480 5326 manifestae,
3528 5273 3584 5314 et

2004 5346 2163 5402 multi
2179 5349 2246 5402 ad
2265 5361 2358 5402 eas
2377 5344 2724 5402 conﬂuebant
2746 5364 2759 5401 :
2780 5348 2870 5418 qui
2889 5364 3000 5404 non
3023 5350 3198 5406 solum
3214 5352 3586 5406 liberabantur

2006 5433 2036 5488 a
2077 5435 2284 5490 morbis
2312 5443 2364 5489 et
2400 5450 2432 5488 a
2467 5435 2624 5491 malis
2659 5435 2969 5505 spiritibus,
3008 5439 3103 5494 sed
3172 5439 3373 5493 ﬁebant
3418 5440 3583 5494 etiam

2006 5525 2202 5582 divites
2236 5527 2356 5581 luce
2386 5527 2583 5581 animae
2611 5535 2666 5582 et
2691 5528 2882 5583 salute.
2906 5527 3030 5584 Hmc
3057 5531 3383 5599 perveniunt
3413 5532 3582 5586 etiam

2007 5620 2075 5675 ad
2108 5633 2269 5673 aures
2300 5618 2612 5686 Frontonis,
2631 5621 2788 5690 cujus
2823 5621 2944 5678 ﬁdei
2976 5625 3262 5678 commissa
3289 5624 3464 5678 fuerat
3495 5638 3584 5678 re-

2011 5711 2187 5782 gionis
2269 5709 2420 5764 illius
2476 5709 2906 5776 administratio,
2975 5712 3301 5769 Maximiano
3362 5722 3586 5770 tenente

2012 5801 2381 5860 Romanorum
2415 5802 2829 5864 imperium:et
2857 5805 3120 5862 continuo
3174 5805 3340 5862 mittit
3389 5804 3583 5863 Fronte
