  <div class='ocr_page' id='page_1' title='image "/cluster/home/n/w/nwhite01/storage/ocr_20150623/115:no.2/coo.31924054870195/335.png"; bbox 0 0 3996 6438; ppageno 0'>
   <div class='ocr_carea' id='block_1_1' title="bbox 452 379 563 446">
    <p class='ocr_par' dir='ltr' id='par_1_1' title="bbox 452 379 563 446">
     <span class='ocr_line' id='line_1_1' title="bbox 452 379 563 446; baseline 0 0"><span class='ocrx_word' id='word_1_1' title='bbox 452 379 563 446; x_wconf 77' lang='lat'><strong>(55</strong></span> 
     </span>
    </p>
   </div>
   <div class='ocr_carea' id='block_1_2' title="bbox 1683 381 2482 448">
    <p class='ocr_par' dir='ltr' id='par_1_2' title="bbox 1683 381 2482 448">
     <span class='ocr_line' id='line_1_2' title="bbox 1683 381 2482 448; baseline 0.006 -5"><span class='ocrx_word' id='word_1_2' title='bbox 1683 381 1970 443; x_wconf 83' lang='lat' dir='ltr'><strong>MENSIS</strong></span> <span class='ocrx_word' id='word_1_3' title='bbox 2009 383 2482 448; x_wconf 78' lang='lat' dir='ltr'><strong>SEPTEMBER.</strong></span> 
     </span>
    </p>
   </div>
   <div class='ocr_carea' id='block_1_3' title="bbox 3563 389 3720 450">
    <p class='ocr_par' dir='ltr' id='par_1_3' title="bbox 3563 389 3720 450">
     <span class='ocr_line' id='line_1_3' title="bbox 3563 389 3720 450; baseline -0.006 0"><span class='ocrx_word' id='word_1_4' title='bbox 3563 389 3575 398; x_wconf 75' lang='grc'><strong>’</strong></span> <span class='ocrx_word' id='word_1_5' title='bbox 3607 389 3720 450; x_wconf 62' lang='lat'><strong>£53</strong></span> 
     </span>
    </p>
   </div>
   <div class='ocr_carea' id='block_1_4' title="bbox 455 494 2029 585">
    <p class='ocr_par' dir='ltr' id='par_1_4' title="bbox 455 494 2029 555">
     <span class='ocr_line' id='line_1_4' title="bbox 455 494 2029 555; baseline 0.001 -2"><span class='ocrx_word' id='word_1_6' title='bbox 455 511 617 553; x_wconf 76' lang='lat' dir='ltr'><strong>suum</strong></span> <span class='ocrx_word' id='word_1_7' title='bbox 664 509 998 553; x_wconf 78' lang='lat' dir='ltr'><strong>assessorem</strong></span> <span class='ocrx_word' id='word_1_8' title='bbox 1066 510 1189 549; x_wconf 89' lang='lat' dir='ltr'><strong>cum</strong></span> <span class='ocrx_word' id='word_1_9' title='bbox 1268 494 1534 551; x_wconf 75' lang='lat' dir='ltr'><strong>ministris</strong></span> <span class='ocrx_word' id='word_1_10' title='bbox 1595 507 1650 553; x_wconf 88' lang='lat' dir='ltr'><strong>et</strong></span> <span class='ocrx_word' id='word_1_11' title='bbox 1704 499 2029 555; x_wconf 73' lang='lat' dir='ltr'><strong>satellitibus</strong></span> 
     </span>
    </p>
   </div>
   <div class='ocr_carea' id='block_1_5' title="bbox 2135 494 3724 585">
    <p class='ocr_par' dir='ltr' id='par_1_5' title="bbox 2139 504 3724 585">
     <span class='ocr_line' id='line_1_5' title="bbox 2139 504 3724 585; baseline 0.008 -28"><span class='ocrx_word' id='word_1_12' title='bbox 2139 504 2458 570; x_wconf 82' lang='grc' dir='ltr'>διέποντος’</span> <span class='ocrx_word' id='word_1_13' title='bbox 2514 508 2607 562; x_wconf 76' lang='grc' dir='ltr'>καὶ</span> <span class='ocrx_word' id='word_1_14' title='bbox 2642 509 2854 579; x_wconf 80' lang='grc' dir='ltr'><strong>πέμπει</strong></span> <span class='ocrx_word' id='word_1_15' title='bbox 2884 508 2976 563; x_wconf 85' lang='grc' dir='ltr'><strong>τὸν</strong></span> <span class='ocrx_word' id='word_1_16' title='bbox 3030 511 3420 585; x_wconf 79' lang='grc' dir='ltr'>συμπάρεδρον</span> <span class='ocrx_word' id='word_1_17' title='bbox 3477 514 3641 580; x_wconf 78' lang='grc' dir='ltr'>εὐθὺς</span> <span class='ocrx_word' id='word_1_18' title='bbox 3692 516 3724 570; x_wconf 83' lang='grc' dir='ltr'>ὁ</span> 
     </span>
    </p>
   </div>
   <div class='ocr_carea' id='block_1_6' title="bbox 449 586 1296 662">
    <p class='ocr_par' dir='ltr' id='par_1_6' title="bbox 449 586 1296 662">
     <span class='ocr_line' id='line_1_6' title="bbox 449 586 1296 662; baseline -0.005 -17"><span class='ocrx_word' id='word_1_19' title='bbox 449 586 653 662; x_wconf 61' lang='lat' dir='ltr'><strong>lubens</strong></span> <span class='ocrx_word' id='word_1_20' title='bbox 668 597 725 643; x_wconf 89' lang='lat' dir='ltr'><strong>ut</strong></span> <span class='ocrx_word' id='word_1_21' title='bbox 741 595 1009 659; x_wconf 74' lang='lat' dir='ltr'><strong>quaereret</strong></span> <span class='ocrx_word' id='word_1_22' title='bbox 1035 586 1266 658; x_wconf 76' lang='lat' dir='ltr'><strong>virgines</strong></span> <span class='ocrx_word' id='word_1_23' title='bbox 1284 629 1296 642; x_wconf 95' lang='lat'><strong>.</strong></span> 
     </span>
    </p>
   </div>
   <div class='ocr_carea' id='block_1_7' title="bbox 525 870 2021 938">
    <p class='ocr_par' dir='ltr' id='par_1_7' title="bbox 525 870 2021 938">
     <span class='ocr_line' id='line_1_7' title="bbox 525 870 2021 938; baseline -0.005 -7"><span class='ocrx_word' id='word_1_24' title='bbox 525 875 630 933; x_wconf 85' lang='lat' dir='ltr'><strong>Ill.</strong></span> <span class='ocrx_word' id='word_1_25' title='bbox 656 874 793 931; x_wconf 84' lang='lat' dir='ltr'><strong>Cum</strong></span> <span class='ocrx_word' id='word_1_26' title='bbox 852 879 1035 930; x_wconf 85' lang='lat' dir='ltr'><strong>autem</strong></span> <span class='ocrx_word' id='word_1_27' title='bbox 1089 873 1324 928; x_wconf 68' lang='lat' dir='ltr'><strong>inventa:</strong></span> <span class='ocrx_word' id='word_1_28' title='bbox 1414 870 1643 927; x_wconf 83' lang='lat' dir='ltr'><strong>fuissent</strong></span> <span class='ocrx_word' id='word_1_29' title='bbox 1674 910 1690 938; x_wconf 90' lang='lat'><strong>,</strong></span> <span class='ocrx_word' id='word_1_30' title='bbox 1715 870 2021 937; x_wconf 85' lang='lat' dir='ltr'><strong>Undenam,</strong></span> 
     </span>
    </p>
   </div>
   <div class='ocr_carea' id='block_1_8' title="bbox 449 957 2025 1035">
    <p class='ocr_par' dir='ltr' id='par_1_8' title="bbox 449 957 2025 1035">
     <span class='ocr_line' id='line_1_8' title="bbox 449 957 2025 1035; baseline -0.006 -11"><span class='ocrx_word' id='word_1_31' title='bbox 449 967 669 1024; x_wconf 84' lang='lat' dir='ltr'><strong>dicebat</strong></span> <span class='ocrx_word' id='word_1_32' title='bbox 699 965 890 1035; x_wconf 75' lang='lat' dir='ltr'><strong>iudex,</strong></span> <span class='ocrx_word' id='word_1_33' title='bbox 918 957 1066 1019; x_wconf 85' lang='lat' dir='ltr'><strong>tanta</strong></span> <span class='ocrx_word' id='word_1_34' title='bbox 1097 972 1180 1018; x_wconf 86' lang='lat' dir='ltr'><strong>est</strong></span> <span class='ocrx_word' id='word_1_35' title='bbox 1233 961 1387 1017; x_wconf 85' lang='lat' dir='ltr'><strong>vobis</strong></span> <span class='ocrx_word' id='word_1_36' title='bbox 1426 962 1675 1027; x_wconf 83' lang='lat' dir='ltr'><strong>audacia,</strong></span> <span class='ocrx_word' id='word_1_37' title='bbox 1734 971 1816 1025; x_wconf 90' lang='lat' dir='ltr'><strong>ut,</strong></span> <span class='ocrx_word' id='word_1_38' title='bbox 1868 960 2025 1014; x_wconf 86' lang='lat' dir='ltr'><strong>mitto</strong></span> 
     </span>
    </p>
   </div>
   <div class='ocr_carea' id='block_1_9' title="bbox 452 1054 2023 1126">
    <p class='ocr_par' dir='ltr' id='par_1_9' title="bbox 452 1054 2023 1126">
     <span class='ocr_line' id='line_1_9' title="bbox 452 1054 2023 1126; baseline -0.007 -10"><span class='ocrx_word' id='word_1_39' title='bbox 452 1057 874 1126; x_wconf 68' lang='lat' dir='ltr'><strong>castera,_l)eum</strong></span> <span class='ocrx_word' id='word_1_40' title='bbox 928 1055 1142 1121; x_wconf 89' lang='lat' dir='ltr'><strong>colatis,</strong></span> <span class='ocrx_word' id='word_1_41' title='bbox 1192 1069 1355 1124; x_wconf 87' lang='lat' dir='ltr'><strong>quem</strong></span> <span class='ocrx_word' id='word_1_42' title='bbox 1416 1068 1595 1121; x_wconf 78' lang='lat' dir='ltr'><strong>neque</strong></span> <span class='ocrx_word' id='word_1_43' title='bbox 1646 1054 1758 1121; x_wconf 87' lang='lat' dir='ltr'><strong>ipse</strong></span> <span class='ocrx_word' id='word_1_44' title='bbox 1792 1066 2023 1121; x_wconf 79' lang='lat' dir='ltr'><strong>magnus</strong></span> 
     </span>
    </p>
   </div>
   <div class='ocr_carea' id='block_1_10' title="bbox 455 1138 2024 1215">
    <p class='ocr_par' dir='ltr' id='par_1_10' title="bbox 455 1138 2024 1215">
     <span class='ocr_line' id='line_1_10' title="bbox 455 1138 2024 1215; baseline -0.011 -8"><span class='ocrx_word' id='word_1_45' title='bbox 455 1150 839 1212; x_wconf 71' lang='lat' dir='ltr'><strong>Maximianus,</strong></span> <span class='ocrx_word' id='word_1_46' title='bbox 880 1160 1058 1215; x_wconf 86' lang='lat' dir='ltr'><strong>neque</strong></span> <span class='ocrx_word' id='word_1_47' title='bbox 1105 1159 1205 1198; x_wconf 88' lang='lat' dir='ltr'><strong>nos</strong></span> <span class='ocrx_word' id='word_1_48' title='bbox 1230 1143 1563 1197; x_wconf 76' lang='lat' dir='ltr'><strong>honorantes</strong></span> <span class='ocrx_word' id='word_1_49' title='bbox 1593 1142 1648 1195; x_wconf 90' lang='lat' dir='ltr'><strong>in</strong></span> <span class='ocrx_word' id='word_1_50' title='bbox 1700 1138 2024 1193; x_wconf 86' lang='lat' dir='ltr'><strong>hodiernum</strong></span> 
     </span>
    </p>
   </div>
   <div class='ocr_carea' id='block_1_11' title="bbox 456 1233 2024 1315">
    <p class='ocr_par' dir='ltr' id='par_1_11' title="bbox 456 1233 2024 1315">
     <span class='ocr_line' id='line_1_11' title="bbox 456 1233 2024 1315; baseline -0.011 -16"><span class='ocrx_word' id='word_1_51' title='bbox 456 1259 631 1315; x_wconf 87' lang='lat' dir='ltr'><strong>usque</strong></span> <span class='ocrx_word' id='word_1_52' title='bbox 678 1241 826 1297; x_wconf 89' lang='lat' dir='ltr'><strong>diem</strong></span> <span class='ocrx_word' id='word_1_53' title='bbox 869 1236 1151 1308; x_wconf 90' lang='lat' dir='ltr'><strong>conspecti</strong></span> <span class='ocrx_word' id='word_1_54' title='bbox 1196 1233 1430 1291; x_wconf 85' lang='lat' dir='ltr'><strong>sumus?</strong></span> <span class='ocrx_word' id='word_1_55' title='bbox 1459 1233 1808 1302; x_wconf 81' lang='lat' dir='ltr'><strong>Nequaquam</strong></span> <span class='ocrx_word' id='word_1_56' title='bbox 1842 1237 2024 1282; x_wconf 83' lang='lat' dir='ltr'><strong>autem</strong></span> 
     </span>
    </p>
   </div>
   <div class='ocr_carea' id='block_1_12' title="bbox 452 1326 2028 1407">
    <p class='ocr_par' dir='ltr' id='par_1_12' title="bbox 452 1326 2028 1407">
     <span class='ocr_line' id='line_1_12' title="bbox 452 1326 2028 1407; baseline -0.01 -16"><span class='ocrx_word' id='word_1_57' title='bbox 452 1334 804 1407; x_wconf 65' lang='lat' dir='ltr'><strong>perturbatae,</strong></span> <span class='ocrx_word' id='word_1_58' title='bbox 859 1329 954 1387; x_wconf 90' lang='lat' dir='ltr'><strong>sed</strong></span> <span class='ocrx_word' id='word_1_59' title='bbox 1005 1331 1058 1383; x_wconf 90' lang='lat' dir='ltr'><strong>in</strong></span> <span class='ocrx_word' id='word_1_60' title='bbox 1083 1328 1278 1383; x_wconf 92' lang='lat' dir='ltr'><strong>eodem</strong></span> <span class='ocrx_word' id='word_1_61' title='bbox 1323 1326 1518 1381; x_wconf 74' lang='lat' dir='ltr'><strong>animae</strong></span> <span class='ocrx_word' id='word_1_62' title='bbox 1574 1331 1723 1379; x_wconf 88' lang='lat' dir='ltr'><strong>statu</strong></span> <span class='ocrx_word' id='word_1_63' title='bbox 1748 1331 2028 1376; x_wconf 56' lang='lat' dir='ltr'><strong>manentes</strong></span> 
     </span>
    </p>
   </div>
   <div class='ocr_carea' id='block_1_13' title="bbox 452 1417 2029 1499">
    <p class='ocr_par' dir='ltr' id='par_1_13' title="bbox 452 1417 2029 1499">
     <span class='ocr_line' id='line_1_13' title="bbox 452 1417 2029 1499; baseline -0.01 -16"><span class='ocrx_word' id='word_1_64' title='bbox 452 1428 694 1499; x_wconf 79' lang='lat' dir='ltr'><strong>virgines</strong></span> <span class='ocrx_word' id='word_1_65' title='bbox 729 1467 742 1486; x_wconf 84' lang='lat'><strong>.</strong></span> <span class='ocrx_word' id='word_1_66' title='bbox 771 1423 906 1487; x_wconf 86' lang='lat' dir='ltr'><strong>Nos,</strong></span> <span class='ocrx_word' id='word_1_67' title='bbox 989 1437 1023 1478; x_wconf 92' lang='grc' dir='ltr'><strong>ο</strong></span> <span class='ocrx_word' id='word_1_68' title='bbox 1062 1421 1254 1493; x_wconf 72' lang='lat' dir='ltr'><strong>iudex,</strong></span> <span class='ocrx_word' id='word_1_69' title='bbox 1306 1419 1583 1483; x_wconf 77' lang='lat' dir='ltr'><strong>dixerunt,</strong></span> <span class='ocrx_word' id='word_1_70' title='bbox 1633 1431 1743 1471; x_wconf 87' lang='lat' dir='ltr'><strong>non</strong></span> <span class='ocrx_word' id='word_1_71' title='bbox 1792 1417 2029 1470; x_wconf 82' lang='lat' dir='ltr'><strong>ltumano</strong></span> 
     </span>
    </p>
   </div>
   <div class='ocr_carea' id='block_1_14' title="bbox 452 1507 2025 1577">
    <p class='ocr_par' dir='ltr' id='par_1_14' title="bbox 452 1507 2025 1577">
     <span class='ocr_line' id='line_1_14' title="bbox 452 1507 2025 1577; baseline -0.009 0"><span class='ocrx_word' id='word_1_72' title='bbox 452 1522 677 1577; x_wconf 77' lang='lat' dir='ltr'><strong>decreto</strong></span> <span class='ocrx_word' id='word_1_73' title='bbox 719 1515 891 1572; x_wconf 87' lang='lat' dir='ltr'><strong>Deum</strong></span> <span class='ocrx_word' id='word_1_74' title='bbox 921 1528 1084 1569; x_wconf 85' lang='lat' dir='ltr'><strong>nosse</strong></span> <span class='ocrx_word' id='word_1_75' title='bbox 1113 1512 1436 1576; x_wconf 88' lang='lat' dir='ltr'><strong>didicimus;</strong></span> <span class='ocrx_word' id='word_1_76' title='bbox 1493 1509 1591 1564; x_wconf 86' lang='lat' dir='ltr'><strong>sed</strong></span> <span class='ocrx_word' id='word_1_77' title='bbox 1644 1523 1772 1563; x_wconf 87' lang='lat' dir='ltr'><strong>eum</strong></span> <span class='ocrx_word' id='word_1_78' title='bbox 1817 1507 2025 1576; x_wconf 85' lang='lat' dir='ltr'><strong>utique,</strong></span> 
     </span>
    </p>
   </div>
   <div class='ocr_carea' id='block_1_15' title="bbox 452 1599 2032 1685">
    <p class='ocr_par' dir='ltr' id='par_1_15' title="bbox 452 1599 2032 1685">
     <span class='ocr_line' id='line_1_15' title="bbox 452 1599 2032 1685; baseline -0.011 -15"><span class='ocrx_word' id='word_1_79' title='bbox 452 1614 547 1685; x_wconf 91' lang='lat' dir='ltr'><strong>qui</strong></span> <span class='ocrx_word' id='word_1_80' title='bbox 621 1624 840 1680; x_wconf 81' lang='lat' dir='ltr'><strong>semper</strong></span> <span class='ocrx_word' id='word_1_81' title='bbox 875 1614 980 1671; x_wconf 86' lang='lat' dir='ltr'><strong>est,</strong></span> <span class='ocrx_word' id='word_1_82' title='bbox 1049 1613 1105 1660; x_wconf 93' lang='lat' dir='ltr'><strong>et</strong></span> <span class='ocrx_word' id='word_1_83' title='bbox 1147 1603 1464 1659; x_wconf 82' lang='lat' dir='ltr'><strong>universum</strong></span> <span class='ocrx_word' id='word_1_84' title='bbox 1513 1602 1775 1666; x_wconf 89' lang='lat' dir='ltr'><strong>intuetur,</strong></span> <span class='ocrx_word' id='word_1_85' title='bbox 1801 1599 2032 1655; x_wconf 83' lang='lat' dir='ltr'><strong>conﬁte-</strong></span> 
     </span>
    </p>
   </div>
   <div class='ocr_carea' id='block_1_16' title="bbox 432 1692 2031 1776">
    <p class='ocr_par' dir='ltr' id='par_1_16' title="bbox 432 1692 2031 1776">
     <span class='ocr_line' id='line_1_16' title="bbox 432 1692 2031 1776; baseline -0.011 -13"><span class='ocrx_word' id='word_1_86' title='bbox 432 1704 735 1776; x_wconf 74' lang='lat' dir='ltr'><strong>murzqui</strong></span> <span class='ocrx_word' id='word_1_87' title='bbox 788 1702 952 1758; x_wconf 78' lang='lat' dir='ltr'><strong>etiam</strong></span> <span class='ocrx_word' id='word_1_88' title='bbox 993 1699 1139 1755; x_wconf 85' lang='lat' dir='ltr'><strong>hunc</strong></span> <span class='ocrx_word' id='word_1_89' title='bbox 1205 1695 1451 1751; x_wconf 89' lang='lat' dir='ltr'><strong>continet</strong></span> <span class='ocrx_word' id='word_1_90' title='bbox 1514 1692 1761 1749; x_wconf 85' lang='lat' dir='ltr'><strong>ordinem</strong></span> <span class='ocrx_word' id='word_1_91' title='bbox 1810 1693 2031 1747; x_wconf 83' lang='lat' dir='ltr'><strong>univer—</strong></span> 
     </span>
    </p>
   </div>
   <div class='ocr_carea' id='block_1_17' title="bbox 451 1788 2031 1866">
    <p class='ocr_par' dir='ltr' id='par_1_17' title="bbox 451 1788 2031 1866">
     <span class='ocr_line' id='line_1_17' title="bbox 451 1788 2031 1866; baseline -0.013 -10"><span class='ocrx_word' id='word_1_92' title='bbox 451 1814 660 1864; x_wconf 87' lang='lat' dir='ltr'><strong>sorum,</strong></span> <span class='ocrx_word' id='word_1_93' title='bbox 687 1805 746 1852; x_wconf 85' lang='lat' dir='ltr'><strong>et</strong></span> <span class='ocrx_word' id='word_1_94' title='bbox 776 1802 1062 1866; x_wconf 84' lang='lat' dir='ltr'><strong>potestate,</strong></span> <span class='ocrx_word' id='word_1_95' title='bbox 1099 1804 1208 1845; x_wconf 88' lang='lat' dir='ltr'><strong>non</strong></span> <span class='ocrx_word' id='word_1_96' title='bbox 1243 1788 1498 1849; x_wconf 78' lang='lat' dir='ltr'><strong>essentia,</strong></span> <span class='ocrx_word' id='word_1_97' title='bbox 1527 1796 1713 1840; x_wconf 90' lang='lat' dir='ltr'><strong>mente</strong></span> <span class='ocrx_word' id='word_1_98' title='bbox 1780 1797 2031 1852; x_wconf 86' lang='lat' dir='ltr'><strong>compre-</strong></span> 
     </span>
    </p>
   </div>
   <div class='ocr_carea' id='block_1_18' title="bbox 2132 597 3726 675">
    <p class='ocr_par' dir='ltr' id='par_1_18' title="bbox 2132 597 3726 675">
     <span class='ocr_line' id='line_1_18' title="bbox 2132 597 3726 675; baseline 0.008 -26"><span class='ocrx_word' id='word_1_99' title='bbox 2132 597 2380 667; x_wconf 80' lang='grc' dir='ltr'>Φρόντων</span> <span class='ocrx_word' id='word_1_100' title='bbox 2409 601 2549 671; x_wconf 82' lang='grc' dir='ltr'><strong>μετά</strong></span> <span class='ocrx_word' id='word_1_101' title='bbox 2581 600 2781 672; x_wconf 84' lang='grc' dir='ltr'>πολλῆς</span> <span class='ocrx_word' id='word_1_102' title='bbox 2822 601 2923 673; x_wconf 86' lang='grc' dir='ltr'>τῆς</span> <span class='ocrx_word' id='word_1_103' title='bbox 2965 603 3454 675; x_wconf 81' lang='grc' dir='ltr'><strong>ὑπερασπισάντων</strong></span> <span class='ocrx_word' id='word_1_104' title='bbox 3484 608 3579 662; x_wconf 75' lang='grc' dir='ltr'>καὶ</span> <span class='ocrx_word' id='word_1_105' title='bbox 3609 607 3726 662; x_wconf 87' lang='grc' dir='ltr'><strong>τῶν</strong></span> 
     </span>
    </p>
   </div>
   <div class='ocr_carea' id='block_1_19' title="bbox 2132 688 3724 770">
    <p class='ocr_par' dir='ltr' id='par_1_19' title="bbox 2132 688 3724 770">
     <span class='ocr_line' id='line_1_19' title="bbox 2132 688 3724 770; baseline 0.009 -31"><span class='ocrx_word' id='word_1_106' title='bbox 2132 688 2446 758; x_wconf 80' lang='grc' dir='ltr'>δορυφόρων</span> <span class='ocrx_word' id='word_1_107' title='bbox 2503 689 2745 762; x_wconf 78' lang='grc' dir='ltr'><strong>πληθύος</strong></span> <span class='ocrx_word' id='word_1_108' title='bbox 2790 691 2857 747; x_wconf 80' lang='grc' dir='ltr'><strong>τά</strong></span> <span class='ocrx_word' id='word_1_109' title='bbox 2893 693 3034 748; x_wconf 84' lang='grc' dir='ltr'>κατὰ</span> <span class='ocrx_word' id='word_1_110' title='bbox 3085 695 3183 760; x_wconf 88' lang='grc' dir='ltr'><strong>τάς</strong></span> <span class='ocrx_word' id='word_1_111' title='bbox 3228 696 3530 762; x_wconf 80' lang='grc' dir='ltr'><strong>παρθένους</strong></span> <span class='ocrx_word' id='word_1_112' title='bbox 3569 698 3724 770; x_wconf 88' lang='grc' dir='ltr'>αὑτῷ</span> 
     </span>
    </p>
   </div>
   <div class='ocr_carea' id='block_1_20' title="bbox 2132 780 2509 851">
    <p class='ocr_par' dir='ltr' id='par_1_20' title="bbox 2132 780 2509 851">
     <span class='ocr_line' id='line_1_20' title="bbox 2132 780 2509 851; baseline 0.005 -18"><span class='ocrx_word' id='word_1_113' title='bbox 2132 780 2453 851; x_wconf 71' lang='grc' dir='ltr'>ἐπιτρέψας.</span> <span class='ocrx_word' id='word_1_114' title='bbox 2496 780 2509 788; x_wconf 86' lang='grc'><em>’</em></span> 
     </span>
    </p>
   </div>
   <div class='ocr_carea' id='block_1_21' title="bbox 2205 869 3724 955">
    <p class='ocr_par' dir='ltr' id='par_1_21' title="bbox 2205 869 3724 955">
     <span class='ocr_line' id='line_1_21' title="bbox 2205 869 3724 955; baseline 0.009 -29"><span class='ocrx_word' id='word_1_115' title='bbox 2205 869 2280 926; x_wconf 74' lang='lat' dir='ltr'><strong>I&quot;.</strong></span> <span class='ocrx_word' id='word_1_116' title='bbox 2322 871 2382 928; x_wconf 85' lang='lat'><strong>&#39;0</strong></span> <span class='ocrx_word' id='word_1_117' title='bbox 2412 873 2470 928; x_wconf 81' lang='grc' dir='ltr'>δὲ</span> <span class='ocrx_word' id='word_1_118' title='bbox 2510 874 2600 929; x_wconf 88' lang='grc' dir='ltr'>διὰ</span> <span class='ocrx_word' id='word_1_119' title='bbox 2646 875 2758 930; x_wconf 87' lang='grc' dir='ltr'><strong>τῶν</strong></span> <span class='ocrx_word' id='word_1_120' title='bbox 2813 877 3279 949; x_wconf 74' lang='grc' dir='ltr'><strong>ὑπηρετουμένων</strong></span> <span class='ocrx_word' id='word_1_121' title='bbox 3324 882 3475 952; x_wconf 85' lang='grc' dir='ltr'>αὑτῷ</span> <span class='ocrx_word' id='word_1_122' title='bbox 3502 884 3724 955; x_wconf 78' lang='grc' dir='ltr'><strong>δημίων</strong></span> 
     </span>
    </p>
   </div>
   <div class='ocr_carea' id='block_1_22' title="bbox 2136 966 3700 1048">
    <p class='ocr_par' dir='ltr' id='par_1_22' title="bbox 2136 966 3700 1048">
     <span class='ocr_line' id='line_1_22' title="bbox 2136 966 3700 1048; baseline 0.008 -30"><span class='ocrx_word' id='word_1_123' title='bbox 2136 966 2633 1037; x_wconf 81' lang='grc' dir='ltr'><strong>μεταστειλάμενος</strong></span> <span class='ocrx_word' id='word_1_124' title='bbox 2681 968 2907 1037; x_wconf 90' lang='grc' dir='ltr'>ταύτας,</span> <span class='ocrx_word' id='word_1_125' title='bbox 2939 971 3113 1025; x_wconf 82' lang='grc' dir='ltr'>Πόθεν</span> <span class='ocrx_word' id='word_1_126' title='bbox 3178 973 3307 1043; x_wconf 86' lang='grc' dir='ltr'>ὑμῖν</span> <span class='ocrx_word' id='word_1_127' title='bbox 3349 975 3383 1046; x_wconf 84' lang='grc' dir='ltr'><strong>ή</strong></span> <span class='ocrx_word' id='word_1_128' title='bbox 3437 980 3700 1048; x_wconf 87' lang='grc' dir='ltr'>τοσαύτη,</span> 
     </span>
    </p>
   </div>
   <div class='ocr_carea' id='block_1_23' title="bbox 2135 1056 3722 1134">
    <p class='ocr_par' dir='ltr' id='par_1_23' title="bbox 2135 1056 3722 1134">
     <span class='ocr_line' id='line_1_23' title="bbox 2135 1056 3722 1134; baseline 0.008 -25"><span class='ocrx_word' id='word_1_129' title='bbox 2135 1056 2313 1126; x_wconf 73' lang='grc' dir='ltr'>ἔλεγε,</span> <span class='ocrx_word' id='word_1_130' title='bbox 2342 1057 2541 1127; x_wconf 80' lang='grc' dir='ltr'><strong>τόλμα,</strong></span> <span class='ocrx_word' id='word_1_131' title='bbox 2576 1059 2676 1127; x_wconf 84' lang='grc' dir='ltr'>ὡς,</span> <span class='ocrx_word' id='word_1_132' title='bbox 2720 1061 2807 1114; x_wconf 83' lang='grc' dir='ltr'><strong>ῖνα</strong></span> <span class='ocrx_word' id='word_1_133' title='bbox 2854 1062 3022 1117; x_wconf 80' lang='grc' dir='ltr'>τᾶλλο.</span> <span class='ocrx_word' id='word_1_134' title='bbox 3055 1063 3233 1134; x_wconf 86' lang='grc' dir='ltr'>παρῶ,</span> <span class='ocrx_word' id='word_1_135' title='bbox 3263 1064 3395 1118; x_wconf 76' lang='grc' dir='ltr'>Θεὸν</span> <span class='ocrx_word' id='word_1_136' title='bbox 3423 1067 3630 1132; x_wconf 86' lang='grc' dir='ltr'>σέϐειν,</span> <span class='ocrx_word' id='word_1_137' title='bbox 3661 1069 3722 1122; x_wconf 86' lang='grc' dir='ltr'>ὃν</span> 
     </span>
    </p>
   </div>
   <div class='ocr_carea' id='block_1_24' title="bbox 2134 1146 3721 1227">
    <p class='ocr_par' dir='ltr' id='par_1_24' title="bbox 2134 1146 3721 1227">
     <span class='ocr_line' id='line_1_24' title="bbox 2134 1146 3721 1227; baseline 0.007 -28"><span class='ocrx_word' id='word_1_138' title='bbox 2134 1146 2258 1200; x_wconf 77' lang='grc' dir='ltr'>οὔτε</span> <span class='ocrx_word' id='word_1_139' title='bbox 2291 1146 2635 1218; x_wconf 82' lang='grc' dir='ltr'>Μαξιμιανὸς</span> <span class='ocrx_word' id='word_1_140' title='bbox 2660 1150 2822 1214; x_wconf 77' lang='grc' dir='ltr'>αὐτὸς</span> <span class='ocrx_word' id='word_1_141' title='bbox 2843 1154 2870 1205; x_wconf 86' lang='grc' dir='ltr'><strong>ό</strong></span> <span class='ocrx_word' id='word_1_142' title='bbox 2903 1152 3076 1221; x_wconf 84' lang='grc' dir='ltr'><strong>μέγας</strong></span> <span class='ocrx_word' id='word_1_143' title='bbox 3119 1154 3232 1207; x_wconf 74' lang='grc' dir='ltr'>οὔθ’</span> <span class='ocrx_word' id='word_1_144' title='bbox 3262 1157 3427 1225; x_wconf 80' lang='grc' dir='ltr'>ἡμεῖς</span> <span class='ocrx_word' id='word_1_145' title='bbox 3448 1157 3721 1227; x_wconf 84' lang='grc' dir='ltr'>τιμῶντες</span> 
     </span>
    </p>
   </div>
   <div class='ocr_carea' id='block_1_25' title="bbox 2136 1238 3722 1316">
    <p class='ocr_par' dir='ltr' id='par_1_25' title="bbox 2136 1238 3722 1316">
     <span class='ocr_line' id='line_1_25' title="bbox 2136 1238 3722 1316; baseline 0.006 -25"><span class='ocrx_word' id='word_1_146' title='bbox 2136 1238 2263 1307; x_wconf 76' lang='grc' dir='ltr'>ἄχρι</span> <span class='ocrx_word' id='word_1_147' title='bbox 2294 1240 2388 1291; x_wconf 81' lang='grc' dir='ltr'>καὶ</span> <span class='ocrx_word' id='word_1_148' title='bbox 2426 1240 2521 1293; x_wconf 85' lang='grc' dir='ltr'>νῦν</span> <span class='ocrx_word' id='word_1_149' title='bbox 2551 1240 2852 1310; x_wconf 71' lang='grc' dir='ltr'>ῶιρθημενς</span> <span class='ocrx_word' id='word_1_150' title='bbox 2902 1242 3043 1296; x_wconf 80' lang='grc' dir='ltr'>Ὑπὸ</span> <span class='ocrx_word' id='word_1_151' title='bbox 3068 1243 3146 1313; x_wconf 84' lang='grc' dir='ltr'>τῷ</span> <span class='ocrx_word' id='word_1_152' title='bbox 3176 1245 3327 1316; x_wconf 82' lang='grc' dir='ltr'>αὑτῷ</span> <span class='ocrx_word' id='word_1_153' title='bbox 3371 1246 3553 1301; x_wconf 81' lang='grc' dir='ltr'>τοίνυν</span> <span class='ocrx_word' id='word_1_154' title='bbox 3586 1248 3722 1300; x_wconf 72' lang='grc' dir='ltr'>καθ-ν</span> 
     </span>
    </p>
   </div>
   <div class='ocr_carea' id='block_1_26' title="bbox 2135 1324 3721 1409">
    <p class='ocr_par' dir='ltr' id='par_1_26' title="bbox 2135 1324 3721 1409">
     <span class='ocr_line' id='line_1_26' title="bbox 2135 1324 3721 1409; baseline 0.008 -29"><span class='ocrx_word' id='word_1_155' title='bbox 2135 1328 2280 1399; x_wconf 82' lang='grc' dir='ltr'>άπερ</span> <span class='ocrx_word' id='word_1_156' title='bbox 2308 1329 2405 1400; x_wconf 83' lang='grc' dir='ltr'>τῆς</span> <span class='ocrx_word' id='word_1_157' title='bbox 2428 1324 2611 1401; x_wconf 68' lang='grc' dir='ltr'>’ψυχῆς</span> <span class='ocrx_word' id='word_1_158' title='bbox 2637 1334 3026 1403; x_wconf 76' lang='grc' dir='ltr'><strong>παραστήματι</strong></span> <span class='ocrx_word' id='word_1_159' title='bbox 3076 1337 3133 1388; x_wconf 92' lang='grc' dir='ltr'><strong>αί</strong></span> <span class='ocrx_word' id='word_1_160' title='bbox 3164 1338 3454 1407; x_wconf 79' lang='grc' dir='ltr'>παρθένοι,</span> <span class='ocrx_word' id='word_1_161' title='bbox 3498 1339 3721 1409; x_wconf 85' lang='grc' dir='ltr'>Ἦμεῖς,</span> 
     </span>
    </p>
   </div>
   <div class='ocr_carea' id='block_1_27' title="bbox 2135 1422 3722 1503">
    <p class='ocr_par' dir='ltr' id='par_1_27' title="bbox 2135 1422 3722 1503">
     <span class='ocr_line' id='line_1_27' title="bbox 2135 1422 3722 1503; baseline 0.007 -27"><span class='ocrx_word' id='word_1_162' title='bbox 2135 1422 2180 1476; x_wconf 78' lang='grc' dir='ltr'>ὦ</span> <span class='ocrx_word' id='word_1_163' title='bbox 2206 1424 2414 1494; x_wconf 83' lang='grc' dir='ltr'>ἄρχων,</span> <span class='ocrx_word' id='word_1_164' title='bbox 2473 1426 2708 1497; x_wconf 71' lang='grc' dir='ltr'>ἔφησαν,</span> <span class='ocrx_word' id='word_1_165' title='bbox 2745 1430 2848 1484; x_wconf 88' lang='grc' dir='ltr'><strong>οὑκ</strong></span> <span class='ocrx_word' id='word_1_166' title='bbox 2881 1431 3212 1503; x_wconf 81' lang='grc' dir='ltr'>ἀνθρωπίνῳ</span> <span class='ocrx_word' id='word_1_167' title='bbox 3252 1433 3485 1503; x_wconf 80' lang='grc' dir='ltr'><strong>δόγματι</strong></span> <span class='ocrx_word' id='word_1_168' title='bbox 3515 1451 3722 1487; x_wconf 86' lang='grc' dir='ltr'>πεπαι-</span> 
     </span>
    </p>
   </div>
   <div class='ocr_carea' id='block_1_28' title="bbox 2135 1512 3723 1593">
    <p class='ocr_par' dir='ltr' id='par_1_28' title="bbox 2135 1512 3723 1593">
     <span class='ocr_line' id='line_1_28' title="bbox 2135 1512 3723 1593; baseline 0.008 -28"><span class='ocrx_word' id='word_1_169' title='bbox 2135 1512 2372 1584; x_wconf 80' lang='grc' dir='ltr'>δεύμεθα</span> <span class='ocrx_word' id='word_1_170' title='bbox 2422 1516 2624 1571; x_wconf 82' lang='grc' dir='ltr'>είδέναι</span> <span class='ocrx_word' id='word_1_171' title='bbox 2666 1519 2819 1583; x_wconf 85' lang='grc' dir='ltr'>Θεὸν,</span> <span class='ocrx_word' id='word_1_172' title='bbox 2871 1520 3009 1575; x_wconf 80' lang='grc' dir='ltr'>ἀλλά</span> <span class='ocrx_word' id='word_1_173' title='bbox 3035 1522 3229 1576; x_wconf 77' lang='grc' dir='ltr'>τοῦτον</span> <span class='ocrx_word' id='word_1_174' title='bbox 3264 1523 3439 1593; x_wconf 82' lang='grc' dir='ltr'>δήπου</span> <span class='ocrx_word' id='word_1_175' title='bbox 3487 1524 3579 1576; x_wconf 75' lang='grc' dir='ltr'><strong>τὸν</strong></span> <span class='ocrx_word' id='word_1_176' title='bbox 3631 1526 3723 1578; x_wconf 76' lang='grc' dir='ltr'><strong>ἀεὶ</strong></span> 
     </span>
    </p>
   </div>
   <div class='ocr_carea' id='block_1_29' title="bbox 2136 1606 3718 1688">
    <p class='ocr_par' dir='ltr' id='par_1_29' title="bbox 2136 1606 3718 1688">
     <span class='ocr_line' id='line_1_29' title="bbox 2136 1606 3718 1688; baseline 0.006 -28"><span class='ocrx_word' id='word_1_177' title='bbox 2136 1606 2265 1662; x_wconf 72' lang='grc' dir='ltr'>ὅντα</span> <span class='ocrx_word' id='word_1_178' title='bbox 2286 1609 2379 1662; x_wconf 78' lang='grc' dir='ltr'>καὶ</span> <span class='ocrx_word' id='word_1_179' title='bbox 2401 1608 2460 1662; x_wconf 83' lang='grc' dir='ltr'>τὸ</span> <span class='ocrx_word' id='word_1_180' title='bbox 2482 1611 2592 1663; x_wconf 83' lang='grc' dir='ltr'>πᾶν</span> <span class='ocrx_word' id='word_1_181' title='bbox 2620 1611 2903 1682; x_wconf 77' lang='grc' dir='ltr'>ἐφορῶντα</span> <span class='ocrx_word' id='word_1_182' title='bbox 2928 1613 3193 1682; x_wconf 87' lang='grc' dir='ltr'>ὁμολογοῦ</span> <span class='ocrx_word' id='word_1_183' title='bbox 3205 1633 3325 1685; x_wconf 87' lang='grc' dir='ltr'>μεν,</span> <span class='ocrx_word' id='word_1_184' title='bbox 3348 1616 3407 1679; x_wconf 87' lang='grc' dir='ltr'>ὂς</span> <span class='ocrx_word' id='word_1_185' title='bbox 3428 1618 3526 1669; x_wconf 72' lang='grc' dir='ltr'>καὶ</span> <span class='ocrx_word' id='word_1_186' title='bbox 3555 1618 3718 1688; x_wconf 81' lang='grc' dir='ltr'>τήνδε</span> 
     </span>
    </p>
   </div>
   <div class='ocr_carea' id='block_1_30' title="bbox 2136 1699 3719 1782">
    <p class='ocr_par' dir='ltr' id='par_1_30' title="bbox 2136 1699 3719 1782">
     <span class='ocr_line' id='line_1_30' title="bbox 2136 1699 3719 1782; baseline 0.008 -31"><span class='ocrx_word' id='word_1_187' title='bbox 2136 1699 2234 1770; x_wconf 78' lang='grc' dir='ltr'>τὴν</span> <span class='ocrx_word' id='word_1_188' title='bbox 2264 1701 2372 1754; x_wconf 84' lang='grc' dir='ltr'><strong>τῶν</strong></span> <span class='ocrx_word' id='word_1_189' title='bbox 2409 1701 2548 1755; x_wconf 80' lang='grc' dir='ltr'>ὅλων</span> <span class='ocrx_word' id='word_1_190' title='bbox 2600 1708 2903 1773; x_wconf 83' lang='grc' dir='ltr'>συγκρατεῖ</span> <span class='ocrx_word' id='word_1_191' title='bbox 2937 1706 3091 1770; x_wconf 78' lang='grc' dir='ltr'>τάξιν</span> <span class='ocrx_word' id='word_1_192' title='bbox 3139 1709 3232 1761; x_wconf 83' lang='grc' dir='ltr'>καὶ</span> <span class='ocrx_word' id='word_1_193' title='bbox 3287 1707 3516 1777; x_wconf 84' lang='grc' dir='ltr'>δυνάμει</span> <span class='ocrx_word' id='word_1_194' title='bbox 3555 1711 3618 1763; x_wconf 89' lang='grc' dir='ltr'><strong>οὑ</strong></span> <span class='ocrx_word' id='word_1_195' title='bbox 3648 1714 3719 1782; x_wconf 78' lang='grc' dir='ltr'>τῇ</span> 
     </span>
    </p>
   </div>
   <div class='ocr_carea' id='block_1_31' title="bbox 2140 1793 3721 1873">
    <p class='ocr_par' dir='ltr' id='par_1_31' title="bbox 2140 1793 3721 1873">
     <span class='ocr_line' id='line_1_31' title="bbox 2140 1793 3721 1873; baseline 0.006 -27"><span class='ocrx_word' id='word_1_196' title='bbox 2140 1793 2299 1865; x_wconf 78' lang='grc' dir='ltr'>οὑσίᾳ</span> <span class='ocrx_word' id='word_1_197' title='bbox 2359 1797 2725 1857; x_wconf 80' lang='grc' dir='ltr'>κατανοεῖται,</span> <span class='ocrx_word' id='word_1_198' title='bbox 2780 1796 2839 1860; x_wconf 83' lang='grc' dir='ltr'>ὃς</span> <span class='ocrx_word' id='word_1_199' title='bbox 2893 1798 3115 1869; x_wconf 81' lang='grc' dir='ltr'>καθαρᾷ</span> <span class='ocrx_word' id='word_1_200' title='bbox 3141 1815 3199 1852; x_wconf 88' lang='grc' dir='ltr'><strong>τε</strong></span> <span class='ocrx_word' id='word_1_201' title='bbox 3248 1798 3437 1869; x_wconf 76' lang='grc' dir='ltr'>ἣδεται</span> <span class='ocrx_word' id='word_1_202' title='bbox 3467 1801 3721 1873; x_wconf 82' lang='grc' dir='ltr'>πολιτείᾳ</span> 
     </span>
    </p>
   </div>
   <div class='ocr_carea' id='block_1_32' title="bbox 453 1862 2029 1962">
    <p class='ocr_par' dir='ltr' id='par_1_32' title="bbox 453 1862 2027 1958">
     <span class='ocr_line' id='line_1_32' title="bbox 453 1862 2027 1958; baseline -0.011 -11"><span class='ocrx_word' id='word_1_203' title='bbox 453 1862 713 1950; x_wconf 71' lang='lat' dir='ltr'><strong>[tenditur</strong></span> <span class='ocrx_word' id='word_1_204' title='bbox 759 1862 898 1958; x_wconf 42' lang='lat' dir='ltr'><strong>{qui</strong></span> <span class='ocrx_word' id='word_1_205' title='bbox 958 1881 1162 1940; x_wconf 89' lang='lat' dir='ltr'><strong>munda</strong></span> <span class='ocrx_word' id='word_1_206' title='bbox 1204 1880 1313 1936; x_wconf 81' lang='lat' dir='ltr'><strong>vita</strong></span> <span class='ocrx_word' id='word_1_207' title='bbox 1366 1878 1669 1934; x_wconf 68' lang='lat' dir='ltr'><strong>delectatur</strong></span> <span class='ocrx_word' id='word_1_208' title='bbox 1718 1886 1775 1932; x_wconf 90' lang='lat' dir='ltr'><strong>et</strong></span> <span class='ocrx_word' id='word_1_209' title='bbox 1804 1876 2027 1940; x_wconf 89' lang='lat' dir='ltr'><strong>virtute,</strong></span> 
     </span>
    </p>
   </div>
   <div class='ocr_carea' id='block_1_33' title="bbox 2135 1862 3721 1962">
    <p class='ocr_par' dir='ltr' id='par_1_33' title="bbox 2135 1862 3721 1962">
     <span class='ocr_line' id='line_1_33' title="bbox 2135 1862 3721 1962; baseline 0.008 -26"><span class='ocrx_word' id='word_1_210' title='bbox 2135 1886 2230 1936; x_wconf 77' lang='grc' dir='ltr'>καὶ</span> <span class='ocrx_word' id='word_1_211' title='bbox 2273 1862 2477 1955; x_wconf 76' lang='grc' dir='ltr'>ἀρετῇ,</span> <span class='ocrx_word' id='word_1_212' title='bbox 2538 1887 2631 1938; x_wconf 79' lang='grc' dir='ltr'>καὶ</span> <span class='ocrx_word' id='word_1_213' title='bbox 2691 1890 2805 1950; x_wconf 83' lang='grc' dir='ltr'>τοῖς</span> <span class='ocrx_word' id='word_1_214' title='bbox 2860 1889 3005 1942; x_wconf 75' lang='grc' dir='ltr'>οὑτω</span> <span class='ocrx_word' id='word_1_215' title='bbox 3045 1862 3164 1960; x_wconf 70' lang='grc' dir='ltr'>μὲν</span> <span class='ocrx_word' id='word_1_216' title='bbox 3223 1862 3502 1962; x_wconf 81' lang='grc' dir='ltr'>καθαρῶς,</span> <span class='ocrx_word' id='word_1_217' title='bbox 3572 1862 3721 1949; x_wconf 71' lang='grc' dir='ltr'>οὑτω</span> 
     </span>
    </p>
   </div>
   <div class='ocr_carea' id='block_1_34' title="bbox 449 1964 2029 2051">
    <p class='ocr_par' dir='ltr' id='par_1_34' title="bbox 449 1964 2029 2051">
     <span class='ocr_line' id='line_1_34' title="bbox 449 1964 2029 2051; baseline -0.015 -10"><span class='ocrx_word' id='word_1_218' title='bbox 449 1992 506 2040; x_wconf 87' lang='lat' dir='ltr'><strong>et</strong></span> <span class='ocrx_word' id='word_1_219' title='bbox 549 1985 616 2039; x_wconf 91' lang='lat' dir='ltr'><strong>iis</strong></span> <span class='ocrx_word' id='word_1_220' title='bbox 674 1980 767 2051; x_wconf 89' lang='lat' dir='ltr'><strong>qui</strong></span> <span class='ocrx_word' id='word_1_221' title='bbox 824 1978 904 2034; x_wconf 92' lang='lat' dir='ltr'><strong>sic</strong></span> <span class='ocrx_word' id='word_1_222' title='bbox 946 1993 1013 2031; x_wconf 76' lang='lat' dir='ltr'><strong>ex</strong></span> <span class='ocrx_word' id='word_1_223' title='bbox 1041 1974 1245 2031; x_wconf 84' lang='lat' dir='ltr'><strong>virtute</strong></span> <span class='ocrx_word' id='word_1_224' title='bbox 1277 1971 1441 2026; x_wconf 81' lang='lat' dir='ltr'><strong>vitam</strong></span> <span class='ocrx_word' id='word_1_225' title='bbox 1508 1977 1682 2039; x_wconf 79' lang='lat' dir='ltr'><strong>agunt</strong></span> <span class='ocrx_word' id='word_1_226' title='bbox 1733 1981 1846 2022; x_wconf 68' lang='lat' dir='ltr'><strong>suae</strong></span> <span class='ocrx_word' id='word_1_227' title='bbox 1875 1964 2029 2019; x_wconf 85' lang='lat' dir='ltr'><strong>boni-</strong></span> 
     </span>
    </p>
   </div>
   <div class='ocr_carea' id='block_1_35' title="bbox 453 2058 2030 2146">
    <p class='ocr_par' dir='ltr' id='par_1_35' title="bbox 453 2058 2030 2146">
     <span class='ocr_line' id='line_1_35' title="bbox 453 2058 2030 2146; baseline -0.015 -14"><span class='ocrx_word' id='word_1_228' title='bbox 453 2076 583 2132; x_wconf 87' lang='lat' dir='ltr'><strong>tatis</strong></span> <span class='ocrx_word' id='word_1_229' title='bbox 636 2072 809 2146; x_wconf 77' lang='lat' dir='ltr'><strong>gratia</strong></span> <span class='ocrx_word' id='word_1_230' title='bbox 890 2068 1030 2123; x_wconf 87' lang='lat' dir='ltr'><strong>solet</strong></span> <span class='ocrx_word' id='word_1_231' title='bbox 1084 2078 1347 2135; x_wconf 87' lang='lat' dir='ltr'><strong>apparere</strong></span> <span class='ocrx_word' id='word_1_232' title='bbox 1389 2080 1403 2117; x_wconf 88' lang='lat'><strong>:</strong></span> <span class='ocrx_word' id='word_1_233' title='bbox 1445 2070 1503 2117; x_wconf 93' lang='lat' dir='ltr'><strong>et</strong></span> <span class='ocrx_word' id='word_1_234' title='bbox 1576 2058 1682 2115; x_wconf 90' lang='lat' dir='ltr'><strong>sub</strong></span> <span class='ocrx_word' id='word_1_235' title='bbox 1730 2073 1840 2128; x_wconf 89' lang='lat' dir='ltr'><strong>quo</strong></span> <span class='ocrx_word' id='word_1_236' title='bbox 1873 2070 2030 2127; x_wconf 73' lang='lat' dir='ltr'><strong>reges</strong></span> 
     </span>
    </p>
   </div>
   <div class='ocr_carea' id='block_1_36' title="bbox 453 2147 2021 2238">
    <p class='ocr_par' dir='ltr' id='par_1_36' title="bbox 453 2147 2021 2238">
     <span class='ocr_line' id='line_1_36' title="bbox 453 2147 2021 2238; baseline -0.015 -14"><span class='ocrx_word' id='word_1_237' title='bbox 453 2169 851 2238; x_wconf 87' lang='lat' dir='ltr'><strong>impcraut,.et</strong></span> <span class='ocrx_word' id='word_1_238' title='bbox 899 2158 1119 2232; x_wconf 75' lang='lat' dir='ltr'><strong>tyranni</strong></span> <span class='ocrx_word' id='word_1_239' title='bbox 1220 2166 1421 2210; x_wconf 88' lang='lat' dir='ltr'><strong>terram</strong></span> <span class='ocrx_word' id='word_1_240' title='bbox 1483 2167 1580 2207; x_wconf 90' lang='lat' dir='ltr'><strong>sua</strong></span> <span class='ocrx_word' id='word_1_241' title='bbox 1648 2150 1897 2205; x_wconf 80' lang='lat' dir='ltr'><strong>obtinent</strong></span> <span class='ocrx_word' id='word_1_242' title='bbox 1944 2147 2021 2202; x_wconf 90' lang='lat' dir='ltr'><strong>di-</strong></span> 
     </span>
    </p>
   </div>
   <div class='ocr_carea' id='block_1_37' title="bbox 418 2239 2031 2324">
    <p class='ocr_par' dir='ltr' id='par_1_37' title="bbox 418 2239 2031 2324">
     <span class='ocr_line' id='line_1_37' title="bbox 418 2239 2031 2324; baseline -0.014 -9"><span class='ocrx_word' id='word_1_243' title='bbox 418 2259 625 2315; x_wconf 64' lang='lat' dir='ltr'><strong>Ntione.</strong></span> <span class='ocrx_word' id='word_1_244' title='bbox 662 2253 912 2324; x_wconf 70' lang='lat' dir='ltr'><strong>Virgines</strong></span> <span class='ocrx_word' id='word_1_245' title='bbox 962 2250 1079 2305; x_wconf 66' lang='lat' dir='ltr'><strong>haec</strong></span> <span class='ocrx_word' id='word_1_246' title='bbox 1134 2246 1292 2304; x_wconf 88' lang='lat' dir='ltr'><strong>valde</strong></span> <span class='ocrx_word' id='word_1_247' title='bbox 1322 2252 1638 2301; x_wconf 87' lang='lat' dir='ltr'><strong>constanter</strong></span> <span class='ocrx_word' id='word_1_248' title='bbox 1657 2250 1712 2297; x_wconf 87' lang='lat' dir='ltr'><strong>et</strong></span> <span class='ocrx_word' id='word_1_249' title='bbox 1762 2239 2031 2296; x_wconf 90' lang='lat' dir='ltr'><strong>concinne</strong></span> 
     </span>
    </p>
   </div>
   <div class='ocr_carea' id='block_1_38' title="bbox 441 2329 2032 2421">
    <p class='ocr_par' dir='ltr' id='par_1_38' title="bbox 441 2329 2032 2421">
     <span class='ocr_line' id='line_1_38' title="bbox 441 2329 2032 2421; baseline -0.013 -15"><span class='ocrx_word' id='word_1_250' title='bbox 441 2347 855 2421; x_wconf 79' lang='lat' dir='ltr'><strong>respondentes</strong></span> <span class='ocrx_word' id='word_1_251' title='bbox 912 2353 1121 2414; x_wconf 60' lang='lat' dir='ltr'><strong>praeses</strong></span> <span class='ocrx_word' id='word_1_252' title='bbox 1151 2339 1395 2403; x_wconf 79' lang='lat' dir='ltr'><strong>intuens,</strong></span> <span class='ocrx_word' id='word_1_253' title='bbox 1425 2344 1481 2390; x_wconf 95' lang='lat' dir='ltr'><strong>et</strong></span> <span class='ocrx_word' id='word_1_254' title='bbox 1529 2332 1850 2421; x_wconf 81' lang='lat' dir='ltr'><strong>modestiam</strong></span> <span class='ocrx_word' id='word_1_255' title='bbox 1873 2329 2032 2421; x_wconf 73' lang='lat' dir='ltr'><strong>valde</strong></span> 
     </span>
    </p>
   </div>
   <div class='ocr_carea' id='block_1_39' title="bbox 455 2419 2029 2500">
    <p class='ocr_par' dir='ltr' id='par_1_39' title="bbox 455 2419 2029 2500">
     <span class='ocr_line' id='line_1_39' title="bbox 455 2419 2029 2500; baseline -0.015 -3"><span class='ocrx_word' id='word_1_256' title='bbox 455 2419 894 2500; x_wconf 76' lang='lat' dir='ltr'><strong>estadmiratus,</strong></span> <span class='ocrx_word' id='word_1_257' title='bbox 935 2440 993 2487; x_wconf 88' lang='lat' dir='ltr'><strong>et</strong></span> <span class='ocrx_word' id='word_1_258' title='bbox 1010 2442 1395 2500; x_wconf 83' lang='lat' dir='ltr'><strong>responsorum</strong></span> <span class='ocrx_word' id='word_1_259' title='bbox 1432 2423 1771 2496; x_wconf 87' lang='lat' dir='ltr'><strong>sapientiam.</strong></span> <span class='ocrx_word' id='word_1_260' title='bbox 1806 2419 2029 2475; x_wconf 85' lang='lat' dir='ltr'><strong>Diuita-</strong></span> 
     </span>
    </p>
   </div>
   <div class='ocr_carea' id='block_1_40' title="bbox 453 2512 2028 2608">
    <p class='ocr_par' dir='ltr' id='par_1_40' title="bbox 453 2512 2028 2608">
     <span class='ocr_line' id='line_1_40' title="bbox 453 2512 2028 2608; baseline -0.017 -17"><span class='ocrx_word' id='word_1_261' title='bbox 453 2551 562 2608; x_wconf 86' lang='lat' dir='ltr'><strong>que</strong></span> <span class='ocrx_word' id='word_1_262' title='bbox 651 2542 857 2595; x_wconf 79' lang='lat' dir='ltr'><strong>tacens,</strong></span> <span class='ocrx_word' id='word_1_263' title='bbox 884 2525 1095 2581; x_wconf 28' lang='lat' dir='ltr'><strong>ret‘hacc</strong></span> <span class='ocrx_word' id='word_1_264' title='bbox 1163 2522 1369 2577; x_wconf 86' lang='lat' dir='ltr'><strong>ducens</strong></span> <span class='ocrx_word' id='word_1_265' title='bbox 1415 2534 1516 2591; x_wconf 90' lang='lat' dir='ltr'><strong>pro</strong></span> <span class='ocrx_word' id='word_1_266' title='bbox 1587 2514 1880 2608; x_wconf 77' lang='lat' dir='ltr'><strong>miraculo,</strong></span> <span class='ocrx_word' id='word_1_267' title='bbox 1938 2512 2028 2565; x_wconf 80' lang='lat' dir='ltr'><strong>vix</strong></span> 
     </span>
    </p>
   </div>
   <div class='ocr_carea' id='block_1_41' title="bbox 455 2605 2032 2680">
    <p class='ocr_par' dir='ltr' id='par_1_41' title="bbox 455 2605 2032 2680">
     <span class='ocr_line' id='line_1_41' title="bbox 455 2605 2032 2680; baseline -0.016 0"><span class='ocrx_word' id='word_1_268' title='bbox 455 2605 676 2680; x_wconf 76' lang='lat' dir='ltr'><strong>tandem</strong></span> <span class='ocrx_word' id='word_1_269' title='bbox 710 2616 1002 2674; x_wconf 81' lang='lat' dir='ltr'><strong>secundam</strong></span> <span class='ocrx_word' id='word_1_270' title='bbox 1035 2610 1224 2667; x_wconf 88' lang='lat' dir='ltr'><strong>intulit</strong></span> <span class='ocrx_word' id='word_1_271' title='bbox 1285 2605 1788 2679; x_wconf 75' lang='lat' dir='ltr'><strong>interrogationem.</strong></span> <span class='ocrx_word' id='word_1_272' title='bbox 1835 2615 2032 2672; x_wconf 80' lang='lat' dir='ltr'><strong>rogans</strong></span> 
     </span>
    </p>
   </div>
   <div class='ocr_carea' id='block_1_42' title="bbox 452 2693 2028 2786">
    <p class='ocr_par' dir='ltr' id='par_1_42' title="bbox 452 2693 2028 2786">
     <span class='ocr_line' id='line_1_42' title="bbox 452 2693 2028 2786; baseline -0.017 -16"><span class='ocrx_word' id='word_1_273' title='bbox 452 2714 957 2786; x_wconf 67' lang='lat' dir='ltr'><strong>numnam~essent</strong></span> <span class='ocrx_word' id='word_1_274' title='bbox 1006 2717 1196 2759; x_wconf 82' lang='lat' dir='ltr'><strong>earum</strong></span> <span class='ocrx_word' id='word_1_275' title='bbox 1245 2700 1489 2764; x_wconf 85' lang='lat' dir='ltr'><strong>nomina,</strong></span> <span class='ocrx_word' id='word_1_276' title='bbox 1541 2705 1599 2753; x_wconf 91' lang='lat' dir='ltr'><strong>et</strong></span> <span class='ocrx_word' id='word_1_277' title='bbox 1657 2710 1777 2764; x_wconf 82' lang='lat' dir='ltr'><strong>quae</strong></span> <span class='ocrx_word' id='word_1_278' title='bbox 1831 2693 2028 2763; x_wconf 71' lang='lat' dir='ltr'><strong>patria.</strong></span> 
     </span>
    </p>
   </div>
   <div class='ocr_carea' id='block_1_43' title="bbox 453 2787 2032 2868">
    <p class='ocr_par' dir='ltr' id='par_1_43' title="bbox 453 2787 2032 2868">
     <span class='ocr_line' id='line_1_43' title="bbox 453 2787 2032 2868; baseline -0.015 -4"><span class='ocrx_word' id='word_1_279' title='bbox 453 2808 561 2865; x_wconf 75' lang='lat' dir='ltr'><strong>like</strong></span> <span class='ocrx_word' id='word_1_280' title='bbox 597 2815 793 2868; x_wconf 74' lang='lat' dir='ltr'><strong>autem</strong></span> <span class='ocrx_word' id='word_1_281' title='bbox 823 2792 1418 2863; x_wconf 52' lang='lat' dir='ltr'><strong>:-Primum.quidem,</strong></span> <span class='ocrx_word' id='word_1_282' title='bbox 1470 2806 1499 2844; x_wconf 88' lang='lat' dir='ltr'><strong>a</strong></span> <span class='ocrx_word' id='word_1_283' title='bbox 1549 2787 1774 2843; x_wconf 81' lang='lat' dir='ltr'><strong>Christo</strong></span> <span class='ocrx_word' id='word_1_284' title='bbox 1827 2794 2032 2841; x_wconf 69' lang='lat' dir='ltr'><strong>vocatae</strong></span> 
     </span>
    </p>
   </div>
   <div class='ocr_carea' id='block_1_44' title="bbox 451 2877 2032 2966">
    <p class='ocr_par' dir='ltr' id='par_1_44' title="bbox 451 2877 2032 2966">
     <span class='ocr_line' id='line_1_44' title="bbox 451 2877 2032 2966; baseline -0.017 -10"><span class='ocrx_word' id='word_1_285' title='bbox 451 2912 664 2966; x_wconf 83' lang='lat' dir='ltr'><strong>sumus,</strong></span> <span class='ocrx_word' id='word_1_286' title='bbox 698 2885 1176 2953; x_wconf 76' lang='lat' dir='ltr'><strong>dixerunt.-‘Quod</strong></span> <span class='ocrx_word' id='word_1_287' title='bbox 1218 2883 1466 2939; x_wconf 63' lang='lat' dir='ltr'><strong>siretiam</strong></span> <span class='ocrx_word' id='word_1_288' title='bbox 1501 2877 2032 2948; x_wconf 84' lang='lat' dir='ltr'><strong>nomenabaptismo</strong></span> 
     </span>
    </p>
   </div>
   <div class='ocr_carea' id='block_1_45' title="bbox 454 2967 2031 3062">
    <p class='ocr_par' dir='ltr' id='par_1_45' title="bbox 454 2967 2031 3062">
     <span class='ocr_line' id='line_1_45' title="bbox 454 2967 2031 3062; baseline -0.018 -14"><span class='ocrx_word' id='word_1_289' title='bbox 454 2989 765 3062; x_wconf 89' lang='lat' dir='ltr'><strong>impositum</strong></span> <span class='ocrx_word' id='word_1_290' title='bbox 804 2988 1055 3055; x_wconf 86' lang='lat' dir='ltr'><strong>oporteat</strong></span> <span class='ocrx_word' id='word_1_291' title='bbox 1082 2977 1304 3040; x_wconf 85' lang='lat' dir='ltr'><strong>addere,</strong></span> <span class='ocrx_word' id='word_1_292' title='bbox 1337 2988 1445 3028; x_wconf 89' lang='lat' dir='ltr'><strong>una</strong></span> <span class='ocrx_word' id='word_1_293' title='bbox 1482 2972 1700 3043; x_wconf 82' lang='lat' dir='ltr'><strong>quidem</strong></span> <span class='ocrx_word' id='word_1_294' title='bbox 1714 2967 2031 3062; x_wconf 57' lang='lat' dir='ltr'><strong>Menndora,</strong></span> 
     </span>
    </p>
   </div>
   <div class='ocr_carea' id='block_1_46' title="bbox 453 3060 2032 3139">
    <p class='ocr_par' dir='ltr' id='par_1_46' title="bbox 453 3060 2032 3139">
     <span class='ocr_line' id='line_1_46' title="bbox 453 3060 2032 3139; baseline -0.016 0"><span class='ocrx_word' id='word_1_295' title='bbox 453 3060 624 3139; x_wconf 82' lang='lat' dir='ltr'><strong>altera</strong></span> <span class='ocrx_word' id='word_1_296' title='bbox 678 3087 862 3134; x_wconf 88' lang='lat' dir='ltr'><strong>autem</strong></span> <span class='ocrx_word' id='word_1_297' title='bbox 911 3069 1238 3134; x_wconf 79' lang='lat' dir='ltr'><strong>Metrodora,</strong></span> <span class='ocrx_word' id='word_1_298' title='bbox 1278 3066 1477 3121; x_wconf 88' lang='lat' dir='ltr'><strong>deinde</strong></span> <span class='ocrx_word' id='word_1_299' title='bbox 1543 3064 1699 3119; x_wconf 87' lang='lat' dir='ltr'><strong>tertia</strong></span> <span class='ocrx_word' id='word_1_300' title='bbox 1758 3060 2032 3133; x_wconf 80' lang='lat' dir='ltr'><strong>Nympho-</strong></span> 
     </span>
    </p>
   </div>
   <div class='ocr_carea' id='block_1_47' title="bbox 428 3151 2031 3237">
    <p class='ocr_par' dir='ltr' id='par_1_47' title="bbox 428 3151 2031 3237">
     <span class='ocr_line' id='line_1_47' title="bbox 428 3151 2031 3237; baseline -0.018 -4"><span class='ocrx_word' id='word_1_301' title='bbox 428 3180 611 3237; x_wconf 71' lang='lat' dir='ltr'><strong>~dora,</strong></span> <span class='ocrx_word' id='word_1_302' title='bbox 648 3170 906 3227; x_wconf 86' lang='lat' dir='ltr'><strong>dicimur.</strong></span> <span class='ocrx_word' id='word_1_303' title='bbox 973 3163 1153 3219; x_wconf 90' lang='lat' dir='ltr'><strong>Patria</strong></span> <span class='ocrx_word' id='word_1_304' title='bbox 1209 3173 1388 3217; x_wconf 85' lang='lat' dir='ltr'><strong>autem</strong></span> <span class='ocrx_word' id='word_1_305' title='bbox 1444 3158 1602 3213; x_wconf 84' lang='lat' dir='ltr'><strong>nobis</strong></span> <span class='ocrx_word' id='word_1_306' title='bbox 1638 3164 1721 3211; x_wconf 87' lang='lat' dir='ltr'><strong>est</strong></span> <span class='ocrx_word' id='word_1_307' title='bbox 1748 3151 2031 3223; x_wconf 84' lang='lat' dir='ltr'><strong>Bithynia.</strong></span> 
     </span>
    </p>
   </div>
   <div class='ocr_carea' id='block_1_48' title="bbox 454 3217 2101 3325">
    <p class='ocr_par' dir='ltr' id='par_1_48' title="bbox 454 3217 2101 3325">
     <span class='ocr_line' id='line_1_48' title="bbox 454 3217 1887 3237; baseline -0.021 -4"><span class='ocrx_word' id='word_1_308' title='bbox 454 3217 611 3237; x_wconf 65' lang='grc' dir='ltr'><strong>..ν-η</strong></span> <span class='ocrx_word' id='word_1_309' title='bbox 650 3217 905 3227; x_wconf 54' lang='grc' dir='ltr'><strong>...η-η--</strong></span> <span class='ocrx_word' id='word_1_310' title='bbox 974 3217 982 3219; x_wconf 92' lang='grc'><strong>-</strong></span> <span class='ocrx_word' id='word_1_311' title='bbox 1872 3217 1887 3223; x_wconf 86' lang='lat'>_</span> 
     </span>
     <span class='ocr_line' id='line_1_49' title="bbox 454 3217 2101 3325; baseline -0.016 -2"><span class='ocrx_word' id='word_1_312' title='bbox 454 3269 533 3323; x_wconf 73' lang='lat' dir='ltr'><strong>Ex</strong></span> <span class='ocrx_word' id='word_1_313' title='bbox 585 3264 781 3321; x_wconf 89' lang='lat' dir='ltr'><strong>eodem</strong></span> <span class='ocrx_word' id='word_1_314' title='bbox 840 3273 972 3315; x_wconf 86' lang='lat' dir='ltr'><strong>vero</strong></span> <span class='ocrx_word' id='word_1_315' title='bbox 1001 3255 1207 3313; x_wconf 86' lang='lat' dir='ltr'><strong>semine</strong></span> <span class='ocrx_word' id='word_1_316' title='bbox 1246 3254 1523 3325; x_wconf 71' lang='lat' dir='ltr'><strong>productae</strong></span> <span class='ocrx_word' id='word_1_317' title='bbox 1588 3262 1797 3313; x_wconf 88' lang='lat' dir='ltr'><strong>sumus,</strong></span> <span class='ocrx_word' id='word_1_318' title='bbox 1854 3253 1910 3300; x_wconf 88' lang='lat' dir='ltr'><strong>et</strong></span> <span class='ocrx_word' id='word_1_319' title='bbox 1965 3217 2101 3299; x_wconf 86' lang='lat' dir='ltr'><strong>abC</strong></span> 
     </span>
    </p>
   </div>
   <div class='ocr_carea' id='block_1_49' title="bbox 452 3334 2029 3415">
    <p class='ocr_par' dir='ltr' id='par_1_49' title="bbox 452 3334 2029 3415">
     <span class='ocr_line' id='line_1_50' title="bbox 452 3334 2029 3415; baseline -0.016 -2"><span class='ocrx_word' id='word_1_320' title='bbox 452 3358 643 3415; x_wconf 83' lang='lat' dir='ltr'><strong>eadem</strong></span> <span class='ocrx_word' id='word_1_321' title='bbox 721 3358 894 3406; x_wconf 89' lang='lat' dir='ltr'><strong>matre</strong></span> <span class='ocrx_word' id='word_1_322' title='bbox 972 3359 1162 3403; x_wconf 84' lang='lat' dir='ltr'><strong>sumus</strong></span> <span class='ocrx_word' id='word_1_323' title='bbox 1242 3343 1510 3407; x_wconf 75' lang='lat' dir='ltr'><strong>educatae,</strong></span> <span class='ocrx_word' id='word_1_324' title='bbox 1551 3351 1608 3395; x_wconf 86' lang='lat' dir='ltr'><strong>et</strong></span> <span class='ocrx_word' id='word_1_325' title='bbox 1652 3339 1722 3393; x_wconf 82' lang='lat' dir='ltr'><strong>ab</strong></span> <span class='ocrx_word' id='word_1_326' title='bbox 1825 3334 2029 3391; x_wconf 88' lang='lat' dir='ltr'><strong>eisdem</strong></span> 
     </span>
    </p>
   </div>
   <div class='ocr_carea' id='block_1_50' title="bbox 457 3432 2029 3523">
    <p class='ocr_par' dir='ltr' id='par_1_50' title="bbox 457 3432 2029 3523">
     <span class='ocr_line' id='line_1_51' title="bbox 457 3432 2029 3523; baseline -0.017 -16"><span class='ocrx_word' id='word_1_327' title='bbox 457 3448 774 3523; x_wconf 76' lang='lat' dir='ltr'><strong>parentibus</strong></span> <span class='ocrx_word' id='word_1_328' title='bbox 823 3443 1037 3500; x_wconf 76' lang='lat' dir='ltr'><strong>dilectae</strong></span> <span class='ocrx_word' id='word_1_329' title='bbox 1101 3451 1313 3504; x_wconf 85' lang='lat' dir='ltr'><strong>sumus,</strong></span> <span class='ocrx_word' id='word_1_330' title='bbox 1343 3444 1406 3490; x_wconf 83' lang='lat' dir='ltr'><strong>et</strong></span> <span class='ocrx_word' id='word_1_331' title='bbox 1472 3432 1720 3489; x_wconf 85' lang='lat' dir='ltr'><strong>eamdem</strong></span> <span class='ocrx_word' id='word_1_332' title='bbox 1800 3437 2029 3484; x_wconf 85' lang='lat' dir='ltr'><strong>matrem</strong></span> 
     </span>
    </p>
   </div>
   <div class='ocr_carea' id='block_1_51' title="bbox 452 3525 2029 3609">
    <p class='ocr_par' dir='ltr' id='par_1_51' title="bbox 452 3525 2029 3609">
     <span class='ocr_line' id='line_1_52' title="bbox 452 3525 2029 3609; baseline -0.018 -8"><span class='ocrx_word' id='word_1_333' title='bbox 452 3556 508 3601; x_wconf 87' lang='lat' dir='ltr'><strong>et</strong></span> <span class='ocrx_word' id='word_1_334' title='bbox 535 3541 787 3599; x_wconf 87' lang='lat' dir='ltr'><strong>eumdem</strong></span> <span class='ocrx_word' id='word_1_335' title='bbox 816 3547 1023 3609; x_wconf 89' lang='lat' dir='ltr'><strong>patrem</strong></span> <span class='ocrx_word' id='word_1_336' title='bbox 1054 3530 1469 3603; x_wconf 85' lang='lat' dir='ltr'><strong>appellavimus.</strong></span> <span class='ocrx_word' id='word_1_337' title='bbox 1524 3525 1781 3581; x_wconf 81' lang='lat' dir='ltr'><strong>Eamdem</strong></span> <span class='ocrx_word' id='word_1_338' title='bbox 1814 3536 2029 3593; x_wconf 85' lang='lat' dir='ltr'><strong>quoque</strong></span> 
     </span>
    </p>
   </div>
   <div class='ocr_carea' id='block_1_52' title="bbox 452 3613 2031 3691">
    <p class='ocr_par' dir='ltr' id='par_1_52' title="bbox 452 3613 2031 3691">
     <span class='ocr_line' id='line_1_53' title="bbox 452 3613 2031 3691; baseline -0.015 -1"><span class='ocrx_word' id='word_1_339' title='bbox 452 3637 579 3691; x_wconf 71' lang='lat' dir='ltr'><strong>vita:</strong></span> <span class='ocrx_word' id='word_1_340' title='bbox 627 3631 894 3687; x_wconf 88' lang='lat' dir='ltr'><strong>rationem</strong></span> <span class='ocrx_word' id='word_1_341' title='bbox 955 3632 1157 3681; x_wconf 71' lang='lat' dir='ltr'><strong>secuta:</strong></span> <span class='ocrx_word' id='word_1_342' title='bbox 1230 3635 1444 3687; x_wconf 82' lang='lat' dir='ltr'><strong>sumus,</strong></span> <span class='ocrx_word' id='word_1_343' title='bbox 1483 3627 1541 3674; x_wconf 85' lang='lat' dir='ltr'><strong>et</strong></span> <span class='ocrx_word' id='word_1_344' title='bbox 1573 3616 1825 3673; x_wconf 83' lang='lat' dir='ltr'><strong>eamdem</strong></span> <span class='ocrx_word' id='word_1_345' title='bbox 1851 3613 2031 3669; x_wconf 85' lang='lat' dir='ltr'><strong>adhuc</strong></span> 
     </span>
    </p>
   </div>
   <div class='ocr_carea' id='block_1_53' title="bbox 455 3717 1106 3782">
    <p class='ocr_par' dir='ltr' id='par_1_53' title="bbox 455 3717 1106 3782">
     <span class='ocr_line' id='line_1_54' title="bbox 455 3717 1106 3782; baseline -0.014 -2"><span class='ocrx_word' id='word_1_346' title='bbox 455 3737 703 3782; x_wconf 87' lang='lat' dir='ltr'><strong>tenemus</strong></span> <span class='ocrx_word' id='word_1_347' title='bbox 755 3717 1106 3776; x_wconf 83' lang='lat' dir='ltr'><strong>sententiam.</strong></span> 
     </span>
    </p>
   </div>
   <div class='ocr_carea' id='block_1_54' title="bbox 522 3814 2029 3900">
    <p class='ocr_par' dir='ltr' id='par_1_54' title="bbox 522 3814 2029 3900">
     <span class='ocr_line' id='line_1_55' title="bbox 522 3814 2029 3900; baseline -0.015 -7"><span class='ocrx_word' id='word_1_348' title='bbox 522 3837 613 3894; x_wconf 83' lang='lat' dir='ltr'><strong>IV.</strong></span> <span class='ocrx_word' id='word_1_349' title='bbox 643 3834 853 3891; x_wconf 77' lang='lat' dir='ltr'><strong>Moram</strong></span> <span class='ocrx_word' id='word_1_350' title='bbox 906 3829 1086 3900; x_wconf 86' lang='lat' dir='ltr'><strong>itaque</strong></span> <span class='ocrx_word' id='word_1_351' title='bbox 1129 3836 1184 3882; x_wconf 93' lang='lat' dir='ltr'><strong>et</strong></span> <span class='ocrx_word' id='word_1_352' title='bbox 1211 3824 1499 3882; x_wconf 78' lang='lat' dir='ltr'><strong>verborum</strong></span> <span class='ocrx_word' id='word_1_353' title='bbox 1532 3819 1909 3876; x_wconf 79' lang='lat' dir='ltr'><strong>liberalitatem</strong></span> <span class='ocrx_word' id='word_1_354' title='bbox 1940 3814 2029 3870; x_wconf 89' lang='lat' dir='ltr'><strong>ille</strong></span> 
     </span>
    </p>
   </div>
   <div class='ocr_carea' id='block_1_55' title="bbox 450 3912 2029 3990">
    <p class='ocr_par' dir='ltr' id='par_1_55' title="bbox 450 3912 2029 3990">
     <span class='ocr_line' id='line_1_56' title="bbox 450 3912 2029 3990; baseline -0.015 -3"><span class='ocrx_word' id='word_1_355' title='bbox 450 3928 671 3989; x_wconf 77' lang='lat' dir='ltr'><strong>silentio</strong></span> <span class='ocrx_word' id='word_1_356' title='bbox 707 3925 1029 3990; x_wconf 83' lang='lat' dir='ltr'><strong>admiratus,</strong></span> <span class='ocrx_word' id='word_1_357' title='bbox 1093 3922 1310 3976; x_wconf 90' lang='lat' dir='ltr'><strong>curiose</strong></span> <span class='ocrx_word' id='word_1_358' title='bbox 1379 3916 1672 3972; x_wconf 88' lang='lat' dir='ltr'><strong>admodum</strong></span> <span class='ocrx_word' id='word_1_359' title='bbox 1725 3925 1782 3969; x_wconf 91' lang='lat' dir='ltr'><strong>et</strong></span> <span class='ocrx_word' id='word_1_360' title='bbox 1834 3912 2029 3970; x_wconf 89' lang='lat' dir='ltr'><strong>callide</strong></span> 
     </span>
    </p>
   </div>
   <div class='ocr_carea' id='block_1_56' title="bbox 454 4010 2026 4085">
    <p class='ocr_par' dir='ltr' id='par_1_56' title="bbox 454 4010 2026 4085">
     <span class='ocr_line' id='line_1_57' title="bbox 454 4010 2026 4085; baseline -0.013 -1"><span class='ocrx_word' id='word_1_361' title='bbox 454 4028 604 4084; x_wconf 78' lang='lat' dir='ltr'><strong>vafer</strong></span> <span class='ocrx_word' id='word_1_362' title='bbox 660 4023 751 4078; x_wconf 87' lang='lat' dir='ltr'><strong>ille</strong></span> <span class='ocrx_word' id='word_1_363' title='bbox 783 4029 1011 4076; x_wconf 84' lang='lat' dir='ltr'><strong>conatus</strong></span> <span class='ocrx_word' id='word_1_364' title='bbox 1040 4025 1123 4072; x_wconf 89' lang='lat' dir='ltr'><strong>est</strong></span> <span class='ocrx_word' id='word_1_365' title='bbox 1156 4014 1406 4085; x_wconf 89' lang='lat' dir='ltr'><strong>protinus</strong></span> <span class='ocrx_word' id='word_1_366' title='bbox 1440 4011 1678 4082; x_wconf 73' lang='lat' dir='ltr'><strong>virgines</strong></span> <span class='ocrx_word' id='word_1_367' title='bbox 1727 4010 2026 4064; x_wconf 74' lang='lat' dir='ltr'><strong>seduCcre:</strong></span> 
     </span>
    </p>
   </div>
   <div class='ocr_carea' id='block_1_57' title="bbox 449 4103 2029 4188">
    <p class='ocr_par' dir='ltr' id='par_1_57' title="bbox 449 4103 2029 4188">
     <span class='ocr_line' id='line_1_58' title="bbox 449 4103 2029 4188; baseline -0.012 -13"><span class='ocrx_word' id='word_1_368' title='bbox 449 4120 530 4176; x_wconf 82' lang='lat' dir='ltr'><strong>Ne</strong></span> <span class='ocrx_word' id='word_1_369' title='bbox 560 4131 707 4188; x_wconf 75' lang='lat' dir='ltr'><strong>ergo,</strong></span> <span class='ocrx_word' id='word_1_370' title='bbox 726 4114 934 4178; x_wconf 84' lang='lat' dir='ltr'><strong>dicens,</strong></span> <span class='ocrx_word' id='word_1_371' title='bbox 963 4125 1083 4181; x_wconf 81' lang='lat' dir='ltr'><strong>quae</strong></span> <span class='ocrx_word' id='word_1_372' title='bbox 1111 4110 1186 4164; x_wconf 92' lang='lat' dir='ltr'><strong>dii</strong></span> <span class='ocrx_word' id='word_1_373' title='bbox 1215 4108 1281 4163; x_wconf 85' lang='lat' dir='ltr'><strong>ad</strong></span> <span class='ocrx_word' id='word_1_374' title='bbox 1310 4107 1656 4162; x_wconf 88' lang='lat' dir='ltr'><strong>concordiam</strong></span> <span class='ocrx_word' id='word_1_375' title='bbox 1690 4105 1829 4159; x_wconf 89' lang='lat' dir='ltr'><strong>bona</strong></span> <span class='ocrx_word' id='word_1_376' title='bbox 1860 4103 2029 4158; x_wconf 85' lang='lat' dir='ltr'><strong>dede-</strong></span> 
     </span>
    </p>
   </div>
   <div class='ocr_carea' id='block_1_58' title="bbox 433 4196 2028 4271">
    <p class='ocr_par' dir='ltr' id='par_1_58' title="bbox 433 4196 2028 4271">
     <span class='ocr_line' id='line_1_59' title="bbox 433 4196 2028 4271; baseline -0.009 -7"><span class='ocrx_word' id='word_1_377' title='bbox 433 4218 757 4271; x_wconf 48' lang='lat' dir='ltr'><strong>“runtn&#39;os,</strong></span> <span class='ocrx_word' id='word_1_378' title='bbox 787 4219 821 4258; x_wconf 96' lang='lat' dir='ltr'><strong>o</strong></span> <span class='ocrx_word' id='word_1_379' title='bbox 845 4198 1269 4270; x_wconf 24' lang='lat' dir='ltr'><strong>cham‘pnellte,</strong></span> <span class='ocrx_word' id='word_1_380' title='bbox 1300 4198 1538 4253; x_wconf 89' lang='lat' dir='ltr'><strong>reddatis</strong></span> <span class='ocrx_word' id='word_1_381' title='bbox 1571 4213 1710 4252; x_wconf 84' lang='lat' dir='ltr'><strong>vana</strong></span> <span class='ocrx_word' id='word_1_382' title='bbox 1731 4203 1786 4252; x_wconf 90' lang='lat' dir='ltr'><strong>et</strong></span> <span class='ocrx_word' id='word_1_383' title='bbox 1823 4196 2028 4264; x_wconf 89' lang='lat' dir='ltr'><strong>inania,</strong></span> 
     </span>
    </p>
   </div>
   <div class='ocr_carea' id='block_1_59' title="bbox 439 4289 2028 4367">
    <p class='ocr_par' dir='ltr' id='par_1_59' title="bbox 439 4289 2028 4367">
     <span class='ocr_line' id='line_1_60' title="bbox 439 4289 2028 4367; baseline -0.006 -12"><span class='ocrx_word' id='word_1_384' title='bbox 439 4300 548 4355; x_wconf 84' lang='lat' dir='ltr'><strong>&#39;se&#39;d</strong></span> <span class='ocrx_word' id='word_1_385' title='bbox 587 4311 752 4367; x_wconf 90' lang='lat' dir='ltr'><strong>super</strong></span> <span class='ocrx_word' id='word_1_386' title='bbox 812 4294 929 4349; x_wconf 82' lang='lat' dir='ltr'><strong>haec</strong></span> <span class='ocrx_word' id='word_1_387' title='bbox 996 4292 1161 4346; x_wconf 87' lang='lat' dir='ltr'><strong>etiam</strong></span> <span class='ocrx_word' id='word_1_388' title='bbox 1236 4289 1341 4355; x_wconf 72' lang='lat' dir='ltr'><strong>alia</strong></span> <span class='ocrx_word' id='word_1_389' title='bbox 1431 4290 1712 4358; x_wconf 64' lang='lat' dir='ltr'><strong>aediﬁcato,</strong></span> <span class='ocrx_word' id='word_1_390' title='bbox 1789 4304 1845 4348; x_wconf 89' lang='lat' dir='ltr'><strong>et</strong></span> <span class='ocrx_word' id='word_1_391' title='bbox 1896 4292 2028 4347; x_wconf 84' lang='lat' dir='ltr'><strong>mihi</strong></span> 
     </span>
    </p>
   </div>
   <div class='ocr_carea' id='block_1_60' title="bbox 438 4384 2030 4461">
    <p class='ocr_par' dir='ltr' id='par_1_60' title="bbox 438 4384 2030 4461">
     <span class='ocr_line' id='line_1_61' title="bbox 438 4384 2030 4461; baseline -0.004 -16"><span class='ocrx_word' id='word_1_392' title='bbox 438 4397 731 4461; x_wconf 71' lang='lat' dir='ltr'><strong>parentes,</strong></span> <span class='ocrx_word' id='word_1_393' title='bbox 769 4386 873 4442; x_wconf 82' lang='lat' dir='ltr'><strong>diis</strong></span> <span class='ocrx_word' id='word_1_394' title='bbox 943 4396 1160 4454; x_wconf 76' lang='lat' dir='ltr'><strong>quoque</strong></span> <span class='ocrx_word' id='word_1_395' title='bbox 1221 4384 1581 4438; x_wconf 82' lang='lat' dir='ltr'><strong>communiter</strong></span> <span class='ocrx_word' id='word_1_396' title='bbox 1648 4384 1949 4440; x_wconf 80' lang='lat' dir='ltr'><strong>sacriﬁcate</strong></span> <span class='ocrx_word' id='word_1_397' title='bbox 1975 4392 2030 4440; x_wconf 90' lang='lat' dir='ltr'><strong>et</strong></span> 
     </span>
    </p>
   </div>
   <div class='ocr_carea' id='block_1_61' title="bbox 439 4474 2028 4553">
    <p class='ocr_par' dir='ltr' id='par_1_61' title="bbox 439 4474 2028 4553">
     <span class='ocr_line' id='line_1_62' title="bbox 439 4474 2028 4553; baseline -0.005 -15"><span class='ocrx_word' id='word_1_398' title='bbox 439 4495 712 4553; x_wconf 79' lang='lat' dir='ltr'><strong>&#39;tanquam</strong></span> <span class='ocrx_word' id='word_1_399' title='bbox 767 4490 987 4534; x_wconf 87' lang='lat' dir='ltr'><strong>sorores</strong></span> <span class='ocrx_word' id='word_1_400' title='bbox 1042 4476 1097 4530; x_wconf 90' lang='lat' dir='ltr'><strong>in</strong></span> <span class='ocrx_word' id='word_1_401' title='bbox 1135 4474 1532 4531; x_wconf 72' lang='lat' dir='ltr'><strong>benevolentia</strong></span> <span class='ocrx_word' id='word_1_402' title='bbox 1605 4492 1732 4548; x_wconf 82' lang='lat' dir='ltr'><strong>erga</strong></span> <span class='ocrx_word' id='word_1_403' title='bbox 1775 4492 1871 4532; x_wconf 91' lang='lat' dir='ltr'><strong>eos</strong></span> <span class='ocrx_word' id='word_1_404' title='bbox 1894 4491 2028 4532; x_wconf 91' lang='lat' dir='ltr'><strong>con-</strong></span> 
     </span>
    </p>
   </div>
   <div class='ocr_carea' id='block_1_62' title="bbox 2128 1974 3720 2057">
    <p class='ocr_par' dir='ltr' id='par_1_62' title="bbox 2128 1974 3720 2057">
     <span class='ocr_line' id='line_1_63' title="bbox 2128 1974 3720 2057; baseline 0.008 -30"><span class='ocrx_word' id='word_1_405' title='bbox 2128 1974 2185 2028; x_wconf 86' lang='grc' dir='ltr'>δὲ</span> <span class='ocrx_word' id='word_1_406' title='bbox 2240 1977 2514 2046; x_wconf 86' lang='grc' dir='ltr'>ἐναρέτως</span> <span class='ocrx_word' id='word_1_407' title='bbox 2574 1976 2776 2047; x_wconf 80' lang='grc' dir='ltr'>βιοῦσι,</span> <span class='ocrx_word' id='word_1_408' title='bbox 2827 1982 2896 2051; x_wconf 80' lang='grc' dir='ltr'>τῇ</span> <span class='ocrx_word' id='word_1_409' title='bbox 2949 1980 3052 2051; x_wconf 80' lang='grc' dir='ltr'>τῆς</span> <span class='ocrx_word' id='word_1_410' title='bbox 3100 1983 3314 2048; x_wconf 79' lang='grc' dir='ltr'>οἰκείας</span> <span class='ocrx_word' id='word_1_411' title='bbox 3374 1984 3720 2057; x_wconf 85' lang='grc' dir='ltr'>άγαθότητος</span> 
     </span>
    </p>
   </div>
   <div class='ocr_carea' id='block_1_63' title="bbox 2129 2067 3721 2146">
    <p class='ocr_par' dir='ltr' id='par_1_63' title="bbox 2129 2067 3721 2146">
     <span class='ocr_line' id='line_1_64' title="bbox 2129 2067 3721 2146; baseline 0.008 -25"><span class='ocrx_word' id='word_1_412' title='bbox 2129 2068 2311 2138; x_wconf 84' lang='grc' dir='ltr'>χάριτι</span> <span class='ocrx_word' id='word_1_413' title='bbox 2342 2067 2487 2136; x_wconf 82' lang='grc' dir='ltr'>φιλεῖ</span> <span class='ocrx_word' id='word_1_414' title='bbox 2525 2070 2928 2140; x_wconf 84' lang='grc' dir='ltr'>ἐπιφαίνεσθαι,</span> <span class='ocrx_word' id='word_1_415' title='bbox 2995 2076 3090 2130; x_wconf 69' lang='grc' dir='ltr'>καὶ</span> <span class='ocrx_word' id='word_1_416' title='bbox 3121 2076 3212 2146; x_wconf 83' lang='grc' dir='ltr'><strong>ὑφ’</strong></span> <span class='ocrx_word' id='word_1_417' title='bbox 3240 2070 3307 2131; x_wconf 76' lang='grc' dir='ltr'>οὗ</span> <span class='ocrx_word' id='word_1_418' title='bbox 3372 2076 3611 2146; x_wconf 66' lang='grc' dir='ltr'>βασιλεῖς</span> <span class='ocrx_word' id='word_1_419' title='bbox 3658 2096 3721 2133; x_wconf 89' lang='grc' dir='ltr'><strong>τε</strong></span> 
     </span>
    </p>
   </div>
   <div class='ocr_carea' id='block_1_64' title="bbox 2132 2160 3719 2239">
    <p class='ocr_par' dir='ltr' id='par_1_64' title="bbox 2132 2160 3719 2239">
     <span class='ocr_line' id='line_1_65' title="bbox 2132 2160 3719 2239; baseline 0.005 -23"><span class='ocrx_word' id='word_1_420' title='bbox 2132 2160 2359 2230; x_wconf 82' lang='grc' dir='ltr'>ἄρχουσι</span> <span class='ocrx_word' id='word_1_421' title='bbox 2389 2160 2484 2214; x_wconf 70' lang='grc' dir='ltr'><strong>καὶ</strong></span> <span class='ocrx_word' id='word_1_422' title='bbox 2516 2160 2765 2232; x_wconf 87' lang='grc' dir='ltr'>τύραννοι</span> <span class='ocrx_word' id='word_1_423' title='bbox 2793 2163 3056 2233; x_wconf 80' lang='grc' dir='ltr'>κρατοῦσι</span> <span class='ocrx_word' id='word_1_424' title='bbox 3089 2169 3192 2238; x_wconf 81' lang='grc' dir='ltr'>τῆς</span> <span class='ocrx_word' id='word_1_425' title='bbox 3215 2168 3340 2239; x_wconf 82' lang='grc' dir='ltr'>γῆς.</span> <span class='ocrx_word' id='word_1_426' title='bbox 3391 2169 3579 2222; x_wconf 79' lang='grc' dir='ltr'>Ταῦτα</span> <span class='ocrx_word' id='word_1_427' title='bbox 3618 2171 3719 2233; x_wconf 76' lang='grc' dir='ltr'>τὰς</span> 
     </span>
    </p>
   </div>
   <div class='ocr_carea' id='block_1_65' title="bbox 2131 2251 3715 2331">
    <p class='ocr_par' dir='ltr' id='par_1_65' title="bbox 2131 2251 3715 2331">
     <span class='ocr_line' id='line_1_66' title="bbox 2131 2251 3715 2331; baseline 0.006 -27"><span class='ocrx_word' id='word_1_428' title='bbox 2131 2251 2434 2323; x_wconf 83' lang='grc' dir='ltr'>παρθένους</span> <span class='ocrx_word' id='word_1_429' title='bbox 2469 2252 2754 2323; x_wconf 79' lang='grc' dir='ltr'>ἀτρέπτως</span> <span class='ocrx_word' id='word_1_430' title='bbox 2792 2255 2932 2310; x_wconf 85' lang='grc' dir='ltr'>πάνυ</span> <span class='ocrx_word' id='word_1_431' title='bbox 2966 2256 3061 2310; x_wconf 72' lang='grc' dir='ltr'>καὶ</span> <span class='ocrx_word' id='word_1_432' title='bbox 3112 2258 3366 2328; x_wconf 84' lang='grc' dir='ltr'>ἐμμελῶς</span> <span class='ocrx_word' id='word_1_433' title='bbox 3404 2261 3715 2331; x_wconf 79' lang='grc' dir='ltr'>ἀποκριναο</span> 
     </span>
    </p>
   </div>
   <div class='ocr_carea' id='block_1_66' title="bbox 2133 2342 3721 2422">
    <p class='ocr_par' dir='ltr' id='par_1_66' title="bbox 2133 2342 3721 2422">
     <span class='ocr_line' id='line_1_67' title="bbox 2133 2342 3721 2422; baseline 0.006 -27"><span class='ocrx_word' id='word_1_434' title='bbox 2133 2342 2306 2413; x_wconf 87' lang='grc' dir='ltr'>μένας</span> <span class='ocrx_word' id='word_1_435' title='bbox 2339 2343 2369 2397; x_wconf 85' lang='grc' dir='ltr'><strong>ὑ</strong></span> <span class='ocrx_word' id='word_1_436' title='bbox 2406 2344 2594 2415; x_wconf 79' lang='grc' dir='ltr'>ἄρχων</span> <span class='ocrx_word' id='word_1_437' title='bbox 2640 2345 2938 2416; x_wconf 75' lang='grc' dir='ltr'>ἐμϐλέψας,</span> <span class='ocrx_word' id='word_1_438' title='bbox 2989 2348 3348 2420; x_wconf 79' lang='grc' dir='ltr'>ὑπερηγάσθη</span> <span class='ocrx_word' id='word_1_439' title='bbox 3399 2350 3501 2422; x_wconf 84' lang='grc' dir='ltr'><strong>τήν</strong></span> <span class='ocrx_word' id='word_1_440' title='bbox 3538 2368 3601 2404; x_wconf 87' lang='grc' dir='ltr'><strong>τε</strong></span> <span class='ocrx_word' id='word_1_441' title='bbox 3627 2369 3721 2403; x_wconf 87' lang='grc' dir='ltr'>κο-</span> 
     </span>
    </p>
   </div>
   <div class='ocr_carea' id='block_1_67' title="bbox 2132 2434 3720 2511">
    <p class='ocr_par' dir='ltr' id='par_1_67' title="bbox 2132 2434 3720 2511">
     <span class='ocr_line' id='line_1_68' title="bbox 2132 2434 3720 2511; baseline 0.004 -24"><span class='ocrx_word' id='word_1_442' title='bbox 2132 2434 2300 2504; x_wconf 85' lang='grc' dir='ltr'>σμίαν</span> <span class='ocrx_word' id='word_1_443' title='bbox 2330 2437 2672 2506; x_wconf 86' lang='grc' dir='ltr'>παράστασιν</span> <span class='ocrx_word' id='word_1_444' title='bbox 2703 2438 2796 2489; x_wconf 74' lang='grc' dir='ltr'>καὶ</span> <span class='ocrx_word' id='word_1_445' title='bbox 2845 2437 2905 2490; x_wconf 81' lang='grc' dir='ltr'><strong>τὸ</strong></span> <span class='ocrx_word' id='word_1_446' title='bbox 2949 2437 3059 2494; x_wconf 91' lang='grc' dir='ltr'><strong>τῶν</strong></span> <span class='ocrx_word' id='word_1_447' title='bbox 3090 2441 3434 2511; x_wconf 85' lang='grc' dir='ltr'>ἀποκρίσεων</span> <span class='ocrx_word' id='word_1_448' title='bbox 3466 2441 3720 2509; x_wconf 48' lang='grc' dir='ltr'>νουνεκές</span> 
     </span>
    </p>
   </div>
   <div class='ocr_carea' id='block_1_68' title="bbox 2131 2524 3719 2600">
    <p class='ocr_par' dir='ltr' id='par_1_68' title="bbox 2131 2524 3719 2600">
     <span class='ocr_line' id='line_1_69' title="bbox 2131 2524 3719 2600; baseline 0.003 -21"><span class='ocrx_word' id='word_1_449' title='bbox 2131 2526 2228 2579; x_wconf 80' lang='grc' dir='ltr'>καὶ</span> <span class='ocrx_word' id='word_1_450' title='bbox 2258 2525 2568 2581; x_wconf 88' lang='grc' dir='ltr'>εὑσύνετον.</span> <span class='ocrx_word' id='word_1_451' title='bbox 2602 2528 2714 2581; x_wconf 76' lang='grc' dir='ltr'><strong>Καὶ</strong></span> <span class='ocrx_word' id='word_1_452' title='bbox 2745 2526 2919 2593; x_wconf 78' lang='grc' dir='ltr'>οὕτως</span> <span class='ocrx_word' id='word_1_453' title='bbox 2950 2524 3019 2600; x_wconf 78' lang='grc' dir='ltr'>ἦν</span> <span class='ocrx_word' id='word_1_454' title='bbox 3042 2530 3133 2583; x_wconf 79' lang='grc' dir='ltr'>ἐπὶ</span> <span class='ocrx_word' id='word_1_455' title='bbox 3164 2531 3301 2585; x_wconf 87' lang='grc' dir='ltr'><strong>πολὺ</strong></span> <span class='ocrx_word' id='word_1_456' title='bbox 3339 2531 3583 2599; x_wconf 80' lang='grc' dir='ltr'>σιωπῶν,</span> <span class='ocrx_word' id='word_1_457' title='bbox 3620 2533 3719 2584; x_wconf 80' lang='grc' dir='ltr'><strong>καὶ</strong></span> 
     </span>
    </p>
   </div>
   <div class='ocr_carea' id='block_1_69' title="bbox 2131 2614 3719 2692">
    <p class='ocr_par' dir='ltr' id='par_1_69' title="bbox 2131 2614 3719 2692">
     <span class='ocr_line' id='line_1_70' title="bbox 2131 2614 3719 2692; baseline 0.004 -24"><span class='ocrx_word' id='word_1_458' title='bbox 2131 2616 2191 2669; x_wconf 83' lang='grc' dir='ltr'><strong>ἐν</strong></span> <span class='ocrx_word' id='word_1_459' title='bbox 2221 2614 2461 2686; x_wconf 83' lang='grc' dir='ltr'>θαύματι</span> <span class='ocrx_word' id='word_1_460' title='bbox 2482 2618 2686 2681; x_wconf 89' lang='grc' dir='ltr'>ταύτας</span> <span class='ocrx_word' id='word_1_461' title='bbox 2715 2620 3064 2690; x_wconf 82' lang='grc' dir='ltr'>ποιούμενος.</span> <span class='ocrx_word' id='word_1_462' title='bbox 3094 2620 3222 2692; x_wconf 68' lang='grc' dir='ltr'><strong>Ὀψὲ</strong></span> <span class='ocrx_word' id='word_1_463' title='bbox 3252 2622 3298 2675; x_wconf 87' lang='grc' dir='ltr'>δ’</span> <span class='ocrx_word' id='word_1_464' title='bbox 3331 2618 3425 2674; x_wconf 75' lang='grc' dir='ltr'><strong>οὑν</strong></span> <span class='ocrx_word' id='word_1_465' title='bbox 3444 2623 3591 2692; x_wconf 84' lang='grc' dir='ltr'>ὅμως</span> <span class='ocrx_word' id='word_1_466' title='bbox 3620 2639 3719 2675; x_wconf 81' lang='grc' dir='ltr'><strong>και</strong></span> 
     </span>
    </p>
   </div>
   <div class='ocr_carea' id='block_1_70' title="bbox 2132 2709 3714 2783">
    <p class='ocr_par' dir='ltr' id='par_1_70' title="bbox 2132 2709 3714 2783">
     <span class='ocr_line' id='line_1_71' title="bbox 2132 2709 3714 2783; baseline 0.004 -23"><span class='ocrx_word' id='word_1_467' title='bbox 2132 2709 2400 2780; x_wconf 78' lang='grc' dir='ltr'>δευτέραν</span> <span class='ocrx_word' id='word_1_468' title='bbox 2429 2709 2702 2781; x_wconf 80' lang='grc' dir='ltr'>ἐρώτησιν</span> <span class='ocrx_word' id='word_1_469' title='bbox 2730 2712 2930 2782; x_wconf 83' lang='grc' dir='ltr'>ἐπῆγε,</span> <span class='ocrx_word' id='word_1_470' title='bbox 2961 2715 3082 2768; x_wconf 88' lang='grc' dir='ltr'>τίνα</span> <span class='ocrx_word' id='word_1_471' title='bbox 3121 2730 3181 2765; x_wconf 84' lang='grc' dir='ltr'><strong>τε</strong></span> <span class='ocrx_word' id='word_1_472' title='bbox 3215 2713 3283 2766; x_wconf 87' lang='grc' dir='ltr'>τὰ</span> <span class='ocrx_word' id='word_1_473' title='bbox 3311 2714 3577 2783; x_wconf 83' lang='grc' dir='ltr'>ὀνόματα,</span> <span class='ocrx_word' id='word_1_474' title='bbox 3620 2717 3714 2766; x_wconf 78' lang='grc' dir='ltr'>καὶ</span> 
     </span>
    </p>
   </div>
   <div class='ocr_carea' id='block_1_71' title="bbox 2134 2801 3716 2876">
    <p class='ocr_par' dir='ltr' id='par_1_71' title="bbox 2134 2801 3716 2876">
     <span class='ocr_line' id='line_1_72' title="bbox 2134 2801 3716 2876; baseline 0.003 -23"><span class='ocrx_word' id='word_1_475' title='bbox 2134 2801 2255 2871; x_wconf 75' lang='grc' dir='ltr'>ἥτις</span> <span class='ocrx_word' id='word_1_476' title='bbox 2282 2801 2473 2864; x_wconf 89' lang='grc' dir='ltr'>αὑταῖς</span> <span class='ocrx_word' id='word_1_477' title='bbox 2528 2801 2931 2874; x_wconf 87' lang='grc' dir='ltr'>πυνθανόμενος</span> <span class='ocrx_word' id='word_1_478' title='bbox 2976 2805 3010 2874; x_wconf 91' lang='grc' dir='ltr'><strong>ή</strong></span> <span class='ocrx_word' id='word_1_479' title='bbox 3047 2805 3264 2873; x_wconf 86' lang='grc' dir='ltr'>πατρίς.</span> <span class='ocrx_word' id='word_1_480' title='bbox 3300 2806 3368 2858; x_wconf 80' lang='grc' dir='ltr'><strong>Αἰ</strong></span> <span class='ocrx_word' id='word_1_481' title='bbox 3399 2806 3479 2869; x_wconf 87' lang='grc' dir='ltr'><strong>δὲ,</strong></span> <span class='ocrx_word' id='word_1_482' title='bbox 3513 2806 3716 2876; x_wconf 73' lang='grc' dir='ltr'>Πρῶτά</span> 
     </span>
    </p>
   </div>
   <div class='ocr_carea' id='block_1_72' title="bbox 2137 2891 3714 2965">
    <p class='ocr_par' dir='ltr' id='par_1_72' title="bbox 2137 2891 3714 2965">
     <span class='ocr_line' id='line_1_73' title="bbox 2137 2891 3714 2965; baseline 0.003 -22"><span class='ocrx_word' id='word_1_483' title='bbox 2137 2892 2236 2962; x_wconf 83' lang='grc' dir='ltr'>μὲν</span> <span class='ocrx_word' id='word_1_484' title='bbox 2281 2892 2391 2946; x_wconf 82' lang='grc' dir='ltr'><strong>ἀπὸ</strong></span> <span class='ocrx_word' id='word_1_485' title='bbox 2435 2892 2679 2961; x_wconf 84' lang='grc' dir='ltr'>Χριστοῦ</span> <span class='ocrx_word' id='word_1_486' title='bbox 2726 2894 3066 2965; x_wconf 80' lang='grc' dir='ltr'>κεκλήμεθα,</span> <span class='ocrx_word' id='word_1_487' title='bbox 3099 2891 3274 2949; x_wconf 84' lang='grc' dir='ltr'>ἐίπον.</span> <span class='ocrx_word' id='word_1_488' title='bbox 3310 2897 3373 2949; x_wconf 89' lang='grc' dir='ltr'>Εί</span> <span class='ocrx_word' id='word_1_489' title='bbox 3416 2897 3475 2952; x_wconf 75' lang='grc' dir='ltr'>δὲ</span> <span class='ocrx_word' id='word_1_490' title='bbox 3526 2897 3625 2951; x_wconf 75' lang='grc' dir='ltr'>καὶ</span> <span class='ocrx_word' id='word_1_491' title='bbox 3651 2898 3714 2950; x_wconf 84' lang='grc' dir='ltr'><strong>τὸ</strong></span> 
     </span>
    </p>
   </div>
   <div class='ocr_carea' id='block_1_73' title="bbox 2133 2981 3718 3056">
    <p class='ocr_par' dir='ltr' id='par_1_73' title="bbox 2133 2981 3718 3056">
     <span class='ocr_line' id='line_1_74' title="bbox 2133 2981 3718 3056; baseline 0.001 -21"><span class='ocrx_word' id='word_1_492' title='bbox 2133 2981 2242 3035; x_wconf 71' lang='grc' dir='ltr'><strong>ἀπῖι</strong></span> <span class='ocrx_word' id='word_1_493' title='bbox 2283 2981 2379 3035; x_wconf 85' lang='grc' dir='ltr'>τοῦ</span> <span class='ocrx_word' id='word_1_494' title='bbox 2421 2982 2801 3053; x_wconf 77' lang='grc' dir='ltr'>βαπτίσματος</span> <span class='ocrx_word' id='word_1_495' title='bbox 2833 2983 3005 3053; x_wconf 74' lang='grc' dir='ltr'>ὄνομα</span> <span class='ocrx_word' id='word_1_496' title='bbox 3036 2985 3118 3037; x_wconf 87' lang='grc' dir='ltr'><strong>δεῖ</strong></span> <span class='ocrx_word' id='word_1_497' title='bbox 3162 2986 3570 3055; x_wconf 86' lang='grc' dir='ltr'>προσθεῖναι,ή</span> <span class='ocrx_word' id='word_1_498' title='bbox 3613 2987 3718 3056; x_wconf 82' lang='grc' dir='ltr'>μὲν</span> 
     </span>
    </p>
   </div>
   <div class='ocr_carea' id='block_1_74' title="bbox 2144 3074 3721 3149">
    <p class='ocr_par' dir='ltr' id='par_1_74' title="bbox 2144 3074 3721 3149">
     <span class='ocr_line' id='line_1_75' title="bbox 2144 3074 3721 3149; baseline 0.001 -19"><span class='ocrx_word' id='word_1_499' title='bbox 2144 3074 2473 3146; x_wconf 77' lang='grc' dir='ltr'>Μηνοδώρα,</span> <span class='ocrx_word' id='word_1_500' title='bbox 2510 3078 2545 3146; x_wconf 76' lang='grc' dir='ltr'><strong>ἡ</strong></span> <span class='ocrx_word' id='word_1_501' title='bbox 2592 3075 2646 3129; x_wconf 81' lang='grc' dir='ltr'><strong>δέ</strong></span> <span class='ocrx_word' id='word_1_502' title='bbox 2678 3076 3040 3146; x_wconf 71' lang='grc' dir='ltr'>Μητροδωρα,</span> <span class='ocrx_word' id='word_1_503' title='bbox 3088 3080 3180 3129; x_wconf 76' lang='grc' dir='ltr'><strong>καὶ</strong></span> <span class='ocrx_word' id='word_1_504' title='bbox 3216 3080 3249 3148; x_wconf 87' lang='grc' dir='ltr'><strong>ή</strong></span> <span class='ocrx_word' id='word_1_505' title='bbox 3282 3079 3399 3144; x_wconf 76' lang='grc' dir='ltr'>μετ’</span> <span class='ocrx_word' id='word_1_506' title='bbox 3440 3078 3612 3149; x_wconf 76' lang='grc' dir='ltr'>αὑτὴν</span> <span class='ocrx_word' id='word_1_507' title='bbox 3661 3078 3721 3132; x_wconf 79' lang='grc' dir='ltr'>δὲ</span> 
     </span>
    </p>
   </div>
   <div class='ocr_carea' id='block_1_75' title="bbox 2134 3164 3719 3238">
    <p class='ocr_par' dir='ltr' id='par_1_75' title="bbox 2134 3164 3719 3238">
     <span class='ocr_line' id='line_1_76' title="bbox 2134 3164 3719 3238; baseline 0.003 -19"><span class='ocrx_word' id='word_1_508' title='bbox 2134 3164 2522 3237; x_wconf 80' lang='grc' dir='ltr'>Νυμφοδώρα,</span> <span class='ocrx_word' id='word_1_509' title='bbox 2580 3165 2870 3237; x_wconf 85' lang='grc' dir='ltr'>λεγόμεθα.</span> <span class='ocrx_word' id='word_1_510' title='bbox 2928 3167 3193 3237; x_wconf 80' lang='grc' dir='ltr'>Πατρίδος</span> <span class='ocrx_word' id='word_1_511' title='bbox 3244 3167 3551 3238; x_wconf 80' lang='grc' dir='ltr'>ὁρμώμεθα</span> <span class='ocrx_word' id='word_1_512' title='bbox 3610 3170 3719 3238; x_wconf 86' lang='grc' dir='ltr'>τῆς</span> 
     </span>
    </p>
   </div>
   <div class='ocr_carea' id='block_1_76' title="bbox 2135 3258 3720 3331">
    <p class='ocr_par' dir='ltr' id='par_1_76' title="bbox 2135 3258 3720 3331">
     <span class='ocr_line' id='line_1_77' title="bbox 2135 3258 3720 3331; baseline 0.003 -20"><span class='ocrx_word' id='word_1_513' title='bbox 2135 3258 2400 3313; x_wconf 86' lang='grc' dir='ltr'>Βιθυνῶν.</span> <span class='ocrx_word' id='word_1_514' title='bbox 2435 3259 2686 3329; x_wconf 82' lang='grc' dir='ltr'>Ἐφυμεν</span> <span class='ocrx_word' id='word_1_515' title='bbox 2711 3260 2765 3313; x_wconf 80' lang='grc' dir='ltr'>δὲ</span> <span class='ocrx_word' id='word_1_516' title='bbox 2788 3260 2896 3313; x_wconf 84' lang='grc' dir='ltr'><strong>ἀπὸ</strong></span> <span class='ocrx_word' id='word_1_517' title='bbox 2926 3258 3020 3312; x_wconf 83' lang='grc' dir='ltr'>τοῦ</span> <span class='ocrx_word' id='word_1_518' title='bbox 3054 3258 3219 3313; x_wconf 76' lang='grc' dir='ltr'>αὑτοῦ</span> <span class='ocrx_word' id='word_1_519' title='bbox 3251 3262 3592 3331; x_wconf 84' lang='grc' dir='ltr'>σπέρματος,</span> <span class='ocrx_word' id='word_1_520' title='bbox 3619 3267 3720 3316; x_wconf 77' lang='grc' dir='ltr'>καὶ</span> 
     </span>
    </p>
   </div>
   <div class='ocr_carea' id='block_1_77' title="bbox 2136 3346 3722 3424">
    <p class='ocr_par' dir='ltr' id='par_1_77' title="bbox 2136 3346 3722 3424">
     <span class='ocr_line' id='line_1_78' title="bbox 2136 3346 3722 3424; baseline 0.002 -18"><span class='ocrx_word' id='word_1_521' title='bbox 2136 3353 2242 3406; x_wconf 82' lang='grc' dir='ltr'><strong>ὑπὸ</strong></span> <span class='ocrx_word' id='word_1_522' title='bbox 2274 3353 2372 3423; x_wconf 80' lang='grc' dir='ltr'>τῆς</span> <span class='ocrx_word' id='word_1_523' title='bbox 2395 3354 2563 3423; x_wconf 84' lang='grc' dir='ltr'>αὑτῆς</span> <span class='ocrx_word' id='word_1_524' title='bbox 2596 3346 2801 3424; x_wconf 79' lang='grc' dir='ltr'>μητρὸς</span> <span class='ocrx_word' id='word_1_525' title='bbox 2832 3355 3178 3423; x_wconf 78' lang='grc' dir='ltr'>ἐτράφημεν,</span> <span class='ocrx_word' id='word_1_526' title='bbox 3214 3355 3311 3407; x_wconf 71' lang='grc' dir='ltr'>καὶ</span> <span class='ocrx_word' id='word_1_527' title='bbox 3342 3355 3447 3409; x_wconf 87' lang='grc' dir='ltr'><strong>ὑπὸ</strong></span> <span class='ocrx_word' id='word_1_528' title='bbox 3474 3357 3587 3409; x_wconf 85' lang='grc' dir='ltr'><strong>τῶν</strong></span> <span class='ocrx_word' id='word_1_529' title='bbox 3620 3358 3722 3408; x_wconf 77' lang='grc' dir='ltr'>αὑ-</span> 
     </span>
    </p>
   </div>
   <div class='ocr_carea' id='block_1_78' title="bbox 2136 3444 3722 3520">
    <p class='ocr_par' dir='ltr' id='par_1_78' title="bbox 2136 3444 3722 3520">
     <span class='ocr_line' id='line_1_79' title="bbox 2136 3444 3722 3520; baseline 0.003 -21"><span class='ocrx_word' id='word_1_530' title='bbox 2136 3445 2245 3499; x_wconf 89' lang='grc' dir='ltr'><strong>τῶν</strong></span> <span class='ocrx_word' id='word_1_531' title='bbox 2277 3446 2481 3514; x_wconf 86' lang='grc' dir='ltr'>γονέων</span> <span class='ocrx_word' id='word_1_532' title='bbox 2512 3444 2873 3516; x_wconf 86' lang='grc' dir='ltr'>ήγαπήμεθα,</span> <span class='ocrx_word' id='word_1_533' title='bbox 2906 3447 3002 3499; x_wconf 75' lang='grc' dir='ltr'>καὶ</span> <span class='ocrx_word' id='word_1_534' title='bbox 3030 3450 3130 3519; x_wconf 70' lang='grc' dir='ltr'>τὴν</span> <span class='ocrx_word' id='word_1_535' title='bbox 3176 3449 3346 3519; x_wconf 83' lang='grc' dir='ltr'>αὐτὴν</span> <span class='ocrx_word' id='word_1_536' title='bbox 3377 3449 3593 3520; x_wconf 88' lang='grc' dir='ltr'>μητέρα</span> <span class='ocrx_word' id='word_1_537' title='bbox 3621 3452 3722 3504; x_wconf 75' lang='grc' dir='ltr'>καὶ</span> 
     </span>
    </p>
   </div>
   <div class='ocr_carea' id='block_1_79' title="bbox 2133 3536 3721 3611">
    <p class='ocr_par' dir='ltr' id='par_1_79' title="bbox 2133 3536 3721 3611">
     <span class='ocr_line' id='line_1_80' title="bbox 2133 3536 3721 3611; baseline 0.003 -21"><span class='ocrx_word' id='word_1_538' title='bbox 2133 3538 2225 3590; x_wconf 84' lang='grc' dir='ltr'><strong>τὸν</strong></span> <span class='ocrx_word' id='word_1_539' title='bbox 2256 3537 2417 3591; x_wconf 82' lang='grc' dir='ltr'>αὑτὸν</span> <span class='ocrx_word' id='word_1_540' title='bbox 2449 3536 2664 3607; x_wconf 84' lang='grc' dir='ltr'>πατέρα</span> <span class='ocrx_word' id='word_1_541' title='bbox 2690 3540 3245 3611; x_wconf 80' lang='grc' dir='ltr'>προσηγορεύσαμεν.</span> <span class='ocrx_word' id='word_1_542' title='bbox 3280 3543 3389 3595; x_wconf 76' lang='grc' dir='ltr'>Καὶ</span> <span class='ocrx_word' id='word_1_543' title='bbox 3436 3540 3721 3603; x_wconf 78' lang='grc' dir='ltr'>πολιτείας</span> 
     </span>
    </p>
   </div>
   <div class='ocr_carea' id='block_1_80' title="bbox 2133 3627 3721 3705">
    <p class='ocr_par' dir='ltr' id='par_1_80' title="bbox 2133 3627 3721 3705">
     <span class='ocr_line' id='line_1_81' title="bbox 2133 3627 3721 3705; baseline 0.004 -23"><span class='ocrx_word' id='word_1_544' title='bbox 2133 3628 2192 3682; x_wconf 81' lang='grc' dir='ltr'>δὲ</span> <span class='ocrx_word' id='word_1_545' title='bbox 2218 3627 2488 3699; x_wconf 75' lang='grc' dir='ltr'>ἡψάμεθα</span> <span class='ocrx_word' id='word_1_546' title='bbox 2519 3628 2619 3700; x_wconf 84' lang='grc' dir='ltr'>τῆς</span> <span class='ocrx_word' id='word_1_547' title='bbox 2660 3630 2856 3702; x_wconf 83' lang='grc' dir='ltr'>αὑτῆς,</span> <span class='ocrx_word' id='word_1_548' title='bbox 2908 3632 3004 3687; x_wconf 77' lang='grc' dir='ltr'><strong>καὶ</strong></span> <span class='ocrx_word' id='word_1_549' title='bbox 3058 3635 3159 3704; x_wconf 72' lang='grc' dir='ltr'><strong>τῆς</strong></span> <span class='ocrx_word' id='word_1_550' title='bbox 3200 3635 3321 3705; x_wconf 82' lang='grc' dir='ltr'>ῖσης</span> <span class='ocrx_word' id='word_1_551' title='bbox 3361 3632 3442 3687; x_wconf 80' lang='grc' dir='ltr'><strong>ἐτι</strong></span> <span class='ocrx_word' id='word_1_552' title='bbox 3470 3633 3721 3704; x_wconf 81' lang='grc' dir='ltr'>ἐχόμεθα</span> 
     </span>
    </p>
   </div>
   <div class='ocr_carea' id='block_1_81' title="bbox 2128 3721 2378 3792">
    <p class='ocr_par' dir='ltr' id='par_1_81' title="bbox 2128 3721 2378 3792">
     <span class='ocr_line' id='line_1_82' title="bbox 2128 3721 2378 3792; baseline -0.024 -2"><span class='ocrx_word' id='word_1_553' title='bbox 2128 3721 2378 3792; x_wconf 70' lang='grc' dir='ltr'><strong>γνώμης.</strong></span> 
     </span>
    </p>
   </div>
   <div class='ocr_carea' id='block_1_82' title="bbox 2200 3812 3718 3888">
    <p class='ocr_par' dir='ltr' id='par_1_82' title="bbox 2200 3812 3718 3888">
     <span class='ocr_line' id='line_1_83' title="bbox 2200 3812 3718 3888; baseline 0.004 -23"><span class='ocrx_word' id='word_1_554' title='bbox 2200 3816 2272 3868; x_wconf 85' lang='grc' dir='ltr'><strong>Δ⁹.</strong></span> <span class='ocrx_word' id='word_1_555' title='bbox 2325 3813 2400 3867; x_wconf 84' lang='grc' dir='ltr'><strong>Τδ</strong></span> <span class='ocrx_word' id='word_1_556' title='bbox 2449 3812 2760 3885; x_wconf 86' lang='grc' dir='ltr'>ἐλευθέριον</span> <span class='ocrx_word' id='word_1_557' title='bbox 2789 3813 2971 3869; x_wconf 83' lang='grc' dir='ltr'>τοίνυν</span> <span class='ocrx_word' id='word_1_558' title='bbox 3015 3815 3112 3869; x_wconf 82' lang='grc' dir='ltr'>τοῦ</span> <span class='ocrx_word' id='word_1_559' title='bbox 3146 3833 3207 3870; x_wconf 86' lang='grc' dir='ltr'><strong>τε</strong></span> <span class='ocrx_word' id='word_1_560' title='bbox 3237 3818 3446 3888; x_wconf 80' lang='grc' dir='ltr'>τρόπου</span> <span class='ocrx_word' id='word_1_561' title='bbox 3473 3820 3575 3873; x_wconf 67' lang='grc' dir='ltr'>καὶ</span> <span class='ocrx_word' id='word_1_562' title='bbox 3603 3819 3718 3872; x_wconf 86' lang='grc' dir='ltr'><strong>τῶν</strong></span> 
     </span>
    </p>
   </div>
   <div class='ocr_carea' id='block_1_83' title="bbox 2131 3906 3716 3984">
    <p class='ocr_par' dir='ltr' id='par_1_83' title="bbox 2131 3906 3716 3984">
     <span class='ocr_line' id='line_1_84' title="bbox 2131 3906 3716 3984; baseline 0.002 -23"><span class='ocrx_word' id='word_1_563' title='bbox 2131 3906 2398 3977; x_wconf 79' lang='grc' dir='ltr'>ῥημάτων</span> <span class='ocrx_word' id='word_1_564' title='bbox 2423 3908 2603 3980; x_wconf 71' lang='grc' dir='ltr'>ήσυχῆ</span> <span class='ocrx_word' id='word_1_565' title='bbox 2639 3910 2849 3972; x_wconf 85' lang='grc' dir='ltr'>ἐκεῖνος</span> <span class='ocrx_word' id='word_1_566' title='bbox 2877 3908 3190 3978; x_wconf 88' lang='grc' dir='ltr'>θαυμάσας,</span> <span class='ocrx_word' id='word_1_567' title='bbox 3228 3913 3539 3984; x_wconf 87' lang='grc' dir='ltr'>περιέργως</span> <span class='ocrx_word' id='word_1_568' title='bbox 3569 3914 3716 3981; x_wconf 79' lang='grc' dir='ltr'>ἄγαν</span> 
     </span>
    </p>
   </div>
   <div class='ocr_carea' id='block_1_84' title="bbox 2132 3998 3717 4075">
    <p class='ocr_par' dir='ltr' id='par_1_84' title="bbox 2132 3998 3717 4075">
     <span class='ocr_line' id='line_1_85' title="bbox 2132 3998 3717 4075; baseline 0.006 -25"><span class='ocrx_word' id='word_1_569' title='bbox 2132 3998 2161 4051; x_wconf 87' lang='grc' dir='ltr'><strong>ό</strong></span> <span class='ocrx_word' id='word_1_570' title='bbox 2197 3999 2368 4064; x_wconf 79' lang='grc' dir='ltr'>δεινὸς</span> <span class='ocrx_word' id='word_1_571' title='bbox 2396 4002 2491 4054; x_wconf 58' lang='grc' dir='ltr'><strong>καὶ¹</strong></span> <span class='ocrx_word' id='word_1_572' title='bbox 2522 4001 2794 4069; x_wconf 84' lang='grc' dir='ltr'>ὑπούλως,</span> <span class='ocrx_word' id='word_1_573' title='bbox 2836 4002 3031 4071; x_wconf 74' lang='grc' dir='ltr'>κλέψαι</span> <span class='ocrx_word' id='word_1_574' title='bbox 3066 4004 3165 4067; x_wconf 77' lang='grc' dir='ltr'>τὰς</span> <span class='ocrx_word' id='word_1_575' title='bbox 3208 4005 3511 4075; x_wconf 83' lang='grc' dir='ltr'>παρθένους</span> <span class='ocrx_word' id='word_1_576' title='bbox 3549 4007 3717 4069; x_wconf 77' lang='grc' dir='ltr'>εὐθὺς</span> 
     </span>
    </p>
   </div>
   <div class='ocr_carea' id='block_1_85' title="bbox 2131 4090 3715 4167">
    <p class='ocr_par' dir='ltr' id='par_1_85' title="bbox 2131 4090 3715 4167">
     <span class='ocr_line' id='line_1_86' title="bbox 2131 4090 3715 4167; baseline 0.007 -26"><span class='ocrx_word' id='word_1_577' title='bbox 2131 4090 2444 4161; x_wconf 83' lang='grc' dir='ltr'>ἐπεχείρει,</span> <span class='ocrx_word' id='word_1_578' title='bbox 2478 4093 2570 4165; x_wconf 79' lang='grc' dir='ltr'>Μή</span> <span class='ocrx_word' id='word_1_579' title='bbox 2601 4093 2692 4147; x_wconf 78' lang='grc' dir='ltr'><strong>οὖν</strong></span> <span class='ocrx_word' id='word_1_580' title='bbox 2721 4092 2757 4146; x_wconf 78' lang='grc' dir='ltr'><strong>δι</strong></span> <span class='ocrx_word' id='word_1_581' title='bbox 2809 4095 2858 4147; x_wconf 90' lang='grc' dir='ltr'><strong>οί</strong></span> <span class='ocrx_word' id='word_1_582' title='bbox 2904 4095 3039 4159; x_wconf 77' lang='grc' dir='ltr'>θεοὶ,</span> <span class='ocrx_word' id='word_1_583' title='bbox 3068 4095 3274 4164; x_wconf 87' lang='grc' dir='ltr'>λέγων,</span> <span class='ocrx_word' id='word_1_584' title='bbox 3324 4099 3406 4161; x_wconf 88' lang='grc' dir='ltr'><strong>είς</strong></span> <span class='ocrx_word' id='word_1_585' title='bbox 3453 4097 3715 4167; x_wconf 83' lang='grc' dir='ltr'>ὁμόνοιαν</span> 
     </span>
    </p>
   </div>
   <div class='ocr_carea' id='block_1_86' title="bbox 2128 4183 3717 4261">
    <p class='ocr_par' dir='ltr' id='par_1_86' title="bbox 2128 4183 3717 4261">
     <span class='ocr_line' id='line_1_87' title="bbox 2128 4183 3717 4261; baseline 0.007 -27"><span class='ocrx_word' id='word_1_586' title='bbox 2128 4184 2252 4246; x_wconf 84' lang='grc' dir='ltr'>ταῖς</span> <span class='ocrx_word' id='word_1_587' title='bbox 2298 4183 2556 4254; x_wconf 75' lang='grc' dir='ltr'>ἀδελφαῖς</span> <span class='ocrx_word' id='word_1_588' title='bbox 2588 4191 2863 4257; x_wconf 88' lang='grc' dir='ltr'>παρέσχον</span> <span class='ocrx_word' id='word_1_589' title='bbox 2907 4188 2975 4241; x_wconf 79' lang='grc' dir='ltr'><strong>τά</strong></span> <span class='ocrx_word' id='word_1_590' title='bbox 3005 4188 3208 4257; x_wconf 84' lang='grc' dir='ltr'>ἀγαθὰ,</span> <span class='ocrx_word' id='word_1_591' title='bbox 3250 4190 3457 4260; x_wconf 86' lang='grc' dir='ltr'>μάταια</span> <span class='ocrx_word' id='word_1_592' title='bbox 3527 4190 3717 4261; x_wconf 78' lang='grc' dir='ltr'>ὑμεῖς,</span> 
     </span>
    </p>
   </div>
   <div class='ocr_carea' id='block_1_87' title="bbox 2130 4269 3712 4351">
    <p class='ocr_par' dir='ltr' id='par_1_87' title="bbox 2130 4269 3712 4351">
     <span class='ocr_line' id='line_1_88' title="bbox 2130 4269 3712 4351; baseline 0.006 -22"><span class='ocrx_word' id='word_1_593' title='bbox 2130 4269 2175 4329; x_wconf 77' lang='grc' dir='ltr'><strong>ὦ</strong></span> <span class='ocrx_word' id='word_1_594' title='bbox 2211 4276 2363 4346; x_wconf 78' lang='grc' dir='ltr'>φίλαι</span> <span class='ocrx_word' id='word_1_595' title='bbox 2394 4280 2585 4349; x_wconf 84' lang='grc' dir='ltr'>κόραι,</span> <span class='ocrx_word' id='word_1_596' title='bbox 2628 4283 2928 4351; x_wconf 70' lang='grc' dir='ltr'>ποιήσητε’</span> <span class='ocrx_word' id='word_1_597' title='bbox 2967 4281 3088 4333; x_wconf 82' lang='grc' dir='ltr'>ἀλλ”</span> <span class='ocrx_word' id='word_1_598' title='bbox 3122 4283 3215 4335; x_wconf 84' lang='grc' dir='ltr'>ἐπὶ</span> <span class='ocrx_word' id='word_1_599' title='bbox 3248 4283 3420 4337; x_wconf 82' lang='grc' dir='ltr'>ταῦτα</span> <span class='ocrx_word' id='word_1_600' title='bbox 3450 4285 3547 4338; x_wconf 79' lang='grc' dir='ltr'><strong>καὶ</strong></span> <span class='ocrx_word' id='word_1_601' title='bbox 3575 4285 3712 4338; x_wconf 82' lang='grc' dir='ltr'>ἀλλα</span> 
     </span>
    </p>
   </div>
   <div class='ocr_carea' id='block_1_88' title="bbox 2130 4366 3710 4444">
    <p class='ocr_par' dir='ltr' id='par_1_88' title="bbox 2130 4366 3710 4444">
     <span class='ocr_line' id='line_1_89' title="bbox 2130 4366 3710 4444; baseline 0.005 -24"><span class='ocrx_word' id='word_1_602' title='bbox 2130 4366 2463 4437; x_wconf 73' lang='grc' dir='ltr'>οἰκοδομεῖτε</span> <span class='ocrx_word' id='word_1_603' title='bbox 2493 4369 2682 4438; x_wconf 80' lang='grc' dir='ltr'>φιλικά</span> <span class='ocrx_word' id='word_1_604' title='bbox 2715 4370 2875 4441; x_wconf 78' lang='grc' dir='ltr'>ἔργα,</span> <span class='ocrx_word' id='word_1_605' title='bbox 2912 4372 3009 4425; x_wconf 79' lang='grc' dir='ltr'><strong>καὶ</strong></span> <span class='ocrx_word' id='word_1_606' title='bbox 3036 4371 3243 4441; x_wconf 81' lang='grc' dir='ltr'>ἀδελφά</span> <span class='ocrx_word' id='word_1_607' title='bbox 3284 4391 3378 4444; x_wconf 89' lang='grc' dir='ltr'><strong>μοι</strong></span> <span class='ocrx_word' id='word_1_608' title='bbox 3412 4373 3556 4428; x_wconf 86' lang='grc' dir='ltr'>οὑτω</span> <span class='ocrx_word' id='word_1_609' title='bbox 3607 4375 3710 4428; x_wconf 73' lang='grc' dir='ltr'>τιιῦ</span> 
     </span>
    </p>
   </div>
   <div class='ocr_carea' id='block_1_89' title="bbox 2129 4459 3714 4539">
    <p class='ocr_par' dir='ltr' id='par_1_89' title="bbox 2129 4459 3714 4539">
     <span class='ocr_line' id='line_1_90' title="bbox 2129 4459 3714 4539; baseline 0.007 -28"><span class='ocrx_word' id='word_1_610' title='bbox 2129 4459 2319 4513; x_wconf 80' lang='grc' dir='ltr'>λοιποῦ</span> <span class='ocrx_word' id='word_1_611' title='bbox 2371 4464 2617 4529; x_wconf 72' lang='grc' dir='ltr'>φρονεῖτε</span> <span class='ocrx_word' id='word_1_612' title='bbox 2663 4480 2678 4494; x_wconf 79' lang='grc'><em>’</em></span> <span class='ocrx_word' id='word_1_613' title='bbox 2741 4465 2836 4518; x_wconf 72' lang='grc' dir='ltr'>καὶ</span> <span class='ocrx_word' id='word_1_614' title='bbox 2887 4466 3155 4535; x_wconf 78' lang='grc' dir='ltr'>πειθήνιοί</span> <span class='ocrx_word' id='word_1_615' title='bbox 3230 4484 3323 4537; x_wconf 90' lang='grc' dir='ltr'><strong>μοι</strong></span> <span class='ocrx_word' id='word_1_616' title='bbox 3394 4468 3714 4539; x_wconf 86' lang='grc' dir='ltr'>γενόμεναι,</span> 
     </span>
    </p>
   </div>
   <div class='ocr_carea' id='block_1_90' title="bbox 451 4552 2029 4643">
    <p class='ocr_par' dir='ltr' id='par_1_90' title="bbox 451 4552 2022 4643">
     <span class='ocr_line' id='line_1_91' title="bbox 451 4552 2022 4643; baseline -0.005 -12"><span class='ocrx_word' id='word_1_617' title='bbox 451 4552 651 4632; x_wconf 79' lang='lat' dir='ltr'><strong>sentite</strong></span> <span class='ocrx_word' id='word_1_618' title='bbox 742 4572 1020 4643; x_wconf 81' lang='lat' dir='ltr'><strong>protinus,</strong></span> <span class='ocrx_word' id='word_1_619' title='bbox 1054 4584 1161 4626; x_wconf 93' lang='lat' dir='ltr'><strong>nec</strong></span> <span class='ocrx_word' id='word_1_620' title='bbox 1218 4569 1481 4625; x_wconf 87' lang='lat' dir='ltr'><strong>sustineat</strong></span> <span class='ocrx_word' id='word_1_621' title='bbox 1541 4569 1712 4625; x_wconf 83' lang='lat' dir='ltr'><strong>altera</strong></span> <span class='ocrx_word' id='word_1_622' title='bbox 1796 4570 2022 4625; x_wconf 87' lang='lat' dir='ltr'><strong>alteram</strong></span> 
     </span>
    </p>
   </div>
   <div class='ocr_carea' id='block_1_91' title="bbox 2135 4552 3720 4643">
    <p class='ocr_par' dir='ltr' id='par_1_91' title="bbox 2135 4552 3720 4623">
     <span class='ocr_line' id='line_1_92' title="bbox 2135 4552 3720 4623; baseline 0.003 -17"><span class='ocrx_word' id='word_1_623' title='bbox 2135 4556 2285 4623; x_wconf 84' lang='grc' dir='ltr'>κοινῇ</span> <span class='ocrx_word' id='word_1_624' title='bbox 2316 4552 2461 4606; x_wconf 79' lang='grc' dir='ltr'>οὑτω</span> <span class='ocrx_word' id='word_1_625' title='bbox 2512 4555 2609 4607; x_wconf 80' lang='grc' dir='ltr'>καὶ</span> <span class='ocrx_word' id='word_1_626' title='bbox 2668 4556 2781 4618; x_wconf 86' lang='grc' dir='ltr'>τοῖς</span> <span class='ocrx_word' id='word_1_627' title='bbox 2834 4554 2977 4620; x_wconf 89' lang='grc' dir='ltr'>θεοῖς</span> <span class='ocrx_word' id='word_1_628' title='bbox 3030 4556 3233 4610; x_wconf 86' lang='grc' dir='ltr'>θύσατε</span> <span class='ocrx_word' id='word_1_629' title='bbox 3286 4558 3380 4612; x_wconf 78' lang='grc' dir='ltr'>καὶ</span> <span class='ocrx_word' id='word_1_630' title='bbox 3411 4559 3486 4623; x_wconf 85' lang='grc' dir='ltr'>ὡς</span> <span class='ocrx_word' id='word_1_631' title='bbox 3548 4560 3720 4612; x_wconf 81' lang='grc' dir='ltr'>ἀδελ-</span> 
     </span>
    </p>
   </div>
   <div class='ocr_carea' id='block_1_92' title="bbox 442 4659 2027 4729">
    <p class='ocr_par' dir='ltr' id='par_1_92' title="bbox 442 4659 2027 4729">
     <span class='ocr_line' id='line_1_93' title="bbox 442 4659 2027 4729; baseline -0.004 -7"><span class='ocrx_word' id='word_1_632' title='bbox 442 4668 696 4722; x_wconf 82' lang='lat' dir='ltr'><strong>sororent</strong></span> <span class='ocrx_word' id='word_1_633' title='bbox 731 4662 919 4717; x_wconf 79' lang='lat' dir='ltr'><strong>videre</strong></span> <span class='ocrx_word' id='word_1_634' title='bbox 952 4659 1289 4729; x_wconf 88' lang='lat' dir='ltr'><strong>turpissima,</strong></span> <span class='ocrx_word' id='word_1_635' title='bbox 1344 4674 1378 4714; x_wconf 89' lang='grc' dir='ltr'><strong>ο</strong></span> <span class='ocrx_word' id='word_1_636' title='bbox 1432 4659 1546 4715; x_wconf 81' lang='lat' dir='ltr'><strong>diil</strong></span> <span class='ocrx_word' id='word_1_637' title='bbox 1577 4670 1632 4714; x_wconf 91' lang='lat' dir='ltr'><strong>et</strong></span> <span class='ocrx_word' id='word_1_638' title='bbox 1674 4660 2027 4716; x_wconf 83' lang='lat' dir='ltr'><strong>acerbissima</strong></span> 
     </span>
    </p>
   </div>
   <div class='ocr_carea' id='block_1_93' title="bbox 453 4753 2028 4831">
    <p class='ocr_par' dir='ltr' id='par_1_93' title="bbox 453 4753 2028 4831">
     <span class='ocr_line' id='line_1_94' title="bbox 453 4753 2028 4831; baseline -0.004 -19"><span class='ocrx_word' id='word_1_639' title='bbox 453 4759 770 4829; x_wconf 85' lang='lat' dir='ltr'><strong>patientem,</strong></span> <span class='ocrx_word' id='word_1_640' title='bbox 789 4755 1043 4814; x_wconf 69' lang='lat' dir='ltr'><strong>etllorem</strong></span> <span class='ocrx_word' id='word_1_641' title='bbox 1062 4753 1485 4831; x_wconf 84' lang='lat' dir='ltr'><strong>pulchritudinis</strong></span> <span class='ocrx_word' id='word_1_642' title='bbox 1508 4753 1722 4823; x_wconf 85' lang='lat' dir='ltr'><strong>probris</strong></span> <span class='ocrx_word' id='word_1_643' title='bbox 1759 4762 1813 4807; x_wconf 89' lang='lat' dir='ltr'><strong>et</strong></span> <span class='ocrx_word' id='word_1_644' title='bbox 1833 4762 2028 4807; x_wconf 75' lang='lat' dir='ltr'><strong>contu-</strong></span> 
     </span>
    </p>
   </div>
   <div class='ocr_carea' id='block_1_94' title="bbox 452 4844 2026 4916">
    <p class='ocr_par' dir='ltr' id='par_1_94' title="bbox 452 4844 2026 4916">
     <span class='ocr_line' id='line_1_95' title="bbox 452 4844 2026 4916; baseline -0.003 -11"><span class='ocrx_word' id='word_1_645' title='bbox 452 4850 629 4905; x_wconf 86' lang='lat' dir='ltr'><strong>meliis</strong></span> <span class='ocrx_word' id='word_1_646' title='bbox 726 4845 1110 4903; x_wconf 86' lang='lat' dir='ltr'><strong>miserabiliter</strong></span> <span class='ocrx_word' id='word_1_647' title='bbox 1169 4844 1330 4900; x_wconf 73' lang='lat' dir='ltr'><strong>allici.</strong></span> <span class='ocrx_word' id='word_1_648' title='bbox 1381 4845 1507 4901; x_wconf 69' lang='grc' dir='ltr'><strong>Πωο</strong></span> <span class='ocrx_word' id='word_1_649' title='bbox 1586 4861 1737 4916; x_wconf 80' lang='lat' dir='ltr'><strong>ergo,</strong></span> <span class='ocrx_word' id='word_1_650' title='bbox 1797 4855 1856 4899; x_wconf 91' lang='lat' dir='ltr'><strong>ut</strong></span> <span class='ocrx_word' id='word_1_651' title='bbox 1909 4848 2026 4914; x_wconf 89' lang='lat' dir='ltr'><strong>qui,</strong></span> 
     </span>
    </p>
   </div>
   <div class='ocr_carea' id='block_1_95' title="bbox 451 4937 2025 5012">
    <p class='ocr_par' dir='ltr' id='par_1_95' title="bbox 451 4937 2025 5012">
     <span class='ocr_line' id='line_1_96' title="bbox 451 4937 2025 5012; baseline -0.001 -19"><span class='ocrx_word' id='word_1_652' title='bbox 451 4959 573 5012; x_wconf 66' lang='lat' dir='ltr'><strong>qua!</strong></span> <span class='ocrx_word' id='word_1_653' title='bbox 604 4953 841 5012; x_wconf 86' lang='lat' dir='ltr'><strong>oportet,</strong></span> <span class='ocrx_word' id='word_1_654' title='bbox 890 4939 1066 4995; x_wconf 87' lang='lat' dir='ltr'><strong>dicam</strong></span> <span class='ocrx_word' id='word_1_655' title='bbox 1102 4945 1156 4992; x_wconf 86' lang='lat' dir='ltr'><strong>et</strong></span> <span class='ocrx_word' id='word_1_656' title='bbox 1188 4937 1342 4993; x_wconf 82' lang='lat' dir='ltr'><strong>vobis</strong></span> <span class='ocrx_word' id='word_1_657' title='bbox 1379 4938 1553 5002; x_wconf 87' lang='lat' dir='ltr'><strong>utilia,</strong></span> <span class='ocrx_word' id='word_1_658' title='bbox 1583 4953 1614 4992; x_wconf 91' lang='lat' dir='ltr'><strong>a</strong></span> <span class='ocrx_word' id='word_1_659' title='bbox 1660 4953 1747 4993; x_wconf 90' lang='lat' dir='ltr'><strong>me</strong></span> <span class='ocrx_word' id='word_1_660' title='bbox 1769 4938 2025 5007; x_wconf 85' lang='lat' dir='ltr'><strong>accipite,</strong></span> 
     </span>
    </p>
   </div>
   <div class='ocr_carea' id='block_1_96' title="bbox 454 5028 2026 5103">
    <p class='ocr_par' dir='ltr' id='par_1_96' title="bbox 454 5028 2026 5103">
     <span class='ocr_line' id='line_1_97' title="bbox 454 5028 2026 5103; baseline -0.001 -19"><span class='ocrx_word' id='word_1_661' title='bbox 454 5032 675 5087; x_wconf 72' lang='lat' dir='ltr'><strong>tl‘mlhi</strong></span> <span class='ocrx_word' id='word_1_662' title='bbox 723 5039 930 5102; x_wconf 82' lang='lat' dir='ltr'><strong>parete,</strong></span> <span class='ocrx_word' id='word_1_663' title='bbox 988 5036 1245 5098; x_wconf 89' lang='lat' dir='ltr'><strong>tanquam</strong></span> <span class='ocrx_word' id='word_1_664' title='bbox 1290 5029 1452 5103; x_wconf 70' lang='lat' dir='ltr'><strong>patri,</strong></span> <span class='ocrx_word' id='word_1_665' title='bbox 1507 5028 1564 5083; x_wconf 91' lang='lat' dir='ltr'><strong>in</strong></span> <span class='ocrx_word' id='word_1_666' title='bbox 1620 5044 1716 5083; x_wconf 89' lang='lat' dir='ltr'><strong>vos</strong></span> <span class='ocrx_word' id='word_1_667' title='bbox 1747 5037 2026 5098; x_wconf 86' lang='lat' dir='ltr'><strong>paternam</strong></span> 
     </span>
    </p>
   </div>
   <div class='ocr_carea' id='block_1_97' title="bbox 447 5108 2028 5180">
    <p class='ocr_par' dir='ltr' id='par_1_97' title="bbox 447 5108 2028 5180">
     <span class='ocr_line' id='line_1_98' title="bbox 447 5108 2028 5180; baseline -0.002 -13"><span class='ocrx_word' id='word_1_668' title='bbox 447 5115 697 5168; x_wconf 76' lang='lat' dir='ltr'><strong>servanti</strong></span> <span class='ocrx_word' id='word_1_669' title='bbox 786 5108 1174 5168; x_wconf 51' lang='lat' dir='ltr'><strong>‘aﬂectionem.</strong></span> <span class='ocrx_word' id='word_1_670' title='bbox 1254 5108 1347 5165; x_wconf 83' lang='lat' dir='ltr'><strong>Sic</strong></span> <span class='ocrx_word' id='word_1_671' title='bbox 1448 5116 1596 5164; x_wconf 86' lang='lat' dir='ltr'><strong>enim</strong></span> <span class='ocrx_word' id='word_1_672' title='bbox 1687 5110 2028 5180; x_wconf 87' lang='lat' dir='ltr'><strong>imperatoris</strong></span> 
     </span>
    </p>
   </div>
   <div class='ocr_carea' id='block_1_98' title="bbox 449 5200 2031 5275">
    <p class='ocr_par' dir='ltr' id='par_1_98' title="bbox 449 5200 2031 5275">
     <span class='ocr_line' id='line_1_99' title="bbox 449 5200 2031 5275; baseline -0.002 -15"><span class='ocrx_word' id='word_1_673' title='bbox 449 5206 889 5260; x_wconf 86' lang='lat' dir='ltr'><strong>benevolentiam</strong></span> <span class='ocrx_word' id='word_1_674' title='bbox 921 5201 1289 5275; x_wconf 85' lang='lat' dir='ltr'><strong>assequemini</strong></span> <span class='ocrx_word' id='word_1_675' title='bbox 1314 5211 1370 5257; x_wconf 90' lang='lat' dir='ltr'><strong>et</strong></span> <span class='ocrx_word' id='word_1_676' title='bbox 1397 5200 1648 5273; x_wconf 77' lang='lat' dir='ltr'><strong>gloriam,</strong></span> <span class='ocrx_word' id='word_1_677' title='bbox 1669 5211 1726 5258; x_wconf 89' lang='lat' dir='ltr'><strong>et</strong></span> <span class='ocrx_word' id='word_1_678' title='bbox 1761 5218 1858 5259; x_wconf 88' lang='lat' dir='ltr'><strong>vos</strong></span> <span class='ocrx_word' id='word_1_679' title='bbox 1880 5204 2031 5258; x_wconf 84' lang='lat' dir='ltr'><strong>exci-</strong></span> 
     </span>
    </p>
   </div>
   <div class='ocr_carea' id='block_1_99' title="bbox 453 5293 2028 5366">
    <p class='ocr_par' dir='ltr' id='par_1_99' title="bbox 453 5293 2028 5366">
     <span class='ocr_line' id='line_1_100' title="bbox 453 5293 2028 5366; baseline 0.003 -19"><span class='ocrx_word' id='word_1_680' title='bbox 453 5301 565 5366; x_wconf 82' lang='lat' dir='ltr'><strong>piet</strong></span> <span class='ocrx_word' id='word_1_681' title='bbox 611 5296 889 5352; x_wconf 77' lang='lat' dir='ltr'><strong>afﬂuentia</strong></span> <span class='ocrx_word' id='word_1_682' title='bbox 923 5304 979 5353; x_wconf 89' lang='lat' dir='ltr'><strong>et</strong></span> <span class='ocrx_word' id='word_1_683' title='bbox 1013 5310 1163 5351; x_wconf 88' lang='lat' dir='ltr'><strong>mare</strong></span> <span class='ocrx_word' id='word_1_684' title='bbox 1200 5293 1513 5361; x_wconf 86' lang='lat' dir='ltr'><strong>bonorum;</strong></span> <span class='ocrx_word' id='word_1_685' title='bbox 1537 5305 1591 5351; x_wconf 90' lang='lat' dir='ltr'><strong>et</strong></span> <span class='ocrx_word' id='word_1_686' title='bbox 1614 5293 1811 5350; x_wconf 88' lang='lat' dir='ltr'><strong>merito</strong></span> <span class='ocrx_word' id='word_1_687' title='bbox 1841 5294 2028 5352; x_wconf 82' lang='lat' dir='ltr'><strong>felices</strong></span> 
     </span>
    </p>
   </div>
   <div class='ocr_carea' id='block_1_100' title="bbox 451 5386 2025 5457">
    <p class='ocr_par' dir='ltr' id='par_1_100' title="bbox 451 5386 2025 5457">
     <span class='ocr_line' id='line_1_101' title="bbox 451 5386 2025 5457; baseline 0.001 -15"><span class='ocrx_word' id='word_1_688' title='bbox 451 5401 668 5457; x_wconf 84' lang='lat' dir='ltr'><strong>semper</strong></span> <span class='ocrx_word' id='word_1_689' title='bbox 726 5386 1193 5449; x_wconf 73' lang='lat' dir='ltr'><strong>existimabimini,</strong></span> <span class='ocrx_word' id='word_1_690' title='bbox 1212 5393 1269 5441; x_wconf 90' lang='lat' dir='ltr'><strong>et</strong></span> <span class='ocrx_word' id='word_1_691' title='bbox 1294 5386 1572 5441; x_wconf 81' lang='lat' dir='ltr'><strong>memoriae</strong></span> <span class='ocrx_word' id='word_1_692' title='bbox 1597 5386 2025 5443; x_wconf 88' lang='lat' dir='ltr'><strong>mandabimini:</strong></span> 
     </span>
    </p>
   </div>
   <div class='ocr_carea' id='block_1_101' title="bbox 450 5474 2025 5545">
    <p class='ocr_par' dir='ltr' id='par_1_101' title="bbox 450 5474 2025 5545">
     <span class='ocr_line' id='line_1_102' title="bbox 450 5474 2025 5545; baseline -0.001 -13"><span class='ocrx_word' id='word_1_693' title='bbox 450 5480 537 5532; x_wconf 88' lang='lat' dir='ltr'><strong>sin</strong></span> <span class='ocrx_word' id='word_1_694' title='bbox 639 5477 821 5532; x_wconf 87' lang='lat' dir='ltr'><strong>minus</strong></span> <span class='ocrx_word' id='word_1_695' title='bbox 898 5476 1137 5532; x_wconf 85' lang='lat' dir='ltr'><strong>immane</strong></span> <span class='ocrx_word' id='word_1_696' title='bbox 1230 5483 1287 5530; x_wconf 91' lang='lat' dir='ltr'><strong>et</strong></span> <span class='ocrx_word' id='word_1_697' title='bbox 1368 5474 1588 5530; x_wconf 83' lang='lat' dir='ltr'><strong>crudele</strong></span> <span class='ocrx_word' id='word_1_698' title='bbox 1696 5475 2025 5545; x_wconf 83' lang='lat' dir='ltr'><strong>supplicium</strong></span> 
     </span>
    </p>
   </div>
   <div class='ocr_carea' id='block_1_102' title="bbox 450 5565 2025 5637">
    <p class='ocr_par' dir='ltr' id='par_1_102' title="bbox 450 5565 2025 5637">
     <span class='ocr_line' id='line_1_103' title="bbox 450 5565 2025 5637; baseline -0.001 -15"><span class='ocrx_word' id='word_1_699' title='bbox 450 5565 740 5622; x_wconf 72' lang='lat' dir='ltr'><strong>consumet</strong></span> <span class='ocrx_word' id='word_1_700' title='bbox 766 5567 1055 5637; x_wconf 85' lang='lat' dir='ltr'><strong>pulchram</strong></span> <span class='ocrx_word' id='word_1_701' title='bbox 1083 5576 1317 5619; x_wconf 73' lang='lat' dir='ltr'><strong>veStram</strong></span> <span class='ocrx_word' id='word_1_702' title='bbox 1362 5571 1418 5619; x_wconf 91' lang='lat' dir='ltr'><strong>et</strong></span> <span class='ocrx_word' id='word_1_703' title='bbox 1459 5573 1701 5619; x_wconf 90' lang='lat' dir='ltr'><strong>teneram</strong></span> <span class='ocrx_word' id='word_1_704' title='bbox 1763 5565 2025 5636; x_wconf 88' lang='lat' dir='ltr'><strong>speciem.</strong></span> 
     </span>
    </p>
   </div>
   <div class='ocr_carea' id='block_1_103' title="bbox 452 5655 2026 5727">
    <p class='ocr_par' dir='ltr' id='par_1_103' title="bbox 452 5655 2026 5727">
     <span class='ocr_line' id='line_1_104' title="bbox 452 5655 2026 5727; baseline 0.001 -19"><span class='ocrx_word' id='word_1_705' title='bbox 452 5656 533 5709; x_wconf 87' lang='lat' dir='ltr'><strong>Ad</strong></span> <span class='ocrx_word' id='word_1_706' title='bbox 594 5656 709 5710; x_wconf 80' lang='lat' dir='ltr'><strong>bare</strong></span> <span class='ocrx_word' id='word_1_707' title='bbox 736 5656 1019 5727; x_wconf 68' lang='lat' dir='ltr'><strong>excipiens</strong></span> <span class='ocrx_word' id='word_1_708' title='bbox 1083 5655 1520 5722; x_wconf 81' lang='lat' dir='ltr'><strong>Menodora,At</strong></span> <span class='ocrx_word' id='word_1_709' title='bbox 1579 5656 1757 5720; x_wconf 86' lang='lat' dir='ltr'><strong>nobis,</strong></span> <span class='ocrx_word' id='word_1_710' title='bbox 1825 5656 2026 5726; x_wconf 89' lang='lat' dir='ltr'><strong>inquit,</strong></span> 
     </span>
    </p>
   </div>
   <div class='ocr_carea' id='block_1_104' title="bbox 454 5747 2026 5818">
    <p class='ocr_par' dir='ltr' id='par_1_104' title="bbox 454 5747 2026 5818">
     <span class='ocr_line' id='line_1_105' title="bbox 454 5747 2026 5818; baseline 0.006 -21"><span class='ocrx_word' id='word_1_711' title='bbox 454 5760 488 5797; x_wconf 91' lang='grc' dir='ltr'><strong>ο</strong></span> <span class='ocrx_word' id='word_1_712' title='bbox 534 5747 724 5813; x_wconf 82' lang='lat' dir='ltr'><strong>judex,</strong></span> <span class='ocrx_word' id='word_1_713' title='bbox 798 5763 901 5803; x_wconf 90' lang='lat' dir='ltr'><strong>nec</strong></span> <span class='ocrx_word' id='word_1_714' title='bbox 968 5762 1090 5818; x_wconf 82' lang='lat' dir='ltr'><strong>quae</strong></span> <span class='ocrx_word' id='word_1_715' title='bbox 1165 5754 1223 5802; x_wconf 90' lang='lat' dir='ltr'><strong>tu</strong></span> <span class='ocrx_word' id='word_1_716' title='bbox 1282 5748 1556 5818; x_wconf 89' lang='lat' dir='ltr'><strong>promittis</strong></span> <span class='ocrx_word' id='word_1_717' title='bbox 1610 5748 1863 5804; x_wconf 88' lang='lat' dir='ltr'><strong>videntur</strong></span> <span class='ocrx_word' id='word_1_718' title='bbox 1900 5765 2026 5807; x_wconf 89' lang='lat' dir='ltr'><strong>esse</strong></span> 
     </span>
    </p>
   </div>
   <div class='ocr_carea' id='block_1_105' title="bbox 459 5841 2026 5915">
    <p class='ocr_par' dir='ltr' id='par_1_105' title="bbox 459 5841 2026 5915">
     <span class='ocr_line' id='line_1_106' title="bbox 459 5841 2026 5915; baseline 0.008 -28"><span class='ocrx_word' id='word_1_719' title='bbox 459 5848 675 5904; x_wconf 63' lang='lat' dir='ltr'><strong>magna,</strong></span> <span class='ocrx_word' id='word_1_720' title='bbox 739 5853 842 5893; x_wconf 90' lang='lat' dir='ltr'><strong>nec</strong></span> <span class='ocrx_word' id='word_1_721' title='bbox 903 5854 1026 5910; x_wconf 82' lang='lat' dir='ltr'><strong>quae</strong></span> <span class='ocrx_word' id='word_1_722' title='bbox 1084 5849 1149 5896; x_wconf 79' lang='lat' dir='ltr'><strong>tu</strong></span> <span class='ocrx_word' id='word_1_723' title='bbox 1235 5858 1432 5901; x_wconf 86' lang='lat' dir='ltr'><strong>rursus</strong></span> <span class='ocrx_word' id='word_1_724' title='bbox 1506 5841 1731 5900; x_wconf 85' lang='lat' dir='ltr'><strong>minaris</strong></span> <span class='ocrx_word' id='word_1_725' title='bbox 1793 5852 2026 5915; x_wconf 73' lang='lat' dir='ltr'><strong>posSunt</strong></span> 
     </span>
    </p>
   </div>
   <div class='ocr_carea' id='block_1_106' title="bbox 2132 4646 3717 4718">
    <p class='ocr_par' dir='ltr' id='par_1_106' title="bbox 2132 4646 3717 4718">
     <span class='ocr_line' id='line_1_107' title="bbox 2132 4646 3717 4718; baseline 0.003 -20"><span class='ocrx_word' id='word_1_726' title='bbox 2132 4648 2255 4715; x_wconf 75' lang='grc' dir='ltr'>φαὶ,</span> <span class='ocrx_word' id='word_1_727' title='bbox 2288 4648 2381 4700; x_wconf 80' lang='grc' dir='ltr'>καὶ</span> <span class='ocrx_word' id='word_1_728' title='bbox 2448 4646 2549 4717; x_wconf 89' lang='grc' dir='ltr'><strong>μέν</strong></span> <span class='ocrx_word' id='word_1_729' title='bbox 2606 4646 2737 4717; x_wconf 81' lang='grc' dir='ltr'>περὶ</span> <span class='ocrx_word' id='word_1_730' title='bbox 2768 4648 2868 4718; x_wconf 82' lang='grc' dir='ltr'><strong>τὴν</strong></span> <span class='ocrx_word' id='word_1_731' title='bbox 2917 4651 2996 4713; x_wconf 86' lang='grc' dir='ltr'><strong>είς</strong></span> <span class='ocrx_word' id='word_1_732' title='bbox 3055 4650 3252 4708; x_wconf 77' lang='grc' dir='ltr'>αὑτοὺς</span> <span class='ocrx_word' id='word_1_733' title='bbox 3292 4647 3504 4704; x_wconf 79' lang='grc' dir='ltr'>εὔνοιαν</span> <span class='ocrx_word' id='word_1_734' title='bbox 3545 4650 3683 4703; x_wconf 83' lang='grc' dir='ltr'><strong>εὑθὺ</strong></span> <span class='ocrx_word' id='word_1_735' title='bbox 3699 4670 3717 4711; x_wconf 88' lang='grc'><em>;</em></span> 
     </span>
    </p>
   </div>
   <div class='ocr_carea' id='block_1_107' title="bbox 2130 4737 3715 4812">
    <p class='ocr_par' dir='ltr' id='par_1_107' title="bbox 2130 4737 3715 4812">
     <span class='ocr_line' id='line_1_108' title="bbox 2130 4737 3715 4812; baseline 0.003 -22"><span class='ocrx_word' id='word_1_736' title='bbox 2130 4737 2413 4792; x_wconf 82' lang='grc' dir='ltr'>διαστᾶσαι</span> <span class='ocrx_word' id='word_1_737' title='bbox 2454 4738 2723 4808; x_wconf 83' lang='grc' dir='ltr'>ἀλλήλων,</span> <span class='ocrx_word' id='word_1_738' title='bbox 2752 4740 3053 4811; x_wconf 87' lang='grc' dir='ltr'>ἀνάσχεσθε</span> <span class='ocrx_word' id='word_1_739' title='bbox 3101 4740 3338 4812; x_wconf 80' lang='grc' dir='ltr'>ἀδελφὴν</span> <span class='ocrx_word' id='word_1_740' title='bbox 3365 4742 3519 4812; x_wconf 82' lang='grc' dir='ltr'>ὑμῶν</span> <span class='ocrx_word' id='word_1_741' title='bbox 3557 4742 3715 4806; x_wconf 82' lang='grc' dir='ltr'>ίδεῖν,</span> 
     </span>
    </p>
   </div>
   <div class='ocr_carea' id='block_1_108' title="bbox 2129 4823 3713 4903">
    <p class='ocr_par' dir='ltr' id='par_1_108' title="bbox 2129 4823 3713 4903">
     <span class='ocr_line' id='line_1_109' title="bbox 2129 4823 3713 4903; baseline 0.001 -22"><span class='ocrx_word' id='word_1_742' title='bbox 2129 4830 2198 4881; x_wconf 67' lang='grc' dir='ltr'>τὰ</span> <span class='ocrx_word' id='word_1_743' title='bbox 2225 4829 2500 4898; x_wconf 76' lang='grc' dir='ltr'>αἴσχιστα,</span> <span class='ocrx_word' id='word_1_744' title='bbox 2538 4823 2583 4883; x_wconf 80' lang='grc' dir='ltr'><strong>ὦ</strong></span> <span class='ocrx_word' id='word_1_745' title='bbox 2611 4830 2748 4895; x_wconf 79' lang='grc' dir='ltr'>θεοὶ,</span> <span class='ocrx_word' id='word_1_746' title='bbox 2795 4833 2891 4884; x_wconf 78' lang='grc' dir='ltr'>καὶ</span> <span class='ocrx_word' id='word_1_747' title='bbox 2946 4832 3253 4903; x_wconf 84' lang='grc' dir='ltr'>πικρότατα</span> <span class='ocrx_word' id='word_1_748' title='bbox 3300 4833 3713 4902; x_wconf 81' lang='grc' dir='ltr'>ὑπομένουσαν,</span> 
     </span>
    </p>
   </div>
   <div class='ocr_carea' id='block_1_109' title="bbox 2132 4920 3715 4996">
    <p class='ocr_par' dir='ltr' id='par_1_109' title="bbox 2132 4920 3715 4996">
     <span class='ocr_line' id='line_1_110' title="bbox 2132 4920 3715 4996; baseline 0.003 -23"><span class='ocrx_word' id='word_1_749' title='bbox 2132 4921 2226 4973; x_wconf 82' lang='grc' dir='ltr'>καὶ</span> <span class='ocrx_word' id='word_1_750' title='bbox 2253 4920 2317 4974; x_wconf 86' lang='grc' dir='ltr'><strong>τὸ</strong></span> <span class='ocrx_word' id='word_1_751' title='bbox 2365 4923 2466 4990; x_wconf 81' lang='grc' dir='ltr'>τῆς</span> <span class='ocrx_word' id='word_1_752' title='bbox 2500 4920 2650 4993; x_wconf 88' lang='grc' dir='ltr'>ὥρας</span> <span class='ocrx_word' id='word_1_753' title='bbox 2685 4923 2847 4987; x_wconf 84' lang='grc' dir='ltr'>ἄνθος</span> <span class='ocrx_word' id='word_1_754' title='bbox 2896 4923 3147 4989; x_wconf 85' lang='grc' dir='ltr'>ἐλεεινῶς</span> <span class='ocrx_word' id='word_1_755' title='bbox 3199 4925 3583 4996; x_wconf 74' lang='grc' dir='ltr'>ὑϐριζόμενον.</span> <span class='ocrx_word' id='word_1_756' title='bbox 3619 4925 3715 4991; x_wconf 74' lang='grc' dir='ltr'>Ὣς</span> 
     </span>
    </p>
   </div>
   <div class='ocr_carea' id='block_1_110' title="bbox 2130 5005 3715 5085">
    <p class='ocr_par' dir='ltr' id='par_1_110' title="bbox 2130 5005 3715 5085">
     <span class='ocr_line' id='line_1_111' title="bbox 2130 5005 3715 5085; baseline 0.004 -22"><span class='ocrx_word' id='word_1_757' title='bbox 2130 5005 2222 5063; x_wconf 79' lang='grc' dir='ltr'><strong>οὖν</strong></span> <span class='ocrx_word' id='word_1_758' title='bbox 2245 5011 2313 5063; x_wconf 81' lang='grc' dir='ltr'>τὰ</span> <span class='ocrx_word' id='word_1_759' title='bbox 2339 5011 2526 5065; x_wconf 84' lang='grc' dir='ltr'>δέοντα</span> <span class='ocrx_word' id='word_1_760' title='bbox 2568 5012 2665 5067; x_wconf 78' lang='grc' dir='ltr'>καὶ</span> <span class='ocrx_word' id='word_1_761' title='bbox 2708 5013 2984 5085; x_wconf 81' lang='grc' dir='ltr'>λυσιτελῆ,</span> <span class='ocrx_word' id='word_1_762' title='bbox 3038 5013 3292 5083; x_wconf 81' lang='grc' dir='ltr'>λέγοντος</span> <span class='ocrx_word' id='word_1_763' title='bbox 3331 5015 3489 5085; x_wconf 81' lang='grc' dir='ltr'>ἐμοῦ,</span> <span class='ocrx_word' id='word_1_764' title='bbox 3532 5013 3715 5080; x_wconf 77' lang='grc' dir='ltr'>οὕτως</span> 
     </span>
    </p>
   </div>
   <div class='ocr_carea' id='block_1_111' title="bbox 2130 5102 3711 5177">
    <p class='ocr_par' dir='ltr' id='par_1_111' title="bbox 2130 5102 3711 5177">
     <span class='ocr_line' id='line_1_112' title="bbox 2130 5102 3711 5177; baseline 0.003 -20"><span class='ocrx_word' id='word_1_765' title='bbox 2130 5102 2485 5174; x_wconf 84' lang='grc' dir='ltr'>ἀποδέχεσθε,</span> <span class='ocrx_word' id='word_1_766' title='bbox 2530 5104 2624 5157; x_wconf 83' lang='grc' dir='ltr'><strong>καί</strong></span> <span class='ocrx_word' id='word_1_767' title='bbox 2672 5123 2768 5175; x_wconf 87' lang='grc' dir='ltr'><strong>μοι</strong></span> <span class='ocrx_word' id='word_1_768' title='bbox 2809 5107 2908 5159; x_wconf 87' lang='grc' dir='ltr'>ὅσα</span> <span class='ocrx_word' id='word_1_769' title='bbox 2938 5106 3036 5162; x_wconf 80' lang='grc' dir='ltr'>καὶ</span> <span class='ocrx_word' id='word_1_770' title='bbox 3077 5107 3461 5177; x_wconf 83' lang='grc' dir='ltr'>περιπείθεσθε</span> <span class='ocrx_word' id='word_1_771' title='bbox 3511 5123 3711 5176; x_wconf 80' lang='grc' dir='ltr'>πατρι·</span> 
     </span>
    </p>
   </div>
   <div class='ocr_carea' id='block_1_112' title="bbox 2131 5196 3707 5272">
    <p class='ocr_par' dir='ltr' id='par_1_112' title="bbox 2131 5196 3707 5272">
     <span class='ocr_line' id='line_1_113' title="bbox 2131 5196 3707 5272; baseline 0.004 -24"><span class='ocrx_word' id='word_1_772' title='bbox 2131 5196 2238 5267; x_wconf 55' lang='lat' dir='ltr'><strong>xliv</strong></span> <span class='ocrx_word' id='word_1_773' title='bbox 2296 5198 2431 5267; x_wconf 82' lang='grc' dir='ltr'>πρὸς</span> <span class='ocrx_word' id='word_1_774' title='bbox 2488 5197 2633 5268; x_wconf 83' lang='grc' dir='ltr'>ὑμᾶς</span> <span class='ocrx_word' id='word_1_775' title='bbox 2686 5198 2942 5268; x_wconf 84' lang='grc' dir='ltr'>τηροῦντι</span> <span class='ocrx_word' id='word_1_776' title='bbox 2985 5200 3244 5255; x_wconf 83' lang='grc' dir='ltr'>διάθεσιν.</span> <span class='ocrx_word' id='word_1_777' title='bbox 3302 5200 3459 5254; x_wconf 78' lang='grc' dir='ltr'>οὕτω</span> <span class='ocrx_word' id='word_1_778' title='bbox 3502 5201 3612 5272; x_wconf 84' lang='grc' dir='ltr'><strong>γάρ</strong></span> <span class='ocrx_word' id='word_1_779' title='bbox 3645 5201 3707 5254; x_wconf 75' lang='grc' dir='ltr'>ἂι</span> 
     </span>
    </p>
   </div>
   <div class='ocr_carea' id='block_1_113' title="bbox 2130 5288 3709 5363">
    <p class='ocr_par' dir='ltr' id='par_1_113' title="bbox 2130 5288 3709 5363">
     <span class='ocr_line' id='line_1_114' title="bbox 2130 5288 3709 5363; baseline 0.003 -22"><span class='ocrx_word' id='word_1_780' title='bbox 2130 5288 2419 5358; x_wconf 85' lang='grc' dir='ltr'>εὐμενείας</span> <span class='ocrx_word' id='word_1_781' title='bbox 2455 5306 2516 5342; x_wconf 90' lang='grc' dir='ltr'><strong>τε</strong></span> <span class='ocrx_word' id='word_1_782' title='bbox 2559 5289 2906 5362; x_wconf 88' lang='grc' dir='ltr'>ἀπολαύσητε</span> <span class='ocrx_word' id='word_1_783' title='bbox 2942 5289 3229 5361; x_wconf 82' lang='grc' dir='ltr'>βασιλικῆς</span> <span class='ocrx_word' id='word_1_784' title='bbox 3272 5291 3366 5344; x_wconf 81' lang='grc' dir='ltr'>καὶ</span> <span class='ocrx_word' id='word_1_785' title='bbox 3391 5291 3579 5363; x_wconf 73' lang='grc' dir='ltr'>δόξης,</span> <span class='ocrx_word' id='word_1_786' title='bbox 3615 5290 3709 5345; x_wconf 78' lang='grc' dir='ltr'>εὑ·</span> 
     </span>
    </p>
   </div>
   <div class='ocr_carea' id='block_1_114' title="bbox 2134 5378 3711 5452">
    <p class='ocr_par' dir='ltr' id='par_1_114' title="bbox 2134 5378 3711 5452">
     <span class='ocr_line' id='line_1_115' title="bbox 2134 5378 3711 5452; baseline 0.002 -21"><span class='ocrx_word' id='word_1_787' title='bbox 2134 5380 2255 5449; x_wconf 90' lang='grc' dir='ltr'>ροιά</span> <span class='ocrx_word' id='word_1_788' title='bbox 2303 5395 2361 5431; x_wconf 91' lang='grc' dir='ltr'><strong>τε</strong></span> <span class='ocrx_word' id='word_1_789' title='bbox 2412 5378 2531 5450; x_wconf 88' lang='grc' dir='ltr'>βίου</span> <span class='ocrx_word' id='word_1_790' title='bbox 2578 5380 2722 5450; x_wconf 81' lang='grc' dir='ltr'>ὑμᾶς</span> <span class='ocrx_word' id='word_1_791' title='bbox 2744 5380 2842 5434; x_wconf 73' lang='grc' dir='ltr'>καὶ</span> <span class='ocrx_word' id='word_1_792' title='bbox 2885 5380 3107 5449; x_wconf 86' lang='grc' dir='ltr'>ἀγαθῶν</span> <span class='ocrx_word' id='word_1_793' title='bbox 3132 5381 3414 5452; x_wconf 78' lang='grc' dir='ltr'>ἐκδέξηται</span> <span class='ocrx_word' id='word_1_794' title='bbox 3440 5382 3711 5450; x_wconf 83' lang='grc' dir='ltr'>θάλασσα,</span> 
     </span>
    </p>
   </div>
   <div class='ocr_carea' id='block_1_115' title="bbox 2131 5472 3715 5548">
    <p class='ocr_par' dir='ltr' id='par_1_115' title="bbox 2131 5472 3715 5548">
     <span class='ocr_line' id='line_1_116' title="bbox 2131 5472 3715 5548; baseline 0.003 -23"><span class='ocrx_word' id='word_1_795' title='bbox 2131 5473 2227 5525; x_wconf 58' lang='grc' dir='ltr'><strong>καὶ⁵</strong></span> <span class='ocrx_word' id='word_1_796' title='bbox 2282 5472 2677 5544; x_wconf 77' lang='grc' dir='ltr'>μακαρίζοισθέ</span> <span class='ocrx_word' id='word_1_797' title='bbox 2728 5490 2792 5543; x_wconf 86' lang='grc' dir='ltr'><strong>γε</strong></span> <span class='ocrx_word' id='word_1_798' title='bbox 2841 5473 3066 5542; x_wconf 88' lang='grc' dir='ltr'>δικαίως</span> <span class='ocrx_word' id='word_1_799' title='bbox 3094 5476 3186 5531; x_wconf 70' lang='grc' dir='ltr'>τὸν</span> <span class='ocrx_word' id='word_1_800' title='bbox 3239 5479 3327 5532; x_wconf 66' lang='grc' dir='ltr'><strong>ἀεὶ</strong></span> <span class='ocrx_word' id='word_1_801' title='bbox 3370 5477 3583 5548; x_wconf 81' lang='grc' dir='ltr'>χρόνον,</span> <span class='ocrx_word' id='word_1_802' title='bbox 3615 5479 3715 5531; x_wconf 75' lang='grc' dir='ltr'><strong>καὶ</strong></span> 
     </span>
    </p>
   </div>
   <div class='ocr_carea' id='block_1_116' title="bbox 2133 5565 3713 5642">
    <p class='ocr_par' dir='ltr' id='par_1_116' title="bbox 2133 5565 3713 5642">
     <span class='ocr_line' id='line_1_117' title="bbox 2133 5565 3713 5642; baseline 0.007 -27"><span class='ocrx_word' id='word_1_803' title='bbox 2133 5566 2355 5635; x_wconf 73' lang='grc' dir='ltr'>μνήμης</span> <span class='ocrx_word' id='word_1_804' title='bbox 2384 5565 2725 5635; x_wconf 86' lang='grc' dir='ltr'>τυγχάνοιτε.</span> <span class='ocrx_word' id='word_1_805' title='bbox 2761 5567 2825 5620; x_wconf 88' lang='grc' dir='ltr'><strong>Εἰ</strong></span> <span class='ocrx_word' id='word_1_806' title='bbox 2860 5566 3025 5635; x_wconf 80' lang='grc' dir='ltr'>δὀὗν,</span> <span class='ocrx_word' id='word_1_807' title='bbox 3067 5568 3202 5623; x_wconf 78' lang='grc' dir='ltr'><strong>ἀλλά</strong></span> <span class='ocrx_word' id='word_1_808' title='bbox 3223 5570 3344 5641; x_wconf 70' lang='grc' dir='ltr'>χεὶρ</span> <span class='ocrx_word' id='word_1_809' title='bbox 3377 5571 3592 5642; x_wconf 79' lang='grc' dir='ltr'>ἀπηνὴς</span> <span class='ocrx_word' id='word_1_810' title='bbox 3616 5573 3713 5626; x_wconf 71' lang='grc' dir='ltr'>καὶ</span> 
     </span>
    </p>
   </div>
   <div class='ocr_carea' id='block_1_117' title="bbox 2129 5656 3711 5741">
    <p class='ocr_par' dir='ltr' id='par_1_117' title="bbox 2129 5656 3711 5741">
     <span class='ocr_line' id='line_1_118' title="bbox 2129 5656 3711 5741; baseline 0.004 -31"><span class='ocrx_word' id='word_1_811' title='bbox 2129 5656 2351 5719; x_wconf 85' lang='grc' dir='ltr'>κόλασις</span> <span class='ocrx_word' id='word_1_812' title='bbox 2385 5657 2662 5729; x_wconf 79' lang='grc' dir='ltr'>ὠμοτέρα,</span> <span class='ocrx_word' id='word_1_813' title='bbox 2696 5659 2757 5712; x_wconf 75' lang='grc' dir='ltr'><strong>τὸ</strong></span> <span class='ocrx_word' id='word_1_814' title='bbox 2785 5660 2969 5727; x_wconf 81' lang='grc' dir='ltr'>καλὸν,</span> <span class='ocrx_word' id='word_1_815' title='bbox 3028 5663 3177 5733; x_wconf 87' lang='grc' dir='ltr'>οῖμοι</span> <span class='ocrx_word' id='word_1_816' title='bbox 3218 5664 3317 5732; x_wconf 82' lang='grc' dir='ltr'>τῆς</span> <span class='ocrx_word' id='word_1_817' title='bbox 3376 5663 3523 5733; x_wconf 79' lang='grc' dir='ltr'>ὥρας</span> <span class='ocrx_word' id='word_1_818' title='bbox 3549 5664 3711 5741; x_wconf 59' lang='grc' dir='ltr'>τοόρο</span> 
     </span>
    </p>
   </div>
   <div class='ocr_carea' id='block_1_118' title="bbox 2129 5747 3709 5827">
    <p class='ocr_par' dir='ltr' id='par_1_118' title="bbox 2129 5747 3709 5827">
     <span class='ocr_line' id='line_1_119' title="bbox 2129 5747 3709 5827; baseline 0.004 -26"><span class='ocrx_word' id='word_1_819' title='bbox 2129 5749 2225 5802; x_wconf 74' lang='grc' dir='ltr'>καὶ</span> <span class='ocrx_word' id='word_1_820' title='bbox 2278 5747 2489 5803; x_wconf 79' lang='grc' dir='ltr'>ἁπαλὸν</span> <span class='ocrx_word' id='word_1_821' title='bbox 2555 5750 2917 5808; x_wconf 86' lang='grc' dir='ltr'>ἀναλώσουσι.</span> <span class='ocrx_word' id='word_1_822' title='bbox 2972 5755 3117 5824; x_wconf 77' lang='grc' dir='ltr'>Πρὸς</span> <span class='ocrx_word' id='word_1_823' title='bbox 3168 5753 3342 5808; x_wconf 85' lang='grc' dir='ltr'>ταῦτα</span> <span class='ocrx_word' id='word_1_824' title='bbox 3363 5754 3381 5763; x_wconf 80' lang='grc'><strong>”</strong></span> <span class='ocrx_word' id='word_1_825' title='bbox 3404 5756 3709 5827; x_wconf 81' lang='grc' dir='ltr'>Μηνοδώρα</span> 
     </span>
    </p>
   </div>
   <div class='ocr_carea' id='block_1_119' title="bbox 2130 5842 3709 5921">
    <p class='ocr_par' dir='ltr' id='par_1_119' title="bbox 2130 5842 3709 5921">
     <span class='ocr_line' id='line_1_120' title="bbox 2130 5842 3709 5921; baseline 0.004 -22"><span class='ocrx_word' id='word_1_826' title='bbox 2130 5842 2504 5912; x_wconf 78' lang='grc' dir='ltr'>ὑπολαϐοῦσα,</span> <span class='ocrx_word' id='word_1_827' title='bbox 2565 5845 2706 5901; x_wconf 80' lang='grc' dir='ltr'>Ἀλλ’</span> <span class='ocrx_word' id='word_1_828' title='bbox 2750 5848 2902 5919; x_wconf 77' lang='grc' dir='ltr'>ἡμῖν,</span> <span class='ocrx_word' id='word_1_829' title='bbox 2928 5842 2974 5903; x_wconf 80' lang='grc' dir='ltr'>ὧ</span> <span class='ocrx_word' id='word_1_830' title='bbox 3022 5849 3229 5921; x_wconf 82' lang='grc' dir='ltr'>ἄρχων,</span> <span class='ocrx_word' id='word_1_831' title='bbox 3265 5848 3591 5916; x_wconf 72' lang='grc' dir='ltr'>εἷπεν,οὖτε</span> <span class='ocrx_word' id='word_1_832' title='bbox 3641 5852 3709 5906; x_wconf 66' lang='grc' dir='ltr'><strong>τά</strong></span> 
     </span>
    </p>
   </div>
  </div>
