3996 6450
297 411 406 475 657

1106 408 1579 472 MARTYBIUM
1613 410 1676 471 s.
1717 406 2158 471 ΜΕΝῡοοΜ
2196 412 2293 473 ET
2332 414 2748 480 SOCIARUM.

3445 421 3552 482 658

295 522 449 592 παρὰ
488 521 584 576 σοῦ
625 522 1038 594 ὑπισχνούμενα
1093 524 1307 592 μεγάλα
1333 521 1498 581 θεῖναι
1534 524 1704 588 δοκεῖ,
1746 520 1871 575 οὔτε

1977 522 2144 580 ullum
2197 534 2460 585 terrorem
2500 528 2767 588 incutere.
2802 531 2933 586 Nam
2955 531 3057 588 frui
3084 533 3300 603 quidem
3320 532 3547 598 divitiis.

297 615 407 683 μὴν
433 613 602 670 πάλιν
623 614 695 669 τὰ
722 614 1098 685 άπειλούμενα
1153 618 1318 686 φόϐον
1346 621 1599 686 ἐμποιεῖν
1622 618 1868 674 δύναται.

295 704 542 759 Πλούτου
572 706 672 775 μὲν
701 706 834 775 γὰρ,
867 707 961 760 καὶ
991 708 1226 778 τρυφῆς,
1258 711 1352 762 καὶ
1375 709 1555 779 δόξης,
1585 712 1679 763 καὶ
1703 711 1736 781 ἡ
1761 710 1873 764 τῶν

292 797 472 851 ἄλλων
496 797 675 867 ἡδέων
724 800 1048 866 ἀπόλαυσις,
1084 804 1194 873 ὅσῳ
1228 804 1564 875 πρόσκαιρον
1607 804 1722 875 ἔχει
1773 807 1873 876 τὴν

291 889 515 959 ἡδονὴν,
543 889 786 961 τοσούτῳ
821 895 1048 964 μόνιμον
1091 896 1301 950 ἐκεῖθεν
1328 894 1427 967 τὴν
1476 898 1748 969 τιμωρίαν
1769 913 1784 928 ο
1814 899 1872 951 al

290 980 349 1034 δὲ
382 980 640 1045 κολάσεις
682 984 776 1038 καὶ
829 986 862 1055 ή
916 987 1011 1039 τοῦ
1066 987 1309 1058 φθαρτοῦ
1371 990 1559 1044 τούτου
1619 989 1874 1061 σώματος

290 1073 543 1137 κάκωσις
573 1074 882 1146 λυπήσουσι
930 1079 1030 1149 μὲν
1066 1080 1195 1145 ἴσως
1238 1081 1479 1138 ἐνταῦθα
1523 1085 1619 1137 καὶ
1673 1083 1872 1154 μικρὸν

289 1165 533 1238 ἀλγῆσαι
578 1173 1146 1241 παρασκευάσουσιν,
1217 1176 1562 1247 εὐφροσύνης
1618 1178 1674 1232 δὲ
1736 1180 1872 1248 ἡμῖν

289 1255 507 1311 ἔσονται
545 1260 795 1326 πρόξενοι
840 1264 1110 1332 μηδέποτε
1138 1267 1472 1337 παυομένης.
1506 1270 1606 1322 Σοῦ
1634 1269 1733 1340 μὲν
1763 1269 1871 1341 γὰρ

290 1351 383 1403 καί
402 1350 466 1404 τὸ
486 1350 654 1405 κακὸν
683 1353 1018 1423 πρόσκαιρον
1056 1356 1153 1410 καὶ
1192 1357 1253 1410 τὸ
1282 1359 1489 1427 ἀγαθὸν
1524 1363 1872 1433 παρερχόμεο

291 1457 383 1493 νον
404 1455 420 1471 ·
450 1441 549 1494 τοῦ
580 1442 853 1514 ἡμετέρου
882 1443 940 1497 δὲ
975 1445 1252 1500 Δεσπότου
1282 1448 1377 1501 καὶ
1408 1449 1469 1500 τὸ
1502 1448 1709 1503 λυποῦν
1739 1449 1872 1502 alti)-

292 1548 408 1586 νιον
446 1534 545 1587 καὶ
582 1534 643 1589 τδ
671 1535 969 1607 εὐφραῖνον
1012 1540 1101 1592 ἀεί
1132 1557 1263 1594 ποτε
1306 1541 1390 1594 δια
1402 1541 1581 1611 μένον.
1605 1543 1794 1617 Ταύτῃ
1816 1544 1872 1598 δὲ

293 1624 388 1677 καὶ
416 1625 622 1694 μᾶλλον
650 1627 879 1698 ἀδελφαὶ
894 1630 1140 1701 δόξομεν,
1174 1633 1272 1686 καὶ
1302 1633 1530 1703 ἀδελφαὶ
1564 1634 1664 1699 τὰς
1692 1634 1872 1706 ψυχὰς

297 1716 504 1784 μᾶλλον
554 1717 588 1787 ἢ
637 1717 707 1773 τὰ
739 1719 991 1790 σώματα,
1023 1724 1074 1776 εί
1108 1723 1299 1796 ὥσπερ
1335 1727 1432 1795 μία
1482 1728 1697 1798 γαστὴρ
1720 1731 1872 1799 ἡμᾶς

295 1808 519 1909 ὤδινεν,
540 1811 687 1867 οὕτω
713 1815 808 1867 καὶ
837 1816 1067 1881 θάνατος
1097 1815 1179 1880 εἷς
1201 1820 1341 1889 ὑπὲρ
1366 1821 1622 1887 ἀσεϐείας
1651 1823 1871 1876 τελειώ-
1911 1853 1954 1909 Β

297 1918 404 1964 σει,
434 1904 534 1957 καὶ
565 1905 810 1976 θάλαμος
838 1909 867 1961 δ
896 1909 1056 1973 αὐτὸς
1082 1910 1419 1976 ὑποδέξεται.
1451 1913 1637 1979 Οὕτως
1681 1916 1742 1969 οὐ
1781 1918 1878 1970 λυ·

296 1991 525 2062 θήσεται
562 1997 697 2065 ἡμῖν
721 1998 754 2065 ἠ
804 1997 957 2066 φιλία
993 1999 1116 2053 οὐδὲ
1138 2001 1235 2070 ἀφ’
1260 2002 1417 2072 ἡμῶν
1441 2002 1873 2074 διαστησόμεθα,

294 2084 434 2139 ἀλλά
461 2085 690 2157 διηνεκῆ
714 2086 812 2160 τὴν
831 2089 1173 2162 ἀδελφότητα
1203 2092 1426 2155 ἑαυταῖς
1456 2094 1551 2148 καὶ
1576 2095 1678 2166 τὴν
1712 2097 1875 2161 συζυ·

294 2179 420 2243 γίαν
449 2179 793 2252 τηρήσομεν,
846 2183 897 2236 εί
953 2182 1033 2254 τῷ
1085 2184 1328 2254 ἀδελφὰς
1405 2189 1557 2259 ἡμᾶς
1608 2189 1877 2246 πλάσαντι

293 2269 504 2339 ἀδελφὰ
522 2272 720 2326 καὶ-τὰ
748 2274 1077 2345 φρονήματα
1115 2278 1567 2349 παραστήσομεν.
1604 2280 1746 2335 Ἀλλ’
1775 2282 1876 2337 οὐκ

293 2363 646 2435 ἀρνησόμεθα
679 2380 762 2433 σε,
788 2367 989 2437 νυμφίε
1033 2369 1262 2440 Χριστὲ,
1295 2370 1608 2443 ἔμπροσθεν
1629 2374 1740 2429 τῶν
1778 2377 1877 2431 άν-

296 2451 561 2521 θρώπων,
601 2452 677 2525 μὴ
730 2455 916 2509 τοίνυν
968 2457 1105 2529 μηδὲ
1144 2458 1307 2524 αὐτὸς
1363 2463 1515 2533 ἡμᾶς
1560 2462 1876 2535 ἔμπροσθεν

294 2543 388 2597 τοῦ
418 2545 636 2617 Πατρός
671 2563 764 2601 σου
794 2548 890 2601 τοῦ
934 2550 994 2603 ὲν
1040 2553 1160 2615 τοῖς
1200 2552 1473 2622 οὐρανοῖς.
1506 2555 1651 2625 Πρὸς
1679 2555 1874 2623 ταῦτα,

294 2628 339 2688 ὧ
373 2635 630 2702 δικαστά,
656 2637 854 2703 κόλαζε
876 2639 938 2692 τὸ
971 2639 1141 2694 καλόν
1170 2658 1264 2695 σου
1288 2641 1447 2696 τοῦτο
1483 2644 1581 2697 τοῦ
1614 2647 1877 2716 σώματος

293 2726 477 2796 ἄνθος,
496 2728 594 2784 καὶ
614 2730 969 2786 καταδαπάνα
984 2736 1109 2797 ταῖς
1129 2734 1399 2804 μάστιξιν,
1420 2736 1596 2803 οὐδεὶς
1606 2741 1715 2808 γὰρ
1732 2739 1875 2794 οὕτω

296 2819 583 2882 κάλλιστος
618 2820 846 2891 κόσμος,
872 2822 995 2876 οὐδὲ
1026 2825 1252 2893 χρυσὸς,
1273 2826 1394 2880 οὐδὲ
1419 2827 1709 2892 πολυτελὲς
1753 2830 1875 2884 ἐπί·

293 2914 479 2986 ϐλημα
495 2914 589 2969 καὶ
612 2916 851 2970 ποικίλον
869 2916 1013 2972 οὕτω
1029 2921 1203 2991 κοσμή
1213 2936 1352 2974 σειεν
1369 2921 1443 2985 ὡς
1463 2923 1519 2975 αἱ
1539 2923 1629 2977 σαὶ
1645 2924 1873 2994 πληγαὶ,

293 3010 351 3061 al
397 3008 491 3063 σαὶ
546 3009 834 3078 μάστιγες,
881 3011 949 3076 ἃς
992 3014 1056 3067 ὲκ
1087 3014 1285 3069 πολλοῦ
1324 3016 1488 3088 ἡμεῖς
1510 3016 1753 3090 διψῶμεν
1788 3020 1878 3075 διὰ

292 3100 549 3173 Χριστὸν,
582 3103 679 3157 καὶ
707 3098 783 3160 ὧν
814 3106 897 3160 ἔτι
920 3107 1241 3178 γλιχόμεθα.

1975 617 2255 683 ειῖάειίιιίἰε
2272 629 2326 675 et
2345 620 2512 691 gloria
2536 634 2591 678 ct
2610 624 3019 697 aliisjucundis,
3043 639 3150 696 quo
3173 624 3432 695 majorem
3456 623 3556 679 ha-

1973 705 2064 761 bet
2088 709 2154 762 ad
2183 717 2399 781 tempus
2422 713 2779 784 voluptatem,
2817 732 2885 774 eo
2898 717 3143 773 stabilius
3156 732 3219 772 ac
3236 717 3550 772 diuturnius

1975 792 2084 849 illic
2113 796 2276 853 habet
2320 801 2673 870 supplicium.
2728 803 3003 876 Supplicia
3053 814 3258 874 autem,
3287 814 3344 862 ct
3364 805 3549 876 hujus,

1974 884 2031 941 in
2100 891 2245 958 quod
2311 892 2458 948 cadit
2515 893 2788 962 interitus,
2863 898 3110 968 corporis
3180 897 3552 963 amictio,‘nos

1974 979 2190 1048 quidem
2224 983 2312 1039 hic
2336 983 2566 1043 fortasse
2594 988 2838 1044 molesﬁa
2858 990 3117 1058 afficiunt,
3152 1001 3206 1048 et
3226 991 3467 1048 eﬂiciuut
3494 999 3573 1045 ut»

1973 1069 2127 1125 dolor
2142 1074 2338 1146 aliquis
2367 1079 2667 1138 sentiatur:
2691 1081 2932 1139 laetitiam
2957 1090 3136 1140 autem
3160 1081 3579 1144 conciliamth

1973 1181 2094 1229 quae
2150 1186 2422 1242 nunquam
2470 1185 2554 1232 est
2585 1177 2848 1234 desitura.
2906 1176 3063 1245 Nam}
3087 1175 3289 1231 malum
3325 1172 3561 1243 Quidem

1973 1263 2116 1332 quod
2149 1278 2179 1318 a
2205 1273 2259 1320 te
2290 1264 2524 1322 infertur
2552 1274 2636 1323 est
2670 1269 2736 1323 ad
2764 1275 3002 1338 tempus,
3059 1273 3115 1322 et
3141 1266 3347 1321 bonum
3403 1262 3556 1332 quod

1974 1352 2253 1409 confertur
2279 1357 2537 1425 praeterit;
2589 1359 2761 1415 nostri
2794 1367 2975 1415 autem
3001 1357 3219 1414 Domini
3246 1356 3375 1411 et‘id
3405 1354 3575 1425 quod“

1975 1442 2133 1498 aﬂ‘ert
2186 1446 2496 1504 molestiam
2524 1459 2609 1504 est
2655 1458 2941 1514 aeternum,
2972 1459 3029 1505 et
3076 1448 3128 1503 id
3160 1448 3321 1517 quod'
3365 1446 3559 1502 laetitia

1974 1534 2137 1591 allicit
2186 1552 2403 1610 semper
2428 1549 2631 1596 manet.
2666 1540 2757 1598 Sic
2782 1552 2838 1598 et
2904 1540 3077 1615 magis
3129 1541 3554 1597 vidi-bimurso-

1974 1641 2150 1694 rores,
2184 1638 2238 1685 et
2283 1644 2502 1687 sorores
2545 1632 2745 1688 animis
2772 1633 2955 1705 potius
3017 1648 3182 1704 quam
3210 1632 3574 1701 corporibus,.

1975 1721 2019 1775 si
2048 1720 2191 1776 sicut
2236 1738 2338 1779 nos
2369 1735 2563 1780 venter
2612 1741 2754 1782 unus
2806 1726 3038 1798 peperit,
3078 1727 3152 1783 ita
3188 1728 3351 1783 etiam
3405 1742 3562 1783 mors.

1978 1823 2270 1871 consumet
2295 1831 2393 1887 pro
2416 1817 2640 1888 pietate.
2685 1827 2741 1875 et
2787 1820 2930 1875 idem
2952 1818 3215 1892 suscipiat
3244 1821 3547 1876 thalamus.

1977 1906 2070 1960 Sic
2118 1921 2228 1962 non
2256 1907 2589 1965 dissolvetur
2614 1911 2772 1966 nobis
2806 1911 3065 1976 amicitia,
3111 1927 3291 1984 neque
3319 1929 3367 1967 a‘
3390 1912 3550 1968 nobis

1975 1997 2213 2053 invicem
2244 2001 2622 2070 separabimur
2655 2021 2670 2058 :
2704 2004 2799 2060 sed
2839 2013 3157 2075 perpetuam
3210 2005 3552 2062 servabimus

1975 2089 2141 2145 nobis
2191 2089 2588 2150 fraternitatem
2642 2104 2698 2150 et
2764 2096 3237 2166 coniunctionem.
3272 2096 3318 2152 si
3372 2096 3421 2151 ei
3455 2095 3547 2166 qui

1976 2195 2078 2236 nos
2111 2180 2268 2236 ﬁnxit
2296 2198 2515 2241 sorores
2571 2186 2932 2242 cxhibeamus
2966 2186 3130 2243 etiam
3155 2186 3396 2242 sororias
3453 2204 3551 2242 vo-

1977 2272 2236 2329 luntates.
2270 2273 2377 2330 Sed
2425 2286 2479 2331 te
2518 2291 2626 2332 non
2680 2278 3023 2350 negabimus,
3079 2293 3277 2349 sponse
3310 2277 3548 2344 Christe,

1976 2380 2159 2421 coram
2198 2366 2536 2424 hominibus.
2573 2367 2686 2425 Nec
2739 2379 2797 2425 tu
2849 2386 2978 2443 ergo
3012 2387 3115 2427 nos
3154 2386 3321 2443 neges
3367 2388 3558 2428 coram

1982 2458 2140 2515 Patre
2168 2468 2382 2527 nostro,
2419 2461 2514 2532 qui
2551 2469 2637 2519 est
2693 2462 2747 2518 in
2788 2464 2965 2520 cwlis.
3005 2464 3224 2534 Castiga
3272 2465 3479 2535 itaque,
3516 2482 3565 2519 o-

1977 2552 2163 2622 iudex,
2227 2552 2377 2609 hunc
2419 2553 2517 2611 tibi
2576 2554 2867 2624 pulchrum
2931 2556 3120 2612 florem
3175 2557 3442 2628 corporis,
3494 2568 3559 2613 et=

1980 2657 2245 2699 consume
2271 2643 2518 2715 ﬂagellis.
2566 2642 2785 2701 Nullum
2828 2647 2976 2702 enim
3014 2657 3403 2703 ornamentum
3432 2649 3554 2718 pul-

1976 2737 2341 2800 cherrimum,
2374 2752 2554 2809 neque
2586 2754 2806 2804 aurum,
2835 2754 3013 2809 neque
3060 2747 3432 2812 tegumentum
3463 2742 3549 2795 ul-

1979 2829 2092 2883 lum
2124 2828 2474 2898 magniﬁcum
2513 2838 2567 2885 et
2596 2830 2832 2896 varium,
2858 2830 2935 2885 ita
2987 2831 3272 2887 ornaverit
3327 2846 3549 2901 corpus,

1980 2930 2039 2974 ut
2068 2929 2175 2975 tum
2197 2921 2389 2990 plagae,
2425 2929 2519 2975 tua
2544 2919 2777 2992 ﬂagella,
2806 2936 2930 2992 quae
2960 2936 3064 2976 nos
3085 2919 3297 2993 jamdiu
3330 2921 3551 2977 sitimus

1979 3021 2208 3082 prepter
2228 3012 2533 3082 Christum,
2564 3022 2622 3068 et
2667 3025 2789 3084 quae
2816 3012 3000 3070 adhuc
3044 3012 3217 3086 magis
3273 3012 3552 3070 desidera-

1978 3120 2121 3161 mus.

368 3194 446 3246 E’.
487 3192 677 3248 Ταῦτα
715 3196 816 3251 οὐκ
854 3198 1055 3268 ἤνεγκε
1110 3199 1305 3269 πράως
1351 3201 1380 3254 6
1421 3201 1681 3271 δικάζων,
1733 3203 1868 3259 ἀλλὰ

2046 3196 2110 3252 ν.
2152 3195 2277 3253 Haec
2312 3212 2422 3253 non
2449 3197 2730 3255 moderate
2784 3196 2907 3253 tulit
2944 3196 3130 3270 iudex.
3188 3197 3284 3255 sed
3333 3211 3552 3254 omnem

292 3283 476 3340 πάντα
529 3285 704 3357 θυμὸν
758 3288 900 3342 κατὰ
932 3288 1032 3360 τῆς
1075 3291 1345 3362 παρθένου
1397 3292 1604 3364 ταύτης
1652 3297 1868 3366 ἀφῆκεο

295 3379 391 3432 καὶ
419 3382 772 3452 παραχρῆμα
813 3382 1029 3438 κελεύει
1074 3384 1415 3456 Μηνοδώραν
1459 3388 1869 3459 περιδυθεῖσαν,

294 3470 403 3523 ὕπὸ
428 3472 695 3541 τέσσαρσι
737 3473 1109 3540 διαξαίνεσθαι
1149 3481 1263 3544 τοῖς
1304 3480 1523 3551 δημίοις
1571 3484 1663 3535 καὶ
1697 3483 1871 3554 ταύτῃ

293 3563 386 3616 τὸν
414 3564 640 3634 κήρυκα
662 3565 872 3638 ὲμϐοᾷν
903 3584 918 3601 ⁸
948 3569 1118 3633 Θεοὺς
1163 3571 1322 3640 τίμα.
1356 3572 1580 3642 βασιλέα
1608 3574 1870 3644 εὐφήμει,

294 3658 426 3722 τοὺς
471 3659 767 3730 κειμένους
804 3661 1006 3732 νόμους
1044 3662 1119 3735 μὴ
1151 3663 1363 3735 ὕϐριζε.
1410 3667 1474 3719 Ἥ
1503 3667 1560 3720 δὲ
1596 3668 1690 3721 καὶ
1713 3666 1873 3736 ὡρῶν

294 3751 392 3805 δύο
449 3756 575 3816 ταῖς
638 3753 876 3824 πληγαῖς
931 3755 1345 3828 διαξαινομινη,
1396 3759 1655 3829 οὐδεμιᾶς
1685 3760 1874 3830 ὥσπερ

294 3841 494 3912 ὀδύνης
567 3842 857 3915 ᾐσθάνετο,
910 3848 1204 3920 περιουσίᾳ
1258 3850 1445 3918 μέντοι
1493 3850 1874 3922 γενναιότητος

293 3934 403 3987 οὐδ’
435 3934 764 4000 ἐπεστέναξε
796 3938 918 4001 ταῖς
940 3936 1201 4009 πληγαῖς.
1250 3940 1326 3994 Τὸ
1346 3940 1402 3993 δὲ
1426 3941 1538 4011 τῆς
1574 3939 1752 4011 ὅψεως
1781 3942 1873 4013 ῥό-

294 4028 385 4083 δον
406 4029 532 4083 οὐδὲ
558 4030 743 4099 ὀλίγον
775 4031 990 4102 ὠχρία·
1050 4034 1159 4102 ὅλῳ
1208 4035 1317 4105 γὰρ
1365 4034 1577 4105 δμματι
1627 4036 1765 4107 πρὸς
1804 4037 1875 4091 τά

300 4121 565 4190 μέλλοντα
596 4123 764 4193 ἑώρα,
817 4126 910 4177 καὶ
942 4128 1061 4189 ταῖς
1102 4128 1326 4180 ἐκείνων
1360 4126 1539 4181 ἐλπίσι
1570 4127 1668 4199 τὴν
1696 4128 1875 4199 ψυχὴν

299 4215 656 4285 μετεώριστο.
705 4216 765 4270 '0
816 4216 1002 4286 μέντοι
1051 4212 1278 4289 ἀνόητος
1333 4219 1540 4291 ἄρχων,
1585 4220 1875 4291 διαϐλέψαι

297 4307 439 4377 πρὸς
477 4308 652 4362 ταῦτα
692 4311 792 4363 οὐκ
844 4310 1008 4382 ἔχων,
1058 4310 1375 4381 τετύφλωτο
1426 4313 1538 4384 γὰρ
1589 4315 1720 4378 τοὺς
1773 4314 1874 4385 τῆς

294 4400 476 4471 ψυχῆς
523 4400 840 4471 ὀφθαλμοὺς
893 4402 1260 4475 μαλακωτέρα
1310 4404 1418 4458 ὑπό
1447 4404 1558 4458 τῶν
1597 4404 1876 4476 μαστίγων

295 4490 649 4558 ἐντεύξεσθαι
678 4494 743 4561 τῇ
785 4493 1026 4564 μάρτυρι
1052 4494 1214 4567 ᾤετο,
1246 4496 1342 4549 καὶ
1391 4495 1486 4550 ἐπὶ
1516 4496 1587 4550 τὰ
1630 4497 1873 4568 πρότερα

297 4583 603 4653 παρεκάλει
641 4584 736 4638 καὶ
756 4583 906 4640 θύειν
926 4580 1084 4652 αὖθις
1114 4587 1388 4642 ἐκέλευεν.
1448 4587 1516 4642 Ἥ
1554 4587 1635 4654 δὲ,
1672 4589 1784 4644 Καὶ
1818 4590 1874 4644 τί

298 4676 447 4745 παρὰ
478 4673 640 4728 τοῦτο
656 4675 865 4747 ἕτερον,
901 4677 1032 4747 ἔφη,
1068 4676 1288 4748 μάταιε,
1339 4679 1402 4732 τδ
1431 4678 1591 4751 ἔργον
1611 4680 1773 4750 ἐμοίς
1805 4681 1876 4734 Ἦ

297 4765 398 4836 οὐχ
420 4765 556 4837 ὁρᾷς
599 4766 677 4830 ὡς
719 4767 851 4837 ὅλην
885 4767 1136 4838 ἐμαυτὴν
1182 4767 1389 4823 τέθυκα
1432 4768 1512 4839 τῷ
1551 4770 1670 4840 ἐμῷ
1716 4770 1873 4841 θεῴς

296 4857 395 4921 Τις
422 4858 534 4928 γὰρ
560 4857 639 4928 τῷ
668 4858 863 4929 αἵματί
899 4876 1002 4930 μου
1033 4859 1273 4929 ὠφέλεια
1300 4861 1359 4914 ἐν
1404 4860 1483 4932 τῷ
1521 4858 1878 4917 καταϐαίνειν

301 4966 370 5017 με
400 4952 483 5012 είς
512 4948 839 5018 διαφθοράν,
871 4952 920 5003 εί
954 4951 1030 5022 μὴ
1072 4950 1150 5021 τῷ
1180 4949 1299 5020 ἐμῷ
1325 4950 1485 5005 τοῦτο
1526 4950 1878 5022 προλαϐοῦσα

297 5042 595 5095 καταθύσω
646 5042 903 5114 νυμφίῳ;
956 5043 1168 5109 Ταῦτα,
1205 5044 1399 5115 ὥσπερ
1424 5063 1507 5109 τις
1535 5045 1770 5118 σπινθὴρ
1799 5046 1879 5118 τῷ

298 5131 391 5187 τοῦ
432 5128 831 5205 συμπαρέδρου
871 5135 1029 5208 θυμῷ
1067 5142 1402 5211 ἐμπεσόντα,
1435 5143 1642 5215 ἐξῆπτε
1674 5143 1878 5213 μᾶλλον

296 5226 477 5299 αὐτὴν
504 5226 605 5280 καὶ
649 5229 944 5298 ἀνέφλεγε,
1002 5233 1097 5286 καὶ
1151 5235 1529 5307 σφοδροτέραν
1573 5238 1719 5292 κατὰ
1778 5239 1879 5308 τῆς

300 5319 457 5390 ἱερᾶς
489 5317 671 5391 ψυχῆς
720 5321 942 5391 εκείνης
979 5321 1187 5389 ὥπλιζε
1219 5325 1319 5398 τὴν
1365 5328 1587 5397 μανίαν,
1647 5328 1741 5382 καὶ
1786 5329 1878 5400 pd.

299 5409 446 5475 ϐδοις
484 5411 840 5483 συνετρίϐετο
868 5414 1081 5469 τάδστᾶ
1106 5417 1140 5487 ἡ
1186 5419 1407 5485 γενναία
1442 5420 1535 5473 καὶ
1562 5420 1878 5480 συνεθλᾶτο,

302 5504 377 5574 μὴ
419 5508 726 5577 κινουμένη
783 5507 940 5571 ὅλως,
1009 5508 1091 5580 μὴ
1150 5511 1588 5581 μεταπίπτουσα.
1636 5510 1728 5582 Τῷ
1772 5512 1882 5580 γὰρ

302 5598 514 5671 ἰσχυρῷ
557 5598 656 5653 τοῦ
691 5601 932 5670 Χριστοῦ
974 5602 1124 5673 πόθῳ
1158 5604 1367 5658 ἐδέδετο
1410 5604 1699 5659 πάντοθεν.
1748 5598 1881 5658 Εἶτα

301 5690 375 5759 τῷ
404 5691 627 5761 νυμφίῳ
642 5690 741 5760 τὴν
755 5691 942 5761 ἄφιξιν
973 5694 1299 5766 προμηνύει,
1333 5696 1454 5763 καὶ,
1480 5695 1651 5765 Κύριε
1704 5694 1879 5764 Ἰησοῦ

306 5781 532 5849 Χριστὲ,
573 5780 714 5851 μέγα
751 5781 1012 5853 βοήσασα,
1059 5785 1121 5837 τὸ
1166 5785 1298 5853 ἐμὸν
1325 5785 1668 5856 άγαλλίαμα,
1693 5788 1722 5839 ὸ
1748 5787 1877 5857 ὲμδς

308 5872 465 5943 ἔρως.
520 5872 614 5925 ἐπὶ
671 5874 728 5926 σε
785 5874 881 5945 τὴν
933 5874 1124 5929 ἐλπίδα
1169 5875 1264 5945 τὴν
1315 5876 1450 5945 ἐμὴν
1520 5875 1873 5943 καταφεύγων

1904 4540 1951 4598 ι)

1974 3287 2112 3343 iram
2152 3289 2208 3342 in
2258 3289 2398 3343 hanc
2434 3288 2663 3345 immisit
2705 3288 2972 3361 virginem
3006 3306 3021 3357 ;
3054 3297 3110 3345 et
3147 3289 3330 3346 statim
3377 3288 3553 3361 jubet,

1972 3381 2092 3436 aliis
2119 3381 2331 3437 duabus
2374 3381 2648 3448 abductis,
2689 3390 2909 3437 exutum
2947 3381 3293 3438 Menodoram
3352 3382 3484 3437 caedi
3521 3397 3552 3437 a

1973 3484 2208 3544 quatuor
2250 3472 2552 3541 lictoribus,
2601 3483 2656 3529 et
2701 3473 2782 3532 sic
2832 3475 3139 3530 exclamare
3197 3489 3553 3547 prmeonem:

1974 3565 2115 3619 Deos
2180 3563 2342 3629 cole;
2378 3563 2537 3619 bonis
2587 3563 2768 3621 verbis
2821 3574 2879 3621 et
2920 3565 3172 3622 laudibus
3223 3580 3555 3638 prosequere

1974 3655 2356 3726 imperatorem
2391 3673 2406 3722 ;
2436 3656 2572 3712 latas
2601 3655 2881 3728 leges'noli
2931 3657 3134 3728 injuria
3178 3657 3427 3714 afﬁcere.
3462 3657 3552 3713 Illa

1974 3758 2179 3813 autem,
2210 3764 2334 3804 cum
2370 3748 2581 3804 duabus
2604 3748 2754 3803 horis
2778 3749 3098 3810 caederetur.
3144 3749 3351 3804 nullum
3382 3751 3574 3805 sensit

1974 3837 2238 3894 dolorem.
2275 3838 2409 3893 Nam
2451 3847 2672 3908 propter
2713 3838 2980 3910 insignem
3021 3840 3441 3911 generositatem
3485 3856 3585 3894 neu

1975 3932 2145 4004 plagis
2200 3931 2421 4003 quidem
2472 3930 2878 4002 ingemiscebat.
2916 3930 3112 3987 Vultus
3149 3939 3330 3993 autem
3388 3931 3577 3988 rubor~

1974 4026 2112 4082 nihil
2140 4026 2366 4081 omnino
2404 4024 2695 4096 expalluit;
2731 4032 2848 4081 toto
2867 4025 3012 4081 enim
3068 4024 3226 4080 oculo
3258 4024 3585 4094 aspiciebat-

1974 4120 2041 4176 ad
2076 4120 2279 4186 futura,
2306 4132 2511 4190 speque
2564 4131 2864 4189 suspensus
2900 4123 2957 4173 et
3013 4124 3230 4173 erectus
3292 4124 3411 4172 erat
3428 4117 3555 4188 ejus

1975 4214 2209 4271 animus.
2252 4211 2467 4269 Stultus
2495 4220 2679 4266 autem
2723 4210 2917 4280 judex,
2950 4209 3045 4276 qui
3075 4208 3192 4265 base
3242 4207 3577 4279 perspicere-

1974 4322 2084 4362 non
2103 4313 2317 4377 poterat
2332 4303 2655 4379 (occacatos
2668 4301 2814 4359 enim
2832 4302 3067 4358 habebat
3085 4300 3274 4357 oculos
3314 4300 3556 4369 animae).

1975 4397 2322 4455 existimabat
2368 4413 2429 4454 se
2465 4406 2691 4469 propter
2738 4404 3009 4454 tormenta
3045 4394 3348 4452 molliorem
3400 4391 3569 4447 hahi-i

1978 4500 2159 4546 turum
2192 4496 2503 4562 martyrem,
2537 4497 2593 4546 et
2625 4488 2692 4544 sd
2724 4503 2807 4554 ea,
2839 4489 2906 4543 ad
2921 4502 3043 4558 quze
3071 4486 3239 4558 prius,
3274 4499 3394 4542 eam
3422 4484 3557 4538 bor-

1979 4583 2216 4646 tahatur,
2274 4586 2331 4635 et
2354 4578 2587 4649 iubebat
2631 4592 2826 4633 rursus
2882 4576 3211 4634 sacriﬁcare.
3264 4575 3553 4630 Illavcro:

1978 4674 2046 4728 Et
2074 4671 2370 4743 quodnam,
2405 4668 2602 4737 inquit;
2628 4668 2797 4736 aliud,
2827 4677 3026 4739 praeter
3059 4668 3183 4734 hoc,
3217 4681 3358 4735 opus
3403 4680 3434 4719 a
3469 4681 3557 4720 me

1978 4764 2181 4821 factum
2207 4763 2327 4818 est?
2353 4762 2543 4816 Annon
2595 4758 2768 4827 vides,
2803 4759 2947 4827 quod
2977 4772 3065 4813 me
3098 4766 3266 4813 totum
3295 4755 3404 4811 Deo
3433 4769 3558 4810 meo

1979 4852 2317 4912 sacrificavi?
2345 4853 2604 4921 Qumnam
2631 4850 2777 4906 enim
2798 4859 2881 4906 est
2907 4863 3031 4904 meo
3050 4848 3301 4921 sanguini
3330 4846 3553 4913 utilitas,

1980 4949 2110 5003 dum
2148 4948 2420 5004 descendo
2448 4945 2502 5000 in
2530 4944 2835 5009 interitum,
2858 4943 3046 4999 sinon
3073 4955 3200 4996 eum
3244 4939 3396 5009 prius
3433 4953 3558 4994 meo

1980 5054 2184 5111 sponso
2236 5036 2655 5094 sacrificavero?
2704 5033 2831 5091 Haec
2883 5047 3011 5090 cum
3076 5031 3243 5088 veluti
3307 5027 3565 5100 quasdam-

1981 5129 2218 5187 scintilla
2242 5127 2574 5184 cecidissent
2597 5127 2655 5182 in
2683 5126 2925 5180 animum
2945 5121 3262 5185 asscssoris,
3287 5134 3559 5177 cumma-

1981 5222 2064 5295 gi‘s
2127 5220 2516 5286 accenderunt,
2584 5226 2643 5274 et
2701 5217 2823 5287 εξιιε
2881 5215 3124 5270 furorem
3182 5212 3560 5269 vehementius

1981 5315 2398 5372 inﬂammarunt
2420 5322 2479 5368 et
2525 5316 2875 5366 annuerant
2915 5314 3108 5363 contra
3156 5317 3367 5360 sacram
3410 5300 3558 5357 illam

1982 5413 2240 5468 animam.
2278 5406 2347 5463 Et
2377 5405 2540 5477 virgis
2561 5419 2687 5462 ossa
2739 5400 3183 5466 conterebantur,
3231 5405 3288 5452 et
3313 5394 3558 5453 confrin-

1983 5505 2248 5575 gebentur
2279 5512 2434 5571 genae
2464 5513 2636 5554 roseae
2664 5495 2908 5567 martyri,
2955 5508 3075 5563 quae
3099 5507 3207 5547 non
3238 5490 3560 5547 movebatur

1983 5595 2235 5658 omnino,
2265 5607 2366 5647 nec
2406 5589 2747 5646 concidebat.
2781 5589 2913 5644 Erat
2936 5586 3081 5642 enim
3114 5583 3266 5639 omni
3304 5598 3369 5638 ex
3403 5590 3560 5653 parte

1984 5693 2198 5765 alligata
2228 5689 2408 5746 valido
2432 5703 2497 5743 ac
2547 5686 2706 5742 ﬁrmo
2747 5684 2952 5742 Christi
3004 5679 3296 5740 desiderio.
3354 5677 3566 5734 Deinde

1984 5800 2188 5858 sponso
2216 5797 2375 5839 suum
2412 5781 2704 5837 adventum
2744 5777 3033 5850 significat.
3087 5777 3154 5831 Et
3198 5789 3322 5830 cum
3366 5787 3563 5844 magna

1990 5893 2120 5936 voce
2150 5876 2437 5931 clamasset
2467 5892 2480 5930 :
2518 5872 2742 5929 Domine
2773 5870 2898 5927 Iesu
2943 5869 3176 5937 Christe,
3235 5882 3357 5924 mea
3381 5865 3561 5924 «sub
