3996 6434
418 380 526 442 55")

1651 376 1942 438 MENSIS
1981 373 2462 436 SEPTEMBER.

3575 364 3684 427 660

417 491 757 561 tatio,meus
813 507 986 555 amor,
1041 490 1106 546 ad
1167 501 1218 546 te
1265 507 1417 562 apem
1491 507 1665 547 meam
1719 490 1997 558 confugio,

2105 487 2250 554 δέξαι
2293 505 2396 556 μου
2421 485 2522 559 τὴν
2557 485 2741 557 ψυχὴν
2777 483 2898 554 μετ’
2945 481 3200 552 εἰρήνης’
3245 478 3378 533 αὐτὸ
3406 494 3464 532 τε
3499 479 3682 550 ἀφῆκε

413 585 600 655 accipe
629 584 684 639 in
712 600 843 654 pace
870 599 1044 637 meam
1071 582 1332 648 animam,
1367 593 1424 638 et
1451 586 1625 654 ipsum
1666 585 1848 640 emisit
1885 582 1998 652 spi-

415 675 600 741 ritum,
652 685 706 730 et
761 674 1017 744 praeclare
1070 674 1320 729 ascendit
1373 674 1440 728 ad
1500 689 1784 744 sponsum.
1837 689 1998 744 quem

412 767 688 838 diligebat,
717 783 811 838 pro
841 767 958 838 ipso
975 766 1244 837 susceptis
1269 765 1613 837 stigmatibus
1635 776 1687 820 et
1711 768 1996 822 vulnerum

412 856 753 912 cicatricibus
782 865 1062 924 exornata,
1120 863 1174 912 et
1203 858 1397 928 quovis
1452 854 1582 912 ﬂore
1617 859 1916 928 speciosius
1945 869 1999 914 et

405 950 704 1017 jucundius
733 951 964 1006 variata.

481 1043 571 1098 Vl.
601 1044 733 1099 Post
762 1054 1019 1114 quartum
1047 1053 1228 1100 autem
1261 1045 1405 1102 diem
1442 1062 1564 1102 cum
1601 1047 1741 1115 apud
1781 1062 1840 1101 se
1869 1061 1994 1102 con-

408 1133 666 1189 sultasset
701 1149 965 1197 assessor,
999 1151 1066 1189 ne
1098 1134 1166 1191 ab
1189 1135 1310 1192 aliis
1335 1151 1553 1206 quoque
1575 1135 1694 1206 ejus
1719 1136 2002 1192 sororibus

410 1227 740 1291 vinceretur,
767 1235 824 1281 et
853 1226 1094 1282 animum
1130 1237 1401 1284 versasset
1435 1229 1491 1282 in
1514 1244 1731 1283 omnem
1765 1239 1994 1298 partem,

407 1328 462 1371 et
492 1316 692 1372 mentis
751 1317 1155 1386 quodammodo
1223 1319 1414 1376 intima
1463 1319 1786 1391 explicasset
1824 1335 1993 1391 pene-

411 1409 588 1474 tralia,
614 1409 978 1466 lllctrodoram
1002 1411 1222 1481 quidem
1254 1420 1311 1467 et
1363 1410 1803 1484 Nymphodoram
1846 1412 1998 1468 ducit

410 1501 480 1556 ad
507 1501 767 1558 tribunal.
797 1502 905 1557 Eas
939 1513 1121 1558 autem
1157 1504 1249 1559 ille
1273 1504 1496 1574 quidem
1523 1504 1690 1560 miser
1714 1505 1816 1560 sub
1836 1519 1997 1559 suum

409 1594 664 1663 producit
689 1606 1067 1666 conspectum,
1097 1607 1152 1652 et
1178 1596 1332 1666 ponit
1364 1605 1492 1652 ante
1523 1596 1689 1668 pedes
1713 1595 2002 1668 virginales

409 1686 697 1756 pulchrum
726 1687 860 1742 illud
892 1703 1092 1758 corpus
1133 1690 1358 1754 sororis,
1401 1690 1546 1758 quod
1604 1705 1712 1744 non
1767 1689 2003 1744 habebat

407 1777 689 1844 amictum,
718 1793 830 1833 non
879 1779 1335 1848 integumentum,
1389 1789 1563 1835 totum
1619 1780 1885 1836 tumidum
1946 1792 2001 1837 et

2100 586 2162 637 τὸ
2190 582 2408 654 πνεῦμα
2449 582 2544 636 καὶ
2590 582 2728 652 πρὸς
2757 580 2818 634 δν
2867 579 3062 650 ἠγάπα
3121 578 3354 646 νυμφίον
3410 576 3685 646 λαμπρῶς

2101 677 2415 748 ἀνέρχεται,
2459 677 2574 739 τοῖς
2608 674 2748 744 ύπέρ
2779 669 2947 727 αὐτοῦ
2983 670 3249 741 στίγμασι
3289 668 3384 722 καὶ
3421 670 3542 732 ταῖς
3574 667 3689 722 τῶν

2100 770 2435 842 τραυμάτων
2486 769 2674 829 οὐλαῖς
2738 765 3004 820 κάλλιστα
3059 760 3530 831 διεσκευασμένη,
3587 761 3686 813 καὶ

2101 863 2304 926 παντὸς
2349 861 2545 925 άνθους
2601 858 2974 931 εὐχροώτερὼ
3027 875 3085 911 τε
3145 853 3548 924 πεποικιλμένη
3590 853 3687 906 καὶ

2100 956 2480 1027 χαριέστερον.

2175 1044 2266 1114 q'.
2301 1045 2456 1099 Μετά
2486 1044 2672 1116 μέντοι
2701 1045 2979 1115 τετάρτην
3017 1045 3238 1116 ἡμέραν
3267 1043 3616 1114 σκεψάμενος
3656 1043 3686 1094 ὁ

2104 1139 2490 1210 συμπάρεδρος
2523 1139 2674 1201 ὅπως
2723 1138 2789 1192 ἂν
2831 1137 2907 1208 μὴ
2965 1137 3059 1190 καὶ
3113 1137 3224 1190 τῶν
3278 1136 3457 1191 ἀλλων
3513 1136 3687 1205 αὐτῆς

2103 1230 2350 1300 ἀδελφῶν
2382 1229 2670 1300 ἡττηθείη,
2720 1229 2816 1282 καὶ
2859 1228 3205 1299 πανταχόθεν
3259 1229 3682 1300 συγκροτηθεὶς,

2104 1323 2200 1376 καὶ
2229 1323 2420 1394 ὥσπερ
2449 1322 2570 1378 τινὰ
2612 1321 2923 1393 βαθυτέραν
2953 1321 3273 1386 ἀναπτύξας
3300 1322 3496 1392 φρένα,
3526 1321 3688 1391 Νυμ-

2104 1414 2357 1484 φοδώραν
2418 1414 2520 1484 μὲν
2571 1414 2696 1481 ἄγει
2736 1413 2832 1467 καὶ
2883 1410 3260 1482 Μητροδὼραν
3314 1411 3392 1481 τῲ
3450 1411 3682 1482 βήματι·

2106 1507 2354 1577 παράγει
2385 1505 2442 1559 δὲ
2469 1507 2497 1559 ὁ
2535 1504 2719 1568 ἄθλιος
2767 1505 2872 1557 ύπδ
2901 1504 3002 1574 τὴν
3048 1503 3173 1571 ὄψιν
3211 1503 3405 1566 αὐταῖς
3439 1505 3534 1556 καὶ
3574 1503 3688 1574 πρὸ

2103 1599 2213 1651 τῶν
2247 1597 2424 1652 ποδῶν
2468 1597 2652 1669 τίθησι
2681 1597 2787 1651 τῶν
2813 1595 3166 1669 παρθενικῶν
3206 1595 3270 1648 τὸ
3303 1595 3470 1649 καλὸν
3505 1599 3690 1650 ἐκεῖνο

2103 1690 2203 1760 τῆς
2227 1690 2464 1759 ἀδελφῆς
2497 1689 2656 1760 σῶμα
2679 1704 2694 1720 ⁶
2726 1689 2827 1743 οὐκ
2856 1688 3137 1758 ἐπίϐλημα
3177 1687 3324 1755 ἔχον,
3357 1687 3419 1741 οὐ
3449 1687 3688 1757 περικά-

2103 1780 2316 1852 λυμμα,
2354 1779 2477 1836 ὅλον
2505 1780 2770 1852 διῳδηκὸς
2814 1781 2932 1845 τοῖς
2989 1779 3217 1850 μώλωψι
3247 1780 3341 1833 καὶ
3383 1795 3687 1850 κατειργα-

406 1867 716 1926 confectum
747 1870 1034 1936 vibicibus,
1062 1885 1364 1943 apertaque
1421 1873 1715 1945 ﬂagrorum
1775 1884 1830 1928 et
1885 1873 1998 1944 pla-

2105 1848 2328 1942 σμένον,
2368 1873 2515 1942 σαφῆ
2549 1848 2617 1926 τά
2642 1848 2752 1924 τῶν
2784 1848 3068 1942 μαστίγων
3097 1872 3218 1942 ῐχνη
3257 1872 3353 1926 καὶ
3381 1871 3495 1925 τῶν
3540 1848 3689 1942 ἀτκη-

407 1976 597 2030 garum
631 1962 855 2032 vestigia
896 1962 1080 2019 ferens
1111 1964 1165 2018 in
1204 1964 1353 2020 omni
1405 1967 1677 2028 membro,
1732 1977 1790 2020 et
1837 1965 1997 2034 quasi

405 2051 658 2107 sentibus
703 2052 944 2108 obsitum
995 2053 1336 2119 vulneribus,
1409 2056 1661 2111 mirabile
1727 2056 1999 2126 quoddam

406 2141 776 2209 spectaculum
805 2153 861 2198 et
915 2159 1016 2200 nec
1048 2144 1178 2215 ipsis
1214 2145 1432 2214 quidem
1491 2145 1664 2202 oculis
1717 2146 1998 2203 credibile.

405 2230 497 2286 Sic
519 2231 666 2286 enim
719 2232 1067 2289 existimabat
1108 2233 1244 2300 fore,
1281 2245 1340 2290 ut
1395 2250 1489 2290 eas
1539 2235 1998 2306 obstupefaceret,

406 2335 462 2379 et
492 2332 698 2385 metum
732 2325 813 2382 eis
867 2325 1110 2391 all‘erret,
1160 2327 1477 2386 timentibus
1511 2343 1580 2383 ne
1631 2328 1711 2382 eis
1739 2329 1843 2384 tale
1897 2328 1999 2382 ali-

407 2414 539 2485 quid
565 2416 830 2472 eveniret.
865 2418 972 2474 Sed
1034 2419 1182 2474 illius
1244 2419 1462 2489 quidem
1519 2435 1720 2491 corpus
1779 2419 2002 2476 sicfuit

407 2509 767 2578 propositum,
797 2519 852 2563 et
910 2525 1106 2566 omnes
1155 2511 1248 2581 qui
1279 2511 1784 2577 circumsistebant,
1815 2511 2000 2566 animo

406 2603 886 2670 perturbabantur,
916 2611 971 2658 et
993 2605 1310 2660 manifestas
1331 2605 1684 2661 ell‘undebant
1708 2606 1997 2678 laerymas,

404 2703 549 2748 eteo
609 2693 924 2764 specta.ulo
992 2697 1354 2752 movebantur
1417 2699 1484 2753 ad
1544 2698 1998 2764 misericordiam,

405 2792 603 2856 printer
631 2802 830 2844 saevam
858 2799 914 2844 et
958 2789 1252 2844 immanem
1303 2790 1543 2845 animam
1577 2790 1800 2861 judicis.
1863 2791 1997 2845 Eum

405 2879 554 2935 enim
602 2896 712 2936 non
753 2880 1130 2937 misericordia
1192 2881 1287 2936 sed
1318 2881 1399 2937 ira
1445 2881 1627 2952 potius
1683 2881 1906 2937 subibat
1945 2892 2002 2938 et

406 2972 730 3043 indignatio.
773 2973 881 3028 Illa:
912 2983 1095 3028 autem
1145 2972 1503 3030 trahebantur
1547 2975 1770 3044 quidem
1800 2989 1830 3028 a
1870 2989 1998 3045 pro.

404 3065 540 3134 priis
571 3056 871 3120 visceribus
899 3066 965 3121 ad
992 3065 1432 3136 lacrymandum;
1467 3066 1564 3121 sed
1597 3067 1648 3122 id
1672 3067 1754 3124 eis
1787 3082 1999 3137 nequa-

2102 1963 2216 2031 γῶν
2242 1963 2334 2016 ἐπὶ
2363 1963 2562 2026 παντὸς
2589 1963 2755 2032 φέρον
2784 1961 2983 2033 μέλους
3015 1964 3109 2017 καὶ
3142 1962 3540 2035 ηκανθωμένον
3571 1965 3691 2026 τοῖς

2101 2055 2408 2127 τραύμασι,
2451 2054 2770 2125 παράλογόν
2807 2071 2860 2108 τι
2903 2053 3084 2125 θέαμα
3127 2056 3225 2110 καὶ
3263 2055 3386 2108 ούδέ
3416 2054 3566 2124 αὒτῷ
3599 2071 3692 2108 πι-

2106 2146 2230 2200 στὸν
2283 2145 2518 2218 ὖμματι.
2571 2147 2760 2220 Ταύτῃ
2811 2146 2921 2218 γὰρ
2954 2148 3127 2211 αὐτὰς
3166 2147 3540 2218 καταπλήξειν
3591 2147 3692 2202 καὶ

2103 2239 2182 2303 είς
2210 2238 2330 2304 δέος
2375 2240 2640 2310 ἐμϐαλεῖν
2683 2237 2844 2312 ᾤετο,
2882 2240 3192 2305 δεδοικυίας
3243 2242 3319 2312 μὴ
3374 2242 3470 2294 καὶ
3511 2239 3690 2303 αὑτὰς

2104 2331 2176 2386 τά
2230 2333 2594 2404 παραπλήσια
2671 2333 2865 2388 παθεῖν
2937 2333 3170 2401 γένοιτο.
3243 2333 3405 2387 Ἀλλά
3468 2333 3531 2385 τὸ
3591 2331 3692 2400 μέν

2103 2427 2320 2498 ἐκείνης
2384 2426 2546 2497 σῶμα
2606 2425 2752 2480 οὕτω
2823 2426 3136 2496 προέκειτο,
3196 2425 3292 2478 καὶ
3363 2424 3568 2488 πάντες
3638 2425 3689 2478 oi

2105 2520 2531 2590 περιεστηκότες
2581 2517 2921 2588 ἐπληροῦντο
2967 2515 3214 2584 πάθους,
3287 2518 3385 2573 καὶ
3447 2518 3529 2582 είς
3589 2517 3688 2570 δά-

2103 2629 2248 2684 κρυα
2297 2612 2510 2682 φανερά
2565 2611 2892 2679 κατήγοντο,
2926 2609 3023 2663 καὶ
3069 2610 3151 2671 είς
3219 2606 3402 2663 οίκτον
3450 2608 3558 2663 ὑπὸ
3588 2609 3692 2680 τῆς

2103 2706 2234 2770 θέας
2263 2702 2544 2759 ἐκινοῦντο
2591 2703 2732 2774 πλὴν
2769 2703 2871 2774 τῆς
2899 2701 2996 2757 τοῦ
3049 2701 3309 2756 δικαστοῦ
3350 2700 3533 2772 ψυχῆς
3586 2702 3692 2772 τῆς

2100 2797 2349 2869 ἀπηνοῦς
2386 2815 2446 2854 τε
2504 2798 2599 2852 καὶ
2649 2796 2954 2867 ἀνημέρου.
2995 2793 3202 2849 Τοῦτον
3238 2795 3348 2866 γάρ
3387 2795 3488 2848 οὐκ
3537 2793 3693 2859 έλεος

2103 2890 2222 2944 ἀλλ’
2249 2891 2390 2960 ὀργὴ
2425 2887 2628 2959 μᾶλλον
2661 2887 2756 2943 καὶ
2807 2887 3033 2956 νέμεσις
3084 2887 3359 2959 ύπεισῄει.
3397 2887 3463 2940 Ai
3498 2887 3556 2941 δὲ
3593 2889 3695 2941 δαο

2103 2982 2306 3056 κρύσαι
2341 2982 2442 3051 μὲν
2463 2981 2570 3034 ὑπὸ
2599 2981 2708 3033 τῶν
2733 2979 2955 3034 οίκείων
2989 2979 3319 3051 σπλάγχνων
3346 2979 3692 3048 ἐφείλκοντο,

2101 3075 2165 3130 τὸ
2191 3074 2432 3137 συνειδὸς
2474 3073 2532 3128 δὲ
2566 3073 2762 3136 αὐταῖς
2802 3072 2902 3125 οὐκ
2946 3072 3270 3144 ἐπέτρεπεν.
3305 3072 3547 3145 ᾜδεσαν
3579 3074 3696 3144 γάρ

405 3172 569 3227 quam
610 3156 859 3228 permisit
883 3157 1239 3214 conscientia.
1279 3155 1541 3213 Sciebant
1575 3158 1722 3214 enim
1761 3167 1817 3213 et
1849 3173 1994 3212 mar-

2107 3167 2363 3241 μάρτυρά
2385 3184 2444 3220 τε
2475 3167 2573 3239 τὴν
2600 3166 2837 3239 ἀδελφὴν
2870 3161 3035 3230 εἶναι,
3075 3164 3356 3220 καὶτοῦτο
3386 3166 3484 3219 καὶ
3515 3167 3696 3230 αὑτὰς

407 3260 581 3318 tyrem
635 3264 760 3305 esse
805 3264 1077 3316 sororem,
1123 3257 1180 3306 et
1225 3251 1373 3321 ipsas
1415 3265 1632 3322 quoque
1661 3251 1765 3307 hoc
1811 3259 1999 3321 postea

404 3342 708 3408 futuras,et
735 3340 804 3396 ad
835 3342 1009 3412 ipsam
1042 3357 1165 3398 mox
1185 3357 1306 3399 esse
1330 3351 1591 3400 venturas
1614 3359 1711 3415 per
1732 3358 1998 3400 consum-

407 3432 725 3488 mationem.
769 3433 954 3504 Itaque
1001 3433 1082 3491 sic
1124 3433 1351 3491 fuerunt
1396 3434 1624 3503 affectae,
1674 3435 1904 3507 perinde
1939 3451 2004 3495 ac

408 3524 452 3577 si
477 3523 753 3582 venissent
783 3525 852 3581 ad
898 3525 1168 3582 thalamos
1213 3526 1468 3594 sororis;
1527 3538 1796 3598 erantque
1844 3527 2002 3584 valde

411 3616 548 3671 betae
577 3626 633 3672 et
660 3616 836 3688 plenae
881 3617 1183 3688 voluptate,
1217 3627 1276 3674 ut
1327 3635 1450 3690 qua:
1496 3635 1618 3675 eam
1663 3619 2002 3676 deducerent

411 3709 483 3764 ad
518 3709 809 3775 thalamos,
867 3709 922 3765 in
957 3725 1096 3780 quos
1143 3725 1254 3768 non
1311 3711 1456 3767 cadit
1503 3711 1778 3778 interitus,
1829 3722 1886 3766 et
1941 3720 2002 3768 ut

408 3817 479 3856 ne
511 3801 644 3872 ipsa:
691 3803 758 3857 ab
809 3803 876 3858 iis
921 3813 1107 3859 essent
1159 3813 1384 3859 remotae
1457 3813 1839 3874 properarent.
1890 3803 1998 3861 Sed

406 3893 573 3966 iudex
599 3895 814 3952 etiamsi
845 3904 952 3950 tam
977 3894 1102 3952 forti
1141 3905 1197 3952 et
1231 3906 1337 3952 tam
1375 3898 1592 3953 excelso
1621 3897 1853 3954 fuissent
1878 3898 1999 3953 ani-

409 4001 502 4040 mo
529 3985 597 4042 ad
625 3996 981 4057 conspectum
999 3987 1225 4052 sororis,
1259 4003 1368 4044 non
1392 3987 1707 4058 desperavit
1735 3999 1918 4044 tamen
1940 4006 2000 4046 se

409 4093 504 4132 eas
533 4092 654 4133 esse
703 4092 1136 4146 persuasurum;
1169 4078 1264 4134 sed
1319 4079 1403 4149 (ut
1439 4087 1524 4134 est
1569 4081 1626 4136 in
1678 4080 1995 4150 proverbio)

411 4184 633 4224 omnem
662 4169 1109 4240 movitlapidem,
1149 4171 1346 4241 partim
1399 4173 1618 4242 quidem
1668 4173 1834 4228 minis
1887 4183 1998 4229 tor-

414 4273 725 4318 mentorum
754 4272 973 4318 tentans
1001 4278 1188 4318 earum
1213 4264 1546 4320 labefactare
1567 4265 1835 4329 animum,
1868 4281 1998 4336 par-

413 4358 512 4410 tim
545 4363 726 4408 antem
758 4355 1025 4420 bonorum
1050 4355 1337 4426 promissis
1362 4356 1568 4413 illicere
1599 4375 1616 4426 ;
1646 4367 1721 4424 et,
1745 4358 1801 4413 Si
1830 4357 1998 4413 sacri-

412 4447 726 4512 ﬁcaveritis,
760 4447 954 4517 inquit,
984 4446 1218 4504 scribam
1265 4449 1444 4504 statim
1477 4449 1542 4505 ad
1589 4450 1993 4519 imperatorem.

2111 3263 2311 3333 μικρὸν
2348 3259 2580 3330 ὕστερον
2608 3258 2852 3327 ἔσεσθαι,
2901 3257 2996 3314 καὶ
3038 3257 3177 3330 πρὸς
3217 3257 3390 3329 αὐτὴν
3427 3257 3553 3311 ὅσον
3601 3257 3699 3311 οὐ·

2105 3354 2255 3408 δέπω
2307 3352 2559 3424 χωρῆσαι
2611 3351 2701 3406 διὰ
2739 3351 2842 3420 τῆς
2889 3350 3062 3421 αὐτῆς
3106 3349 3444 3413 τελειώσεως
3491 3348 3695 3419 ἀμέλει

2104 3448 2200 3504 καὶ
2232 3447 2308 3510 ὠς
2337 3445 2431 3500 ἐπὶ
2470 3445 2752 3509 παστάδας
2797 3443 2897 3514 τῆς
2948 3442 3188 3513 ἀδελφῆς
3234 3441 3491 3496 ἐλθοῦσαι
3541 3441 3693 3496 οὕτω

2102 3541 2394 3605 διέκειντο,
2427 3539 2522 3593 καὶ
2550 3537 2774 3608 φαιδραί
2819 3553 2878 3589 τε
2916 3531 3060 3607 ἦσαν
3100 3534 3196 3590 καὶ
3225 3534 3421 3604 ἡδονῆς
3463 3533 3691 3604 μεσταὶ,

2101 3630 2192 3688 οἷα
2220 3635 2314 3688 ἐπὶ
2343 3634 2472 3698 τοὺς
2493 3633 2806 3704 ἀκηράτους
2832 3631 3134 3703 νυμφῶνας
3164 3633 3408 3696 ἐκείνους
3435 3630 3697 3702 προπέμ-

2103 3745 2306 3782 πουσαι
2344 3727 2575 3798 ταύτην,
2616 3719 2692 3781 ὧν
2729 3725 2866 3797 μηδὲ
2898 3725 3062 3780 αὐταὶ
3093 3723 3492 3795 ἀπολειφθῆναι
3522 3722 3696 3794 limi-

2100 3837 2280 3891 γοντο.
2328 3819 2468 3874 Ἀλλ’
2491 3819 2520 3871 ὁ
2539 3819 2829 3890 δικαστὴς,
2865 3818 3045 3872 καίτοι
3075 3819 3349 3887 γενναίως
3390 3816 3538 3870 οὕτω
3569 3816 3694 3870 δια-

2101 3911 2366 3967 τεθεισῶν
2400 3909 2511 3964 τῶν
2535 3908 2826 3981 παρθένων
2855 3909 2994 3980 πρὸς
3009 3909 3108 3980 τὴν
3132 3909 3232 3981 τῆς
3260 3907 3502 3976 ἀδελφῆς
3527 3906 3683 3976 ὄψιν,

2099 4005 2250 4074 ὅμως
2279 4003 2342 4058 τὸ
2373 4002 2585 4057 πείσειν
2615 4001 2785 4072 αὐτὴν
2812 4000 2914 4056 οὐκ
2946 4001 3194 4071 ἀπέγνω.
3243 3999 3386 4054 ’Δλλ’
3417 3999 3638 4069 (ὥσπερ
3661 3999 3692 4052 6

2099 4094 2279 4165 λόγος)
2323 4095 2508 4150 πάντα
2539 4092 2690 4148 λίθον
2724 4091 2898 4146 ἐκίνει
2919 4106 2936 4124 ο
2962 4090 3126 4146 τοῦτο
3168 4090 3560 4163 μὲν-ἀπειλαῖς
3589 4089 3693 4161 βα-

2103 4187 2283 4241 σάνων
2327 4185 2647 4241 κατασείειν
2675 4182 2859 4239 αὐτῶν
2886 4183 2948 4240 τὸ
2987 4182 3219 4256 στερρὸν
3261 4181 3358 4236 τοῦ
3399 4183 3691 4253 φρονήμα-

2100 4297 2216 4344 τος,
2242 4279 2404 4334 τοῦτο
2448 4278 2507 4332 δὲ
2535 4278 2632 4333 καὶ
2668 4277 2893 4349 ἀγαθῶν
2927 4276 3284 4345 ἐπαγγελίαις
3323 4275 3691 4329 ὑποκλέπτειν

2102 4370 2296 4434 αὐταῖς
2322 4368 2700 4440 πειρώμενος’
2736 4370 2834 4424 καὶ
2862 4369 2937 4434 ὡς
2967 4368 3265 4437 Είθύσετε,
3299 4368 3454 4439 φησὶ,
3483 4365 3692 4436 γράψω

2103 4463 2452 4536 παραχρῆμα
2508 4461 2588 4533 τῷ
2641 4460 2877 4532 βασιλεῖ.
2947 4462 3008 4517 '0
3050 4462 3110 4515 δὲ
3149 4465 3246 4516 καὶ
3281 4462 3531 4531 χρήμασι
3587 4458 3690 4511 καὶ

412 4539 505 4594 Ille
527 4549 706 4595 autem
734 4540 985 4610 pecuniis
1015 4547 1069 4594 et
1120 4541 1317 4610 opibus
1377 4541 1562 4597 multis
1609 4558 1702 4598 vos
1748 4543 1994 4607 donabit,

2105 4555 2325 4626 πλούτῳ
2359 4555 2544 4624 πολλῷ
2583 4556 2882 4626 χαριεῖται,
2911 4555 3009 4610 καὶ
3035 4554 3267 4625 ἀνδράσι
3313 4553 3461 4620 γένει
3491 4567 3553 4604 τε
3587 4553 3691 4604 καὶ

413 4646 618 4700 vosque
681 4631 815 4685 viris
857 4647 1060 4702 genere
1102 4641 1155 4687 et
1195 4631 1462 4702 dignitate
1502 4634 1822 4690 clarissimis
1863 4650 1999 4689 con-

412 4721 602 4789 junget
638 4721 1010 4787 matrimonio,’
1054 4731 1110 4777 et
1164 4722 1455 4778 invenietis
1512 4737 1743 4794 sponsos
1807 4723 2002 4796 dignos

413 4823 594 4869 vestra
629 4812 1059 4882 pulchritudine.

486 4925 599 4981 Vll.
627 4927 692 4980 Et
707 4926 754 4981 is
767 4927 987 4996 quidem
1010 4924 1146 4993 haec;
1165 4925 1266 4980 illa:
1289 4937 1492 4982 autem:
1514 4925 1832 4996 Quousque,
1855 4929 2000 4984 dice-

415 5020 567 5084 bant,
599 5034 708 5074 non
737 5017 1001 5086 cessabis,
1028 5019 1220 5084 miser,
1250 5034 1358 5074 non
1392 5028 1580 5075 nostro
1612 5021 1784 5075 solum
1809 5037 1998 5093 scopo.

416 5115 513 5168 sed
546 5113 710 5167 etiam
748 5111 845 5167 tibi
866 5112 970 5183 ipsi
997 5113 1182 5169 dicere
1205 5114 1508 5169 contraria?
1529 5124 1750 5169 etnunc
1775 5117 1997 5185 quidem

417 5220 518 5258 nos
546 5218 745 5258 vocare
769 5219 988 5257 sorores
1029 5204 1194 5273 hujus
1225 5203 1414 5267 beata,
1452 5219 1599 5258 nunc
1652 5214 1840 5259 autem
1897 5221 1999 5262 nos

417 5296 656 5369 attgredi,
689 5304 946 5366 tanquam
999 5295 1227 5359 alienas,
1281 5305 1335 5350 et
1387 5310 1508 5366 quae.
1564 5296 1720 5352 facile
1771 5305 2002 5367 possunt

417 5389 593 5444 vinci?
631 5389 688 5444 Si
724 5404 826 5445 nos
859 5404 989 5460 ergo
1022 5389 1304 5445 credidisti
1337 5405 1458 5445 esse
1490 5406 1712 5446 sorores
1775 5406 1998 5462 genere.

419 5485 562 5540 hanc
592 5481 759 5538 etiam
785 5496 884 5551 pro
912 5483 1114 5551 pietate
1139 5482 1547 5546 constantiam,_
1565 5491 1622 5536 et
1647 5481 1785 5535 nihil
1810 5481 1997 5550 abjec-

417 5588 570 5632 ctum
593 5587 650 5631 et
691 5574 976 5639 illiberale,
1006 5590 1184 5645 neque
1212 5574 1302 5628 tali
1335 5589 1544 5636 sorore,
1576 5589 1752 5644 neque
1776 5573 1886 5638 illa,
1936 5589 2001 5630 ex

419 5683 525 5737 qua
556 5677 667 5721 tres
692 5668 829 5722 rami
865 5668 972 5723 orti
1007 5682 1222 5734 sumus,
1253 5667 1437 5724 radice
1467 5666 1751 5738 indignant
1807 5666 2000 5722 inven-

421 5763 602 5808 turum
625 5756 898 5812 existima.
928 5755 1026 5812 Sin
1052 5769 1233 5814 autem
1259 5757 1336 5811 vis
1353 5757 1513 5823 scire,
1533 5758 1713 5828 qualis
1728 5757 2002 5813 sitnostra

423 5847 754 5913 constantia,
784 5866 847 5904 ολ
871 5866 934 5907 ea
970 5868 1086 5921 que
1140 5852 1420 5922 praecessit
1450 5859 1704 5909 accurate
1739 5851 1998 5924 intellige.

2103 4645 2378 4716 ἀξιώμασι
2432 4646 2926 4717 περιφανεστάτοις
2982 4646 3120 4718 πρὸς
3159 4647 3340 4715 γάμον
3376 4645 3522 4714 ὑμᾶς
3555 4661 3689 4696 συν-

2102 4738 2283 4808 άψειε,
2317 4738 2416 4792 καὶ
2453 4737 2638 4803 ἀξίους
2665 4736 2761 4792 τοῦ
2806 4737 3034 4801 κάλλους
3070 4736 3226 4808 ὑμῶν
3259 4737 3524 4806 εὑρήσετε
3558 4734 3690 4798 τοὺς

2102 4833 2396 4902 νυμφίους.

2173 4922 2250 4981 Z'.
2276 4925 2388 4978 Καὶ
2416 4927 2446 4979 ὁ
2479 4923 2579 4995 μὲν
2601 4923 2778 4979 ταῦτα
2797 4940 2810 4956 ⁸
2836 4926 2896 4978 αἱ
2923 4925 3002 4990 δὲ,
3031 4925 3212 4995 Μέχρι
3239 4924 3404 4989 τίνος,
3423 4919 3596 4986 εἶπον,
3625 4926 3690 4978 οὐ

2105 5016 2614 5090 παύσῃ,άθλιε,ού
2665 5018 2744 5087 τῷ
2790 5018 3045 5089 ἡμετέρῳ
3093 5017 3255 5086 μόνον
3313 5013 3524 5085 σκοπῷ,
3551 5014 3693 5070 ἀλλά

2103 5110 2198 5160 καὶ
2237 5108 2454 5179 σεαυτῷ
2492 5109 2559 5163 τὰ
2590 5109 2809 5162 ἐναντία
2861 5108 3283 5178 διαλεγόμενοςς
3329 5107 3424 5160 καὶ
3458 5106 3556 5159 νῦν
3591 5107 3693 5175 μὲν

2102 5199 2336 5268 ἀδελφὰς
2365 5203 2512 5270 ἡμᾶς
2544 5202 2643 5268 τῆς
2696 5201 2978 5273 μακαρίας
3027 5199 3233 5271 ταύτης
3267 5199 3474 5266 καλῶν,
3503 5197 3604 5252 νῦν
3629 5198 3691 5252 δὲ

2102 5291 2178 5353 ὡς
2207 5291 2522 5362 ἀλλοτρίαις
2582 5292 2773 5356 οὔσαις
2809 5291 3164 5363 εὐχειρώτοις
3199 5289 3599 5362 προσσάλλων;
3625 5291 3691 5345 El

2101 5384 2282 5438 τοίνυν
2301 5383 2542 5454 ἀδελφὰς
2570 5382 2712 5440 εἶναι
2740 5385 2802 5439 τὸ
2835 5386 2994 5454 γένος
3021 5384 3422 5446 πεπίστευκας,
3443 5381 3689 5450 ἀδελφὰς

2103 5477 2198 5530 καὶ
2230 5479 2330 5546 τὴν
2356 5477 2529 5548 καλὴν
2557 5478 2761 5548 ταύτην
2790 5478 2932 5548 ὑπὲρ
2968 5477 3068 5547 τῆς
3119 5476 3403 5538 εὐσεϐείας
3436 5474 3691 5529 ἔνστασιν

2105 5570 2601 5640 ὑπολάμϐανε,καὶ
2651 5571 2821 5642 μηδὲν
2874 5570 3099 5638 ἀγεννὲς
3155 5572 3213 5622 ἐν
3249 5570 3380 5638 ⁴ἡμῖν
3428 5569 3691 5638 εὑρήσειν

2107 5661 2244 5731 μηδὲ
2307 5662 2545 5731 ἀδελφῆς
2616 5665 2872 5736 τοιαύτης
2933 5663 3070 5734 μηδὲ
3128 5662 3288 5732 ῥίζης
3344 5661 3560 5731 ἐκείνης
3623 5656 3693 5730 ἧς

2104 5754 2154 5806 oi
2201 5757 2351 5828 τρεῖς
2406 5756 2614 5828 ἐφυμεν
2663 5758 2850 5814 κλάδοι
2895 5757 3137 5822 ἀνάξιον.
3193 5754 3258 5809 Εἰ
3316 5753 3373 5806 δὲ
3407 5753 3505 5806 καὶ
3551 5753 3683 5819 περὶ

2107 5845 2263 5918 ἡμῶν
2316 5847 2492 5917 βούλει
2529 5849 2723 5920 μαθεῖν
2754 5851 2914 5905 ὁποῖα
2940 5849 3006 5903 ἂν
3040 5847 3140 5920 τὴν
3189 5847 3442 5903 ἔνστασιν
3473 5845 3690 5915 εἴημεν,
