3996 6494
338 415 447 483 661

1152 420 1622 484 MARTYRIUM
1661 421 1724 480 S.
1764 419 2208 482 MENODORIE
2250 422 2346 484 ET
2380 421 2800 486 SOCIARUM.

3508 421 3617 484 662

337 531 448 589 ἀπὺ
481 533 584 602 τῆς
610 529 994 604 προλασούσης
1021 533 1268 605 ἀκριϐῶς
1302 534 1560 606 μάνθανε.
1591 536 1653 589 El
1689 537 1798 608 γὰρ
1831 538 1924 591 καὶ

2032 535 2089 592 Si
2113 538 2260 592 enim
2283 553 2368 604 ea,
2400 553 2525 594 cum
2557 539 2763 593 nullum
2796 537 3026 593 haberet
3053 537 3332 608 exemplar
3373 539 3620 609 proposi-

335 625 510 696 χωρὶς
531 623 931 695 ύποδείγματος
971 624 1274 698 τηλικαύτη
1305 625 1461 699 ὤφθη
1487 629 1585 700 τὴν
1619 631 1848 702 ἀρετὴν,
1875 632 1926 685 τί

336 732 471 770 ποτε
527 714 596 770 ἀν
620 718 787 789 ἡμεῖς
825 716 1132 788 δράσαιμεν
1173 718 1313 790 πρὸς
1355 721 1598 774 τοιοῦτον
1617 722 1928 793 ὑπόδειγμα

333 807 435 876 τὴν
492 807 732 877 ἀδελφὴν
797 807 1135 878 βλέπουσαι;
1162 812 1232 865 Ἦ
1258 812 1360 882 οὐχ
1403 815 1537 884 ὁρᾷς
1587 815 1737 878 ὅπως
1776 817 1927 886 ἡμᾶς

332 898 432 951 καὶ
449 898 683 968 κειμένη
712 900 1106 970 προτρέπεται,
1128 903 1223 954 καὶ
1241 903 1340 972 τῆς
1369 905 1693 972 συγγενείας
1721 907 1926 977 ὑπομι-

336 992 599 1060 μνήσκει,
647 993 745 1044 καὶ
787 992 924 1062 πρὸς
956 992 1050 1046 τὸν
1079 995 1266 1062 ὅμοιον
1292 997 1712 1068 παραθαρρύνει
1740 999 1923 1069 ζῆλον,

331 1082 505 1136 καλὸν
541 1082 841 1153 ἀθλήσεται
882 1086 1055 1139 τύπον
1117 1087 1319 1159 ἑαυτὴν
1357 1079 1760 1162 παρασχούσας
1815 1085 1926 1156 τΗς

331 1174 457 1228 οὐδὲ
494 1175 1019 1250 ἀπολειφθησόμεθα
1064 1181 1198 1245 ῐσθι,
1227 1182 1349 1236 οὐδὲ
1380 1183 1480 1254 τὴν
1513 1184 1732 1256 ἐκείνης
1766 1185 1924 1256 εὐγέ-

333 1283 491 1321 νειαν
543 1270 915 1342 ἀτιμάσομεν.
957 1273 1033 1327 Οὐ
1085 1273 1405 1353 ψευσόμεθα
1451 1277 1582 1341 τοὺς
1637 1279 1922 1346 τεκόντας,

332 1359 555 1431 ἐκείνης
579 1364 827 1433 πατέρας
860 1360 1002 1420 εἶναι
1033 1366 1320 1422 πείθουσαι
1352 1370 1545 1440 μόνης,
1587 1373 1638 1424 εί
1673 1371 1804 1442 περὶ
1821 1372 1923 1444 τὴν

332 1452 599 1506 ἀσέϐειαν
650 1456 798 1524 ἡμᾶς
849 1457 1295 1530 κινδυνεύσομεν.
1363 1461 1608 1534 Ἐρῤἑτω
1668 1463 1920 1530 πλοῦτος,

333 1548 550 1618 ιρῤέτω
582 1547 731 1614 δόξα,
764 1548 834 1602 τὰ
866 1549 962 1603 ἐπὶ
985 1553 1090 1622 γῆς
1132 1551 1306 1606 ταῦτα
1336 1555 1434 1607 καὶ
1485 1555 1567 1618 είς
1607 1555 1712 1624 γῆν
1765 1555 1922 1620 αὖθις

337 1637 573 1708 ρέονταο
631 1640 950 1710 ἔρρέτωσαν
1013 1643 1246 1713 φθαρτοὶ⁵
1305 1645 1640 1716 μνηστῆρες.
1681 1645 1922 1717 Ἔχομεν

331 1731 573 1800 Χριστὸν
606 1733 771 1800 ἡμεῖς
814 1733 908 1786 τὸν
963 1736 1235 1807 ἡμέτερον
1281 1739 1537 1808 νυμφίον,
1591 1735 1653 1792 οὗ
1712 1739 1920 1812 σφόδρα

2031 637 2168 692 tum,
2191 638 2396 686 tantam
2421 630 2667 686 ostendit
2701 631 2986 697 virtutem,
3017 631 3278 700 quidnam
3318 630 3618 686 fecerimus

2029 736 2132 776 nos
2160 722 2267 777 tale
2325 721 2626 794 exemplar,
2676 737 2872 792 nempe
2930 737 3197 788 sororem,
3246 720 3619 792 aspicientes?

2027 815 2110 868 An
2139 829 2246 868 non
2277 815 2449 881 vides,
2493 817 2950 885 quemadmodum
2979 815 3070 870 illa
3109 815 3194 871 vel
3247 815 3440 886 jacens
3517 829 3619 872 nos

2027 907 2367 975 adhortatur,
2427 916 2484 963 et
2550 907 2926 977 cognationem
2953 907 3248 962 revocatin
3273 905 3616 971 memoriam,

2027 1010 2082 1057 et
2129 1002 2194 1056 ad
2228 1003 2389 1056 talem
2443 1000 2620 1056 zelum
2674 1000 2836 1055 nobis
2877 1000 3027 1055 addit
3077 1000 3340 1060 animum,
3383 1000 3618 1068 seipsam

2028 1094 2278 1164 praebens
2331 1093 2619 1164 pulchrum
2675 1093 2955 1162 exemplar
2983 1090 3464 1147 decertationis‘lA
3510 1107 3614 1159 qua

2027 1194 2178 1240 certo
2216 1187 2357 1241 scias
2387 1201 2488 1242 nos
2516 1201 2626 1240 non
2683 1201 2808 1241 esse
2858 1185 3215 1249 discessuras,
3257 1199 3436 1254 neque
3473 1183 3616 1238 illius

2026 1277 2370 1332 nobilitatem
2427 1277 2717 1332 habituras
2773 1278 3138 1346 contemptui.
3205 1274 3322 1331 Non
3368 1275 3616 1330 fallemus

2027 1379 2304 1440 parentes,
2354 1369 2498 1426 illius
2537 1369 2706 1425 solius
2737 1379 2992 1440 parentes
3046 1384 3166 1424 esse
3204 1369 3620 1438 persuadentes,

2027 1461 2072 1514 si
2127 1461 2181 1515 in
2237 1462 2541 1532 periculum
2609 1463 2894 1517 veniamus
2944 1461 3013 1516 de
3085 1461 3306 1530 pietate.
3379 1459 3606 1514 Valeant

2025 1552 2251 1618 divitiae,
2341 1554 2517 1609 valeat
2559 1553 2751 1624 gloria,
2805 1561 2862 1607 et
2919 1551 3036 1607 haec
3081 1567 3202 1622 qua:
3230 1560 3360 1606 sunt
3389 1565 3421 1606 e
3469 1559 3616 1606 terra

2025 1654 2081 1701 et
2119 1660 2312 1701 rursus
2370 1645 2423 1700 in
2467 1653 2670 1700 terram
2723 1653 3094 1700 revertuntur.
3162 1642 3392 1697 Valeant
3439 1642 3613 1711 proci,

2025 1739 2080 1791 in
2138 1752 2275 1807 quos
2324 1737 2468 1792 cadit
2523 1737 2797 1792 interitus.
2849 1736 3124 1792 Habemus
3183 1750 3283 1791 nos
3333 1734 3612 1790 Christum

335 1822 578 1912 ἐρῶμεν,
607 1817 651 1892 ᾧ
681 1826 777 1878 καὶ
822 1827 1026 1898 προῖκα
1055 1827 1220 1896 μόνον
1251 1828 1344 1882 τὸν
1367 1829 1512 1900 ὑπὲρ
1541 1830 1708 1884 αὑτοῦ
1731 1831 1919 1886 δοῦσαι

2025 1837 2270 1884 nostrum
2304 1845 2585 1899 sponsum,
2611 1845 2773 1896 quem
2805 1829 2959 1886 valde
2983 1843 3251 1894 amamus,
3287 1835 3342 1884 et
3371 1827 3458 1884 cui
3486 1843 3611 1882 cum
3641 1908 3644 1909 ν

335 1911 592 1976 θάνατον,
607 1917 889 1979 παστάδας
909 1935 967 1969 τε
986 1919 1161 1987 ἱερὰς,
1177 1920 1274 1972 καὶ
1295 1920 1573 1991 θαλάμους
1586 1921 1914 1989 ἀθανάτους,

334 2009 429 2059 καὶ
484 2008 784 2076 νυμφῶνας
845 2010 1118 2079 διηνεκεῖς
1171 2013 1580 2086 ἀντιλάϐοιμεν,
1635 2017 1732 2070 καὶ
1783 2017 1916 2089 παρ’

331 2096 485 2167 αύτῷ
513 2097 783 2170 λαμπρῶς
819 2101 1239 2174 βασιλεύσομεν.

403 2185 490 2244 ll'.
518 2190 664 2259 Πρδς
690 2191 864 2244 ταῦτα
891 2192 920 2244 ό
947 2191 1235 2264 δικαστὴς,
1261 2194 1418 2259 εἰδὼς
1452 2196 1528 2259 ὡς
1553 2197 1775 2253 ἀνύσειε
1814 2198 1916 2267 μὲν

333 2278 500 2332 πλέον
532 2280 706 2342 οὐδὲν.
731 2281 1130 2353 φλεγμαίνοντι
1163 2286 1221 2339 δὲ
1251 2287 1402 2358 ὅμως
1443 2289 1522 2359 τῷ
1552 2289 1712 2360 θυμῷ
1753 2308 1914 2363 χαρι-

332 2369 580 2439 ζόμενος,
610 2373 708 2442 τὴν
733 2375 998 2446 δευτέραν
1025 2376 1138 2432 τῶν
1167 2379 1414 2448 ἀδελφῶν
1451 2380 1684 2454 δευτέρᾳ
1730 2383 1916 2437 δίδωσι

331 2464 449 2524 ταῖς
481 2461 762 2532 βασάνοις.
801 2467 910 2520 Καὶ
944 2469 1268 2539 μετεωρίζει
1297 2470 1398 2540 μὲν
1431 2471 1527 2523 ἐπὶ
1551 2473 1648 2526 τοῦ
1686 2471 1847 2540 ξύλου
1879 2477 1912 2546 η

332 2555 559 2621 γενναία
613 2558 752 2627 γυνὴ
818 2559 1183 2632 Μητροδώρα,
1252 2562 1535 2633 λαμπάδες
1609 2565 1667 2618 δὲ
1744 2565 1916 2635 πυρὸς

334 2647 583 2701 διέκαιον
615 2650 786 2720 αὐτὴν
816 2651 1122 2706 πάντοθεν⁸
1152 2655 1250 2708 καὶ
1274 2655 1434 2726 ὡρῶν
1476 2657 1572 2710 δύο
1613 2660 1682 2728 τῇ
1711 2657 1918 2728 ἀπηνεῖ

332 2740 512 2810 ταύτῃ
567 2741 871 2816 πιεζομένη
936 2745 1178 2811 κολάσει,
1208 2747 1301 2800 τὸν
1362 2746 1604 2819 ἐραστὴν
1647 2749 1917 2803 ἐπεϐοᾶτο

334 2831 519 2900 μόνον,
559 2833 657 2887 καὶ
715 2834 815 2905 τὴν
861 2837 1076 2890 ἐκεῖθεν
1125 2837 1316 2890 ἐκάλει
1369 2837 1720 2909 ἐπικουρίαν.
1753 2838 1917 2894 Ἀλλά

336 2923 447 2990 μὴν
483 2922 608 2976 οὐδὲ
639 2923 1062 2995 τῆςείδωλικῆς
1101 2926 1298 2994 ἠμέλει
1340 2927 1579 2998 ἀπάτης,
1625 2928 1742 2982 ἀλλ’
1781 2930 1918 2999 ὲμυ-

333 3009 563 3082 κτήριζέ
583 3030 644 3066 τε
668 3015 839 3085 αὐτὴν
860 3015 975 3078 καὶ,
993 3016 1130 3084 ὅπερ
1145 3011 1214 3086 ἦν
1231 3015 1473 3088 άληθῶς,
1492 3017 1754 3088 αἰσχύνην
1776 3019 1916 3073 εδει.

332 3122 429 3158 κνυ
457 3107 552 3158 καὶ
581 3107 820 3174 γέλωτα.
877 3107 1074 3160 Ἔνθεν
1097 3124 1182 3162 τοι
1223 3109 1320 3162 καὶ
1369 3109 1605 3177 κατάγει
1662 3111 1764 3179 μὲν
1814 3113 1916 3181 τὴν

331 3196 591 3262 γενναίαν
617 3197 831 3250 ἐκεῖθεν
850 3214 864 3229 ·
902 3199 1122 3268 μοχλοῖς
1146 3197 1204 3251 δὲ
1229 3201 1471 3270 σιδηροῖς
1495 3200 1790 3256 ὑποϐάλλει
1821 3201 1916 3254 καὶ
1943 3239 1985 3298 C

329 3293 389 3341 τὸ
419 3291 529 3343 πᾶν
560 3290 732 3360 αὐτῆς
763 3291 938 3356 πιέζει
995 3291 1157 3362 σῶμα
1213 3292 1310 3347 καὶ
1356 3294 1626 3366 καταθλᾷ.
1689 3294 1907 3366 Ἐκείνη

330 3379 516 3450 μέντοι
543 3381 645 3450 τὴν
670 3381 836 3449 φύσιν
864 3382 964 3452 ἠδη
995 3383 1462 3454 ἀπαγορεύσασαν
1487 3385 1809 3456 αἰσθομένη,
1829 3385 1908 3458 τῷ

327 3472 642 3546 φιλουμινῳ
661 3474 912 3529 συλλαλεῖ
933 3477 1194 3548 Νυμφίῳ,
1225 3474 1316 3531 οἷα
1342 3478 1408 3550 δὴ
1433 3477 1521 3532 διά
1545 3479 1638 3532 τοῦ
1665 3479 1902 3532 θανάτου

328 3565 468 3636 πρὸς
500 3567 668 3620 αὑτὸν
723 3567 1129 3636 πλησιάζουσα,
1177 3569 1276 3623 καὶ
1312 3570 1405 3624 τὸν
1435 3570 1704 3640 νυμφῶνα
1739 3572 1906 3642 ἑαυτῇ

334 3660 877 3728 προπαρασκευάζει.
909 3657 1048 3716 Εἶτα
1083 3661 1178 3716 xal
1213 3662 1317 3733 τὴν
1366 3662 1547 3733 ψυχὴν
1589 3665 1711 3726 ταῖς
1742 3662 1912 3731 ἀγγέ-

327 3747 437 3800 λων
462 3749 623 3818 χερσὶ
653 3747 924 3814 πιστεύει,
949 3752 1046 3803 καὶ
1066 3750 1164 3820 ὅλη
1197 3751 1334 3820 πρὸς
1354 3751 1524 3804 αὑτὸν
1557 3753 1810 3822 ὲκδημεῖ.
1847 3750 1908 3805 '0

328 3840 650 3911 παράνομος
670 3841 728 3894 δὲ
752 3841 936 3913 ἄρχων
959 3845 1164 3906 ἐκεῖνος
1190 3845 1301 3906 τοῖς
1333 3844 1476 3906 ὅλοις
1497 3844 1908 3914 ἀπαγορεύσας,

327 3933 422 3986 Jul
451 3933 514 3986 τὸ
542 3933 643 4003 τῆς
669 3935 935 4002 αἰσχύνης
977 3935 1256 4006 ὑπερφυὲς
1277 3930 1282 3934 ’
1303 3935 1628 4002 ὑπενεγκεῖν
1657 3935 1718 3986 ού
1743 3934 1909 3988 δυνά-

329 4042 515 4094 μενος,
542 4026 841 4079 ὕπελίπετό
864 4043 988 4080 τινα
1019 4028 1168 4096 ὅμως
1199 4026 1382 4097 ἑαυτῷ
1404 4027 1784 4098 παραμυθίαν,
1806 4029 1908 4100 τὴν

324 4118 522 4190 τρίτην
565 4118 676 4172 τῶν
706 4117 978 4188 ἀδελφῶψ
1012 4121 1107 4174 καὶ
1153 4121 1655 4191 παραστησάμενος
1684 4119 1913 4191 Νυμφο-

321 4213 507 4282 δ.ἱ)ραν
527 4213 588 4267 τὸ
615 4215 789 4282 πρᾶον
811 4214 1190 4284 ἀναισχύντως
1212 4215 1310 4267 καὶ
1332 4215 1517 4286 ἱλαρὸν
1542 4214 1906 4286 ὑπεκρίνατο,

325 4306 443 4368 καὶ,
467 4305 731 4375 Πείσθητί
767 4323 858 4374 μοι
887 4307 992 4360 κᾶν
1015 4305 1178 4376 αὐτὴ,
1206 4305 1421 4376 ἔλεγεν,
1445 4300 1490 4361 ὦ
1524 4306 1666 4377 καλὴ
1698 4308 1904 4375 νεᾶνις,

325 4401 394 4468 ῆν
425 4396 540 4466 ἐγὼ
568 4397 728 4452 πλόον
749 4399 858 4452 τῶν
910 4399 1109 4466 ἄλλων,
1150 4401 1208 4454 αἱ
1257 4401 1412 4470 φίλαι
1434 4401 1545 4454 τῶν
1576 4401 1713 4457 θεῶν
1755 4405 1905 4457 ῑσασι

322 4489 574 4561 χάριτες,
621 4489 716 4541 καὶ
765 4488 858 4541 τοῦ
891 4490 1129 4552 κάλλους
1163 4490 1378 4560 ἄγαμαι
1412 4491 1506 4545 καὶ
1540 4493 1641 4562 τῆς
1682 4492 1904 4564 ἡλικίας

2024 1921 2205 1975 dotem
2225 1921 2400 1976 solum
2444 1920 2782 1987 dederimus,
2801 1937 2918 1975 eam
2935 1935 3098 1991 quam
3117 1919 3345 1990 proipso
3363 1917 3613 1974 subimus

2024 2021 2277 2078 mortem,
2298 2027 2483 2070 sacros
2503 2013 2835 2068 immortales
2867 2021 2922 2068 et
2958 2021 3194 2068 teternos
3253 2011 3607 2080 accipiemus

2021 2102 2309 2167 thalamos,
2370 2113 2426 2159 et
2496 2103 2752 2173 praeclare
2801 2105 2943 2185 ap‘ud
3014 2105 3191 2173 ipsum
3240 2103 3614 2175 rcgnabimus.

2099 2193 2228 2250 Vlll.
2249 2194 2329 2248 Ex
2352 2194 2436 2250 his
2459 2194 2771 2265 intelligens
2789 2195 2954 2264 judex
2979 2210 3037 2249 se
3056 2195 3196 2249 nihil
3233 2194 3453 2264 quidem
3479 2192 3615 2249 etl‘e-

2022 2293 2264 2350 cturum,
2295 2285 2525 2341 ferventi
2581 2295 2761 2341 tamen
2813 2285 2908 2342 irae
2965 2285 3272 2358 indulgens,
3314 2283 3612 2340 secundam

2023 2391 2266 2433 sororem
2290 2391 2537 2432 seorsum
2567 2377 2659 2433 dat
2678 2377 2920 2433 secundo
2935 2377 3056 2433 loco
3110 2377 3488 2446 torquendam.
3544 2375 3612 2430 Et

2023 2469 2258 2524 sublime
2294 2469 2517 2539 quidem
2554 2469 2611 2524 in
2665 2470 2812 2542 ligno
2854 2471 3055 2542 pendet
3081 2471 3374 2526 mulierum
3426 2468 3611 2525 fortis-

2023 2557 2163 2612 sima
2197 2557 2529 2624 Metrodora,
2553 2559 2832 2630 lampades
2860 2567 3044 2614 autem
3065 2560 3206 2630 ignis
3230 2574 3353 2617 eam
3380 2559 3610 2615 urebant

2022 2664 2087 2705 ex
2111 2649 2264 2704 omni
2297 2658 2473 2720 parte;
2507 2658 2564 2706 et
2591 2665 2716 2707 cum
2751 2652 2928 2721 spatio
2952 2651 3185 2705 duarum
3212 2637 3472 2706 horarum
3505 2650 3610 2704 hoc

2022 2742 2174 2813 gravi
2223 2751 2566 2812 premeretur
2602 2743 2895 2814 supplicio,
2924 2744 3100 2799 solum
3130 2759 3290 2815 suum
3339 2742 3610 2798 clamabat

2021 2842 2344 2903 amatorem,
2375 2844 2432 2891 et
2456 2836 2575 2908 ejus
2602 2835 2890 2892 invocabat
2946 2836 3232 2891 auxilium.
3264 2833 3371 2890 Sed
3428 2849 3608 2904 neque

2023 2924 2292 2981 idolorum
2320 2927 2629 2998 negligebat
2657 2927 3064 2998 deceptionem,
3097 2926 3192 2983 sed
3229 2935 3284 2980 et
3313 2941 3431 2981 eam
3472 2926 3612 2979 sub-7

2023 3018 2312 3083 sannabat,
2331 3028 2408 3085 et,
2427 3019 2479 3073 id
2508 3019 2650 3090 quod
2677 3029 2796 3075 erat
2817 3035 3028 3086 revera,
3053 3029 3267 3090 turpem
3285 3017 3612 3074 ostendebat

2023 3117 2079 3164 et
2112 3109 2416 3165 ridiculam.
2456 3111 2721 3180 Deinceps
2777 3120 2959 3167 autem
3008 3124 3331 3182 generosam
3386 3106 3607 3178 quidem

2023 3199 2171 3256 illam
2198 3201 2467 3274 virginem
2503 3204 2652 3259 illinc
2677 3203 2917 3267 deducit,
2948 3201 3149 3258 ferreis
3191 3217 3326 3256 vero
3356 3199 3607 3255 vectibus

2016 3293 2257 3364 subjicit,
2286 3304 2340 3349 et
2365 3295 2683 3350 universum
2704 3296 2824 3364 ejus
2850 3308 3049 3363 corpus
3067 3293 3268 3363 premit
3290 3287 3604 3346 etcunfrin-

2012 3385 2108 3454 git.
2147 3383 2241 3439 llla
2271 3393 2479 3453 autem,
2518 3383 2872 3456 defatigatam
2899 3384 3010 3454 jam
3045 3381 3290 3438 sentiens
3326 3388 3633 3433 naturam...

2012 3488 2277 3544 sponsum
2307 3473 2564 3529 dilectum
2605 3473 2992 3542 alloquitur,ut
3011 3485 3130 3540 quae
3151 3485 3246 3540 per
3276 3477 3507 3523 mortem
3536 3465 3595 3520 ei

2011 3566 2499 3636 appropinquaret,
2538 3573 2594 3620 et
2644 3564 2746 3620 sibi
2804 3571 2959 3630 parat
3007 3562 3332 3616 thalamum.
3389 3557 3599 3613 Deinde

2011 3656 2249 3711 animam
2283 3671 2436 3710 suam
2462 3655 2637 3710 credit
2658 3655 2909 3710 manibus
2931 3651 3269 3724 angelorum,
3305 3657 3362 3704 et
3387 3657 3497 3703 tota
3531 3650 3600 3704 ad

2011 3747 2190 3817 ipsum
2221 3747 2454 3802 excedit.
2477 3746 2701 3816 Iniquus
2717 3755 2899 3800 autem
2925 3743 3191 3815 illejude‘x-
3213 3755 3363 3808 spem
3378 3747 3604 3796 omnem

2012 3839 2298 3909 ahjicicns,
2321 3847 2377 3893 et
2405 3853 2517 3892 non
2545 3837 2728 3892 valens
2744 3836 2888 3892 ferre
2913 3850 3184 3891 summum
3207 3834 3463 3900 dedecus,
3491 3832 3602 3890 sibi

2014 3938 2198 3986 tamen
2227 3930 2516 4002 quamdam
2544 3929 2887 4000 relinquebat
2918 3927 3369 3995 consolationem,
3394 3941 3620 3997 nempe--

2016 4022 2234 4078 tertiam
2273 4036 2541 4077 sororem.
2606 4019 2671 4076 Et
2727 4035 2850 4076 eum
2905 4019 3311 4092 producendam
3349 4029 3616 4076 curasset

2013 4114 2480 4185 Nymphodoram,
2522 4112 3005 4170 mansuetudinem
3035 4120 3086 4166 et
3120 4112 3454 4169 hilaritatem
3480 4112 3588 4167 im-

2012 4207 2290 4277 pudenter
2313 4206 2612 4270 simulavit,
2632 4214 2688 4261 et
2712 4206 2762 4260 ei
2792 4205 2948 4260 dixit:
2980 4203 3110 4259 Mihi
3139 4220 3349 4261 morem
3375 4220 3527 4277 gere,
3560 4222 3596 4260 o

2011 4296 2242 4367 pulchra
2270 4295 2696 4363 adulescentula,
2733 4311 2896 4366 quam
2938 4314 3040 4369 ego
3069 4299 3194 4369 plus
3248 4313 3410 4369 quam
3459 4297 3604 4353 alias

2014 4390 2262 4460 (deorum
2281 4390 2472 4446 amicae
2495 4390 2548 4445 id
2565 4389 2745 4445 sciunt
2759 4388 3002 4461 Gratiae),
3030 4401 3091 4446 et
3107 4391 3346 4446 admiror
3368 4400 3594 4462 propter

2013 4483 2502 4553 pulchritudinem,
2551 4491 2607 4538 et
2641 4483 2820 4538 aetatis
2858 4484 3139 4539 misereor.
3194 4484 3397 4539 Morem
3460 4484 3593 4540 mihi

323 4580 606 4652 οἰκτείρω*
634 4579 887 4651 πείσθητί
917 4598 1008 4651 μοι
1037 4581 1118 4652 τῷ
1143 4580 1318 4646 οὕτως
1349 4581 1427 4644 ὡς
1458 4583 1648 4646 παιδὸς
1666 4583 1902 4654 γνησίας

2020 4589 2161 4646 gere.
2201 4575 2294 4644 qui
2326 4590 2436 4630 non
2473 4574 2672 4640 minus,
2707 4590 2870 4644 quam
2931 4591 3202 4645 germana:
3233 4575 3354 4630 filiae
3390 4583 3484 4630 tuo
3510 4577 3594 4631 in-

327 4691 423 4729 σου
504 4675 938 4745 περικαιομόνῳ,
1008 4675 1104 4728 καὶ
1177 4673 1577 4746 προσελθοῦσα,
1633 4676 1687 4728 τί
1741 4676 1904 4730 τοῦτο

335 4766 516 4844 βαρύς
567 4767 954 4839 προσκύνησον
987 4768 1104 4830 τοῖς
1159 4765 1304 4830 θεοῖς
1338 4767 1518 4837 μόνον,
1547 4766 1646 4820 καὶ
1701 4766 1904 4820 αὐτίκα

326 4861 598 4930 μεγίστην
649 4861 748 4931 μὲν
797 4859 1009 4912 εἴσεταί
1063 4876 1146 4913 σοι
1195 4857 1906 4932 χάρινὸβασιλεύςοδὼσει

323 4954 380 5006 δὲ
413 4955 509 5006 καὶ
541 4954 806 5023 χρήματα
835 4953 932 5005 καὶ
962 4950 1151 5022 τιμὰς,
1201 4951 1297 5006 καὶ
1319 4951 1381 5004 τό
1407 4969 1471 5019 γε
1517 4951 1723 5022 μεῖζον,
1754 4952 1903 5022 παῤ-

325 5044 525 5115 ρησίαν
543 5044 644 5113 τὴν
667 5043 805 5114 πρὸς
830 5041 1016 5097 αὐτόν.
1039 5042 1101 5095 Εἰ
1120 5041 1176 5094 δὲ
1201 5041 1298 5112 μὴ,
1323 5041 1462 5095 ἀλλὰ
1488 5041 1695 5106 κακῶς,
1713 5040 1862 5110 οῐμοι
1887 5041 1900 5094 ι

325 5139 422 5190 καὶ
475 5135 618 5207 αὐτὴ
674 5135 890 5199 ἀπολεῖ,
933 5133 1032 5186 καὶ
1074 5132 1228 5186 οὐδὲν
1277 5131 1499 5193 πάντως
1546 5131 1646 5202 τῆς
1696 5130 1905 5201 πικρᾶς

324 5230 532 5298 ταύτης
561 5227 732 5298 ὀνήσῃ
760 5225 1025 5289 τελευτῑις
1077 5224 1269 5296 ὥσπερ
1323 5223 1418 5277 οὖν
1448 5222 1558 5277 οὐδ’
1585 5224 1642 5276 at
1672 5221 1906 5290 ἀδελφαὶ

322 5321 496 5389 αὑτῆς
524 5319 755 5374 ὤναντο.

393 5409 473 5463 Θ¹.
503 5409 692 5472 Οὕτως
745 5403 839 5463 οὖν
872 5406 966 5461 τοῦ
986 5405 1251 5478 ἄρχοντος
1281 5405 1599 5476 εἰρηκότος,
1619 5403 1718 5457 ἐπὶ
1753 5404 1904 5458 τέλει

321 5506 376 5557 EE:
411 5503 511 5557 καὶ
546 5500 812 5570 φρόνιμον
847 5500 948 5553 καὶ
994 5499 1106 5552 τῶν
1136 5497 1383 5568 ἀδελφῶν
1419 5496 1794 5564 συνετωτέραν
1823 5499 1903 5549 εί·

322 5595 541 5658 πόντος,
560 5592 747 5658 ὲκείνη
777 5592 888 5645 τῶν
918 5590 1098 5646 ἄλλων
1128 5590 1296 5646 αὐτοῦ
1340 5588 1519 5657 λόγων
1549 5589 1650 5641 ὅσα
1686 5587 1780 5663 καὶ
1805 5588 1902 5658 λή-

324 5705 436 5755 ρων
469 5683 811 5756 φροντίσασα
832 5697 848 5714 ⁸
871 5683 933 5737 τὸ
955 5684 1222 5752 φρόνιμον
1237 5681 1294 5736 δὲ
1325 5680 1488 5750 μόνον
1517 5679 1900 5742 ὑπολαϐοῦσα,

321 5777 457 5834 Εἶτα
484 5783 586 5832 οὐκ
609 5777 865 5850 αἰσχύνῃ,
895 5775 1023 5848 ἔφη,
1048 5776 1171 5830 οὐδὲ
1195 5774 1476 5846 ἐρυθριᾷς,
1507 5771 1602 5827 νῦν
1636 5773 1735 5843 μὲν
1767 5774 1902 5842 φρό-

327 5886 487 5946 νιμον
539 5867 840 5941 ὀνομάζων,
868 5867 970 5932 ,νῦν
1020 5867 1078 5922 δὲ
1126 5866 1219 5921 τὸν
1271 5864 1450 5937 ἀληθῆ
1483 5863 1896 5920 καταλιποῦσαν

2010 4667 2215 4720 cendor
2239 4680 2445 4731 amore;
2472 4673 2526 4719 et
2550 4666 2816 4721 accedens
2841 4666 3118 4735 (quidnam
3143 4675 3228 4720 est
3252 4667 3355 4720 hoc
3382 4668 3590 4736 grave?)

2007 4757 2139 4811 deos
2167 4756 2344 4811 solum
2373 4756 2557 4822 adora,
2588 4763 2644 4811 et
2681 4756 2864 4810 statim
2901 4758 3190 4813 maximam
3220 4759 3440 4828 quidem
3492 4759 3596 4814 tibi

2008 4849 2236 4919 gratiam
2273 4846 2823 4916 habebitimperator;
2843 4846 2991 4901 dabit
3018 4856 3200 4903 autem
3221 4849 3481 4919 pecunias
3530 4859 3605 4905 et.

2008 4942 2265 5006 honores,
2300 4951 2354 4996 et
2403 4939 2546 5008 quod
2579 4947 2662 4994 est
2691 4938 2851 5010 longe
2894 4941 3214 5002 maximum.
3239 4941 3382 5011 apud
3403 4941 3581 5012 ipsum

2008 5032 2284 5086 fiduciam.
2315 5030 2410 5086 Sin
2437 5031 2640 5097 minus,
2669 5032 2756 5086 hei
2800 5032 2954 5099 mihi,
2983 5042 3040 5088 tu
3059 5049 3274 5104 quoque
3303 5035 3420 5105 ipsa
3443 5036 3590 5090 male

2008 5126 2252 5202 peribis;
2291 5141 2468 5195 neque
2511 5126 2625 5182 haec
2676 5142 2825 5181 mors
2879 5129 3074 5182 acerba
3129 5129 3224 5183 tibi
3281 5129 3579 5200 quidquam

2008 5217 2234 5273 omnino
2285 5218 2549 5289 proderit,
2603 5219 2876 5288 quomodo
2899 5235 3004 5276 nec
3055 5221 3161 5276 tuis
3182 5221 3392 5292 profuit
3426 5239 3578 5278 soro-

2009 5310 2180 5365 ribus.

2079 5399 2169 5455 IX.
2204 5399 2340 5456 Cum
2367 5403 2444 5459 sic
2475 5402 2703 5458 dixisset
2721 5403 2912 5473 judex,
2944 5414 3220 5475 postremo
3236 5416 3416 5462 autem
3460 5424 3578 5464 eam

2006 5502 2061 5547 et
2087 5493 2410 5563 prudentem
2438 5504 2494 5550 et
2521 5496 2734 5553 caeteris
2775 5507 3018 5554 vocasset
3046 5497 3457 5569 sapientiorem,
3490 5502 3576 5556 illa

2006 5587 2109 5639 alia
2136 5586 2254 5656 ejus
2285 5588 2592 5643 verba‘non
2632 5591 2804 5657 magis
2836 5607 3055 5658 curans,
3088 5607 3253 5662 quam
3283 5609 3478 5665 nugas,
3522 5593 3578 5649 id

2004 5687 2183 5732 autem
2209 5678 2572 5749 solum,quod
2592 5697 2710 5736 eam
2732 5683 2961 5738 vocabat
3007 5685 3354 5753 prudentem,
3427 5686 3577 5740 exci-

2006 5771 2180 5838 piens,
2197 5769 2314 5824 Non
2348 5780 2396 5825 te
2416 5773 2600 5841 pudet,
2621 5775 2815 5844 inquit,
2848 5791 2947 5830 nec
2969 5776 3265 5844 erubescis,
3291 5793 3436 5832 nunc
3458 5781 3579 5849 qui--

2005 5863 2124 5917 dem
2149 5861 2432 5918 nominare
2453 5867 2791 5950 punientem,
2815 5885 2954 5925 nunc
2977 5880 3154 5926 autem
3181 5887 3368 5926 verum
3405 5871 3593 5928 Deum.
