3996 6436
405 302 514 364 663

400 518 638 571 quonam
674 511 855 574 modo,
890 514 1087 585 inquit,
1127 526 1388 577 extrema:
1436 540 1543 580 non
1562 527 1728 586 fuerit
1757 530 1859 589 hoc
1894 537 1980 590 in-

412 598 602 662 saniae,
634 609 685 654 et
710 606 908 661 mentis
938 608 1095 676 plane
1131 623 1347 679 emotae,
1378 632 1408 669 a
1439 624 1724 677 communi
1749 624 1980 682 Domino

402 694 456 739 et
482 689 858 748 universorum
921 697 1116 766 opiﬁce
1151 700 1494 761 deficientem
1524 713 1677 782 sequi
1722 729 1979 771 manuutn

399 791 587 847 opera,
617 797 736 850 quae
764 796 951 841 carent
973 803 1138 845 sensu
1159 801 1212 847 et
1235 791 1614 867 intelligentia,
1641 811 1697 857 et
1719 818 1781 858 ea
1803 806 1981 862 colere

399 879 654 940 tanquam
684 874 849 930 deos?
872 876 1132 944 Quaenam
1169 897 1234 937 ex
1289 885 1371 940 eis
1409 890 1612 956 possim
1654 906 1896 962 sperare,
1928 906 1983 951 et

394 975 642 1031 quaenam
675 964 1018 1032 lucrifacere,
1056 972 1145 1027 die
1188 973 1345 1041 mihi,
1375 984 1429 1032 et
1478 980 1711 1051 accipio.
1741 984 1983 1042 Ostende

392 1054 531 1108 mihi
564 1057 695 1125 quid
746 1060 970 1117 bonisis
1014 1075 1343 1122 consecutus
1373 1084 1439 1124 ex
1487 1080 1576 1126 tua
1611 1073 1664 1128 in
1696 1076 1820 1132 illos
1850 1094 1980 1149 spe;

389 1155 448 1201 et
492 1150 715 1217 parebo.
767 1151 874 1209 Sed
923 1156 1061 1211 nihil
1126 1169 1283 1228 potes
1321 1162 1523 1220 dicere.
1577 1166 1804 1225 Revera
1836 1174 1981 1227 enim

383 1238 673 1297 simulacra
705 1247 937 1314 gentium
986 1261 1263 1321 argentum
1299 1265 1349 1308 et
1388 1273 1601 1320 aurum,
1666 1276 1826 1330 opera
1870 1280 1983 1319 ma-

388 1343 550 1384 nuum
598 1336 891 1391 hominum.
935 1338 1152 1394 Similes
1204 1342 1313 1397 illis
1335 1344 1470 1413 ﬁant
1502 1348 1591 1418 qui
1631 1349 1807 1404 colunt
1847 1367 1909 1407 ea
1938 1352 1980 1409 ί.

385 1420 454 1475 Ει
483 1423 602 1478 ideo
628 1441 695 1479 ne
734 1442 926 1497 parcas
955 1447 1017 1485 ea
1042 1448 1160 1501 quia
1185 1435 1320 1490 velis
1367 1436 1568 1493 facere.
1598 1439 1682 1494 En
1709 1442 1806 1497 tibi
1862 1460 1980 1498 car~

391 1526 491 1567 nes
532 1525 734 1584 paratae
773 1520 881 1588 pati
921 1533 1143 1591 propter
1170 1523 1474 1594 Christum,
1512 1538 1568 1583 et
1609 1533 1782 1602 magis
1813 1549 1977 1603 quam

386 1614 446 1657 tu
481 1620 581 1659 nos
614 1607 833 1676 punire.
869 1609 1024 1666 Tunc
1068 1612 1324 1683 ignorans
1357 1618 1646 1685 scelestus,
1678 1622 1807 1691 quid
1853 1637 1980 1695 age-

388 1706 493 1759 ret,
530 1712 585 1751 et
612 1715 906 1768 quamnam
954 1717 1103 1772 spem
1144 1707 1583 1775 apprehenderet
1629 1714 1749 1783 (per
1787 1715 1973 1770 omnia

380 1790 526 1842 enim
549 1790 723 1845 fuerat
739 1794 1031 1863 repulsus),
1052 1795 1193 1850 hanc
1209 1812 1428 1868 quoque
1444 1800 1732 1857 sublimem
1755 1803 1806 1858 in
1821 1805 1966 1876 ligno
2006 1812 2046 1867 Β

379 1879 611 1943 extollit,
642 1890 700 1936 et
731 1882 924 1938 ferreis
945 1900 1065 1939 eam
1100 1886 1363 1958 discerpit
1424 1893 1661 1963 ungulis.
1719 1895 1827 1951 Sed
1879 1897 1975 1953 illa

378 1972 444 2025 ad
473 1972 572 2026 hoc
593 1975 795 2029 nullam
812 1989 1213 2045 nequevocem,
1234 1995 1415 2051 neque
1501 1985 1761 2054 gemitum
1818 1987 1978 2042 emit‘

379 2063 546 2128 tebat;
585 2075 771 2136 aperte
799 2077 978 2123 autem
1044 2072 1368 2128 ostendebat
1419 2088 1478 2129 se
1504 2091 1627 2131 cum
1660 2076 1773 2132 Deo
1801 2078 1972 2133 collo-

382 2157 499 2224 qui.
536 2156 604 2211 Et
635 2159 739 2214 hoc
769 2159 1039 2216 docebant
1069 2170 1126 2218 et
1142 2163 1292 2219 labra
1328 2181 1451 2235 qua!
1501 2168 1884 2236 movebantur,
1916 2181 1973 2226 et

377 2249 523 2304 oculi
573 2266 713 2320 quos
745 2250 811 2305 ad
831 2252 1028 2308 caelum
1057 2254 1372 2310 extollebat.
1396 2258 1491 2312 llle
1523 2267 1708 2314 autem
1740 2260 1970 2317 stolidus

383 2352 575 2396 rursus
601 2357 820 2412 quoque
856 2344 1037 2400 verbis
1066 2360 1187 2400 eam
1212 2355 1297 2403 est
1325 2364 1635 2420 aggressus;
1694 2365 1806 2406 non
1832 2352 1967 2409 citra

377 2432 720 2501 violentiam,
749 2446 805 2491 et
838 2451 936 2506 per
958 2453 1265 2508 praeonem
1292 2441 1593 2511 jussiteam
1632 2444 1963 2510 sacriﬁcare,

374 2534 431 2581 et
456 2526 675 2581 liberari
700 2543 729 2582 a
756 2530 1061 2586 tormentis.
1089 2530 1180 2587 Illa
1201 2524 1604 2589 vero’dicebat:
1630 2532 1716 2589 Me
1733 2534 1965 2593 Domino

376 2634 501 2674 meo
529 2619 854 2688 sacriﬁcavi,
888 2634 1115 2692 propter
1135 2638 1298 2693 quem
1325 2626 1413 2680 vel
1448 2627 1560 2695 pati
1587 2635 1672 2683 est
1689 2627 1960 2699 voluptas,

370 2721 427 2767 et
450 2713 585 2768 mori
636 2713 869 2769 lucrum.
915 2715 1050 2771 Illud
1079 2718 1673 2790 auteminjustojudici
1698 2722 1961 2790 majorem

370 2807 619 2862 accendit
647 2807 909 2869 furorem.
937 2808 1136 2865 Deinde
1165 2819 1348 2866 autem
1381 2828 1498 2867 eam
1534 2828 1749 2884 quoque
1769 2814 1961 2870 ferreis

370 2901 632 2956 contrivit
680 2911 734 2954 et
775 2902 1046 2972 confregit
1076 2906 1342 2961 vectibus.
1382 2904 1489 2962 Sed
1520 2907 1705 2978 ,hujus
1740 2923 1958 2978 quoque

369 2992 595 3047 omnino
628 3009 811 3047 curam
855 2995 1348 3067 similitergerebat
1390 2997 1533 3053 Deus
1554 3010 1614 3054 ut
1678 3012 1952 3063 sororum,

370 3094 428 3139 et
448 3084 716 3140 efficiebat
764 3096 821 3141 ut
849 3087 1084 3144 immane
1117 3092 1353 3145 vinceret
1383 3091 1738 3161 supplicium,
1762 3101 1817 3147 ct
1862 3093 1955 3148 ad-

1640 333 1929 398 MENSIS
1969 341 2446 415 SEPTEMBER.

406 410 834 485 relinquentem,
865 418 1059 490 jubere
1088 426 1155 481 ad
1177 434 1300 485 tuos
1327 432 1589 490 accedere
1615 437 1987 500 daeinonesiEt

3568 379 3677 442 664

2017 461 2059 515 Α
2090 454 2336 510 κελεύων
2396 461 2514 525 τοῖς
2568 461 2788 537 δαίμοσι
2846 469 2960 535 τοῖς
2998 473 3115 537 σοῖς
3170 479 3533 552 προσελθεῖν;
3568 488 3682 543 Καὶ

2087 550 2250 650 ποίας
2302 554 2402 607 οὐκ
2445 556 2685 627 ἐσχάτης
2732 560 2899 619 τοῦτό
2950 568 3156 635 μανίας
3212 572 3309 625 καὶ
3371 550 3679 650 διαφθορᾶς

2084 642 2196 695 τῶν
2228 646 2466 715 φρενῶν,
2492 651 2767 708 Δεσπότου
2801 657 2987 711 κοινοῦ
3014 661 3110 715 καὶ
3133 663 3225 717 τοῦ
3247 664 3357 719 τῶν
3383 668 3523 723 ὅλων
3543 672 3675 726 τού-

2082 751 2193 836 των
2229 736 2550 796 ἀποστᾶσαν
2583 745 2962 820 Δημιουργοι·,
2994 753 3195 823 χειρῶν
3253 756 3455 827 ἔργοις,
3478 763 3678 836 αἰσθή-

2085 826 2226 891 σεώς
2258 845 2317 883 τε
2367 833 2462 886 καὶ
2500 837 2716 906 φρενῶν
2758 841 2995 913 ἐρήμοις
3027 826 3419 918 ἀκολουθῆσαι,
3454 855 3549 908 καὶ
3573 826 3678 909 αῦ-

2084 921 2198 1012 τοῖς
2235 921 2327 975 ῖσα
2348 925 2442 981 καὶ
2465 926 2602 982 θεῶν
2622 936 3026 1006 προσανέχειν;
3054 936 3174 992 Ἵνα
3199 938 3321 995 τίνα
3358 945 3492 1012 γοῦν
3526 947 3676 1002 ἐκεῖ-

2087 1008 2184 1106 θεν
2220 1012 2434 1106 ἐλπίσω
2458 1033 2473 1082 ;
2503 1017 2617 1073 Ἵνα
2633 1022 2686 1074 τί
2708 1023 2763 1076 δὲ
2789 1026 3069 1096 κερδάνω;
3099 1028 3256 1095 Είπὲ,
3281 1008 3379 1085 καῖ
3401 1033 3631 1106 δέχομαι
3648 1054 3665 1070 ·

2084 1103 2260 1171 δεῖξόν
2292 1125 2387 1178 μοι
2423 1110 2476 1163 τί
2504 1113 2745 1183 χρηστὸν
2774 1116 2875 1184 τῆς
2905 1120 2993 1173 ἐπ’
3023 1118 3169 1174 αὐτὰ
3215 1123 3278 1176 σὺ
3334 1103 3668 1193 προσδοκίας

2084 1199 2416 1266 ἁπέλαυσας,
2446 1205 2540 1256 καὶ
2576 1206 2858 1278 πείθομαι.
2897 1211 3038 1266 Ἀλλ’
3060 1210 3166 1266 οὐκ
3188 1211 3253 1267 ἂν
3285 1213 3429 1286 ἔχοις
3456 1220 3665 1272 εἰπεῖν·

2085 1293 2304 1365 ἀληθῶς
2338 1297 2451 1368 γὰρ
2475 1298 2547 1353 τὰ
2584 1300 2807 1356 εἴδωλα
2855 1303 2975 1360 τῶν
3017 1305 3215 1363 ἐθνῶν
3250 1308 3536 1380 ἀργύριον
3564 1313 3669 1367 καί

2084 1387 2363 1455 χρυσίον,
2394 1390 2537 1460 ἔργα
2563 1393 2777 1463 χειρῶν
2801 1396 3151 1467 ἀνθρώπων.
3180 1397 3411 1470 Ὅμοιοι
3456 1405 3668 1473 αὐτοῖς

2084 1481 2351 1550 γένοιντο
2376 1488 2431 1539 οἱ
2461 1485 2744 1556 τιμῶντες
2795 1492 2969 1547 αὐτά.
2993 1496 3138 1565 Πρὸς
3193 1495 3372 1550 ταῦτα
3433 1498 3670 1568 μηδενὸς

2083 1571 2290 1643 ἀπέχου
2320 1569 2396 1628 ὧν
2428 1576 2632 1646 βούλει.
2667 1580 2799 1636 Ἰδού
2837 1601 2920 1639 σοι
2949 1589 3041 1640 καὶ
3075 1588 3283 1659 σάρκες
3313 1588 3545 1659 πάσχειν
3574 1591 3667 1646 διά

2081 1663 2316 1734 Χριστὸν
2355 1669 2588 1741 ἕτοιμοι,
2641 1674 2733 1728 καὶ
2768 1675 2973 1745 μᾶλλον
3006 1679 3039 1751 ἦ
3073 1679 3137 1733 σὺ
3175 1679 3431 1744 κολάζειν
3491 1683 3664 1753 ἡμᾶς.

2097 1756 2363 1812 Ἐνταῦθα
2420 1763 2496 1833 μὴ
2531 1762 2672 1833 ἔχων
2705 1767 2733 1821 ὁ
2766 1769 2970 1839 μιαρὸς
3008 1773 3036 1824 ὃ
3058 1789 3112 1824 τι
3154 1774 3250 1827 καὶ
3298 1774 3541 1845 δράσειε,
3569 1776 3668 1829 καὶ

2091 1849 2253 1915 ποίας
2274 1851 2384 1923 ἄρα
2413 1857 2513 1927 τῆς
2543 1857 2757 1924 ἐλπίδος
2805 1861 3091 1928 ἀνθέξεται
3147 1865 3260 1936 (διὰ
3291 1867 3510 1921 πάντων
3532 1884 3665 1938 τρο-

2083 1943 2202 1997 πῶν
2224 1946 2623 2019 ἀπεκρούσθη),
2657 1953 2752 2006 καὶ
2785 1954 2985 2024 ταύτην
3006 1958 3100 2011 ἐπὶ
3127 1958 3222 2011 τοῦ
3261 1958 3422 2022 ξύλου
3452 1958 3695 2028 μετεωο’

2083 2036 2248 2103 ρίζει,
2272 2038 2370 2091 καὶ
2411 2039 2679 2107 διαξαίνει
2709 2044 2946 2116 σιδηροῖς
2975 2047 3178 2114 ὄνυξιν.
3217 2051 3360 2105 Ἀλλ’
3401 2051 3662 2122 οὐδεμίαν

2080 2128 2218 2198 πρὸς
2250 2131 2423 2185 ταῦτα
2444 2134 2629 2207 ἐκείνη
2646 2136 2767 2191 οὐδὲ
2789 2140 2976 2209 φωνὴν
2994 2140 3115 2194 οὐδὲ
3146 2159 3349 2211 στεναγ
3358 2142 3458 2212 μὸν
3481 2144 3659 2214 ἠφίει,

2078 2224 2293 2295 φανερὰ
2348 2225 2406 2279 δὲ
2435 2225 2504 2300 ἦν
2551 2230 2898 2287 συλλαλοῦσα
2950 2233 3092 2306 Θεῷ.
3160 2235 3274 2290 Καὶ
3311 2235 3471 2290 τοῦτο
3515 2239 3656 2309 αὐτῇ

2075 2315 2144 2369 τά
2175 2332 2239 2384 γε
2275 2318 2682 2389 ὑποκινούμενα
2731 2324 2886 2396 χείλη
2915 2325 3215 2393 ἐδίδασκον,
3267 2328 3364 2381 καὶ
3419 2328 3468 2381 oi
3518 2330 3659 2399 πρὸς

2072 2407 2340 2478 οὐρανοὺς
2388 2412 2671 2483 αἰρόμεναι
2716 2414 3007 2487 ὀφθαλμοί.
3063 2418 3122 2472 ⁸0
3163 2418 3347 2473 τοίνυν
3393 2419 3657 2484 ἀσύνετος

2073 2502 2281 2564 ἐκεῖνος
2323 2503 2537 2573 λόγους,
2563 2506 2701 2579 αὐτῇ
2728 2509 2821 2562 καὶ
2857 2510 3021 2565 πάλιν
3040 2510 3140 2565 οὐκ
3158 2511 3434 2575 άὸιάστως
3452 2512 3654 2582 ἐπῆγε,

2072 2595 2167 2649 καὶ
2201 2595 2349 2650 θύειν
2375 2596 2463 2651 διὰ
2508 2598 2603 2652 τοῦ
2655 2602 2896 2672 κήρυκος
2937 2602 3180 2670 ἐκέλευε,
3224 2607 3321 2657 καὶ
3369 2605 3656 2660 ἀπαλλάτ-

2071 2688 2261 2743 τεσθαι
2289 2689 2397 2743 τῶν
2420 2690 2699 2761 βασάνων.
2737 2694 2798 2749 Ἥ
2825 2695 2904 2758 δὲ,
2933 2696 3442 2767 Τέθυκαέμαυτὴν.
3471 2698 3651 2767 ἔλεγε,

2069 2783 2226 2852 κάγὼ
2256 2783 2334 2854 τῷ
2381 2785 2576 2857 Κυρίῳ
2609 2803 2737 2857 μου,
2769 2787 2839 2843 δι’
2868 2788 2929 2843 δν
2964 2790 3059 2843 καὶ
3097 2791 3158 2843 τὸ
3212 2790 3408 2845 παθεῖν
3460 2791 3651 2861 ἡδονὴ,

2067 2873 2163 2928 καὶ
2185 2875 2245 2927 τὸ
2270 2875 2565 2931 ἀποθανεῖν
2587 2878 2800 2950 κέρδος.
2824 2879 2897 2932 Τὸ
2914 2880 2971 2934 δὲ
2992 2881 3102 2951 ἄρα
3126 2880 3353 2951 μείζονα
3374 2883 3454 2954 τῷ
3474 2884 3649 2954 ἀδίκῳ

2064 2968 2227 3037 κριτῇ
2255 2966 2354 3036 τὴν
2384 2969 2584 3038 μανίαν
2608 2970 2880 3041 ὑφῆπτεν.
2900 2971 3066 3027 Ὀθεν
3089 2975 3188 3027 καὶ
3218 2976 3441 3046 μοχλοῖς
3470 2976 3646 3048 αὐτὴν

2065 3058 2305 3128 σιδηροῖς
2324 3059 2607 3131 συνέτριὸε
2627 3063 2724 3115 καὶ
2751 3061 3009 3118 συνέθλα.
3042 3063 3204 3118 Ἀλλά
3227 3068 3325 3119 καὶ
3346 3065 3553 3137 ταύτης
3575 3061 3645 3139 ἦν

373 3192 564 3231 versus
618 3178 790 3248 ipsam
851 3180 1006 3235 fortis
1045 3190 1215 3236 staret
1253 3191 1527 3237 naturam.
1577 3182 1782 3239 Deinde
1831 3199 1953 3239 eam

2072 3151 2282 3215 πάντως
2312 3151 2341 3204 ὁ
2369 3154 2481 3207 τῶν
2508 3154 2759 3224 ἀδελφῶν
2791 3154 2926 3219 Θεὸς
2961 3156 3167 3228 ὁμοίως
3213 3159 3518 3229 κηδόμενος
3549 3163 3649 3215 καὶ

370 3283 590 3338 quoque
613 3270 677 3323 ad
714 3285 771 3325 se
791 3273 1043 3337 accersit,
1081 3287 1137 3327 et
1157 3274 1308 3345 virgo
1328 3273 1560 3330 libenter
1577 3275 1809 3346 deponit
1831 3277 1954 3329 ani-
2024 3321 2028 3325 _

373 3376 516 3415 mam
551 3362 603 3416 in
643 3362 765 3418 sinu
800 3365 1081 3419 amatoris.

451 3639 518 3695 Χ.
547 3640 755 3712 Impius
784 3651 966 3698 autem
996 3641 1186 3713 iudex,
1215 3641 1307 3697 irae
1342 3651 1499 3698 utens
1530 3642 1754 3706 auxilio,
1789 3646 1951 3699 etiam

373 3735 429 3789 in
456 3733 571 3805 ipsa
600 3743 813 3790 mortua
839 3748 1068 3805 corpora
1096 3732 1295 3788 bellum
1329 3732 1487 3805 gerit;
1517 3742 1572 3789 et
1603 3750 1728 3790 cum
1756 3751 1955 3791 accen-

2058 3244 2156 3313 τῆς
2173 3260 2232 3296 τε
2257 3242 2496 3312 βασάνου
2516 3247 2741 3314 κρατεῖν
2765 3246 2942 3300 ἐποίει
2963 3248 3063 3316 τῆς
3091 3248 3362 3320 ἀπηνοῦς,
3382 3250 3479 3303 καὶ
3504 3250 3645 3320 πρὸς

2057 3334 2228 3405 αὐτὴν
2263 3335 2518 3390 ἵστασθαι
2550 3339 2817 3406 γενναίως
2850 3340 2951 3411 τὴν
2989 3339 3156 3410 φύσιν
3176 3354 3192 3370 °
3224 3339 3347 3396 εἶτα
3374 3343 3467 3397 καὶ
3497 3343 3643 3415 πρὸς

2058 3426 2251 3497 ἑαυτὸν
2314 3430 2732 3499 μετακαλεῖται,
2774 3436 2872 3488 καὶ
2898 3433 3025 3506 .τὴν
3057 3433 3240 3506 ψυχὴν
3278 3437 3313 3506 ἡ
3362 3436 3645 3507 παρθένος

2056 3521 2170 3580 τοῖς
2201 3518 2424 3584 κόλποις
2450 3520 2624 3590 ἡδέως
2650 3529 2749 3577 τοῦ
2782 3524 3019 3595 ἐραστοῦ
3044 3525 3393 3584 ἀποτίθεται.

2129 3610 2180 3664 I'.
2238 3612 2296 3665 ὐ
2331 3612 2515 3676 ἄδικος
2569 3615 2752 3670 τοίνυν
2806 3616 3024 3689 κριτὴς,
3056 3618 3156 3689 τὴν
3200 3619 3268 3671 ἐκ
3313 3616 3408 3672 τοῦ
3462 3618 3643 3688 θυμοῦ

2058 3706 2380 3775 συμμαχίαν
2402 3706 2757 3778 παραλασὼν,
2781 3709 2879 3763 καὶ
2899 3710 3084 3774 αὐτοῖς
3108 3711 3495 3782 ἐπιστρατεύει
3524 3713 3643 3776 τοῖς

2055 3802 2271 3867 νεκροῖς
2319 3799 2560 3870 σώμασι,
2608 3803 2706 3856 καὶ
2739 3803 2971 3873 κάμινον
3026 3804 3264 3874 ἀνάψας,
3315 3805 3414 3859 καὶ
3463 3804 3641 3876 πολλῇ

2055 3891 2261 3963 ταύτην
2292 3892 2395 3966 ὕλῃ
2433 3894 2526 3947 καὶ
2581 3895 2863 3967 ἐπιτηδεία
2918 3896 3147 3967 θρέψας,
3199 3896 3472 3961 ἀκοντίζει
3516 3903 3643 3949 κατ’

2055 3986 2226 4055 αὐτῆς
2263 3987 2331 4041 τά
2360 3988 2681 4060 μαρτυρικά
2730 3988 2982 4059 σώματα.
3010 3991 3142 4053 Θεὸς
3171 3991 3227 4044 δέ
3258 3992 3287 4044 ὁ
3314 3990 3423 4045 τῶν
3448 3990 3643 4061 ψυχῶν

2056 4079 2293 4149 ἐραστὴς
2331 4080 2454 4133 οὐδὲ
2485 4079 2595 4134 τῶν
2651 4082 2922 4151 σωμάτων
2954 4083 3150 4153 ἡμέλει
3176 4098 3191 4113 ·
3217 4082 3358 4138 ἀλλὰ
3390 4083 3642 4154 βροντῶν

2058 4172 2243 4240 μέντοι
2282 4171 2472 4242 χρῆμα
2502 4172 2600 4225 καὶ
2620 4173 2923 4246 ἀστραπῶν
2947 4175 3146 4244 ἀθρόον
3196 4178 3638 4247 καταῤῥαγεῖσαι

374 3826 546 3881 disset
597 3822 901 3889 fornacem,
976 3839 1206 3893 eamque
1258 3823 1482 3878 aluisset
1537 3825 1705 3878 multa
1725 3834 1781 3880 et
1828 3837 1954 3895 apta

369 3917 621 3982 materia,
680 3917 736 3971 in
798 3916 970 3987 ipsam
1022 3914 1296 3984 iaculatur
1370 3928 1598 3984 corpora
1645 3915 1953 3987 martyrica.

370 4007 514 4063 Deus
539 4017 719 4062 autem
751 4016 960 4062 amator
985 4007 1316 4072 animarum,
1341 4020 1443 4060 nec
1477 4020 1701 4075 corpora
1737 4007 1955 4077 quidem

369 4099 769 4172 neglexit;sed
826 4114 1016 4170 magna
1068 4100 1149 4152 vis
1200 4106 1424 4166 repente
1465 4112 1760 4166 erumpens
1811 4100 1954 4154 toni-

374 4203 559 4247 truum
618 4200 675 4245 et
724 4190 998 4260 fulgurum
1048 4190 1315 4260 praevenit
1358 4190 1534 4259 ignem
1593 4189 1855 4254 fornacis,
1902 4201 1956 4245 et
2058 4189 2472 4285 P‘V‘WLXP‘ll-W
2502 4189 2923 4285 ξαιξιστραπίξν
2947 4189 3146 4277 αυροξν
3196 4189 3407 4285 “impr:

371 4285 553 4353 ipsum
584 4282 844 4352 iudicem,
875 4291 1072 4350 etquae
1117 4280 1169 4334 ei
1227 4281 1497 4335 serviebat
1547 4281 1953 4337 multitudinem

2072 4261 2428 4333 rzpocpiioivouct
2466 4265 2529 4318 τὸ
2571 4267 2674 4335 τῆς
2731 4266 2967 4336 καμίνου
3028 4266 3160 4338 πῦρ,
3200 4267 3297 4321 καὶ
3347 4268 3512 4322 αὑτὸν
3541 4268 3641 4322 τὸν

370 4373 427 4427 in
484 4371 718 4425 favillam
747 4370 939 4439 redigit
961 4380 1014 4423 et
1051 4369 1354 4441 fuliginem.
1387 4369 1451 4424 Et
1477 4372 1581 4427 hoc
1627 4373 1956 4428 invenerunt

2072 4355 2346 4420 ῖικάζοντα
2380 4360 2478 4410 καὶ
2506 4356 2569 4409 τὸ
2599 4357 3048 4428 ὑπηρετούμενον
3095 4357 3247 4426 αὐτῷ
3297 4357 3524 4430 πλῆθος,
3548 4360 3640 4415 αἱ·-

2072 4446 2225 4468 ἎΔΧῌ-.
2264 4448 2469 4468 9----7..ι-
2495 4464 2563 4468 -..μ
2603 4450 2689 4468 ,μμὶ
2730 4448 2915 4468 1_Ql\.,
2952 4467 2957 4468 ,
3014 4450 3116 4468 lr,‘
3168 4448 3275 4468 ,_~,
3307 4452 3321 4468 1
3358 4467 3363 4468 ,
3456 4467 3471 4468 κ
3600 4452 3616 4468 ο

372 4462 1013 4534 promlniumgehennae,
1069 4477 1189 4531 quae
1248 4478 1523 4532 nunquam
1555 4464 1778 4532 desinit,
1860 4465 1952 4535 qui

2072 4446 2226 4516 ὶάλην
2258 4448 2571 4502 δεικνύουσι
2601 4450 2697 4502 καὶ
2721 4448 2981 4521 ἀσϐόλην.
3014 4450 3124 4503 Καὶ
3161 4448 3324 4503 τοῦτό
3352 4467 3418 4519 γε
3447 4452 3643 4521 προοί-

370 4566 530 4612 erant
590 4555 677 4610 Illa
736 4554 850 4610 sola
872 4569 1062 4609 revera
1142 4554 1309 4626 digni.
1387 4549 1696 4613 Vehemens
1768 4565 1948 4612 autem

2072 4557 2182 4595 ιιον
2205 4540 2305 4610 τῆς
2347 4542 2709 4613 ἀτελευτήτου
2764 4543 2996 4614 γεέννης
3028 4537 3211 4615 εὗρον,
3255 4546 3305 4599 οἱ
3338 4545 3434 4600 καὶ
3465 4545 3642 4617 μόνης

368 4655 593 4717 repente
641 4660 935 4716 erumpens
968 4645 1148 4716 pluvia
1205 4646 1504 4719 exstinguit
1534 4649 1805 4703 fornacem
1840 4667 1853 4703 :
1896 4658 1951 4703 et

2072 4635 2269 4704 ικείνης
2339 4635 2414 4699 ὡς
2472 4636 2691 4707 ἀληθῶς
2736 4636 2902 4703 ἄξιοι.
2969 4637 3155 4695 ’Υετδς
3186 4638 3245 4691 δὲ
3284 4638 3428 4693 κατὰ
3462 4637 3641 4702 πόδας

368 4754 490 4796 cum
524 4741 703 4794 statim
734 4739 908 4793 avidis
939 4740 1192 4794 manibus
1250 4739 1522 4811 virginum
1582 4756 1814 4810 corpora
1875 4741 1949 4810 pii

2072 4728 2310 4795 50:76am;
2362 4729 2646 4783 ἐπιπεσὼν
2685 4729 2935 4786 σὸεννύει
2968 4729 3066 4802 τὴν
3100 4731 3355 4801 κάμινον,
3397 4732 3491 4784 καὶ
3529 4746 3638 4784 πο-

2072 4820 2274 4839 .-.ηᾼ
2685 4822 2700 4839 .
2780 4822 2792 4839 .
2962 4821 3015 4839 ..κ

367 4833 741 4899 sustulissent,
770 4819 1163 4902 magnificoque
1189 4842 1476 4889 ornassent
1503 4844 1559 4888 et
1610 4835 1951 4904 conposuis-

2072 4820 2276 4884 Ιοῦσαις
2313 4821 2516 4876 αὐτίκα
2550 4822 2710 4893 χερσὶ
2734 4822 2805 4877 τὰ
2842 4821 3154 4891 παρθενικά
3198 4821 3433 4892 λείψανα
3460 4822 3511 4875 oi
3539 4823 3642 4874 εὑ-

368 4930 510 4983 sent,
534 4921 789 4976 foderunt
813 4922 892 4976 eis
919 4922 1228 4992 sepulcrum
1261 4923 1314 4978 in
1335 4923 1454 4978 loco
1476 4939 1667 4979 earum
1690 4940 1950 4980 consum-

2072 4912 2234 4976 πεδεῖς
2283 4912 2627 4984 ἀνελόμενοι,
2661 4913 2761 4968 καὶ
2805 4914 3129 4986 διαπρεπῶς
3160 4914 3546 4985 κοσμήσαντες
3571 4932 3640 4968 τε

370 5013 665 5069 mationis:
700 5013 807 5070 Deo
855 5013 961 5070 hoc
987 5030 1207 5084 quoque
1248 5016 1571 5084 providente
1612 5016 1946 5072 admirabili-

2072 5006 2143 5059 εαὶ
2178 5005 2648 5074 περισιείλαντες,
2680 5006 2852 5076 τάφον
2882 5008 3069 5072 αὐτοῖς
3098 5011 3156 5063 ἐν
3177 5006 3254 5079 τῷ
3277 5006 3381 5077 τῆς
3410 5007 3528 5061 τελε
3540 5006 3641 5060 ιώ-

371 5117 472 5170 ter,
508 5114 567 5160 ut
589 5120 727 5175 quas
785 5120 928 5160 unus
984 5116 1272 5175 pepererat
1324 5116 1532 5173 uterus,
1591 5107 1669 5162 eis
1730 5123 1949 5178 quoque

2072 5117 2187 5163 ῖεως
2216 5100 2430 5171 ἔχωσαν
2459 5101 2633 5171 τόπῳ,
2652 5100 2791 5154 Θεοῦ
2822 5103 2918 5155 καὶ
2948 5100 3122 5155 ταῦτα
3143 5101 3641 5172 θαυματουργοῦν-

2047 5209 2162 5258 τος,
2199 5193 2352 5256 ὅπως
2383 5191 2449 5256 ἃς
2485 5195 2587 5264 μία
2634 5194 2849 5267 γαστὴρ
2873 5193 3051 5258 eam,
3080 5196 3286 5262 ταύτας
3330 5197 3427 5251 καὶ
3456 5197 3638 5266 τάφος

2048 5281 2129 5349 εἷς
2165 5287 2427 5357 πιστευθῇ
2448 5302 2464 5319 ·
2496 5288 2591 5340 καὶ
2632 5283 2709 5341 ὧν
2742 5287 2839 5342 ἕνα
2876 5290 2970 5342 καὶ
3013 5288 3106 5343 τὸν
3137 5289 3304 5343 αὐτὸν
3342 5289 3539 5360 ἔλαχον
3574 5293 3635 5345 αἱ

2047 5379 2218 5452 ψυχαὶ
2249 5380 2538 5449 νυμφῶνα,
2564 5380 2772 5434 τούτων
2805 5381 2941 5451 μηδὲ
2972 5383 3004 5452 η
3035 5381 3193 5454 κωφὴ
3220 5382 3412 5454 διαστῇ
3438 5383 3591 5446 κόνις
3612 5396 3632 5414 ⁸

2050 5473 2163 5528 ἀλλ’
2204 5465 2315 5527 εἷεν
2346 5472 2577 5539 ἀδελφαὶ
2609 5473 2712 5526 κάν
2747 5472 2823 5544 τῷ
2851 5471 2974 5545 βίῳ,
2998 5474 3227 5543 ἀδελφαὶ
3257 5477 3363 5530 κάν
3398 5480 3512 5541 τοῖς
3535 5478 3637 5532 οὗ·

2050 5567 2255 5634 ρανοῖς,
2285 5562 2516 5633 ἀδελφαὶ
2550 5565 2651 5618 κάν
2687 5567 2754 5635 τῇ
2807 5568 2878 5637 γῇ
2929 5566 3338 5639 δεικνυόμεναι.
3382 5569 3634 5639 Τέμινός

370 5213 537 5257 unum
569 5197 790 5252 daretur
818 5197 1126 5268 sepulcrum
1160 5213 1175 5264 ;
1208 5206 1264 5252 et
1306 5214 1535 5268 quarum
1565 5201 1759 5255 animae
1780 5216 1948 5256 unum

368 5299 423 5345 et
446 5289 700 5346 eumdem
735 5297 863 5344 sunt
918 5288 1216 5345 thalamum
1271 5299 1599 5356 consecuta},
1648 5307 1834 5346 earum
1880 5305 1950 5345 ne

369 5384 566 5439 surdus
597 5384 818 5455 quidem
872 5384 1010 5438 cinis
1065 5395 1433 5453 separaretur,
1487 5385 1581 5440 sed
1626 5400 1846 5441 sorores
1892 5385 1948 5440 in

373 5479 506 5543 vita,
532 5491 755 5531 sorores
786 5477 838 5529 in
867 5475 1048 5541 caelis,
1079 5491 1297 5532 sorores
1318 5477 1480 5532 etiam
1512 5478 1565 5532 in
1603 5487 1742 5532 terra
1766 5487 1950 5532 osten-

372 5568 652 5624 derentur.
715 5564 1002 5636 Templum
1042 5575 1225 5622 autem
1280 5568 1334 5623 in
1384 5568 1714 5623 hodiernum
1776 5582 1948 5638 usque

446 5819 460 5848 ⁸
499 5817 635 5873 Psal.
669 5834 821 5883 est",
845 5818 908 5886 4,·
930 5820 983 5875 8.
