3996 6436
346 369 454 432 665
1278 368 1459 428 γιΤΑ
1497 368 1562 430 S.
1594 368 1942 430 THEODOF

2074 369 2526 433 ALEXANDRI
2543 370 2683 430 N/E.
3505 372 3612 436 656

341 504 402 540 τε
421 487 501 545 εἰς
518 481 680 554 δεῦρο
705 483 812 554 πρδ
841 482 918 553 τῷ
939 483 1090 554 τάφῳ
1115 483 1296 537 αὐτῶν
1330 485 1472 555 ίερδν
1503 486 1740 556 ἵδρυται,
1769 487 1916 539 οἱον-

2048 487 2166 541 liem
2195 489 2431 556 positum
2462 499 2545 544 est
2572 489 2625 542 in
2658 503 2847 542 earum
2917 489 3196 558 sepulcro,
3224 491 3402 547 instar
3429 493 3616 562 cujus-

340 577 392 631 εί
441 592 563 630 τινα.
603 578 868 645 ποταμδν,
895 577 1042 630 ἔνδον
1074 577 1375 648 προχέοντι
1411 577 1685 648 Θαύματα.

2048 579 2148 634 lam
2183 580 2332 634 lluvii
2359 582 2506 634 intus
2537 579 2825 636 eﬂ‘undens
2856 580 3144 636 miracula.

412 672 517 726 IA'.
555 671 976 725 ’Δκουσάτωσαν
1003 671 1178 725 ταῦτα
1213 672 1310 724 καὶ
1343 672 1579 742 ἀδελφαὶ
1627 674 1725 727 καὶ
1788 691 1927 746 παρ-

2097 671 2190 726 XL
2219 673 2346 727 Haec
2381 673 2604 727 audiant
2651 687 2893 734 sorores,
2928 683 2982 728 et
3034 675 3306 729 universa?
3334 674 3614 740 mulieres,

342 763 509 825 θένοι,
543 763 636 816 καὶ
659 764 782 815 ὅσαι
817 763 922 815 ὑπ’)
967 763 1154 831 ζυγόν.
1184 767 1296 818 Καὶ
1326 769 1380 817 αἱ
1413 766 1512 834 μὲν
1545 766 1722 830 οὕτως
1761 767 1926 838 ἀλλή-

2051 779 2136 816 am
2165 763 2620 834 virgines,‘quam
2656 780 2776 833 qua:
2808 774 2933 820 sunt
2969 767 3280 834 conjuncta:
3326 767 3613 822 matrimo-

342 856 443 918 λας
473 854 826 924 φιλείτωσαν,
855 857 911 907 αἱ
943 853 999 907 δὲ
1036 855 1108 925 μὴ
1139 857 1242 924 τῆς
1267 859 1478 920 οἰκείας
1516 862 1926 924 καταγινωσκέ-

2048 855 2140 908 tio.
2210 854 2274 909 Et
2319 856 2422 908 illa:
2443 856 2661 924 quidem
2714 855 2792 910 sic
2832 871 2891 911 se
2931 857 3163 911 invicem
3202 858 3432 927 diligant
3459 873 3473 920 ;
3500 858 3617 912 haec

341 963 527 1000 τωσαν
566 947 782 1015 φύσεως
817 963 830 974 ·
859 947 1095 1015 Ἀνέῳγε
1153 950 1260 1016 γὰρ
1322 937 1416 1000 καὶ
1475 949 1720 1016 γυναιξὶν
1769 950 1922 1017 ἡτοῢ

2048 957 2207 1001 iutem
2243 962 2395 1001 suam
2432 963 2541 1000 non
2574 947 2942 1002 condemnent
2993 959 3265 1004 naturam.
3298 949 3428 1002 Nam
3457 949 3620 1004 femi-

347 1039 654 1109 μαρτυρίου
705 1037 846 1106 θύρα
866 1053 880 1068 ⁶
936 1039 1108 1091 πᾶσαι
1140 1039 1195 1090 δὲ
1221 1039 1421 1107 ὁμοίως
1448 1039 1542 1091 καὶ
1571 1038 1805 1093 Θανάτου
1836 1041 1926 1094 διὰ

2048 1040 2109 1093 iis
2140 1055 2354 1108 quoque
2385 1049 2568 1108 aperta
2596 1051 2680 1093 est
2698 1041 2861 1107 ianua
2902 1041 3161 1111 martyrii.
3192 1041 3395 1097 Omnes
3426 1052 3612 1097 autem
3655 1024 3660 1034 ’

342 1130 584 1199 Χριστὸν
619 1130 713 1182 καὶ
750 1131 969 1190 πάντως
1002 1131 1542 1198 καταφρονείτωσαν,
1582 1132 1672 1185 ἵνα
1703 1135 1928 1188 καὶτῶν

2048 1129 2288 1183 .imiliter
2314 1139 2367 1183 et
2400 1138 2630 1182 mortem
2659 1138 2713 1182 et
2743 1130 2922 1182 omnia
2936 1141 3312 1194 contemnant,
3341 1141 3396 1185 ut
3419 1132 3619 1184 similia

343 1223 549 1290 ὁμοίων
581 1222 731 1286 παρὰ
759 1223 860 1290 τῆς
894 1222 1060 1273 αὐτοῦ
1094 1221 1511 1290 φιλανθρωπίας
1543 1224 1639 1274 καὶ
1669 1224 1769 1290 τῆς
1793 1241 1928 1292 χρη-

2048 1237 2240 1290 ;uoque
2269 1230 2680 1288 consequantur
2711 1221 2780 1274 ab
2820 1221 2940 1288 ejus
2973 1221 3218 1275 bonitate
3246 1230 3302 1276 et
3361 1221 3617 1292 benigni.

348 1315 609 1382 στὸτητος
628 1313 1022 1376 ἀπολαύσειαν,
1057 1307 1131 1365 ὧν
1165 1315 1375 1380 γένοιτο
1405 1315 1616 1376 πάντας
1639 1317 1782 1385 ἡμᾶς
1808 1317 1931 1368 ἑπι-

2053 1323 2158 1368 nte.
2194 1314 2325 1378 Quae
2351 1313 2512 1366 detur
2544 1311 2705 1365 nobis
2746 1312 3001 1367 omnibus
3047 1313 3308 1380 consequi
3360 1315 3526 1382 gratia
3563 1323 3621 1367 et

345 1409 532 1476 τυχεῖν
577 1407 760 1474 χάριτι
813 1406 908 1457 καὶ
971 1403 1358 1476 φιλανθρωπίᾳ
1392 1407 1484 1458 τοῦ
1533 1407 1737 1477 Κυρίου
1771 1407 1929 1475 ἡμῶν

2048 1405 2362 1472 wniguitate
2395 1403 2606 1457 Domini
2649 1404 2820 1456 nostri
2866 1403 2992 1458 Jesu
3035 1405 3263 1468 Christi,
3327 1421 3450 1457 cum
3511 1420 3619 1473 quo

359 1497 538 1564 Ἰησοῦ
597 1496 859 1566 Χριστοῦ,
925 1496 1044 1564 μεθ’
1101 1491 1163 1549 οὗ
1194 1496 1272 1566 τῷ
1306 1497 1482 1566 Πατρὶ
1537 1496 1656 1564 ἅμα
1682 1496 1760 1566 τῷ
1789 1498 1927 1566 ἁγίῳ

2048 1495 2168 1546 );ιιι·ί
2203 1494 2364 1546 simul
2399 1509 2524 1547 cum
2553 1504 2745 1548 sancto
2810 1494 3017 1563 Spiritu
3072 1495 3264 1564 gloria,
3328 1496 3504 1549 honor
3565 1505 3622 1550 et

351 1588 634 1656 Πνεύματι
692 1587 843 1652 δόξα,
882 1587 1040 1656 τιμὴ,
1068 1589 1271 1656 κράτος
1321 1589 1418 1640 νῦν
1451 1588 1546 1640 καὶ
1581 1588 1692 1649 ἀεὶ,
1715 1590 1810 1641 καὶ
1846 1590 1927 1649 είς

2048 1586 2289 1649 ιοιοηιίο,
2321 1603 2466 1640 nunc
2497 1597 2807 1657 ctsemper,
2844 1597 2901 1642 et
2935 1588 2991 1641 in
3045 1588 3242 1641 sacula
3274 1587 3622 1643 saeculorum.

348 1682 476 1743 τοὺς
509 1681 712 1742 αἰῶνας
734 1679 842 1731 τῶν
874 1680 1110 1734 αίώνων.
1153 1679 1350 1747 Ἀμήν.
2027 1682 2229 1732 Anien.

366 1837 3611 1888 Μ

1027 1872 1326 1882 __—__.—_

1448 2012 1697 2098 ΒΙοΣ
1770 2009 1967 2094 ΚΑΙ
2042 2005 2590 2094 ΠΟΛΙΤΕΙΑ

1508 2192 1648 2246 ΤΗΣ
1691 2192 1892 2246 ΟΣΙᾹΣ
1938 2191 2226 2248 ΜΗΤΡΟΣ
2264 2189 2461 2244 HMle

490 2367 1400 2504 ΘΕΟΔΩΡΑΣ
1511 2373 1856 2500 ΤΗΣ
1975 2374 2184 2500 ΕΝ
2304 2352 3511 2498 ΑΛΕΞΑΝΔΡΕΙΑ.

1255 2801 1534 2890 VITA
1638 2799 1788 2887 ΕΤ
1893 2787 2736 2888 CONVEBSATIO

1637 2990 1697 3046 S.
1751 2986 2014 3045 MATIUS
2057 2983 2359 3043 NOSTRAE

586 3175 1703 3332 THEODORAE
1907 3164 3406 3327 ALEXANDBINZE.

1151 3445 1348 3512 (Latine
1376 3446 1505 3510 apud
1534 3446 1737 3496 Surium
1771 3443 1914 3505 Sept.
1943 3441 2026 3503 ll,
2063 3443 2237 3494 Graece
2270 3454 2336 3492 ex
2359 3453 2456 3490 ms.
2497 3439 2653 3489 Paris.
2684 3433 2840 3498 l526.)

423 3793 507 3852 A'.
545 3795 737 3864 Ζήνων
783 3791 880 3863 μὲν
923 3790 1026 3862 ἥδη
1071 3789 1172 3859 τὴν
1203 3785 1588 3856 αὐτοκράτορα
1625 3781 1931 3853 Ῥωμαίοις

2106 3775 2254 3830 Zeno
2291 3774 2508 3842 quidem
2541 3773 2848 3827 Romanum
2889 3769 3000 3840 jam
3056 3765 3278 3822 tenebat
3317 3764 3635 3834 imperium,

350 3887 561 3942 διεῖπεν
617 3884 832 3956 ἀρχὴν,
890 3882 1200 3954 Γρηγόριος
1261 3881 1318 3935 δὲ
1368 3881 1468 3948 τὴν
1527 3875 1622 3930 τοῦ
1679 3875 1932 3944 ὑπάρχου

351 3981 607 4048 ἐξουσίαν
655 3981 714 4032 ὲν
754 3980 821 4046 τῇ
865 3977 987 4031 κατ’
1019 3976 1292 4037 Αἴγυπτον
1347 3967 1494 4041 εἶχεν
1527 3965 1932 4035 Ἀλεξανδρείᾳ.

369 4076 438 4129 Ἡ
473 4075 530 4128 δὲ
561 4073 621 4126 οὐ
651 4071 912 4125 τοσοῦτον
944 4068 1033 4121 ἐπ’
1065 4069 1215 4139 ἄλλῳ
1242 4067 1353 4120 τῶν
1394 4063 1655 4117 ἁπάντων
1681 4058 1936 4122 Ἀλεξάν-

350 4169 512 4239 δρεια
576 4166 703 4220 ὅσον
765 4163 861 4217 ἐπὶ
937 4161 1191 4232 Θεοδώρᾳ
1239 4159 1442 4230 μᾶλλον
1490 4151 1932 4215 ἐκαλλωπίζετο,

350 4263 471 4325 οἵας
533 4259 740 4332 μητρὸς
801 4257 975 4326 αὐτῆς
1037 4254 1336 4324 ὑπάρξασα
1396 4251 1493 4306 καὶ
1549 4247 1792 4316 πατρὶς,
1841 4245 1939 4298 καὶ

349 4353 598 4408 τοιοῦτον
629 4349 806 4420 ἀγενῆ
837 4349 1035 4402 κλάδον
1059 4346 1356 4410 ἀναδοῦσα,
1394 4343 1492 4398 καὶ
1537 4339 1682 4395 οὕτω
1730 4338 1938 4400 πάσαις

357 4447 605 4520 βρύοντα
625 4445 869 4515 χάρισιν.
920 4443 1011 4496 Ἐν
1059 4442 1200 4512 αὐτῇ
1239 4439 1348 4508 γὰρ
1397 4439 1432 4508 ἡ
1471 4433 1649 4506 σεμνὴ
1679 4431 1757 4502 τῷ
1798 4431 1938 4496 ὄντι,

350 4541 448 4596 καὶ
510 4537 718 4607 κοσμία
764 4539 881 4600 τοῖς
927 4535 1110 4606 ἦθεσι,
1163 4534 1262 4596 τὰς
1316 4533 1374 4584 ἐν
1424 4530 1617 4599 κόσμῳ
1651 4524 1939 4596 διατριϐὰς

351 4632 635 4685 ἐποιεῖτο*
664 4627 830 4698 ἀνδρὶξ
885 4627 985 4697 μὲν
1061 4624 1339 4678 συνοικεῖν
1378 4619 1622 4692 λαχοῦσα
1665 4615 1940 4685 συναφείᾳ

351 4724 537 4794 γάμου
577 4725 645 4794 τῇ
681 4722 826 4775 κατὰ
853 4721 1042 4789 νόμον,
1075 4717 1252 4788 ταύτῃ
1283 4717 1340 4771 δὲ
1373 4716 1469 4770 καὶ
1499 4713 1676 4776 ἄλλως
1709 4711 1811 4781 μὲν
1840 4708 1940 4780 τὴν

259 4864 270 4870 -
353 4817 719 4888 ὀφειλομένην
739 4817 854 4876 τοῖς
877 4812 1107 4883 ἀνδράσι
1133 4812 1299 4880 τιμὴν
1322 4809 1676 4877 ἀπονέμουσα
1705 4804 1941 4875 μάλιστα

352 4910 413 4963 δὲ
467 4911 547 4978 τῷ
585 4906 1023 4979 σωφρονεστάτη
1069 4922 1129 4957 τε
1185 4903 1326 4956 εἶναι
1359 4917 1373 4933 ·
1413 4901 1521 4954 τῶν
1566 4901 1624 4952 ὲν
1665 4901 1729 4969 τῇ
1783 4897 1939 4949 πόλει

355 5001 550 5058 πασῶν
575 5000 798 5061 οἰκείως
827 5016 885 5052 τε
919 4997 1056 5068 πρὸς
1093 4996 1287 5050 τοῦτον
1327 4997 1422 5049 καὶ
1476 4993 1683 5055 πιστῶς
1734 4989 1941 5044 διακεῖ-

359 5095 510 5161 σθαι,
540 5094 638 5147 καὶ
662 5092 916 5161 καθαρὰν
951 5089 1100 5160 αὐτῷ
1122 5089 1230 5160 τὴνι
1256 5086 1493 5158 στοργὴν
1523 5084 1818 5152 φυλάττειν
1851 5081 1942 5134 καὶ
1966 5126 2011 5190 C

357 5189 549 5250 πόθοις
601 5187 874 5257 ῥυπαροῖς
916 5182 1300 5252 ἀνεπίμικτον.
1359 5179 1578 5249 Ἐπειδὴ
1634 5178 1690 5230 δὲ
1743 5180 1940 5230 ἀνεπι-

355 5279 579 5351 λήπτως
601 5277 933 5346 ἀγαπῶντας
967 5275 1115 5346 βιοῦν
1152 5275 1252 5328 οὐκ
1284 5272 1366 5325 ἔτι
1411 5273 1486 5342 μὴ
1515 5271 1724 5332 καὶτὰς
1754 5271 1816 5321 ὲκ
1845 5266 1943 5320 τοῦ

356 5367 603 5440 πονηροῦ
637 5365 948 5440 προσϐολὰς
977 5367 1274 5437 δέχεσθαι,
1308 5363 1616 5434 πειρασμὸς
1662 5361 1945 5430 ἐγείρεται

356 5465 452 5517 καὶ
508 5461 687 5534 ταύτῃ
732 5459 928 5523 δεινός.
1020 5459 1258 5519 Ἐκεῖνος
1289 5457 1400 5524 γὰρ
1433 5456 1495 5508 τό
1527 5472 1586 5507 τε
1618 5453 1714 5507 τοῦ
1751 5451 1947 5518 ἀνδρὸς

360 5555 584 5626 σῶφρον
603 5553 769 5624 ὁρῶν,
796 5554 866 5624 τῇ
918 5568 980 5605 τε
1023 5549 1319 5621 σεμνότητι
1339 5550 1436 5616 τῆς
1461 5545 1616 5608 ὁσίας
1637 5541 1944 5612 διαφθονῶν

361 5648 526 5718 ἔργον
575 5647 732 5698 ἔθετο
786 5644 882 5696 καὶ
934 5639 1178 5711 σπουδὴν
1230 5640 1330 5709 τὴν
1381 5635 1644 5705 τοιαύτην
1676 5633 1943 5701 συζυγίαν

356 5740 664 5808 διατεμεῖν.

429 5827 507 5880 Β’.
543 5829 652 5882 Καὶ
699 5828 762 5895 δή
819 5843 942 5880 τινα
999 5823 1235 5889 ῥεόντων
1286 5820 1533 5890 χρήμασι
1572 5815 1668 5870 καὶ
1717 5812 1934 5885 πλούτῳ

2039 3869 2332 3941 Gregorius
2380 3877 2562 3922 autem
2627 3863 2868 3934 praefecti
2900 3861 3122 3933 gerebat
3150 3858 3525 3928 magiStratum
3572 3856 3629 3910 in

2039 3960 2402 4017 Alexandrina
2427 3958 2641 4029 Egypti
2669 3956 2911 4010 civitate.
2937 3952 3262 4007 Alexandria
3280 3960 3462 4005 autem
3482 3949 3634 4002 nullo

2040 4072 2105 4110 ex
2161 4055 2418 4110 omnibus
2486 4052 2608 4107 aliis
2669 4059 2879 4105 tantum
2926 4048 3285 4120 gloriabatur,
3365 4053 3631 4114 quantum

2040 4147 2348 4207 Theodora,
2403 4153 2464 4200 ut
2487 4160 2608 4214 quae
2635 4149 2782 4198 esset
2816 4141 2937 4210 ejus
2967 4150 3161 4205 mater,
3201 4148 3258 4192 et
3331 4152 3452 4206 quae
3508 4150 3632 4189 eam

2040 4249 2326 4312 pepererat
2348 4238 2543 4308 patria,
2577 4245 2632 4290 et
2665 4251 2876 4289 ramum
2909 4233 3171 4288 edidisset
3197 4240 3308 4285 tam
3341 4227 3635 4298 pulchrum

2043 4345 2096 4390 et
2125 4333 2378 4388 omnibus
2403 4330 2539 4386 adeo
2564 4337 2864 4383 scatentem
2900 4326 3109 4397 gratiis.
3134 4324 3194 4378 In
3223 4339 3285 4377 ea
3301 4322 3448 4376 enim
3476 4335 3638 4376 suam

2073 4424 2410 4481 mundanam
2456 4420 2715 4476 habebat
2768 4418 3240 4473 conversationem
3335 4413 3438 4467 ista
3507 4425 3638 4465 vere

2041 4517 2372 4578 veneranda,
2397 4523 2451 4566 et
2481 4519 2674 4565 ornata
2711 4509 2976 4574 moribus,
3005 4523 3131 4563 cum
3183 4506 3306 4562 viro
3337 4505 3635 4574 conjuncta

2043 4609 2286 4679 legitimo
2318 4603 2704 4663 matrimonio,
2760 4601 2806 4654 ei
2847 4601 3068 4666 quidem
3118 4613 3244 4653 eum
3294 4595 3385 4665 qui
3421 4593 3637 4648 maritis

2043 4705 2277 4759 debetur
2332 4700 2601 4754 honorem
2656 4694 2929 4754 tribuens;
2961 4691 3194 4744 maxime
3222 4699 3404 4741 autem
3464 4685 3535 4739 ab
3564 4698 3639 4737 eo

2045 4797 2261 4856 dilecta,
2292 4791 2440 4862 quod
2507 4797 2657 4842 esset
2693 4784 3002 4841 castissima
3058 4782 3302 4837 omnium
3328 4795 3450 4850 quae
3475 4787 3636 4834 erant

2045 4888 2100 4944 in
2148 4885 2388 4947 civitate,
2451 4881 2823 4947 benevoleque
2869 4885 2924 4930 et
2963 4875 3197 4931 ﬁdeliter
3229 4874 3283 4927 in
3331 4889 3456 4927 eum
3487 4883 3636 4927 esset

2045 4979 2259 5040 all'ecta,
2289 4985 2344 5030 et
2374 4989 2572 5045 purum
2627 4971 2677 5026 ei
2743 4976 2992 5024 servaret
3039 4980 3306 5028 amorem,
3347 4973 3404 5018 et
3467 4963 3634 5017 nullis

2047 5068 2299 5139 turpibus
2321 5065 2621 5120 immistum
2651 5059 2961 5117 desideriis.
2985 5057 3253 5122 Quoniam
3279 5071 3410 5110 vero
3443 5055 3478 5109 ii
3509 5055 3634 5124 qui-

2046 5163 2150 5217 bus
2201 5161 2378 5227 placet
2409 5158 2590 5211 vit-ere
2621 5156 2758 5210 citra
2830 5151 3316 5222 reprehensionem
3359 5147 3474 5203 ﬁeri
3521 5162 3633 5202 non

2046 5262 2244 5325 potest,
2272 5261 2330 5306 ut
2356 5265 2464 5305 non
2495 5261 2880 5320 oppugnentur
2929 5245 3152 5316 maligni
3181 5244 3414 5307 insidiis,
3448 5243 3637 5312 gravis

2047 5361 2265 5417 quoque
2299 5346 2353 5398 in
2380 5357 2501 5398 eam
2535 5343 2604 5397 ab
2629 5343 2750 5411 ipso
2782 5341 3052 5395 excitatur
3079 5337 3330 5392 tentatio.
3365 5335 3458 5390 Ille
3486 5334 3632 5389 enim

2051 5449 2181 5494 tunc
2209 5438 2408 5492 videns
2435 5435 2598 5503 hujus
2642 5433 2823 5488 mariti
2862 5431 3319 5488 moderationem.
3363 5439 3419 5482 et
3466 5426 3634 5497 hujus

2045 5539 2249 5586 sanctae
2286 5529 2537 5582 invidens
2572 5525 2865 5591 honestati,
2895 5523 3150 5579 adhibuit
3185 5535 3350 5577 omne
3376 5519 3624 5574 studium

2047 5632 2102 5678 et
2124 5620 2484 5692 diligentiam,
2525 5629 2586 5674 ut
2615 5619 2757 5673 hanc
2793 5617 3130 5673 rescinderet
3159 5611 3628 5682 oonjunctionem.

2120 5807 2185 5862 ll.
2211 5805 2512 5873 Qucmdam
2548 5803 2731 5874 itaque
2759 5806 3033 5875 iuvenem,
3066 5800 3311 5875 pecuniis
3340 5808 3394 5856 et
3429 5798 3626 5870 opibus
