3996 6434
375 355 483 420 667

1620 351 1905 414 MENSIS
1945 350 2416 416 SEPTEMBER.

3531 360 3636 428 663

374 478 658 536 onustum,
687 470 888 540 quibus
913 485 1107 548 rerum
1147 468 1302 539 copia
1357 465 1742 539 suppeditabat
1791 469 1936 521 male

2066 460 2592 538 βαρυνομένων,ὀῒς
2621 467 2721 542 ὕλη
2739 467 2879 542 πρὸς
2900 463 3121 543 οῖσι-ρον
3155 471 3186 540 ἡ
3218 470 3469 542 εὐθηνίσ.
3497 474 3636 544 πρὶς

374 564 512 616 r'ram
545 559 612 616 ad
643 561 922 616 stimulum
982 559 1207 623 amoris,
1244 557 1491 614 incitavit
1520 555 1587 612 ad
1624 570 1745 611 eam
1768 568 1956 609 aman-

372 656 496 710 datn
525 661 745 725 propter
770 653 1052 709 florentem
1083 653 1203 724 ejus
1229 653 1486 722 speciem.
1507 650 1600 705 Illa
1632 661 1811 706 autem
1845 663 1953 703 non

375 758 591 811 nutum,
643 762 755 803 non
804 753 1040 814 gestum,
1077 760 1182 801 nec
1229 744 1526 816 quidquam
1577 742 1683 798 tale
1730 741 1955 796 omnino

373 839 700 901 sustinente,
732 837 917 892 nullus
951 852 1062 892 non
1122 837 1258 907 lapis
1289 837 1357 891 ab
1382 851 1448 891 eo
1497 835 1843 897 movebatur,
1895 843 1955 892 ut

375 931 442 984 ad
470 929 725 986 effectum
781 930 1009 984 omnino
1037 929 1328 985 deduceret
1366 929 1415 983 id
1468 928 1613 999 quod
1674 929 1956 984 desidera-

372 1023 549 1086 batur;
585 1021 720 1074 adeo
745 1030 804 1076 ut
829 1022 947 1091 ejus
981 1021 1278 1076 familiares
1307 1030 1357 1076 et
1389 1021 1623 1086 vicinas,
1661 1023 1727 1076 ad
1756 1023 1859 1076 hoc
1900 1022 1954 1076 ei

372 1112 756 1176 inservienles,
813 1113 1034 1168 assidue
1092 1113 1485 1167 transmitteret
1527 1113 1786 1183 quidquid
1839 1120 1956 1168 erat

371 1204 728 1259 desiderabile
791 1214 848 1259 et
914 1205 1195 1259 blandiens
1245 1205 1526 1274 cupiditati
1577 1221 1636 1260 se
1699 1207 1951 1262 daturum

374 1295 656 1362 pollicens.
698 1295 791 1349 Illa
819 1305 1002 1351 autem
1059 1297 1144 1350 his
1184 1297 1362 1351 verbis
1389 1307 1444 1352 et
1477 1297 1748 1352 illecebris
1783 1313 1953 1368 oppo-

371 1388 533 1441 nebat
559 1389 701 1441 diem
731 1388 920 1458 judicii
949 1398 1004 1443 et
1031 1389 1278 1443 timorem
1295 1389 1591 1460 gehennm:
1623 1390 1763 1455 Quin
1787 1390 1952 1445 etiam

375 1481 666 1542 erubesco,
701 1483 937 1546 dicebat,
967 1484 1054 1539 vel
1094 1483 1270 1552 ipsum
1303 1484 1471 1538 solem
1524 1485 1726 1538 habere
1756 1491 1950 1538 testem

373 1573 496 1629 talis
525 1573 732 1646 flagitii.
765 1577 920 1642 Quod
951 1578 1170 1647 quidem
1193 1579 1420 1632 verbum
1478 1594 1602 1634 cum
1643 1577 1951 1648 apprehen-

371 1666 541 1720 ili-set
572 1684 679 1722 una
710 1683 775 1722 ex
801 1668 962 1732 lenis,
983 1670 1106 1723 mali
1142 1671 1512 1724 accessionem
1548 1671 1756 1725 habens
1776 1680 1950 1725 artem

370 1760 656 1824 magicam,
708 1761 810 1814 hoc
845 1760 894 1813 ei
934 1761 1220 1829 preposnit
1251 1761 1604 1830 probabiliter
1636 1779 1648 1816 :
1680 1762 1789 1816 Sed
1844 1761 1950 1816 hoc

368 1847 642 1916 inquiens,
676 1863 706 1904 a
739 1859 791 1905 te
825 1849 917 1906 flat
956 1860 1077 1920 post
1101 1852 1230 1906 solis
1265 1867 1516 1908 occasum
1551 1862 1608 1909 et
1637 1854 1821 1909 nullus
1850 1853 1953 1910 erit

366 1938 459 2005 qui
499 1945 550 1992 te
581 1949 869 2008 cognoscat
900 1955 916 1994 :
944 1956 1122 2011 neque
1177 1941 1396 1996 futurus
1435 1952 1520 1998 est
1556 1943 1698 1999 ullus
1726 1943 1951 1999 omnino

370 2026 521 2080 testis
544 2029 684 2097 apud
721 2029 909 2093 Deum,
937 2041 1030 2084 aut
1062 2032 1206 2100 apud
1262 2033 1533 2089 homines.
1587 2033 1711 2089 Haec
1741 2035 1951 2090 audivit

365 2127 420 2170 et
445 2117 546 2172 fuit
579 2134 672 2172 cor
696 2119 813 2189 ejus
843 2121 1092 2191 protinus
1133 2123 1370 2178 illectum
1402 2134 1457 2179 et
1481 2125 1787 2181 seductum.
1820 2127 1951 2182 Erat

368 2210 514 2264 enim
537 2212 733 2267 mulier
759 2229 879 2282 quae
907 2224 1101 2269 natura
1124 2214 1284 2272 facile
1311 2217 1430 2287 capi
1457 2229 1634 2287 potest
1654 2229 1710 2274 et
1746 2220 1946 2290 decipi,

369 2312 425 2356 et
446 2303 678 2358 maxime
707 2305 850 2374 quod
879 2306 1116 2361 futurum
1151 2321 1298 2364 esset
1318 2320 1377 2365 ut
1399 2311 1597 2366 factum
1620 2311 1790 2366 Deum
1817 2313 1950 2367 late-

368 2410 473 2463 ret,
513 2415 612 2470 per
641 2400 885 2457 fraudem
917 2403 1203 2461 audiverat
1235 2416 1290 2464 et
1319 2409 1647 2465 crediderat.
1677 2409 1744 2462 Et
1771 2407 1849 2465 sic
1881 2409 1947 2465 ad

365 2489 616 2544 effectum
651 2492 935 2548 deductum
965 2505 1050 2551 est
1086 2499 1286 2554 malum
1321 2502 1442 2570 ejus
1482 2502 1801 2557 consilium.

438 2580 528 2635 lll.
563 2581 845 2652 Postquam
872 2597 1051 2643 autem
1085 2607 1143 2646 re
1176 2591 1317 2647 facta
1339 2610 1500 2662 quam
1555 2597 1733 2666 turpis
1757 2605 1815 2654 et
1851 2597 1940 2652 in-

365 2673 561 2728 decora
581 2690 667 2730 res
701 2676 772 2732 sit
801 2691 1107 2747 peccatum,
1139 2687 1404 2755 agnoscit.
1433 2688 1660 2744 acerbos
1736 2691 1946 2749 habens

366 2766 616 2823 stimulos
646 2778 698 2823 et
740 2773 900 2826 valde
950 2788 1274 2847 compuncta
1309 2783 1646 2839 conscientia
1711 2787 1943 2843 cruciari

365 2860 547 2913 animo
575 2863 743 2930 coepit
792 2873 848 2919 et
887 2881 1068 2922 amara
1125 2869 1249 2926 duci
1301 2874 1622 2941 paenitentia
1683 2877 1872 2934 dicens
1923 2896 1939 2934 :

366 2949 442 3002 Ex
494 2953 637 3019 quali
672 2954 880 3011 honore
902 2958 969 3012 ad
1003 2971 1260 3029 quantam
1297 2966 1484 3020 transii
1554 2967 1937 3038 ignominiam!

371 3038 731 3097 cl’ntruerunt
759 3053 814 3100 et
845 3059 1110 3118 corruptae
1139 3061 1267 3106 sunt
1289 3055 1570 3112 cicatrices
1587 3074 1721 3114 mea:
1748 3077 1779 3114 a
1806 3061 1942 3117 facie

2057 557 2150 612 τὸν
2211 558 2415 630 ταύτης
2462 558 2552 615 διὰ
2607 560 2707 633 τὴν
2756 561 3104 616 ἐπανθοῦσαν
3171 561 3322 634 ὥραν
3378 565 3633 627 ἐκίνησεν

2057 649 2262 720 ἔρωτα.
2302 651 2550 724 Ἐκείνης
2601 653 2660 708 δὲ
2714 655 2791 725 μὴ
2846 657 3046 726 νεῦμα,
3103 655 3178 728 μὴ
3208 656 3416 728 σχῆμα,
3463 656 3628 730 μηδὲν

2055 743 2192 806 δλως
2220 744 2330 798 τῶν
2371 746 2635 800 τοιούτων
2687 747 3050 819 ἀνεχομένης,
3093 748 3242 812 λίθος
3285 750 3435 818 αὐτῷ
3481 750 3630 812 ἅπας

2057 836 2295 890 ἐκινεῖτο
2321 837 2423 890 τοῦ
2452 837 2676 902 πάντως
2714 842 2798 901 είς
2840 838 3005 910 ἔργον
3035 841 3266 908 ἀγαγεῖν
3299 841 3361 894 τὸ
3393 840 3629 894 ὑποθού-

2059 943 2261 997 μενον·
2293 929 2371 993 ὡς
2429 930 2525 984 καὶ
2581 931 2682 993 τὰς
2742 932 3000 1002 συνήθεις
3053 933 3218 1003 αὐτῇ,
3275 931 3511 995 καὶτὰς
3563 934 3631 985 ὲκ

2057 1020 2320 1087 γειτόνων
2399 1021 2541 1092 πρὸς
2601 1021 2758 1075 τοῦτο
2835 1022 3310 1093 διακοσμουμένας
3386 1021 3632 1091 συνεχῶς

2054 1115 2463 1184 διαπέμπεσθαι
2491 1119 2602 1172 πᾶν
2627 1119 2768 1190 ὅπερ
2792 1119 2984 1187 ἐφετὸν
3003 1119 3098 1173 καὶ
3118 1122 3302 1174 σαῖνον
3329 1119 3634 1190 ἐπιθυμίαν

2053 1206 2248 1261 δώσειν
2279 1210 2776 1282 ἐπαγγελλόμενος.
2815 1213 2881 1266 Ἦ
2911 1211 2970 1266 δὲ
3002 1214 3125 1276 τοῖς
3168 1212 3382 1283 ῥήμασι
3413 1213 3633 1276 τούτοις

2056 1297 2154 1350 καὶ
2206 1296 2580 1366 ὑποκνίσμασι
2633 1299 2735 1370 τὴν
2793 1299 2897 1369 τῆς
2970 1301 3209 1370 κρίσεως
3259 1301 3481 1372 ἡμέραν
3532 1302 3634 1356 καὶ

2052 1391 2144 1441 τὸν
2178 1388 2279 1456 τῆς
2324 1390 2551 1460 γεέννης
2610 1391 2882 1445 ἀντετίθει
2929 1392 3138 1461 φόϐον⁹
3187 1392 3327 1446 ἀλλὰ
3365 1393 3466 1463 μὲν
3506 1390 3628 1456 καὶ,

2053 1481 2158 1532 Τὸν
2186 1481 2339 1552 ἥλιον
2373 1482 2723 1552 αἰσχύνομαι,
2757 1484 2916 1554 φησι,
2951 1484 3206 1557 μάρτυρα
3251 1485 3346 1538 τοῦ
3376 1486 3628 1538 τοιούτου

2057 1577 2478 1648 μιάσματος.....
2505 1580 2819 1652 δραξαμένη
2861 1583 3116 1652 ῥήματος
3147 1583 3257 1636 τῶν
3281 1582 3632 1654 προαγωγῶν

2057 1671 2158 1739 μία
2194 1673 2520 1744 προσθήκην
2559 1672 2656 1726 τοῦ
2697 1674 2868 1729 κακοῦ
2921 1675 3014 1728 καὶ
3055 1676 3158 1744 τὴν
3205 1678 3381 1745 μάγον
3425 1675 3630 1745 ἔχουσα

2053 1761 2274 1834 τέχνην,
2345 1763 2592 1828 πιθανῶς
2648 1765 2813 1837 δῆθεν
2863 1768 3003 1838 αὐτῇ
3056 1769 3374 1838 προέτεινεν
3413 1790 3429 1805 ο
3460 1768 3630 1822 Ἀλλὰ

2057 1858 2198 1928 μετὰ
2220 1857 2430 1927 δυσμὰς
2458 1858 2632 1931 ἡλίου,
2661 1859 2910 1927 λέγουσα,
2935 1863 3054 1915 τόδε
3082 1879 3165 1914 σοι
3187 1861 3505 1933 πραχθήτω,
3531 1863 3630 1915 καὶ

2052 1946 2178 2002 οὔτε
2218 1949 2344 2004 τινὰ
2379 1950 2472 2004 τὸν
2517 1953 2965 2020 συγγινώσκοντα
2988 1955 3153 2019 ἕξεις,
3187 1954 3312 2008 οὔτε
3345 1947 3452 2025 μὴν
3485 1956 3627 2025 πρὶς

2050 2041 2184 2094 Θεὸν
2237 2041 2270 2112 ἢ
2328 2043 2466 2113 πρδς
2517 2045 2864 2116 ἀνθρώπους,
2928 2048 3184 2120 μάρτυρα
3239 2049 3299 2102 τὸ
3358 2050 3628 2120 παράπαν

2051 2133 2335 2204 ἐσόμενον.
2374 2137 2564 2192 Ταῦτα
2598 2139 2803 2210 ἤκουσέ
2840 2149 2899 2193 τε
2923 2181 2937 2206 ,
2985 2142 3081 2195 καὶ
3129 2141 3230 2212 τὴν
3260 2143 3491 2213 καρδίαν
3537 2143 3630 2196 εύο

2051 2221 2148 2286 θὺς
2186 2224 2561 2280 ὑποϐλέπεται
2587 2243 2600 2257 ·
2636 2229 2776 2295 γυνὴ
2813 2231 2923 2299 γὰρ
2956 2225 3025 2301 ἦν
3071 2231 3234 2299 φύσις
3277 2231 3629 2302 εὐεξαπάτη-

2048 2332 2140 2378 τος
2186 2316 2283 2370 καὶ
2329 2317 2628 2388 ἁλώσιμος,
2686 2320 2782 2375 καὶ
2837 2322 3076 2391 μάλιστα
3115 2325 3198 2377 ὅτι
3251 2324 3349 2377 καὶ
3395 2324 3531 2378 Θεὸν
3563 2325 3630 2379 τὸ

2048 2407 2298 2477 πραχθὲν
2322 2407 2477 2462 λάθοι
2508 2409 2746 2480 δολερῶς
2776 2413 2978 2482 ἤκουσε
3014 2415 3109 2467 καὶ
3153 2413 3445 2468 ἐπίστευσε
3478 2430 3494 2446 θ
3529 2417 3630 2470 καὶ

2046 2498 2223 2562 οὕτως
2254 2502 2335 2564 εις
2371 2501 2532 2572 ἔργον
2567 2503 2729 2574 ἐξέϐη
2761 2503 2820 2556 τὸ
2852 2504 3089 2574 πονηρὸν
3121 2503 3391 2574 βούλημα.

2119 2591 2196 2649 1".
2259 2593 2416 2646 Ἐπεὶ
2465 2595 2543 2660 δὲ,
2600 2595 2739 2664 μετά
2783 2595 2882 2667 τὴν
2930 2595 3152 2665 πρᾶξιν,
3203 2597 3352 2658 ὅπως
3392 2597 3626 2667 αἰσχρὸν

2047 2683 2144 2737 καὶ
2173 2682 2416 2755 ἄσεμνον
2442 2687 2474 2757 ή
2500 2686 2751 2758 ἁμαρτία
2790 2685 3144 2757 γνωρίζεται,
3177 2688 3384 2758 πικρὰς
3420 2687 3628 2757 ἔχουσα

2045 2778 2144 2842 τάς
2165 2779 2360 2842 ἀκίδας
2390 2780 2486 2834 καὶ
2528 2780 2771 2852 ίσχυρῶς
2799 2779 2861 2833 τὸ
2901 2782 3146 2846 συνειδὸς
3188 2782 3621 2849 καταξαίνουσα,

2045 2870 2142 2924 καὶ
2193 2869 2432 2940 μάλιστα
2471 2871 2567 2925 τοῦ
2611 2871 2925 2944 πράξαντος
2971 2877 3170 2943 σεμνὸν
3237 2876 3298 2929 τὸ
3349 2877 3621 2948 πρότερον

2050 2962 2484 3033 μεταδιώκοντος
2554 2963 2669 3035 βίον
2732 2968 2828 3020 καὶ
2890 2967 3181 3040 φιλοσοφίᾳ
3249 2971 3620 3042 προσέχοντος

2045 3053 2283 3123 ἤρξαντο
2337 3054 2434 3107 καὶ
2485 3055 2625 3125 αὐτὴ
2684 3058 3108 3128 σπαράττεσθαι
3146 3059 3246 3132 τὴν
3294 3061 3476 3131 ψυχὴν
3522 3060 3622 3116 καὶ

365 3129 693 3201 insipientia}
723 3153 858 3194 mea:
899 3142 954 3207 ¹;
987 3160 1008 3194 ι
1036 3151 1093 3197 et
1125 3162 1138 3199 :
1171 3165 1190 3198 ι
1221 3146 1498 3205 Conversa
1547 3167 1667 3207 sum
1707 3153 1763 3208 in
1796 3169 1939 3209 aeru-

2045 3146 2240 3215 πικρδν
2282 3139 2396 3199 οἷον
2439 3146 2532 3200 τὸν
2564 3127 2871 3220 μετάμελον
2916 3127 3213 3224 δέχεσθαιί
3264 3127 3523 3217 Είςῖοίαν
3559 3155 3620 3222 ἐξ

365 3240 568 3290 mnam,
613 3230 740 3288 dum
788 3233 953 3290 inﬁxa
983 3246 1070 3292 est
1101 3239 1234 3294 mihi
1261 3241 1438 3311 Spina.
1480 3261 1501 3296 ι
1538 3243 1663 3302 Ιιιεε
1723 3246 1940 3304 dicebat

363 3326 418 3370 et
447 3317 801 3390 lacrymarum
848 3327 1132 3384 emittebat
1186 3331 1369 3387 fontes
1424 3334 1652 3407 calidos.
1692 3337 1773 3393 sic
1812 3353 1941 3407 pec-

361 3412 468 3464 cati
498 3413 816 3487 abstergens
869 3419 1117 3476 faetorem
1171 3432 1228 3479 et
1273 3425 1698 3484 detormitatem.
1725 3429 1937 3501 Conjux

360 3512 542 3557 autem
572 3506 830 3576 ignorans
859 3525 1089 3569 causam
1129 3515 1248 3584 ejus
1290 3517 1546 3583 tristitiae,
1573 3522 1755 3576 omnia
1780 3523 1935 3578 dice-

360 3586 454 3642 bat
477 3590 805 3662 et‘faciebat,
858 3613 979 3652 eam
1019 3603 1310 3658 consolans
1339 3613 1396 3660 et
1421 3621 1522 3676 pro
1571 3609 1786 3664 viribus
1811 3625 1933 3666 eam

357 3695 564 3740 conans
619 3701 887 3745 recreare.
935 3688 1040 3746 Sed
1087 3693 1196 3759 illa,
1225 3704 1453 3765 peccato
1495 3705 1751 3769 tanquam
1801 3717 1936 3771 quo-

355 3772 481 3828 dam
549 3777 728 3834 ulcere
788 3781 995 3837 interna
1047 3785 1376 3856 depascente
1425 3800 1481 3845 et
1557 3793 1932 3864 Cogitationem

356 3880 466 3920 non
489 3867 704 3926 sinente
733 3873 1038 3943 quiescere,
1071 3887 1190 3932 erat
1234 3880 1666 3950 inconsolabilis,
1722 3895 1777 3939 et
1809 3887 1933 3942 nul-

354 3955 458 4011 lam
515 3963 834 4020 attendebat
895 3968 1224 4035 orationem,
1287 3987 1409 4040 quae
1456 3988 1579 4028 eam
1631 3979 1931 4032 recrearet.

352 4047 650 4118 Propterea
676 4055 869 4110 statuit
903 4059 1089 4114 venire
1124 4061 1191 4115 ad
1214 4077 1380 4116 unum
1431 4080 1498 4117 ex
1536 4067 1707 4122 sacris
1741 4083 1930 4124 mona-

2040 3235 2158 3297 οἵας
2185 3236 2352 3306 τιμῆς
2375 3236 2474 3308 τὴν
2522 3239 2789 3310 αἰσχύνην
2829 3242 3033 3313 μετέϐη
3074 3243 3087 3296 l
3121 3243 3483 3314 Προσὼζεσαν
3521 3246 3617 3298 καὶ

2040 3326 2326 3397 ἐσάπησαν
2351 3329 2400 3381 oi
2431 3329 2701 3400 μώλωπές
2731 3349 2858 3401 μου,
2887 3334 3144 3403 λέγουσα,
3176 3336 3284 3388 ἀπὸ
3320 3337 3618 3406 προσώπου

2039 3423 2140 3492 τῆς
2165 3423 2481 3494 ἀφροσύνης
2510 3443 2639 3496 μου,
2692 3428 2790 3482 καὶ
2820 3429 2904 3482 ὅτι
2939 3429 3184 3500 ἐτράφην
3219 3431 3299 3493 εἰς
3328 3430 3616 3484 ταλαιπω-

2043 3514 2189 3584 ρίαν,
2233 3517 2289 3566 έν
2316 3515 2392 3585 τῷ
2420 3517 2744 3588 ὲμπαγῆναί
2775 3538 2864 3590 μοι
2895 3521 3161 3577 ἄκανθαν.
3241 3524 3429 3578 Ταῦτα
3457 3525 3617 3593 ἐλεγέ

2036 3621 2097 3658 τε
2161 3606 2257 3658 καὶ
2291 3606 2502 3678 θερμὰς
2534 3609 2791 3680 δακρύων
2821 3613 2976 3683 ἠφίει
3018 3615 3229 3685 πηγὰς,
3281 3616 3344 3668 τὺ
3375 3617 3617 3682 δυσῶδες

2035 3696 2180 3751 οὕτω
2222 3701 2320 3755 καὶ
2361 3701 2598 3766 ἀκαλλὲς
2645 3704 2746 3773 τῆς
2791 3704 3074 3775 ἁμαρτίας
3133 3707 3614 3780 ἀποκαθαίρουσα.

2057 3780 2116 3836 Ὅ
2144 3783 2331 3854 μέντοι
2369 3787 2641 3856 σύνοικος,
2667 3790 2767 3863 τὴν
2809 3794 2991 3847 αἰτίαν
3021 3795 3122 3865 τῆς
3150 3796 3616 3869 σκυθρωπότητος

2033 3877 2265 3946 ἀγνοῶν,
2323 3880 2501 3935 πάντα
2552 3898 2614 3937 τε
2671 3883 2828 3953 ἔλεγε
2883 3889 2978 3941 καὶ
3035 3890 3213 3944 ἐποίει
3268 3893 3614 3963 παρηγορῶν

2032 3969 2220 4040 αὐτὴν,
2263 3972 2358 4026 καὶ
2391 3975 2490 4046 ὅση
2515 3975 2767 4047 δύναμις,
2801 3979 3211 4052 ἀναλαμϐάνειν
3238 3987 3611 4057 πειρώμενοςο

2029 4063 2150 4117 ἀλλ’
2181 4064 2369 4137 ἐκείνη
2393 4067 2584 4139 ῶσπερ
2619 4072 2763 4136 τινὸς
2795 4072 2989 4138 ἕλκους
3027 4076 3130 4146 τῆς
3161 4079 3443 4150 ἁμαρτίας
3487 4083 3611 4136 δια-

353 4141 559 4206 steriis,
601 4142 656 4196 in
692 4160 801 4214 quo
863 4149 968 4218 piae
1007 4151 1411 4207 exercebantur
1441 4153 1676 4221 feminae,
1739 4169 1797 4213 et
1848 4160 1928 4214 sic

2042 4156 2371 4228 Βοσκομένης
2422 4158 2490 4212 τὰ
2533 4159 2705 4224 ἔνδον,
2771 4164 2866 4217 καὶ
2913 4166 3005 4219 τὸν
3047 4141 3311 4238 λογισμὸν
3373 4141 3608 4243 ἠρεμεῖν

352 4232 533 4300 aliqua
597 4235 809 4293 ratione
866 4255 1060 4310 parare
1114 4243 1218 4297 sibi
1279 4247 1730 4304 consolationem.
1788 4250 1925 4308 Cum

2042 4245 2126 4297 >ύκ
2182 4246 2388 4316 ἐώσης,
2421 4249 2813 4322 ἀπαράκλητος
2849 4249 2918 4327 ἦν
2956 4257 3050 4309 καὶ
3081 4232 3259 4312 ούδενὶ
3293 4232 3434 4328 Myos
3462 4232 3609 4330 πσρ-

349 4337 480 4392 ergo
511 4326 754 4393 abiisset,
796 4339 854 4385 et
900 4333 1021 4401 ejus
1069 4348 1189 4402 quae
1241 4347 1474 4406 praeerat
1523 4341 1692 4409 pedes
1724 4357 1923 4413 appre-

2042 4339 2322 4410 πιγοροῦντι
2362 4344 2727 4412 προσέχουσα.
2758 4349 2858 4402 Διά
2887 4348 3061 4403 ταῦτα
3101 4353 3200 4404 καὶ
3250 4347 3331 4416 εἷς
3363 4354 3422 4406 ἓν
3461 4357 3608 4424 ἔγνω

352 4414 656 4483 bendisset,
695 4435 815 4476 eam
849 4423 1009 4479 valde
1043 4427 1271 4496 rogabat
1295 4440 1348 4482 et
1381 4431 1625 4500 petebat,
1654 4443 1919 4504 utquam-

2042 4432 2136 4486 τῶν
2176 4433 2338 4505 ίερῶν
2371 4435 2672 4505 ἀφικέσθαι
2703 4441 3157 4512 φροντιστηρίων,
3191 4446 3250 4498 ἐν
3270 4414 3322 4512 ᾦή
3344 4414 3604 4513 γυναίκες

350 4509 588 4577 primum
651 4512 942 4569 aﬂ‘erretur
993 4517 1240 4574 divinum
1306 4520 1677 4593 Evangelium.
1742 4529 1919 4584 Causa

2042 4526 2292 4594 ijcxoﬁvto
2318 4525 2614 4594 θεοσεσείς,
2641 4509 2922 4586 καὶοῦτω
2953 4509 3156 4604 τρόπον
3185 4509 3311 4590 τινά
3341 4509 3606 4609 πειραιῖιυζ

350 4604 532 4650 antem
563 4608 702 4665 erat,
727 4610 786 4655 ut
820 4601 948 4658 hinc
973 4605 1174 4660 certior
1202 4607 1376 4674 fleret,
1412 4625 1482 4665 an
1510 4613 1657 4681 quod
1689 4630 1922 4685 vespere

2042 4619 2127 4688 (ἧς
2187 4619 2360 4690 ἑαυτῇ
2412 4623 2859 4694 μηχανήσασθαι.
2910 4601 3254 4684 Ἀπελθοῦσα
3305 4601 3437 4696 γοῦν
3506 4601 3604 4685 καὶ

349 4688 400 4740 ei
437 4690 641 4744 factum
696 4692 894 4758 fuerat,
928 4696 1190 4752 evasisset
1213 4699 1440 4755 evidens
1485 4702 1580 4756 Dei
1633 4707 1825 4761 oculis.
1855 4708 1924 4763 Et

2042 4710 2130 4764 τῶν
2161 4710 2260 4781 τῆς
2295 4688 2653 4786 πίροεστώσ-ης
2683 4716 2962 4790 λασομὲνη
3012 4719 3192 4773 ποδῶν
3213 4761 3229 4786 ,
3311 4688 3484 4795 πολλή
3515 4741 3604 4788 τις

349 4779 504 4848 quid,
535 4782 612 4837 ait
655 4782 704 4838 ei
763 4787 1040 4854 praefecte,
1065 4799 1163 4844 est
1198 4789 1310 4847 Deo
1349 4793 1730 4866 incognitum?
1777 4798 1919 4854 Num

347 4871 496 4925 enim
530 4871 696 4943 (sicut
725 4876 803 4929 ait
843 4877 1062 4934 divinus
1100 4882 1267 4938 David
1301 4884 1343 4951 ³)
1379 4886 1472 4955 qui
1523 4887 1793 4956 plantavit
1816 4905 1914 4946 au-

344 4977 459 5017 rum
484 4981 592 5022 non
630 4970 829 5024 audit?
872 4983 968 5027 aut
1003 4975 1095 5043 qui
1132 4975 1287 5031 ﬂuxit
1345 4980 1564 5035 oculum
1613 4998 1728 5038 non
1777 5000 1916 5040 con-

347 5053 572 5122 siderat,
610 5059 699 5113 cni
737 5063 823 5117 vel
848 5064 964 5134 ipse
993 5067 1202 5134 primus
1249 5077 1306 5123 et
1343 5072 1501 5125 exilis
1531 5075 1712 5132 cordis
1743 5079 1916 5132 nostri

344 5156 530 5201 motus
590 5153 776 5207 evadit
825 5157 1197 5213 manifestus?
1233 5161 1338 5218 Sed
1375 5164 1422 5218 si
1467 5165 1710 5224 dolorem
1776 5172 1916 5227 nolis

346 5236 546 5295 habere
609 5241 997 5312 intensiorem,
1059 5252 1194 5306 mihi
1250 5269 1462 5324 expone
1503 5259 1762 5327 quidnam
1823 5265 1916 5331 sit,

343 5330 492 5398 quod
535 5342 687 5389 tunm
720 5339 934 5394 mordet
956 5341 1244 5412 animum;
1283 5357 1336 5401 et
1371 5345 1605 5406 fortasse
1626 5354 1783 5410 nobis
1801 5330 1912 5411 non

338 5422 510 5476 deerit
573 5428 900 5486 remedium.
955 5431 1052 5488 Illa
1109 5443 1290 5489 autem
1344 5441 1724 5499 recordatione
1772 5446 1911 5514 ejus,

273 5521 290 5534 “
339 5520 488 5582 quod
523 5517 727 5575 factum
775 5522 980 5590 fuerat,
1030 5539 1302 5583 commota
1347 5531 1415 5585 ad
1439 5532 1728 5604 la'crymas,
1767 5541 1910 5608 quod

339 5605 410 5657 ab
434 5607 590 5663 initio
616 5612 865 5680 petierat,
891 5616 1076 5672 denuo
1103 5617 1264 5686 petiit
1283 5618 1489 5678 Christi
1525 5605 1904 5698 Evangelium.

416 5775 426 5804 '
459 5776 597 5830 l’sal.
626 5796 828 5846 xxxvn.
860 5785 915 5840 6.
990 5790 1010 5819 ’
1045 5787 1188 5842 Psal.
1219 5805 1362 5855 xxxi,
1396 5793 1446 5848 ι.
1526 5794 1544 5825 ³
1570 5792 1714 5850 Psal.
1751 5806 1900 5863 xctn,
1929 5801 1979 5855 9.

2016 4798 2088 4873 ἦν
2135 4805 2365 4877 δεομένη
2407 4807 2635 4878 ταύτης,
2666 4809 2763 4863 καὶ
2801 4810 2863 4864 τὸ
2897 4812 3042 4866 θεῖον
3075 4813 3412 4884 Εὑαγγέλιον
3456 4833 3602 4888 παρο

2016 4894 2253 4966 αχθῆναι
2309 4896 2372 4949 τὸ
2421 4897 2586 4968 τάχος
2636 4899 2866 4954 αἰτοῦσα
2897 4917 2911 4932 ⁸
2963 4903 3057 4958 καὶ
3099 4906 3163 4957 τὸ
3221 4907 3398 4960 αἴτιον
3455 4905 3601 4961 ὥστε

2017 4987 2401 5057 πληροφορίαν
2453 4991 2670 5044 ἐκεῖθεν
2725 4992 2956 5060 λαϐεῖν,
3025 4996 3074 5057 εί
3129 4996 3192 5049 τὸ
3251 4997 3600 5071 διαπραχθὲν

2016 5080 2258 5152 ἑσπέρας
2275 5085 2414 5154 αὐτῇ
2441 5085 2552 5146 τοῖς
2572 5084 2666 5138 τοῦ
2687 5085 2824 5138 Θεοῦ
2843 5087 3002 5156 δῆλον
3024 5090 3248 5158 γέγονεν
3269 5093 3594 5162 ὀφθαλμοῖς.

2015 5173 2127 5227 Καὶ
2158 5174 2230 5241 τί,
2272 5177 2436 5245 φησὶν
2485 5178 2519 5246 ἡ
2565 5177 2955 5248 καθηγουμένη
2984 5181 3122 5253 πρὸς
3152 5183 3345 5255 αὐτὴν,
3393 5187 3596 5258 ἠγνόη-

2014 5280 2106 5317 ται
2137 5265 2214 5335 τῷ
2268 5265 2429 5335 Θεῷ;
2471 5267 2562 5334 Μὴ
2622 5267 2732 5336 γάρ
2768 5267 2864 5338 (ὡς
2920 5270 2948 5321 ὀ
3001 5269 3144 5334 θεῖος
3189 5271 3293 5344 ἔφη
3339 5273 3525 5345 Δαυῒδ)
3565 5278 3596 5329 ὁ

2013 5354 2291 5420 φυτεύσας
2342 5358 2402 5409 τὺ
2445 5353 2539 5420 οὖς
2582 5360 2702 5428 οὐχὶ
2758 5359 2987 5426 άκούει;
3040 5362 3073 5433 ἦ
3140 5364 3170 5414 ὁ
3238 5366 3456 5428 πλάσας
3496 5369 3594 5421 τὸν

2012 5443 2294 5514 ὀφθαλμὸν
2321 5446 2446 5516 οὐχὶ
2490 5449 2790 5512 κατανοεῖ,
2941 5449 3038 5502 καὶ
3069 5451 3207 5522 αὐτὴ
3251 5451 3444 5523 πρώτη
3494 5456 3593 5508 καὶ

2013 5536 2186 5609 λεπτὴ
2249 5538 2466 5610 κίνησις
2516 5541 2616 5610 τῆς
2675 5541 2904 5611 καρδίας
2957 5542 3117 5614 ἡμῶν
3164 5542 3304 5614 δήλη
3351 5545 3592 5612 γίνεται,

2015 5631 2182 5702 πλὴν,
2215 5633 2263 5686 εἰ
2313 5632 2387 5703 μὴ
2442 5633 2657 5702 μέλλοις
2706 5635 3000 5690 ἐπιτείνειν
3048 5636 3109 5691 τὸ
3155 5636 3421 5708 ἄλγημα,
3461 5639 3594 5710 ἐμοὶ
