3996 6490
450 409 556 472 669

1382 408 1560 471 VITA
1599 408 1662 472 S.
1699 408 2135 470 THEODOBZE
2168 409 2766 478 ALEXANDRINIE.

3589 423 3704 487 670

440 525 820 596 προσανάθου,
851 523 908 579 τί
929 524 995 582 τι
1018 525 1218 587 δάκνον
1249 542 1344 579 σου
1375 528 1477 595 τὴν
1505 524 1689 597 ψυχὴν
1707 567 1723 592 ,
1755 528 1852 581 καὶ
1893 526 2004 582 ἴσως

2128 525 2286 592 Quod
2327 527 2549 598 quidem
2581 543 2707 585 cum
2733 529 2970 600 primum
2999 530 3317 601 evolvisset,
3351 533 3514 590 simul
3536 544 3701 608 atque

427 617 530 672 οὔκ
575 617 938 689 ἀπορήσομεν
980 616 1303 690 θεραπείας.
1362 618 1429 671 Ἢ
1451 618 1534 682 δὲ,
1563 621 1628 689 τῇ
1681 618 1875 692 μνήμῃ
1919 619 2016 673 τοῦ

427 713 714 782 γεγονότος
767 712 1060 783 κινηθεῖσα
1109 711 1247 783 πρὸς
1324 711 1562 785 δάκρυα,
1621 714 1682 767 τὸ
1731 714 1795 779 ὲξ
1840 714 2017 785 ἀρχῆς

429 804 658 870 σ-ίτηθὶν
685 807 781 858 καὶ
813 802 970 870 αὖθις
1004 806 1187 878 ἐζήτει
1232 806 1328 860 τοῦ
1377 807 1617 877 Χριστοῦ
1651 807 2006 876 Εὑαγγὲλιον.

431 896 611 966 Ὅπερ
643 896 806 960 εὐθὺς
839 898 1130 966 ἀνελίξασα
1166 898 1286 969 ἅμα
1317 902 1380 970 τῇ
1412 899 1638 971 ἐπιϐολῇ
1666 900 1779 954 τῶν
1819 900 2018 970 ὀφθαλ-

430 987 550 1058 μῶν
570 991 751 1042 ἐκεῖνο
773 982 931 1055 εὗρεν
949 990 1292 1060 ἐγκείμενον,
1315 991 1373 1043 τὸ
1395 991 1423 1044 δ
1447 993 1698 1062 γέγραρα
1728 993 2012 1063 γέγραφα.

428 1083 540 1135 Καὶ
571 1081 782 1136 αὐτίκα
813 1081 962 1156 λύπῃ
997 1083 1193 1154 βαρείᾳ
1224 1082 1324 1155 τὴν
1356 1084 1540 1154 ψυχὴν
1563 1085 1861 1155 πληγεῖσα,
1891 1089 2016 1151 ταῖς

426 1174 585 1243 χερσί
609 1191 670 1228 τε
691 1174 790 1245 τὴν
808 1175 932 1246 ὄψιν
951 1176 1263 1242 πατάξασα,
1297 1177 1436 1232 Οὶαί
1462 1195 1554 1246 μοι
1571 1180 1639 1248 τῇ
1664 1178 1848 1251 ἀθλίᾳ,
1871 1179 2015 1249 μέγα

427 1266 627 1335 ἐϐόησε
649 1283 666 1299 ·
705 1267 812 1338 φεῦ
845 1269 943 1340 τῆς
975 1268 1207 1340 πλάνης,
1243 1270 1348 1339 φεύ
1379 1270 1474 1324 τοῦ
1501 1271 1898 1343 τολμήματοςί
1929 1274 2012 1336 είς

432 1355 544 1424 γὰρ
593 1356 695 1426 τὴν
739 1357 836 1410 τοῦ
889 1358 1086 1430 ἀνδρὸς
1131 1358 1397 1431 ὲξύϐρισα
1443 1362 1654 1432 κοίτην.
1700 1362 1888 1415 Ταῦτα
1919 1361 2012 1416 λέ-

432 1464 633 1514 γουσα,
666 1450 765 1505 καὶ
817 1451 1134 1523 συγχύσεως
1175 1453 1278 1524 μὲν
1310 1454 1408 1525 τὴν
1447 1455 1680 1525 καρδίαν
1707 1495 1723 1521 ,
1753 1454 2011 1526 δακρύων

426 1543 486 1596 δὲ
533 1543 822 1614 πληροῦσα
869 1545 932 1599 τὸ
982 1547 1202 1617 ἔδαφος,
1239 1548 1340 1627 καὶ
1387 1548 1525 1618 μηδὲ
1567 1549 1630 1603 τὸ
1657 1548 1812 1619 ὖμμα
1869 1548 2010 1619 πρὸς

425 1637 697 1708 οὐρανοὺς
725 1639 910 1710 ατρειν
960 1641 1242 1712 τολμῶσα,
1274 1642 1413 1695 ἀλλά
1442 1643 1537 1696 καὶ
1579 1642 1775 1696 τούτου
1813 1643 2008 1714 ἀπείρ-

2122 616 2317 687 iniecit
2342 620 2552 684 oculos,
2584 621 2943 677 invenitillud
2965 624 3231 694 scriptum
3266 626 3462 693 :Quod
3476 631 3699 699 scripsi,

2119 709 2318 779 scripsi
2353 708 2398 764 ⁸.
2441 728 2462 764 ι
2499 711 2568 766 Et
2616 711 2780 767 simul
2819 713 2970 784 gravi
3003 714 3175 771 animi
3201 717 3392 773 dolore
3421 722 3694 786 sauciata,

2117 807 2178 855 et
2205 801 2458 857 manibus
2485 817 2644 858 suam
2688 805 2914 874 pulsans
2949 805 3141 862 faciem
3178 824 3192 862 :
3224 809 3321 864 Hei
3358 811 3491 866 mihi
3529 813 3699 868 mise-

2118 908 2216 960 rae,
2242 909 2439 965 magna
2466 910 2604 951 voce
2636 897 2960 952 exclamavit
2993 916 3008 967 ;
3068 916 3100 954 ο
3149 916 3415 966 errorem.
3448 919 3482 957 ο
3515 905 3694 960 audax

2117 984 2366 1041 facinus!
2412 987 2610 1042 violavi
2662 988 2764 1044 viri
2805 989 3004 1045 cubile.
3063 991 3192 1046 Haec
3241 993 3456 1060 dicens,
3501 1005 3558 1050 et
3600 1012 3695 1052 cor

2115 1075 2337 1146 quidem
2375 1078 2724 1145 confusione,
2759 1081 2936 1136 solum
2957 1091 3142 1138 autem
3172 1085 3390 1155 replens
3409 1085 3688 1158 Iacrymls,

2113 1177 2171 1224 et
2198 1184 2304 1224 nec
2350 1169 2419 1225 ad
2460 1171 2658 1227 coelum
2697 1173 2918 1242 quidem
2952 1175 3161 1231 audens
3205 1177 3396 1233 oculos
3420 1179 3689 1244 attollere,

2113 1258 2210 1313 sed
2239 1259 2406 1314 etiam
2429 1260 2498 1314 ab
2522 1261 2626 1315 hoc
2665 1261 2858 1318 dicens
2879 1278 2940 1319 se
2977 1265 3175 1329 arceri,
3206 1274 3268 1320 ut
3315 1281 3436 1335 quae
3476 1267 3690 1321 nefario

2116 1365 2216 1406 suo
2246 1349 2451 1423 ﬂagitio
2484 1352 2661 1423 ipsum
2709 1354 2871 1410 etiam
2936 1371 3118 1412 aerem
3173 1358 3445 1427 polluerit,
3501 1361 3692 1414 Statuit

2117 1439 2382 1511 deinceps
2397 1457 2507 1497 non
2531 1444 2772 1515 amplius
2817 1461 3044 1501 manere
3084 1447 3138 1501 in
3171 1450 3400 1515 mundo,
3431 1458 3486 1504 et
3519 1450 3572 1503 in
3624 1450 3691 1506 iis

2117 1546 2241 1601 quae
2271 1545 2400 1587 sunt
2431 1535 2645 1612 mundi,
2675 1536 2768 1591 sed
2796 1537 3220 1606 sapientissimis
3249 1540 3500 1612 cogitatis
3559 1555 3693 1611 sup-

2116 1623 2362 1691 plantare
2383 1640 2508 1680 eum
2530 1626 2622 1696 qui
2645 1627 2958 1699 deceperat.

427 1729 625 1794 γεσθαι
663 1729 922 1800 λέγουσα,
970 1733 1048 1796 ὡς
1097 1735 1194 1788 καὶ
1241 1735 1322 1804 τῷ
1365 1735 1488 1806 ἀέρι
1560 1735 1836 1805 μολυσμὸν
1894 1735 2061 1789 δοῦσα
2092 1739 2157 1806 τῇ
2211 1738 2413 1811 ἀτοπίᾳ
2473 1740 2567 1794 τοῦ
2620 1744 3056 1815 ἐγχειρήματος,
3108 1747 3184 1819 μὴ
3223 1749 3546 1820 προσθεῖναι
3595 1749 3690 1803 τὸν

427 1824 619 1879 λοιπὸν
663 1825 808 1895 ἔγνω
846 1831 1042 1899 κόσμῳ
1075 1832 1406 1899 προσμεῖναι
1438 1831 1678 1895 καὶτοῖς
1729 1834 1787 1885 ὲν
1842 1835 2057 1902 κόσμῳ,
2105 1832 2248 1886 ἀλλά
2275 1836 2621 1905 σοφωτάταις
2665 1840 2942 1905 ἐπινοίαις
3002 1845 3296 1915 πτερνίσαι
3336 1845 3430 1898 τὸν
3467 1845 3688 1917 ἀπατή-

428 1933 623 1972 σαντα.

501 2009 574 2065 Δ’.
598 2007 713 2062 Καὶ
734 2009 979 2081 ἀνδρεῖον
1005 2010 1205 2067 αὐτίκα
1243 2013 1432 2085 σχῆμα
1457 2016 1794 2088 περιθεμένη
1812 2056 1826 2080 ,
1858 2016 2004 2071 ὡσάν

2187 2016 2280 2073 IV.
2311 2016 2463 2103 Virili
2504 2029 2688 2078 autem
2739 2023 2927 2079 induta
2977 2024 3183 2088 habitu,
3237 2034 3297 2080 ut
3343 2027 3536 2084 lateret
3586 2046 3686 2087 eos

425 2101 568 2156 οὓτω
594 2103 721 2166 τοὺς
751 2103 1050 2169 διώκοντας
1084 2106 1229 2178 λάθῃ
1255 2108 1395 2180 (ᾔδει
1432 2109 1543 2180 γὰρ
1579 2110 1658 2175 ὼς
1687 2112 1894 2183 σφόδρα
1927 2112 2007 2183 τῷ

429 2195 588 2264 ἀνδρὶ
620 2195 850 2267 μελήσει
885 2214 950 2250 πε
963 2199 1016 2269 pl.
1048 2199 1223 2269 αὐτῆς
1255 2203 1348 2255 καὶ
1381 2204 1443 2256 οὐ
1479 2206 1748 2259 παύσεται
1800 2206 2007 2277 ταύτην

425 2289 744 2363 ἐπιζητῶν),
767 2291 983 2363 ἀνδρῶν
1006 2294 1256 2364 πρόσεισι
1279 2297 1551 2365 κοινοϐἔῳ,
1572 2316 1638 2368 ση
1649 2299 2009 2368 μείοιςόκτω-

430 2384 663 2438 καίδεκα
715 2387 818 2455 τῆς
866 2385 1274 2458 Ἀλεξανδρέων
1327 2389 1592 2459 ἀπέχοντι
1619 2407 1635 2422 ⁸
1666 2393 1759 2446 καὶ
1787 2391 1867 2444 ἔτι
1911 2391 2006 2446 τοῦ

427 2477 670 2540 πυλῶνος
721 2478 826 2542 ἔξω
883 2481 1270 2549 τυγχάνουσα,
1308 2482 1656 2552 εἰσδεχθῆναι
1712 2501 1774 2538 τε
1833 2483 2006 2556 αὐτὴν

424 2569 608 2640 ἠξίου,
639 2569 738 2624 καὶ
779 2569 878 2624 τοῦ
913 2570 1154 2641 ἀριθμοῦ
1187 2574 1442 2641 γενέσθαι
1481 2575 1594 2628 τῶν
1619 2576 2001 2644 ἀσκουμένων.

434 2663 498 2715 Ol
552 2660 612 2714 δὶ
657 2661 720 2714 οὐ
778 2662 1050 2732 πρότερον
1094 2662 1308 2732 ἔφησαν
1353 2664 1529 2734 αὐτὴν
1576 2665 2004 2731 είσοικίσασθαι,

424 2753 604 2808 καίτοι
657 2753 833 2824 ἄνδρα
871 2755 1089 2818 τούτοις
1131 2755 1228 2808 καὶ
1262 2756 1385 2826 οὐχὶ
1423 2759 1664 2826 γυναῖκα
1711 2759 2006 2829 νομιζομέ-

424 2859 545 2911 νην,
583 2845 631 2895 εί
679 2842 754 2914 μὴ
803 2845 938 2914 παρ’
961 2845 1092 2917 ὅλην
1141 2846 1262 2898 ἐκεῖ
1290 2847 1392 2917 τὴν
1421 2847 1594 2901 νύκτα
1627 2849 1840 2919 αἴθριος
1883 2850 2004 2904 δια-

425 2935 612 3008 μείνῃ,
641 2935 738 2990 καὶ
773 2936 1024 3008 δοκίμιον
1068 2937 1213 2992 οὕτω
1236 2940 1542 3012 καρτερίας
1575 2944 1839 3015 παράσχῃ
1890 2946 2006 3008 τοῖς

421 3027 694 3096 ἀδελφοῖς.
796 3029 862 3083 Ἦ
941 3030 1000 3084 δὲ
1062 3033 1123 3084 ού
1195 3032 1358 3100 μόνον
1429 3034 1604 3105 ἡδέως
1663 3036 1881 3102 ἐδέξατο
1939 3037 2004 3092 τὸ

421 3117 632 3191 λεχθὲν,
690 3120 784 3174 καὶ
829 3122 1004 3174 ταῦτα
1050 3122 1124 3193 μὴ
1175 3124 1457 3191 ἀγνοοῦσα
1493 3127 1576 3180 δτι
1613 3124 1782 3195 θηρία
1829 3126 2003 3182 πολλά

422 3211 524 3279 τῆς
545 3211 743 3275 νυκτὸς
773 3212 1108 3281 προσϐάλλει
1139 3214 1227 3269 διὰ
1271 3216 1334 3268 τὸ
1367 3215 1464 3270 τοῦ
1496 3218 1668 3272 τόπου
1705 3219 1915 3290 ἔρημόν
1941 3237 2001 3274 τε

421 3304 519 3358 καὶ
541 3305 741 3377 κομιδῇ
774 3305 994 3376 ἄγριον,
1043 3306 1185 3361 ἀλλὰ
1217 3309 1314 3362 καὶ
1344 3311 1427 3373 είς
1457 3310 1621 3382 ἔργον
1654 3313 1716 3366 τὸ
1755 3330 1998 3384 προστα-

421 3396 550 3464 χθὲν
571 3373 750 3467 ἤγαγε
775 3415 791 3428 ·
824 3373 920 3452 καὶ
950 3398 1405 3470 διενυκτέρευσεν
1435 3373 1579 3456 oti-rio
1603 3373 1996 3474 προσμένουσα
2023 3373 2066 3434 c'

419 3489 496 3561 τῷ
519 3489 753 3544 πυλῶνι.
774 3491 865 3543 Διὸ
891 3492 986 3544 καὶ
1009 3493 1037 3545 ὁ
1059 3491 1138 3563 τῷ
1163 3493 1364 3564 Δανιὴλ
1389 3494 1558 3548 πάλαι
1585 3496 1998 3569 καθημερώσας

415 3580 515 3652 τὴν
557 3581 840 3637 λεοντείαν
879 3583 1169 3655 ὠμότητα,
1223 3587 1390 3650 αὐτὸς
1429 3590 1526 3642 καὶ
1573 3588 1668 3641 νῦν
1714 3590 1815 3660 τὴν
1843 3591 1997 3646 ὁσίαν

421 3675 691 3746 προειδὼς
722 3677 805 3740 είς
834 3671 949 3730 οἷον
977 3676 1115 3748 ὕψος
1173 3679 1578 3751 ἀναδραμεῖται
1627 3681 1729 3751 τῆς
1771 3685 1994 3754 ἀρετῆς,

417 3769 509 3822 καὶ
536 3768 735 3840 θηρσὶν
759 3769 1005 3841 ἄληπτον
1044 3771 1370 3844 διετήρησεν
1398 3786 1414 3802 ⁸
1445 3773 1472 3827 δ
1516 3778 1610 3828 καὶ
1649 3776 1786 3846 αὐτῇ
1829 3777 1998 3847 πείρᾳ.

419 3857 842 3930 καταμαθόντες
875 3863 925 3913 oi
959 3864 1190 3932 μοναχοὶ
1238 3862 1302 3916 τὸ
1355 3865 1600 3917 συνεῖναι
1638 3865 1849 3930 τούτοις
1879 3865 1997 3920 θεο-

419 3950 571 4018 φιλὲς
596 3951 841 4020 ἔκριναν.
902 3953 1186 4024 Ἀσμένως
1239 3950 1336 4008 οὖν
1365 3957 1768 4029 εἰσδεχθείσης,
1821 3962 1849 4014 ὁ
1896 3961 1998 4032 τῆς

420 4043 590 4112 μονῆς
610 4041 921 4112 προεστὼς,
973 4045 1220 4116 ἐντυχὼν
1253 4047 1392 4119 αὐτῇ
1443 4051 1588 4103 κατά
1635 4052 1828 4120 μόνας,
1875 4053 1996 4107 ἐπι·

419 4135 598 4204 μελῶς
634 4134 849 4204 ἠρώτα,
882 4136 968 4200 τίς
992 4153 1052 4190 τε
1081 4138 1191 4208 εἴη,
1253 4141 1348 4192 καὶ
1389 4142 1531 4195 κατά
1584 4143 1745 4196 ποίαν
1781 4145 1846 4216 δὴ
1893 4147 1996 4215 τὴν

415 4227 622 4292 αἰτίαν,
677 4228 820 4300 πρὸς
863 4227 935 4281 τὰ
981 4229 1094 4283 τῶν
1147 4233 1403 4302 μοναχῶν
1457 4236 1846 4305 παραγένοιτο.
1903 4240 1997 4311 Μὴ

414 4317 747 4388 δαναίσμασι
819 4321 1023 4391 χρεῶν,
1095 4323 1254 4393 φησὶ,
1305 4323 1694 4397 βαρυνόμενος,
1750 4328 1804 4400 ἢν·
1847 4331 1996 4404 φόνῳ

413 4409 562 4475 τινδς
585 4411 769 4480 ἁλοὺς,
801 4412 835 4484 ἢ
862 4417 1086 4484 τρέφειν
1121 4417 1320 4478 παῖδας
1346 4419 1674 4488 ἠπορηκὼς,
1710 4423 1773 4476 τὸ
1802 4441 1996 4495 κοσμι-

414 4503 511 4555 κδν
552 4503 858 4557 ἀποϐαλεῖν
910 4505 1101 4577 σχῆμα
1135 4508 1388 4579 προείλου
1418 4513 1544 4576 ;’Δι’
1579 4514 1733 4568 οὐδὲν
1754 4518 1986 4586 τούτων,

412 4597 444 4665 ή
477 4595 731 4667 Θεοδὼρα
753 4595 932 4662 εἶπεν,
961 4592 1006 4652 ὧ
1043 4600 1244 4670 πάτερ,
1281 4601 1417 4655 ἀλλά
1454 4605 1606 4674 παρά
1637 4606 1698 4659 τὸ
1728 4610 1991 4678 σχολάσαι

418 4705 484 4757 μα
522 4689 693 4758 μόνον
722 4688 817 4744 τοῦ
871 4692 1143 4767 κοσμικοῦ
1197 4693 1452 4764 θορύϐου,
1497 4699 1594 4751 κα)⁸
1637 4698 1737 4761 τὰς
1781 4701 1987 4762 οἰκείας
2025 4723 2067 4778 D

415 4780 867 4837 ἀτοκλαύσασθαι
915 4784 1214 4854 ἁμαρτίας.
1272 4787 1399 4850 Πῶς
1431 4788 1489 4842 δὲ
1530 4789 1648 4853 καὶ,
1695 4790 1997 4862 ἀνθυπέφε·

415 4889 509 4941 ρεν
534 4873 564 4926 ὁ
598 4873 794 4945 μέγας,
817 4874 982 4946 καλῇς
1021 4877 1131 4930 Καὶ
1161 4877 1194 4947 ή
1225 4880 1473 4946 γενναία,
1507 4880 1803 4951 Θεόδωρος,
1822 4879 1998 4951 εἶπεν,

415 4967 538 5033 ἐμοὶ
591 4966 654 5021 τὸ
700 4967 900 5039 ὄνομα.
955 4968 1013 5022 '0
1043 4970 1102 5023 δὲ
1128 5009 1144 5034 ,
1182 4971 1276 5024 καὶ
1314 4971 1390 5043 μὴ
1427 4973 1784 5044 ὑπολάμϐανε
1810 5017 1824 5040 ,
1865 4977 1997 5049 ἔφη,

413 5057 614 5129 seems
683 5060 953 5130 Θεόδωρε,
1034 5063 1117 5116 ὅτι
1166 5063 1326 5126 ἐκτὸς
1384 5065 1537 5118 ἔσται
1603 5082 1684 5119 σοι
1752 5069 1928 5122 πόνων
1966 5071 2000 5141 ὴ

413 5151 653 5208 ἐνταῦθα
703 5153 954 5226 διαγωγή
984 5170 999 5184 ·
1032 5154 1150 5208 ἀλλ’
1185 5155 1234 5208 εί
1267 5155 1448 5227 βούλει
1492 5157 1569 5227 τῷ
1610 5158 1726 5211 δντι
1753 5161 1845 5212 τὸν
1896 5163 1996 5230 τῆς

413 5243 670 5313 ὑπακοῆς
725 5242 892 5312 ζυγὸν
973 5245 1268 5311 ὑπελθεῖν,
1337 5246 1541 5310 πάσαις
1599 5246 1710 5302 ῐσθι
1781 5249 1996 5320 χρείαις

414 5334 786 5404 ὑπηρετήσων
839 5335 950 5389 τῶν
1007 5336 1282 5405 ἀδελφῶν,
1341 5338 1404 5391 οὑ
1456 5341 1580 5400 ταῖς
1628 5340 1686 5391 ἐν
1728 5341 1794 5409 τῇ
1854 5342 1992 5412 μονῇ

415 5429 604 5496 μόνον,
625 5421 740 5480 οἷον
764 5427 873 5480 τῶν
900 5427 1085 5497 φυτῶν
1121 5429 1216 5482 καὶ
1245 5429 1496 5498 λαχάνων
1533 5429 1989 5500 ἐπιμελούμενος,

413 5519 611 5582 ’ὑδατός
676 5536 736 5574 τε
795 5521 1140 5591 μετακομιδῆ
1199 5521 1534 5591 λειτουργῶν
1578 5524 1672 5574 καὶ
1723 5523 1990 5594 ἀμελλητὶ

413 5613 612 5683 ἄρδων,
639 5611 779 5667 ἀλλά
803 5612 868 5682 δὴ
892 5613 989 5665 καὶ
1009 5616 1130 5676 ταῖς
1160 5613 1266 5678 ἔξω
1292 5612 1498 5683 ταύτης
1542 5614 1988 5686 διακονούμενος,

414 5705 510 5758 καὶ
540 5706 634 5759 ὅτε
663 5706 824 5776 χρεία
854 5705 1046 5776 καλοίη
1089 5706 1225 5776 πρὸς
1264 5705 1362 5776 τὴν
1399 5705 1556 5760 πόλιν
1602 5707 1823 5762 ἀπιέναι
1851 5749 1865 5776 ,
1912 5707 1988 5780 μὴ

483 5857 510 5895 ⁵
538 5858 696 5919 Joau.
719 5879 834 5925 xu.
863 5862 953 5918 22.
1039 5865 1056 5894 ⁸
1079 5837 1214 5919 Dan.
1240 5871 1314 5928 vt,
1352 5862 1373 5917 l
1402 5879 1554 5931 seqq.

2108 2110 2198 2180 qui
2229 2102 2834 2185 eam‘persequerentur
2856 2115 3085 2186 (sciebat
3126 2118 3271 2172 enim
3314 2119 3451 2186 fore,
3479 2132 3539 2178 ut
3568 2124 3684 2193 ipsa

2109 2203 2305 2258 marito
2354 2219 2565 2277 magna
2615 2216 2762 2263 esset
2805 2223 2975 2273 cut-te,
3010 2218 3064 2264 et
3111 2226 3231 2264 eam
3281 2227 3393 2266 non
3446 2228 3688 2273 cessaret

2107 2295 2391 2362 quaerere)
2439 2295 2652 2352 accedit
2703 2298 2774 2352 ad
2832 2297 3073 2352 virorum
3145 2299 3481 2364 coenobium,
3538 2304 3685 2371 quod

2106 2384 2298 2441 decem
2326 2393 2384 2441 et
2419 2395 2544 2443 octo
2584 2388 2837 2445 milliaria
2864 2390 3029 2445 distat
3058 2390 3405 2470 Alexandria.
3449 2393 3517 2448 Et
3558 2409 3684 2451 cum

2105 2487 2252 2533 esset
2307 2488 2460 2534 extra
2508 2482 2860 2548 vestibulum,
2903 2483 3127 2554 rogabat
3179 2491 3243 2538 ut
3280 2485 3426 2538 intro
3480 2485 3684 2540 admit-

2107 2581 2334 2638 teretur,
2395 2581 2451 2628 et
2497 2583 2643 2629 esset
2679 2590 2743 2629 ex
2782 2588 3017 2630 numero
3068 2588 3258 2629 eorum
3317 2576 3408 2645 qui
3458 2591 3683 2632 exerceo

2105 2662 2326 2718 bantur.
2403 2664 2485 2719 llli
2522 2666 2706 2720 autem
2756 2665 3032 2731 dixerunt,
3087 2681 3147 2720 se
3194 2681 3306 2720 non
3360 2667 3509 2734 prius
3560 2682 3680 2722 eam

2103 2768 2227 2808 esse
2283 2755 2717 2824 intromissuros,
2763 2757 2862 2812 etsi
2910 2758 2996 2812 vir
3041 2758 3111 2813 ab
3145 2759 3226 2814 eis
3274 2758 3685 2814 existimaretur

2103 2859 2245 2910 esse.
2281 2855 2336 2902 et
2378 2862 2490 2902 non
2523 2847 2748 2915 femina,
2787 2848 2893 2903 nisi
2937 2857 3048 2904 tota
3092 2857 3254 2905 nocte
3293 2849 3404 2904 illic
3439 2859 3682 2904 maneret

2103 2939 2206 2994 sub
2241 2939 2354 3004 dio,
2391 2949 2446 2994 et
2479 2939 2780 2995 tolerantiae
2816 2940 3253 3009 experimentum
3299 2940 3379 2994 sic
3417 2939 3682 3010 praeberet

2102 3030 2382 3087 fratribus.
2414 3031 2502 3085 llla
2533 3041 2716 3087 autem
2745 3031 2981 3087 libenter
3015 3031 3248 3101 accepit,
3283 3030 3431 3100 quod
3471 3029 3680 3085 dictant

2103 3121 2305 3183 fuerat;
2359 3122 2522 3192 idque
2579 3137 2704 3178 cum
2773 3137 2882 3176 non
2937 3123 3236 3193 ignoraret,
3290 3121 3437 3190 quod
3512 3132 3678 3176 noctu

2101 3214 2287 3269 multa:
2329 3214 2519 3269 bestiae
2558 3214 3010 3285 ingrediebantur
3045 3229 3146 3284 per
3184 3213 3364 3268 locum
3397 3213 3678 3268 desertum

2103 3317 2160 3362 et
2191 3307 2486 3362 admodum
2520 3317 2813 3380 agrestem,
2849 3307 2944 3362 sed
2990 3307 3153 3362 etiam
3183 3305 3409 3361 deduxit
3441 3305 3507 3360 ad
3541 3320 3679 3375 opus

2103 3400 2156 3455 id
2201 3400 2346 3470 quod
2415 3401 2741 3469 imperatum
2795 3399 3016 3454 fuerat:
3066 3406 3120 3453 et
3173 3399 3255 3453 sic
3312 3398 3673 3468 pernoctavit,

2103 3507 2335 3547 manens
2387 3502 2516 3547 ante
2566 3493 2918 3548 vestibulum.
2978 3490 3348 3557 Quamobrem
3407 3491 3498 3559 qui
3546 3489 3677 3545 olim

2102 3583 2309 3639 Danieli
2349 3584 2617 3638 leoninam
2666 3583 3028 3638 mansuefecit
3061 3581 3458 3637 :crudelitamm
3482 3582 3533 3646 ',
3561 3581 3679 3650 ipse

2100 3690 2320 3746 quoque
2349 3675 2529 3730 sciens
2570 3677 2636 3730 ad
2669 3685 2927 3746 quantam
2964 3674 3181 3729 virtutis
3223 3672 3569 3728 altitudinem
3604 3673 3677 3729 sit

2099 3775 2286 3822 sancta
2338 3776 2692 3836 perventura,
2744 3765 3093 3821 conservavit
3147 3779 3290 3828 eam,
3337 3779 3410 3818 ne
3456 3778 3487 3817 a
3542 3763 3673 3820 feris

2099 3868 2407 3930 caperetur.
2470 3860 2626 3926 Quod
2679 3874 2799 3915 cum
2850 3858 3105 3935 monachi
3161 3859 3278 3927 ipsa
3355 3856 3676 3911 didicissent

2098 3951 2455 4022 experientia,
2497 3952 2819 4021 iudicarunt
2852 3964 2975 4005 esse
3027 3950 3140 4004 Deo
3181 3956 3418 4020 gratum,
3449 3955 3512 4000 ut
3550 3961 3674 4002 cum

2099 4043 2180 4098 eis
2205 4051 2530 4098 versaretur.
2561 4042 2637 4097 Ea
2662 4057 2794 4113 ergo
2817 4041 3052 4096 libenter
3091 4040 3347 4104 admissa,
3382 4039 3676 4109 praefectus

2099 4135 2412 4190 monasterii
2447 4150 2568 4189 eam
2618 4133 2848 4189 seorsim
2889 4133 3180 4197 allocutus,
3219 4134 3508 4203 diligenter
3554 4146 3674 4186 eam

2099 4227 2306 4294 rogavit
2329 4227 2581 4296 quisnam
2607 4235 2774 4289 esset,
2803 4234 2860 4281 et
2885 4240 3122 4296 quanam
3147 4225 3215 4280 de
3243 4239 3408 4280 causa
3435 4224 3678 4278 venisset

2096 4320 2163 4376 ad
2215 4319 2626 4376 monasterium.
2679 4318 2842 4385 Num,
2904 4318 3100 4389 inquit,
3135 4317 3346 4375 frenare
3393 4324 3672 4388 gravatus,

2095 4424 2192 4470 aut
2235 4415 2392 4470 factae
2424 4415 2588 4470 cmdis
2627 4413 2927 4477 convictus,
2963 4425 3058 4466 aut
3096 4425 3222 4466 cum
3287 4426 3400 4464 non
3445 4409 3675 4464 haberes

2097 4506 2242 4561 unde
2304 4505 2444 4559 ﬁlios
2487 4505 2684 4569 aleres,
2730 4504 2965 4559 statuisti
3015 4503 3350 4557 mundanum
3397 4501 3675 4569 deponere

2096 4596 2384 4652 habitum?
2431 4594 2658 4665 Propter
2717 4595 2922 4648 nullum
2984 4594 3203 4656 horum,
3237 4607 3270 4646 ο
3317 4591 3495 4654 Pater,
3541 4590 3677 4644 dixit

2097 4687 2404 4751 Theodora,
2453 4687 2548 4740 sed
2581 4695 2641 4739 ut
2677 4685 2827 4740 solus
2859 4685 3100 4754 quietem
3144 4699 3297 4754 agam
3329 4698 3358 4735 a
3392 4681 3672 4734 mundano

2099 4779 2358 4844 tumultu,
2389 4787 2444 4833 et
2477 4793 2594 4832 mea
2624 4777 2851 4831 defleam
2875 4784 3118 4844 peccata.
3147 4773 3433 4840 Quomodo
3463 4782 3671 4835 autem,

2099 4870 2386 4940 subiunxit
2441 4883 2673 4939 magnus
2738 4867 3051 4938 praefectus,
3122 4864 3478 4936 appellaris?
3531 4864 3674 4918 Dixit

2099 4973 2285 5019 autem
2337 4963 2425 5017 illa
2479 4976 2740 5033 generosa
2806 4961 3060 5015 mulier:
3110 4960 3208 5014 Est
3272 4957 3410 5011 mihi
3467 4971 3669 5010 nomen

2101 5054 2448 5110 Theodorus.
2496 5052 2592 5107 Ille
2645 5061 2825 5106 autem
2868 5091 2884 5116 ,
2925 5051 3006 5105 Ne
3033 5051 3336 5116 existimes,
3395 5049 3593 5118 inquit,
3627 5062 3662 5102 0

2102 5149 2272 5206 frater
2307 5147 2617 5212 Theodore,
2651 5146 2789 5201 citra
2821 5144 3064 5199 laborem
3109 5144 3208 5198 tibi
3259 5143 3500 5197 futuram
3546 5155 3669 5196 eam

2094 5258 2214 5313 qum
2290 5250 2376 5297 est
2458 5240 2549 5296 hic
2619 5237 3094 5294 conversationem
3151 5252 3167 5291 :
3226 5236 3321 5290 sed
3394 5237 3437 5289 si
3534 5233 3670 5288 velis

2095 5348 2283 5390 revera
2315 5331 2500 5388 subire
2551 5330 2738 5400 iugum
2791 5328 3140 5389 obedientiae,
3193 5327 3335 5382 scias
3386 5333 3439 5380 te
3491 5325 3668 5379 inser-

2093 5427 2330 5481 viturum
2385 5423 2642 5478 fratribus
2703 5423 2756 5475 in
2799 5420 3056 5476 omnibus
3131 5433 3253 5488 quae
3296 5426 3426 5473 sunt
3471 5431 3669 5472 neces-

2095 5523 2260 5587 saria,
2326 5535 2436 5576 non
2480 5520 2655 5574 solum
2737 5519 2791 5572 in
2866 5516 3224 5581 monasterio,
3308 5524 3366 5570 ut
3415 5514 3509 5584 qui
3586 5513 3663 5568 sis

2097 5621 2386 5673 curaturus
2442 5611 2656 5683 plantas
2702 5620 2758 5666 et
2808 5609 2978 5676 olera,
3028 5619 3084 5665 et
3141 5607 3552 5664 ministraturns
3610 5606 3665 5660 in

2097 5722 2235 5779 aqua
2302 5703 2660 5774 exportanda,
2739 5711 2794 5759 et
2852 5703 3069 5758 hortum
3156 5700 3499 5772 irrigatnrus,
3569 5697 3666 5754 sed
