3996 6494
289 417 391 480 (ΠΙ

1513 421 1804 485 MENSIS
1844 416 2314 480 SEPTEMBEB.

3432 404 3540 467 672

282 533 417 590 foris
458 536 621 590 etiam
674 538 994 603 serviturus,
1044 551 1097 594 et
1145 541 1363 610 quando
1417 555 1549 596 usus
1598 537 1862 609 exegerit,

1984 537 2434 606 παραιτούμενος.
2481 530 2556 584 Ού
2607 526 2716 600 μὴν
2743 526 2900 582 ἔσται.
2938 541 3020 576 σοι
3047 519 3221 574 ταῦτα
3263 518 3540 588 πρόφασις

283 634 344 681 ut
395 642 490 682 eas
539 628 596 682 in
645 630 942 695 civitatem,
985 632 1210 687 minime
1257 642 1631 689 recusaturus.
1665 632 1856 701 Neque

1965 625 2105 696 πρὸς
2142 625 2271 686 τοὺς
2309 619 2648 692 ἀσκητικοὺς
2683 617 2887 681 πόνους
2915 613 3228 683 ὀλιγωρεῖν,
3275 609 3412 662 ἀλλά
3444 612 3542 662 καὶ

285 727 472 772 tamen
522 720 622 774 hoc
669 733 932 791 przetextu
985 727 1320 794 contemptui
1368 725 1597 781 habebis
1640 725 1856 780 labores

1984 715 2104 770 ιῦτω
2143 715 2342 787 μᾶλλον
2388 712 2816 782 άπαραλείπτως
2861 711 3089 778 νηστείᾳ.
3150 705 3232 810 δεῖ
3273 720 3333 758 σε
3369 719 3544 810 προσ-

285 813 708 876 exercitationis,
765 817 858 870 sed
936 828 1151 887 Oportet
1225 819 1583 875 nihilosecius
1660 833 1858 874 vacare

1984 807 2176 877 ινέχειν
2225 807 2321 859 καὶ
2366 806 2669 874 προσευχῇ,
2709 801 2992 872 ψάλλαντα
3031 796 3407 887 συνήθωςγκαὶ
3444 796 3544 863 τὴν

279 903 491 971 jejunio
533 913 588 957 et
629 906 888 970 orationi,
934 918 988 964 et
1023 909 1088 964 de
1141 927 1292 967 more
1345 914 1599 982 psallere,
1638 927 1856 982 vesper-

286 992 569 1062 tinamque
618 1005 674 1049 et
732 1000 1057 1053 matutinam
1109 1002 1557 1071 gloriﬁcati’oncm
1611 1003 1861 1073 quotidie

285 1097 589 1152 peragere;
646 1099 912 1155 praeterea
972 1101 1154 1145 autem
1219 1108 1323 1149 nec
1382 1095 1661 1161 horarum,
1735 1110 1856 1165 quae

284 1185 570 1242 vocantur,
637 1178 798 1233 ullam
873 1185 1339 1252 praetermittere;
1401 1187 1531 1256 quin
1583 1187 1748 1242 etiam
1805 1189 1860 1241 in

285 1269 517 1335 genibus
571 1268 856 1326 ﬂectendis
903 1273 1169 1342 laborare,
1223 1286 1277 1331 et
1331 1277 1409 1333 sic
1470 1293 1670 1348 corpus
1729 1277 1862 1331 ιιίίιί-

286 1373 413 1425 gere
469 1371 693 1430 prepter
741 1364 969 1420 insidias
1015 1384 1203 1421 eorum
1253 1369 1346 1438 qui
1397 1369 1595 1424 bellum
1644 1377 1860 1440 gerunt.

285 1449 462 1517 Atque
505 1453 661 1507 beata
700 1455 944 1524 quidem,
995 1472 1118 1512 cum
1159 1460 1272 1514 haec
1314 1461 1496 1514 omnia
1537 1460 1650 1516 suis
1702 1475 1863 1514 acce-

288 1541 459 1606 pisset
530 1546 773 1611 auribus,
837 1557 892 1602 et
967 1564 1031 1604 ea
1092 1565 1212 1605 esse
1285 1559 1552 1621 putasset,
1606 1561 1864 1621 tanquam

289 1635 501 1703 aliquas
567 1639 762 1694 animae
835 1641 1081 1710 delicias,
1135 1661 1258 1698 cum
1337 1661 1537 1716 magno
1587 1656 1644 1700 et
1702 1646 1867 1700 alacri

287 1722 454 1777 animi
512 1728 693 1781 stmlio
757 1745 817 1784 se
867 1747 931 1786 ea
983 1747 1103 1786 esse
1162 1734 1426 1790 facturam
1474 1743 1556 1791 est
1604 1736 1866 1806 pollicita.

297 1815 363 1867 Et
415 1816 496 1869 sic
561 1819 867 1875 admittitur
937 1823 994 1876 in
1071 1826 1325 1880 eumdem
1404 1828 1652 1883 ordinem
1737 1845 1864 1883 cum

288 1909 508 1978 egregio
556 1910 646 1966 illo
684 1914 855 1968 choro
905 1919 1328 1990 monachorum.

362 2001 422 2055 ν.
453 2002 721 2068 Quoniam
753 2017 934 2063 autem
961 2011 1080 2080 ejus
1112 2026 1235 2069 cum
1276 2015 1384 2070 Deo
1412 2025 1570 2084 pacta
1620 2031 1868 2071 conven-

291 2101 341 2144 ta
377 2092 555 2148 futura
590 2107 746 2151 erant
772 2115 917 2163 vera,
952 2111 1006 2156 et
1035 2117 1067 2156 a
1090 2103 1374 2160 mendacio
1439 2106 1637 2171 aliena,
1687 2108 1870 2163 valere

285 2183 488 2251 juhcns
519 2202 738 2243 omnem
777 2192 958 2246 carnis
991 2194 1358 2263 prudentiam,
1392 2211 1452 2251 se
1478 2199 1664 2252 statim
1719 2200 1872 2254 exuit

291 2274 359 2328 ad
393 2278 716 2343 certamina,
748 2281 952 2336 nullam
1012 2301 1243 2351 moram,
1322 2303 1500 2358 neque
1544 2300 1870 2360 praetextum

292 2366 462 2419 ullum
495 2368 756 2436 aﬂ‘erens,
787 2389 897 2442 quo
921 2375 1102 2430 minus
1141 2378 1494 2434 ministraret.
1553 2380 1692 2435 Cum
1741 2398 1872 2453 ergo

292 2466 418 2510 octo
469 2473 646 2515 annos
716 2465 958 2532 quotidie
1011 2479 1389 2537 perseveraret
1442 2471 1497 2526 in
1556 2473 1872 2543 irrigatione

292 2549 598 2618 plantarum
665 2562 720 2608 et
774 2556 1004 2624 olerum,
1057 2575 1178 2630 quae
1239 2578 1395 2616 usum
1435 2564 1747 2632 prtebebant
1808 2567 1874 2621 iis

293 2643 386 2712 qui
425 2647 660 2699 erantin
699 2653 1054 2715 monasterio,
1104 2655 1453 2723 molendique
1511 2666 1565 2710 et
1618 2658 1869 2728 pinsendi

295 2732 632 2790 frumentum
663 2748 718 2792 et
748 2739 812 2793 ad
841 2756 1036 2810 panem
1070 2746 1412 2813 praeparandi
1439 2761 1641 2802 munus
1665 2749 1872 2803 nihilo-

295 2827 477 2879 secius
498 2840 914 2896 exsequeretur,
937 2840 992 2886 et
1026 2845 1288 2903 coqueret
1318 2836 1440 2892 olus
1491 2853 1608 2908 quo
1646 2855 1705 2894 se
1757 2841 1872 2895 ale-

295 2916 428 2970 bant
459 2920 550 2987 qui
602 2935 802 2990 corpus
857 2926 1150 2980 studebant
1191 2928 1540 2999 mortificare,
1592 2947 1872 3001 nunquam

297 3011 673 3066 tamenabfuit
699 3030 728 3066 a
761 3017 971 3084 synaxi,
998 3032 1118 3086 quae
1147 3021 1512 3090 peragebatur
1537 3023 1591 3077 in
1616 3025 1870 3090 ecclesia,

297 3101 394 3154 sed
425 3104 474 3155 in
500 3118 562 3156 ea
592 3121 809 3174 quoque
837 3109 986 3176 pium
1028 3125 1188 3164 suum
1246 3113 1571 3169 ostendebat
1605 3117 1872 3170 animum.

1964 895 2265 966 ἐσπερινὴν
2347 894 2624 964 ὁσημέραι
2701 893 2800 946 καὶ
2875 889 3140 962 όρθρινὴν
3225 886 3542 954 δοξολογίαν

1963 988 2236 1042 ἐπιτελεῖν
2270 1007 2284 1020 ·
2362 987 2500 1060 πρὸς
2552 986 2610 1040 δὲ
2669 985 2767 1038 καὶ
2820 984 2928 1038 τῶν
2971 981 3334 1051 καλουμένων
3383 977 3546 1048 ὡρῶν

1970 1080 2247 1151 μηδεμίαν
2310 1079 2799 1152 παραλιμπάνειν,
2849 1074 3288 1146 προσπονεῖσθαι
3337 1071 3396 1125 δὲ
3448 1070 3546 1124 καὶ

1964 1175 2210 1241 γονάτων
2258 1173 2457 1239 κλίσει,
2516 1174 2611 1226 καὶ
2671 1171 2814 1225 οὕτω
2859 1168 3087 1239 τρύχειν
3138 1165 3199 1220 τὸ
3241 1165 3402 1234 σῶμα
3452 1164 3543 1216 διὰ

1964 1265 2066 1327 τὰς
2117 1265 2329 1320 ἐκεῖθεν
2387 1265 2496 1318 τῶν
2545 1263 2935 1333 πολεμούντων
2971 1257 3291 1319 ἐπιϐουλάς.
3338 1257 3403 1310 Ἦ
3441 1271 3546 1324 μα-

1967 1354 2137 1424 καρία
2183 1356 2282 1425 μὲν
2339 1351 2456 1421 οὖν,
2486 1353 2646 1408 ταυτὶ
2689 1353 2866 1407 πάντα
2911 1349 3134 1406 ἐνθεῖσα
3178 1350 3299 1410 ταῖς
3331 1347 3544 1411 ἀκοαῖς,

1970 1448 2067 1502 καὶ
2097 1447 2287 1517 ὥσπερ
2310 1465 2363 1501 τι
2389 1446 2570 1517 ψυχῆς
2609 1442 2754 1500 εῖναι
2801 1443 3139 1514 λογισαμένη
3193 1437 3544 1510 ὲντρύφημα.

1974 1541 2114 1609 μετά
2174 1539 2383 1609 πολλῆς
2439 1538 2584 1592 αύτά
2636 1538 2738 1609 τῆς
2791 1535 3110 1607 προθυμίας
3177 1529 3546 1598 ἐπηγγείλατο

1970 1631 2276 1700 πράττειν,
2342 1632 2440 1685 καὶ
2497 1629 2670 1692 οὕτως
2725 1628 2996 1700 ὀμοτελὴς
3043 1625 3120 1698 τῷ
3166 1622 3317 1694 καλῷ
3351 1619 3546 1688 ἐκείνῳ

1973 1723 2084 1775 τῶν
2113 1722 2366 1793 μοναχῶν
2420 1721 2570 1794 χορῷ
2595 1721 2832 1790 γίνεται.

2046 1992 2122 2048 E'.
2175 1994 2332 2046 Ἐπεὶ
2366 1993 2424 2046 δὲ
2467 1995 2525 2047 αί
2567 1994 2702 2064 πρὸς
2751 1993 2888 2048 Θεὸν
2945 1993 3118 2064 αὐτῆς
3160 1992 3431 2062 συνθῆκαι
3493 1993 3555 2046 τὸ

1973 2089 2203 2156 ἀψευδὲς
2230 2088 2378 2155 ἕξειν
2409 2088 2640 2157 ἔμελλον
2664 2131 2679 2154 ,
2715 2089 2852 2143 πᾶσι
2881 2089 2996 2152 τοῖς
3024 2088 3125 2157 τῆς
3169 2087 3374 2156 σαρκὸς
3421 2103 3552 2157 φρο-

1975 2184 2186 2254 νήμασι
2242 2182 2456 2253 χαίρειν
2506 2181 2778 2245 εἰποῦσα,
2831 2181 2997 2244 εὐθὺς
3045 2179 3354 2235 ἀπεδύσατο
3413 2179 3552 2248 πρὸς

1974 2275 2106 2337 τοὺς
2135 2273 2354 2338 πόνους,
2385 2274 2594 2344 μηδένα
2619 2273 2789 2328 ὄκνον
2821 2271 2960 2344 μηδὲ
3016 2271 3293 2342 πρόφασιν
3330 2272 3410 2332 είς
3435 2270 3554 2323 δια-

1975 2366 2165 2420 κονίαν
2211 2366 2653 2437 προϐαλλομὲνη.
2700 2367 2853 2421 Είσιν
2905 2360 3000 2420 οὖν
3040 2366 3186 2419 όκτὼ
3221 2366 3286 2434 τῇ
3346 2380 3406 2417 τε
3443 2362 3558 2416 τῶν

1977 2455 2163 2526 φυτῶν
2204 2454 2397 2528 ἀρδείᾳ
2427 2456 2522 2509 καὶ
2557 2455 2667 2509 τῶν
2712 2455 2966 2526 λαχάνων
3003 2455 3040 2509 ἀ,
3078 2457 3193 2517 τοῖς
3225 2455 3283 2507 ὲν
3314 2455 3380 2523 τῇ
3413 2455 3553 2522 μονῇ

1976 2548 2076 2616 τὴν
2106 2548 2297 2618 χρείαν
2331 2550 2615 2620 παρεῖχεν,
2643 2548 2765 2601 ὅσαι
2793 2547 2996 2618 ἡμέραι
3037 2546 3551 2618 προσκαρτεροῦσιν

1975 2640 2070 2694 τοῦ
2107 2658 2164 2694 τε
2197 2641 2421 2710 ἀλήθειν
2448 2641 2540 2694 τὸν
2569 2644 2713 2696 σῖτον
2755 2641 2849 2693 καὶ
2885 2642 3096 2711 τρυγᾷν
3133 2640 3193 2693 τὸ
3233 2639 3554 2709 ἀλούμενον,

1978 2735 2074 2787 καὶ
2104 2736 2184 2798 είς
2219 2735 2424 2804 ἄρτους
2459 2731 2933 2804 παρασκευάζειν,
2995 2732 3092 2802 οὐχ
3146 2731 3513 2802 ύστερίζουσα
3538 2771 3553 2792 ,

1977 2823 2189 2894 ἕψουσά
2227 2841 2288 2878 τε
2322 2823 2384 2878 τὸ
2421 2824 2654 2894 λάχανον
2683 2815 2728 2891 ᾧ
2759 2822 2856 2876 καὶ
2897 2822 3209 2893 ἀπέτρεφον
3245 2821 3472 2884 ἑαυτοὺς
3505 2823 3556 2874 οἱ

1980 2916 2210 2988 νεκροῦν
2240 2917 2298 2971 τὸ
2332 2917 2492 2988 σῶμα
2531 2916 2952 2982 σπουδάζοντες,
2979 2916 3102 2970 οὐδὲ
3124 2916 3225 2985 τῆς
3256 2917 3314 2968 ὲν
3353 2915 3558 2985 ἐκκλη·

1981 3010 2072 3082 σίᾳ
2097 3010 2436 3082 τελουμένης
2474 3011 2748 3076 συνάξεως
2777 3009 3084 3078 ἀπελείφθη
3111 3008 3265 3074 ποτὲ,
3291 3008 3429 3063 ἀλλά
3462 3010 3561 3064 καὶ

1987 3103 2190 3172 μᾶλλον
2221 3105 2278 3157 ὲν
2316 3104 2493 3176 ταύτῃ
2520 3107 2620 3173 τῆς
2653 3101 2834 3173 ψυχῆς
2877 3102 3128 3172 ἐνέφαινε
3179 3102 3243 3155 τὸ
3282 3100 3556 3171 φιλόθεον.

296 3193 403 3246 Sed
435 3193 563 3249 licet
593 3197 666 3249 ita
697 3199 942 3269 degeret,
974 3210 1031 3256 et
1067 3203 1232 3258 vitam
1264 3205 1521 3276 elegisset
1554 3215 1664 3260 tam
1717 3208 1872 3264 labo-

1992 3192 2159 3248 Ἀλλά
2202 3195 2296 3249 καὶ
2337 3193 2514 3257 οὕτως
2549 3193 2785 3264 ἔχουσαν
2815 3195 3066 3263 ἀγωγῆς,
3124 3193 3220 3248 καὶ
3269 3192 3386 3264 βίον
3416 3195 3561 3261 άγαν

299 3287 1112 3357 τὶοεαιιι,ρτωοεάεηιίειίειίοιί
1179 3298 1438 3366 cogitatio
1499 3313 1612 3353 non
1662 3299 1878 3356 sinebat

299 3392 418 3429 cant
451 3381 678 3434 omnino
703 3381 1023 3450 quiescere;
1061 3389 1156 3440 sed
1187 3399 1369 3453 nocte,
1417 3404 1538 3458 quas
1609 3390 1878 3459 sequeba-

301 3475 390 3520 tur
421 3469 538 3525 haec
584 3471 779 3526 diurna
830 3475 1153 3541 ministeria,
1209 3479 1428 3546 quando
1468 3491 1525 3534 et
1575 3495 1767 3535 somno
1823 3490 1879 3536 et

301 3562 561 3615 mediocri
595 3565 883 3632 Oportebat
910 3566 1095 3635 quiete
1125 3567 1252 3633 frui,
1292 3579 1486 3637 pectus
1525 3571 1769 3640 pulsans,
1823 3581 1881 3626 et

301 3651 538 3706 animam
572 3669 797 3708 movens
821 3655 887 3709 ad
912 3657 1177 3728 lacrytnas
1211 3675 1225 3712 :
1254 3658 1516 3715 Condona
1557 3661 1692 3716 mihi
1753 3678 1882 3732 pec-

301 3752 508 3811 catum,
543 3747 780 3811 dicebat,
814 3746 1065 3814 Domine,
1097 3751 1242 3820 quod
1280 3753 1522 3821 perdidit
1549 3755 1719 3811 decus
1742 3772 1879 3812 mete

302 3836 682 3891 continentiae.
726 3824 863 3891 Cum
901 3841 1186 3896 monachis
1223 3852 1406 3896 autem
1431 3844 1723 3912 aliquando
1784 3848 1879 3902 de-

304 3927 521 3984 fecisset
563 3930 772 3995 oleum,
829 3923 1056 4000 jube'tur
1111 3942 1174 3988 ut
1227 3935 1461 4004 accipiat
1514 3940 1771 4002 camelos,
1825 3949 1882 3996 et

301 4023 526 4076 veniens
554 4022 608 4076 in
636 4024 936 4091 civitatem,
971 4026 1054 4080 eis
1077 4027 1483 4096 afferatoleunt,
1503 4047 1610 4099 quo
1638 4033 1738 4086 sibi
1766 4043 1884 4090 erat

303 4129 461 4184 opus.
487 4114 626 4169 Cum
649 4125 830 4168 autem
870 4117 1119 4185 jam.iter
1170 4129 1321 4173 esset
1368 4121 1636 4190 ingressa,
1685 4123 1884 4179 accidit

303 4213 365 4259 ut
386 4215 583 4274 praeter
607 4209 1072 4276 exspectationem
1098 4210 1354 4264 maritum
1381 4213 1669 4280 aspiceret,
1699 4215 1881 4270 divina

304 4298 434 4352 huic
465 4299 689 4351 omnino
713 4313 873 4366 Opem
899 4300 1111 4354 ferente
1140 4300 1510 4357 Providentia.
1566 4304 1700 4359 Nam
1759 4321 1882 4361 cum

305 4388 548 4456 seipsum
580 4388 852 4443 consolari
878 4407 987 4446 non
1021 4404 1206 4460 posset
1239 4395 1359 4464 ejus
1395 4397 1643 4465 maritus,
1709 4409 1767 4454 ut
1789 4401 1882 4470 qui

306 4491 455 4535 esset
481 4499 511 4533 a
538 4480 628 4534 tali
666 4483 900 4554 conjuge
921 4495 1228 4553 separatus,
1260 4496 1314 4540 et
1345 4504 1408 4542 ea
1445 4489 1511 4543 de
1553 4504 1713 4545 causa
1759 4493 1882 4547 abs-

302 4589 409 4642 que
432 4573 838 4630 intermissione
877 4577 1181 4632 elfundcret
1209 4579 1493 4650 lacrymas,
1524 4591 1579 4636 et
1611 4599 1708 4638 nec
1741 4593 1881 4640 tem-

305 4681 438 4735 pore
453 4667 674 4735 quidem
697 4677 883 4736 posset
913 4671 1262 4742 exstinguere
1281 4673 1448 4726 animi
1473 4675 1876 4744 aegritudinem,

303 4759 659 4824 petiitaDeo,
709 4761 799 4829 qui
848 4775 1070 4816 noverat
1142 4765 1331 4828 telum,
1389 4767 1532 4835 quod
1595 4768 1714 4836 ejus
1783 4786 1878 4824 cor

302 4851 602 4917 sauciabat,
642 4861 701 4907 ut
730 4853 831 4908 sibi
862 4855 1208 4910 manifestum
1229 4856 1404 4922 ﬁeret,
1459 4875 1527 4912 an
1591 4859 1878 4915 Theodora

303 4946 559 4998 statuerit
597 4945 762 4999 alium
829 4947 1005 5000 virum
1059 4948 1233 5016 sequi.
1307 4948 1418 5003 lloc
1489 4950 1634 5003 enim
1704 4953 1881 5020 suspi-

303 5035 549 5099 cabatur,
611 5043 667 5090 et
710 5048 998 5106 propterea
1030 5039 1228 5107 ‘major
1265 5037 1482 5094 ﬂamma
1528 5042 1712 5096 cordis
1767 5044 1880 5096 ale-

303 5125 482 5179 batur.

376 5307 466 5364 Vl.
499 5309 602 5376 Qui
650 5314 906 5369 contritis
964 5331 1096 5386 ergo
1147 5318 1399 5372 medetur
1427 5318 1625 5375 animis
1660 5321 1725 5374 ad
1755 5338 1878 5376 eum

307 5402 480 5456 Inittit
517 5403 790 5474 angelum,
851 5408 946 5477 qui
1016 5409 1138 5479 ejus
1200 5412 1530 5478 suspicionis
1584 5413 1886 5482 depelleret

307 5497 609 5550 molestiam
634 5515 648 5551 :
676 5498 730 5552 Si
769 5500 920 5566 velis,
959 5501 1234 5570 inquiens,
1273 5504 1461 5558 venire
1512 5505 1562 5557 in
1591 5507 1712 5575 ejus
1751 5523 1884 5561 con-

309 5599 578 5658 spectum,
616 5590 702 5644 fac
730 5599 788 5646 ut
817 5609 977 5649 mane
1007 5611 1215 5666 surgas,
1233 5605 1287 5650 et
1307 5597 1472 5651 vadas
1489 5606 1633 5652 recta
1654 5599 1718 5653 ad
1746 5616 1886 5653 mar-

309 5685 504 5751 tyrium
571 5683 718 5738 Petri
769 5687 1028 5754 apostoli,
1075 5699 1129 5742 et
1197 5689 1450 5743 attendas
1497 5691 1704 5745 vultum
1763 5695 1885 5764 ejus

311 5773 403 5840 qui
441 5775 536 5828 tibi
566 5777 743 5844 primo
784 5788 867 5833 est
905 5794 1260 5845 occursurus,
1289 5791 1344 5836 et
1383 5791 1435 5838 te
1485 5785 1883 5855 contemplatu.

212 5909 216 5912 .
316 5878 430 5919 rus.
470 5864 559 5921 Sic
600 5867 746 5924 enim
806 5869 918 5937 fiet,
971 5880 1030 5926 ut
1080 5888 1421 5942 nequaquam
1486 5875 1764 5934 frustreris
1821 5894 1884 5935 eo

1981 3289 2245 3341 ἐπίπονον
2278 3287 2567 3358 ἑλομένην,
2617 3289 2647 3341 ό
2687 3287 2784 3340 τοῦ
2832 3287 3203 3357 προλαϐόντος
3237 3286 3560 3356 σφάλματος

1979 3379 2243 3449 λογισμὸς
2276 3379 2378 3433 οὐκ
2399 3379 2602 3449 ἀνῆκεν
2632 3377 2770 3441 ὅλως
2798 3379 2972 3450 αὐτὴν
3003 3381 3256 3450 ἠρεμεῖν,
3283 3377 3421 3432 ἀλλά
3439 3379 3561 3441 ταῖς

1982 3471 2332 3542 πανημέροις
2370 3470 2602 3534 ταύταις
2645 3470 2952 3534 διακονίαις
2979 3470 3081 3539 τῆς
3127 3469 3322 3534 νυκτὸς
3368 3471 3565 3524 ἐπιού-

1984 3581 2106 3636 σης,
2161 3564 2250 3616 ὅτε
2300 3565 2396 3618 καὶ
2432 3563 2604 3616 ὕπνου
2653 3564 2750 3616 καὶ
2792 3562 3020 3632 μετρίας
3066 3561 3177 3616 ἔδει
3231 3562 3562 3633 μεταλαχεῖν

1983 3654 2374 3719 ἀναπαύσεως,
2412 3656 2730 3723 πλήττουσα
2757 3655 2818 3708 τὸ
2849 3653 3070 3724 στῆθος,
3118 3655 3215 3708 καὶ
3252 3655 3352 3727 τὴν
3376 3657 3561 3728 ψυχὴν

1983 3747 2215 3802 κινοῦσα
2249 3749 2386 3816 πρὸς
2415 3748 2650 3818 δάκρυα,
2701 3747 3072 3818 Συγχώρησόν
3111 3765 3203 3818 μοι
3244 3747 3342 3819 τὴν
3377 3749 3563 3819 ἀμαρ-

1984 3840 2128 3904 τίαν,
2161 3839 2340 3906 ἔλεγε,
2372 3839 2570 3910 Κύριε,
2619 3839 2654 3910 ἢ
2692 3839 2754 3892 τὸ
2795 3839 3074 3909 εὔσχημον
3110 3842 3206 3911 τῆς
3237 3840 3378 3910 ἐμῆς
3410 3841 3567 3896 ἀπῶ-

1984 3931 2110 3985 λεσε
2165 3932 2550 4004 σωφροσύνης.
2602 3931 2814 3986 Ἐλαίου
2859 3933 2916 3986 δέ
2951 3949 3084 3986 ποτε
3123 3935 3250 3996 τοὺς
3291 3936 3567 4005 μοναχοὺς

1985 4026 2354 4092 ἐπιλιπόντος,
2385 4025 2744 4098 ἐπιτρέπεται
2767 4025 2906 4096 αὐτὴ
2925 4025 3023 4089 τὰς
3049 4026 3330 4098 καμήλους
3353 4027 3563 4094 λαϐεῖν,

1986 4116 2072 4187 ἐφ’
2120 4111 2165 4185 ᾦ
2222 4122 2357 4190 πρὸς
2393 4118 2492 4190 τὴν
2550 4117 2706 4170 πόλιν
2759 4117 3072 4189 ἀφικομένη
3121 4118 3185 4172 τὸ
3239 4121 3320 4183 εἰς
3369 4121 3566 4190 χρείαν

1990 4211 2390 4282 μετακομίσειν
2447 4211 2634 4274 αὐτοῖς
2695 4210 2896 4265 ἔλαιον.
2959 4211 3048 4275 Ὠς
3098 4211 3192 4266 οὖν
3247 4214 3426 4284 εἴχετο
3460 4215 3566 4285 τῆς

1986 4305 2324 4375 ὁδοιπορίας,
2379 4305 2460 4367 είς
2519 4303 2649 4358 θέαν
2704 4303 2984 4374 ἀδοκήτως
3031 4303 3128 4358 τοῦ
3179 4306 3373 4375 ἀνδρὸς
3403 4322 3568 4378 περι-

1988 4399 2200 4464 πίπτει,
2234 4398 2332 4468 τῆς
2383 4396 2534 4459 θείας
2570 4397 2653 4458 είς
2698 4397 2858 4450 τοῦτο
2907 4396 3127 4461 πάντως
3180 4399 3570 4470 συναραμένης

1989 4489 2270 4558 προνοίας.
2329 4489 2678 4558 Παρηγορεῖν
2718 4486 2827 4556 γὰρ
2870 4487 3065 4540 ἑαυτὸν
3111 4488 3210 4557 οὐχ
3257 4487 3370 4551 οἷός
3400 4505 3460 4540 τε
3491 4487 3568 4541 ὣν

1990 4583 2018 4634 ὁ
2047 4581 2250 4652 ταύτης
2277 4580 2418 4648 ἀνὴρ
2443 4580 2702 4648 τοιαύτης
2733 4579 2968 4646 συζύγου
3010 4579 3355 4649 διατμηθεὶς,
3389 4581 3572 4634 ἀπαυο

1990 4674 2116 4726 στόν
2152 4689 2209 4724 τε
2242 4671 2303 4723 τὺ
2329 4673 2423 4723 ἐπὶ
2451 4672 2624 4742 ταύτῃ
2685 4670 2950 4735 σταλάζον
2980 4671 3247 4741 δάκρυον,
3291 4673 3386 4725 καὶ
3432 4671 3571 4741 μηδὲ

1991 4762 2068 4832 τῷ
2096 4763 2273 4833 χρόνῳ
2295 4761 2596 4830 δυνάμενος
2629 4761 2826 4814 σϐέσαι
2849 4762 2949 4830 τὴν
2977 4761 3239 4830 ἀθυμίαν,
3269 4762 3360 4815 τὸν
3388 4763 3570 4816 εἰδότα

1990 4855 2101 4911 οἷον
2135 4857 2282 4926 αὐτῷ
2307 4858 2366 4909 τὺ
2399 4856 2554 4926 βέλος
2600 4855 2900 4925 έτίτρωσκε
2931 4855 3029 4924 τὴν
3058 4853 3289 4924 καρδίαν
3322 4855 3442 4926 ᾔτει
3476 4855 3571 4909 τὸν

1991 4953 2122 5007 Θεὸν
2185 4952 2420 5022 φανερὸν
2467 4949 2614 5020 αὐτῷ
2659 4949 2936 5018 γενέσθαι,
2971 4949 3020 5001 εἰ
3052 4947 3306 5018 Θεοδώρα
3338 4947 3572 5017 προσεί-

1991 5047 2114 5099 λετο
2153 5046 2310 5115 ἀνδρὶ
2340 5045 2516 5114 έτέρῳ
2543 5041 2862 5096 ἀκολουθεῖν
2889 5055 2904 5070 ·
2948 5039 3106 5093 τοῦτο
3148 5040 3259 5110 γὰρ
3292 5039 3442 5109 αὐτῷ
3473 5039 3573 5093 καὶ

1994 5138 2396 5207 ὑπονοούμενον
2430 5133 2518 5201 ἦν,
2560 5135 2654 5187 καὶ
2687 5133 2777 5186 διὰ
2805 5129 2966 5185 τοῦτο
3001 5130 3204 5201 μείζων
3231 5132 3265 5201 ὴ
3305 5129 3404 5199 τῆς
3430 5147 3573 5201 καρ-

1990 5231 2110 5292 δίας
2147 5229 2410 5298 ἐτρέφετο
2442 5225 2598 5295 φλόξ.

2064 5317 2155 5387 q‘.
2198 5318 2256 5372 '0
2283 5319 2465 5372 τοίνυν
2493 5314 2860 5387 ίώμενοςξτάς
2886 5313 3357 5385 συντετριμμένας
3391 5313 3572 5383 ψυχὰς

1992 5414 2228 5483 ἄγγελον
2262 5410 2414 5481 αὐτῷ
2445 5409 2758 5475 ἐπιπέμπει
2807 5408 2868 5462 τὸ
2897 5409 3143 5480 λυπηρὸν
3173 5411 3272 5478 τῆς
3306 5407 3574 5471 ὑπονοίας

1991 5506 2417 5570 διασκεδάζοντα
2449 5519 2464 5535 ο
2508 5503 2570 5556 Et
2604 5501 2852 5570 βούλοιτο
2899 5503 2978 5567 δὲ,
3024 5503 3182 5571 φησὶ,
3212 5502 3308 5554 καὶ
3336 5503 3416 5565 είς
3449 5500 3574 5569 ὄψιν

1993 5599 2132 5667 αὐτῇ
2175 5596 2516 5665 προσελθεῖν,
2571 5593 2940 5665 όρθριώτερον
2972 5594 3275 5665 ἀναστῆναι
3309 5593 3404 5646 καὶ
3441 5593 3572 5647 εὐθὺ

1997 5689 2216 5760 βαδίσαι
2276 5686 2371 5740 τοῦ
2437 5687 2746 5756 μαρτυρίου
2801 5685 3013 5757 Πέτρου
3067 5685 3162 5739 τοῦ
3218 5685 3569 5751 ἀποστόλου,

2000 5779 2290 5852 προσέχειν
2315 5795 2375 5832 τε
2399 5780 2466 5849 τῇ
2499 5777 2620 5848 ὄψει
2653 5777 2746 5831 τοῦ
2772 5777 2989 5849 πρώτου
3017 5777 3166 5848 αὐτῷ
3205 5779 3572 5849 συναντήσονο

2003 5891 2093 5937 τος
2128 5873 2220 5925 καὶ
2263 5867 2826 5941 προσαγορεύσοντας.
2861 5869 3016 5923 Οὕτω
3061 5869 3188 5940 γὰρ,
3247 5865 3419 5934 εἶπεν,
3467 5867 3570 5919 οὐκ
