3996 6434
359 395 464 459 673

1278 385 1461 449 νιΤΑ
1503 385 1564 448 s.
1601 379 2034 442 Timonem:
2083 380 2690 444 ALEXANDRINIE.
3511 385 3620 447 δτι⁴

359 506 638 580 ἀποτεύξει
691 503 788 560 τοῦ
841 501 1202 576 ζητουμένου.
1245 502 1518 554 Ἤκουσεν
1567 499 1794 562 ἐκεῖνος,
1847 497 1939 550 καὶ

2062 494 2187 562 mod
2218 496 2439 564 quaeris.
2473 497 2694 551 Audivit
2728 497 2838 562 ille,
2871 505 2926 552 et
2953 497 3076 553 fecit
3105 499 3247 554 sicut
3281 499 3468 570 jussus
3511 502 3630 555 fue-

363 600 508 670 κατᾲ
542 599 612 652 τὰ
643 595 1036 668 ἐπηγγελμένα
1067 594 1235 657 ποιεῖ,
1271 593 1364 646 καὶ
1395 591 1641 645 συνίασιν
1689 589 1940 658 αλλήλοις

362 693 791 762 ἀντιπρόσωπον
846 690 941 742 καὶ
1000 686 1125 742 κατ’
1176 684 1516 756 ὀφθαλμούς.
1563 683 1723 737 Ἀλλά
1777 682 1942 734 πόθεν

362 788 433 840 ἂν
459 785 660 854 ἐκείνῳ
692 781 1000 853 συμϐαλεῖν
1023 781 1122 851 τὴν
1145 780 1421 848 όμόζυγον
1454 775 1618 842 εἶναι,
1668 776 1839 844 ἄνδρα
1883 775 1943 826 τὸ

365 859 705 947 φαινόμενον
751 871 1086 944 καθορῶντι,
1128 873 1222 924 καλ⁵
1253 870 1380 925 κατ’
1411 869 1614 938 ἄνδρας
1653 865 1944 934 ἐνδεδυμέ-

365 988 479 1035 νον,
517 969 612 1022 καὶ
639 967 815 1030 ἄλλως
860 966 1086 1035 ἐσθῆτος
1122 963 1292 1034 οὔσης
1358 961 1685 1041 μοναχικῆς,
1739 960 1840 1031 ἤδη
1888 957 1944 1010 δὲ

365 1065 466 1117 καὶ
497 1061 602 1130 τῆς
636 1059 788 1130 ὥρας
841 1056 1332 1128 ύπομαρανθείσης
1385 1057 1524 1125 αὐτῇ
1607 1056 1673 1124 τῇ
1719 1053 1946 1122 ἀμέτρῳ

366 1155 718 1225 κακοπαθείᾳ
754 1154 849 1206 καὶ
877 1152 957 1222 τῷ
1012 1151 1204 1222 τραχεῖ
1233 1151 1328 1220 τῆς
1358 1149 1688 1219 ἀσκήσεως;
1731 1147 1944 1216 Ἐκείνη

371 1248 561 1318 μέντοι
612 1245 692 1316 τῷ
749 1245 912 1316 μόνον
963 1244 1126 1296 αὑτὸν
1187 1242 1333 1308 ἰδεῖν,
1377 1243 1472 1296 καὶ
1519 1241 1620 1312 τὴν
1649 1239 1772 1310 εψιν
1806 1239 1944 1308 αὐτῇ

369 1341 612 1412 μηνύσαι
644 1340 727 1404 τίς
751 1343 779 1394 ό
806 1338 1141 1410 βλεπόμενος
1199 1335 1392 1408 (ἔσωζε
1452 1337 1561 1406 γὰρ
1590 1337 1616 1388 ό
1659 1332 1946 1405 χαρακτὴρ

366 1435 579 1488 ἐκείνου
604 1431 913 1501 ἀτρέστατα
939 1431 1006 1485 τὰ
1034 1429 1435 1499 γνωρίσματα),
1461 1428 1768 1497 ἀνάμνησιν
1788 1423 1950 1486 εὐθὺς

370 1520 648 1592 ἐλάμϐανε
672 1520 769 1574 τοῦ
798 1521 882 1583 είς
914 1518 1079 1574 αὑτὸν
1110 1519 1338 1588 φίλτρου
1373 1520 1470 1570 καὶ
1523 1517 1948 1586 ἁμαρτήματος,

372 1617 471 1666 καὶ⁵
506 1612 578 1668 Οἵ
607 1613 737 1684 μοιῗ
777 1613 935 1684 ἄνερ,
997 1611 1390 1666 ἀνακλαύσασα
1430 1603 1606 1677 εἶπεν,
1669 1611 1750 1673 είς
1805 1609 1950 1671 οἵους

371 1705 571 1768 πόνους
606 1704 882 1758 ἐκδέδωκα
934 1704 1181 1774 ἐμαυτὴν
1220 1702 1523 1773 θεραπείαν
1580 1703 1950 1773 μηχανωμένη

370 1795 468 1850 τοῦ
494 1796 630 1866 πρὸς
658 1797 719 1849 σὲ
741 1795 1081 1864 σφάλματος,
1117 1794 1211 1848 καὶ
1238 1793 1501 1864 δάκρυσιν
1529 1793 1707 1846 ἐκεῖνο
1733 1791 1950 1852 πολλοῖς

370 1888 665 1956 ἀναλεῖψαι
699 1887 1106 1951 σπουδάζουσα.
1150 1886 1260 1940 Καὶ
1287 1886 1350 1956 δὴ
1383 1885 1478 1938 καὶ
1519 1884 1748 1954 πλησίον
1781 1883 1947 1936 αὑτοῦ

372 1982 673 2051 γενομένη,
714 1981 889 2049 Χαῖρε
922 1996 982 2032 τε
1017 1977 1168 2046 αύτῷ
1202 1977 1667 2058 προσφωνήσασα,
1702 1975 1761 2028 τὸ
1785 1977 1950 2045 τάχος

375 2073 843 2143 ἁντιπαρήρχετο.
887 2069 948 2124 ὐ
982 2069 1039 2122 δὲ
1061 2071 1127 2140 τῇ
1155 2069 1318 2138 ὁμοίᾳ
1353 2069 1451 2138 μὲν
1485 2069 1578 2120 καὶ
1613 2068 1775 2129 αὐτὸς
1801 2069 1952 2120 ἀντι-

374 2163 778 2235 προσαγορεύει
839 2163 1018 2232 φωνῇ.
1099 2159 1350 2232 Παρῆλθε
1405 2159 1463 2212 δὲ
1514 2157 1624 2212 τῶν
1679 2159 1951 2229 ῥηθέντων

374 2255 528 2326 αὒτῷ
559 2256 702 2324 πρὸς
730 2255 826 2308 τοῦ
850 2253 1088 2323 ἀγγέλου
1117 2253 1375 2324 καθάπερ
1412 2252 1826 2323 ἐπιλαθόμενος,
1874 2253 1952 2315 ὡς

374 2350 442 2418 τῇ
480 2347 758 2418 μεταϐολῇ
793 2363 856 2399 τε
905 2345 1001 2400 τοῦ
1040 2347 1322 2418 σχήματος
1353 2347 1448 2399 καὶ
1477 2344 1554 2415 τῷ
1577 2345 1818 2416 ἀνομοίῳ
1849 2346 1954 2417 τῆς

373 2440 553 2512 ὅψεως
592 2441 656 2493 τὸ
687 2439 955 2508 παράπαν
989 2439 1320 2511 ἀπατηθείς.

444 2531 522 2588 Z'.
554 2533 730 2602 Πολλῇ
794 2531 887 2585 οὖν
935 2534 1000 2602 τῇ
1052 2531 1263 2604 ἀθυμίᾳ
1320 2532 1658 2603 βαλλόμενος
1705 2525 1796 2586 οἷα
1838 2532 1956 2586 δια.

373 2626 596 2696 ψευθεὶς
614 2628 711 2696 τὴν
733 2625 1085 2693 ἐπαγγελίαν,
1107 2624 1280 2677 Ἵνατί
1302 2641 1395 2694 με,
1409 2624 1664 2685 δέσποτα,
1686 2623 1950 2695 παριδὼν,

377 2721 556 2788 ἔλεγε,
605 2717 681 2788 μὴ
705 2719 785 2780 εἰς
838 2717 996 2778 τέλος
1027 2716 1093 2770 τὰ
1148 2717 1538 2786 ἐπηγγελμένα
1591 2719 1951 2788 προήγαγες;

389 2812 537 2867 Ἀλλ’
555 2807 715 2873 αὖθις
740 2813 767 2864 ό
789 2811 979 2880 φανεὶς
1006 2810 1155 2880 αὐτῷ
1175 2811 1482 2881 παραστὰς,
1508 2811 1623 2863 Ούκ
1649 2811 1952 2882 ἡπάτησαι,

377 2901 558 2958 εἶπεν.
587 2903 650 2955 '0
670 2906 738 2973 τῇ
762 2903 1069 2973 προτεραίᾳ
1090 2905 1199 2973 γὰρ
1232 2905 1572 2974 συναντήσας
1601 2920 1683 2958 σοι
1720 2904 1957 2974 μοναχδς

378 2999 477 3052 καὶ
504 2997 680 3067 Χαῖρέ
714 3013 796 3050 σοι
824 2996 1168 3068 προσειπὼν,
1206 2997 1370 3061 αὐτὸς
1393 2994 1484 3069 ἦν,
1527 2998 1739 3062 ἐκεῖνος
1769 2999 1954 3065 αὐτὸς,

380 3093 504 3164 ἢτοι
531 3091 838 3152 σπουδαίως
889 3088 1232 3158 ὲπιζητεῖται
1290 3091 1453 3162 γυνή.
1506 3092 1614 3144 Καὶ
1659 3091 1802 3144 οὕτω
1855 3090 1957 3161 μὲν

378 3177 530 3249 αὐτῷ
560 3178 630 3232 τὰ
658 3178 754 3248 τῆς
816 3178 1074 3242 ὑπονοίας
1127 3177 1332 3243 ἐλύετο,
1361 3180 1422 3233 τὸ
1452 3179 1528 3250 μὴ
1546 3182 1723 3252 ἑτέρῳ
1751 3183 1956 3253 ταύτην
1983 3175 2029 3238 C

377 3272 534 3342 ἀνδρὶ
601 3269 924 3342 προσελθεῖν
974 3260 1116 3342 ὅπερ
1161 3270 1332 3341 ἡτῶν
1376 3274 1688 3344 μοναχικῶν
1735 3275 1955 3344 ἁμφίων

375 3366 572 3436 ἐδήλου
618 3365 907 3437 περιϐολή.
948 3365 1151 3434 Ἔμενε
1179 3364 1225 3418 δ’
1254 3361 1349 3419 οὖν
1401 3365 1546 3420 οὕτω
1623 3367 1956 3436 περιαλγῶν,

378 3461 475 3514 καὶ
505 3461 575 3532 τῇ
606 3461 708 3529 τῆς
735 3458 1007 3528 ὁμοζύγου
1043 3462 1298 3529 στερήσει
1337 3459 1746 3530 διακαιόμενος.
1817 3460 1877 3514 'll
1902 3463 1958 3516 δὲ

382 3552 636 3624 μακαρία
678 3550 956 3622 Θεοδώρα,
1007 3554 1070 3607 τὸ
1120 3553 1259 3624 πρὸς
1311 3553 1522 3625 Κύριον
1570 3555 1958 3626 φιλάνθρωπον

378 3646 543 3699 πλέον
568 3645 902 3711 ὲξάπτουσα,
933 3644 1029 3698 ἅτε
1055 3646 1151 3699 καὶ
1175 3647 1272 3717 τῆς
1303 3646 1468 3700 αὐτοῦ
1493 3647 1830 3719 γλυκύτητος
1857 3650 1956 3721 ήδη

379 3738 727 3808 γευσαμένη,
761 3739 856 3791 καὶ
894 3740 1142 3808 μείζοσιν
1195 3741 1404 3808 ἀγῶσιν
1461 3741 1662 3813 ἑαυτὴν
1699 3742 1960 3811 ἐμϐαλεῖν

378 3828 664 3899 πρόθυμος
683 3823 774 3900 ἦν,
795 3829 890 3882 καὶ
915 3827 1198 3900 ἆπαξ,τῆς
1226 3831 1444 3902 ἡμέρας
1476 3832 1676 3885 ἐσθίειν
1705 3833 1766 3885 τὸ
1798 3834 1959 3904 σῶμα

380 3923 764 3991 ἐπαιδαγώγει
786 3940 801 3954 ·
870 3922 1065 3978 ἔπειτα
1112 3928 1229 3988 τοῖς
1261 3925 1446 3988 πόνοις
1471 3927 1775 3996 προσθεῖσα
1816 3929 1960 3982 κατὰ

381 4014 496 4082 δύο,
521 4015 592 4067 τὰ
646 4013 796 4066 σιτία
861 4017 1115 4085 παρεῖχε,
1177 4015 1274 4068 καὶ
1314 4014 1459 4068 οὕτω
1499 4017 1786 4086 χατολίγον
1848 4020 1959 4084 τοῖς

382 4107 822 4175 ὲπιπονωτέροις
871 4105 1305 4177 προσϐαίνουησα,
1358 4108 1453 4161 καλ⁸
1502 4109 1582 4171 είς
1615 4108 1730 4174 ἕξιν
1783 4112 1959 4180 ἄκρας

383 4196 717 4266 ἰγκρατείας
766 4195 1002 4248 ἐλθοῦσα
1060 4200 1204 4250 κινεῖ
1253 4201 1392 4270 πρὸς
1443 4200 1655 4253 ἱκεσίαν
1680 4202 1804 4263 τοὺς
1834 4219 1961 4254 συν-

386 4291 768 4356 ασκουμένους
821 4287 961 4358 αὐτῇ
1027 4291 1321 4359 μοναχοὺς,
1355 4291 1658 4364 ἐπιτροπὴν
1703 4297 1796 4347 τοῦ
1829 4313 1962 4368 προ-

385 4379 622 4442 εστῶτος
653 4379 866 4444 λαϐεῖν,
898 4379 1192 4450 ἀρκεῖσθαι
1221 4381 1600 4454 δι’έϐδομάδος
1622 4392 1960 4460 προσαγωγῇ

2047 596 2152 641 rat.
2185 586 2251 642 Et
2279 589 2610 643 conveniunt
2641 590 2886 644 adversis
2926 590 3220 657 frontibus,
3278 604 3332 651 et
3384 610 3443 650 se
3487 595 3631 649 invi-

2046 693 2167 734 cem
2203 680 2563 748 aspicientes;
2600 682 2694 735 sed
2727 685 2998 738 undenam
3059 696 3244 755 posset
3298 688 3389 742 ille
3460 691 3632 758 conji-

2045 784 2170 824 cere
2201 785 2320 824 cam
2351 785 2474 826 esse
2507 789 2661 828 suam
2716 777 3026 847 conjugem,
3087 793 3210 832 cum
3267 780 3322 834 id
3381 781 3524 849 quod
3581 782 3632 835 ei

2045 864 2344 932 apparebat
2374 866 2582 920 videret
2611 882 2733 921 esse
2767 870 2970 934 virum,
2999 878 3053 924 et
3092 873 3235 925 virili
3273 883 3429 927 veste
3471 875 3631 928 indu-

2047 965 2185 1021 tum,
2215 960 2453 1013 maxime
2488 975 2614 1014 cum
2655 967 2825 1016 vestis
2851 977 2999 1018 esset
3031 968 3354 1030 monastica,
3427 977 3483 1021 et
3520 968 3630 1038 jam

1993 1117 1999 1122 _
2048 1048 2097 1102 ei
2127 1050 2487 1105 emarcuisset
2539 1055 2752 1121 species
2785 1057 3076 1110 immodica
3120 1058 3419 1113 alnietione
3452 1069 3506 1112 et
3543 1076 3632 1114 as-

2049 1143 2276 1212 peritate
2293 1145 2694 1200 exercitationis
2712 1147 2734 1198 ?
2752 1147 2839 1201 Illa
2859 1159 3038 1203 autem
3063 1165 3184 1204 cum
3201 1167 3323 1204 eum
3355 1154 3526 1204 solum
3553 1152 3633 1204 vi-

2049 1236 2238 1301 disset,
2271 1237 2394 1291 etei
2426 1239 2694 1294 indicaret
2729 1243 2931 1306 vultus,
2963 1244 3218 1312 quisnam
3249 1254 3397 1298 esset
3426 1244 3517 1313 qui
3550 1244 3634 1298 vi-

2051 1328 2284 1383 debatur
2342 1332 2614 1402 (servabat
2639 1334 2782 1388 enim
2822 1335 2968 1389 illius
3025 1336 3196 1406 ﬁgura
3271 1338 3474 1392 indicia
3528 1337 3636 1390 im-

2052 1419 2380 1487 mutabilia),
2428 1423 2710 1477 recordata
2742 1435 2824 1478 est
2853 1427 3102 1493 protinus
3126 1428 3206 1481 sui
3241 1428 3297 1480 in
3326 1444 3450 1481 eum
3487 1444 3634 1480 amo-

2051 1513 2127 1567 ris
2154 1522 2208 1567 et
2243 1517 2474 1582 peccati,
2501 1525 2574 1580 et,
2605 1518 2700 1571 Hei
2718 1519 2872 1586 mihi,
2904 1535 2935 1573 ο
2959 1523 3172 1586 marite,
3200 1521 3333 1575 [lens
3356 1530 3412 1573 et
3443 1522 3636 1575 hunzili

2054 1619 2188 1659 voce
2224 1606 2382 1669 dixit,
2447 1607 2512 1661 ad
2543 1619 2778 1676 quantos
2837 1626 2924 1663 me
2996 1610 3212 1665 Iuberes
3259 1613 3473 1674 tradidi,
3509 1612 3637 1665 dum

2053 1697 2160 1750 mei
2203 1697 2256 1750 in
2291 1707 2342 1751 te
2371 1699 2549 1753 delicti
2579 1716 2762 1770 quaero
2791 1702 3140 1769 medicinam,
3175 1712 3229 1758 et
3260 1705 3455 1759 studeo
3501 1703 3639 1757 mul-

2055 1787 2125 1841 tis
2147 1787 2277 1842 illud
2312 1789 2496 1844 delere
2519 1791 2810 1860 lacrymis!
2851 1793 2910 1846 Et
2941 1809 3063 1847 cum
3100 1795 3150 1848 ei
3178 1794 3636 1865 fuissetpropius,

2055 1885 2109 1930 et
2145 1879 2217 1941 ei,
2250 1878 2430 1942 Salve,
2465 1881 2709 1944 dixisset,
2737 1897 2896 1950 quam
2916 1884 3152 1948 primum
3210 1884 3495 1952 praeteriit.
3548 1882 3640 1937 lllc

2055 1979 2236 2024 autem
2268 1986 2388 2024 eam
2419 1987 2638 2042 quoque
2665 1974 2828 2027 simili
2867 1991 3000 2029 voce
3034 1976 3374 2032 resalutavit.
3424 1977 3637 2029 Practe-

2053 2060 2356 2115 riitantem
2420 2064 2588 2117 veluti
2643 2064 2848 2118 oblitus
2890 2081 3080 2119 eorum
3131 2082 3251 2137 quae
3315 2067 3365 2122 ei
3427 2068 3640 2122 dixerat

2053 2154 2297 2222 angelus,
2327 2163 2385 2208 ut
2405 2156 2498 2224 qui
2520 2156 2705 2227 ﬁgurae
2732 2161 3035 2212 mutatione
3064 2167 3118 2213 et
3150 2161 3334 2216 vultus
3393 2162 3639 2217 dissimi-

2055 2246 2289 2301 litudine
2321 2246 2519 2302 fuisset
2588 2249 2815 2304 omnino
2883 2251 3170 2320 deceptus.

2126 2457 2238 2532 νη.
2276 2457 2445 2514 Multa
2481 2460 2664 2530 itaque
2705 2459 2942 2515 afﬂictus
2980 2462 3148 2517 animi
3192 2465 3541 2535 tegritudine,
3583 2478 3642 2522 ut

2054 2553 2143 2622 qui
2165 2553 2458 2607 frustratus
2486 2553 2678 2620 fuisset
2698 2554 3060 2622 promissione
3082 2573 3094 2608 :
3116 2556 3228 2610 Cur
3245 2573 3352 2623 me,
3387 2557 3640 2626 Domine,

2056 2645 2386 2714 despiciens,
2415 2645 2654 2708 dicebat,
2690 2662 2802 2701 non
2828 2648 3106 2702 deduxisti
3138 2649 3206 2703 ad
3247 2650 3412 2703 ﬁnem
3438 2666 3498 2704 ea
3522 2667 3643 2721 quae

2057 2739 2325 2808 promissa
2368 2739 2629 2793 fuerant?
2657 2738 2764 2794 Sed
2795 2756 2988 2795 rursus
3019 2741 3288 2795 accedens
3335 2743 3405 2808 is,
3439 2743 3534 2811 qui
3591 2745 3642 2798 ei

2057 2839 2428 2900 apparuerat:
2461 2830 2581 2885 Non
2637 2831 2789 2886 fuisti
2825 2834 3112 2902 deceptus,
3147 2834 3303 2889 dixit.
3362 2835 3497 2889 Nam
3548 2837 3642 2907 qui

2061 2926 2156 2979 tibi
2189 2925 2363 2996 pridie
2385 2927 2628 2980 occurrit
2657 2925 2978 2987 monachus,
3001 2935 3057 2982 et
3080 2927 3214 2982 dixit
3241 2926 3359 2992 tibi,
3392 2927 3574 2992 Salve,
3599 2929 3644 2982 is

2062 3021 2177 3091 ipse
2197 3031 2314 3076 crat
2338 3021 2427 3074 illa
2449 3029 2538 3074 tua
2567 3021 2789 3091 conjux,
2823 3037 2944 3092 quas
2972 3029 3070 3076 ate
3089 3021 3332 3077 studiose
3353 3023 3640 3105 quwritur.

2061 3113 2128 3168 Et
2159 3115 2238 3170 sic
2259 3115 2478 3184 quidem
2510 3115 2688 3170 soluta
2717 3115 2769 3168 ei
2814 3116 2923 3170 fuit
2951 3116 3214 3185 suspicio,
3263 3117 3408 3186 quod
3457 3132 3522 3171 ea
3575 3117 3642 3170 ad

2061 3208 2298 3260 alterum
2327 3209 2504 3262 virum
2542 3224 2656 3262 non
2677 3209 3053 3281 accessisset:
3109 3211 3258 3278 quod
3303 3211 3526 3281 quidem
3572 3213 3646 3264 si-

2061 3296 2351 3366 gniﬁcabat
2381 3299 2613 3353 amictus
2639 3301 3071 3354 monasticarum
3104 3302 3359 3356 vestium.
3420 3302 3512 3357 illo
3565 3315 3646 3359 ta-

2060 3403 2187 3441 men
2217 3387 2476 3459 deinceps
2507 3390 2763 3445 manebat
2792 3393 2980 3447 dolore
3005 3394 3237 3448 aﬂ'ectus
3273 3403 3324 3450 et
3370 3399 3646 3454 cruciatus

2059 3491 2288 3552 propter
2315 3482 2679 3548 privationem
2708 3485 2978 3556 conjugis.
3003 3484 3172 3540 Beata
3210 3497 3394 3542 autem
3458 3489 3646 3546 Theo-

2060 3573 2194 3627 dora
2224 3588 2411 3627 amore
2437 3575 2653 3630 Domini
2702 3581 2876 3650 magis
2935 3594 3190 3648 accensa,
3253 3591 3314 3639 ut
3357 3599 3479 3654 qua:
3529 3586 3646 3654 jam

2062 3671 2306 3732 gustarat
2333 3664 2452 3733 ejus
2483 3667 2833 3731 suavitatem,
2879 3677 2935 3722 et
2991 3679 3176 3738 parata
3236 3681 3357 3727 erat
3408 3676 3645 3744 seipsam

2063 3755 2120 3809 in
2151 3757 2358 3826 majora
2394 3757 2672 3826 conjicere
2695 3761 3020 3827 certamina,
3055 3772 3110 3818 et
3133 3766 3306 3820 semel
3335 3767 3393 3821 in
3432 3769 3522 3822 die
3547 3784 3644 3824 co-

2063 3849 2316 3918 medens,
2353 3865 2555 3918 corpus
2594 3851 2897 3922 castigabat
2929 3870 2944 3919 ;
2971 3855 3172 3910 deinde
3197 3857 3462 3927 adjiciens
3489 3861 3648 3915 labo-

2064 3942 2238 4004 ribus,
2281 3944 2522 3997 secundo
2546 3959 2764 4014 quoque
2797 3946 2886 4000 die
2914 3948 3096 4002 cibum
3157 3952 3448 4017 sumebat;
3482 3965 3538 4008 et
3567 3957 3647 4009 sic

2064 4033 2325 4104 paulatim
2353 4036 2676 4106 aggrediens
2710 4037 2880 4107 magis
2911 4041 3203 4107 laboriosa,
3256 4059 3380 4097 cum
3446 4062 3642 4115 perve-

2065 4133 2237 4183 nisset
2267 4131 2334 4184 ad
2366 4131 2608 4185 habitum
2649 4147 2878 4188 summie
2902 4135 3270 4204 abstinentiae,
3294 4148 3478 4193 mouet
3529 4155 3650 4194 mo-

2067 4223 2300 4287 nachos,
2323 4224 2415 4293 qui
2441 4239 2649 4279 cumea
2715 4227 3135 4296 exercebantur,
3191 4241 3251 4283 ut
3303 4245 3334 4284 ε
3388 4231 3648 4301 praelecto

2067 4326 2322 4386 peterent
2349 4317 2398 4371 ei
2433 4318 2694 4387 permitti,
2729 4329 2789 4375 ut
2819 4321 3002 4376 cibum
3028 4323 3198 4377 semel
3226 4334 3434 4379 tantum
3462 4343 3650 4382 sume-

2068 4419 2152 4464 ret
2188 4410 2240 4462 in
2273 4409 2640 4466 hebdomada.
2679 4411 2785 4468 Sed
2821 4430 2946 4468 cum
3000 4415 3053 4469 id
3106 4432 3326 4485 quoque
3371 4427 3538 4485 esset,
3591 4429 3650 4475 ut

384 4471 487 4541 τῆς
515 4474 747 4543 τροφῆς.
765 4471 927 4524 Ἀλλὰ
961 4474 1056 4526 καὶ
1081 4473 1274 4526 τούτου
1303 4477 1443 4528 κατὰ
1462 4476 1690 4550 γνώμην
1722 4481 1957 4552 τυχοῦσα

2067 4503 2302 4572 volebat,
2335 4519 2649 4573 οοιιεεοιιεε,
2682 4506 2748 4560 ad
2809 4509 3035 4563 alteram
3065 4513 3275 4580 aspexit
3307 4514 3649 4582 petitionem,

385 4565 525 4633 πρὸς
551 4563 744 4633 ἑτέραν
809 4563 998 4616 ἀπεῖδε
1049 4563 1257 4635 δέησιν,
1348 4569 1612 4640 τριχίνοις
1666 4571 1964 4642 ἐνδύμασιν

385 4655 674 4727 ὶπιτρίψαι
703 4654 766 4707 τὸ
796 4655 978 4725 σῶμα,
998 4655 1150 4710 ὥσπε
1161 4673 1192 4728 ρ
1213 4660 1531 4731 ἀμυνομένη
1557 4661 1654 4734 τὴν
1681 4663 1966 4734 πλήξασαν

389 4747 601 4819 ἡδονήν.
657 4747 824 4802 Οὔπω
881 4748 990 4822 γὰρ
1055 4750 1177 4803 οὐδὲ
1232 4753 1376 4822 μετὰ
1399 4754 1694 4818 τοσούτους
1748 4757 1966 4826 ἀγῶνας

388 4841 559 4910 λήθην
623 4839 862 4910 ἠδύνατο
893 4841 996 4912 τῆς
1053 4842 1271 4914 πληγῆς
1322 4845 1543 4916 ἐκείνης
1573 4847 1779 4914 λαϐεῖν,
1839 4850 1968 4904 ἀλλ’

389 4931 604 5002 ἔμεινεν
633 4933 722 4986 ἀεὶ
758 4936 824 5004 τῇ
856 4934 1148 5007 προσθήκῃ
1188 4936 1298 4989 τῶν
1328 4938 1629 5002 ἐπιπόνων,
1651 4939 1740 4994 τὸν
1773 4941 1969 5012 βεϐλη-

389 5023 527 5079 κότα
588 5023 882 5093 βάλλουσα,
943 5027 1037 5079 καὶ
1092 5027 1272 5096 πολλῷ
1307 5028 1533 5096 μείζονα
1562 5029 1661 5100 τὴν
1701 5031 1966 5101 αἰσχύνην

389 5113 455 5188 ἧς
520 5118 661 5186 αὐτὴ
713 5118 988 5171 πέπονθεν
1044 5118 1242 5189 ἐκείνῳ
1306 5121 1672 5191 περιτιθεῖσα,
1719 5124 1966 5195 γυνὴτον

389 5211 487 5262 καὶ
517 5209 769 5277 πολλοὺςῖ
795 5213 1099 5281 νικήσαντα
1148 5213 1258 5265 τῶν
1294 5213 1506 5282 ἀνδρῶν
1533 5218 1627 5268 καὶ
1659 5215 1841 5285 σάρκα
1872 5232 1968 5285 φο-

393 5300 565 5371 ροῦσα
613 5301 706 5355 τὸν
732 5301 1027 5375 ἀσώματον
1058 5305 1434 5379 τροπουμένη.

461 5443 548 5496 Η’.
583 5441 704 5496 Ἵνα
743 5441 800 5495 δὲ
832 5444 928 5498 καὶ
953 5444 981 5496 ὁ
1013 5445 1184 5508 πολὺς
1224 5447 1283 5500 ἐν
1331 5447 1475 5500 ἐλέει
1523 5448 1658 5513 Θεὸς
1707 5449 1966 5521 δοξασθῇ,

395 5533 488 5587 καὶ
543 5535 578 5602 ἡ
635 5534 856 5604 ἐκείνης
923 5535 1366 5608 ἁξιοθαύμαστος
1445 5540 1637 5610 ἀγωγὴ
1689 5541 1969 5614 γνώριμος

397 5627 663 5695 καταστῇ,
717 5625 1221 5698 θαυματουργεῖταί
1276 5648 1330 5685 τι
1366 5631 1610 5686 τοιοῦτον
1656 5634 1816 5703 λόγου
1876 5638 1970 5692 καὶ

398 5719 619 5788 μνήμης
673 5718 844 5786 ἄξιον.
904 5720 1089 5794 Λίμνη
1137 5722 1237 5792 τῆς
1293 5726 1459 5793 μονῆς
1490 5726 1732 5798 ὑπῆρχεν
1777 5733 1967 5799 ἐγγύς·

399 5809 578 5884 ταύτῃ
621 5813 973 5885 κροκόδειλος
1003 5815 1423 5889 ὲμφιλοχωρῶν,
1471 5811 1516 5886 ᾧ
1557 5818 1622 5872 ἂν
1657 5821 1873 5893 ἐντύχοι
1903 5828 1971 5894 τῇ

2070 4612 2269 4667 nempe
2289 4605 2348 4651 ut
2377 4612 2577 4666 corpus
2611 4607 2922 4654 contereret
2947 4601 3148 4663 cilicio,
3177 4603 3342 4658 veluti
3382 4605 3651 4660 ulciscens

2071 4707 2216 4756 eam,
2277 4706 2400 4760 qua:
2468 4693 2640 4761 ipsam
2683 4694 2974 4757 sauciarat,
3007 4697 3362 4763 voluptatem.
3394 4696 3646 4751 Nondum

2072 4788 2219 4841 enim
2249 4801 2354 4840 nec
2384 4795 2507 4855 post
2541 4794 2648 4838 tam
2691 4785 2860 4838 multa
2890 4787 3112 4855 quidem
3148 4789 3452 4843 certamina
3488 4799 3648 4859 pote-

2072 4886 2157 4932 rat
2178 4892 2296 4932 eam
2320 4892 2517 4946 capere
2545 4876 2746 4930 oblivio
2773 4875 2920 4932 illius
2947 4877 3138 4948 plagae,
3164 4880 3258 4934 sed
3280 4895 3500 4949 semper
3528 4897 3652 4950 per-

2078 4973 2260 5043 gebat,
2286 4971 2598 5039 adjicienda
2626 4970 2864 5034 labores,
2899 4971 3067 5026 ferire
3093 4987 3218 5026 eum
3248 4971 3338 5041 qui
3370 4988 3652 5042 percusseo

2073 5073 2180 5127 rat,
2211 5075 2264 5117 et
2299 5063 2349 5117 ei
2382 5063 2642 5132 majorem
2689 5062 2912 5116 inurere
2980 5062 3336 5134 ignominiam
3377 5078 3442 5118 ea
3486 5079 3648 5132 quam

2072 5173 2233 5230 passa
2273 5159 2469 5223 fuerat,
2501 5157 2701 5213 femina
2731 5173 2857 5212 eum
2890 5157 2982 5223 qui
3012 5159 3216 5212 multos
3244 5159 3392 5213 viros
3420 5160 3647 5224 vicerat,

2073 5267 2129 5312 et
2156 5271 2376 5312 carnem
2408 5264 2652 5328 gestans,
2683 5269 2807 5311 eum
2837 5253 3076 5310 inridens
3117 5268 3182 5308 ac
3219 5253 3535 5325 proﬂigans,
3555 5253 3648 5323 qui

2073 5362 2195 5407 erat
2226 5353 2602 5420 incorporeus.

2147 5446 2279 5502 VIII.
2331 5443 2405 5499 Ut
2457 5453 2643 5498 autem
2701 5442 3094 5513 gloriﬁcaretur
3171 5440 3337 5508 Deus,
3403 5443 3497 5513 qui
3565 5451 3651 5496 est

2073 5555 2304 5611 magnus
2347 5547 2402 5592 et
2444 5537 2698 5606 copiosus
2750 5536 2803 5588 in
2860 5536 3254 5598 misericordia,
3321 5542 3378 5590 et
3444 5551 3646 5606 cogno-

2073 5646 2318 5691 sceretur
2347 5632 2495 5688 illius
2533 5634 2644 5686 vita
2675 5629 3029 5693 admirabilis,
3062 5632 3120 5683 lit
3162 5631 3270 5685 tale
3310 5630 3648 5694 miraculum,

2076 5732 2296 5801 dignum
2342 5726 2486 5798 quod
2553 5726 2826 5781 scribatur
2874 5734 2928 5780 et
2997 5725 3286 5782 mandetur
3351 5725 3647 5779 memoriae.

2085 5825 2216 5881 Erat
2283 5822 2500 5893 quidam
2559 5820 2711 5877 lacus
2779 5835 2950 5890 prope
3011 5821 3427 5880 monasterium.
3475 5825 3530 5878 ln
3584 5839 3651 5878 eo
