4002 6436
354 364 463 426 675

1589 356 1875 420 MENSIS
1915 356 2394 417 SEPTEMBER.

3512 359 3622 423 676

361 481 618 536 habitans
689 478 1021 543 crocodilus,
1097 477 1150 530 in
1207 490 1588 546 quemcunque
1657 475 1934 530 incidisset

2046 474 2214 546 λίμνῃ
2266 473 2672 546 παραϐάλλοντι
2720 473 2995 545 ἀνθρώπῳ
3065 475 3096 544 ἢ
3159 474 3372 545 κτήνει,
3432 479 3623 548 μικρῷ

360 575 638 626 hominem
687 571 770 625 vel
823 570 1076 629 bestiam,
1130 583 1227 622 seu
1265 583 1485 638 parvam
1524 583 1621 621 seu
1661 583 1933 638 magnam,

358 681 478 719 cam
541 664 787 734 protinus
849 659 1141 716 caedebat.
1221 659 1292 714 lis
1355 661 1560 731 itaque,
1617 659 1708 730 qui
1769 661 1823 714 in
1873 675 1936 714 ea

358 761 578 829 regione
627 756 966 820 habitabant,
1021 765 1141 809 erat
1190 756 1391 810 malum
1471 759 1607 810 adeo
1672 756 1933 818 terribile,

360 860 418 905 ut
470 851 584 919 ipse
636 847 926 918 praefectus
981 845 1403 917 civitatis(erat
1459 857 1643 900 autem
1707 847 1796 901 hic
1847 848 1934 902 ille

356 939 695 1010 Gregorius,
788 953 950 1008 quem
1034 953 1156 1007 quae
1250 938 1532 1008 praecessit
1610 937 1934 1009 significavit

356 1030 651 1097 oratio)in
687 1045 752 1082 eo
789 1029 910 1085 loco
960 1029 1216 1083 statuerit
1275 1029 1476 1084 milites
1540 1029 1605 1083 ad
1672 1029 1934 1084 arcendos

354 1133 450 1174 eos
521 1119 613 1188 qui
683 1118 806 1172 illac
861 1119 1188 1173 transibant.
1257 1118 1394 1173 Cum
1477 1133 1608 1190 ergo
1685 1119 1935 1175 scivisset

353 1211 644 1280 praefectus
666 1209 1006 1274 monasterii,
1024 1210 1200 1280 qualis
1226 1219 1370 1264 esset
1396 1211 1505 1265 vita
1527 1210 1846 1272 Theodoram
1878 1220 1935 1266 et

352 1301 497 1370 quod
560 1315 732 1370 prope
790 1299 1031 1354 conferri
1094 1309 1280 1370 posset
1331 1315 1455 1355 cum
1507 1299 1641 1370 ipsis
1698 1299 1929 1370 angelis,

356 1399 411 1444 ct
448 1391 597 1459 quod
655 1406 764 1444 non
817 1397 964 1444 esset
1023 1404 1220 1458 expers
1287 1389 1484 1445 divina:
1551 1391 1763 1461 gratiae,
1813 1407 1932 1446 eam

353 1485 639 1539 accersivit
674 1492 730 1539 et
773 1484 823 1538 ei
851 1484 1026 1538 dixit:
1061 1483 1181 1548 Fili,
1217 1483 1522 1551 Theodore,
1559 1483 1684 1540 tolle
1716 1500 1933 1551 urnam,

353 1586 410 1631 et
463 1592 697 1646 propera
739 1576 896 1630 nobis
940 1591 1137 1646 aquam
1173 1575 1369 1631 afferre
1403 1592 1470 1631 ex
1511 1576 1616 1632 hoc
1652 1577 1792 1633 lacu.
1834 1579 1927 1632 Illa

355 1676 541 1722 autem
579 1683 646 1722 ex
676 1668 982 1737 apostolico
1030 1677 1304 1740 praecepto
1344 1669 1528 1726 sciens
1574 1685 1696 1726 esse
1728 1687 1930 1741 paren-

353 1761 482 1815 dum
534 1760 602 1815 iis
632 1763 720 1830 qui
756 1770 1012 1830 praesunt,
1063 1761 1309 1831 implevit
1342 1762 1488 1831 quod
1528 1763 1683 1831 jussa
1727 1762 1926 1818 fuerat.

353 1853 420 1909 Et
443 1855 627 1911 multis
653 1855 972 1925 jubentibus
999 1855 1147 1910 illam
1179 1871 1211 1911 e
1249 1855 1370 1912 loco
1398 1856 1688 1923 excedere,
1733 1857 1780 1912 si
1814 1874 1928 1912 non

351 1961 584 2004 mortem
616 1960 844 2020 cuperet
873 1951 1243 2020 apertissime,
1275 1950 1366 2005 illa
1415 1960 1596 2005 tamen
1641 1951 1779 2007 freta
1821 1952 1927 2007 [ide

351 2041 408 2095 in
445 2041 637 2104 Deum,
675 2051 731 2094 et
762 2056 1030 2112 peragens
1069 2057 1207 2112 opus
1250 2042 1599 2106 obedientiae,
1627 2059 1751 2114 quas
1778 2044 1932 2100 novit

353 2131 520 2186 vitam
581 2131 901 2196 conciliare,
972 2147 1083 2187 non
1145 2143 1402 2199 mortem,
1454 2149 1580 2188 cum
1643 2135 1932 2207 effugisset

353 2237 547 2277 omnes
597 2222 689 2292 qui
761 2223 1062 2288 arcebant,
1109 2225 1320 2280 accedit
1372 2225 1438 2280 ad
1492 2225 1671 2280 locum
1703 2244 1719 2284 :
1757 2239 1813 2282 et
1862 2229 1932 2297 (ο

355 2313 698 2368 admirabilia
774 2323 863 2368 tua
946 2329 1131 2383 opera,
1193 2330 1228 2369 ο
1296 2315 1589 2385 Domine“)
1639 2327 1928 2387 conspecta

355 2405 457 2460 fuit
517 2406 644 2460 vehi
711 2421 740 2459 a
807 2406 984 2460 bellua
1023 2417 1124 2472 ;et
1172 2423 1297 2463 cum
1361 2423 1559 2478 aquam
1604 2411 1928 2479 'hausissct,

355 2506 412 2551 et
476 2496 758 2566 implesset
811 2513 906 2551 vas
956 2497 1103 2566 quod
1157 2507 1276 2553 erat
1329 2498 1383 2552 in
1451 2500 1728 2564 manibus,
1778 2509 1931 2555 vecta

356 2604 550 2643 rursus
592 2590 661 2644 ab
707 2589 796 2643 illa
847 2589 1031 2644 bellua
1076 2600 1234 2646 terrae
1289 2592 1558 2648 redditur.
1613 2592 1681 2648 Et
1725 2595 1805 2650 sic
1844 2593 1932 2648 il'a

355 2683 576 2760 quidem
623 2681 681 2736 in
719 2695 864 2737 terra
895 2693 1251 2740 conservatur
1275 2685 1441 2740 illaesa
1469 2703 1484 2752 ;
1518 2686 1696 2741 bellua
1725 2696 1930 2754 autem,

355 2785 482 2826 cum
573 2782 804 2827 sancta"
867 2773 1039 2842 ipsam
1121 2777 1477 2846 increpasset,
1553 2775 1655 2830 luit
1737 2791 1934 2846 poenas

355 2879 549 2918 eorum
625 2880 746 2935 qua:
799 2865 868 2920 ad
933 2865 1039 2921 hoc
1109 2878 1287 2937 usque
1341 2878 1554 2939 tempus
1615 2868 1930 2932 admiserat,

357 2965 414 3011 et
465 2970 534 3011 eo
586 2955 644 3010 in
694 2957 815 3012 loco
873 2958 1057 3013 statim
1125 2959 1371 3014 cernitur
1442 2971 1680 3016 mortua.
1743 2960 1936 3016 Evadit

355 3062 488 3119 ergo
544 3064 636 3103 res
679 3050 803 3104 aliis
875 3066 1094 3120 quoque
1150 3052 1460 3120 manifesta,
1525 3063 1713 3124 utpote
1790 3053 1935 3123 quod

2041 584 2099 619 τε
2127 567 2221 621 καὶ
2255 567 2487 636 μείζονι,
2511 564 2672 618 τοῦτο
2695 564 2914 619 δεῖπνον
2947 565 3109 628 εὐθὺς
3137 567 3403 620 ἐποιεῖτο·
3443 567 3621 632 οὕτως

2039 653 2134 712 οὖν
2160 657 2396 727 κατέστη
2460 659 2572 720 τοῖς
2623 657 3097 728 ἐπιχωριάζουσιν
3143 658 3409 726 ἐπίφοϐον
3437 659 3496 712 τὸ
3526 677 3630 714 κα-

2036 750 2152 816 κὸν,
2171 750 2248 814 ὡς
2277 750 2371 804 καὶ
2395 749 2560 802 αὐτὸν
2583 751 2676 803 τὸν
2712 750 2813 819 τῆς
2850 749 3064 813 πόλεως
3095 747 3345 820 ὕπαρχον
3392 752 3628 822 (Γρηγο-

2038 861 2155 915 ριος
2206 844 2263 898 δὲ
2303 837 2458 905 οὗτος
2489 837 2557 914 ἦν
2590 842 2649 894 ὃν
2712 843 2809 896 κα)⁸
2872 842 3115 915 πρόσθεν
3165 843 3379 911 φθάσας
3405 848 3433 897 ὑ
3467 845 3630 912 λόγος

2035 933 2301 1006 ἐδήλωσε)
2345 931 2687 1004 στρατιώτας
2727 933 3127 1003 ,παρακαθίσαι
3153 934 3232 1005 τῷ
3287 936 3458 1004 τόπῳ,
3511 937 3629 1006 εἶρ-

2035 1043 2154 1096 γειν
2183 1028 2310 1089 τοὺς
2339 1024 2406 1078 δι’
2462 1025 2682 1095 ἐκείνης
2736 1025 3046 1089 ὁδεύοντας.
3113 1025 3289 1087 Εἰδὼς
3329 1025 3421 1078 οὖν
3450 1028 3479 1078 ὁ
3522 1026 3630 1094 τῆς

2038 1120 2209 1190 μονῆς
2241 1118 2549 1192 προεστὼς,
2581 1113 2698 1182 οἷος
2730 1113 2801 1189 ἦν
2829 1120 2858 1172 ὁ
2888 1117 2989 1188 τῆς
3018 1118 3308 1190 Θεοδώρας
3346 1120 3485 1190 βίος,
3532 1123 3629 1174 καὶ

2033 1211 2108 1274 ὡς
2138 1210 2340 1280 μικροῦ
2388 1212 2488 1266 καὶ
2543 1210 2803 1280 ἀγγέλοις
2853 1209 3044 1274 αὐτοῖς
3082 1209 3488 1282 ἁμιλλώμενος,
3531 1214 3629 1266 καὶ

2035 1301 2136 1366 ὡς,
2161 1301 2263 1354 οὐκ
2297 1299 2365 1355 ἂν
2398 1300 2489 1370 είη
2561 1302 2658 1352 καὶ
2686 1293 2913 1371 χάριτος
2981 1299 3136 1362 θείας
3201 1299 3342 1368 αῦτη
3371 1301 3626 1371 ἄμοιρος.

2037 1395 2385 1464 μετάκλητον
2414 1395 2586 1464 αὐτὴν
2612 1393 3007 1464 ποιησάμενος,
3040 1393 3152 1446 Τέκ
3171 1411 3265 1456 ον,
3301 1389 3424 1446 εἷπε
3442 1432 3458 1456 ,
3488 1393 3626 1446 Θεό-

2032 1489 2198 1559 δωρε,
2244 1485 2308 1540 τὸ
2361 1488 2633 1557 κεράμιον
2695 1484 2863 1556 ἄρας,
2899 1484 3045 1556 ὕδωρ
3069 1487 3205 1554 ἡμῖν
3247 1485 3359 1538 ἀπὸ
3390 1486 3492 1555 τῆς
3521 1482 3627 1538 ὧδε

2033 1580 2233 1650 λίμνης
2291 1578 2520 1649 ἐπείχθη
2568 1594 2623 1631 τι
2679 1578 2932 1645 ἀγαγεῖν.
2972 1577 3040 1629 Ἥ
3087 1577 3145 1629 δὲ
3181 1576 3466 1630 πείθεσθαι
3507 1580 3629 1641 τοῖς

2034 1675 2360 1744 ἡγουμένοις
2382 1674 2752 1746 ἀποστολικὴν
2782 1673 2962 1727 εἰδυῖα
3001 1673 3348 1743 παραίνεσιν,
3382 1672 3625 1742 ἐπλήρου

2034 1770 2094 1823 τὸ
2133 1768 2450 1831 κελευσθὲν,
2488 1768 2586 1822 καὶ
2617 1767 2834 1820 πολλῶν
2869 1765 3042 1836 αὐτὴν
3109 1766 3378 1835 ἐκχωρεῖν
3409 1764 3505 1817 τοῦ
3537 1764 3622 1816 τό·

2032 1877 2136 1913 που
2188 1860 2678 1931 διακελευομένων,
2711 1861 2760 1912 εί
2813 1859 2888 1930 μὴ
2941 1857 3153 1928 θανατᾷ
3218 1856 3620 1928 προδηλότατα,

2030 1953 2218 2022 ἐκείνη
2274 1954 2460 2006 πίστει
2495 1956 2562 2024 τῇ
2596 1953 2677 2014 είς
2751 1953 2889 2004 Θεὸν
2923 1951 3207 2022 θαρροῦσα
3238 1951 3334 2003 καὶ
3365 1942 3620 2020 ὑπακοῆς

2031 2044 2193 2115 ἔργον
2235 2043 2498 2109 ἀνύουσα,
2533 2044 2567 2114 ἢ
2597 2042 2744 2114 ζωὴν
2783 2042 2988 2112 μᾶλλον
3010 2037 3175 2105 οἶδεν,
3210 2040 3334 2108 οὐχὶ
3363 2038 3622 2100 θάνατον,

2033 2135 2340 2207 προξενεῖν,
2373 2136 2584 2200 πάντας
2620 2133 2758 2205 ὁμοῦ
2785 2132 3134 2203 διαφυγοῦσα
3161 2135 3290 2194 τοὺς
3313 2133 3622 2202 εἴργοντας,

2031 2232 2098 2301 τῇ
2128 2229 2292 2298 λίμνῃ
2327 2228 2689 2299 προσϐάλλει,
2724 2229 2841 2294 καὶ,
2875 2225 2920 2280 ὣ
2950 2230 3061 2278 τῶν
3085 2226 3405 2294 παραδόξων
3439 2224 3625 2294 ἔργων

2036 2339 2154 2386 σου,
2182 2323 2354 2393 Κύριε
2381 2324 2392 2376 ι
2427 2324 2612 2376 ἐπάνω
2634 2322 2729 2375 τοῦ
2757 2320 2945 2392 θηρὸς,
2976 2321 3185 2389 ἑωρᾶτο
3217 2318 3622 2389 βασταζομένη,

2035 2417 2400 2491 ἀρῤυσαμένη
2425 2433 2487 2468 τε
2553 2415 2700 2486 ὕδωρ
2733 2415 2828 2469 καὶ
2859 2414 2920 2467 τὸ
2953 2415 3012 2464 ἂν
3043 2414 3233 2483 χερσὶν
3273 2412 3445 2479 ἄγγος
3478 2412 3622 2482 πλή-

2037 2528 2199 2575 σασα,
2251 2510 2449 2580 ἔποχος
2496 2508 2662 2564 πάλιν
2719 2506 2813 2559 ὑπ’
2859 2506 3074 2560 ἐκείνου
3111 2505 3176 2575 δὴ
3199 2505 3296 2558 τοῦ
3329 2503 3522 2576 θηρὸς,
3553 2509 3621 2575 τῇ

2035 2605 2178 2676 ξηρᾷ
2214 2605 2595 2675 παραδίδοται.
2645 2601 2958 2664 Καὶοῦτως
3022 2599 3208 2671 ἐκείνη
3253 2599 3351 2670 μὲν
3400 2599 3624 2670 ἀπαθὴς

2033 2698 2101 2768 τῇ
2139 2699 2210 2766 γῇ
2241 2695 2570 2760 διασώζεται
2601 2710 2618 2728 ο
2651 2694 2714 2748 τὸ
2743 2693 2802 2746 δὲ
2833 2691 3024 2762 θηρίον
3077 2692 3211 2762 παρ’
3235 2692 3412 2761 αὐτῆς
3442 2693 3623 2745 ἐπιτι-

2038 2789 2211 2860 μηθέν
2268 2789 2655 2861 εἰσπράττεται
2700 2787 2857 2858 δίκην
2885 2787 3001 2840 τῶν,
3039 2787 3200 2857 μέχρι
3237 2785 3358 2838 τότε
3410 2784 3624 2855 τολμηο

2035 2885 2242 2941 θέντων
2254 2883 2424 2953 αὐτῷ,
2446 2882 2541 2936 καὶ
2559 2883 2688 2950 παρ’
2719 2881 2918 2933 αὐτίκα
2939 2878 3017 2949 τῷ
3039 2878 3193 2946 τόπῳ
3223 2876 3389 2929 πεσὸν
3407 2876 3622 2946 ἑωρᾶτο

2034 2977 2228 3044 νεκρόν
2259 2989 2275 3004 °
2332 2975 2545 3042 γίνεται
2609 2968 2704 3026 οὖν
2749 2971 2811 3024 τὸ
2846 2973 3082 3041 πρᾶγμα
3141 2970 3238 3022 καὶ
3289 2969 3403 3031 τοῖς
3437 2967 3621 3030 ἀλλοις

2036 3068 2311 3140 ἐπίδηλον,
2342 3068 2439 3120 ἆτε
2467 3065 2577 3118 τῶν
2609 3063 2914 3134 ὀφθαλμοῖς
2946 3061 3110 3116 τοῦτο
3159 3059 3621 3132 παραλαϐόντων,

355 3141 452 3211 qui
501 3142 880 3289 perc§pissent
925 3143 1124 3210 oculis,
1174 3159 1293 3201 eam
1341 3146 1636 3201 multorum
1707 3147 1932 3202 auribus

357 3234 575 3289 tradere
687 3234 972 3289 oluerint:
1034 3246 1090 3289 et
1163 3245 1457 3289 nronterea
1544 3237 1660 3289 Deo
1733 3253 1931 3289 omnes

2039 3160 2247 3215 πολλῶν
2277 3161 2471 3221 ἀκοαῖς
2499 3156 2837 3228 χαρίσασθαι
2864 3153 3265 3225 βουληθέντων,
3293 3152 3388 3206 καὶ
3409 3151 3624 3213 πάντας

2039 3255 2143 3289 ετυε
2183 3254 2316 3289 0e)..-
2342 3254 2410 3289 δι’
2433 3253 2648 3289 ἑνεὸυγςμ
2694 3252 2823 3289 :t’wn
2837 3249 3156 3289 ηνττηῧντημ
3177 3247 3348 3289 αιἰτῶ-

357 3234 575 3290 tradere
643 3234 972 3290 Voluerint:
1034 3246 1090 3291 et
1163 3245 1457 3309 propterea
1544 3237 1660 3294 Deo
1733 3253 1931 3295 omnes

357 3335 587 3397 egerunt
630 3329 855 3399 gratias.

428 3418 520 3476 IX.
567 3420 698 3476 Erat
754 3429 939 3477 autem
997 3419 1088 3476 hic
1159 3431 1380 3491 quoque
1436 3418 1638 3476 invidia
1693 3419 1932 3488 factura,

357 3528 479 3583 quae
547 3513 599 3568 ei
672 3513 1030 3580 conveniunt,
1125 3520 1181 3567 et
1269 3514 1390 3584 ejus
1487 3522 1617 3568 sunt
1693 3514 1933 3584 propria.

357 3607 591 3672 Quidam
667 3607 815 3662 enim
885 3621 953 3661 ex
1014 3603 1302 3660 monachis
1345 3605 1546 3676 (nemo
1614 3615 1701 3660 est
1763 3605 1931 3668 enim,

357 3698 450 3767 qui
525 3712 639 3750 non
693 3704 986 3768 appetatur
1047 3696 1258 3751 inimici
1332 3695 1579 3767 insidiis)
1625 3697 1937 3752 invidentia

357 3789 597 3844 stimulis
647 3789 764 3853 icti,
826 3789 993 3859 qmod
1043 3788 1297 3844 viderent
1349 3788 1565 3844 beatam
1625 3791 1815 3844 venire
1868 3789 1937 3844 ad

358 3895 632 3936 summum
685 3882 926 3947 virtutis,
979 3880 1250 3938 insciente
1296 3883 1576 3953 praefecto,
1626 3898 1750 3938 eam
1803 3883 1936 3938 mit-

359 3983 485 4028 tunt
529 3973 588 4028 in
637 3973 914 4043 quoddam
958 3974 1150 4044 procul
1199 3983 1470 4029 remotum
1519 3973 1934 4037 monaSterium,

359 4065 640 4120 tradentes
688 4063 741 4118 ei
797 4065 1107 4135 epistolam,
1169 4068 1354 4136 specie
1404 4065 1650 4134 quidem,
1711 4073 1769 4120 ut
1816 4079 1938 4135 qua:

359 4156 591 4211 haberet
624 4156 828 4226 aliquid
857 4157 1002 4227 quod
1035 4167 1273 4228 urgeret,
1299 4167 1355 4213 et
1403 4157 1710 4227 postularet
1740 4157 1937 4214 celeri-

361 4253 529 4300 tatem
562 4262 578 4311 ;
615 4261 804 4301 revera
848 4256 1029 4301 autem
1061 4248 1136 4302 ita
1176 4257 1397 4303 structa:
1441 4248 1660 4303 fuerant
1703 4249 1936 4314 insidiae,

360 4338 621 4405 quoniam
703 4338 807 4394 hoc
886 4347 1055 4394 noctu
1130 4340 1313 4404 ﬁebat,
1384 4352 1446 4395 ut
1503 4343 1858 4396 devoraretur
1906 4357 1939 4396 a

361 4431 577 4485 bestiis.
649 4428 780 4485 Erat
843 4432 991 4485 enim
1056 4432 1148 4486 illa
1206 4434 1294 4488 via
1357 4435 1593 4497 deserta,
1639 4444 1694 4488 et
1731 4436 1787 4488 in
1831 4445 1938 4504 qua

361 4523 493 4576 solre
550 4523 839 4578 alebantur
895 4524 1045 4578 ferae.
1112 4523 1217 4579 Sed
1285 4524 1486 4581 frustra
1549 4526 1648 4580 has
1713 4526 1938 4581 insidias

362 4614 587 4670 molitus
647 4626 736 4670 est
790 4615 1156 4683 adversarius,
1203 4624 1260 4672 et
1309 4632 1470 4673 secus
1531 4619 1718 4673 evenit
1775 4633 1939 4690 quam

362 4708 480 4776 ipse
546 4710 983 4764 machinabatur.
1038 4711 1122 4764 Ad
1188 4720 1434 4766 sanctam
1509 4712 1657 4765 enim
1726 4712 1782 4764 in
1855 4711 1940 4766 via

362 4811 638 4856 errantem
700 4804 913 4859 accedit
960 4803 1209 4873 quaedam
1271 4804 1468 4868 bestia,
1520 4803 1688 4875 ﬁtque
1734 4804 1785 4858 ei
1830 4803 1941 4858 dux

363 4894 464 4948 viae
516 4909 629 4949 non
677 4893 863 4963 fallax,
913 4896 1088 4951 donec
1161 4910 1280 4951 eam
1347 4895 1574 4951 deduxit
1623 4895 1692 4949 ad
1751 4910 1942 4949 mona-

363 4985 612 5054 sterium,
665 4988 733 5043 ad
757 4990 901 5058 quod
951 4988 1130 5044 fuerat
1158 4990 1365 5044 missa:
1402 4991 1512 5043 imo
1537 5003 1666 5043 vero
1694 5003 1764 5041 ne
1813 4997 1942 5042 tunc

361 5079 579 5147 quidem
666 5080 942 5137 discessit.
995 5080 1132 5136 Cum
1189 5097 1252 5138 ea
1313 5082 1456 5136 enim
1516 5080 1776 5150 ingressa,
1824 5081 1941 5149 ipsa

363 5185 582 5241 quoque
618 5171 873 5239 introiit;
931 5182 986 5227 et
1023 5187 1148 5228 cum
1197 5173 1287 5228 illa
1315 5173 1525 5236 ivisset,
1579 5182 1636 5226 ut
1684 5172 1940 5242 praefecto

364 5263 620 5318 redderet
650 5263 878 5330 litteras,
922 5265 1162 5337 ingressa
1212 5275 1297 5320 est
1347 5267 1460 5319 fera
1507 5264 1573 5319 ad
1623 5266 1939 5334 janitorcm,

365 5367 603 5423 cumque
633 5370 759 5408 mox
797 5364 914 5410 erat
944 5355 1306 5425 discerptura,
1340 5356 1447 5410 nisi
1479 5356 1569 5410 ille
1609 5356 1939 5420 clamasset;

363 5453 421 5498 et
477 5459 603 5500 cum
651 5459 720 5498 ex
773 5443 1016 5499 clamore
1071 5459 1334 5499 conversa
1388 5447 1550 5500 beata
1593 5447 1942 5516 cognovisset

364 5537 624 5606 quisnam
680 5545 830 5592 esset
879 5536 1166 5601 tumultus,
1214 5537 1445 5594 cliendit
1494 5539 1788 5606 virum,qui
1827 5540 1940 5608 jam

364 5628 700 5684 exedebatur
729 5644 760 5683 a
795 5627 996 5684 bestia.
1033 5628 1130 5686 Illa
1161 5643 1292 5702 ergo
1337 5629 1548 5697 statim,
1581 5629 1930 5700 apprehenso

442 5830 463 5860 ⁸
488 5827 634 5884 Ρειιὶ.
663 5846 850 5894 xxxix.
878 5831 935 5892 ϐ.

2035 3255 2146 3327 εἶχε
2183 3254 2316 3318 Θεὸς
2342 3254 2410 3306 δι’
2431 3253 2649 3322 ἐκείνης
2693 3249 3156 3322 εὐχαριστοῦντας
3177 3247 3350 3317 αὐτῷ.

2105 3411 2184 3466 8'.
2216 3412 2309 3464 Δεῖ
2343 3411 2445 3465 κάν
2477 3408 2653 3478 τούτῳ
2695 3408 2766 3462 τὰ
2825 3410 3004 3462 οίκεῖα
3035 3408 3065 3461 ὁ
3105 3407 3301 3477 φθόνος
3347 3405 3626 3460 ἐνδείκνυ-

2037 3504 2186 3559 σθαι.
2235 3504 2392 3566 Τινὲς
2431 3501 2540 3572 γὰρ
2576 3501 2686 3555 τῶν
2744 3501 2998 3571 μοναχῶν
3053 3501 3200 3570 (ἐπεὶ
3248 3500 3444 3570 μηδεὶς
3496 3500 3622 3562 ταῖς

2035 3594 2324 3666 ἐπηρείαις
2356 3596 2660 3664 ἀχείρωτος
2687 3592 2784 3646 τοῦ
2818 3591 3066 3662 ἐχθροῦ),
3086 3591 3390 3660 βασκανίας
3407 3591 3625 3660 κέντρῳ

2038 3687 2353 3758 βληθέντες,
2385 3681 2466 3748 οἷς
2493 3685 2682 3758 ἐώρων
2703 3686 2804 3755 τὴν
2832 3685 3117 3756 μακαρίαν
3148 3687 3228 3747 είς
3263 3685 3438 3753 ἀκρον
3493 3683 3626 3752 ἀρε-

2036 3780 2138 3850 τῆς
2164 3779 2411 3850 ἥκουσαν
2437 3818 2451 3842 ,
2489 3776 2669 3846 λάθρα
2718 3777 2822 3846 τῆς
2849 3775 2946 3829 τοῦ
2989 3775 3338 3846 προεστῶτος
3371 3774 3620 3845 γνώμης,

2037 3870 2116 3933 εἰς
2141 3869 2200 3922 ἓν
2230 3886 2282 3922 τι
2339 3867 2448 3923 τῶν
2479 3868 2703 3940 μακράν
2750 3868 3106 3938 ἀσκητηρίων
3157 3865 3369 3937 ταύτην
3393 3867 3612 3934 ἐκπέμ-

2036 3979 2253 4025 πουσιν,
2310 3960 2608 4031 ἐπιστολὴν
2670 3961 3099 4031 ἐγχείριζοντες,
3166 3960 3227 4012 τὸ
3293 3959 3626 4028 φαινόμενον

2040 4057 2162 4127 μὲν,
2207 4055 2348 4109 ὥστε
2411 4056 2522 4108 τῶν
2570 4053 2914 4123 ἐπειγόντων
2959 4052 3218 4122 ἔχουσαν,
3283 4054 3379 4104 καὶ
3430 4052 3626 4114 τέλους

2035 4148 2293 4219 δεόμενον
2331 4147 2617 4219 ὀξυτέρου,
2651 4147 2712 4200 τὸ
2744 4145 2801 4200 δὲ
2827 4146 3030 4216 ἀληθὲς
3082 4146 3319 4215 συσκειὴ
3360 4139 3452 4216 ἦν,
3496 4145 3626 4196 ἐπεὶ

2038 4241 2134 4294 καὶ
2192 4241 2388 4302 νυκτὸς
2439 4239 2840 4310 διεπράττετο,
2941 4236 3286 4306 κατάφρωνα
3361 4233 3622 4303 γενέσθαι

2041 4333 2284 4406 θηρίων·
2321 4332 2528 4404 ἕρημος
2591 4333 2700 4402 γάρ
2739 4333 2773 4402 ἡ
2825 4331 2945 4394 ὁδὸς
3003 4329 3188 4402 ἐκείνη
3252 4329 3348 4382 καὶ
3417 4327 3625 4399 θηρίων

2044 4428 2222 4498 μόνων
2301 4425 2522 4496 τροφός.
2629 4425 2769 4479 Ἀλλ’
2853 4428 2934 4488 εἰς
3016 4425 3194 4494 μάτην
3256 4423 3290 4492 ἡ
3360 4419 3627 4491 ἐπιϐουλὴ

2043 4521 2123 4591 τῷ
2163 4519 2554 4591 ἀντικειμένῳ,
2606 4521 2704 4573 καὶ
2739 4517 3057 4572 τούναντίον
3117 4516 3342 4586 μᾶλλον,
3383 4515 3411 4584 ἦ
3457 4514 3628 4577 αὐτὸς

2043 4613 2380 4685 ἐτεχνάζετο.
2477 4612 2819 4683 Πλανωμένῃ
2863 4612 2971 4681 γάρ
3011 4610 3138 4664 καθ’
3204 4609 3321 4662 ὁδὸν
3372 4611 3440 4679 τῇ
3497 4609 3628 4679 ὀσίᾳ

2041 4703 2411 4775 προσέρχεταί
2452 4720 2504 4756 τι
2555 4703 2767 4774 θηρίον,
2807 4703 2900 4756 καὶ
2934 4702 3150 4771 γίνεται
3193 4699 3398 4769 ταύτης
3427 4699 3625 4768 ὀδηγὸς

2041 4797 2286 4871 ἀπλανὴς
2319 4799 2427 4860 ἓως
2454 4796 2605 4866 ἄγων
2634 4800 2701 4868 τῇ
2741 4798 2876 4868 μονῇ
2906 4795 3248 4865 παρέστησε,
3274 4794 3412 4863 πρὸς
3448 4792 3514 4862 ἦν
3529 4792 3627 4846 καὶ

2043 4891 2235 4962 ἔτυχεν
2292 4889 2713 4961 ἐκπεμφθεῖσα·
2769 4888 2972 4958 μᾶλλον
3025 4885 3084 4939 δὲ
3142 4885 3262 4938 οὐδὲ
3307 4883 3482 4946 οὕτως
3517 4884 3628 4934 ἁπ-

2048 4984 2182 5055 έστη
2219 4997 2234 5012 ⁸
2275 4980 2604 5056 είσελθοὺσῃ
2634 4981 2744 5052 γάρ
2794 4981 2890 5032 καὶ
2919 4977 3052 5032 αὐτὸ
3087 4975 3386 5046 συνεισήει.
3421 4972 3630 5027 Κάκεί-

2051 5093 2142 5146 νης
2175 5073 2311 5145 πρὸς
2340 5073 2401 5127 τὸ
2425 5073 2734 5144 ἐγχειρίσαι
2765 5072 2843 5142 τῷ
2868 5069 3174 5142 προεστῶτι
3204 5068 3302 5140 τὴν
3334 5064 3627 5136 ἐπιστολὴν

2045 5166 2411 5237 ἀπελθούσης,
2443 5168 2471 5218 ὁ
2525 5165 2630 5236 θὴρ
2675 5163 2754 5234 τῷ
2808 5162 3048 5234 πυλωρῷ
3107 5161 3291 5232 ἐπῄει,
3349 5159 3443 5211 καὶ
3496 5159 3628 5210 ὅσον

2043 5258 2199 5313 οῦπω
2245 5257 2484 5328 διασπᾷν
2543 5255 2706 5310 αὑτὸν
2764 5253 3011 5324 ἔμελλεν,
3060 5253 3110 5306 εί
3167 5253 3245 5323 μὴ
3325 5248 3628 5320 βοήσαντος

2045 5351 2281 5416 ἐκείνου,
2314 5350 2410 5403 καὶ
2459 5347 2772 5418 συνδρομῆς
2830 5344 3120 5414 γεγονυίας
3154 5342 3563 5412 ἐπιστραφεῖςα
3595 5339 3629 5408 η

2049 5443 2318 5515 μακαρία,
2351 5441 2448 5495 καὶ
2477 5442 2628 5503 ὅστις
2673 5441 2759 5510 εἴη
2782 5441 2810 5492 ὁ
2843 5439 3073 5509 θόρυϐος
3103 5433 3422 5504 διαγνοῦσα,
3456 5447 3627 5486 κατα.-

2045 5535 2320 5608 λαμδάνει
2345 5535 2439 5588 τὸν
2467 5533 2642 5604 ἀνδρα
2667 5532 2872 5603 βρῶσιν
2897 5531 3023 5603 ἥδη,
3055 5528 3154 5584 τοῦ
3184 5529 3354 5600 θηρὸς
3401 5524 3630 5594 γινόμε-
3691 5575 3698 5581 .

2043 5647 2154 5690 νον.
2201 5628 2378 5691 Εὐθὺς
2407 5623 2524 5700 οὖν,
2561 5625 2752 5698 ἐκείνη
2793 5621 2890 5679 τοῦ
2940 5621 3232 5694 φάρυγγος
3263 5617 3430 5673 αὐτοῦ
3495 5617 3625 5687 δρα-
