3996 6432
368 382 469 444 (77

1305 374 1482 433 Vl'l‘A
1519 372 1582 432 S.
1619 367 2054 430 THEODOR/E
2096 364 2694 429 ALEXANDRlN/E.

3511 371 3619 438 678

360 488 597 560 ξαμένη,
633 486 936 558 διαφθορᾶς
963 485 1054 539 τὸν
1083 482 1373 552 ἄνθρωπον
1398 480 1757 546 ἀπαλλάττει,
1777 479 1946 547 ἐλαίῳ

2053 477 2169 547 ejus
2200 485 2440 548 gutture,
2471 478 2650 546 ipsum
2677 475 2873 531 liberat
2895 476 2966 531 ab
2997 473 3244 534 interitu.
3277 479 3410 539 Oleo
3437 495 3618 545 autem

357 585 416 636 δέ
451 581 834 650 ύπαλείφουσα
886 582 956 632 τὰ
986 577 1258 648 βλαϐέντα
1303 575 1465 647 μέλη.
1488 575 1583 628 καὶ
1618 573 1858 644 Χριστοῦ
1881 571 1944 625 τδ

353 673 528 742 ὄνομα
580 669 1023 742 προσεπᾴδουσα,
1083 667 1270 720 τοῦτον
1325 666 1423 735 μὲν
1479 665 1556 728 ὡς
1585 665 1645 718 τὸ
1675 666 1944 734 πρότερον

359 762 492 829 ὑγιᾶ
518 761 892 825 ἀποδείκνυσι,
934 758 995 811 τὸ
1017 757 1074 811 δὲ
1109 756 1302 827 θηρίον
1331 759 1519 808 πεσεῖν
1543 772 1600 808 τε
1643 754 1740 808 καὶ¹
1790 753 1944 824 διαρ-

359 855 603 924 ραγῆναι
637 852 903 924 παραχρῆ
913 868 988 921 μα
1009 851 1178 903 ποιεῖ.

429 940 488 995 ι’.
521 940 710 995 Ταῦτα
741 940 929 1008 ἐκείνη
962 939 1062 1008 μὲν
1084 937 1271 990 λαθεῖν
1336 935 1623 1006 ἠϐούλετο,
1660 935 1761 989 καὶ
1787 933 1943 988 οὒδέν

361 1031 506 1102 μετὰ
551 1031 653 1102 τὴν
710 1029 973 1083 ἐπάνοδον
1025 1028 1292 1097 ἐφανέρου
1353 1029 1470 1089 τοῖς
1524 1028 1780 1096 μοναχοῖς
1809 1042 1826 1059 ·
1889 1027 1940 1079 oi

357 1123 619 1193 τυχόντες
645 1121 702 1175 δὲ
767 1121 868 1190 τῆς
903 1117 1225 1188 εὐεργεσίας
1259 1118 1376 1190 ἅμα
1425 1116 1574 1188 πρωῒ
1615 1116 1943 1186 αὐτάγγελοι

357 1216 455 1270 τοῦ
490 1214 832 1287 πραχθέντος
879 1213 1148 1281 γίνονται,
1183 1213 1387 1282 Εὑχαῖς
1418 1211 1724 1284 Θεοδώρου,
1757 1211 1944 1281 λέγον-

357 1323 484 1372 τες,
513 1304 761 1376 χαλεποῦ
811 1305 1050 1360 θανάτου
1095 1304 1286 1376 ῥύεται
1315 1304 1602 1376 ἄνθρωπος
1631 1306 1728 1359 καὶ
1750 1304 1942 1375 θηρίου

359 1397 585 1469 φάρυγξ
631 1399 765 1468 ήμῖν
811 1397 1126 1468 χαρίζεται,
1173 1396 1268 1451 τὸν
1324 1398 1404 1460 είς
1471 1396 1678 1469 βρῶσιν
1705 1397 1808 1468 ήδη
1842 1394 1942 1468 λης

359 1492 589 1560 φθέντα.
622 1485 726 1544 Ὧν
750 1491 844 1544 καὶ
876 1491 1004 1554 τοὺς
1034 1489 1230 1560 λόγους
1255 1492 1285 1544 ὁ
1329 1491 1615 1558 προεστὼς
1652 1491 1745 1545 τοῦ
1775 1508 1942 1563 φρον-

358 1581 648 1652 τιστηρίου
707 1581 1092 1650 καταπλαγεὶς
1147 1580 1230 1646 τίς
1260 1581 1320 1646 ὃς
1344 1584 1526 1636 ἐκεῖσε
1559 1583 1750 1636 τοῦτον
1779 1582 1943 1636 ἀπιεί⁶

359 1673 597 1728 σταλκεν
623 1673 1004 1746 ἀπορούμενος
1027 1673 1297 1746 διηρώτα·
1323 1675 1399 1739 ὡς
1431 1675 1490 1729 δὲ
1532 1670 1676 1747 ἦσαν
1701 1675 1943 1740 ἅπαντες

357 1761 602 1835 ἔξαρνοι,
629 1765 729 1836 τὴν
761 1764 1050 1834 μακαρίαν
1076 1764 1449 1836 προσϐλέψας·
1485 1764 1583 1832 Τίς
1603 1761 1780 1833 οὗτος,
1809 1767 1937 1836 ἐφη,

357 1856 630 1930 Θεόδωρε,
661 1857 729 1922 ὃς
759 1857 858 1912 ἐπὶ
885 1859 1160 1929 προφανεῖ
1187 1859 1421 1930 κινδύνῳ
1435 1859 1639 1930 ἀωρίσε
1667 1858 1777 1912 τῶν
1811 1858 1940 1912 νύκ-
1975 1837 2014 1892 Β

355 1964 467 2002 των
493 1951 801 2018 κατήπειγε
843 1949 914 2005 τὰ
947 1952 1131 2005 ἐκεῖσε
1179 1949 1549 2016 καταλαϐεῖν;
1585 1950 1695 2003 Καὶ
1716 1950 1814 2004 θέα
1850 1967 1942 2022 μοι

354 2040 537 2110 ψυχῆς
597 2039 821 2104 εὐθείας
877 2041 1242 2112 ἀνάπλασμα,
1304 2043 1400 2096 καὶ
1457 2042 1523 2095 τὸ
1590 2043 1798 2110 ἄτυφον
1831 2042 1943 2114 γὰρ

357 2133 527 2202 ἐαυτῇ
555 2131 1019 2204 περιποιουμένῃ,
1040 2133 1138 2186 καὶ
1165 2133 1279 2196 τοῖς
1308 2133 1564 2203 ἀδελφοῖς
1590 2133 1943 2203 φυλάττουσα

355 2223 421 2278 τὸ
458 2223 826 2295 ἀνέγκλητον·
861 2224 1076 2295 Ὕπνῳ,
1113 2223 1288 2291 εἶπεν,
1319 2225 1438 2279 τότε
1465 2226 1594 2290 τοὺς
1629 2225 1943 2296 ὀφθαλμοὺς

356 2315 486 2380 τοὺς
511 2315 663 2369 ἔνδον
691 2331 750 2370 τε
777 2315 872 2370 καὶ
925 2317 1054 2381 τοὺς
1098 2316 1206 2381 ἔξω
1237 2317 1606 2387 βαρυνομένη,
1639 2317 1716 2389 μή
1767 2319 1944 2372 εἰπεῖν

357 2407 508 2478 ἔχειν
566 2407 695 2480 ἄρτι
750 2409 882 2473 τοὺς
938 2409 1351 2474 ἀποσταλέντας
1389 2408 1450 2475 ἐξ
1495 2411 1800 2482 ὀνόματος·
1831 2411 1946 2465 διε-

357 2501 556 2569 πρίετο
585 2500 778 2563 δεινῶς
800 2503 829 2556 ὀ
875 2500 1144 2567 διάϐολος,
1172 2501 1344 2572 αὐτὴν
1376 2501 1476 2572 μέν
1508 2501 1608 2573 τὴν
1650 2502 1944 2557 ὑποσκελι-

364 2591 588 2647 σθεῖσαν
615 2593 760 2665 δρῶν
811 2597 1111 2657 τοσαύταις
1160 2593 1341 2656 νίκαις
1396 2594 1498 2665 τὴν
1527 2588 1702 2666 ἧτταν
1730 2595 1940 2650 ἀναπα-

362 2683 650 2752 λαίουσαν,
690 2685 890 2739 ἐαυτὸν
936 2685 995 2738 δὲ
1021 2684 1369 2756 κατακράτος
1399 2685 1736 2756 ἡττώμενον.
1781 2687 1944 2757 Ἀφέ-

363 2792 527 2845 μενος
552 2775 650 2832 οῦν
697 2775 793 2831 τοῦ
825 2775 966 2830 κατὰ
987 2776 1050 2829 τὸ
1077 2775 1340 2831 λανθάνον
1368 2775 1743 2832 ἐπιϐουλεύειν
1770 2795 1940 2848 φανε-

361 2868 476 2940 ρῶς
506 2869 680 2940 αὐτῆς
705 2869 1000 2938 παραστὰς
1045 2867 1262 2939 ήπείλει
1305 2866 1380 2940 μὴ
1401 2869 1627 2940 ἀνήσειν
1670 2870 1800 2934 τοὺς
1824 2887 1946 2925 πει-

367 2962 618 3032 ρασμοὺς
650 2961 957 3030 ἐπάγοντα,
980 2960 1086 3026 ἕως
1112 2961 1284 3028 αὐτὴν
1311 2960 1433 3032 θείη
1466 2961 1670 3033 πτῶμα
1699 2961 1947 3033 γελώμε-

361 3071 455 3108 νον
487 3054 590 3116 τὴν
619 3053 715 3109 νῦν
780 3054 891 3109 ἀπὸ
952 3054 1174 3108 πάντων
1199 3053 1650 3127 θαυμαζομένην.
1683 3052 1817 3111 Εῐπε
1851 3056 1946 3110 καὶ

359 3147 422 3201 οὐ
449 3147 616 3202 πολὺν
635 3147 818 3218 ἀφῆκε
847 3146 940 3201 τὸν
1006 3146 1213 3216 μεταξὺ
1245 3147 1440 3217 χρόνον
1492 3148 1770 3217 γένεσθαι,
1803 3149 1945 3203 ἀλλὰ

361 3237 517 3292 σίτου
535 3239 636 3310 τῆς
667 3239 835 3310 μονῆς
863 3239 944 3302 είς
991 3237 1202 3294 ἔνδειαν
1236 3240 1616 3313 καταστάσης,
1661 3241 1948 3296 κελεύεται

361 3331 520 3403 παρὰ
561 3331 659 3386 τοῦ
688 3330 1034 3403 προεστῶτος
1061 3333 1095 3402 ή
1129 3333 1380 3403 μακαρία
1429 3334 1505 3404 μὴ
1539 3335 1779 3404 μέλλειν,
1814 3335 1952 3390 ἀλλά

359 3423 461 3486 τὰς
517 3424 819 3496 καμήλους¹
869 3422 1030 3486 αὖθις
1075 3422 1322 3480 λαϐοῦσα
1351 3425 1447 3478 καὶ
1482 3425 1624 3495 πρὸς
1669 3425 1772 3495 τήν
1793 3426 1951 3479 πόλιν

361 3515 715 3587 ἀφικομένην
756 3517 906 3568 σῖτον
958 3516 1146 3579 αὐτοῖς
1194 3516 1493 3586 πρίασθαι.
1539 3516 1951 3589 Ἐπετέτραπτο

362 3607 424 3662 δέ
452 3606 549 3661 καὶ
575 3605 759 3672 τοῦτο,
788 3604 866 3668 ὡς
892 3605 948 3658 εί
973 3621 1040 3674 γε
1089 3605 1373 3670 ἀδυνάτως
1404 3607 1544 3678 αὐτῇ
1598 3607 1814 3676 γένοιτο
1846 3608 1950 3679 πρὸ

362 3700 466 3770 τῆς
518 3698 762 3769 ἐσπέρας
815 3697 1158 3762 ἐπανελθεῖν,
1215 3698 1552 3754 καταλύσειν
1612 3702 1672 3754 ἐν
1725 3699 1804 3771 τῷ
1853 3699 1948 3752 τοῦ

369 3793 564 3850 ἐνάτου
591 3791 1020 3864 φροντιστηρίῳ,
1051 3794 1280 3846 κάκεῖσε
1327 3793 1429 3858 τὰς
1457 3792 1740 3865 καμήλους
1767 3794 1952 3848 διανα-

366 3883 607 3938 παῦσαι.
649 3882 982 3939 Ἐπανιοῦσα
1012 3883 1308 3954 τοιγαροῦν
1327 3885 1392 3938 ἐκ
1414 3885 1512 3957 τῆς
1541 3886 1770 3952 πόλεως,
1802 3886 1953 3940 ἐπεί-

369 3995 478 4050 περ
511 3977 615 4048 ήδη
646 3977 788 4050 πρὸς
817 3976 1031 4047 δυσμὰς
1056 3974 1206 4048 ἐώρα
1242 3976 1337 4031 τὸν
1369 3977 1547 4048 ἥλιον,
1580 3980 1650 4050 τῇ
1682 3977 1779 4031 τοῦ
1825 3978 1953 4033 ἐνά-

364 4089 462 4126 του
492 4071 638 4126 κατὰ
669 4069 732 4124 τὸ
761 4069 1047 4140 ἐπίταγμα
1077 4070 1216 4140 μονῇ
1247 4069 1577 4140 προσφοιτᾷ,
1619 4069 1844 4140 δοθῆναί
1888 4087 1949 4124 τε

364 4166 533 4220 τόπον
582 4165 721 4236 αὐτῇ
780 4163 878 4217 καὶ
955 4163 1075 4226 ταῖς
1139 4163 1412 4233 καμήλοις
1467 4162 1604 4233 πρὸς
1635 4163 1949 4218 ἀνάπαυσιν

365 4249 597 4327 grano?»
627 4254 738 4310 καὶ-
766 4252 1084 4325 γενομένου,
1119 4253 1258 4324 πρὸς
1290 4255 1420 4308 ποσὶ
1453 4252 1594 4328 αὕτη
1625 4255 1735 4310 τῶν
1766 4255 1950 4328 καμήο

366 4349 478 4405 λων
526 4349 911 4403 διανεπαύετο.

439 4440 549 4495 lA’.
589 4437 872 4492 Ἐντεῦθεν
903 4431 999 4492 οὖν
1029 4437 1176 4511 ἀρχὴ
1201 4436 1416 4507 γίνεται
1449 4438 1544 4494 τοῦ
1576 4437 1819 4508 πολέμου
1853 4437 1948 4492 τοῦ

2047 569 2302 622 membra
2333 568 2457 622 lazsa
2518 569 2807 639 inungcns,
2854 577 2910 623 et
2954 565 3160 626 Christi
3203 587 3406 631 nomen
3455 594 3621 652 super

2045 673 2110 716 ea
2181 668 2432 723 cantans,
2499 675 2625 714 eum
2683 660 2926 730 quidem.
2992 662 3137 717 sicut
3213 667 3386 736 prius.
3443 674 3620 728 reddit

2045 765 2289 817 sanum;
2331 751 2493 804 efficit
2544 760 2750 816 autem,
2802 761 2862 807 ut
2911 753 3086 808 bestia
3147 760 3401 825 protinus
3455 766 3619 820 cade-

2046 851 2150 905 ret,
2205 849 2262 896 et
2317 843 2770 913 disrumperetur.

2118 931 2186 986 X.
2244 934 2374 988 Rrec
2431 933 2518 987 illa
2575 937 2796 1002 quidem
2859 937 3076 994 volebat
3143 941 3331 1009 latere,
3388 953 3444 999 et
3500 959 3624 1017 post

2052 1023 2290 1078 reditum
2357 1025 2497 1078 nihil
2566 1027 2848 1094 aperiebat
2917 1032 3242 1086 monachis:
3295 1037 3383 1104 qui
3439 1053 3620 1093 autem

2046 1115 2373 1169 beneﬁcium
2412 1113 2634 1171 fuerant
2675 1121 2936 1177 assecuti.
2981 1122 3160 1175 statim
3215 1124 3317 1192 ipsi
3377 1124 3429 1179 id
3477 1131 3618 1196 quoi

2045 1205 2248 1260 factum
2331 1207 2510 1262 fuerat
2560 1211 2899 1271 renuntiant.
2977 1214 3225 1269 dicentes
3292 1233 3305 1270 :
3361 1217 3622 1274 Precibus

2045 1295 2319 1352 Theodori
2375 1299 2639 1355 liberatus
2703 1311 2786 1356 est
2850 1303 3013 1358 homo
3058 1321 3087 1359 a
3132 1307 3286 1376 gravi
3319 1316 3514 1374 morte,
3567 1321 3622 1364 et

2043 1393 2231 1450 bestiae
2267 1395 2388 1466 gula
2420 1395 2578 1450 nobis
2631 1397 2870 1452 restituit
2916 1413 3065 1465 eum,
3101 1401 3190 1470 qui
3238 1404 3348 1472 jam
3393 1414 3614 1473 cceptus

2042 1495 2162 1542 erat
2201 1486 2476 1542 devorari.
2525 1488 2768 1554 Quorum
2809 1490 2994 1545 verbis
3025 1493 3430 1562 obstupefactus
3478 1511 3619 1565 prac-

2041 1575 2216 1632 fectus
2247 1580 2590 1645 monasterii,
2623 1585 2877 1651 quisnam
2923 1598 3047 1637 eum
3092 1586 3324 1649 miserit,
3359 1588 3620 1642 dubitans

2044 1671 2435 1741 interrogabat.
2490 1671 2786 1741 Postquam
2848 1683 3030 1727 autem
3071 1691 3262 1730 omnes
3312 1687 3618 1746 negassent.

2043 1759 2258 1814 beatam
2287 1760 2559 1814 intuitus:
2612 1759 2748 1826 Quis
2799 1773 2904 1826 est,
2964 1764 3163 1832 inquit,
3217 1782 3249 1821 ο
3308 1756 3620 1830 Theodore,

2045 1851 2157 1920 qui,
2189 1865 2314 1906 cum
2365 1860 2513 1907 esset
2566 1851 2914 1908 manifestum
2962 1855 3285 1925 periculum,
3339 1868 3390 1912 te
3431 1859 3624 1912 intem-

2046 1943 2200 2009 pesta
2271 1949 2434 1996 nocte
2517 1941 2752 2011 impulit,
2809 1952 2870 1997 ut
2952 1944 3063 2000 illic
3143 1949 3623 2016 proﬁciscereris?

2048 2029 2180 2084 Mihi
2249 2046 2382 2086 vero
2454 2033 2743 2088 considera
2795 2044 2958 2089 rectae
3024 2036 3220 2093 animae
3279 2039 3618 2110 figmentum.

2049 2121 2166 2177 Sibi
2213 2123 2360 2178 enim
2397 2127 2700 2180 attribuens
2745 2125 3172 2198 simplicitatem,
3203 2141 3260 2186 et
3288 2147 3622 2190 conservans

2045 2212 2242 2269 fratres
2301 2221 2560 2284 tanquam
2639 2217 2778 2272 nulli
2847 2218 3064 2274 crimini
3146 2222 3388 2280 amnes:
3443 2225 3620 2288 Tunc.

2045 2305 2244 2376 inquit,
2303 2314 2418 2362 tam
2481 2307 2687 2363 interni
2776 2325 2939 2379 quam
2995 2314 3210 2369 externi
3278 2317 3420 2370 oculi
3465 2331 3624 2374 erant

2045 2397 2178 2452 mihi
2221 2411 2414 2452 somno
2465 2399 2601 2454 adeo
2642 2401 2871 2468 gravati,
2919 2410 2980 2457 ut
3031 2420 3138 2459 non
3187 2409 3393 2476 possim
3441 2413 3624 2465 nomi-

2043 2489 2213 2543 natim
2265 2489 2450 2547 dicere
2483 2506 2579 2546 eos
2626 2494 2719 2562 qui
2754 2493 3046 2550 miserunt.
3088 2495 3394 2568 Egerrime
3440 2510 3622 2555 autem

2044 2580 2254 2636 ferebat
2305 2583 2573 2650 diabolus,
2625 2585 2821 2640 videns
2867 2586 3040 2657 ipsam
3095 2589 3315 2658 quidem
3366 2596 3624 2660 supplan-

2049 2681 2238 2739 tatam,
2290 2675 2492 2731 talibus
2549 2676 2794 2733 victoriis
2845 2694 2876 2733 a
2925 2693 2986 2734 se
3025 2679 3264 2736 dedecus
3308 2684 3622 2752 repulisse;

2043 2781 2104 2822 se
2131 2776 2316 2824 autem
2348 2769 2400 2824 vi
2435 2784 2560 2825 esse
2593 2781 2934 2840 superatum.
2981 2771 3207 2829 Mittens
3239 2791 3368 2847 ergo
3398 2775 3623 2830 clancu-

2046 2859 2160 2916 lum
2212 2860 2484 2927 iusidiari,
2529 2870 2721 2932 aperte
2769 2864 2836 2918 ad
2883 2879 3014 2919 eam'
3046 2866 3335 2934 accedens,
3387 2869 3627 2924 minatus

2055 2959 2140 3005 est
2205 2965 2266 3007 se
2320 2967 2429 3008 non
2507 2961 2847 3009 cessaturum
2913 2955 3186 3012 intentare
3271 2960 3622 3020 tentationes,

2050 3043 2234 3099 donec
2294 3044 2558 3109 effecerit,
2613 3054 2673 3099 ut
2718 3045 2835 3111 ipsa
2881 3048 3059 3110 cadat,
3102 3064 3226 3118 quae
3274 3050 3508 3104 habetur
3553 3052 3624 3105 ab

2047 3135 2305 3192 omnibus
2377 3136 2436 3191 in
2504 3137 2891 3194 admiratione.
2964 3139 3110 3195 Dixit
3154 3159 3168 3196 :
3217 3152 3272 3196 et
3321 3159 3431 3196 non
3498 3145 3628 3198 sivit

2053 3227 2284 3282 multum
2336 3227 2678 3284 intercedere
2711 3232 2972 3301 temporis
3002 3248 3016 3297 ;
3049 3232 3142 3287 sed
3186 3249 3311 3288 cum
3362 3235 3629 3289 laboraret

2053 3318 2454 3373 monasterium
2521 3318 2710 3389 inopia
2775 3319 3061 3389 frumenti,
3112 3322 3269 3392 jubet
3339 3325 3627 3394 praefectus

2051 3409 2224 3466 beatae
2286 3425 2359 3465 nc
2428 3419 2761 3480 cunctetur;
2809 3413 2904 3468 sed
2955 3415 3230 3481 accipiens
3288 3431 3479 3472 rursus
3526 3432 3626 3472 ca-

2051 3501 2248 3568 melos,
2297 3510 2354 3556 et
2414 3501 2623 3558 vadens
2665 3503 2720 3557 in
2785 3503 3084 3569 civitatem,
3161 3507 3241 3560 eis
3302 3519 3449 3562 emat
3517 3511 3631 3566 fru-

2053 3602 2322 3649 mentum.
2363 3591 2534 3647 Porro
2569 3600 2757 3648 autem
2801 3594 2907 3650 hoc
2945 3611 3162 3665 quoque
3206 3598 3256 3651 ei
3302 3598 3628 3669 imperatum

2051 3681 2248 3746 fuerat,
2277 3684 2423 3754 quod
2448 3684 2493 3739 si
2519 3699 2582 3739 ea
2612 3700 2721 3740 non
2749 3695 2933 3755 posset
2955 3687 3133 3742 redire
3161 3697 3290 3743 ante
3320 3704 3628 3760 vesperam,

2049 3774 2421 3832 diversaretur
2472 3776 2529 3832 in
2583 3777 2923 3832 monasterio
2977 3777 3155 3843 Nono,
3187 3789 3242 3834 et
3280 3780 3520 3838 eiiiceret
3570 3793 3630 3840 ut

2053 3867 2248 3923 cameli
2333 3867 2448 3922 illic
2516 3869 2950 3940 requiescerent.
3032 3871 3337 3928 Revertens
3412 3891 3542 3945 ergo
3599 3892 3632 3931 ο

2051 3958 2296 4026 civitate,
2340 3958 2600 4029 quoniam
2645 3960 2758 4030 jam
2803 3961 2975 4017 solem
3023 3963 3244 4018 videbat
3304 3966 3358 4019 in
3401 3981 3623 4030 occasu,

2055 4051 2202 4108 venit
2237 4049 2307 4107 ad
2340 4047 2556 4106 Nonum
2590 4053 3008 4120 monasterium,
3043 4055 3194 4110 sicut
3233 4057 3282 4111 ei
3319 4055 3496 4114 fuerat
3527 4058 3630 4113 im-

2050 4151 2299 4215 peratum
2333 4160 2348 4210 ;
2386 4152 2441 4199 et
2479 4143 2636 4213 petiit
2680 4145 2785 4199 sibi
2816 4154 2873 4200 et
2903 4149 3132 4203 camelis
3175 4148 3292 4204 dari
3340 4149 3518 4206 locum
3562 4152 3631 4206 ad

2053 4237 2470 4307 quiescendum.
2501 4236 2655 4304 Quod
2673 4253 2798 4293 cum
2829 4238 3030 4295 factum
3060 4250 3227 4307 esset,
3259 4241 3378 4312 ipsa
3410 4244 3630 4314 requie-

2053 4330 2240 4384 scebat
2272 4329 2342 4384 ad
2373 4329 2545 4399 pedes
2572 4330 2929 4387 camelorum.

2125 4456 2222 4514 ΧΙ,
2238 4456 2375 4513 Hinc
2399 4473 2528 4529 ergo
2548 4459 2720 4514 oritur
2745 4459 2870 4516 belli
2895 4461 2948 4515 in
2967 4462 3139 4532 ipsam
3160 4463 3507 4536 principium.
3529 4465 3631 4534 Qui

367 4535 498 4590 κατ’
523 4533 732 4603 αὑτήν·
757 4532 787 4585 ὁ
809 4532 920 4604 γὰρ
951 4533 1068 4594 τοῖς
1101 4532 1364 4603 πονηροῖς
1407 4530 1595 4603 ἐργοις
1653 4531 1948 4602 ἐπιτερπό-

2054 4549 2200 4604 enim
2239 4548 2504 4619 improbis
2563 4548 2718 4605 factis
2748 4530 3052 4609 delectatur
3096 4530 3632 4620 daeition,—etadvero

373 4644 538 4700 μενος
568 4624 802 4695 δαίμων,
832 4623 927 4677 καὶ
941 4623 1070 4687 τοὺς
1099 4622 1243 4677 κατά
1270 4623 1381 4677 τῶν
1407 4624 1580 4692 ἀγίων
1603 4626 1947 4694 πειρασμοῦς

369 4720 671 4788 ἀνεγείρειν
697 4715 788 4771 ἀεὶ
820 4713 1239 4787 μηχανώμενος,
1289 4717 1430 4770 κατά
1457 4715 1621 4788 τῆσδε
1651 4715 1747 4771 καὶ
1778 4715 1949 4768 πλείω

371 4811 472 4883 τήν
500 4810 710 4863 λύσσαν
778 4805 1256 4877 ἐπιδεικνύμενος,
1311 4804 1410 4860 ἅτε
1456 4806 1524 4878 δὴ
1554 4805 1650 4860 καὶ
1679 4805 1817 4877 μετὰ
1850 4804 1950 4875 τήν

373 4903 550 4974 θήραν
602 4901 704 4963 τὰς
739 4897 952 4954 ἐκείνου
980 4900 1172 4971 χεῖρας
1225 4897 1627 4970 διαφυγούσης,
1657 4897 1728 4953 τὰ
1748 4895 1950 4953 ἐαυτοῦ

369 4996 550 5050 ποιεῖν
597 4994 702 5048 οὐκ
741 4993 958 5065 ἡμέλει,
1015 4989 1156 5045 ἀλλά
1218 4989 1442 5046 νεάνιδά
1494 5007 1643 5058 τινα,
1683 4991 1807 5044 τότε
1840 4991 1951 5044 τῶν

373 5087 632 5160 μοναχῶν
691 5087 802 5141 τινὶ
877 5083 1201 5154 συγγενείας
1253 5082 1400 5152 λόγῳ
1424 5148 1436 5159 .
1460 5081 1952 5154 συνδιατρίϐουσαν

369 5181 512 5252 πρὸς
557 5174 782 5251 οῐστρον
839 5177 1152 5248 ἀνερεθίζει
1209 5175 1494 5244 λαγνείας,
1547 5178 1583 5249 η
1635 5177 1731 5231 καὶ
1783 5175 1953 5248 ἀνδρα

372 5266 516 5327 εἶναι
549 5271 654 5341 τήν
717 5269 998 5342 μακαρίαν
1031 5269 1093 5335 ἐξ
1122 5261 1199 5324 ὧν
1238 5267 1386 5340 ἐώρα
1415 5267 1782 5340 λογισαμένη,
1814 5269 1953 5338 πρὸς

371 5365 434 5421 τὺ
461 5365 643 5436 ταύτῃ
673 5360 1118 5432 συγκαθευδῆσαι
1156 5361 1570 5431 προσεκαλεῖτο,
1614 5358 1750 5414 αἰδῶ
1769 5361 1954 5413 πᾶσαν

372 5457 710 5528 ἀποθεμένη,
763 5455 861 5509 καὶ
919 5450 1218 5526 προσώπου
1260 5451 1488 5520 καὶτῆς
1533 5449 1736 5521 ψυχῆς.
1779 5449 1868 5514 Ὠς
1895 5449 1953 5503 δέ

373 5553 470 5605 καὶ
499 5551 743 5621 ὑπήκοον
768 5547 918 5620 ἐώρα
940 5545 1076 5617 πρὸς
1103 5545 1283 5611 τοῦτο,
1303 5543 1400 5598 καὶ
1421 5543 1782 5615 προτιμῶσαν
1813 5541 1954 5613 μᾶλα

373 5643 467 5698 λον
525 5641 628 5714 τὴν
679 5641 776 5697 ἐπὶ
830 5639 974 5711 ψιλῷ
1025 5639 1108 5709 τῷ
1159 5637 1349 5708 ἐδάφει
1401 5641 1499 5691 καὶ
1529 5637 1651 5700 ταῖς
1681 5636 1954 5708 καμήλοις

373 5736 669 5792 κατάκλισι
726 5735 790 5789 τδ
855 5729 1190 5804 ἐνδομυχοῦν
1233 5729 1421 5802 ἐκείνη
1471 5728 1567 5784 τοῦ
1621 5729 1842 5801 οῖστρου
1876 5730 1954 5800 μὴ

375 5827 722 5886 κατασϐέσαι
750 5825 864 5895 πῦρ
881 5823 1182 5896 δυναμένη,
1205 5822 1486 5879 ἐκδίδωσιν
1502 5821 1703 5894 ἐαυτήν
1730 5820 1813 5878 ἐνὶ
1841 5822 1950 5876 τῶν

2055 4653 2148 4694 sus
2164 4647 2384 4695 sanctos
2417 4653 2636 4709 semper
2669 4641 2889 4696 molitur
2922 4643 3159 4698 excitare
3192 4647 3544 4712 tentationes,
3575 4647 3633 4702 in

2056 4729 2227 4801 ipsam
2277 4737 2461 4784 autem
2492 4731 2757 4798 majorem
2795 4732 2961 4787 etiam
3006 4743 3290 4790 ostentans
3316 4736 3545 4804 rabiem,
3576 4749 3636 4793 ut

2054 4836 2178 4892 quae
2221 4831 2342 4891 post
2377 4821 2726 4876 venationem
2763 4821 3050 4893 eﬂ'ugisset
3101 4824 3247 4880 illius
3287 4842 3635 4893 manus,nou

2055 4915 2297 4987 neglexit
2324 4913 2506 4970 facere
2551 4930 2671 4986 quae
2702 4925 2832 4971 sunt
2881 4932 3000 4985 sua,
3029 4918 3127 4975 sed
3195 4919 3483 4989 quamdam
3507 4921 3639 4978 ado-

2056 5006 2439 5074 lescentulam,
2471 5022 2591 5077 quae
2615 5016 2746 5064 tunc
2792 5009 3119 5066 versabatur
3151 5027 3275 5068 cum
3309 5014 3637 5083 quibusdam

2057 5098 2344 5154 monachis
2375 5100 2586 5155 ratione
2629 5101 3147 5172 consanguinitatis,
3191 5104 3384 5160 incitat
3432 5109 3640 5178 ad,sti-

2058 5189 2264 5244 mulum
2296 5189 2539 5245 libidinis
2568 5205 2718 5260 :qua:
2739 5191 2951 5247 beatam
2979 5191 3125 5247 illam
3152 5210 3220 5250 ex
3253 5197 3322 5250 iis
3345 5212 3468 5266 quae
3485 5197 3638 5252 vide-

2059 5282 2175 5348 bat,
2238 5281 2500 5338 arbitrata
2569 5297 2694 5340 esse
2769 5285 2946 5339 virum
3019 5285 3284 5343 invitabat
3343 5299 3402 5343 ut
3452 5304 3640 5346 secum

2061 5371 2345 5436 dormiret,
2378 5372 2628 5443 deposito
2661 5374 2810 5430 omni
2851 5375 3058 5446 pudore
3090 5384 3147 5431 et
3173 5391 3240 5432 ex
3274 5377 3426 5432 vultu
3483 5388 3538 5434 et
3569 5395 3637 5435 ex

2061 5465 2265 5520 animo.
2296 5465 2590 5535 Postquam
2637 5474 2821 5522 autem
2869 5467 3007 5522 vidit
3057 5482 3178 5522 eam
3227 5484 3338 5523 non
3393 5470 3640 5537 obedire,

2061 5561 2117 5608 et
2171 5552 2332 5608 maHe
2375 5553 2432 5607 in
2488 5555 2639 5610 nudo
2701 5554 2820 5610 solo
2870 5555 3114 5613 dormire
3173 5573 3342 5630 prope
3383 5561 3642 5628 camelos,

2061 5657 2176 5696 non
2207 5642 2397 5698 valens
2432 5642 2524 5698 illa
2559 5646 2910 5718 exstinguere
2958 5647 3220 5702 latentem
3257 5649 3405 5703 intus
3461 5649 3640 5722 ignem

2064 5733 2330 5801 libidinis,
2373 5733 2468 5789 dat
2516 5750 2577 5792 se
2624 5737 2719 5793 uni
2765 5753 2831 5795 ex
2875 5738 2945 5794 iis
2988 5738 3083 5808 qui
3115 5738 3228 5794 illic
3276 5739 3642 5808 dormiebant,

2064 5825 2156 5896 qui
2189 5825 2306 5894 ipse
2355 5839 2575 5900 quoque
2603 5837 2723 5885 erat
2766 5830 2966 5899 viator,
2997 5837 3053 5884 et
3084 5829 3138 5884 in
3190 5831 3420 5887 transitu
3461 5834 3642 5890 diver-
