4002 6438
361 357 470 420 6⁷19

1601 351 1888 412 MENSIS
1926 352 2406 414 SEPIEMBER.

3533 354 3639 418 6ῗο

361 481 513 524 satus
538 473 656 522 erat
694 464 748 518 in
777 464 1130 519 monasterio.
1165 461 1299 516 Cum
1340 460 1386 514 is
1431 473 1580 530 ergo,
1614 461 1705 528 qui
1738 459 1944 517 fecerat

2057 466 2229 518 ἐκεῖσε
2259 461 2795 532 προσκαθειαδόντων,
2850 463 3006 534 όδξτῃ
3045 463 3138 516 καὶ
3181 463 3329 534 αύτῷ
3369 464 3507 525 ὄντι,
3539 468 3639 519 καὶ

365 559 731 628 iniquitatem,
786 556 887 610 sub
927 570 1176 609 auroram
1227 553 1546 607 recessisset
1591 553 1645 606 in
1693 570 1817 608 eum
1863 555 1947 609 Io-

364 668 516 716 cum,
570 651 714 705 unde
775 655 1143 717 processerat,
1206 647 1512 717 procedens
1571 657 1785 717 tempus
1833 649 1947 716 jam

365 746 820 799 intumescentem
871 741 1196 795 ostendebat
1244 750 1460 794 uterum
1509 739 1754 809 virginis.
1815 739 1946 804 Quae

367 852 397 890 a
449 833 696 903 cognatis
747 833 1079 899 interrogata
1134 848 1163 886 a
1214 847 1322 902 quo
1368 832 1472 884 hoc
1525 830 1726 885 factum
1777 841 1944 894 esset,

362 926 516 988 dixit,
549 925 894 978 Theodorum
931 925 1258 978 monachum
1329 922 1720 978 Ortavidecimi
1755 939 1945 976 mona-

373 1018 524 1071 Slel'ii
551 1033 672 1070 cum
698 1031 758 1070 ea
791 1016 1154 1075 coivisse.lis.
1184 1032 1303 1084 qua}
1331 1017 1470 1069 dicta
1501 1015 1731 1074 fuerant.
1764 1016 1943 1068 statim

359 1111 590 1164 credunt
634 1109 912 1163 monachi.
978 1107 1114 1162 Nam
1152 1111 1241 1178 qui
1272 1109 1444 1162 beatae
1484 1108 1723 1162 minatus
1769 1107 1945 1162 fuerat

361 1204 690 1256 tentationes
743 1203 927 1257 docuit
983 1203 1146 1256 etiam
1226 1203 1458 1272 puellam
1557 1203 1660 1256 hoc
1727 1203 1946 1268 dicere,

359 1303 416 1346 et
476 1292 597 1346 illos
677 1293 925 1346 credere.
981 1293 1188 1346 Deinde
1256 1308 1379 1346 cum
1450 1292 1810 1355 accessissent
1871 1292 1940 1346 ad

363 1384 776 1442 monasterium,
840 1383 929 1436 ubi
985 1398 1044 1436 se
1102 1383 1394 1437 exercebat
1449 1382 1546 1436 illa
1597 1382 1777 1445 beata,
1820 1398 1942 1436 cum

363 1491 557 1544 magna
616 1476 1002 1529 vociferatione
1041 1484 1093 1529 et
1142 1475 1379 1528 tumultu
1427 1475 1725 1528 dicebant:
1763 1474 1944 1528 Theo-

363 1569 548 1634 dorus,
604 1570 693 1636 qui
743 1577 826 1622 est
877 1568 1019 1637 apud
1058 1583 1154 1621 vos
1209 1567 1534 1629 monachus,
1586 1582 1694 1619 non
1737 1572 1945 1621 veritus

363 1667 448 1712 est
503 1669 717 1713 tantum
785 1659 1076 1713 admittere
1154 1656 1439 1727 ﬂagitium.
1496 1655 1701 1726 Rogata
1762 1668 1942 1711 autem

365 1765 396 1803 a
450 1749 728 1818 prtelecto,
774 1766 840 1803 an
889 1765 1005 1804 rem
1056 1749 1282 1804 fecisset
1327 1757 1435 1802 tam
1493 1748 1938 1810 abominandam,

367 1839 482 1909 ipsa
535 1841 668 1894 dixit
721 1840 767 1893 ei
825 1856 885 1895 se
938 1855 1046 1894 non
1119 1839 1321 1893 habere
1387 1852 1503 1891 rem
1563 1838 1727 1892 ullam
1785 1840 1944 1907 cujus

362 1931 488 1998 jure
544 1941 846 1984 teneretur.
907 1931 1082 1998 Atque
1133 1929 1206 1982 illi
1248 1928 1468 1998 quidem
1552 1935 1683 1983 tunc
1740 1930 1942 1984 reversi

369 2031 496 2076 sunt
530 2023 596 2076 ad
648 2037 809 2076 suum
860 2021 1276 2078 monasterium.

440 2320 559 2375 XII.
619 2319 914 2388 Postquam
974 2329 1156 2374 autem
1221 2317 1400 2373 infans
1441 2319 1550 2389 jam
1599 2319 1783 2374 editus
1838 2319 1948 2374 fuit

372 2413 426 2466 in
480 2412 681 2471 lucem.
730 2427 851 2464 eum
905 2411 1180 2477 tollentes,
1232 2411 1531 2481 projiciunt
1587 2412 1640 2464 in
1711 2412 1948 2466 medium

371 2503 787 2566 monasterium,
828 2503 878 2556 iu
927 2519 1034 2572 quo
1079 2512 1197 2556 erat
1237 2503 1326 2556 illa
1379 2503 1556 2558 beata.
1614 2500 1726 2556 Hoc
1765 2512 1948 2556 autem

369 2604 488 2650 erat
528 2594 738 2649 insidiae
790 2603 847 2648 et
905 2594 1195 2648 artificium
1258 2593 1488 2659 inimici,
1544 2595 1816 2648 studentis
1895 2595 1947 2649 ei

372 2688 598 2756 injicere
661 2685 830 2739 animi
901 2684 1298 2755 aegritudinem,
1367 2693 1423 2739 et
1487 2685 1608 2754 ejus
1679 2685 1947 2755 impedire

370 2778 710 2833 institutum.
770 2776 878 2830 Sed
936 2776 1134 2830 frustra
1193 2791 1385 2830 rursus
1436 2792 1464 2829 a
1498 2783 1570 2838 te.
1609 2791 1642 2829 ο
1687 2776 1950 2846 maligne,

369 2878 573 2940 paratae
612 2878 742 2923 sunt
787 2867 1022 2932 insidiae;
1082 2868 1192 2922 imo
1239 2883 1371 2922 vero
1420 2883 1528 2920 non
1581 2865 1802 2930 frustra,
1859 2869 1954 2923 sed

367 2975 465 3019 eas
489 2962 545 3015 in
585 2960 817 3030 teipsum
845 2976 904 3014 es
941 2961 1302 3021 machinatus,
1345 2969 1396 3014 te
1436 2959 1670 3014 feriente
1695 2975 1957 3029 generosa

372 3053 607 3109 muliere
662 3052 768 3106 illis
821 3052 955 3120 ipsis
1019 3053 1162 3116 telis,
1197 3052 1398 3120 quibus
1435 3062 1486 3106 te
1525 3067 1645 3105 eam
1698 3052 1956 3121 sperabas

371 3147 764 3203 sauciaturum.
806 3144 946 3210 Quid
985 3144 1133 3199 enim
1179 3144 1308 3198 hinc
1348 3144 1743 3214 consequitur?
1775 3143 1957 3198 Infan-

377 3241 448 3294 tis
487 3253 607 3293 csse
653 3249 809 3307 pater
853 3237 1093 3292 creditur
1147 3235 1474 3303 Theodora;
1517 3236 1736 3290 silentio
1773 3245 1954 3290 autem

373 3331 574 3400 accipit
607 3345 750 3394 eam,
807 3345 927 3398 qua:
968 3329 1139 3398 ipsam
1191 3327 1546 3392 condemnat,
1576 3329 1904 3382 sententiam
1935 3348 1950 3397 ;

375 3431 432 3475 ct
481 3422 642 3475 simul
705 3437 829 3476 cum
896 3421 1103 3474 infante
1180 3419 1473 3489 expellitur
1529 3434 1561 3474 e
1605 3420 1952 3476 monasterio.

377 3512 500 3581 Ipsa
556 3514 735 3579 itaque
779 3510 840 3564 fit
879 3509 1086 3572 nutrix,
1135 3518 1192 3564 et
1258 3517 1516 3578 tanquam
1586 3519 1766 3579 pater,
1831 3526 1956 3564 eum

379 3602 592 3672 cogitur
644 3601 810 3665 alere,
860 3601 1002 3654 lacte
1050 3599 1274 3669 quidem
1321 3601 1507 3655 ovium
1540 3609 1754 3670 (neque
1810 3602 1956 3656 enim

376 3702 594 3764 poterat
639 3692 831 3762 aliter)
864 3691 1130 3746 infantem
1190 3706 1368 3761 nuper
1427 3702 1618 3746 natum
1668 3695 1954 3762 nutriens;

375 3783 530 3838 lanas
570 3793 750 3839 autem
799 3793 990 3854 petens
1023 3785 1190 3838 etiam
1232 3800 1262 3837 a
1305 3785 1638 3853 pastoribus,
1692 3787 1759 3841 ad
1801 3802 1957 3840 usum

377 3877 548 3932 vestis
595 3891 688 3933 eas
726 3891 898 3944 puero
939 3876 1200 3932 contexit.
1251 3875 1357 3930 Sed
1415 3877 1668 3945 quisnam
1747 3880 1961 3931 animus

379 3969 658 4038 acceperit
729 3969 866 4023 adeo
931 3983 1150 4038 gravem
1242 3968 1621 4023 calumniam?
1701 3969 1958 4034 Quaenam

381 4069 564 4114 autem
615 4074 811 4113 manus
869 4074 979 4113 non
1026 4075 1168 4130 aegre
1226 4059 1440 4114 tulisset
1491 4069 1598 4114 tam
1662 4061 1958 4116 molestum

378 4151 743 4206 ministerium
770 4151 792 4202 ?
826 4150 1016 4220 Spatio
1044 4152 1190 4206 enim
1221 4161 1430 4221 septem
1466 4166 1734 4206 annorum
1764 4152 1961 4207 atllicta

379 4241 486 4297 fuit
543 4242 660 4296 haec
709 4241 887 4297 beata.
932 4243 976 4297 Ο
1020 4242 1137 4306 Dei,
1213 4243 1307 4312 qui
1379 4253 1578 4298 cuncta
1656 4243 1958 4308 intuimini,

381 4330 552 4397 oculi,
602 4330 750 4384 inani
789 4339 845 4384 et
887 4330 1017 4384 falsa
1052 4345 1312 4400 oppressa
1353 4329 1646 4386 calumnia.
1680 4338 1736 4383 et
1778 4344 1809 4384 e
1851 4346 1966 4383 mo-

385 4423 632 4478 nasterio
661 4422 1015 4492 ejecta,nihil
1069 4421 1254 4493 pusilli
1308 4430 1362 4475 et
1411 4421 1608 4490 abjecti
1655 4422 1820 4474 animi
1871 4431 1965 4475 aut

2051 560 2117 610 ἐκ
2149 561 2389 627 παρόδου
2441 561 2506 628 τῇ
2565 561 2698 628 μονῇ
2769 559 3159 611 καταλύσαντι.
3199 559 3302 610 Τοῦ
3332 560 3512 613 τοίνυν
3539 560 3638 628 τὴν

2049 650 2281 718 ἀνομίαν
2307 650 2712 718 ἐργασαμένου,
2747 649 2853 700 ὑπὸ
2887 648 2987 719 τὴν
3017 649 3092 701 ἔω
3121 650 3220 717 τῆς
3256 649 3428 717 μονῆς
3455 651 3638 718 ἐκχω-

2049 741 2340 810 ρήσαντος,
2379 741 2474 793 καὶ
2506 740 2604 808 τῆς
2635 739 2791 800 ὁσίας
2822 738 2884 804 ἐξ
2915 733 2976 792 οὗ
3002 740 3277 809 προῆλθεν
3335 740 3640 794 ἀνασωθεί-

2048 846 2166 900 σης,
2197 832 2230 900 ἡ
2260 830 2354 882 τοῦ
2413 829 2608 898 χρόνου
2665 827 3002 896 παράτασις,
3025 828 3334 898 αἰρομένην
3371 828 3472 898 ήδη
3497 827 3637 894 πρὸς

2045 922 2210 990 ὄγκον
2237 923 2335 990 τὴν
2365 922 2612 990 γαστέρα
2635 920 2731 989 τῆς
2763 922 2934 992 κόρης
2953 921 3190 974 ἐδείκνυ·
3220 924 3311 975 καὶ
3329 920 3452 973 ὅθεν
3477 919 3639 972 τοῦτο

2045 1015 2198 1085 παρὰ
2255 1013 2363 1068 τῶν
2437 1013 2721 1082 συγγενῶν
2805 1015 2980 1068 εἰπεῖν
3051 1015 3462 1084 ἀνακρινομένη
3544 1015 3638 1066 τὸν

2049 1106 2303 1176 μοναχὸν,
2353 1102 2506 1173 εἷπε,
2577 1105 2874 1176 Θεόδωρον,
2932 1105 3025 1158 τὸν
3080 1106 3183 1174 τῆς
3226 1103 3640 1159 ὐκτωδεκάτου

2049 1199 2238 1268 μονῆς,
2268 1198 2406 1268 αὐτῇ
2439 1197 2852 1267 συμφθαρῆναι.
2914 1196 3272 1250 Πιστεύουσιν
3298 1197 3500 1250 αὐτίκα
3528 1199 3641 1259 τοῖς

2043 1292 2319 1362 λεχθεῖσιν
2351 1293 2402 1344 ot
2462 1292 2722 1360 μοναχοί·
2757 1292 2785 1343 ό
2816 1291 2926 1360 γὰρ
2956 1293 3024 1361 τῇ
3083 1291 3333 1361 μακαρίᾳ
3355 1292 3483 1354 τοὺς
3515 1307 3642 1343 πει-

2049 1386 2294 1456 ρασμοὺς
2341 1384 2868 1454 διαπειλησάμενος,
2932 1386 3027 1438 καὶ
3084 1384 3184 1454 τὴν
3251 1383 3426 1453 κόρην
3478 1382 3643 1435 τοῦτο

2045 1479 2224 1546 λέγειν
2253 1478 2526 1544 ἐδίδασκε,
2566 1478 2858 1540 κάκείνους
2890 1478 3197 1531 πιστεύειν.
3236 1474 3370 1529 Εἶτα
3396 1480 3463 1547 τῇ
3502 1479 3641 1546 μονῇ

2046 1571 2462 1641 προσελθόντος,
2519 1573 2664 1641 ἤπερ
2702 1566 2849 1640 εῖχεν
2905 1570 3256 1640 ἀσκουμένην
3313 1567 3413 1639 τὴν
3460 1585 3645 1637 μακα-

2047 1661 2168 1730 ρίαν
2203 1661 2297 1714 σὺν
2333 1660 2428 1730 βοῇ
2465 1660 2558 1712 καὶ
2603 1659 2837 1730 θορύῦῳ,
2867 1659 3165 1730 Θεόδωρος,
3203 1659 3412 1725 ἔλεγον,
3465 1660 3493 1711 ό
3539 1659 3641 1725 ἐφ’

2043 1752 2189 1823 ὑμᾶς
2218 1753 2366 1805 τελεῖ
2401 1751 2660 1823 μοναχδς,
2713 1751 2914 1805 τοιόνδε
2970 1750 3142 1820 μῦσος
3221 1753 3485 1821 πράττειν
3541 1750 3645 1804 οὐκ

2046 1844 2295 1915 ἔφριξεν.
2329 1847 2422 1906 Εἰς
2450 1847 2748 1916 ἐρωτήσεις
2778 1841 2870 1898 οὖν
2906 1844 3139 1898 ἐλθοῦσα
3170 1846 3320 1914 παρὰ
3351 1843 3448 1896 τοῦ
3483 1847 3645 1912 ὴγου-

2047 1937 2234 2006 μένου,
2265 1938 2312 1988 εί
2339 1935 2608 2007 κατῆρξεν
2662 1935 2807 1988 οὕτω
2860 1935 3128 2006 βδελυρᾶς
3178 1936 3459 2007 πράξεως,
3495 1933 3640 2004 αὕτη

2045 2028 2284 2097 πρᾶγμα
2333 2025 2408 2096 μὴ
2435 2025 2581 2094 ἔχειν
2643 2021 2769 2078 εἷπε
2832 2027 2969 2095 πρὸς
3015 2026 3182 2078 αὑτὸν
3236 2027 3434 2095 ένοχῆς
3457 2025 3638 2089 ἀξιον.

2057 2120 2287 2174 Ἐκεῖνοι
2346 2121 2446 2191 μὲν
2478 2118 2571 2172 οὖν
2610 2119 2732 2172 τότε
2789 2119 2927 2190 πρὸς
2957 2119 3056 2190 τὴν
3083 2119 3222 2172 ἰδίαν
3266 2120 3436 2190 μονὴν
3465 2123 3641 2173 ἐπανι-

2047 2213 2337 2284 έστρεφον.
2693 2257 2696 2260 .

2119 2302 2217 2358 lB'.
2265 2305 2352 2368 Ὠς
2390 2304 2446 2356 δὲ
2486 2303 2580 2356 καὶ⁸
2617 2304 2678 2356 τὸ
2743 2303 2941 2373 βρέφος
2998 2304 3188 2374 τεχθὲν
3221 2305 3320 2374 ἢδη
3370 2304 3643 2373 προῆλθεν

2051 2399 2130 2458 εἰς
2158 2396 2293 2464 φῶς,
2331 2395 2598 2464 ἀράμενοι
2627 2395 2807 2458 τοῦτο,
2839 2394 2978 2448 κατά
3009 2395 3183 2463 μέσην
3219 2395 3346 2446 ἔνθα
3379 2394 3411 2464 ἡ
3454 2411 3646 2462 μακα-

2055 2488 2145 2558 ρία
2169 2487 2332 2556 διῆγε
2364 2487 2464 2558 την
2488 2485 2655 2556 μονὴν
2691 2485 3115 2555 ἀπορρίπτουσι.
3141 2486 3310 2538 Τοῦτο
3339 2485 3396 2538 δὲ
3421 2487 3644 2547 πάντως

2055 2576 2305 2649 μεθοδεία
2338 2576 2433 2629 καὶ
2474 2577 2640 2645 τέχνη
2679 2575 2773 2627 τοῦ
2811 2573 3110 2644 δυσμενοῦς
3152 2570 3222 2646 ἦν
3263 2574 3504 2644 ἀθυμίαν
3543 2577 3647 2644 ὲμ-

2041 2668 2272 2733 .6αλλεῖ,
2310 2669 2448 2739 αὐτῇ
2501 2667 2894 2730 σπουδάζοντος
2928 2666 3204 2737 ἑμποδιών
3234 2683 3293 2718 τε
3319 2666 3384 2719 τὰ
3420 2666 3646 2718 σκοπῶν

2053 2761 2379 2831 παρασχεῖν.
2431 2758 2568 2810 Ἀλλ’
2605 2759 2686 2818 είς
2711 2759 2888 2827 μάτην
2920 2773 3000 2810 σοι
3036 2759 3131 2811 καὶ
3154 2757 3308 2820 αὖθις
3334 2757 3402 2810 τὰ
3427 2759 3645 2827 ἐνεδρα,

2055 2850 2281 2918 πονηρὲ,
2335 2848 2537 2917 μᾶλλον
2575 2849 2632 2902 δὲ
2676 2849 2781 2902 οὐκ
2826 2849 2907 2912 είς
2961 2850 3159 2920 μάτην,
3192 2850 3327 2904 ἀλλά
3367 2852 3463 2905 καὶ
3500 2849 3648 2904 κατὰ

2057 2941 2154 2995 σοῦ
2182 2941 2578 3010 τεκταινόμενα
2597 2957 2610 2972 ο
2668 2941 2859 3011 ὥσπερ
2897 2937 2979 3005 οἷς
3005 2945 3240 3012 τρώσειν
3275 2945 3510 3013 ἤλπισας
3539 2945 3648 2997 αύ-

2057 3036 2168 3096 τοῖς
2215 3035 2442 3095 ὲκείνοις
2491 3037 2603 3096 τοῖς
2645 3034 2825 3104 βέλεσι
2865 3035 3210 3106 πληττούσης
3260 3053 3319 3089 σε
3363 3038 3463 3108 τῆς
3513 3055 3648 3105 γεν-

2057 3128 2229 3190 ναίας.
2269 3126 2333 3179 Τί
2373 3127 2477 3197 γὰρ
2512 3126 2572 3178 τὸ
2605 3125 2886 3192 ὲντεῦθεν;
2933 3127 3115 3199 πατὴρ
3158 3123 3296 3182 εἷναι
3329 3129 3650 3184 πιστεύεται

2057 3219 2152 3273 τοῦ
2186 3221 2381 3290 νηπίου
2416 3221 2450 3289 ἡ
2485 3219 2738 3288 Θεοδώρα
2761 3260 2774 3282 ,
2813 3223 2940 3290 σιγῇ
2975 3239 3033 3273 τε
3067 3221 3168 3292 τὴν
3200 3224 3650 3294 κατακρίνουσαν

2055 3311 2236 3382 ψῆφον
2267 3312 2508 3380 δέχεται,
2542 3312 2635 3364 καὶ
2667 3310 2818 3379 αὐτῷ
2851 3312 3042 3382 βρέφει
3073 3315 3170 3381 τῆς
3199 3315 3366 3383 μονῆς
3398 3313 3651 3384 ἐξορίζε-

2055 3421 2167 3458 ται.
2205 3403 2435 3472 Τιθηνὺς
2469 3399 2564 3456 οὖν
2598 3404 2736 3472 αὑτὴ
2774 3405 3010 3471 γίνεται,
3051 3407 3146 3457 καὶ
3172 3400 3262 3459 οία
3293 3408 3480 3479 μήτηρ
3515 3426 3654 3462 παι-

2055 3493 2340 3562 δοτροφεῖν
2366 3492 2764 3560 ἀναγκάζεται,
2796 3494 3034 3562 γάλακτι
3059 3495 3158 3565 μὲν
3180 3495 3489 3566 προϐάτων,
3520 3497 3653 3550 ἐπεὶ

2061 3587 2134 3657 μὴ
2163 3587 2336 3649 ἄλλως
2353 3581 2489 3656 εἶχε,
2509 3587 2566 3638 τὸ
2589 3587 2832 3653 νεογενὲς
2851 3588 3257 3660 ἀποτρέφουσα,
3287 3589 3410 3660 ἔρια
3435 3590 3509 3653 δὲ,
3540 3593 3650 3642 κά-

2058 3682 2216 3732 κεῖνα
2248 3679 2404 3751 παρὰ
2447 3678 2556 3731 τῶν
2593 3680 2869 3749 ποιμένων
2903 3680 3130 3734 αἰτοῦσα
3151 3721 3166 3746 ,
3199 3683 3298 3735 καὶ
3334 3685 3412 3746 εἰς
3452 3684 3648 3752 χρείαν

2057 3773 2278 3842 ἀμφίων
2342 3773 2516 3826 ταῦτα
2546 3775 2624 3844 τῷ
2657 3773 2810 3826 παιδὶ
2847 3773 3222 3842 σχεδιάζουσα.
3268 3775 3428 3828 Ἀλλὰ
3460 3775 3544 3837 τίς
3579 3775 3648 3830 ἂν

2060 3864 2155 3917 καὶ
2180 3864 2328 3936 ψυχὴ
2361 3865 2698 3936 παρεδέξατο
2723 3866 3034 3936 βαρυτάτην
3055 3867 3199 3920 οὕτω
3231 3871 3604 3936 συκοφαντίαν
3627 3885 3645 3934 ;

2062 3957 2198 4009 Ποία
2234 3956 2292 4008 δὲ
2331 3958 2424 4009 καὶ
2459 3959 2583 4027 χεὶρ
2621 3958 2722 4010 οὐκ
2767 3959 2834 4011 ἂν
2878 3957 3208 4028 ἐδυσχέρανε
3250 3960 3386 4029 πρὸς
3426 3959 3647 4031 ἐπαχθῆ

2060 4049 2318 4118 τοιαύτην
2359 4049 2668 4120 ὑπηρεσίαν
2696 4065 2711 4116 ;
2747 4050 2880 4119 Ἐτη
2912 4051 3022 4120 γὰρ
3055 4051 3197 4104 ἑπτὰ
3227 4052 3648 4122 παρετάθησαν,

2061 4141 2120 4194 ἐν
2165 4137 2248 4204 οἷς
2279 4140 2652 4210 ἐταλαιπώρει
2704 4143 2928 4209 γυναίου
2976 4142 3159 4211 φύσις,
3208 4137 3254 4196 ὦ
3289 4144 3424 4196 Θεοῦ
3465 4147 3648 4196 πάντα

2065 4232 2352 4303 βλέποντες
2402 4232 2692 4302 ὀφθαλμοὶ,
2745 4232 3000 4301 διαϐολὴν
3075 4236 3310 4303 ματαίαν
3372 4238 3652 4306 καταψευ-

2068 4324 2278 4389 σθεῖσα,
2313 4326 2405 4377 καὶ
2427 4325 2525 4394 τῆς
2551 4325 2718 4394 μονῆς
2737 4325 2840 4390 ἔξω
2860 4325 3138 4396 βληθεῖσα,
3162 4328 3258 4380 καὶ
3277 4329 3431 4382 οὐδὲν
3449 4331 3651 4400 μικρό-

2065 4416 2237 4484 ψυχόν
2268 4433 2319 4468 τι
2356 4417 2449 4469 καὶ
2483 4416 2710 4483 ἀγεννὲς
2768 4416 2798 4485 ἢ
2841 4416 3066 4486 ἔδρασεν
3100 4418 3131 4487 ἢ
3169 4419 3492 4486 ἐφθέγξατο,
3531 4422 3650 4475 ἀλλ’

378 4508 528 4579 fecit,
587 4525 679 4569 aut
747 4522 831 4569 est
888 4513 1108 4568 locuta:
1153 4513 1248 4566 sed
1318 4513 1438 4566 talis
1503 4513 1687 4582 probri
1757 4512 1953 4583 delegit

2062 4507 2234 4560 εἵλετο
2269 4505 2527 4575 τοιαύτης
2563 4507 2791 4575 ἀτιμίαν
2828 4507 3110 4579 αἰσχύνης,
3163 4511 3228 4562 ἶν’
3249 4513 3386 4582 ὅπερ
3422 4515 3653 4584 αἰσχρὸν

380 4607 759 4678 ignominiam,
801 4613 858 4660 ut
916 4605 1058 4674 quod
1120 4613 1278 4675 turpe
1339 4603 1468 4658 fecit
1508 4605 1714 4666 volens,
1777 4619 1966 4658 rursus

379 4697 689 4752 voluntario
745 4705 952 4768 tegeret
1004 4695 1295 4762 dedecore,
1356 4705 1410 4750 et
1444 4711 1580 4766 quos
1645 4711 1757 4749 non
1811 4695 1970 4749 latuit

381 4793 571 4844 oculos
645 4791 800 4860 prius
859 4789 1059 4843 malum
1122 4789 1349 4854 faciens,
1410 4789 1652 4858 placaret
1722 4804 1963 4842 rursus:

383 4898 478 4938 eos
524 4884 670 4937 solos
720 4882 929 4936 habens
981 4890 1171 4944 testes,
1211 4896 1334 4936 cum
1371 4880 1445 4933 rei
1493 4879 1750 4949 improba:
1798 4881 1964 4932 susti-

385 4986 544 5032 neret
591 4975 945 5029 calumniam.
993 4973 1148 5039 Quali
1212 4980 1393 5025 autem
1468 4970 1688 5023 vivendi
1755 4970 1964 5025 ratione

383 5066 642 5122 utebatur
715 5080 838 5118 cum
917 5064 1108 5118 aliis?
1181 5063 1261 5116 Illi
1338 5063 1483 5115 enim
1562 5051 1959 5114 nutrimentum

379 5165 541 5212 crant
610 5155 793 5209 herba:
848 5165 1112 5224 agrestes,
1168 5161 1329 5224 potus
1393 5159 1572 5204 autem
1625 5160 1742 5204 erat
1799 5141 1960 5219 aqua,

382 5263 504 5318 quae
539 5262 570 5300 e
645 5247 767 5300 lacu
827 5255 1105 5314 utcunque
1190 5245 1257 5299 ab
1311 5259 1372 5297 ea
1432 5241 1803 5304 hauriebatur,
1858 5241 1965 5297 nisi

384 5343 544 5398 malis
594 5341 798 5405 dicere,
857 5340 976 5408 ejus
1026 5339 1296 5410 lacrymae.
1355 5337 1571 5390 Nullum
1633 5334 1778 5389 enim
1847 5344 1964 5391 erat

386 5441 642 5502 tempus,-
683 5446 792 5500 quo
837 5446 913 5483 ea:
963 5445 1072 5482 non
1135 5428 1417 5482 effluerent
1474 5442 1536 5480 ex
1589 5426 1708 5494 ejus
1768 5427 1960 5492 oculis,

385 5525 519 5579 adeo
575 5533 632 5578 ut
678 5523 923 5577 l‘salmus
976 5521 1030 5576 in
1077 5535 1139 5575 ea
1190 5521 1555 5589 impleretur:
1601 5537 1616 5568 ι
1656 5515 1720 5571 Et
1775 5527 1959 5587 potum

386 5631 570 5669 meum
644 5631 766 5668 cum
840 5613 967 5666 fletu
1025 5611 1402 5665 miscebant".
1442 5629 1459 5661 ι
1504 5612 1596 5663 Sic
1653 5624 1782 5679 ergo
1837 5623 1960 5662 cum

391 5720 591 5773 corpus
645 5706 691 5759 ei
743 5706 1092 5774 liquesceret,
1142 5703 1604 5776 etnegligcrctur,
1635 5708 1791 5755 erant
1841 5700 1965 5772 qui-

468 5839 486 5870 '
526 5837 668 5893 Psal.
695 5855 767 5902 Cl,
803 5841 883 5894 l0.

2065 4596 2272 4667 ἔπραξε
2303 4596 2626 4669 βουλομένη,
2669 4598 2896 4670 ἑκουσίᾳ
2933 4601 3095 4653 πάλιν
3124 4604 3354 4675 αἰσχύνῃ
3403 4622 3656 4659 κατακα-

2064 4689 2231 4759 λύψῃ,
2293 4689 2388 4742 καὶ
2435 4687 2529 4751 οὓς
2582 4688 2684 4741 οὐκ
2760 4688 2951 4742 ἔλαθεν
3009 4692 3318 4761 ὀφθαλμοὺς
3379 4696 3654 4765 πρότερον

2063 4779 2123 4831 τὸ
2174 4780 2413 4849 πονηρὸν
2461 4781 2801 4849 πράττουσα,
2850 4781 3169 4856 θεραπεύσῃ
3216 4785 3402 4850 πάλιν,
3449 4787 3655 4856 μόνους

2064 4869 2263 4940 ἔχουσα
2325 4873 2614 4942 μάρτυρας
2667 4872 2907 4943 πονηροῦ
2958 4875 3652 4948 πράγμα.ος,ἀνεχομένη

2065 4964 2456 5031 συκοφαντίαν.
2509 4963 2607 5017 Οἴα
2664 4965 2720 5017 δὲ
2766 4966 2905 5035 μετὰ
2947 4967 3056 5019 τῶν
3093 4968 3267 5021 ἄλλων
3319 4970 3413 5022 καὶ
3466 4971 3654 5044 διαίτῃ

2063 5056 2306 5126 ὲχρῆτο;
2339 5055 2528 5126 Τροφὴ
2572 5057 2669 5125 μὲν
2707 5057 2815 5127 γὰρ
2859 5057 3044 5130 ἐκείνῃ
3079 5061 3138 5110 τὸ
3161 5061 3224 5113 ὲκ
3257 5061 3367 5112 τῶν
3413 5063 3656 5130 βοτανῶν

2065 5148 2190 5201 ὅσον
2231 5148 2424 5219 ἄρτον,
2452 5152 2617 5222 ποτὸν
2639 5151 2696 5202 δὲ
2729 5152 2788 5204 τὸ
2825 5153 2888 5205 ἐκ
2927 5155 3024 5220 τῆς
3061 5154 3257 5224 λίμνης
3294 5159 3657 5226 ἀμωσγέπως

2065 5241 2204 5312 αὐτῇ
2251 5229 2572 5310 ἀρυόμενον,
2634 5243 2684 5294 εί
2728 5242 2803 5310 μὴ
2844 5245 2938 5297 καὶ
2977 5246 3180 5312 μᾶλλον
3229 5250 3402 5310 είποις
3448 5251 3510 5300 τὺ
3548 5250 3656 5303 τῶν

2069 5329 2325 5404 δακρύων
2355 5350 2367 5361 ·
2404 5333 2504 5385 οὐκ
2534 5330 2601 5404 ἦν
2642 5335 2751 5404 γὰρ
2784 5337 2870 5388 ὅτε
2906 5338 3006 5390 οὐκ
3043 5339 3274 5410 ἀπέρρει
3309 5341 3514 5411 ταύτης
3541 5342 3656 5395 τῶν

2070 5421 2388 5491 ὀφθαλμῶν,
2418 5422 2490 5486 ῶς
2511 5424 2570 5474 τὸ
2599 5424 2708 5477 τῶν
2733 5425 2978 5493 Ψαλμῶν
3000 5429 3086 5480 ἐπ’
3117 5430 3251 5499 αὐτῇ
3283 5431 3650 5500 πληροῦσθαι·

2077 5515 2216 5567 (Καὶ
2255 5515 2314 5568 τὸ
2343 5515 2492 5584 πόμα
2523 5534 2622 5584 μου
2661 5517 2803 5585 μετὰ
2827 5518 3108 5589 κλαυθμοῦ
3137 5524 3423 5592 ἐκίρνων.»
3461 5525 3655 5592 Οὕτως

2069 5606 2162 5660 οὖν
2191 5606 2331 5677 αὐτῇ
2361 5607 2457 5659 τοῦ
2485 5607 2737 5678 σώματος
2765 5611 3094 5679 τηκομένου,
3130 5617 3222 5666 >αὶ
3256 5615 3469 5680 ἀμελῶς
3499 5619 3654 5687 έχον-

2068 5717 2181 5766 τος,
2232 5701 2278 5753 οἱ
2328 5700 2657 5774 μὲνθνυχες
2699 5704 2998 5774 ἐπιμήκεις
3044 5702 3205 5778 ἦσαν,
3242 5710 3335 5763 καί
3379 5727 3490 5764 τισι
3537 5714 3651 5769 τῶν
