3996 6444
256 359 365 430 681

1206 369 1384 432 VITA
1427 369 1488 430 S.
1529 369 1964 433 THEODORJE
2005 371 2598 438 ALEXANDRINIE.

3406 381 3514 450 632

255 471 620 545 ἁγριωτέρων
649 473 805 540 ζώων
848 476 1046 547 μᾶλλον
1071 477 1428 549 ἁρμόζοντες,
1455 479 1583 533 αἰδὲ
1611 479 1794 551 τρίχες
1819 520 1834 544 ,

1951 480 2064 534 clem
2116 496 2327 553 ungues
2386 483 2601 555 prolixi,
2657 494 2711 540 et
2762 485 3086 557 quibusdam
3145 491 3276 548 feris
3333 495 3524 556 bestiis

253 564 540 633 αὐχμηραί
563 582 622 617 τε
651 567 746 620 καὶ
766 567 970 634 λάσια,
991 571 1084 622 καὶ
1106 570 1296 636 δεινῶς
1316 572 1433 634 ταῖς
1457 570 1653 634 νάπαις
1674 587 1842 640 προσο

255 657 520 708 εοικυῖαν.
572 656 632 710 'H
682 657 802 726 ὄψις
835 659 891 711 δὲ
945 663 1011 731 τῇ
1053 663 1243 732 ἁμέσῳ
1271 662 1378 715 τῶν
1417 663 1656 732 ἡλιακῶν
1686 663 1843 716 ἀκτί-

253 764 361 798 νων
383 750 613 820 ὲπιῦολῇ
644 752 744 820 ἢδη
771 754 1194 822 κατοπτηθεῖσα,
1227 757 1362 826 πρὸς
1393 756 1454 808 τὸ
1507 755 1840 809 Αἰθιοπικῶ-

254 853 415 906 τερον
452 838 767 905 ἐμελαίνετο
791 859 804 873 ο
836 841 906 895 τὰ
957 842 1202 915 βλέφαρά
1241 861 1300 897 τε
1325 845 1586 916 ἠλλοίωτο
1623 849 1688 916 τῇ
1713 864 1870 902 συν--

256 927 396 995 τόνῳ
451 931 778 1004 κατανάγκη
833 933 934 1001 τῆς
967 935 1299 1005 ἀγρυπνίας,
1351 935 1446 990 καὶ
1475 939 1625 1006 ὅμως
1668 938 1840 1001 οὕτως

253 1017 674 1089 ἐγκαρτεροῦσα
690 1025 786 1075 καὶ
804 1024 993 1078 δεινῶν
1010 1027 1272 1098 ἐπαγωγῇ
1291 1027 1515 1100 τοιαύτῃ
1533 1029 1840 1082 παλαίουσα

255 1109 355 1161 καὶ
377 1113 599 1177 νιφὰσιν
625 1113 727 1166 οὐκ
748 1116 950 1186 ἀερίοις
977 1117 1140 1187 μόνον
1161 1157 1174 1182 ,
1199 1118 1335 1172 ἀλλὰ
1357 1121 1451 1172 atati.
1483 1123 1603 1184 ταῖς
1633 1123 1698 1174 ἐκ
1730 1119 1840 1173 τῶν

253 1203 590 1272 πειρασμῶν
629 1204 932 1278 βαλλομένη
957 1251 970 1272 ,
1007 1210 1131 1263 οὐδὲ
1167 1212 1302 1281 πρὸς
1335 1212 1508 1283 βραχῦ
1535 1213 1635 1282 τῆς
1674 1213 1840 1284 μονῆς

253 1291 564 1360 ἀποστῆναι
597 1295 894 1366 ἠνέσχετο,
930 1299 1064 1352 ἀλλὰ
1100 1300 1372 1370 διέμεινεν
1415 1303 1558 1358 οὕτω
1597 1305 1839 1374 καλύῆην

255 1383 581 1453 πηξαμένης
621 1387 756 1455 πρὸς
797 1387 872 1457 τῷ
915 1390 1159 1456 πυλῶνι,
1203 1396 1298 1446 καὶ
1335 1395 1507 1465 ήδὲως
1546 1396 1695 1465 αὐτῷ
1736 1414 1842 1450 πα-

259 1476 681 1546 ραρριπτείσθαι
713 1481 856 1533 κατὰ
885 1481 974 1535 τὸν
1005 1485 1300 1555 Προφήτην
1329 1487 1658 1557 ἀνεχομένη.

328 1649 406 1704 II"
434 1653 522 1706 .Ti
544 1654 600 1707 δὲ
625 1657 787 1710 πάλιν
815 1659 842 1711 ό
860 1662 971 1722 τοῖς
995 1659 1220 1727 ἀγαθοῖς
1259 1664 1636 1734 ἀντικείμενος
1655 1683 1669 1732 ;
1691 1661 1840 1736 ’Ᾱρα

264 1744 534 1806 τοιούτοις
591 1748 762 1817 αὐτὴν
820 1750 1218 1805 καθυποὸαλὼν
1268 1759 1630 1826 πειρασμοῖς,
1678 1759 1838 1829 κόρον

1951 572 2124 644 magis
2178 587 2546 644 congruentes
2581 593 2596 640 ;
2635 579 2728 648 pili
2779 589 2958 636 autem
3013 583 3161 639 densi
3203 596 3260 642 et
3291 590 3523 656 sordidi,

1952 673 2004 716 et
2039 665 2190 719 valde
2223 667 2430 720 similes
2459 668 2711 723 saltibus.
2747 671 2947 746 'Vultus
2993 685 3194 740 autem,
3234 692 3524 751 propterea

1948 757 2094 825 quod
2160 758 2308 811 nulla
2363 775 2420 814 re
2480 761 2852 819 intercedente
2918 781 3040 819 eum
3101 769 3328 826 ferirent
3388 775 3525 831 radii

1948 847 2103 914 solis,
2155 849 2268 919 jam
2310 859 2506 914 tostus,
2550 852 2824 924 .‘Etbiopis
2862 856 3032 912 instar
3063 860 3216 931 niger
3255 876 3524 934 evaserat,

1948 945 2004 992 et
2055 948 2264 996 mutata
2326 952 2484 997 erant
2551 946 2840 1014 supercilia
2913 947 3126 1004 intensa
3201 957 3527 1013 necessitate

1947 1030 2273 1105 vigiliarum.
2333 1034 2399 1087 Et
2453 1043 2632 1089 tamen
2694 1037 2773 1091 sic
2831 1054 3214 1108 perseverans,
3284 1055 3340 1100 et
3397 1062 3523 1102 cum

1949 1123 2107 1177 malis
2159 1139 2279 1192 quae
2337 1124 2764 1190 intentabantur,
2825 1130 2902 1184 sic
2956 1133 3164 1188 luctans
3198 1144 3254 1190 et
3311 1139 3528 1195 nivibus

1945 1226 2056 1266 non
2103 1214 2247 1268 aeris
2298 1214 2495 1280 solum,
2539 1217 2636 1272 sed
2690 1219 2854 1273 etiam
2904 1225 3265 1280 tentationum
3313 1226 3526 1292 vexata,

1949 1316 2018 1355 ne
2077 1301 2347 1357 tantillum
2407 1304 2626 1373 quidem
2683 1310 2945 1362 sustinuit
2989 1311 3275 1370 discedere
3321 1331 3352 1370 a
3411 1333 3528 1373 mo-

1948 1391 2225 1458 nasterio,
2287 1393 2382 1448 sed
2453 1394 2532 1448 sic
2609 1401 2917 1466 permansit
2986 1404 3199 1472 tugurio
3277 1405 3384 1461 ﬁxo
3468 1409 3524 1462 in

1947 1482 2239 1549 vestibulo,
2289 1493 2344 1539 et
2386 1485 2620 1540 libenter
2672 1487 2725 1541 in
2777 1504 2843 1544 eo
2906 1491 3069 1562 abjici
3115 1496 3211 1566 (ut
3263 1497 3340 1551 ait
3399 1497 3531 1555 Pro-

1947 1570 2132 1642 pheta)
2172 1577 2468 1631 sustinens.

2020 1662 2156 1718 XIII.
2190 1665 2332 1730 Quid
2379 1674 2561 1723 autem
2598 1685 2784 1726 rursus
2814 1672 3082 1728 bonorum
3138 1677 3531 1738 adversarius?

1950 1747 2113 1814 Num,
2177 1767 2301 1805 cum
2344 1769 2465 1809 eam
2542 1757 2593 1810 in
2649 1759 2785 1812 tales
2843 1761 3120 1829 injecisset
3183 1770 3526 1838 tentationes,

255 1834 382 1904 ῑσχε
421 1837 530 1890 τῶν
566 1841 884 1908 προσϐολῶν
911 1885 925 1910 ,
965 1845 1057 1898 καὶ
1086 1845 1258 1898 ταῦτα
1293 1846 1621 1918 νικώμενος;
1660 1849 1838 1920 Οὕμεο

1951 1839 2089 1892 .llum
2122 1841 2270 1909 cepit
2332 1857 2453 1896 eam
2505 1845 2799 1902 invadendi
2861 1851 3103 1918 satietas,
3163 1855 3326 1925 idque
3398 1875 3525 1916 cum

255 1943 405 1993 νουν,
433 1929 548 1982 ἀλλ’
583 1932 676 1984 ἐπὶ
702 1935 820 1996 ταῖς
864 1937 1264 2005 προλαόούσαις
1297 1941 1392 1993 καὶ
1417 1942 1621 2011 ταύτην
1653 1946 1836 1995 ἐπιτε-

255 2017 537 2086 χνάζεται.
566 2021 676 2092 Τὴν
704 2027 814 2094 γὰρ
844 2028 1060 2096 μορφὴν
1084 2027 1178 2081 τοῦ
1203 2028 1395 2100 ἀνδρὸς
1424 2031 1593 2100 αὐτῆς
1617 2033 1839 2098 ὑποδὺς,

255 2110 355 2161 καὶ
389 2109 484 2161 ὑπ’
519 2111 639 2180 bal/tv
677 2115 815 2185 αὐτῇ
854 2118 1145 2186 παραστὰς
1189 2117 1404 2189 δάκρυά
1432 2139 1490 2174 τε
1537 2121 1683 2190 ἀφίει
1731 2123 1841 2177 τῶν

253 2194 552 2266 ὀφθαλμῶν
595 2202 689 2256 καὶ
730 2203 908 2271 λόγοις
948 2207 1150 2277 ἐχρῆτο
1191 2204 1273 2273 οἷς
1311 2210 1378 2264 ἂν
1413 2211 1554 2281 ἀνὴρ
1587 2211 1840 2267 σύνευνον

256 2289 588 2362 φιλουμένην
608 2295 831 2364 ὑπάγων
847 2300 1132 2369 χρήσαιτο·
1154 2303 1420 2374 φωστῆρα
1447 2305 1622 2371 λέγων
1646 2307 1839 2374 αὐτὴν,

256 2379 600 2451 ἁγαλλέαμα,
625 2385 841 2456 ἡδονὴν,
875 2389 985 2443 τῶν
1014 2390 1309 2459 ὀφθαλμῶν
1334 2394 1472 2462 φῶς,
1500 2395 1606 2448 τῶν
1637 2397 1840 2450 ὀδυνῶν

201 2453 214 2466 ’
257 2453 655 2546 παρηγόρημα,
675 2453 791 2542 καὶ,
813 2480 1005 2550 Δεῦρο,
1040 2453 1226 2554 (puniri,
1259 2480 1304 2538 ὦ
1332 2453 1518 2557 κυρία,
1551 2488 1608 2540 τὸ
1635 2489 1726 2542 ἐπὶ
1753 2489 1837 2544 σοὶ

253 2563 345 2620 διὰ
378 2570 652 2621 τοσούτων
684 2572 897 2641 χρόνων
926 2575 1148 2646 ἐπίσχες
1174 2593 1266 2644 μοι
1307 2578 1507 2642 πένθος
1533 2620 1545 2643 ,
1577 2583 1670 2632 καὶ
1702 2581 1839 2653 πρὸς

255 2657 347 2709 τὸν
397 2659 531 2712 ίδιον
572 2660 728 2726 αὖθις
760 2659 912 2717 οίκον
944 2666 1264 2722 ἐπανελθεῖν
1299 2671 1708 2743 προθυμήθητι.
1753 2674 1841 2738 Ὡς

251 2747 309 2800 δὲ
354 2748 538 2820 ἐκείνη
576 2753 664 2803 τὸν
698 2751 868 2826 ἄνδρα
899 2751 1040 2809 εἶναι
1085 2761 1205 2819 ταῖς
1237 2760 1522 2830 ἀληθείαις
1557 2763 1796 2817 ὑπέλαϐε
1823 2802 1839 2829 ,

252 2841 516 2911 τοιαύτην
572 2843 742 2896 ἔδωκε
784 2845 883 2916 τὴν
931 2848 1248 2920 ἀπόκρισιν,
1298 2855 1366 2923 ἣν
1408 2852 1578 2923 ὲχρῆν
1633 2854 1841 2908 ἐκεῖνον

255 2932 521 2999 ἀκοῦσαι,
553 2938 600 2988 εί
639 2937 774 3008 ὅπερ
810 2938 1111 3010 ὑπείληπτο
1139 2942 1300 2995 τοῦτο
1327 2939 1396 3015 ἦν
1423 2984 1437 3004 .
1473 2946 1567 2998 καὶ
1596 2948 1672 3016 μὴ
1705 2946 1840 3015 φάν-

257 3042 444 3098 τασμα
475 3028 536 3079 τὸ
561 3026 858 3098 ὁρώμενον.
897 3029 1040 3100 Ἐγὼ
1061 3036 1174 3096 τοῖς
1224 3034 1317 3088 τοῦ
1353 3037 1557 3105 κόσμου
1591 3039 1842 3108 ματαίοις

257 3118 672 3190 ἀποταξαμένη,
705 3122 981 3186 ἀδυνάτως
1008 3124 1116 3195 ἔχω
1140 3128 1253 3190 τοῖς
1280 3128 1491 3182 ἐκείνου
1519 3131 1679 3185 πάλιν
1702 3149 1843 3203 συμ-

1946 1931 2310 1986 vinceretur?
2341 1932 2719 2006 Nequaquam,
2755 1941 2850 1994 sed
2888 1953 3086 2012 praeter
3118 1960 3182 2000 ea
3231 1963 3350 2017 quae
3391 1966 3530 2020 prm-

1945 2033 2244 2088 cesserant,
2281 2026 2386 2079 hoc
2418 2042 2638 2097 quoque
2682 2041 2768 2085 est
2801 2033 3163 2092 machinatus.
3205 2037 3333 2109 Ejus
3378 2043 3524 2096 enim

1943 2111 2124 2165 mariti
2215 2112 2445 2168 formam
2537 2117 2865 2186 suSi-ipiens,
2926 2122 3092 2175 etin
3173 2137 3527 2196 conspectum

1943 2202 2064 2271 ejus
2103 2204 2354 2268 veniens,
2391 2207 2662 2278 lacrymas
2699 2210 2986 2266 emittebat
3029 2228 3095 2267 ex
3144 2217 3339 2281 oculis,
3375 2229 3430 2274 et
3460 2220 3528 2275 iis

1945 2293 2127 2347 verbis
2181 2295 2460 2359 utebatur,
2513 2299 2714 2368 quibus
2773 2317 2906 2357 usus
2967 2302 3134 2360 fuerit
3195 2311 3423 2363 maritus
3461 2313 3530 2364 ad

1943 2382 2166 2438 cbaram
2231 2401 2384 2442 suam
2463 2391 2734 2446 accedens
2793 2397 3102 2465 conjugem,
3159 2413 3278 2453 eam
3339 2402 3530 2458 dicens

1945 2488 2107 2529 suum
2148 2475 2436 2543 luminare,
2473 2482 2920 2550 exsultationem,
2961 2487 3318 2556 voluptatem,
3351 2491 3528 2548 lucem

1943 2566 2250 2633 oculorum,
2294 2570 2546 2625 solatium
2608 2575 2874 2651 malorum
2907 2593 2922 2642 ;
2955 2584 3008 2629 et
3043 2593 3058 2629 :
3090 2579 3225 2647 Age,
3260 2581 3458 2650 lnquit,
3494 2598 3529 2636 ο

1945 2657 2187 2724 domina,
2227 2659 2364 2715 siste
2395 2663 2528 2715 mihi
2563 2663 2770 2719 luctum
2827 2675 2906 2721 tot
2939 2682 3217 2722 annorum
3253 2681 3340 2725 tua
3365 2688 3531 2731 causa

1945 2758 2286 2820 susceptum,
2331 2763 2696 2824 promptuque
2739 2766 2793 2811 et
2850 2759 3014 2814 alacri
3065 2761 3248 2816 animo
3301 2765 3525 2823 domum

1915 2840 2246 2899 'revertere.
2305 2843 2444 2899 Cum
2501 2854 2683 2902 autem
2739 2849 2826 2904 illa
2885 2862 3100 2922 putaret
3175 2870 3363 2911 revera
3412 2874 3534 2915 esse

1945 2933 2226 2998 maritum,
2265 2934 2320 2990 id
2373 2937 2525 2992 dedit
2564 2943 2835 3008 responsi,
2887 2943 3032 3012 quod
3057 2944 3206 2998 illum
3248 2950 3529 3017 oportuis-

1945 3034 2030 3079 set
2059 3026 2272 3093 audire,
2307 3029 2354 3082 si
2395 3029 2449 3083 id
2476 3029 2668 3085 fuisset
2709 3033 2854 3102 quod
2880 3035 3196 3103 putabatur,
3225 3047 3279 3090 et
3308 3054 3418 3095 non
3447 3041 3533 3094 vi-

1949 3130 2095 3181 sum,
2123 3121 2266 3188 quod
2300 3121 2666 3176 cernebatur:
2697 3124 2830 3195 Ego,
2854 3125 3065 3192 dicens,
3100 3127 3189 3196 qui
3221 3133 3531 3188 renuntiavi

257 3209 564 3282 φύρεσθαι·
602 3213 717 3276 πῶς
744 3213 799 3267 δὲ
842 3215 937 3267 καὶ
974 3220 1245 3270 συνοικεῖν
1293 3235 1376 3270 σοι
1417 3223 1837 3277 καταναιδεύσο·

1953 3209 2110 3263 vanis
2153 3211 2316 3266 rebus
2343 3213 2507 3282 hujus
2543 3216 2756 3279 mundi,
2790 3233 2899 3272 non
2928 3234 3148 3288 possum
3186 3237 3374 3277 rursus
3405 3239 3531 3279 cum

260 3319 387 3374 μαι,
420 3305 453 3374 ἡ
485 3303 688 3375 ταύτην
729 3306 899 3376 μόνην
934 3305 1134 3378 ἔχουσα
1163 3309 1259 3381 τῆς
1294 3312 1472 3382 φυγῆς
1497 3314 1679 3368 αἰτίαν
1701 3357 1716 3381 ,
1746 3315 1846 3387 τὴν

263 3398 348 3458 εὶς
373 3397 430 3448 σὲ
456 3397 795 3466 πραχθεῖσάν
820 3415 910 3469 μοι
936 3400 1252 3471 ἀμαρτίαν;
1278 3403 1384 3457 Καὶ
1411 3405 1484 3468 ὡς
1512 3407 1592 3468 είς
1619 3408 1844 3480 μνήμην

261 3489 491 3542 ἐκείνων
529 3485 686 3561 ἦλθε,
733 3491 830 3544 καὶ
876 3492 974 3554 τὰς
1022 3495 1208 3564 χεῖρας
1250 3495 1330 3558 είς
1374 3496 1605 3566 οὐρανὸν
1644 3501 1844 3569 ἐπῆρε,

258 3582 389 3654 ὃλην
439 3583 644 3654 ἑαυτὴν
694 3585 772 3646 είς
821 3583 985 3654 εὐχὴν
1029 3584 1300 3655 τρέψασα,
1345 3582 1415 3658 ἦν
1459 3589 1667 3643 ἐκεῖνον
1718 3592 1847 3645 ἰδεῖν

262 3678 412 3745 φυγῇ
453 3677 763 3744 χρώμενον,
799 3677 893 3730 καὶ
945 3677 1082 3749 μηδὲ
1112 3678 1174 3731 τὸ
1201 3681 1499 3752 πρόσχημα
1539 3683 1638 3752 τῆς
1679 3683 1842 3754 εὐχῆς

258 3768 561 3836 δυνάμενον
597 3768 938 3839 ὑποστῆναι’
984 3773 1079 3823 καὶ
1126 3774 1250 3824 τότε
1301 3771 1541 3838 ἔγνωστο
1573 3777 1640 3845 τῇ
1681 3777 1804 3847 ὁσία
1830 3817 1844 3840 ,

259 3865 343 3924 τίς
373 3865 400 3915 ό
429 3861 770 3930 προσελθὼν,
807 3863 900 3916 καὶ
932 3864 963 3934 ἡ
993 3865 1110 3917 κατ’
1135 3865 1306 3934 αὐτῆς
1334 3864 1566 3930 ἐκείνου,
1595 3867 1847 3938 πολυμή-

259 3970 424 4022 χανος
459 3955 698 4025 συσκευὴ
711 3996 723 4010 .

337 4204 433 4256 IA'.
469 4203 694 4256 Ἀλλοτε
712 4203 768 4258 δὲ
795 4205 958 4258 πάλιν
982 4207 1048 4258 τὰ
1075 4205 1240 4294 θηρία
1264 4205 1401 4276 ὁμοῦ
1427 4205 1626 4271 πάντα,
1659 4208 1758 4260 ὅσα
1790 4225 1849 4260 τε

263 4292 544 4346 θάλασσαν
584 4296 678 4347 καὶ
722 4295 822 4348 ὅσα
868 4295 974 4365 γῆν
997 4292 1265 4360 κατοικεῖ,
1307 4297 1482 4351 ἐδόκει
1510 4297 1630 4351 κατ’
1678 4298 1852 4368 αὐτῆς

263 4389 482 4443 ἐπιέναι
503 4405 518 4420 ·
554 4389 614 4441 τὸ
645 4389 702 4442 δὲ
740 4389 838 4460 ούχ
871 4389 1044 4453 οὕτως
1073 4387 1160 4458 ἦν,
1199 4390 1316 4444 ἀλλ’
1345 4390 1486 4445 αὐτὰ
1518 4393 1618 4460 τῆς
1647 4391 1848 4457 κακίας

1949 3299 2054 3355 illis
2093 3304 2375 3373 congredi.
2413 3305 2701 3371 Quomodo
2752 3317 2936 3364 autem
2974 3319 3123 3364 tanta
3172 3321 3364 3380 potero
3414 3331 3535 3370 esse

1948 3391 2311 3460 impudentia,
2347 3407 2407 3449 ut
2435 3404 2615 3452 tecum
2650 3399 2912 3465 habitem,
2940 3403 3025 3456 cui
3061 3403 3172 3456 sola
3204 3403 3340 3476 fuga:
3369 3422 3537 3462 causa

1949 3479 2048 3534 fuit
2092 3497 2120 3535 a
2153 3499 2238 3537 me
2271 3485 2474 3540 factum
2520 3488 2576 3540 in
2609 3498 2663 3542 te
2697 3502 2982 3558 peccatum
3017 3492 3199 3548 ?Cuin
3233 3504 3416 3550 autem
3444 3497 3537 3552 illa

1949 3586 2136 3626 eorum
2188 3576 2494 3642 recordata,
2549 3593 2748 3634 manus
2799 3580 2854 3634 in
2927 3583 3125 3638 caelum
3202 3588 3532 3654 sustulisset,

1950 3678 2011 3715 se
2077 3672 2243 3726 totam
2308 3666 2376 3720 ad
2464 3683 2658 3737 preces
2713 3680 3068 3738 convertens,
3122 3675 3322 3731 licebat
3383 3680 3536 3734 illum

1951 3753 2142 3807 videre
2179 3753 2503 3825 fugientem,
2543 3768 2598 3813 ct
2646 3775 2750 3815 nec
2788 3761 3064 3818 valcntem
3123 3766 3339 3835 quidem
3391 3760 3540 3822 ferre

1951 3846 2184 3914 speciem
2235 3849 2522 3904 arationis.
2573 3849 2640 3906 Et
2674 3863 2805 3908 tunc
2855 3857 3112 3926 cognovit
3147 3868 3334 3913 sancta
3385 3861 3538 3929 quis-

1951 3950 2074 3990 nam
2143 3938 2187 3991 is
2245 3949 2412 4005 esset,
2477 3941 2570 4010 qui
2620 3955 2953 4008 accesserat,
3014 3957 3070 4002 et
3133 3963 3296 4018 quam
3348 3962 3538 4006 essent

1955 4028 2284 4099 multiplices
2333 4031 2454 4100 ejus
2495 4032 2549 4087 in
2605 4034 2750 4089 illam
2801 4037 3034 4104 insidias,
3078 4049 3132 4094 et
3175 4056 3337 4110 quam
3387 4045 3537 4101 varia

1953 4119 2306 4174 machinatio.

2027 4208 2170 4264 XIV.
2225 4210 2440 4268 Rursus
2500 4224 2686 4271 autem
2743 4219 3040 4289 aliquando
3111 4239 3305 4280 omnes
3377 4227 3538 4283 sim-il

1953 4300 2161 4366 bestiae,
2197 4311 2306 4356 tam
2335 4318 2459 4368 quae
2516 4305 2767 4364 habitant
2807 4310 2860 4364 in
2918 4313 3079 4380 mari,
3122 4331 3284 4384 quam
3319 4333 3440 4389 quae
3481 4321 3539 4374 in

1961 4402 2128 4455 terra,
2192 4393 2525 4451 videbantur
2574 4413 2694 4453 eam
2755 4402 3061 4471 invadere;
3116 4421 3305 4463 revera
3356 4419 3539 4466 autem

265 4481 410 4550 φημὶ
443 4481 510 4532 τὰ
545 4481 836 4552 πνεύματα
857 4521 872 4548 ,
900 4483 1000 4552 τὴν
1035 4482 1262 4535 ἐκείνων
1307 4483 1678 4554 ὑποκριθέντα
1713 4500 1845 4555 μορ-

1957 4499 2069 4538 non
2105 4484 2183 4538 ita
2215 4493 2358 4553 erat,
2394 4487 2490 4542 sed
2534 4500 2693 4545 erant
2738 4493 2964 4563 spiritus
3004 4497 3244 4562 malitizn,
3278 4503 3370 4571 qui
3425 4502 3538 4557 for-

265 4577 394 4642 φήν.
421 4572 742 4642 Ἀνθρωπος
764 4573 820 4626 δὲ
844 4574 1054 4637 τούτοις
1080 4573 1503 4646 ἐπιφαινόμενος
1527 4576 1850 4646 ἐπιδραμεῖν
1881 4572 1902 4584 ’⁷

262 4671 329 4737 τῇ
355 4666 502 4736 όσίει,
523 4667 616 4719 καὶ
641 4667 986 4736 καταφαγεῖν
1010 4667 1218 4736 ταύτην
1240 4667 1603 4732 ἑνεκελεύετο,
1635 4668 1850 4737 Ἐκείνη

263 4759 318 4813 δὲ
340 4760 415 4822 ὼς
441 4759 590 4829 ὅπλῳ
619 4759 693 4828 τῷ
725 4759 997 4830 Δαυῖτικῷ
1030 4759 1237 4831 ᾄσματι
1264 4761 1609 4831 χρησαμένη,
1643 4759 1718 4822 ὡς
1751 4765 1850 4829 μό-

265 4866 353 4903 νον
398 4850 528 4917 ἔφη,
559 4846 960 4913 Κυκλώσαντες
989 4849 1312 4903 ὲκύκλωσάν
1351 4867 1440 4918 με,
1496 4852 1593 4904 καὶ
1625 4850 1702 4920 τῷ
1731 4850 1851 4903 ὀνό-

265 4957 398 5009 ματι
421 4940 631 5011 Κυρίου
671 4942 972 5011 ⁴ίγμυνιῑιμην
1013 4940 1248 5003 αὐτούς’
1296 4941 1455 5005 εὐθὺς
1494 4945 1573 5006 εἰς
1615 4943 1757 5013 ἀέρα
1794 4941 1855 4995 τὸ

263 5036 560 5103 φάντασμα
598 5033 872 5086 διελύετοο
905 5033 1204 5102 προϐάλλει
1232 5035 1326 5086 καὶ
1368 5033 1566 5105 ἑτέραν
1597 5036 1793 5104 πεῖραν
1824 5037 1854 5087 ὁ

264 5123 532 5195 Πονηρὸς.
583 5122 754 5177 Πάλιν
788 5122 896 5193 γὰρ
947 5123 1178 5194 στρατὸς
1230 5125 1369 5194 αὐτῇ
1421 5123 1850 5194 πολυάνθρωπος

266 5217 607 5286 καθεωρᾶτο,
641 5215 737 5269 καὶ
773 5217 800 5268 ὁ
841 5214 1026 5284 ἄρχων
1063 5215 1292 5279 τούτων,
1321 5215 1463 5286 μετὰ
1511 5215 1708 5270 πολλοῦ
1755 5217 1850 5270 τοῦ

262 5308 530 5380 πλήθους,
561 5306 810 5378 σοὸαρώς
841 5307 1242 5378 πορευόμενος*
1274 5301 1318 5377 ᾧ
1351 5310 1448 5362 καὶ
1476 5309 1577 5380 τὴν
1609 5308 1852 5380 προσιιιύ⁴

262 5418 418 5470 νησιν
442 5402 742 5471 ἀπονέμειν
771 5401 820 5453 οἱ
843 5400 1290 5471 λειτουργοῦντες
1318 5402 1640 5459 ὲπέταττον.
1666 5405 1852 5474 Αὐτῆς,

261 5493 316 5547 δὲ
345 5494 482 5547 Θεὸν
513 5493 677 5563 μόνον
705 5491 966 5562 εἰπούσης
995 5493 1106 5546 δεῖν
1133 5495 1483 5564 προσκυνεῖν,
1514 5494 1732 5565 πληγὰς
1760 5498 1848 5550 ἐν·

261 5589 432 5644 τεῖναι
464 5585 640 5658 ταύτῃ
664 5587 692 5638 ὁ
715 5584 878 5654 δῆθεν
911 5584 1094 5655 ἄρχων
1125 5585 1468 5640 διεκελεύετο
1491 5627 1506 5655 ,
1541 5589 1638 5642 καὶ
1664 5589 1724 5641 τὸ
1754 5605 1848 5642 κε-

367 5774 388 5802 ι
420 5769 565 5822 Psal.
603 5781 828 5832 Lxmn,
867 5768 952 5821 Il.

676 5868 927 5925 [’A't‘not.
998 5861 1116 5925 Gn.
1163 5862 1348 5927 CXV.

1954 4590 2098 4630 mam
2135 4575 2356 4632 illorum
2415 4579 2730 4637 induerant.
2792 4585 2923 4641 Post
2982 4589 3096 4643 haec
3137 4601 3318 4646 autem
3375 4595 3540 4651 homo

1953 4681 2241 4737 apparens,
2271 4668 2459 4738 jussus
2485 4681 2573 4726 est
2602 4674 2668 4727 ad
2711 4685 2956 4732 sanctam
2993 4695 3300 4749 accurrere,
3335 4695 3390 4740 et
3417 4702 3538 4743 eam

1953 4761 2235 4816 devorare.
2271 4761 2366 4816 Illa
2408 4779 2540 4819 vero
2573 4774 2831 4836 tanquam
2867 4771 3036 4826 armis
3093 4774 3347 4832 Davidico
3381 4790 3542 4835 utens

1955 4851 2196 4917 cantico,
2253 4862 2544 4924 postquam
2591 4857 2766 4911 solum
2830 4860 2966 4916 dixit
3009 4881 3024 4916 :
3072 4883 3090 4916 ι
3124 4866 3542 4926 Circumdantes

1954 4944 2440 5001 circumdederunt
2472 4961 2582 5011 me,
2616 4958 2672 5004 et
2708 4952 2934 5007 nomine
2980 4954 3198 5011 Domini
3227 4961 3376 5016 ultus
3418 4977 3541 5018 sum

1954 5034 2115 5101 eos‘,
2148 5055 2168 5089 ι
2222 5037 2399 5094 visum
2481 5039 2664 5094 statim
2723 5045 2970 5100 evanuit.
3015 5046 3214 5118 Objicit
3273 5052 3541 5126 malignus

1953 5129 2116 5184 aliam
2163 5146 2382 5201 quoque
2414 5135 2800 5190 tentationem.
2837 5133 3052 5195 Rursus
3098 5142 3244 5197 enim
3277 5148 3544 5203 cerneba-

1953 5233 2044 5278 tur
2088 5224 2158 5278 ab
2205 5241 2268 5278 ea
2319 5227 2512 5297 ingens
2549 5231 2846 5283 exercitus.
2900 5229 3030 5302 Ejus
3066 5243 3250 5290 autem
3290 5237 3544 5309 princeps

1951 5331 2076 5371 cum
2125 5331 2319 5390 magna
2358 5320 2710 5378 multitudine
2749 5325 2984 5393 superbe
3037 5327 3344 5394 incedebat,
3378 5346 3542 5401 quem

1954 5409 2174 5479 quidem
2218 5419 2280 5464 ut
2324 5411 2599 5478 adoraret,
2646 5414 2916 5483 jubebant
2965 5418 3085 5489 ejus
3115 5421 3373 5476 ministri.
3405 5421 3542 5478 Cum

1957 5499 2071 5569 ipsa
2105 5509 2288 5556 autem
2320 5500 2552 5558 dixisset
2581 5501 2753 5558 Deum
2804 5505 2982 5561 solum
3014 5522 3137 5563 esse
3181 5508 3544 5575 adorandum,

1953 5589 2120 5660 jussit
2179 5593 2439 5662 princeps
2493 5594 2542 5649 ei
2601 5595 2788 5669 plagas
2848 5598 3033 5672 inﬂigi.
3109 5601 3175 5656 Et
3233 5602 3419 5672 jussus
3476 5606 3544 5665 ad

3092 5875 3222 5943 '22
