3996 6440
430 360 539 424 683

1665 351 1946 415 MENSIS
1983 347 2452 412 SEPTEMBER.

3579 349 3689 414 6'4

433 471 688 527 effectum
746 477 833 523 est
887 466 1177 523 deductus.
1240 465 1295 520 ld
1353 464 1498 519 enim
1556 462 1909 518 declarabant
1959 466 2013 513 et

2123 456 2343 511 λευσθὶν
2369 457 2531 528 ἔργον
2549 450 2641 528 ἦν’
2664 457 2886 529 ἐδήλουν
2906 459 3017 531 γάρ
3038 458 3173 514 αἵτε
3198 459 3408 532 πληγαὶ
3430 464 3697 534 φαινόμε-

438 560 629 633 plaga,
663 572 783 628 quae
816 554 1178 625 apparebant,
1234 563 1291 608 et
1326 553 1442 624 ipsa
1490 554 1603 607 visa
1653 560 1866 608 mortua
1917 549 2005 614 iis,

433 651 525 711 uni
609 652 956 718 aspexerant.
1034 642 1283 698 Fuerunt
1369 654 1554 699 autem
1628 641 1680 696 hi
1740 650 2007 712 pastores,

434 739 524 807 qui
552 736 771 791 iverunt
819 733 871 786 in
909 734 1325 798 monasterium,
1362 742 1419 787 et
1452 732 1705 787 dixerunt
1757 729 2010 785 Theodo-

436 842 555 881 rum
621 839 743 880 esse
809 815 1112 889 nTortuum,
1176 832 1233 877 et
1269 831 1527 893 oportere
1581 836 1713 877 eum
1749 821 2011 875 mandare

432 916 746 986 sepulturae.
779 913 887 968 Sed
930 916 1089 970 beata
1123 914 1236 977 illa,
1275 928 1402 968 cum
1436 912 1616 968 media
1644 901 1806 968 nocte
1847 911 1914 966 ad
1950 924 2011 964 se

434 1004 703 1064 rediisset,
753 1004 855 1057 sibi
905 1002 1215 1057 ascribebat
1257 1015 1502 1068 causam,
1532 1013 1589 1058 et
1618 1002 1671 1057 id
1698 1002 1841 1072 quod
1871 1002 2012 1056 acci-

433 1096 612 1159 derat,
668 1093 888 1149 dicebat
945 1107 1069 1148 esse
1118 1092 1203 1147 sui
1236 1092 1427 1147 delicti
1481 1093 1845 1163 disciplinam.
1875 1090 2011 1146 Cum

434 1203 494 1242 se
527 1201 655 1255 ergo
690 1185 982 1239 muniisset
1015 1185 1186 1239 armis
1216 1184 1510 1245 orationis,
1548 1183 1713 1254 petiit
1760 1182 2012 1237 inducias

443 1275 807 1329 tentationum
843 1292 858 1328 :
893 1274 939 1327 υ
976 1274 1118 1327 Deus
1150 1288 1324 1337 mens,
1365 1274 1577 1338 dicens,
1614 1273 1843 1328 Domine
1887 1271 2014 1324 uni-

433 1367 604 1430 versi,
646 1367 853 1421 oblitus
888 1365 995 1418 mei
1052 1365 1284 1435 peccati,
1343 1365 1513 1419 libera
1564 1379 1655 1419 me
1684 1364 1754 1418 ab
1810 1363 2014 1418 insultu

435 1458 662 1525 inimici,
694 1458 787 1527 qui
823 1467 917 1511 tuo
948 1456 1156 1512 invidet
1193 1456 1473 1528 ﬁgmento.
1500 1455 1637 1511 Cum
1673 1470 1794 1511 eam
1825 1463 2010 1510 autem

433 1561 750 1621 preczmtem
787 1550 1073 1613 vidissent,
1126 1549 1215 1618 qui
1249 1549 1360 1603 illic
1398 1558 1557 1603 erant
1595 1560 1864 1618 pastores,
1896 1561 2016 1617 qua:

433 1642 505 1695 ab
537 1642 619 1694 eis
648 1639 809 1709 paulo
836 1647 965 1693 ante
1001 1639 1114 1693 visa
1148 1647 1267 1693 erat
1317 1647 1553 1703 mortua,
1594 1639 1763 1694 Deum
1792 1638 2015 1709 quidem

433 1732 741 1794 laudarunt,
823 1730 1107 1786 monachis
1184 1740 1391 1796 autem,
1477 1730 1626 1801 quod
1701 1729 2013 1795 revixisset,

432 1824 860 1880 annuntiarunt.

505 1916 620 1972 XV.
658 1917 863 1971 Statuit
912 1931 1045 1972 vero
1095 1916 1387 1987 praefectus
1447 1916 1766 1972 monasterii
1825 1915 2008 1970 infan-

435 2019 544 2064 tem
614 2008 883 2079 recipere,
942 2018 1202 2079 reputans
1253 2025 1421 2079 quam
1491 2009 1755 2064 diuturna
1819 2008 2014 2064 fuisset

433 2109 641 2156 sanctae
675 2099 923 2155 alllictio.
964 2099 1085 2154 Non
1138 2101 1286 2154 enim
1345 2114 1465 2154 eam
1518 2115 1685 2171 parva
1747 2099 2015 2156 alliciebat

434 2192 686 2246 molestia
734 2206 928 2245 errans
979 2206 1118 2261 puer
1170 2206 1269 2261 per
1300 2206 1491 2260 aspera
1523 2192 1639 2247 loca
1677 2192 2010 2249 solitudinis.

435 2283 541 2338 Sed
571 2298 640 2337 ne
688 2284 767 2337 sic
806 2282 1026 2353 quidem
1080 2282 1292 2338 destitit
1341 2282 1513 2338 hostis
1560 2298 1680 2338 eam
1733 2285 2012 2351 invadere,

436 2372 549 2427 Deo
601 2372 683 2427 sic
732 2371 1103 2442 permittente,
1160 2370 1235 2425 uti
1272 2385 1335 2424 ea
1390 2369 1492 2424 sibi
1546 2370 1732 2439 plures
1784 2386 2015 2425 coronas

435 2470 772 2520 contexeret.
811 2463 870 2517 Ei
900 2462 1049 2517 enim
1081 2476 1272 2516 rursus
1302 2461 1477 2516 visum
1509 2470 1595 2516 est
1636 2477 1829 2515 aurqu
1862 2462 2011 2517 humi

438 2554 766 2624 projectum.
798 2552 1003 2606 Aderat
1051 2562 1236 2605 autem
1297 2566 1491 2622 magna
1545 2552 1786 2606 virorum
1827 2552 2014 2606 multi-

431 2646 587 2708 tudo,
619 2659 740 2715 quae
776 2644 910 2699 illud
944 2642 1253 2714 colligebat.
1290 2641 1346 2695 Id
1379 2656 1509 2697 vero
1547 2657 1655 2695 non
1688 2650 1807 2696 erat
1836 2641 2009 2708 aliud,

431 2749 594 2808 quam
646 2734 784 2788 visio
813 2731 1013 2786 inanis.
1047 2730 1182 2785 Nam
1219 2738 1279 2784 ut
1330 2744 1450 2783 eam
1490 2730 1666 2783 solum
1710 2728 2009 2798 deciperet,

429 2835 486 2882 et
515 2835 575 2880 ut
603 2839 798 2878 aurum
827 2830 1036 2876 ainaret
1065 2820 1326 2885 elliceret,
1358 2818 1412 2872 id
1450 2827 1623 2873 totum
1661 2826 1781 2872 erat
1811 2818 2014 2871 machi-

430 2925 614 2971 natus.
663 2914 784 2969 Non
832 2913 986 2968 multi
1018 2911 1137 2968 dies
1187 2911 1586 2982 praeterieram,
1636 2918 1692 2966 et
1729 2912 1779 2964 ei
1815 2923 2013 2963 rursus

384 3008 543 3069 _-visa
574 3015 660 3061 est
707 3006 902 3060 adesse
942 3018 1228 3059 servorum
1275 3002 1587 3071 multitudo,
1623 3002 1671 3056 ei
1714 3002 1770 3056 in
1818 3015 2013 3055 manus

433 3097 764 3153 tradentium
813 3096 1038 3150 obsonia
1098 3095 1251 3147 varie
1295 3094 1514 3148 condita
1568 3109 1689 3161 qua:
1735 3094 1782 3147 ei
1828 3092 2013 3147 dixit:

433 3190 539 3257 Qui
594 3186 688 3243 tibi
750 3186 934 3257 plagas
974 3184 1256 3256 imposuit,
1312 3184 1399 3238 bis
1458 3194 1510 3239 te
1540 3185 1709 3239 donat
1747 3182 2011 3238 obsoniis.

433 3283 567 3349 Qum
598 3278 817 3348 quidem
866 3278 922 3331 in
972 3275 1133 3340 nihil,
1187 3276 1333 3330 sicut
1373 3286 1556 3342 erant,
1586 3276 1856 3342 dissolvit,
1888 3290 2014 3330 cum

434 3390 493 3429 se
526 3373 794 3443 signasset
825 3369 949 3424 luce
980 3367 1164 3422 vultus
1204 3368 1438 3423 Domini.
1471 3368 1609 3423 Cum
1642 3386 1707 3423 ex
1753 3369 1838 3423 bis
1890 3384 2013 3423 eam

433 3466 664 3521 vidisset
716 3463 974 3516 invictam
1024 3461 1068 3515 is
1101 3461 1196 3530 qui
1244 3460 1484 3516 minatus
1532 3470 1652 3515 erat
1698 3477 1757 3515 se
1811 3469 2011 3515 terram

436 3569 493 3615 et
514 3573 665 3612 mare
711 3569 833 3610 esse
866 3554 1202 3617 dcleturum,
1251 3568 1490 3623 cumque
1535 3569 1601 3608 ex
1649 3553 1813 3613 bello.
1867 3554 2014 3621 quod

435 3654 703 3708 adversus
760 3659 881 3700 eam
934 3654 1198 3715 gesserat,
1269 3643 1481 3714 pudore
1548 3653 1701 3699 esset
1755 3643 2009 3709 allectus,

437 3744 629 3803 statuit
655 3738 964 3795 discedere.

509 3836 643 3895 XVI.
694 3835 831 3892 Cum
887 3841 1068 3889 autem
1138 3838 1345 3900 septem
1412 3828 1540 3884 anni
1597 3827 2011 3899 praeteriissent,

441 3932 695 3989 monachi
723 3932 924 3986 laurea:
963 3924 1095 3981 noni
1127 3921 1466 3984 monasterii.
1523 3921 1616 3991 qui
1670 3919 1801 3975 illati
1838 3919 2013 3989 stupri

440 4040 560 4078 eam
596 4027 1011 4079 accusaveraut,
1056 4028 1177 4069 eam
1207 4026 1330 4067 esse
1359 4010 1642 4064 mulierem
1678 4009 2015 4077 ignorantes,

439 4132 567 4173 cum
600 4113 857 4167 omnibus
889 4108 1166 4178 supplices
1224 4110 1419 4172 petunt
1470 4117 1499 4154 a
1536 4099 1793 4171 praefecto
1827 4114 2018 4152 mona-

439 4209 617 4275 sterii,
651 4215 713 4261 ut
761 4207 816 4259 in
852 4216 960 4271 quo
996 4201 1117 4254 loco
1151 4212 1214 4251 ca
1249 4195 1401 4264 prius
1439 4208 1497 4248 se
1547 4191 1859 4253 exercebat,
1894 4205 2014 4245 eam

440 4316 635 4361 rursus
678 4298 1014 4356 admitteret,
1046 4300 1099 4345 et
1154 4290 1385 4344 referret
1420 4287 1474 4339 in
1522 4299 1808 4339 numerum
1856 4292 2020 4338 caete-

441 4408 630 4455 rorum
690 4386 1111 4446 monachorum.
1182 4379 1328 4435 Satis
1398 4378 1569 4442 enim,
1620 4377 1859 4438 aiebant.
1918 4375 2021 4429 luit

2110 565 2235 612 ναι,
2270 550 2366 602 καὶ
2388 549 2533 620 ,αὐτὴ
2561 550 2730 620 νεκρά
2761 550 2957 615 δόξασα
3000 552 3112 615 τοῖς
3146 552 3499 623 θεασαμίνοις
3531 556 3693 625 (ποι-

2114 638 2272 708 μένες
2299 640 2357 695 δὲ
2385 636 2528 712 ἦσαν
2552 634 2742 710 οὗτοι),
2787 642 2837 694 οἳ
2871 640 2967 695 καὶ
2993 644 3049 696 ἐν
3076 645 3139 713 τῇ
3171 647 3306 715 μονῇ
3336 645 3633 700 ἀπελθόντε
3644 665 3694 711 ἑο

2112 726 2266 784 εἷπον
2307 731 2390 784 ὅτι
2420 732 2676 803 τεθνήκοι
2714 733 3011 804 Θεόδωρος,
3044 735 3139 787 καὶ
3175 735 3252 799 ὡς
3281 737 3455 808 ἐχρῆν
3502 738 3699 792 τοῦτον

2112 822 2342 888 ἀξιῶσαι
2370 823 2566 892 ταφῆς.
2617 824 2761 878 Ἀλλ’
2791 826 2825 896 ή
2853 827 3102 896 μακαρία
3135 830 3263 900 περὶ
3292 831 3465 899 μέσας
3490 830 3697 894 νύκτας

2117 912 2509 965 ἀνανενευκυία
2557 912 2722 984 ἑαυτῇ
2769 915 3047 984 ἔπὲγραφε
3103 918 3204 989 τὴν
3250 919 3451 979 αἰτίαν,
3487 922 3581 972 καὶ
3634 922 3700 972 τδ

2115 1001 2330 1070 συμϐὰν
2361 1002 2517 1069 ἔλεγε
2535 1001 2631 1054 τοῦ
2676 1005 2879 1058 οἰκείου
2908 1004 3395 1076 σφωματοςοεῖναι
3421 1009 3698 1063 παιδείαν.

2122 1093 2197 1144 Τὸ
2225 1092 2353 1156 γοῦν
2387 1093 2543 1164 ὅπλῳ
2569 1094 2668 1160 τῆς
2698 1095 2867 1166 εὐχῆς
2908 1098 3114 1168 ἑαυτὴν
3147 1101 3535 1171 περιφράξασα
3573 1103 3671 1155 ὲκε
3690 1132 3702 1142 ο

2114 1184 2325 1253 χειρίαν
2349 1184 2468 1255 ᾔτει
2496 1184 2606 1237 τῶν
2641 1188 2987 1257 πειρασμῶν,
3012 1189 3114 1243 Θεέ
3144 1207 3273 1259 μου,
3307 1191 3562 1259 λέγουσα,
3601 1193 3704 1245 καὶ

2115 1276 2362 1328 Δέσποτα
2397 1274 2492 1327 τοῦ
2533 1276 2772 1341 παντὸς,
2809 1277 2970 1348 ῥῦσαί
3017 1297 3082 1348 με
3110 1282 3217 1349 ’τῆς
3262 1283 3564 1351 ἐπαγωγῆς
3598 1281 3701 1334 τοῦ

2114 1364 2193 1433 τῷ
2238 1365 2316 1431 σῷ
2362 1365 2643 1431 πλάσματι
2684 1367 3099 1435 διαφθονοῦντος
3140 1369 3378 1441 ἐχθροῦ,
3418 1371 3519 1441 τῆς
3559 1372 3705 1441 ἐμῆς

2116 1454 2511 1525 ἐπιλαθόμενος
2555 1456 2859 1526 ἁμαρτίας.
2884 1458 3202 1529 Εὐχομένην
3246 1460 3304 1513 δὲ
3354 1463 3405 1514 oi
3434 1463 3553 1514 ἐκεῖ
3576 1479 3703 1515 ποι-

2120 1544 2298 1614 μένες,
2340 1546 2541 1611 ἰδόντες
2579 1548 2681 1618 τὴν
2730 1554 2837 1619 προ
2883 1550 3083 1619 μικροῦ
3142 1551 3345 1621 νεκρὰν
3387 1553 3571 1615 αὐτοῖς
3608 1571 3699 1606 νο·

2119 1636 2428 1706 μισθείσαν,
2460 1638 2540 1708 τῷ
2572 1638 2671 1707 μὲν
2706 1639 2825 1707 Θεῷ
2853 1640 3017 1708 δόξαν
3048 1641 3335 1713 ἀνέφερον,
3368 1646 3484 1707 τοῖς
3513 1644 3571 1698 δε
3597 1647 3700 1714 τῆς

2122 1729 2288 1801 μονῆς
2313 1729 2388 1793 ὡς
2418 1731 2732 1786 ἀναστᾶσαν
2760 1731 2923 1786 πάλιν
2943 1733 3386 1805 εὐηγγελίζοντο.

2185 1906 2289 1959 ιε’.
2333 1906 2557 1977 Ἐκρινε
2580 1905 2638 1959 δὲ
2672 1906 2767 1960 καὶ
2806 1905 2836 1958 δ
2864 1907 2963 1977 τῆς
3009 1908 3178 1977 μονῆς
3207 1906 3576 1979 ἐξηγούμενος
3596 1947 3613 1973 ,
3639 1910 3708 1963 τὸ

2117 1997 2329 2050 παιδίον
2354 1996 2643 2050 ἀναλαϐεῖν
2667 1998 3056 2070 ἀναμετρήσας
3079 1999 3180 2069 ὅση
3207 1999 3305 2052 καὶ
3334 1999 3485 2064 ὅπως
3508 2002 3708 2071 χρονία

2115 2088 2215 2158 τῆς
2264 2087 2418 2151 ὀπίας
2459 2090 2493 2161 ή
2541 2089 2911 2152 κακοπάθεια,
2958 2090 3056 2142 καὶ
3087 2089 3254 2143 τοῦτο
3301 2091 3479 2161 χαρᾶς
3526 2092 3707 2161 αὐτῆς

2116 2177 2320 2246 ἔπλησε
2374 2179 2474 2249 τὴν
2527 2178 2733 2249 ψυχήν.
2784 2180 2860 2234 Οὐ
2894 2180 3004 2250 γὰρ
3046 2183 3265 2251 μικροῖς
3300 2182 3469 2251 αὐτὴν
3508 2183 3705 2236 ἐλύπει

2114 2272 2228 2332 τοῖς
2258 2271 2483 2340 τραχέσι
2510 2271 2607 2339 τῆς
2635 2272 2851 2341 ἐρήμου
2876 2270 3391 2343 περιπλανώμενον,
3421 2273 3540 2326 ἀλλ’
3574 2275 3706 2328 οὐδὲ

2115 2359 2286 2422 οὕτως
2306 2361 2572 2428 ἀφίστατο
2599 2363 2696 2430 τῆς
2733 2361 3039 2433 προσϐολῆς
3068 2365 3097 2416 ὁ
3119 2363 3403 2433 πολέμιος,
3435 2364 3529 2418 τοῦ
3558 2365 3703 2419 Geo)
3766 2425 3772 2431 ,

2115 2451 2275 2503 τοῦτο
2300 2449 2783 2522 παραχωροῦντος,
2818 2452 2905 2505 ἵνα
2957 2458 3053 2505 καὶ
3080 2453 3336 2517 πλείονας
3359 2455 3499 2525 αὐτῇ
3527 2456 3704 2527 πλέξῃ

2115 2543 2242 2606 τοὺς
2268 2544 2589 2611 στεφάνους.
2628 2542 2870 2613 Ἐωρᾶτο
2888 2544 2997 2615 γὰρ
3020 2545 3158 2614 αὐτῇ
3190 2547 3412 2614 χρυσίον
3431 2547 3707 2617 ἐρριμμέ-

2114 2651 2205 2688 νον
2245 2635 2324 2697 είς
2355 2635 2481 2704 γῆν,
2532 2635 2735 2704 πλῆθος
2775 2652 2835 2687 τε
2884 2635 3145 2705 παρῆσαν
3187 2637 3398 2705 ἀνδρῶν
3448 2638 3499 2690 οἱ
3541 2637 3709 2691 τοῦτο

2120 2726 2327 2796 σπουδῇ
2361 2726 2672 2793 συνέλεγον.
2716 2726 2788 2779 Τὸ
2816 2726 2873 2779 δὲ
2910 2727 3060 2782 οὐδὲν
3089 2728 3274 2800 ἕτερον
3302 2724 3369 2800 ἦν
3421 2729 3455 2798 ἢ
3502 2746 3709 2797 φαντα-

2119 2816 2210 2870 σία
2231 2818 2387 2889 κενή.
2420 2819 2537 2871 Ἵνα
2571 2818 2681 2886 γάρ
2712 2820 2969 2891 ἀπατήσῃ
3014 2821 3212 2888 μόνον,
3251 2822 3345 2873 καὶ
3375 2820 3450 2885 ὡς
3482 2822 3708 2891 ἐρῶσαν

2116 2905 2270 2979 δείξῃ
2303 2908 2508 2979 χρυσοῦ
2530 2949 2544 2973 ,
2574 2909 2638 2962 τὸ
2659 2910 2769 2962 πᾶν
2799 2910 3295 2980 ἑσκαιώρησεν.οὐ
3326 2915 3522 2967 πολλαὶ
3555 2932 3709 2985 stop.

2118 2999 2281 3069 ἦλθον
2330 3001 2575 3070 ἡμέραι,
2647 3003 2744 3054 καὶ
2815 3001 2979 3056 πάλιν
3029 3003 3256 3057 οἰκετῶν
3305 3007 3442 3076 αὐτῇ
3493 3008 3709 3075 πλῆθος

2122 3090 2285 3162 ἐῴκει
2316 3091 2703 3160 παρίστασθαι,
2740 3092 2846 3163 ὄψα
2886 3094 3162 3162 φερόντων
3182 3096 3273 3148 ἐπὶ
3304 3100 3493 3167 χεῖρας
3525 3096 3713 3152 ποικί-

2124 3183 2232 3247 λως
2263 3184 2662 3253 ἐσκευασμένα,
2684 3185 2779 3238 καὶ
2823 3183 2883 3238 Ὀ
2910 3186 3007 3248 τὰς
3034 3186 3245 3256 πληγάς
3275 3203 3357 3241 σοι
3387 3189 3710 3259 ἐπενεγκὼι

2123 3276 2309 3345 ἄρχων
2327 3314 2342 3338 ,
2371 3276 2537 3346 φησὶ,
2570 3275 2784 3341 τούτοις
2815 3294 2874 3330 σε
2903 3277 3201 3343 δεξιοῦται,
3230 3278 3265 3333 ἀ
3308 3281 3405 3334 καὶ
3431 3283 3511 3345 είς
3548 3283 3710 3337 οὐδὲν

2123 3365 2313 3437 ῶσπερ
2341 3362 2483 3439 ἦσαν
2512 3366 2745 3432 διέλυσε,
2773 3368 2851 3439 τῷ
2877 3371 3015 3436 φωτὶ
3041 3370 3136 3422 τοῦ
3164 3372 3459 3441 προσώπου
3503 3375 3709 3445 κυρίου

2125 3456 2484 3528 σημειώσασα
2517 3458 2743 3528 ἑαυτήν.
2787 3458 2918 3512 Ἀπὸ
2959 3463 3165 3511 τούτων
3198 3460 3255 3511 τὸ
3282 3459 3493 3529 ἄμαχον
3526 3460 3711 3531 αὐτῆς

2127 3549 2253 3602 ἰδὼν
2287 3549 2383 3603 καὶ
2414 3549 2713 3619 ἀήττητον,
2750 3551 2781 3603 δ
2811 3550 2915 3620 γῆν
2953 3550 3047 3603 καὶ
3088 3552 3366 3606 Θάλασσαν
3396 3555 3709 3623 ἐξαλείφειν

2124 3640 2463 3713 ἠπειληκὼς,
2489 3640 2586 3695 τοῦ
2615 3642 2752 3712 προς
2781 3642 2951 3714 αὐτὴν
2974 3644 3218 3715 πολέμου
3248 3646 3513 3717 αἰσχύνην
3538 3648 3709 3718 ὀφλή-

2123 3748 2245 3795 σας.
2274 3733 2575 3803 ἀποστῆναι
2598 3733 2882 3801 διέγνωκε.

2195 3822 2314 3893 ις’.
2335 3826 2456 3880 Τῶν
2492 3826 2631 3881 ἑπτὰ
2660 3826 2717 3879 δὲ
2752 3828 3147 3895 διαγεγονότων
3180 3830 3335 3890 ἐτῶν,
3369 3831 3419 3884 oi
3448 3831 3547 3901 τῆς
3573 3831 3711 3885 λαύ-

2130 3931 2225 3986 ρας
2262 3914 2355 3968 τοῦ
2385 3915 2575 3970 ὲνάτου
2623 3916 2947 3984 μονάζοντες
2979 3918 3028 3971 οἳ
3063 3922 3157 3973 καὶ
3188 3921 3284 3991 τὴν
3312 3920 3411 3990 τῆς
3445 3923 3713 3991 πορνείας

2127 4008 2346 4078 γραφὴν
2398 4009 2689 4077 προσῆψαν
2731 4012 2797 4081 τῇ
2848 4013 3117 4082 μακαρίᾳ.
3165 4012 3227 4065 τὸ
3284 4015 3519 4081 γυναῖκα
3564 4012 3712 4069 εἶναι

2127 4097 2333 4168 ταύτην
2383 4098 2525 4168 μετὰ
2572 4100 2790 4153 πάντων
2826 4102 3180 4172 ἠγνοηκότες,
3233 4102 3409 4155 ίκέται
3460 4104 3714 4170 γίνονται

2128 4189 2224 4243 τοῦ
2280 4189 2380 4260 τῆς
2427 4189 2595 4261 μονῆς
2643 4192 3009 4259 προεστῶτος,
3036 4192 3164 4245 ἔνθα
3205 4194 3471 4264 πρότερον
3514 4195 3713 4267 ἔτυχεν

2138 4281 2479 4352 ἀσκουμένη,
2509 4281 2766 4346 δέξασθαί
2793 4299 2852 4335 τε
2882 4283 3045 4338 πάλιν
3073 4284 3264 4356 αὐτὴν,
3300 4288 3393 4339 καὶ
3423 4288 3501 4357 τῷ
3531 4287 3715 4359 λοιπῷ

2127 4372 2237 4425 τῶν
2259 4374 2603 4439 μοναζόντων
2619 4374 2991 4445 ἐναριθμῆσαι
3007 4376 3249 4446 τάγματι
3272 4392 3283 4405 ·
3299 4380 3578 4447 ἀρκοῦσαν
3598 4381 3712 4451 γὰρ

439 4501 653 4562 paruas,
686 4482 782 4554 qui
821 4488 974 4534 tanto
1004 4486 1251 4544 tempore
1285 4472 1391 4526 fuit
1419 4479 1571 4525 extra
1603 4469 2013 4532 monasterium,

2128 4461 2368 4530 ἔφασκον
2391 4501 2406 4526 ,
2442 4463 2612 4517 ἔδωκε
2640 4464 2817 4535 δίκην,
2849 4467 3201 4521 επιτοσοῦτον
3235 4468 3340 4535 ἔξω
3370 4470 3468 4539 τῆς
3498 4476 3709 4541 μονῆς,

440 4561 499 4637 et
547 4583 602 4636 in
637 4580 756 4648 ipso
808 4574 959 4629 aditu
1019 4578 1165 4624 totos
1228 4574 1440 4635 septem
1500 4577 1676 4617 annos
1732 4561 2012 4631 transegit.

442 4672 795 4746 Adjiciebant
847 4674 1056 4727 autem,
1094 4674 1196 4729 per
1227 4658 1471 4713 divinam
1532 4668 1751 4746 quoque
1790 4650 2020 4746 appari.

444 4741 651 4821 tionem
713 4759 815 4815 sibi
880 4755 1078 4809 factam
1149 4765 1272 4804 esse
1332 4748 1516 4809 iidem,
1574 4744 1718 4813 quod
1784 4742 1897 4811 jam
1949 4741 2022 4795 sit

435 4863 723 4927 peccatum
751 4847 1041 4903 remissum
1074 4840 1386 4896 Theodoro.
1416 4838 1656 4903 Quorum
1698 4833 1786 4887 ille
1815 4833 2017 4886 cedens

438 4924 714 5017 precibus,
767 4939 974 4993 relaxat
1006 4933 1351 4989 Theodoram
1386 4928 1456 4983 ab
1504 4928 1706 4996 injusta
1747 4924 1843 5017 illa
1883 4939 2020 5017 con-

441 5015 812 5097 demnatione,
846 5029 1048 5099 jubens
1076 5039 1198 5079 eam
1231 5022 1298 5076 de
1335 5030 1533 5075 οιειρτο
1566 5030 1785 5070 manere
1830 5016 1885 5070 in
1931 5015 2014 5070 in-

442 5133 574 5185 tima
616 5125 775 5187 cella,
816 5132 872 5177 et
899 5133 1178 5188 nunquam
1216 5112 1498 5186 progredi,
1528 5125 1709 5178 neque
1755 5109 1923 5161 ullum
1964 5107 2012 5161 ei

439 5217 709 5281 committi
748 5210 1114 5270 ministerium
1144 5202 1478 5262 monasterii.
1516 5201 1634 5255 Duo
1658 5200 1859 5256 deinde
1887 5199 2016 5252 anni

441 5310 842 5386 praeterieram,
891 5319 955 5357 ex
1005 5314 1117 5371 quo
1166 5314 1232 5353 ea
1265 5298 1345 5352 sic
1403 5294 1609 5365 majore
1659 5290 2017 5347 exercebatur

442 5382 878 5461 continentia-et
915 5389 1303 5447 intentioribus
1332 5387 1609 5458 precibus.
1647 5382 1855 5437 Deinde
1889 5395 2013 5434 cum

441 5508 559 5556 orta
588 5501 734 5548 esset
780 5486 1023 5548 siccitas,
1073 5491 1130 5538 et
1161 5482 1437 5543 cisternas.
1473 5493 1595 5549 quze
1622 5483 1782 5531 erant
1818 5474 1873 5527 in
1904 5487 2013 5526 cm-

440 5587 627 5648 nobio,
654 5575 1009 5636 ostenderent
1039 5589 1100 5629 se
1126 5589 1197 5630 ne
1224 5573 1513 5629 minimum
1546 5568 1765 5639 quidem
1807 5566 2012 5621 habere

440 5689 595 5742 aquae
645 5672 975 5725 humorem:
1018 5665 1278 5735 quoniam
1333 5674 1395 5719 et
1451 5664 1517 5718 iis
1564 5677 1685 5731 qua:
1744 5661 2012 5720 audierat,

435 5777 502 5823 et
558 5765 628 5820 iis
678 5773 799 5831 quae
859 5759 977 5829 ipse
1034 5758 1242 5812 viderat
1314 5755 1602 5827 pmkctus
1672 5753 2011 5815 monasterii,

2124 4558 2220 4609 καὶ
2262 4557 2395 4626 παρ’
2424 4555 2592 4625 αὐτὴν
2618 4555 2718 4628 τήν
2755 4556 2960 4611 εῑσοδον
2989 4558 3145 4622 ὅλους
3174 4560 3314 4614 ἑπτά
3338 4579 3371 4632 χ
3410 4564 3564 4627 ὄνους
3595 4565 3713 4618 διε-

2123 4645 2431 4715 νεγκοῦσα*
2479 4648 2809 4716 προσέθεντο
2848 4649 2906 4701 δὶ
2947 4650 3043 4703 καὶ
3087 4652 3177 4704 διὰ
3221 4652 3369 4718 θείας
3401 4656 3715 4725 ἐμφανείας

2128 4737 2344 4802 πίστιν,
2413 4737 2658 4802 ἐκείνους
2729 4738 2935 4805 λαϐεῖν,
2986 4739 3062 4800 ὡς
3126 4741 3227 4811 ήδη
3287 4732 3711 4816 συγκεχώρηται

2126 4828 2191 4882 τὸ
2250 4830 2554 4901 ἁμάρτημα
2607 4829 2890 4903 θεοδώρῳ.
2946 4825 3045 4885 Ὧν
3115 4835 3210 4886 καὶ
3288 4833 3439 4899 εἴξας
3496 4837 3715 4903 ἐκεῖνος

2124 4928 2193 4997 τῇ
2234 4926 2599 4995 παρακλήσει,
2651 4927 2836 4996 ἀνίησι
2880 4926 2983 4998 τῆς
3023 4928 3212 4983 ἀδίκου
3257 4931 3561 5001 καταδίκης
3607 4934 3713 5004 τὴν

2126 5018 2439 5086 Θεοδώρειν,
2472 5018 2548 5080 είς
2588 5018 2869 5072 ἐνδότατον
2903 5019 3112 5073 κελλίον
3144 5021 3204 5073 τὸ
3249 5022 3389 5088 μετά
3421 5021 3582 5075 τοῦτο
3618 5041 3709 5075 κε-

2125 5109 2324 5173 λεύσας
2358 5111 2540 5176 μένειν
2568 5110 2884 5177 ἀπρόσιτον,
2934 5116 3026 5165 καὶ
3057 5112 3328 5183 μηδεμίαν
3377 5115 3549 5184 αὐτὴν
3591 5115 3712 5168 δια-

2128 5200 2315 5252 κονίαν
2362 5198 2465 5266 ea;
2524 5201 2692 5269 μονῆς
2749 5200 3177 5271 ἐγχειρίζεσθαι.
3238 5202 3344 5254 Δύο
3396 5203 3457 5255 τὸ
3513 5203 3712 5257 λοιπὸν

2130 5292 2480 5365 παρέδραμον
2548 5292 2677 5363 ἐτη,
2738 5292 2913 5357 οὕτως
2988 5297 3334 5366 ἀσκουμένης
3401 5298 3711 5369 ἐγκρατείᾳ

2132 5386 2363 5456 μείζονι,
2425 5384 2523 5438 καὶ
2584 5385 3011 5457 συντονωτέραις
3073 5387 3301 5458 εὐχαῖς·
3364 5383 3469 5441 εἷθ’
3527 5388 3715 5452 οὕτως

2128 5475 2344 5548 αὐχμοῦ
2373 5476 2692 5547 γενομένου,
2722 5476 2819 5530 καὶ
2849 5476 2959 5529 τῶν
2998 5480 3054 5532 ἐν
3080 5478 3161 5548 τῷ
3199 5479 3452 5550 κοινοὸῗῳ
3480 5479 3713 5534 λάκκων

2128 5568 2251 5620 οὐδὲ
2284 5567 2462 5621 νοτίδα
2491 5568 2697 5638 μικράν
2726 5565 2920 5629 ὕδατος
2951 5566 3100 5636 ῐχειν
3133 5567 3542 5638 ὐποφαινὸντων
3578 5569 3711 5622 ἐπεί

2128 5675 2234 5730 περ
2268 5653 2351 5724 οἷς
2376 5675 2437 5712 τε
2459 5659 2679 5730 ήκουεν,
2707 5653 2790 5723 οἷς
2817 5674 2877 5712 τε
2907 5658 3073 5724 αὐτὸς
3096 5658 3217 5712 ἔόλε
3229 5676 3325 5712 πεν
3349 5661 3376 5712 δ
3406 5661 3503 5728 τῆς
3532 5659 3711 5729 μονῆς

2126 5748 2389 5822 ἀρχηγὸς,
2432 5749 2529 5803 τοῦ
2562 5748 2905 5823 χαρίσματος
2948 5747 3213 5820 ἠξιῶσθαι
3264 5749 3375 5803 τῶν
3418 5748 3729 5819 iugitva
