3996 6440
339 399 449 462 (.85

1279 405 1454 467 VITA
1495 409 1559 469 S.
1596 409 2029 472 THEODORE
2065 413 2664 479 ALEXANDRINKE.

3495 434 3600 497 ὃὸὑ

333 506 439 575 τὴν
477 506 756 578 μακαρίαν
793 507 1252 583 πεπληροφόρητο
1277 554 1292 577 ,
1331 517 1758 586 μεταστέλλεται
1789 518 1891 572 ταύ

2021 523 2224 578 τοι·ῑίοτ
2255 524 2430 581 factus
2459 538 2571 582 erat
2605 526 2816 584 beatam
2847 545 2968 586 esse
3017 547 3364 593 οοηεεςυιοω
3393 537 3600 598 donum

332 615 460 668 την,
491 601 587 652 καὶ
611 601 688 672 τῷ
708 601 899 673 λάκκῳ
928 603 988 655 τὸ
1013 605 1279 676 κεράμιον
1299 607 1546 662 καθεῖναι
1567 613 1919 680 προστάττει,

331 689 430 742 καὶ
481 688 626 760 ὕδωρ
664 693 996 761 ἀνενεγκεῖν.
1047 693 1111 747 Ἢ
1163 696 1220 748 δὲ
1248 697 1416 752 εἴκειν
1461 697 1710 768 μαθοῦσα
1741 702 1920 769 λόγοις

329 783 589 852 πατέρος,
617 785 786 853 μηδὲν
812 786 1413 860 πολυπραγμονήσασα,
1458 793 1595 862 μηδὲ
1622 794 1921 849 ἀναϐαλλο-

330 873 497 942 μένη,
538 876 766 944 πράττει
810 875 871 928 τὸ
901 877 1192 932 κελευσθέν
1215 895 1232 912 ο
1281 883 1375 934 καὶ
1406 884 1566 946 εὐθὺς
1594 883 1782 949 ὓδατος
1816 904 1913 956 με·

331 963 458 1014 στὸν
495 965 764 1034 ἀνήνεγκε
805 967 867 1018 τὸ
897 969 1181 1038 κεράμιον,
1217 971 1277 1038 ἐξ
1310 969 1370 1027 οὗ
1399 973 1495 1030 καὶ
1532 977 1580 1028 oi
1625 976 1774 1031 ἄλλοι
1802 979 1909 1031 τῶν

328 1053 553 1108 λάκκων
581 1058 809 1128 πλήρεις
835 1057 1024 1122 ὕδατος
1039 1061 1415 1134 καθεωρῶντο.

399 1230 498 1288 lZ'.
561 1235 790 1304 Ὀλίγων
842 1236 901 1291 δὲ
949 1239 1339 1310 παρελθουσῶν
1385 1243 1611 1315 ἡμερῶν
1663 1247 1914 1320 ἀραμένη

322 1327 388 1382 τὸ
409 1330 630 1383 παιδίον
662 1330 748 1384 ἐπ’
770 1330 927 1401 ὄψεσι
960 1333 1174 1387 πολλῶν
1210 1334 1314 1404 ήδη
1338 1339 1438 1406 τῆς
1473 1337 1710 1408 ἑσπέρας
1740 1355 1912 1394 κατα-

325 1418 624 1486 λαϐούσης,
652 1424 743 1474 καὶ
765 1422 963 1494 ἑαυτὴν
996 1425 1421 1498 ὲγκλεισαμένη,
1454 1422 1542 1482 οἶα
1569 1429 1751 1501 πατὴρ
1774 1431 1913 1499 πρὸς

325 1513 443 1565 υἱὸν
487 1515 712 1583 γνήσιον
732 1554 748 1582 ,
781 1517 1068 1580 νουθεσίας
1111 1517 1318 1588 ἤρξατο
1348 1521 1482 1590 πρὸς
1529 1521 1712 1576 αὐτόν.
1743 1523 1913 1578 Τοῦτο

324 1604 386 1658 δὲ
427 1604 588 1673 δῆλον
629 1607 707 1675 τῷ
741 1608 1049 1676 προεστῶτι
1091 1610 1414 1678 γενόμενον,
1453 1611 1732 1682 ἐκπέμπει
1759 1613 1910 1678 τινὰς

323 1693 433 1747 τῶν
456 1694 700 1764 ἀδελφῶν
721 1696 1126 1766 ἀκουσομένους
1151 1699 1442 1768 ἀκριὸἑστε
1453 1716 1545 1770 ρον
1566 1701 1674 1754 τῶν
1698 1703 1834 1773 πρὸς
1848 1703 1910 1756 τὺ

323 1784 541 1836 παιδίον
573 1787 864 1854 ῥημάτων,
896 1785 947 1839 οἳ
979 1790 1070 1840 καὶ
1100 1791 1168 1859 τῇ
1202 1789 1343 1862 θύρᾳ
1378 1793 1476 1860 τὴν
1508 1792 1679 1861 ἀκοὴν
1710 1809 1909 1865 προσε-

2025 615 2438 683 miraculorum,
2469 633 2588 672 eam
2624 622 2876 687 accersit,
2909 634 2963 679 et
2999 626 3053 680 in
3105 633 3399 686 cisternam
3444 634 3601 706 jubet

2023 702 2312 760 demittere
2347 709 2690 775 amphoram,
2744 721 2800 766 et
2846 713 3066 771 haurire
3103 734 3318 788 aquam.
3356 702 3460 778 Illa
3501 740 3600 779 au-

2026 803 2157 859 tem,
2210 814 2332 868 quae
2390 800 2655 855 didicerat
2712 805 2908 860 cedere
2969 810 3150 864 verbis
3206 813 3400 878 Patris,
3458 816 3597 870 nihil

2022 886 2242 940 curiose
2290 889 2596 956 inquirens,
2653 907 2754 946 nec
2794 892 3075 961 differens,
3125 898 3256 952 facit
3295 903 3440 970 quod
3476 903 3596 958 fue-

2021 984 2106 1029 rat
2164 977 2514 1047 imperatum,
2567 991 2622 1034 et
2667 984 2917 1049 protinus
2967 1001 3109 1055 aqua
3147 990 3363 1057 plenam
3398 993 3595 1048 extulit

2019 1068 2358 1136 amphoram.
2401 1070 2519 1135 Qua
2559 1088 2622 1126 ex
2661 1089 2718 1128 re
2743 1075 2862 1129 aliae
2892 1092 3109 1147 quoque
3163 1082 3422 1137 cisterna:
3455 1098 3591 1138 con-

1996 1172 2218 1230 _spect:e
2251 1172 2380 1216 sunt
2410 1178 2547 1234 aqua
2579 1166 2772 1233 plenae.

2091 1252 2253 1309 XVII.
2288 1255 2425 1311 Cum
2483 1258 2639 1327 pauci
2697 1269 2881 1314 autem
2923 1261 3042 1317 dies
3087 1264 3496 1332 praeteriissent,
3527 1282 3590 1322 ea

2017 1346 2217 1401 tollens
2245 1347 2512 1403 infantem
2553 1350 2609 1404 in
2653 1362 2951 1421 conspectu
2986 1355 3286 1411 multorum
3324 1374 3448 1414 cum
3474 1360 3591 1431 jam

2016 1449 2163 1493 esset
2211 1456 2461 1511 vespera,
2499 1451 2554 1497 et
2603 1443 2836 1512 seipsam
2892 1445 3198 1512 includens,
3255 1452 3590 1526 coepitcum

2013 1528 2294 1584 adhortari
2327 1546 2437 1584 non
2493 1547 2676 1597 secus,
2731 1548 2795 1588 ac
2842 1543 2996 1604 pater
3035 1552 3356 1607 germanum
3396 1540 3587 1596 filium.

2016 1617 2130 1676 Hoc
2169 1637 2293 1675 cum
2341 1622 2658 1678 rescivisset
2715 1625 3007 1694 pra-fectus
3040 1629 3380 1698 monasterii,
3427 1632 3592 1688 mittit

2012 1713 2276 1782 quosdam
2316 1729 2381 1768 ex
2415 1712 2681 1770 fratribus
2715 1718 3026 1772 accuratius
3060 1719 3349 1776 audituros
3399 1724 3588 1788 verba,

2013 1817 2133 1869 qua!
2161 1802 2372 1858 diceret
2410 1819 2600 1873 puero.
2642 1802 2745 1869 Qui
2787 1821 2911 1859 cum
2961 1823 3151 1862 aurem
3206 1810 3347 1865 ostio
3400 1814 3589 1867 admo-

324 1875 644 1945 ρείσαντες,
697 1878 791 1931 καὶ
845 1880 938 1932 τδν
992 1880 1116 1934 νοῦν
1171 1883 1588 1947 συντείναντες,
1643 1885 1891 1955 ἐμμελῶς

2009 1894 2236 1957 vissent,
2291 1904 2347 1949 et
2407 1906 2647 1950 mentem
2711 1897 3000 1967 diligenter
3050 1901 3448 1971 adhibuissent,
3489 1922 3588 1959 au-

321 1967 606 2038 ὴκροῶντο
653 1968 762 2022 τῶν
802 1970 1134 2041 λεγομένων.
1185 1972 1422 2026 Τοιαῦτα
1465 1974 1522 2027 δὲ
1555 1970 1644 2046 ἦν,
1689 1975 1726 2028 ἃ.
1767 1978 1908 2046 μετὰ

319 2065 692 2133 προσαγωγῆς
741 2067 1089 2134 φιλημάτων,
1133 2068 1570 2144 ἐπέσκηπτε,τῴ
1615 2071 1806 2124 παιδί·
1848 2071 1906 2144 ξΟ

318 2157 513 2224 χρόνος
543 2155 644 2225 ἤδη
674 2156 774 2227 τῆς
806 2159 947 2227 ἐμῆς
976 2159 1121 2229 ζωῆς
1141 2201 1157 2226 ,
1191 2161 1273 2212 υἱέ
1322 2155 1697 2230 μου⁷φίλτατε
1716 2200 1734 2228 ,
1767 2163 1903 2232 πρὸς

318 2245 496 2315 πέρας
521 2248 650 2318 ὁρᾷ,
687 2249 779 2301 καὶ
809 2251 948 2320 πρὸς
977 2252 1065 2304 τὸν
1086 2253 1264 2304 ἐκεῖσε
1288 2252 1473 2305 λοιπὸν
1503 2254 1677 2308 αἰῶνα
1705 2258 1903 2326 χωρεῖν

317 2339 742 2407 κατεπείγομαι.
781 2339 922 2410 Ἐγὼ
949 2342 1004 2394 δέ
1036 2359 1092 2395 σε
1122 2343 1198 2414 τῷ
1222 2345 1390 2416 πατρῖ
1413 2345 1520 2399 τῶν
1540 2347 1788 2418 ὀρφανῶν
1811 2349 1903 2401 καὶ

314 2427 438 2497 θεῷ
490 2431 838 2502 παρατίθημι
877 2435 970 2485 καὶ
1006 2434 1084 2505 τῷ
1134 2437 1309 2507 κυρίῳ
1362 2439 1564 2510 ταύτης
1603 2439 1760 2510 ἡμῶν
1799 2441 1902 2509 τῆς

317 2521 487 2590 μονῆς
515 2537 526 2549 ·
562 2523 702 2588 ἕξεις
729 2524 786 2576 δὲ
818 2524 912 2576 καὶ
953 2525 1200 2596 ἀδελφῶν
1233 2529 1475 2582 διάθεσιν
1505 2531 1898 2594 ἁποσώζοντὰς

313 2631 399 2666 σοι
426 2615 552 2679 τοὺς
579 2617 871 2686 μοναχούς.
904 2619 969 2670 Τί
996 2617 1111 2682 οῦν,
1141 2620 1423 2688 εὐγένειαν
1447 2621 1588 2690 τάχα
1610 2621 1894 2694 ζητήσειςς

322 2704 387 2756 Ἢ
412 2705 471 2758 δὲ
515 2708 590 2776 μὴ
622 2709 844 2762 ἄλλοθεν
887 2710 1214 2780 γνωρίσεταί
1251 2728 1354 2776 σοι,
1404 2711 1580 2781 ἢὸθεν
1620 2716 1653 2783 ἡ
1692 2714 1898 2785 ἀληθὴς

307 2797 565 2864 εὐγένεια
588 2800 998 2868 καταφαίνεται.
1024 2802 1116 2871 Μὴ
1136 2802 1272 2870 πρὸς
1304 2802 1468 2873 τιμὴν
1500 2804 1696 2876 ἀπίδῃς
1723 2807 1822 2876 τὴν
1840 2804 1898 2870 ἐξ

305 2889 617 2960 ἀνθρώπων
639 2908 650 2920 ·
688 2892 810 2944 οὐδὲ
854 2895 963 2962 γὰρ
1007 2893 1144 2964 αῦτη
1181 2898 1487 2966 μακαρίους
1520 2893 1627 2949 οἶδε
1650 2898 1776 2960 τοὺς
1811 2915 1892 2950 τι·

308 2982 602 3050 μωμένους
637 2984 840 3038 ποιεῖν·
876 2985 976 3037 οὐκ
1002 2989 1214 3054 ἀγνοεῖς
1247 2989 1356 3056 γὰρ
1389 2988 1472 3039 ὃτι
1494 2988 1586 3039 τοῦ
1621 2990 1677 3040 ὲν
1709 2987 1894 3060 Κυρίῳ

309 3075 670 3145 μακαρισμοῦ
723 3078 773 3129 oi
825 3078 885 3130 τὸ
937 3079 994 3143 ἐξ
1041 3079 1344 3149 ἀνθρώπων
1393 3079 1595 3143 ὄνειδος
1650 3083 1744 3133 καὶ
1793 3081 1892 3152 τὴν

2009 1987 2233 2041 diebant
2289 2003 2352 2041 ea
2410 2004 2533 2058 quae
2585 1989 2924 2044 dicebantur.
2985 1990 3112 2047 Haac
3164 2004 3346 2048 autem
3407 2006 3586 2064 erant,

2007 2095 2128 2148 quae
2159 2095 2330 2150 puero
2359 2081 2732 2150 praecipiebat,
2773 2098 2898 2135 eum
2942 2083 3265 2138 deosculans
3295 2104 3308 2138 :
3343 2085 3586 2157 Tempus

2008 2173 2132 2224 vita:
2188 2187 2342 2235 meae,
2405 2173 2478 2224 fili
2535 2171 2610 2226 mi
2666 2173 3007 2236 clmrissime,
3062 2175 3174 2244 jam
3252 2186 3462 2245 spectat
3518 2179 3585 2232 ad

2008 2262 2192 2326 finem,
2234 2273 2288 2316 et
2313 2262 2380 2316 de
2409 2271 2607 2316 caetero
2659 2264 2859 2318 festino
2890 2264 2966 2318 ire
2999 2266 3064 2318 ad
3119 2267 3399 2332 saeculum,
3440 2270 3587 2338 quod

2007 2355 2115 2408 illic
2165 2364 2270 2407 est.
2309 2352 2422 2422 Ego
2464 2365 2645 2407 autent
2702 2363 2753 2408 te
2787 2356 2922 2423 patri
2960 2359 3354 2427 orphanorum,
3386 2370 3440 2415 et
3475 2360 3587 2417 Deo

2007 2443 2358 2506 commendo,
2415 2451 2469 2496 et
2503 2443 2728 2498 domino
2783 2445 2944 2512 hujus
3030 2449 3204 2501 nostri
3241 2453 3581 2504 monasterii.

2003 2532 2244 2587 llabebis
2281 2543 2464 2588 autem
2523 2535 2825 2588 monachos
2873 2551 3088 2604 quoque
3141 2538 3234 2607 qui
3289 2538 3342 2592 in
3376 2551 3426 2594 te
3465 2556 3582 2596 ser~

2000 2626 2212 2681 vabunt
2261 2625 2493 2678 fratrum
2550 2626 2917 2679 affectionem.
2956 2629 3096 2692 Quid
3149 2631 3325 2698 ergo?
3359 2631 3585 2696 Quaeres

1999 2721 2236 2774 fortasse
2288 2720 2672 2773 nobilitatem?
2701 2718 2791 2772 llla
2832 2729 3013 2772 autem
3050 2735 3158 2774 non
3208 2721 3427 2777 aliunde
3483 2725 3580 2778 tibi

1999 2822 2377 2879 cognoscatur,
2405 2827 2568 2881 quam
2612 2811 2754 2864 unde
2778 2825 2902 2864 vera
2942 2823 3166 2880 apparet
3191 2813 3466 2869 nobilitas.
3505 2815 3584 2871 Ne

1998 2905 2278 2974 aspexeris
2303 2905 2368 2959 ad
2398 2905 2656 2958 honorem
2683 2904 2982 2958 hominum.
3013 2905 3199 2974 Neque
3223 2907 3365 2960 enim
3394 2907 3438 2960 is
3461 2923 3582 2973 eos,

1999 2996 2090 3065 qui
2127 2998 2682 3065 honorantur,potest
2714 2995 2904 3050 beatos
2952 2993 3188 3050 efficere.
3242 2995 3348 3051 Sed
3400 3013 3578 3067 neque

1998 3083 2358 3151 ignoraveris,
2401 3085 2548 3152 quod
2593 3100 2711 3136 cum
2753 3100 2876 3152 qua:
2927 3095 3010 3139 est
3049 3086 3102 3137 in
3137 3085 3388 3148 Domino,
3445 3089 3574 3141 hea—

303 3165 538 3236 ἀτιμίαν
586 3169 679 3220 καὶ
722 3169 792 3221 τὰ
831 3169 1040 3239 ψευδῶς
1083 3171 1263 3224 αὐτῶν
1320 3172 1890 3243 καταμαρτυρούμενα

2005 3176 2292 3230 titudinem
2329 3174 2403 3228 illi
2467 3175 2640 3244 magis
2674 3183 3112 3244 consequuntur,
3162 3178 3252 3246 qui
3293 3179 3572 3232 hominum

304 3259 588 3329 φέροντες,
624 3264 823 3316 ἐκεῖνοι
859 3263 1057 3333 μᾶλλον
1085 3267 1223 3318 εἰσιν
1254 3265 1315 3316 oi
1329 3267 1710 3334 τυγχάνοντες.
1741 3268 1801 3319 El
1829 3267 1886 3320 δέ

302 3367 391 3413 τις
430 3354 696 3422 ἐπιθυμία
733 3354 888 3425 φέρει
927 3370 985 3405 σε
1019 3355 1150 3422 πρὸς
1189 3353 1368 3418 τοῦτο,
1391 3357 1451 3407 τὸ
1478 3359 1645 3426 τιμῆς
1670 3358 1889 3420 πάντως

301 3443 612 3510 ἀξιοῦσθαι,
637 3445 697 3496 τὸ
720 3447 884 3514 τιμᾷν
915 3446 1126 3512 πρῶτος
1166 3445 1479 3515 ἀγάπησον,
1524 3447 1691 3498 ὕπνον
1723 3447 1888 3516 μίση-

303 3553 418 3589 σον.
458 3537 530 3588 Τὸ
573 3537 806 3606 σκληρὸν
834 3538 1080 3590 ἄτπασαι
1108 3541 1209 3608 τῆς
1247 3537 1480 3606 διαίτης,
1524 3537 1600 3607 τῷ
1659 3537 1887 3608 μαλακῷ

299 3629 573 3694 ἁπόταξαι
602 3631 694 3683 τοῦ
722 3629 1041 3701 ἐνδύματος,
1078 3631 1185 3684 τῶν
1215 3630 1463 3701 συνήθων
1511 3630 1688 3700 εὐχῶν
1721 3633 1886 3702 μηδέο

301 3738 437 3775 ποτε
469 3721 943 3794 κατολιγω;.ήσῃς,
986 3723 1118 3793 μηδὲ
1149 3722 1257 3776 τῶν
1286 3724 1397 3785 τοῖς
1417 3722 1669 3791 ἀδελφοῖς
1691 3725 1883 3775 ἁποτε·

299 3814 557 3881 ταμὲνων
610 3814 915 3878 συνάξεωψ
953 3814 1149 3883 ὄρθρου
1182 3813 1326 3882 φημὶ
1366 3817 1458 3865 καὶ
1493 3815 1679 3884 τρίτης
1712 3813 1874 3882 ἕκτης

300 3922 361 3958 τε
396 3907 492 3957 καὶ
516 3906 746 3975 ἐνάτης,
779 3906 871 3958 καὶ
891 3904 998 3958 τῶν
1030 3904 1361 3976 ἑσπερινῶν·
1391 3904 1527 3958 ἀλλά
1561 3905 1652 3957 καὶ
1675 3904 1882 3975 τροφῆς

305 3997 744 4068 μεταλαμϐάνων
778 3995 1046 4068 μνήσθητι
1085 4001 1176 4050 καὶ
1204 3998 1393 4070 ἐτέρου
1426 3998 1749 4062 πεινῶντος,
1784 3999 1882 4050 καὶ

299 4091 480 4156 τούτῳ
524 4091 586 4142 τὸ
637 4091 718 4141 σοὶ
772 4090 1090 4159 περιττεῦον
1143 4088 1497 4160 θησαύρισον.
1557 4089 1880 4158 ’Δλλοτρίων

298 4181 568 4250 ἀπόσχου,
601 4183 928 4249 κατηγορεῖν
953 4177 1206 4248 ἀδελφοῦ,
1233 4179 1369 4250 μηδὲ
1399 4180 1540 4232 κατά
1564 4180 1685 4232 νοῦν
1710 4181 1879 4252 λάϐῃς

299 4272 472 4323 ποτὲο
550 4272 944 4341 ἐρωτώμενος,
1010 4272 1180 4324 νεύων
1246 4273 1325 4334 είς
1384 4271 1488 4340 γῆν
1558 4271 1874 4340 ἀπόκριναι.

298 4364 513 4431 Πτῶμα
535 4366 610 4433 μὴ
640 4365 876 4434 γελάσῃς
903 4364 1114 4433 ἑτέρου,
1141 4364 1430 4435 Θρὴνησον,
1471 4363 1557 4416 ἵνα
1595 4365 1878 4432 παρακλη-

300 4457 400 4523 υῄς
427 4471 442 4484 ·
477 4457 664 4518 κακῶς
690 4453 942 4525 βιοῦντας
971 4454 1188 4508 ἀκούων
1216 4457 1367 4519 τινας
1397 4455 1539 4526 ὑπὲρ
1574 4457 1752 4510 αὐτῶν
1780 4454 1871 4507 εὕ-

1999 3268 2182 3322 fcrunt
2244 3267 2438 3336 probra
2468 3276 2524 3322 et
2581 3267 2962 3330 contumelias,
3013 3276 3069 3322 et
3125 3266 3278 3332 falsa,
3341 3284 3461 3338 qua»,
3520 3269 3578 3323 in

1996 3360 2145 3429 ipsos
2205 3359 2482 3422 feruntur,
2559 3358 2891 3413 testimonia.
2949 3359 3002 3411 Si
3077 3359 3315 3413 tenearis
3393 3370 3576 3414 autem

1996 3450 2179 3518 aliquo
2209 3450 2484 3504 desiderio
2515 3449 2742 3502 omnino
2781 3449 3112 3518 assequendi
3167 3449 3413 3513 honoris,
3456 3450 3576 3519 ipse

1996 3540 2232 3608 primum
2289 3539 2453 3608 dilige
2504 3539 2772 3592 honorem
2820 3539 3101 3592 exhibere.
3144 3539 3406 3592 Somnum
3445 3540 3575 3595 odio

1994 3629 2156 3684 habe.
2201 3630 2399 3684 Duram
2448 3640 2502 3684 ct
2563 3646 2808 3700 asperam
2859 3630 3078 3684 vivendi
3135 3631 3400 3685 rationem
3454 3647 3576 3686 am-

1992 3722 2253 3792 plectere.
2291 3721 2565 3775 Renuntia
2621 3721 2878 3774 mollibus
2911 3722 3266 3774 vestimentis.
3323 3723 3571 3777 Consue-

1998 3825 2085 3870 tas
2141 3827 2333 3884 preces
2413 3827 2691 3882 nunquam
2762 3813 3086 3881 neglexeris,
3144 3828 3324 3883 neque
3386 3814 3568 3878 horas,

1990 3920 2110 3974 qua:
2163 3915 2292 3959 sunt
2339 3904 2650 3958 constitutae
2692 3902 2952 3957 fratribus
2987 3904 3052 3958 a‘d
3095 3905 3565 3966 conveniendum,

1989 3997 2285 4061 Matutinre,
2322 3997 2565 4066 inquam,
2621 3996 2837 4058 Tertite,
2895 3995 3094 4059 Sexta},
3150 4007 3204 4050 et
3263 3995 3450 4058 Nonus,
3514 4007 3569 4050 et

1990 4089 2379 4158 Vesper-arum.
2419 4089 2644 4143 Abstine
2680 4088 2747 4141 ab
2798 4089 3015 4142 alienis.
3065 4091 3337 4143 Accusare
3374 4088 3569 4142 fratres
3647 4096 3654 4103 '

1989 4197 2058 4236 ne
2111 4182 2202 4235 tibi
2243 4182 2464 4248 quidem
2512 4180 2698 4234 veniat
2755 4181 2808 4232 in
2876 4191 3135 4234 mentem.
3197 4180 3568 4250 interrogatus

1987 4275 2280 4344 responde,
2337 4273 2632 4342 respiciens
2703 4273 2758 4326 in
2817 4283 3039 4327 terram.
3097 4273 3340 4328 Alterius
3382 4287 3565 4326 casum

1987 4380 2059 4419 ne
2100 4364 2356 4420 irriseris.
2395 4363 2564 4435 Luge,
2599 4371 2659 4418 ut
2708 4363 3142 4418 consolationem
3181 4362 3561 4432 consequaris.
3641 4391 3644 4400 -

1986 4457 2213 4527 Aliquos
2263 4457 2495 4512 audiens
2531 4458 2672 4512 male
2729 4457 2997 4520 viventes,
3057 4470 3124 4509 ne
3181 4455 3420 4524 negligas
3472 4470 3568 4523 pro
3639 4455 3644 4461 “

299 4546 494 4611 χεσῦαι
522 4547 598 4614 μὴ
620 4545 814 4614 ἀμέλει
878 4545 940 4596 τὸ
968 4546 1107 4616 πρὸς
1137 4544 1498 4608 ἀσθενοῦντας
1529 4547 1772 4609 ἀπιέναι,
1804 4546 1880 4617 μὴ

2001 4549 2066 4604 eis
2107 4550 2340 4619 precari.
2397 4552 2478 4602 lie
2509 4549 2576 4602 ad
2611 4565 2728 4612 eos,
2761 4549 2852 4617 qui
2911 4557 3040 4603 sunt
3089 4546 3314 4610 inﬁrmi,
3369 4561 3438 4598 ne
3481 4560 3564 4599 rc-

299 4635 608 4705 παραιτοῦ,
649 4638 746 4690 καὶ
796 4637 1089 4690 συνελόντα
1131 4637 1334 4704 φάναι,
1383 4638 1582 4700 παντὸς
1615 4636 1878 4690 ἐκκλίνων

298 4726 500 4791 κακοῦ,
537 4729 740 4799 ἀρετῆς
771 4727 954 4798 πάσης
985 4727 1368 4799 ἀντιποιηθητι
1392 4743 1406 4757 ·
1440 4727 1730 4780 δούλευσον
1765 4730 1879 4790 τοῖς

301 4818 559 4887 ἀδελφοῖς
592 4819 666 4882 ὡς
699 4819 990 4882 δεσπόταις
1033 4820 1119 4872 ῖνα
1151 4818 1392 4889 Χριστοῦ
1437 4819 1588 4887 φίλος
1621 4819 1754 4888 γένῃ
1786 4819 1875 4870 τοῦ

298 4910 389 4964 διὰ
435 4909 498 4964 σὲ
533 4911 752 4980 μορφὴν
792 4910 982 4963 δούλου
1011 4910 1399 4981 ὲνδυσαμένου.
1445 4910 1592 4980 Εύχὴ
1621 4910 1760 4962 ἔστω
1795 4925 1877 4963 σοι

299 5003 578 5076 διηνεκὴς,
604 5004 900 5075 πειρασμῴ
930 5004 1006 5075 μὴ
1037 5008 1358 5075 περιπεσεῖν
1382 5019 1396 5034 ⁸
1427 5005 1477 5057 εί
1502 5005 1558 5057 δὲ
1592 5007 1687 5058 καὶ
1718 5020 1875 5074 περι-

299 5097 514 5161 πέσοις,
565 5097 832 5166 γενναίως
881 5097 1188 5168 ἀντίστηθι,
1237 5099 1330 5151 καὶ
1377 5097 1543 5152 πάλιν
1597 5096 1740 5150 ὥστε
1803 5096 1880 5167 μὴ

297 5188 507 5242 ἁλῶναι
549 5189 877 5259 προσεύχου.
934 5186 1126 5251 Οὕτως
1175 5187 1457 5258 βιοτεύων,
1487 5189 1764 5258 ἀγαπητὲ,
1814 5188 1876 5239 ού

302 5279 525 5351 μακρὰν
581 5281 725 5345 ἕξεις
777 5283 870 5333 τὸν
921 5281 1248 5351 βοηθοῦντα,
1307 5283 1402 5334 καὶ
1473 5280 1738 5351 ὀρέγοντα
1795 5296 1877 5333 σοι

298 5373 698 5446 πολεμουμένῳ
763 5375 864 5447 τὴν
925 5373 1129 5442 δεξιάν.
1180 5373 1422 5429 Τοιαῦτα
1482 5374 1869 5446 παραινέσασα

297 5465 380 5536 τῷ
426 5466 580 5520 παιδὶ
624 5468 744 5530 ταῖς
796 5467 982 5538 χερσὶν
1029 5466 1199 5539 ἡδέως
1245 5466 1308 5520 τὸ
1345 5466 1562 5535 πνεῦμα
1610 5465 1878 5534 παρέθετο

296 5557 393 5612 τοῦ
426 5556 585 5612 Θεοῦ.

372 5651 481 5706 lli'.
513 5653 625 5706 Καὶ
653 5652 714 5707 τὸ
745 5651 846 5722 μὲν
875 5652 1089 5708 παιδίον
1137 5652 1359 5724 θρήνοις
1385 5649 1732 5723 παραχρῆμα
1757 5649 1881 5702 ὲκό-

297 5762 488 5810 πτετο,
529 5747 626 5800 καὶ
657 5746 687 5798 ό
728 5745 971 5810 οίκίσκος
1017 5744 1144 5816 βοῆς
1207 5744 1551 5816 ἐπληροῦτο·
1605 5744 1674 5798 τά
1712 5743 1880 5796 ἀκου-

293 5837 491 5893 σθέντα
536 5838 596 5892 δὲ
640 5836 802 5901 εὐθὺς
849 5837 898 5891 oi
950 5839 1088 5908 πρὸς
1142 5837 1298 5890 τοῦτο
1350 5834 1734 5907 πεμφθέντες,
1777 5835 1854 5903 τῇ

1982 4659 2161 4698 cuses.
2197 4641 2262 4696 Et
2296 4652 2353 4695 ut
2385 4640 2550 4695 semel
2585 4641 2784 4701 diram,
2823 4654 2988 4691 omne
3026 4637 3225 4690 malum
3260 4635 3563 4697 declinans,

1979 4735 2196 4790 vindica
2256 4733 2352 4787 tibi
2412 4736 2712 4786 virtutem:
2763 4732 2908 4784 servi
2964 4729 3244 4788 fratribus,
3305 4735 3564 4797 tanquam

1980 4821 2236 4882 dominis,
2280 4829 2341 4874 ut
2396 4820 2596 4873 evadas
2655 4818 2860 4873 Christi
2918 4819 3150 4879 amicus,
3219 4819 3310 4885 qui
3361 4833 3458 4885 pro
3513 4826 3562 4868 tr.

1981 4909 2123 4964 servi
2176 4910 2407 4964 formam
2454 4907 2655 4965 induit.
2690 4907 2926 4963 Assidue
2970 4922 3214 4976 precare,
3251 4921 3320 4960 ne
3356 4908 3562 4959 incidas

1983 5001 2040 5056 in
2099 5003 2480 5056 tentationcm.
2563 4998 2719 5065 Quod
2785 4999 2831 5053 si
2893 4998 3172 5061 incideris,
3230 4998 3280 5050 ci
3353 4997 3565 5050 fortiler

1981 5093 2216 5157 resiste;
2263 5101 2320 5146 et
2378 5106 2571 5146 rursus
2609 5104 2853 5161 precare,
2894 5104 2964 5144 ne
3021 5089 3318 5158 supereris.
3377 5087 3432 5141 Si
3485 5091 3564 5142 εἶιῐ

1982 5185 2157 5248 vivas,
2191 5199 2224 5238 ο
2263 5184 2482 5249 dilecte,
2520 5197 2632 5238 non
2672 5180 2862 5252 procul
2895 5179 3094 5245 aberit,
3131 5179 3224 5251 qui
3257 5181 3350 5234 tibi
3401 5171 3560 5249 opem

1983 5277 2142 5342 ferat,
2201 5283 2256 5331 et
2287 5276 2378 5346 qui
2434 5274 2575 5334 bello
2646 5273 2888 5344 appetito
2949 5271 3046 5327 tibi
3074 5271 3146 5326 sit
3207 5279 3562 5342 porrecturus

1984 5369 2290 5424 dexteram.
2335 5367 2472 5428 Cum
2529 5368 2646 5423 haec
2675 5367 2939 5424 suasisset
2972 5379 3165 5436 puero,
3219 5365 3459 5436 jucunde
3508 5365 3558 5435 in

1983 5460 2076 5517 Dei
2119 5476 2312 5515 manus
2346 5459 2568 5516 tradidit
2600 5459 2874 5530 Spiritum.

2058 5650 2238 5708 XVlH.
2277 5651 2346 5707 Et
2385 5667 2521 5722 puer
2553 5653 2772 5723 quidem
2808 5653 2992 5708 statim
3023 5651 3266 5724 lugebat,
3309 5661 3367 5708 et
3406 5652 3554 5723 plan-

1985 5745 2166 5814 gebat,
2203 5752 2260 5798 et
2279 5742 2669 5800 vociferatione
2702 5744 2861 5816 plena
2895 5752 3012 5798 erat
3045 5743 3396 5799 domuncula.
3430 5743 3553 5809 Qua

1986 5837 2276 5893 audierant
2331 5846 2512 5891 autem
2573 5837 2608 5892 ii
2667 5839 2762 5907 qui
2810 5836 2877 5891 ad
2941 5838 3044 5892 hoc
3116 5837 3268 5893 missi
3320 5835 3569 5905 fuerant.
