4002 6432
387 368 500 431 689

1310 352 1487 429 VITA'
1515 350 1591 429 's.‘
1623 356 2064 424 THEODOM:
2104 359 2704 426 ALEXANDRINIE.

3531 372 3636 433 690

388 478 733 549 θεασάμενος
763 477 859 533 νῦν
892 478 987 533 τδν
1044 476 1159 549 βίον
1218 476 1583 530 ἐκλείπουσαν
1644 470 1964 543 ἀναμαθὼν,

2083 475 2359 543 respnndit
2384 493 2399 529 :
2429 474 2564 532 Cum
2598 490 2776 531 meam
2806 492 3034 534 uxorem
3070 476 3233 551 longo
3252 488 3496 552 tempore
3528 499 3635 537 non

390 572 592 640 ἄπειμι
645 570 714 625 τά
746 570 1038 627 τελευταῖα
1090 568 1346 639 δακρύων
1374 568 1569 638 αὐτήν.
1608 566 1973 630 Ἀναϐιϐἀσας

387 661 573 716 τοίνυν
597 663 691 716 ἐπὶ
717 661 810 715 τὸν
863 660 1031 715 ἵππον
1064 660 1252 725 αὐτὸν,
1287 661 1366 723 είς
1395 658 1495 730 τὴν
1550 657 1721 729 μονὴν
1758 658 1971 728 ἢγαγεν

387 754 450 807 ἐν
546 753 608 807 τὺ
635 753 779 808 θετον
847 753 1049 822 σκῆνος
1099 753 1409 824 προέκειτο.
1453 744 1498 818 ᾧ
1523 752 1618 805 καὶ
1664 748 1970 814 ἐπιπεσὼν,

389 844 531 914 πρὸς
596 844 770 915 ὄνομα
817 844 920 914 τὴν
972 844 1124 899 ὁσίαν
1187 844 1525 909 ἀνεκαλεῖτο,
1580 845 1802 915 πικροῖς
1853 842 1970 912 ἅμα

394 936 830 1006 περιρρεόμενος
857 935 1149 1006 δάκρυσιν,
1183 936 1260 1000 ὡς
1296 937 1393 991 καὶ
1444 936 1651 1003 πάντας
1679 936 1806 998 τοὺς
1836 951 1962 988 συν-

390 1024 712 1094 ειλημένους
742 1026 858 1097 (καὶ
889 1026 1001 1096 γὰρ
1027 1026 1216 1080 πολλοὶ⁵
1281 1027 1376 1082 καὶ
1427 1026 1536 1080 τῶν
1565 1026 1728 1098 πέριξ
1775 1026 1968 1097 ἡθροί-

389 1115 602 1186 σθησαν
632 1117 924 1189 μοναχῶν),
969 1120 1048 1182 είς
1102 1114 1283 1173 οἶκτον
1312 1118 1609 1189 διερεθίσαι
1642 1119 1779 1187 πρὸς
1818 1117 1964 1171 ὑπό·-

393 1205 597 1273 μνησίν
628 1221 688 1258 τε
714 1205 824 1258 τῶν
856 1205 1237 1277 βεϐιασμένων
1265 1208 1466 1272 αὐτοὺς
1488 1209 1742 1277 ἀγαγεῖν,
1774 1207 1848 1271 ὡς
1889 1200 1969 1259 εῖ-

389 1312 485 1349 ναι
534 1298 738 1363 πάντα,
787 1298 856 1351 τά
890 1314 950 1350 τε
998 1298 1273 1368 ὁρώμενα,
1314 1299 1385 1353 τά
1412 1316 1473 1351 τε
1529 1300 1635 1369 μὴν
1662 1298 1970 1368 ἀκουόμενα

394 1386 724 1452 συνειδότος,
758 1388 1085 1457 ἀνάπτυξις,
1111 1390 1209 1445 καὶ
1252 1389 1433 1463 ψυχῆς
1464 1389 1709 1461 ἀτεχνῶς
1738 1388 1897 1460 [αμα.

465 1653 602 1710 KA'.
677 1652 807 1724 Ὀψὲ
838 1656 896 1709 δέ
927 1658 1025 1711 καὶ
1080 1657 1240 1727 μόλις
1302 1660 1399 1713 τοῦ
1450 1659 1685 1723 πένθους
1710 1659 1976 1729 λήξαντος

391 1745 604 1815 ψαλμοὶ
626 1748 723 1802 καὶ
756 1746 917 1817 ῦμνοι
965 1748 1033 1802 τὰ
1063 1749 1174 1803 τῶν
1212 1748 1428 1820 θρήνων
1452 1750 1614 1812 εὐθὺς
1651 1750 1970 1821 διεδέχοντο,

392 1841 490 1894 καὶ
520 1839 697 1904 οὕτως
726 1839 1159 1910 ἐξοσιωσάμενοι
1189 1841 1251 1894 τὸ
1278 1840 1580 1895 πολύαθλον
1605 1842 1783 1895 ἐκεῖνο
1801 1840 1965 1910 σῶμα

393 1931 838 2002 γαὶίερὼτατον,
896 1932 1121 1995 κόλποις
1179 1932 1278 1998 τῆς
1329 1932 1435 2003 γῆς
1458 1926 1879 2003 κρύπτουσινοῦ
1907 1932 1969 1986 rb

393 2023 619 2093 πνεῦμα
670 2021 766 2076 τοῦ
823 2021 1077 2093 Ἀϐραὰμ
1113 2021 1305 2076 κόλποι
1357 2023 1564 2094 νοεεροὶ
1617 2023 1968 2091 ὑπεδέξαντο,

398 2113 467 2166 Τί
498 2112 557 2167 τὸ
582 2113 720 2183 μετά
747 2113 919 2167 ταῦτα
939 2129 954 2177 ;
976 2113 1057 2167 Τά
1087 2114 1323 2184 ἐκείνης,
1346 2115 1375 2167 ὁ
1398 2113 1606 2184 ταύτης
1635 2115 1776 2184 ἀνὴρ
1798 2114 1972 2167 διεδέ-

402 2203 534 2267 ξατο
564 2220 582 2271 ;
635 2204 747 2257 Καὶ
799 2206 912 2268 τοῖς
961 2204 1055 2258 τοῦ
1090 2206 1298 2275 κόσμου
1334 2206 1503 2259 πᾶσιν
1532 2204 1969 2275 ἀποταξάμενος,

399 2294 497 2347 καῒ⁵
542 2295 659 2356 τοῖς
715 2296 970 2365 μοναχοίς
1022 2295 1339 2366 ἐναρίθμιον
1391 2294 1584 2349 ἐαυτὸν
1609 2294 1857 2366 θέμενος,
1895 2297 1976 2360 είς

397 2384 583 2456 ἔρωτά
609 2402 670 2439 τε
728 2386 961 2458 ἡσυχίας
996 2386 1190 2453 ἐλθὼν,
1240 2388 1302 2440 τὸ
1332 2387 1549 2441 κελλίον
1575 2387 1843 2457 λαμϐάνει
1873 2388 1977 2458 τῆς

397 2475 703 2548 Θεοδώρας,
736 2479 1029 2532 σπουδαῖόν
1078 2497 1139 2534 τε
1189 2480 1285 2534 καὶ
1315 2480 1606 2552 φιλάρετον
1632 2480 1746 2550 βίον
1780 2482 1982 2534 ἐπανε-

401 2569 631 2642 λόμενος
697 2571 924 2643 χρηστῷ
977 2572 1123 2627 τέλει
1181 2572 1279 2644 τὴν
1307 2571 1454 2640 ζωὴν
1487 2572 1772 2628 καταλύει.
1822 2570 1980 2626 Ἐπεὶ

402 2658 499 2716 οὖν
523 2661 783 2735 τοιαύτην
831 2665 1057 2735 ἀγωγὴν
1089 2664 1141 2717 οἱ
1179 2666 1404 2735 μοναχοὶ
1453 2664 1768 2729 ἐθεάσαντο,
1826 2662 1980 2716 οὐδὲν

403 2753 614 2823 ἀπᾷδον
663 2753 927 2824 ἐνόμισαν
958 2756 1019 2809 τὸ
1066 2756 1400 2827 ἀμφοτέροις
1437 2755 1534 2809 ἕνα
1566 2758 1661 2809 καὶ
1687 2757 1779 2809 τὸν
1809 2755 1981 2825 τάφον

403 2844 683 2912 γενέσθαι,
743 2845 832 2901 διὰ
888 2846 982 2900 τοῦ
1049 2850 1145 2901 καὶ
1194 2850 1348 2919 κοινῇ
1380 2846 1449 2901 τὰ
1496 2846 1727 2916 λείψανα
1755 2847 1866 2900 τῶν
1890 2846 1983 2900 δύο

403 2936 722 3005 κατέθεντο,
784 2938 847 2993 ού
890 2938 998 3011 μὴν
1046 2938 1181 2997 ἀλλά
1234 2939 1418 2994 καὶτὸ
1462 2941 1675 2994 παιδίον
1724 2938 1983 2993 τοιούτων

409 3031 625 3102 μέτρων
649 3031 856 3103 ἀρετῆς
924 3032 1124 3103 ἥψατο,
1182 3034 1259 3097 ὡς
1293 3033 1390 3087 καὶ
1430 3033 1533 3104 τῆς
1564 3033 1734 3104 μονῆς
1765 3033 1984 3103 ἐκείνης

2071 562 2324 628 viderim,
2349 572 2405 620 et
2422 578 2543 620 eam
2570 580 2722 621 nune
2743 581 2794 622 'e
2828 566 2936 623 vita
2966 568 3271 626 excessisse
3301 570 3638 638 resciverim,

2072 661 2217 713 vado
2253 675 2374 715 eam
2404 670 2652 715 extremo
2695 660 3018 718 deﬂeturus.
3061 662 3197 718 Cum
3252 680 3375 719 eum
3415 681 3541 737 ergo
3585 668 3640 721 in

2069 764 2270 820 equum
2333 751 2665 816 sustulisset,
2700 754 2851 808 duxit
2901 755 2956 809 in
2991 755 3408 823 monasterium,
3449 757 3505 812 in
3534 774 3646 828 quo

2066 840 2285 913 jacebat
2350 842 2597 898 divinum
2674 844 2807 899 illud
2866 846 3310 904 tabernaculum.
3355 847 3437 904 Ad
3498 847 3644 918 quod

2071 947 2194 987 cum
2221 932 2490 999 irruisset,
2515 944 2760 990 sanctam
2788 936 3017 991 vocabat
3041 938 3390 1003 nominatim,
3416 939 3644 995 acerbas

2067 1023 2228 1080 simul
2261 1023 2498 1079 fundens
2536 1025 2828 1096 lacrymas,
2847 1027 2983 1082 adeo
3021 1039 3081 1083 ut
3119 1045 3333 1093 omnes,
3363 1030 3455 1101 qui
3491 1039 3647 1085 erant

2069 1114 2423 1184 congregati,
2454 1113 2849 1184 (convenerant
2903 1114 3048 1169 enim
3116 1115 3271 1169 multi
3317 1130 3384 1170 ex
3427 1115 3495 1170 iis
3552 1113 3645 1185 qui

2071 1203 2397 1259 habitabant
2465 1204 2817 1259 circumcirca
2885 1205 3189 1275 monachis)
3225 1213 3549 1274 provocaret
3576 1203 3645 1259 ad

2079 1297 2367 1369 lacrymas,
2396 1307 2452 1352 et
2487 1296 2791 1353 deduceret
2830 1298 2899 1353 ad
2924 1313 3116 1353 eorum
3140 1298 3267 1353 vitae
3299 1296 3639 1352 recordatio-

2074 1403 2226 1443 nem.
2268 1389 2459 1458 Itaque
2497 1396 2654 1442 erant
2705 1390 2910 1454 omnia,
2957 1398 3064 1443 tam
3129 1403 3251 1458 quae
3295 1389 3646 1453 videbantur,

2082 1495 2246 1550 quam
2281 1497 2403 1550 qua:
2449 1482 2838 1548 audiebantur,
2886 1481 3245 1538 conscientiae
3284 1480 3649 1552 refrigeratio.

2073 1583 2128 1628 et
2152 1589 2343 1629 revera
2368 1573 2564 1629 anima
2593 1574 2890 1630 medicina.

2148 1666 2292 1719 XXI.
2329 1666 2466 1721 Cum
2514 1665 2700 1721 luctus
2743 1676 2925 1721 autem
2965 1666 3055 1722 vix
3120 1665 3344 1721 tandem
3378 1664 3649 1725 desiisset.

2078 1758 2272 1829 psalmi
2308 1766 2364 1813 et
2397 1759 2584 1829 hymni
2613 1758 2797 1814 statim
2819 1758 3026 1813 luctum
3052 1767 3182 1813 sunt
3230 1756 3536 1814 consecuti.
3586 1754 3655 1809 Et

2075 1848 2339 1920 sicjustis
2374 1845 2532 1904 factis
2553 1850 2628 1904 illi
2655 1849 2927 1906 laborioso
2958 1857 3015 1904 et
3035 1857 3384 1905 sacrosancto
3415 1845 3651 1917 corpori,

2076 1941 2129 1997 id
2200 1941 2319 1997 sinu
2354 1949 2516 1996 term
2577 1940 2945 2008 abscondunt,
2993 1940 3155 2010 cujus
3201 1938 3449 2010 spiritum
3497 1938 3656 1992 sinus

2079 2032 2335 2097 Abralne,
2395 2032 2444 2085 si
2514 2031 2868 2102 intelligentia
2926 2037 3225 2102 spectetur,
3295 2036 3652 2100 exceperunt.

2077 2124 2346 2192 Quidnam
2382 2131 2466 2177 est
2502 2120 2620 2177 haec
2678 2131 3033 2177 consecutum
3061 2120 3088 2174 τ
3141 2119 3229 2175 Fit
3284 2134 3468 2175 rerum
3511 2119 3658 2174 illius

2078 2215 2314 2271 maritus
2344 2214 2464 2285 ejus
2493 2228 2780 2270 successor
2806 2231 2822 2271 :
2845 2222 2902 2268 et
2929 2228 3054 2268 cum
3079 2214 3244 2270 rebus
3271 2212 3528 2268 omnibus
3552 2210 3658 2265 hu-

2078 2307 2169 2378 jus
2195 2305 2384 2362 mundi
2424 2306 2819 2370 renuntiasset,
2870 2313 2926 2360 et
2980 2305 3226 2375 seipsum
3284 2302 3564 2358 retulisset
3602 2301 3657 2355 in

2083 2412 2381 2453 numerum
2431 2396 2853 2462 monachorum,
2916 2405 2974 2451 ει
3048 2404 3240 2466 captus
3300 2402 3450 2449 esset
3474 2407 3660 2448 amore

2082 2488 2287 2560 quietis
2330 2495 2387 2544 et
2424 2486 2653 2552 silentii,
2711 2485 2919 2543 cellena
2975 2483 3175 2554 accipit
3219 2483 3567 2547 Theodore;
3607 2490 3663 2535 ct

2085 2596 2211 2636 cum
2244 2580 2442 2634 bonam
2471 2577 2663 2641 vitam,
2689 2586 2750 2638 et.
2777 2592 2843 2631 ex
2881 2576 3078 2631 virtute
3105 2575 3369 2647 agendam
3408 2572 3663 2644 elegisset

2086 2672 2233 2727 bono
2282 2671 2392 2725 (ine
2418 2669 2586 2724 vitam
2632 2667 2859 2723 claudit.
2886 2666 3025 2725 Cum
3072 2679 3203 2735 ergo
3241 2664 3511 2720 vidissent
3541 2678 3661 2717 mo-

2090 2763 2254 2819 nachi
2278 2776 2404 2818 eum
2433 2760 2513 2816 sic
2547 2760 2711 2815 vitam
2757 2759 2960 2831 egisse,
3019 2757 3160 2812 nihil
3199 2756 3438 2811 alienum
3476 2753 3664 2810 existi-

2089 2864 2332 2920 marunt,
2397 2869 2518 2910 esse
2579 2852 2861 2908 amborum
2926 2866 3095 2905 unum
3151 2857 3206 2905 et
3262 2847 3409 2903 idem
3475 2844 3665 2917 sepul-

2090 2963 2290 3016 crum;
2355 2954 2645 3017 propterea
2689 2940 3075 3005 communiter,
3121 2946 3178 2995 et
3224 2937 3280 2993 in
3309 2936 3502 2994 eodem
3536 2936 3655 2991 loco

2093 3040 2467 3108 deposuerunt
2534 3035 2816 3091 amborum
2892 3032 3172 3102 reliquias.
3250 3030 3424 3086 Porro
3478 3036 3660 3083 autem

409 3124 716 3194 προστῆναι
751 3125 932 3196 κρίσει
959 3126 1185 3180 δικαίων
1223 3127 1333 3181 τῶν
1363 3126 1453 3180 τὸν
1479 3126 1593 3197 βίον
1622 3127 1774 3197 αὐτῷ
1804 3144 1975 3181 συνει-

2093 3146 2231 3202 puer
2274 3142 2495 3200 quoque
2549 3142 2615 3183 eo
2654 3123 2920 3198 processit
2956 3124 3195 3191 virtutis,
3236 3130 3297 3178 ut
3329 3120 3492 3176 etiam
3530 3132 3667 3191 prae-

404 3217 597 3278 δότων.
621 3218 713 3271 καὶ
744 3219 1083 3288 προστασίας
1105 3218 1358 3290 τοιαύτης
1382 3219 1707 3289 ἐφιεμένων.
1728 3218 1985 3273 Τοιοῦτον

402 3309 513 3362 τῶν
542 3308 756 3363 πολλῶν
816 3312 993 3362 πόνων
1043 3310 1144 3379 τῆς
1205 3311 1484 3381 μακαρίας
1512 3310 1575 3364 τὸ
1606 3313 1801 3382 πέρας.
1832 3311 1984 3380 Αὕτη

401 3401 516 3454 τῶν
542 3401 811 3470 γενναίων
838 3403 1014 3456 ἄθλων
1040 3404 1209 3474 αὐτῆς
1241 3405 1274 3471 ἡ
1306 3403 1583 3476 διήγησις.
1637 3404 1700 3457 El
1735 3403 1827 3457 οῦν
1848 3404 1986 3477 ἀληο

415 3491 530 3556 θὲς.
562 3491 752 3563 ὥσπερ
780 3497 877 3546 καὶ
900 3492 1111 3564 ἀληθῆς
1134 3495 1162 3547 ό
1194 3493 1410 3548 Παύλου
1442 3493 1622 3562 λόγος,
1653 3492 1716 3546 τὸ
1746 3492 1983 3545 ἕκαστον

407 3583 501 3635 τὸν
533 3582 663 3636 [διον
694 3584 857 3637 πόνον
905 3583 1194 3654 λήψεσθαι,
1252 3586 1370 3649 πῶς
1395 3584 1456 3636 ού
1491 3584 1740 3655 μακαρία
1766 3584 1845 3652 τῷ
1869 3583 1986 3638 ϐντι

411 3658 508 3728 ιιαῆ⁵
536 3674 672 3728 Θεοῦ
698 3674 871 3744 δῶρον
898 3676 931 3746 ἡ
959 3676 1232 3747 Θεοδώρα,
1293 3675 1567 3730 τοσούτων
1631 3675 1810 3728 πόνων
1867 3691 1992 3729 τοσ-

410 3766 606 3830 ούτους
669 3768 1139 3838 ἀπολαμϐάνουσα
1202 3767 1329 3832 τοὺς
1410 3766 1637 3839 μισθούς
1670 3782 1686 3798 ο
1747 3761 1816 3839 ἦς
1871 3770 1993 3832 ταῖς

410 3860 736 3931 πρεσϐείαις
781 3861 877 3914 κα)⁵
938 3862 1095 3933 ἡμῶν
1156 3860 1368 3931 γένοιτο
1398 3862 1496 3931 τῆς
1529 3860 1639 3914 τῶν
1667 3859 1993 3930 σωζομένων

411 3953 668 4020 γενέσθαι
740 3953 982 4024 μερίδος,
1034 3953 1219 4027 χάριτι
1264 3956 1357 4009 καὶ
1412 3953 1799 4026 φιλανθρωπίᾳ.
1831 3953 1980 4024 Χρι-

413 4046 544 4100 στοῦ
592 4047 850 4119 ἀληθινοῦ
894 4046 1030 4101 Θεοῦ
1063 4048 1240 4118 ἡμῶν,
1273 4040 1318 4117 ᾧ
1352 4048 1387 4120 ἡ
1439 4047 1567 4112 δόξα
1598 4048 1694 4100 καὶ⁸
1744 4046 1807 4101 τὸ
1851 4045 1992 4118 κρά-

416 4155 529 4203 τος,
563 4138 658 4195 νῦν
687 4140 783 4193 καὶ
807 4140 918 4205 ἀεὶ,
948 4140 1042 4194 καὶ
1071 4139 1150 4204 εις
1184 4142 1309 4205 τοὺς
1344 4136 1551 4201 αἰῶνας
1587 4137 1699 4192 τῶν
1753 4138 1988 4193 αἰώνων.

428 4231 485 4284 ’Δ
495 4233 626 4302 μήν.

526 4511 549 4542 ⁸
574 4513 594 4568 ι
619 4511 746 4568 Cor.
775 4525 855 4575 ιιι,
887 4511 939 4565 8.

2085 3222 2251 3279 fuerit
2307 3220 2381 3276 illi
2437 3218 2797 3282 monasterio.
2833 3217 2982 3288 justo
3037 3229 3225 3270 eorum
3280 3211 3507 3285 judicio,
3566 3209 3664 3280 qui

2086 3315 2254 3371 vitam
2318 3312 2465 3369 illius
2523 3311 2949 3384 cognoscebant,
3019 3316 3078 3365 et
3122 3320 3249 3362 eum
3302 3304 3405 3360 sibi
3452 3300 3658 3374 praefici

2083 3404 2546 3462 desideraverant.
2620 3401 2769 3459 Talis
2846 3399 2952 3455 fuit
3023 3396 3149 3455 ﬁnis
3197 3396 3446 3451 laborum
3507 3392 3669 3464 hujus

2083 3498 2280 3560 beatae,
2339 3505 2396 3552 et
2460 3492 2579 3551 ι]ωο
2653 3502 2739 3549 est
2785 3491 3029 3547 narratio
3085 3490 3206 3561 ejus
3287 3489 3668 3560 prarclarorum

2090 3587 2478 3646 certaminum.
2504 3586 2562 3641 Si
2582 3601 2713 3658 ergo
2750 3599 2941 3641 verum
2972 3591 3078 3647 est,
3105 3591 3168 3638 ut
3215 3596 3408 3637 verum
3444 3576 3668 3650 quidem

2089 3690 2259 3748 certe,
2316 3666 2461 3753 quod
2505 3677 2637 3734 dicit
2683 3676 2884 3732 Paulus
2914 3676 2961 3739 ⁸,
3024 3686 3472 3742 unumquemque
3514 3684 3669 3726 acccc

2091 3784 2316 3846 pturum
2353 3771 2632 3844 propriam
2691 3768 2999 3825 mercedem
3053 3764 3356 3822 secundum
3388 3760 3669 3832 proprium

2096 3866 2378 3922 laboremt
2414 3858 2877 3935 quemadmodum
2925 3872 3036 3912 non
3072 3865 3157 3911 est
3180 3854 3365 3919 beata,
3399 3860 3454 3908 et
3481 3864 3671 3906 revera

2094 3945 2190 4013 Dei
2221 3956 2427 4013 donum
2465 3953 2777 4017 Theodora,
2814 3965 2936 4021 (ιιιιο
2989 3949 3299 4004 mercedem
3348 3941 3553 4013 accipit
3592 3948 3675 3996 tot

2092 4052 2340 4107 laborum
2372 4048 2396 4105 2
2431 4047 2602 4120 Cujus
2656 4041 3145 4100 intercessionibus
3212 4037 3564 4101 concedatur,
3613 4039 3676 4087 ut

2093 4158 2198 4200 nos
2226 4154 2446 4212 quoque
2478 4138 2650 4194 simus
2680 4151 2711 4192 e
2734 4150 2966 4192 numero
2993 4146 3183 4188 eorum
3217 4129 3307 4200 qui
3335 4126 3466 4184 salvi
3510 4123 3668 4185 ﬁunt.

2094 4232 2268 4305 gratia
2316 4239 2375 4287 et
2435 4227 2729 4286 clementia
2778 4225 2983 4282 Christi
3025 4222 3139 4280 veri
3190 4219 3285 4277 Dei
3350 4216 3546 4284 nostri,
3582 4216 3672 4271 cui

2094 4323 2262 4396 gloria
2297 4312 2352 4379 et
2385 4318 2650 4391 potentia,
2688 4332 2835 4375 nunc
2889 4325 2947 4373 et
2994 4327 3239 4387 semper,
3290 4321 3341 4368 et
3376 4311 3430 4365 in
3483 4305 3677 4364 saecula

2101 4417 2438 4473 saeculorum.
2465 4412 2662 4469 Amen.
