4002 6438
379 376 475 439 (91
1613 374 1893 436 MENSIS
1929 373 2401 434 SEPTEMBER.

3520 368 3627 434 6.92

381 555 3602 612 MM

1661 725 2332 846 ΑΘΛΗΣΙΣ

1057 952 1198 1009 ΤΟΥ
1239 948 1445 1006 ΔΓΙΟΥ
1490 945 1608 1002 ΚΑΙ
1659 944 1972 1001 ΕΝΔΟΞΟΥ
2018 946 2392 1001 ΜΔΡΤΥΡΟΣ
2436 945 2574 1000 ΤΟΥ
2610 943 2913 1000 ΧΡΙΣΤΟΥ

1245 1115 2696 1290 ΑΥΤΟΝΟΜΟΥ.

599 1562 1500 1698 ’ΜΑΒΤῩΒΙΗΜ
1622 1576 1742 1689 S.
1884 1577 1927 1684 Il

2032 1573 2632 1687 \R'I‘YRIS
2770 1572 3357 1688 CHRISTI

1451 1825 2516 1982 AUTONOMI.

787 2095 981 2159 (Latine
1014 2095 1142 2157 apud
1164 2093 1365 2143 Surium
1389 2091 1452 2141 ad
1471 2089 1603 2140 diem
1628 2091 1685 2140 12
1716 2086 2056 2150 Septembris;
2089 2090 2256 2141 Graece
2283 2102 2344 2140 ex
2371 2091 2480 2140 cod.
2510 2105 2602 2141 ms.
2630 2093 2782 2144 Paris.
2813 2093 2930 2144 1525
2951 2107 3066 2144 saec.
3094 2097 3206 2158 xu.)

432 2421 470 2476 l.
505 2420 682 2491 Eque
709 2435 832 2476 esse
860 2420 1157 2476 absurdum
1177 2417 1454 2484 existimo,
1486 2425 1542 2472 et
1563 2417 1710 2487 loqui
1736 2432 1798 2472 ea
1817 2432 1927 2486 qua

2113 2415 2193 2470 A’.
2222 2416 2333 2487 Τῆς
2374 2417 2496 2485 ἴσης
2548 2416 2779 2478 ἀτοπίας
2834 2410 2973 2469 εἶναι
3009 2417 3213 2484 νομίζω
3263 2417 3322 2470 τό
3353 2433 3410 2470 τε
3447 2416 3591 2486 φθέγ

362 2528 471 2568 non
502 2521 739 2582 Oportet,
775 2520 831 2567 et
853 2527 974 2582 quae
1007 2521 1136 2566 sunt
1157 2511 1385 2580 pulchra
1400 2519 1454 2564 et
1485 2511 1737 2574 honesta,
1773 2525 1932 2563 man-

361 2609 496 2661 dare
531 2605 774 2661 silentio.
809 2603 1088 2670 Quantum
1119 2603 1264 2658 enim
1297 2603 1609 2657 auditorum
1641 2601 1791 2655 laedit
1813 2600 1932 2654 ani-

361 2713 483 2753 mos
514 2697 581 2762 is,
613 2697 707 2766 qui
764 2706 955 2750 narrat
999 2711 1083 2760 ea,
1157 2711 1275 2765 qua:
1334 2709 1442 2748 non
1472 2706 1598 2747 sunt
1651 2693 1878 2748 honesta
1917 2709 1932 2757 ;

361 2797 574 2843 tantum
603 2791 670 2852 is,
723 2787 814 2856 qui
872 2787 1091 2842 silentio
1133 2785 1378 2857 praeterit
1435 2787 1607 2841 bonas
1667 2789 1932 2850 actiones,

360 2883 534 2953 privat
555 2879 674 2951 pios
703 2882 960 2946 utilitate,
999 2896 1162 2952 quam
1192 2889 1437 2935 erantex
1465 2878 1545 2933 eis
1585 2878 1929 2948 percepturi.

360 2974 435 3027 lia
456 2973 526 3028 de
555 2988 717 3028 causa
747 2972 1215 3044 religiosissimam
1257 2972 1552 3028 Autonomi
1583 2973 1775 3036 vitam,
1813 2983 1934 3039 quas

357 3067 426 3122 and
476 3081 575 3120 nos
610 3080 778 3134 usque
801 3065 1071 3134 pervenit,
1129 3066 1422 3119 statuimus
1489 3080 1598 3119 non
1644 3073 1828 3134 tegere
1863 3060 1933 3116 si-

357 3157 546 3220 lentio,
568 3156 662 3211 sed
702 3157 1007 3211 studuimus
1033 3173 1153 3212 eam
1184 3157 1395 3212 tradere
1427 3156 1531 3225 piis
1563 3157 1807 3210 auribus.
1838 3155 1931 3210 Et-

357 3247 505 3302 cnim
535 3247 599 3302 ad
631 3264 732 3304 nos
778 3255 1152 3318 pervenerunt
1175 3264 1261 3302 res
1288 3247 1562 3317 martyris,
1589 3247 1784 3318 partim
1808 3247 1931 3315 qui-

356 3341 480 3394 dem
515 3356 544 3394 a
575 3341 808 3411 quodam
834 3341 924 3410 qui
959 3356 1052 3394 eas
1078 3340 1298 3408 scripsit
1326 3348 1452 3394 ante
1478 3355 1578 3394 nos
1605 3357 1620 3407 ;
1655 3340 1811 3410 cujus
1831 3339 1933 3397 fuit

355 3433 573 3503 quidem
596 3435 734 3489 bona
761 3449 938 3499 mens,
971 3449 1078 3488 non
1111 3432 1282 3487 adfuit
1311 3442 1491 3488 autem
1514 3441 1568 3487 et
1593 3434 1931 3504 lingua,quae

357 3533 539 3592 posset
567 3535 966 3595 consequenter
992 3539 1144 3580 suam
1163 3524 1434 3593 explicare
1459 3526 1931 3590 sententiam,imo

265 3603 273 3610 ’
355 3622 581 3683 propter
598 3615 868 3670 inscitiam
892 3616 1062 3669 multa
1085 3617 1471 3679 confundebat,
1491 3627 1544 3671 et
1571 3618 1926 3687 contegebat:

355 3707 552 3775 partim
611 3715 791 3761 autem
846 3723 874 3761 a
905 3707 1036 3762 viris
1068 3709 1161 3778 qui
1194 3709 1249 3762 in
1275 3725 1486 3764 sacrum
1509 3709 1757 3763 ordinem
1776 3717 1931 3764 erant

355 3795 531 3850 allecti
555 3796 608 3850 in
627 3812 782 3851 sacro
800 3797 1002 3866 templo
1017 3797 1353 3866 martyris,et
1374 3801 1464 3867 qui
1491 3814 1672 3853 rerum
1693 3799 1928 3869 ipsarum

355 3884 641 3939 veritatem
705 3885 1021 3952 diligentius
1073 3885 1437 3956 inquisierant
1483 3895 1538 3940 et
1575 3887 1927 3958 collegerant.

425 4058 488 4114 ll.
524 4057 623 4114 Hic
647 4073 775 4130 ergo
799 4059 1019 4115 divinus
1046 4060 1406 4124 Autonomus,
1437 4073 1696 4118 Strenuus
1727 4066 1930 4122 athleta

354 4150 624 4212 veritatis.
658 4165 722 4205 ac
745 4152 1038 4221 episcopali
1073 4151 1339 4222 dignitate
1363 4163 1592 4209 ornatus
1638 4157 1692 4209 in
1748 4155 1926 4223 Italia,

353 4250 642 4310 postquam
677 4251 927 4312 tempore
960 4243 1280 4299 Diocletiani
1322 4247 1581 4316 cognovit
1607 4264 1732 4304 acre
1757 4259 1811 4304 et
1837 4267 1929 4304 ve-

353 4333 582 4387 hemens
604 4333 802 4389 bellum
821 4336 1067 4405 erupisse
1097 4337 1356 4392 adversus
1376 4339 1577 4392 Christi
1605 4339 1925 4407 Eeclesiam,

352 4423 671 4481 recordatus
749 4424 1061 4481 divinorum
1147 4428 1270 4496 ejus
1339 4431 1740 4495 mandatorum,
1832 4450 1928 4503 per

351 4529 472 4584 quas
519 4515 673 4585 jubet
735 4518 920 4587 utqui
985 4521 1332 4588 expelluntur
1379 4537 1443 4576 ex
1502 4539 1609 4578 una
1685 4526 1925 4592 civitate,

353 4605 566 4676 fugiant
595 4607 652 4661 in
681 4608 841 4662 aliam
907 4611 1054 4680 (nam
1078 4611 1171 4680 qui
1239 4621 1424 4667 manet
1475 4614 1718 4684 quidem.
1787 4633 1927 4687 prae-

355 4707 440 4753 ter
471 4698 548 4764 id,
605 4701 751 4769 quod
841 4717 948 4756 non
978 4712 1160 4770 potest
1217 4704 1416 4761 docere
1500 4707 1753 4776 verbum,
1810 4711 1925 4780 ipse

354 4805 574 4861 quoque
611 4793 842 4860 peribit;
901 4795 1095 4863 quodsi
1128 4796 1294 4851 fuerit
1329 4806 1573 4852 remotus
1621 4800 1688 4853 ab
1716 4799 1800 4862 iis,
1831 4802 1922 4870 qui

350 4892 781 4950 persequuntur,
822 4885 1024 4953 poterit
1095 4886 1312 4951 litteris,
1376 4896 1468 4942 aut
1527 4890 1691 4942 etiam
1740 4891 1920 4962 lingua

349 4973 650 5040 convenire
680 4977 1007 5046 quandoque
1036 4993 1252 5048 gregem
1273 4979 1500 5043 Christi,
1535 4998 1771 5052 eumque
1825 5000 1920 5039 et-

2037 2508 2231 2574 γεσθαι
2255 2507 2324 2561 τὰ
2358 2508 2432 2579 μὴ
2459 2508 2670 2572 δέοντα,
2721 2509 2815 2561 καὶ
2853 2509 2912 2561 τδ
2943 2508 3009 2562 τὰ
3051 2510 3194 2563 καλά
3217 2509 3418 2563 διδόναι
3455 2513 3611 2581 σιγῇ.

2035 2601 2146 2653 Καὶ
2189 2601 2296 2671 γὰρ
2326 2600 2451 2653 ὅσον
2482 2601 2508 2651 ὀ
2536 2600 2605 2652 τὰ
2639 2599 2714 2670 μὴ
2779 2600 2922 2654 καλὰ
2982 2600 3336 2671 διηγούμενος
3365 2600 3465 2664 τὰς
3499 2601 3612 2653 τῶν

2036 2694 2323 2764 ἀκροατῶν
2389 2693 2587 2756 ἔϐλαψε
2649 2693 2847 2762 ψυχὰς,
2907 2692 3160 2746 τοσοῦτον
3193 2694 3220 2744 ὁ
3264 2692 3362 2756 τὰς
3397 2691 3614 2760 ἀγαθὰς

2035 2785 2141 2838 τῶν
2167 2784 2420 2856 πράξεων
2454 2785 2578 2854 σιγῇ
2610 2786 2889 2854 παραδοὺς
2935 2785 3032 2853 τῆς
3061 2785 3117 2850 ἐξ
3142 2783 3318 2838 αὐτῶν
3337 2784 3612 2852 ὠφελείας

2032 2877 2158 2938 τούς
2219 2875 2560 2943 φιλευσεϐεἶς
2591 2877 2954 2946 ἀπεστέρησε.
2985 2875 3171 2946 Ταύτῃ
3206 2892 3286 2928 τοι
3329 2875 3422 2927 καὶ
3449 2875 3612 2944 ἡμεῖς

2033 2968 2124 3018 τὸν
2154 2965 2350 3034 μέχρις
2395 2964 2554 3034 ἡμῶν
2585 2965 2806 3017 ἐλθόντα
2844 2963 3242 3032 φιλοθεὼτατον
3297 2962 3606 3030 Αὐτονὸμου

2035 3057 2150 3126 βίον
2181 3059 2280 3112 οὐκ
2309 3058 2553 3127 ἔγνωμεν
2583 3060 2707 3127 σιγῇ
2738 3056 3110 3127 κατακρύψαι,
3142 3055 3274 3109 ἀλλὰ
3295 3053 3612 3124 φιλοκάλοις

2033 3149 2198 3202 αὐτὸν
2223 3151 2415 3213 ἀκοαῖς
2461 3148 2793 3218 παραδοῦναι
2842 3147 3329 3218 προεθυμήθημεν.
3360 3145 3608 3214 Ἐιρθασε

2033 3239 2144 3312 γὰρ
2176 3240 2272 3296 καὶ
2325 3242 2403 3304 είς
2444 3242 2591 3312 ἡμᾶς
2621 3242 2689 3295 τὰ
2719 3241 2813 3293 τοῦ
2849 3241 3147 3312 μάρτυρος,
3186 3239 3344 3292 τοῦτο
3379 3240 3476 3308 μὲν
3510 3238 3611 3291 καὶ

2032 3332 2141 3385 ἀπό
2187 3349 2333 3396 τινος
2385 3331 2494 3385 τῶν
2550 3333 2657 3403 πρὸ
2687 3333 2843 3403 ἡμῶν
2876 3335 2944 3384 τὰ
2981 3332 3189 3385 ἐκείνου
3225 3330 3604 3397 συντάξαντος,

2034 3427 2128 3478 καὶ
2166 3424 2373 3497 διανοίᾳ
2429 3425 2528 3496 μὲν
2575 3425 2754 3496 ἀγαθῇ
2810 3427 3179 3496 χρησαμένου,
3240 3423 3488 3492 γλῶτταν
3545 3422 3603 3474 δὲ

2032 3518 2287 3588 οὐδαμῶς
2322 3519 2727 3589 εὐπορήσαντος
2757 3521 2822 3588 τῇ
2850 3501 3606 3590 γνώμῃ⁶συνεπομὲνην,ἁλλ⁹

2031 3610 2243 3682 ἀμαθίᾳ
2284 3611 2351 3664 τὰ
2406 3611 2576 3664 πολλὰ
2617 3611 2934 3680 συγχέοντος
2970 3611 3066 3662 καὶ
3106 3608 3604 3677 συγκαλύπτοντος·

2032 3703 2193 3757 τοῦτο
2223 3703 2280 3758 δὲ
2311 3703 2404 3757 καὶ
2431 3703 2499 3756 δι’
2523 3702 2732 3772 ἀνδρῶν
2765 3701 2873 3754 τῶν
2905 3702 3156 3771 ἱερᾶσθαι
3178 3700 3450 3771 λαχόντων
3479 3698 3607 3753 κατ’

2033 3795 2196 3848 αὐτδν
2228 3795 2321 3848 τὸν
2351 3793 2444 3846 τοῦ
2476 3793 2752 3865 μάρτυρος
2782 3792 2954 3860 εὐαγῆ
2979 3794 3127 3853 ναὸν,
3147 3792 3241 3845 καὶ
3276 3790 3476 3860 μᾶλλον
3501 3789 3607 3842 αὐ-

2017 3887 2142 3939 ·τῶν
2174 3885 2273 3955 τὴν
2301 3885 2411 3939 τῶν
2449 3885 2793 3956 πραγμάτων
2819 3883 3082 3955 ἀλήθειαν
3099 3884 3166 3938 δι’
3196 3881 3607 3953 ἐμμελεστέρας

2031 3978 2310 4048 ζητήσεως
2349 3978 2784 4047 ἐφανισαμένων.

2103 4068 2178 4124 B’.
2232 4065 2400 4134 Οὗτος
2457 4071 2638 4124 τοίνυν
2683 4071 2712 4122 ὁ
2742 4069 2884 4132 θεῖος
2943 4068 3326 4138 Αὐτόνομος,ὀ
3358 4068 3605 4135 γενναῖος

2030 4165 2130 4235 τῆς
2177 4163 2460 4225 εὐσεϐείας
2504 4161 2835 4231 ἀγωνιστὴς,
2856 4161 2934 4231 τῷ
2972 4160 3071 4230 τῆς
3109 4159 3415 4226 ἐπισκοπῆς
3444 4157 3605 4222 ἀξιώ-

2034 4275 2167 4328 ματι
2206 4257 2350 4312 κατὰ
2409 4257 2506 4326 τὴν
2580 4253 2810 4308 Ἰταλίαν
2862 4251 3278 4324 ὲμπρέπων,ὡς
3310 4251 3479 4304 πολὺν
3509 4250 3602 4302 καὶ

2030 4351 2307 4422 ἀφόρητον
2336 4348 2476 4416 ἔγνω
2510 4346 2602 4400 τὸν
2635 4347 2727 4398 ὲπὶ
2758 4344 3145 4415 Διοκλητιανοῦ
3177 4345 3319 4399 κατὰ
3356 4345 3457 4416 τῆς
3506 4343 3604 4396 τοῦ

2028 4441 2267 4510 Χριστοῦ
2309 4439 2639 4509 Ἐκκλησίας
2671 4439 2909 4506 ῥαγέντα
2959 4437 3218 4507 πόλεμον,
3257 4439 3339 4499 εἰς
3376 4437 3603 4507 μνήμην

2029 4535 2198 4588 ἐλθὼν
2234 4532 2343 4584 τῶν
2393 4531 2554 4584 θείων
2593 4528 2758 4582 αὐτοῦ
2807 4527 3060 4590 ἐντολῶν,
3092 4527 3161 4580 δι’
3193 4523 3268 4581 ὧν
3319 4527 3602 4580 ἐπιτάττει

2013 4629 2154 4689 ιτούς
2186 4628 2251 4679 ἐκ
2289 4623 2451 4692 τῆσδε.
2480 4621 2580 4691 τῆς
2612 4621 2821 4684 πόλεως
2857 4620 3330 4690 ἀπελαυνομένους
3377 4618 3642 4687 φεύγειν⁶

2028 4723 2107 4776 εἰς
2142 4720 2239 4788 τὴν
2265 4718 2480 4785 ἑτέραν,
2500 4715 2593 4768 καὶ
2624 4715 2777 4775 εἰδὼς
2808 4713 2888 4767 ὅτι
2919 4712 3096 4783 μένων
3127 4713 3224 4778 μὲν
3248 4712 3382 4782 πρὸς
3413 4710 3492 4781 τῷ
3526 4710 3603 4780 μὴ

2027 4811 2291 4865 δύνασθαι
2334 4809 2427 4862 τὸν
2475 4805 2632 4874 λόγον
2666 4806 2939 4859 διδάσκειν
2975 4805 3068 4860 καὶ
3101 4803 3261 4866 αὐτὸς
3292 4803 3600 4868 ἀπολεῖται,

2028 4903 2218 4971 πόρρω
2252 4900 2309 4953 δὲ
2349 4899 2456 4952 τῶν
2489 4900 2793 4952 διωκόντων
2839 4896 3134 4966 γενόμενος
3165 4894 3393 4955 δυνατὸς
3443 4893 3603 4946 ἔσται

2026 4991 2408 5064 γράμμασινῆ
2440 4992 2534 5044 καὶ
2593 4991 2812 5061 γλώσσῃ
2848 4988 2979 5042 ποτὲ
3009 4988 3088 5056 τῷ
3119 4986 3353 5057 ποιμνίῳ
3402 5003 3464 5038 τε
3504 4987 3601 5038 τοῦ

349 5059 558 5116 hortari
583 5075 639 5117 et
665 5068 992 5122 conﬁrmare
1024 5069 1092 5122 ad
1149 5068 1404 5138 pietatem
1441 5088 1456 5133 ;
1496 5072 1794 5140 quinetiam
1825 5092 1920 5130 eos

2032 5059 2262 5156 K‘ptoroﬁ
2288 5059 2631 5152 διαλέγεσθαι
2663 5083 2757 5135 καὶ
2787 5059 2924 5152 πρὸς
2948 5082 3229 5136 εὐσέϐειαν
3259 5080 3602 5147 ἐπαλείφειν,

345 5151 620 5221 quierant
645 5157 698 5210 in
737 5159 1316 5230 tenebrisimpietatis,
1345 5161 1617 5217 deducere
1639 5165 1703 5219 ad
1744 5167 1918 5221 lucrm

2032 5151 2158 5229 ἄλλα
2188 5176 2281 5226 καὶ
2311 5174 2437 5235 τοὺς
2475 5174 2531 5226 ἐν
2572 5173 2754 5225 σκότει
2797 5151 3182 5242 πλανωμένους
3218 5172 3316 5240 τῆς
3345 5170 3603 5234 ἀσεϐείας

345 5245 646 5318 veritatis);
698 5249 888 5303 relicta
929 5249 1105 5316 Italia,
1177 5252 1324 5307 venit
1365 5254 1419 5307 in
1472 5253 1804 5327 Bithyniam,
1867 5269 1921 5312 ct

2032 5267 2156 5338 πρὸς
2172 5268 2232 5318 τὸ
2248 5265 2343 5334 τῆς
2359 5264 2616 5333 ἀληθείας
2634 5264 2836 5333 φέγγος
2852 5265 3235 5333 χειραγωγεῖν,
3255 5262 3352 5334 τὴν
3365 5263 3601 5317 Ἰταλίαν

343 5335 588 5407 divinum
621 5350 816 5395 nutum
846 5357 1104 5413 sequens,
1137 5345 1357 5400 venitin
1393 5347 1569 5402 locum
1601 5351 1918 5418 quemdam,

2032 5358 2344 5413 καταλιπὼν
2409 5359 2723 5427 ἀφικνεῖται
2787 5357 2923 5427 πρὸς
2975 5357 3374 5418 Βιθυνίαν,καὶ
3427 5357 3600 5421 θείοις

339 5439 428 5479 Clll
466 5443 668 5484 nomen
723 5433 942 5501 quidem
996 5445 1114 5490 erat
1159 5435 1359 5503 Sorei;
1408 5441 1545 5493 situs
1593 5450 1675 5494 est
1730 5451 1913 5497 autem

2032 5449 2408 5504 ιπακολουθῶν
2455 5450 2683 5515 νεύμασι
2739 5448 2986 5519 πρόσεισι
3037 5448 3221 5518 χωρίῳ
3249 5449 3356 5500 τινὶ
3393 5440 3438 5514 ᾧ
3472 5446 3599 5499 τοῦ-

341 5517 406 5572 ad
439 5519 721 5578 dexteram
747 5527 796 5580 ei
827 5531 919 5596 qui
966 5529 1184 5599 navigat
1210 5529 1263 5583 in
1312 5532 1491 5586 sinum
1532 5531 1860 5590 Nicomediae
1895 5553 1910 5592 :

2032 5553 2168 5606 νομα
2200 5538 2300 5605 μὲν
2333 5539 2568 5606 Σωρεοί⁸
2601 5517 2789 5591 κεῖται
2811 5538 2869 5590 δὲ
2899 5539 2956 5590 ἐν
2990 5537 3141 5608 δεξιᾷ
3174 5517 3252 5608 τῷ
3285 5536 3596 5590 εἰσπλέοντι

2022 5629 2114 5683 τὸν
2177 5632 2276 5702 τῆς
2325 5633 2664 5704 Νικομηδίας
2721 5634 2961 5688 κόλπον
2993 5635 3088 5686 καὶ
3143 5632 3410 5698 ξενίζεται
3461 5635 3594 5704 παρ’

2021 5723 2175 5794 ἀνδρὶ
2202 5723 2486 5795 Κορνηλίῳ
2517 5726 2611 5795 τὴν
2648 5725 2855 5796 κλῆσιν.
2891 5725 2961 5778 Συ
2967 5723 3090 5795 χνὸν
3117 5742 3170 5779 τε
3205 5725 3394 5795 χρόνον
3423 5741 3588 5795 προσσ

339 5617 394 5661 et
426 5609 665 5683 hospitio
708 5618 977 5690 excipitur
1007 5636 1035 5675 a
1089 5621 1325 5691 quodam
1367 5627 1587 5678 nomine
1637 5625 1910 5683 Cornelio.

338 5696 494 5766 Apud
515 5718 677 5770 quem
715 5723 835 5762 cum
885 5709 1044 5782 longe
1101 5723 1350 5784 tempore
1407 5715 1598 5774 fuisset
1642 5728 1910 5787 versatus,
