  <div class='ocr_page' id='page_1' title='image "/cluster/home/n/w/nwhite01/storage/ocr_20150623/115:no.2/coo.31924054870195/354.png"; bbox 0 0 4002 6428; ppageno 0'>
   <div class='ocr_carea' id='block_1_1' title="bbox 277 371 389 443">
    <p class='ocr_par' dir='ltr' id='par_1_1' title="bbox 277 371 389 443">
     <span class='ocr_line' id='line_1_1' title="bbox 277 371 389 443; baseline -0.009 0"><span class='ocrx_word' id='word_1_1' title='bbox 277 371 389 443; x_wconf 61' lang='lat'><strong>$93</strong></span> 
     </span>
    </p>
   </div>
   <div class='ocr_carea' id='block_1_2' title="bbox 1392 369 2428 446">
    <p class='ocr_par' dir='ltr' id='par_1_2' title="bbox 1392 369 2428 446">
     <span class='ocr_line' id='line_1_2' title="bbox 1392 369 2428 446; baseline 0.003 -5"><span class='ocrx_word' id='word_1_2' title='bbox 1392 383 1854 446; x_wconf 73' lang='lat' dir='ltr'><strong>MARTYRIUM</strong></span> <span class='ocrx_word' id='word_1_3' title='bbox 1898 384 1958 444; x_wconf 90' lang='lat' dir='ltr'><strong>s.</strong></span> <span class='ocrx_word' id='word_1_4' title='bbox 2003 369 2428 446; x_wconf 80' lang='lat' dir='ltr'><strong>AUTONOMI.</strong></span> 
     </span>
    </p>
   </div>
   <div class='ocr_carea' id='block_1_3' title="bbox 3426 383 3530 446">
    <p class='ocr_par' dir='ltr' id='par_1_3' title="bbox 3426 383 3530 446">
     <span class='ocr_line' id='line_1_3' title="bbox 3426 383 3530 446; baseline 0.038 -5"><span class='ocrx_word' id='word_1_5' title='bbox 3426 383 3530 446; x_wconf 63' lang='lat'><strong>6154</strong></span> 
     </span>
    </p>
   </div>
   <div class='ocr_carea' id='block_1_4' title="bbox 275 488 1889 566">
    <p class='ocr_par' dir='ltr' id='par_1_4' title="bbox 275 488 1867 564">
     <span class='ocr_line' id='line_1_4' title="bbox 275 488 1867 564; baseline 0.003 -20"><span class='ocrx_word' id='word_1_6' title='bbox 275 488 571 560; x_wconf 73' lang='grc' dir='ltr'><strong>διατρίψας</strong></span> <span class='ocrx_word' id='word_1_7' title='bbox 613 489 782 561; x_wconf 82' lang='grc' dir='ltr'><strong>αὐτῷ,</strong></span> <span class='ocrx_word' id='word_1_8' title='bbox 827 494 1148 562; x_wconf 74' lang='grc' dir='ltr'><strong>καταρτίζει</strong></span> <span class='ocrx_word' id='word_1_9' title='bbox 1196 495 1296 564; x_wconf 76' lang='grc' dir='ltr'><strong>μὶν</strong></span> <span class='ocrx_word' id='word_1_10' title='bbox 1327 495 1492 548; x_wconf 78' lang='grc' dir='ltr'><strong>αὐτὸν</strong></span> <span class='ocrx_word' id='word_1_11' title='bbox 1537 497 1658 558; x_wconf 84' lang='grc' dir='ltr'><strong>ταῖς</strong></span> <span class='ocrx_word' id='word_1_12' title='bbox 1717 495 1867 549; x_wconf 87' lang='grc' dir='ltr'><strong>διδα-</strong></span> 
     </span>
    </p>
   </div>
   <div class='ocr_carea' id='block_1_5' title="bbox 1995 488 3541 566">
    <p class='ocr_par' dir='ltr' id='par_1_5' title="bbox 1995 496 3541 566">
     <span class='ocr_line' id='line_1_5' title="bbox 1995 496 3541 566; baseline 0.002 -14"><span class='ocrx_word' id='word_1_13' title='bbox 1995 513 2100 552; x_wconf 66' lang='lat' dir='ltr'><strong>sum</strong></span> <span class='ocrx_word' id='word_1_14' title='bbox 2132 497 2353 566; x_wconf 98' lang='lat' dir='ltr'><strong>quidem</strong></span> <span class='ocrx_word' id='word_1_15' title='bbox 2379 497 2591 566; x_wconf 80' lang='lat' dir='ltr'><strong>perlicit</strong></span> <span class='ocrx_word' id='word_1_16' title='bbox 2611 496 2897 553; x_wconf 77' lang='lat' dir='ltr'><strong>doctrina:</strong></span> <span class='ocrx_word' id='word_1_17' title='bbox 2929 497 3021 553; x_wconf 88' lang='lat' dir='ltr'><strong>Dei</strong></span> <span class='ocrx_word' id='word_1_18' title='bbox 3057 506 3236 553; x_wconf 87' lang='lat' dir='ltr'><strong>autem</strong></span> <span class='ocrx_word' id='word_1_19' title='bbox 3303 501 3541 555; x_wconf 68' lang='lat' dir='ltr'><strong>oratoria</strong></span> 
     </span>
    </p>
   </div>
   <div class='ocr_carea' id='block_1_6' title="bbox 277 577 1868 657">
    <p class='ocr_par' dir='ltr' id='par_1_6' title="bbox 277 577 1868 657">
     <span class='ocr_line' id='line_1_6' title="bbox 277 577 1868 657; baseline 0.001 -21"><span class='ocrx_word' id='word_1_20' title='bbox 277 582 532 644; x_wconf 81' lang='grc' dir='ltr'><strong>σκαλίαις</strong></span> <span class='ocrx_word' id='word_1_21' title='bbox 556 598 569 612; x_wconf 70' lang='grc' dir='ltr'><strong>ο</strong></span> <span class='ocrx_word' id='word_1_22' title='bbox 599 577 754 636; x_wconf 70' lang='grc' dir='ltr'><strong>οἶκον</strong></span> <span class='ocrx_word' id='word_1_23' title='bbox 783 583 840 636; x_wconf 82' lang='grc' dir='ltr'><strong>δὲ</strong></span> <span class='ocrx_word' id='word_1_24' title='bbox 871 583 1008 637; x_wconf 85' lang='grc' dir='ltr'><strong>Θεοῦ</strong></span> <span class='ocrx_word' id='word_1_25' title='bbox 1041 584 1401 657; x_wconf 73' lang='grc' dir='ltr'><strong>οἰκοδομήσας</strong></span> <span class='ocrx_word' id='word_1_26' title='bbox 1424 586 1733 656; x_wconf 85' lang='grc' dir='ltr'><strong>εὐκτήριον,</strong></span> <span class='ocrx_word' id='word_1_27' title='bbox 1761 588 1868 640; x_wconf 81' lang='grc' dir='ltr'><strong>Μι-</strong></span> 
     </span>
    </p>
   </div>
   <div class='ocr_carea' id='block_1_7' title="bbox 284 673 1873 748">
    <p class='ocr_par' dir='ltr' id='par_1_7' title="bbox 284 673 1873 748">
     <span class='ocr_line' id='line_1_7' title="bbox 284 673 1873 748; baseline 0.003 -22"><span class='ocrx_word' id='word_1_28' title='bbox 284 673 427 744; x_wconf 74' lang='grc' dir='ltr'><strong>χαὴλ</strong></span> <span class='ocrx_word' id='word_1_29' title='bbox 460 674 540 744; x_wconf 82' lang='grc' dir='ltr'><strong>τῷ</strong></span> <span class='ocrx_word' id='word_1_30' title='bbox 567 674 678 729; x_wconf 85' lang='grc' dir='ltr'><strong>τῶν</strong></span> <span class='ocrx_word' id='word_1_31' title='bbox 711 675 960 742; x_wconf 83' lang='grc' dir='ltr'><strong>ἀγγέλων</strong></span> <span class='ocrx_word' id='word_1_32' title='bbox 1010 676 1244 746; x_wconf 77' lang='grc' dir='ltr'><strong>ἀρχηγῷ</strong></span> <span class='ocrx_word' id='word_1_33' title='bbox 1289 677 1740 746; x_wconf 81' lang='grc' dir='ltr'><strong>καθωσιωμένον,</strong></span> <span class='ocrx_word' id='word_1_34' title='bbox 1761 695 1873 748; x_wconf 84' lang='grc' dir='ltr'><strong>χει-</strong></span> 
     </span>
    </p>
   </div>
   <div class='ocr_carea' id='block_1_8' title="bbox 280 766 1872 838">
    <p class='ocr_par' dir='ltr' id='par_1_8' title="bbox 280 766 1872 838">
     <span class='ocr_line' id='line_1_8' title="bbox 280 766 1872 838; baseline 0.002 -21"><span class='ocrx_word' id='word_1_35' title='bbox 280 768 495 837; x_wconf 78' lang='grc' dir='ltr'><strong>ροτονεῖ</strong></span> <span class='ocrx_word' id='word_1_36' title='bbox 543 766 634 819; x_wconf 79' lang='grc' dir='ltr'><strong>τὸν</strong></span> <span class='ocrx_word' id='word_1_37' title='bbox 686 768 985 836; x_wconf 83' lang='grc' dir='ltr'><strong>Κορνήλιον</strong></span> <span class='ocrx_word' id='word_1_38' title='bbox 1037 769 1095 820; x_wconf 81' lang='grc' dir='ltr'><strong>ἐν</strong></span> <span class='ocrx_word' id='word_1_39' title='bbox 1146 768 1297 838; x_wconf 84' lang='grc' dir='ltr'><strong>αὑτῷ</strong></span> <span class='ocrx_word' id='word_1_40' title='bbox 1339 770 1437 835; x_wconf 77' lang='grc' dir='ltr'><strong>τῆς</strong></span> <span class='ocrx_word' id='word_1_41' title='bbox 1473 769 1747 832; x_wconf 75' lang='grc' dir='ltr'><strong>διακονίας</strong></span> <span class='ocrx_word' id='word_1_42' title='bbox 1798 767 1872 838; x_wconf 79' lang='grc' dir='ltr'><strong>τῷ</strong></span> 
     </span>
    </p>
   </div>
   <div class='ocr_carea' id='block_1_9' title="bbox 282 853 1871 928">
    <p class='ocr_par' dir='ltr' id='par_1_9' title="bbox 282 853 1871 928">
     <span class='ocr_line' id='line_1_9' title="bbox 282 853 1871 928; baseline 0.001 -19"><span class='ocrx_word' id='word_1_43' title='bbox 282 853 592 923; x_wconf 76' lang='grc' dir='ltr'><strong>ἀξιώματιο</strong></span> <span class='ocrx_word' id='word_1_44' title='bbox 631 856 726 908; x_wconf 74' lang='grc' dir='ltr'><strong>καὶ</strong></span> <span class='ocrx_word' id='word_1_45' title='bbox 793 855 944 925; x_wconf 83' lang='grc' dir='ltr'><strong>αὑτῴ</strong></span> <span class='ocrx_word' id='word_1_46' title='bbox 997 856 1274 924; x_wconf 80' lang='grc' dir='ltr'><strong>παραδοὺς</strong></span> <span class='ocrx_word' id='word_1_47' title='bbox 1333 857 1431 928; x_wconf 83' lang='grc' dir='ltr'><strong>τὴν</strong></span> <span class='ocrx_word' id='word_1_48' title='bbox 1483 857 1593 909; x_wconf 85' lang='grc' dir='ltr'><strong>τῶν</strong></span> <span class='ocrx_word' id='word_1_49' title='bbox 1658 859 1871 910; x_wconf 80' lang='grc' dir='ltr'><strong>πιστῶν</strong></span> 
     </span>
    </p>
   </div>
   <div class='ocr_carea' id='block_1_10' title="bbox 285 945 1872 1016">
    <p class='ocr_par' dir='ltr' id='par_1_10' title="bbox 285 945 1872 1016">
     <span class='ocr_line' id='line_1_10' title="bbox 285 945 1872 1016; baseline 0.001 -18"><span class='ocrx_word' id='word_1_50' title='bbox 285 945 632 1014; x_wconf 74' lang='grc' dir='ltr'><strong>ἐπιμέλειαν,</strong></span> <span class='ocrx_word' id='word_1_51' title='bbox 659 947 752 996; x_wconf 69' lang='grc' dir='ltr'><strong>ἐπὶ</strong></span> <span class='ocrx_word' id='word_1_52' title='bbox 784 947 884 1016; x_wconf 72' lang='grc' dir='ltr'><strong>τὴν</strong></span> <span class='ocrx_word' id='word_1_53' title='bbox 905 947 1197 1000; x_wconf 85' lang='grc' dir='ltr'><strong>Λυκαόνων</strong></span> <span class='ocrx_word' id='word_1_54' title='bbox 1224 949 1319 1000; x_wconf 79' lang='grc' dir='ltr'><strong>καὶ</strong></span> <span class='ocrx_word' id='word_1_55' title='bbox 1358 946 1620 1015; x_wconf 86' lang='grc' dir='ltr'><strong>Ίσαύρων</strong></span> <span class='ocrx_word' id='word_1_56' title='bbox 1661 949 1872 1008; x_wconf 80' lang='grc' dir='ltr'><strong>ἐκεῖνος</strong></span> 
     </span>
    </p>
   </div>
   <div class='ocr_carea' id='block_1_11' title="bbox 282 1037 1874 1110">
    <p class='ocr_par' dir='ltr' id='par_1_11' title="bbox 282 1037 1874 1110">
     <span class='ocr_line' id='line_1_11' title="bbox 282 1037 1874 1110; baseline 0.002 -20"><span class='ocrx_word' id='word_1_57' title='bbox 282 1039 538 1106; x_wconf 78' lang='grc' dir='ltr'><strong>ἀπαίρει,</strong></span> <span class='ocrx_word' id='word_1_58' title='bbox 571 1037 747 1108; x_wconf 82' lang='grc' dir='ltr'><strong>κῆρυξ</strong></span> <span class='ocrx_word' id='word_1_59' title='bbox 773 1039 934 1090; x_wconf 79' lang='grc' dir='ltr'><strong>κάκεῖ</strong></span> <span class='ocrx_word' id='word_1_60' title='bbox 964 1040 1215 1104; x_wconf 69' lang='grc' dir='ltr'><strong>γενέσθαι</strong></span> <span class='ocrx_word' id='word_1_61' title='bbox 1258 1041 1356 1108; x_wconf 73' lang='grc' dir='ltr'><strong>τῆς</strong></span> <span class='ocrx_word' id='word_1_62' title='bbox 1413 1039 1695 1102; x_wconf 75' lang='grc' dir='ltr'><strong>εὐσεϐείας</strong></span> <span class='ocrx_word' id='word_1_63' title='bbox 1743 1057 1874 1110; x_wconf 89' lang='grc' dir='ltr'><strong>προ-</strong></span> 
     </span>
    </p>
   </div>
   <div class='ocr_carea' id='block_1_12' title="bbox 282 1127 1874 1203">
    <p class='ocr_par' dir='ltr' id='par_1_12' title="bbox 282 1127 1874 1203">
     <span class='ocr_line' id='line_1_12' title="bbox 282 1127 1874 1203; baseline 0.001 -21"><span class='ocrx_word' id='word_1_64' title='bbox 282 1131 648 1201; x_wconf 84' lang='grc' dir='ltr'><strong>θυμούμενος.</strong></span> <span class='ocrx_word' id='word_1_65' title='bbox 687 1127 816 1184; x_wconf 77' lang='grc' dir='ltr'><strong>Εἶτα</strong></span> <span class='ocrx_word' id='word_1_66' title='bbox 850 1133 1009 1185; x_wconf 83' lang='grc' dir='ltr'><strong>πάλιν</strong></span> <span class='ocrx_word' id='word_1_67' title='bbox 1039 1132 1350 1185; x_wconf 79' lang='grc' dir='ltr'><strong>ἐπανελθὼν</strong></span> <span class='ocrx_word' id='word_1_68' title='bbox 1394 1132 1530 1202; x_wconf 76' lang='grc' dir='ltr'><strong>πρὸς</strong></span> <span class='ocrx_word' id='word_1_69' title='bbox 1572 1134 1874 1203; x_wconf 82' lang='grc' dir='ltr'><strong>Κορνήλιον</strong></span> 
     </span>
    </p>
   </div>
   <div class='ocr_carea' id='block_1_13' title="bbox 284 1222 1876 1292">
    <p class='ocr_par' dir='ltr' id='par_1_13' title="bbox 284 1222 1876 1292">
     <span class='ocr_line' id='line_1_13' title="bbox 284 1222 1876 1292; baseline 0 -18"><span class='ocrx_word' id='word_1_70' title='bbox 284 1223 385 1274; x_wconf 78' lang='grc' dir='ltr'><strong>καὶ</strong></span> <span class='ocrx_word' id='word_1_71' title='bbox 412 1222 508 1275; x_wconf 79' lang='grc' dir='ltr'><strong>τὸν</strong></span> <span class='ocrx_word' id='word_1_72' title='bbox 543 1222 954 1291; x_wconf 48' lang='grc' dir='ltr'><strong>καταϐλτοθέντα</strong></span> <span class='ocrx_word' id='word_1_73' title='bbox 984 1223 1185 1292; x_wconf 86' lang='grc' dir='ltr'><strong>σπόρον</strong></span> <span class='ocrx_word' id='word_1_74' title='bbox 1221 1223 1370 1292; x_wconf 84' lang='grc' dir='ltr'><strong>αὐτῷ</strong></span> <span class='ocrx_word' id='word_1_75' title='bbox 1403 1226 1502 1292; x_wconf 79' lang='grc' dir='ltr'><strong>τῆς</strong></span> <span class='ocrx_word' id='word_1_76' title='bbox 1548 1225 1876 1292; x_wconf 87' lang='grc' dir='ltr'><strong>θεογνωσίας·</strong></span> 
     </span>
    </p>
   </div>
   <div class='ocr_carea' id='block_1_14' title="bbox 284 1311 1874 1386">
    <p class='ocr_par' dir='ltr' id='par_1_14' title="bbox 284 1311 1874 1386">
     <span class='ocr_line' id='line_1_14' title="bbox 284 1311 1874 1386; baseline -0.001 -20"><span class='ocrx_word' id='word_1_77' title='bbox 284 1313 556 1383; x_wconf 75' lang='grc' dir='ltr'><strong>πολύχουν</strong></span> <span class='ocrx_word' id='word_1_78' title='bbox 588 1314 968 1384; x_wconf 71' lang='grc' dir='ltr'><strong>βλαστήσαντα</strong></span> <span class='ocrx_word' id='word_1_79' title='bbox 1003 1315 1215 1384; x_wconf 73' lang='grc' dir='ltr'><strong>καρπον</strong></span> <span class='ocrx_word' id='word_1_80' title='bbox 1247 1313 1522 1386; x_wconf 80' lang='grc' dir='ltr'><strong>εὑρηκὼς,</strong></span> <span class='ocrx_word' id='word_1_81' title='bbox 1552 1315 1646 1366; x_wconf 71' lang='grc' dir='ltr'><strong>ἐπὶ</strong></span> <span class='ocrx_word' id='word_1_82' title='bbox 1670 1312 1760 1364; x_wconf 68' lang='grc' dir='ltr'><strong>τὸν</strong></span> <span class='ocrx_word' id='word_1_83' title='bbox 1779 1311 1874 1365; x_wconf 89' lang='grc' dir='ltr'><strong>τοῦ</strong></span> 
     </span>
    </p>
   </div>
   <div class='ocr_carea' id='block_1_15' title="bbox 288 1405 1878 1474">
    <p class='ocr_par' dir='ltr' id='par_1_15' title="bbox 288 1405 1878 1474">
     <span class='ocr_line' id='line_1_15' title="bbox 288 1405 1878 1474; baseline 0.001 -18"><span class='ocrx_word' id='word_1_84' title='bbox 288 1405 672 1474; x_wconf 77' lang='grc' dir='ltr'><strong>πρεσϐυτέρου</strong></span> <span class='ocrx_word' id='word_1_85' title='bbox 706 1406 916 1474; x_wconf 65' lang='grc' dir='ltr'><strong>βαθμὸν</strong></span> <span class='ocrx_word' id='word_1_86' title='bbox 978 1407 1177 1463; x_wconf 83' lang='grc' dir='ltr'><strong>εὐθέως</strong></span> <span class='ocrx_word' id='word_1_87' title='bbox 1214 1406 1431 1473; x_wconf 83' lang='grc' dir='ltr'><strong>ἀνάγει.</strong></span> <span class='ocrx_word' id='word_1_88' title='bbox 1495 1405 1651 1458; x_wconf 63' lang='grc' dir='ltr'><strong>Ἐπεὶ⁸</strong></span> <span class='ocrx_word' id='word_1_89' title='bbox 1681 1405 1739 1459; x_wconf 72' lang='grc' dir='ltr'><strong>δὲ</strong></span> <span class='ocrx_word' id='word_1_90' title='bbox 1781 1407 1878 1457; x_wconf 74' lang='grc' dir='ltr'><strong>καὶ</strong></span> 
     </span>
    </p>
   </div>
   <div class='ocr_carea' id='block_1_16' title="bbox 286 1495 1877 1568">
    <p class='ocr_par' dir='ltr' id='par_1_16' title="bbox 286 1495 1877 1568">
     <span class='ocr_line' id='line_1_16' title="bbox 286 1495 1877 1568; baseline 0.002 -21"><span class='ocrx_word' id='word_1_91' title='bbox 286 1495 676 1565; x_wconf 81' lang='grc' dir='ltr'><strong>Διοκλητιανὸς</strong></span> <span class='ocrx_word' id='word_1_92' title='bbox 710 1497 790 1559; x_wconf 80' lang='grc' dir='ltr'><strong>εἰς</strong></span> <span class='ocrx_word' id='word_1_93' title='bbox 829 1498 929 1562; x_wconf 78' lang='grc' dir='ltr'><strong>τὴν</strong></span> <span class='ocrx_word' id='word_1_94' title='bbox 964 1497 1310 1568; x_wconf 79' lang='grc' dir='ltr'><strong>Νικομήδους</strong></span> <span class='ocrx_word' id='word_1_95' title='bbox 1340 1497 1550 1567; x_wconf 76' lang='grc' dir='ltr'><strong>⁴ήκοντα</strong></span> <span class='ocrx_word' id='word_1_96' title='bbox 1577 1496 1741 1564; x_wconf 78' lang='grc' dir='ltr'><strong>ἔγνω,</strong></span> <span class='ocrx_word' id='word_1_97' title='bbox 1767 1497 1877 1550; x_wconf 77' lang='grc' dir='ltr'><strong>πᾶν</strong></span> 
     </span>
    </p>
   </div>
   <div class='ocr_carea' id='block_1_17' title="bbox 292 1585 1879 1659">
    <p class='ocr_par' dir='ltr' id='par_1_17' title="bbox 292 1585 1879 1659">
     <span class='ocr_line' id='line_1_17' title="bbox 292 1585 1879 1659; baseline 0.001 -21"><span class='ocrx_word' id='word_1_98' title='bbox 292 1585 392 1654; x_wconf 78' lang='grc' dir='ltr'><strong>μὲν</strong></span> <span class='ocrx_word' id='word_1_99' title='bbox 424 1588 582 1652; x_wconf 81' lang='grc' dir='ltr'><strong>γένος</strong></span> <span class='ocrx_word' id='word_1_100' title='bbox 613 1587 982 1655; x_wconf 78' lang='grc' dir='ltr'><strong>Χριστιανῶν,</strong></span> <span class='ocrx_word' id='word_1_101' title='bbox 1008 1593 1101 1642; x_wconf 81' lang='grc' dir='ltr'><strong>καὶ</strong></span> <span class='ocrx_word' id='word_1_102' title='bbox 1128 1589 1351 1659; x_wconf 82' lang='grc' dir='ltr'><strong>ήλικίαν</strong></span> <span class='ocrx_word' id='word_1_103' title='bbox 1381 1590 1564 1642; x_wconf 78' lang='grc' dir='ltr'><strong>πᾶσαν</strong></span> <span class='ocrx_word' id='word_1_104' title='bbox 1589 1589 1879 1659; x_wconf 69' lang='grc' dir='ltr'><strong>ἐκτέμνειν</strong></span> 
     </span>
    </p>
   </div>
   <div class='ocr_carea' id='block_1_18' title="bbox 291 1675 1878 1751">
    <p class='ocr_par' dir='ltr' id='par_1_18' title="bbox 291 1675 1878 1751">
     <span class='ocr_line' id='line_1_18' title="bbox 291 1675 1878 1751; baseline 0.003 -24"><span class='ocrx_word' id='word_1_105' title='bbox 291 1675 684 1740; x_wconf 74' lang='grc' dir='ltr'><strong>σπουδάζοντα,</strong></span> <span class='ocrx_word' id='word_1_106' title='bbox 725 1675 1004 1744; x_wconf 76' lang='grc' dir='ltr'><strong>ἐξαίρετον</strong></span> <span class='ocrx_word' id='word_1_107' title='bbox 1055 1679 1115 1732; x_wconf 85' lang='grc' dir='ltr'><strong>δέ</strong></span> <span class='ocrx_word' id='word_1_108' title='bbox 1161 1697 1285 1733; x_wconf 90' lang='grc' dir='ltr'><strong>τινα</strong></span> <span class='ocrx_word' id='word_1_109' title='bbox 1320 1680 1418 1734; x_wconf 76' lang='grc' dir='ltr'><strong>καὶ</strong></span> <span class='ocrx_word' id='word_1_110' title='bbox 1457 1679 1878 1751; x_wconf 76' lang='grc' dir='ltr'><strong>μεμεριμνημέο</strong></span> 
     </span>
    </p>
   </div>
   <div class='ocr_carea' id='block_1_19' title="bbox 290 1767 1879 1844">
    <p class='ocr_par' dir='ltr' id='par_1_19' title="bbox 290 1767 1879 1844">
     <span class='ocr_line' id='line_1_19' title="bbox 290 1767 1879 1844; baseline 0.003 -24"><span class='ocrx_word' id='word_1_111' title='bbox 290 1784 387 1836; x_wconf 80' lang='grc' dir='ltr'><strong>νην</strong></span> <span class='ocrx_word' id='word_1_112' title='bbox 415 1767 512 1838; x_wconf 81' lang='grc' dir='ltr'><strong>τὴν</strong></span> <span class='ocrx_word' id='word_1_113' title='bbox 540 1770 626 1820; x_wconf 79' lang='grc' dir='ltr'><strong>ἐπ’</strong></span> <span class='ocrx_word' id='word_1_114' title='bbox 656 1769 968 1840; x_wconf 82' lang='grc' dir='ltr'><strong>Αὐτονόμου</strong></span> <span class='ocrx_word' id='word_1_115' title='bbox 1007 1772 1335 1840; x_wconf 76' lang='grc' dir='ltr'><strong>ποιουμένην</strong></span> <span class='ocrx_word' id='word_1_116' title='bbox 1387 1772 1635 1844; x_wconf 76' lang='grc' dir='ltr'><strong>ζήτησιν,</strong></span> <span class='ocrx_word' id='word_1_117' title='bbox 1696 1773 1786 1825; x_wconf 75' lang='grc' dir='ltr'><strong>ἐπὶ</strong></span> <span class='ocrx_word' id='word_1_118' title='bbox 1817 1773 1879 1826; x_wconf 81' lang='grc' dir='ltr'><strong>τὸ</strong></span> 
     </span>
    </p>
   </div>
   <div class='ocr_carea' id='block_1_20' title="bbox 287 1859 1880 1933">
    <p class='ocr_par' dir='ltr' id='par_1_20' title="bbox 287 1859 1880 1933">
     <span class='ocr_line' id='line_1_20' title="bbox 287 1859 1880 1933; baseline 0.001 -20"><span class='ocrx_word' id='word_1_119' title='bbox 287 1860 586 1914; x_wconf 75' lang='grc' dir='ltr'><strong>Μαντίνιον</strong></span> <span class='ocrx_word' id='word_1_120' title='bbox 636 1861 729 1912; x_wconf 77' lang='grc' dir='ltr'><strong>καὶ</strong></span> <span class='ocrx_word' id='word_1_121' title='bbox 782 1861 880 1927; x_wconf 82' lang='grc' dir='ltr'><strong>τὴν</strong></span> <span class='ocrx_word' id='word_1_122' title='bbox 952 1861 1387 1916; x_wconf 80' lang='grc' dir='ltr'><strong>Κλαυδιούπολιν</strong></span> <span class='ocrx_word' id='word_1_123' title='bbox 1423 1859 1577 1926; x_wconf 74' lang='grc' dir='ltr'><strong>οὗτος</strong></span> <span class='ocrx_word' id='word_1_124' title='bbox 1628 1863 1880 1933; x_wconf 80' lang='grc' dir='ltr'><strong>ἀπαίρει,</strong></span> 
     </span>
    </p>
   </div>
   <div class='ocr_carea' id='block_1_21' title="bbox 288 1947 1882 2025">
    <p class='ocr_par' dir='ltr' id='par_1_21' title="bbox 288 1947 1882 2025">
     <span class='ocr_line' id='line_1_21' title="bbox 288 1947 1882 2025; baseline 0.003 -22"><span class='ocrx_word' id='word_1_125' title='bbox 288 1952 503 2020; x_wconf 75' lang='grc' dir='ltr'><strong>(πόλεις</strong></span> <span class='ocrx_word' id='word_1_126' title='bbox 534 1952 591 2004; x_wconf 73' lang='grc' dir='ltr'><strong>δὲ</strong></span> <span class='ocrx_word' id='word_1_127' title='bbox 626 1947 784 2006; x_wconf 75' lang='grc' dir='ltr'><strong>αὗται</strong></span> <span class='ocrx_word' id='word_1_128' title='bbox 835 1953 966 2021; x_wconf 74' lang='grc' dir='ltr'><strong>περὶ</strong></span> <span class='ocrx_word' id='word_1_129' title='bbox 1015 1954 1108 2006; x_wconf 75' lang='grc' dir='ltr'><strong>τὸν</strong></span> <span class='ocrx_word' id='word_1_130' title='bbox 1157 1955 1253 2008; x_wconf 85' lang='grc' dir='ltr'><strong>τοῦ</strong></span> <span class='ocrx_word' id='word_1_131' title='bbox 1309 1954 1566 2020; x_wconf 81' lang='grc' dir='ltr'><strong>Εὐξείνου</strong></span> <span class='ocrx_word' id='word_1_132' title='bbox 1631 1955 1882 2025; x_wconf 75' lang='grc' dir='ltr'><strong>κείμεναι</strong></span> 
     </span>
    </p>
   </div>
   <div class='ocr_carea' id='block_1_22' title="bbox 289 2043 1884 2116">
    <p class='ocr_par' dir='ltr' id='par_1_22' title="bbox 289 2043 1884 2116">
     <span class='ocr_line' id='line_1_22' title="bbox 289 2043 1884 2116; baseline 0.002 -19"><span class='ocrx_word' id='word_1_133' title='bbox 289 2044 539 2112; x_wconf 77' lang='grc' dir='ltr'><strong>Πόντου),</strong></span> <span class='ocrx_word' id='word_1_134' title='bbox 564 2043 843 2096; x_wconf 66' lang='grc' dir='ltr'><strong>κάνταῦθα</strong></span> <span class='ocrx_word' id='word_1_135' title='bbox 885 2045 977 2096; x_wconf 70' lang='grc' dir='ltr'><strong>τὸν</strong></span> <span class='ocrx_word' id='word_1_136' title='bbox 1003 2045 1160 2113; x_wconf 82' lang='grc' dir='ltr'><strong>λόγον</strong></span> <span class='ocrx_word' id='word_1_137' title='bbox 1191 2047 1291 2116; x_wconf 77' lang='grc' dir='ltr'><strong>τῆς</strong></span> <span class='ocrx_word' id='word_1_138' title='bbox 1328 2048 1612 2110; x_wconf 79' lang='grc' dir='ltr'><strong>εὐσεϐείας</strong></span> <span class='ocrx_word' id='word_1_139' title='bbox 1640 2049 1884 2100; x_wconf 79' lang='grc' dir='ltr'><strong>διασπεῖ·</strong></span> 
     </span>
    </p>
   </div>
   <div class='ocr_carea' id='block_1_23' title="bbox 291 2138 1882 2207">
    <p class='ocr_par' dir='ltr' id='par_1_23' title="bbox 291 2138 1882 2207">
     <span class='ocr_line' id='line_1_23' title="bbox 291 2138 1882 2207; baseline 0.001 -17"><span class='ocrx_word' id='word_1_140' title='bbox 291 2155 388 2206; x_wconf 87' lang='grc' dir='ltr'><strong>ραι</strong></span> <span class='ocrx_word' id='word_1_141' title='bbox 419 2138 784 2206; x_wconf 58' lang='grc' dir='ltr'><strong>βουλόμενος.</strong></span> <span class='ocrx_word' id='word_1_142' title='bbox 815 2140 902 2202; x_wconf 80' lang='grc' dir='ltr'><strong>Ὠς</strong></span> <span class='ocrx_word' id='word_1_143' title='bbox 923 2140 978 2192; x_wconf 78' lang='grc' dir='ltr'><strong>δὲ</strong></span> <span class='ocrx_word' id='word_1_144' title='bbox 1011 2139 1146 2190; x_wconf 70' lang='grc' dir='ltr'><strong>κατὰ</strong></span> <span class='ocrx_word' id='word_1_145' title='bbox 1172 2139 1296 2190; x_wconf 79' lang='grc' dir='ltr'><strong>νοῦν</strong></span> <span class='ocrx_word' id='word_1_146' title='bbox 1325 2138 1472 2207; x_wconf 82' lang='grc' dir='ltr'><strong>αὐτῷ</strong></span> <span class='ocrx_word' id='word_1_147' title='bbox 1499 2141 1672 2192; x_wconf 78' lang='grc' dir='ltr'><strong>πάντα</strong></span> <span class='ocrx_word' id='word_1_148' title='bbox 1696 2155 1882 2207; x_wconf 61' lang='grc' dir='ltr'><strong>συνιερ⁹</strong></span> 
     </span>
    </p>
   </div>
   <div class='ocr_carea' id='block_1_24' title="bbox 287 2225 1883 2299">
    <p class='ocr_par' dir='ltr' id='par_1_24' title="bbox 287 2225 1883 2299">
     <span class='ocr_line' id='line_1_24' title="bbox 287 2225 1883 2299; baseline 0.003 -20"><span class='ocrx_word' id='word_1_149' title='bbox 287 2227 416 2298; x_wconf 78' lang='grc' dir='ltr'><strong>γείᾳ</strong></span> <span class='ocrx_word' id='word_1_150' title='bbox 443 2229 678 2298; x_wconf 75' lang='grc' dir='ltr'><strong>Χριστοῦ</strong></span> <span class='ocrx_word' id='word_1_151' title='bbox 716 2228 1082 2299; x_wconf 78' lang='grc' dir='ltr'><strong>προσεχώρει,</strong></span> <span class='ocrx_word' id='word_1_152' title='bbox 1113 2225 1270 2291; x_wconf 67' lang='grc' dir='ltr'><strong>αὖθις</strong></span> <span class='ocrx_word' id='word_1_153' title='bbox 1308 2229 1401 2281; x_wconf 74' lang='grc' dir='ltr'><strong>ἐπὶ</strong></span> <span class='ocrx_word' id='word_1_154' title='bbox 1449 2231 1697 2298; x_wconf 79' lang='grc' dir='ltr'><strong>Σωρεούς</strong></span> <span class='ocrx_word' id='word_1_155' title='bbox 1747 2232 1883 2283; x_wconf 79' lang='grc' dir='ltr'><strong>ἀνα-</strong></span> 
     </span>
    </p>
   </div>
   <div class='ocr_carea' id='block_1_25' title="bbox 291 2318 1885 2391">
    <p class='ocr_par' dir='ltr' id='par_1_25' title="bbox 291 2318 1885 2391">
     <span class='ocr_line' id='line_1_25' title="bbox 291 2318 1885 2391; baseline 0.003 -21"><span class='ocrx_word' id='word_1_156' title='bbox 291 2318 517 2387; x_wconf 58' lang='grc' dir='ltr'><strong>στρέφει</strong></span> <span class='ocrx_word' id='word_1_157' title='bbox 554 2320 644 2371; x_wconf 72' lang='grc' dir='ltr'><strong>τὸν</strong></span> <span class='ocrx_word' id='word_1_158' title='bbox 696 2319 996 2389; x_wconf 81' lang='grc' dir='ltr'><strong>Κορνήλιον</strong></span> <span class='ocrx_word' id='word_1_159' title='bbox 1063 2321 1155 2372; x_wconf 78' lang='grc' dir='ltr'><strong>καὶ</strong></span> <span class='ocrx_word' id='word_1_160' title='bbox 1209 2321 1307 2391; x_wconf 79' lang='grc' dir='ltr'><strong>τὴν</strong></span> <span class='ocrx_word' id='word_1_161' title='bbox 1349 2322 1471 2374; x_wconf 86' lang='grc' dir='ltr'><strong>κατ’</strong></span> <span class='ocrx_word' id='word_1_162' title='bbox 1531 2321 1695 2374; x_wconf 81' lang='grc' dir='ltr'><strong>αὐτὸν</strong></span> <span class='ocrx_word' id='word_1_163' title='bbox 1760 2322 1885 2375; x_wconf 82' lang='grc' dir='ltr'><strong>Ἑκ-</strong></span> 
     </span>
    </p>
   </div>
   <div class='ocr_carea' id='block_1_26' title="bbox 289 2411 1886 2480">
    <p class='ocr_par' dir='ltr' id='par_1_26' title="bbox 289 2411 1886 2480">
     <span class='ocr_line' id='line_1_26' title="bbox 289 2411 1886 2480; baseline 0.002 -18"><span class='ocrx_word' id='word_1_164' title='bbox 289 2411 522 2478; x_wconf 82' lang='grc' dir='ltr'><strong>κλησίαν</strong></span> <span class='ocrx_word' id='word_1_165' title='bbox 603 2411 1059 2480; x_wconf 68' lang='grc' dir='ltr'><strong>ἐπισκεψόμενος.</strong></span> <span class='ocrx_word' id='word_1_166' title='bbox 1113 2413 1219 2464; x_wconf 82' lang='grc' dir='ltr'><strong>Ἦν</strong></span> <span class='ocrx_word' id='word_1_167' title='bbox 1302 2411 1886 2467; x_wconf 83' lang='grc' dir='ltr'><strong>πολυπλασιασθεῖσαν</strong></span> 
     </span>
    </p>
   </div>
   <div class='ocr_carea' id='block_1_27' title="bbox 293 2502 1886 2575">
    <p class='ocr_par' dir='ltr' id='par_1_27' title="bbox 293 2502 1886 2575">
     <span class='ocr_line' id='line_1_27' title="bbox 293 2502 1886 2575; baseline 0.002 -21"><span class='ocrx_word' id='word_1_168' title='bbox 293 2502 464 2556; x_wconf 81' lang='grc' dir='ltr'><strong>πάλιν</strong></span> <span class='ocrx_word' id='word_1_169' title='bbox 494 2504 690 2572; x_wconf 84' lang='grc' dir='ltr'><strong>εὑρὼν,</strong></span> <span class='ocrx_word' id='word_1_170' title='bbox 713 2504 806 2556; x_wconf 76' lang='grc' dir='ltr'><strong>τὸν</strong></span> <span class='ocrx_word' id='word_1_171' title='bbox 855 2505 955 2572; x_wconf 86' lang='grc' dir='ltr'><strong>μὲν</strong></span> <span class='ocrx_word' id='word_1_172' title='bbox 990 2503 1289 2573; x_wconf 75' lang='grc' dir='ltr'><strong>Κορνήλιον</strong></span> <span class='ocrx_word' id='word_1_173' title='bbox 1325 2505 1401 2573; x_wconf 80' lang='grc' dir='ltr'><strong>τῷ</strong></span> <span class='ocrx_word' id='word_1_174' title='bbox 1433 2505 1531 2573; x_wconf 84' lang='grc' dir='ltr'><strong>τῆς</strong></span> <span class='ocrx_word' id='word_1_175' title='bbox 1576 2505 1886 2575; x_wconf 78' lang='grc' dir='ltr'><strong>ἐπισκοπῆς</strong></span> 
     </span>
    </p>
   </div>
   <div class='ocr_carea' id='block_1_28' title="bbox 293 2591 1884 2666">
    <p class='ocr_par' dir='ltr' id='par_1_28' title="bbox 293 2591 1884 2666">
     <span class='ocr_line' id='line_1_28' title="bbox 293 2591 1884 2666; baseline 0.002 -20"><span class='ocrx_word' id='word_1_176' title='bbox 293 2591 574 2662; x_wconf 80' lang='grc' dir='ltr'><strong>ἀξιώματι</strong></span> <span class='ocrx_word' id='word_1_177' title='bbox 602 2593 833 2647; x_wconf 81' lang='grc' dir='ltr'><strong>τελειοί⁶</strong></span> <span class='ocrx_word' id='word_1_178' title='bbox 867 2594 1031 2658; x_wconf 79' lang='grc' dir='ltr'><strong>αὐτὸς</strong></span> <span class='ocrx_word' id='word_1_179' title='bbox 1054 2594 1112 2646; x_wconf 82' lang='grc' dir='ltr'><strong>δὲ</strong></span> <span class='ocrx_word' id='word_1_180' title='bbox 1141 2593 1236 2666; x_wconf 77' lang='grc' dir='ltr'><strong>τὴν</strong></span> <span class='ocrx_word' id='word_1_181' title='bbox 1279 2595 1544 2649; x_wconf 78' lang='grc' dir='ltr'><strong>Ἀσιανῶν</strong></span> <span class='ocrx_word' id='word_1_182' title='bbox 1586 2595 1884 2666; x_wconf 76' lang='grc' dir='ltr'><strong>ἐπέρχεται</strong></span> 
     </span>
    </p>
   </div>
   <div class='ocr_carea' id='block_1_29' title="bbox 293 2685 1886 2760">
    <p class='ocr_par' dir='ltr' id='par_1_29' title="bbox 293 2685 1886 2760">
     <span class='ocr_line' id='line_1_29' title="bbox 293 2685 1886 2760; baseline 0.002 -23"><span class='ocrx_word' id='word_1_183' title='bbox 293 2685 506 2757; x_wconf 74' lang='grc' dir='ltr'><strong>χώραν,</strong></span> <span class='ocrx_word' id='word_1_184' title='bbox 537 2689 635 2748; x_wconf 69' lang='grc' dir='ltr'><strong>τὰς</strong></span> <span class='ocrx_word' id='word_1_185' title='bbox 684 2687 782 2756; x_wconf 78' lang='grc' dir='ltr'><strong>μὲν</strong></span> <span class='ocrx_word' id='word_1_186' title='bbox 835 2687 936 2755; x_wconf 80' lang='grc' dir='ltr'><strong>τῆς</strong></span> <span class='ocrx_word' id='word_1_187' title='bbox 991 2687 1202 2755; x_wconf 77' lang='grc' dir='ltr'><strong>πλάνης</strong></span> <span class='ocrx_word' id='word_1_188' title='bbox 1249 2687 1496 2750; x_wconf 78' lang='grc' dir='ltr'><strong>ἀκάνθας</strong></span> <span class='ocrx_word' id='word_1_189' title='bbox 1556 2689 1886 2760; x_wconf 77' lang='grc' dir='ltr'><strong>προρρίζους</strong></span> 
     </span>
    </p>
   </div>
   <div class='ocr_carea' id='block_1_30' title="bbox 297 2777 1885 2848">
    <p class='ocr_par' dir='ltr' id='par_1_30' title="bbox 297 2777 1885 2848">
     <span class='ocr_line' id='line_1_30' title="bbox 297 2777 1885 2848; baseline 0.002 -20"><span class='ocrx_word' id='word_1_190' title='bbox 297 2798 316 2829; x_wconf 69' lang='grc' dir='ltr'>ί</span> <span class='ocrx_word' id='word_1_191' title='bbox 336 2777 588 2841; x_wconf 78' lang='grc' dir='ltr'><strong>νασπῶν,</strong></span> <span class='ocrx_word' id='word_1_192' title='bbox 635 2779 834 2848; x_wconf 80' lang='grc' dir='ltr'><strong>εὐσεϐῆ</strong></span> <span class='ocrx_word' id='word_1_193' title='bbox 864 2779 920 2831; x_wconf 70' lang='grc' dir='ltr'><strong>δὲ</strong></span> <span class='ocrx_word' id='word_1_194' title='bbox 954 2779 1247 2848; x_wconf 82' lang='grc' dir='ltr'><strong>σπέρματα</strong></span> <span class='ocrx_word' id='word_1_195' title='bbox 1271 2779 1578 2848; x_wconf 76' lang='grc' dir='ltr'><strong>φιλοπόνως</strong></span> <span class='ocrx_word' id='word_1_196' title='bbox 1609 2781 1885 2834; x_wconf 80' lang='grc' dir='ltr'><strong>καταϐαλ-</strong></span> 
     </span>
    </p>
   </div>
   <div class='ocr_carea' id='block_1_31' title="bbox 292 2869 1882 2940">
    <p class='ocr_par' dir='ltr' id='par_1_31' title="bbox 292 2869 1882 2940">
     <span class='ocr_line' id='line_1_31' title="bbox 292 2869 1882 2940; baseline 0.003 -22"><span class='ocrx_word' id='word_1_197' title='bbox 292 2870 548 2937; x_wconf 68' lang='grc' dir='ltr'><strong>λόμενος.</strong></span> <span class='ocrx_word' id='word_1_198' title='bbox 585 2869 698 2936; x_wconf 81' lang='grc' dir='ltr'><strong>Τῆς</strong></span> <span class='ocrx_word' id='word_1_199' title='bbox 749 2871 804 2924; x_wconf 84' lang='grc' dir='ltr'><strong>δὲ</strong></span> <span class='ocrx_word' id='word_1_200' title='bbox 845 2869 997 2933; x_wconf 89' lang='grc' dir='ltr'><strong>θείας</strong></span> <span class='ocrx_word' id='word_1_201' title='bbox 1025 2871 1248 2938; x_wconf 80' lang='grc' dir='ltr'><strong>χάριτος</strong></span> <span class='ocrx_word' id='word_1_202' title='bbox 1290 2873 1400 2933; x_wconf 84' lang='grc' dir='ltr'><strong>τοῖς</strong></span> <span class='ocrx_word' id='word_1_203' title='bbox 1433 2871 1742 2940; x_wconf 81' lang='grc' dir='ltr'><strong>Αὐτονόμου</strong></span> <span class='ocrx_word' id='word_1_204' title='bbox 1781 2871 1882 2940; x_wconf 76' lang='grc' dir='ltr'><strong>ὀμ-</strong></span> 
     </span>
    </p>
   </div>
   <div class='ocr_carea' id='block_1_32' title="bbox 292 2945 1885 3030">
    <p class='ocr_par' dir='ltr' id='par_1_32' title="bbox 292 2945 1885 3030">
     <span class='ocr_line' id='line_1_32' title="bbox 292 2945 1885 3030; baseline 0.002 -20"><span class='ocrx_word' id='word_1_205' title='bbox 292 2959 550 3030; x_wconf 64' lang='grc' dir='ltr'><strong>ερήμασι</strong></span> <span class='ocrx_word' id='word_1_206' title='bbox 578 2961 710 3013; x_wconf 79' lang='grc' dir='ltr'><strong>πολὺ</strong></span> <span class='ocrx_word' id='word_1_207' title='bbox 741 2959 837 3028; x_wconf 80' lang='grc' dir='ltr'><strong>τῆς</strong></span> <span class='ocrx_word' id='word_1_208' title='bbox 879 2961 1162 3023; x_wconf 84' lang='grc' dir='ltr'><strong>εὐσεϐείας</strong></span> <span class='ocrx_word' id='word_1_209' title='bbox 1196 2960 1253 3014; x_wconf 67' lang='grc' dir='ltr'><strong>τ’)</strong></span> <span class='ocrx_word' id='word_1_210' title='bbox 1277 2962 1425 3030; x_wconf 82' lang='grc' dir='ltr'><strong>λήϊον</strong></span> <span class='ocrx_word' id='word_1_211' title='bbox 1455 2945 1885 3030; x_wconf 78' lang='grc' dir='ltr'><strong>ἀναδείκνύσης,</strong></span> 
     </span>
    </p>
   </div>
   <div class='ocr_carea' id='block_1_33' title="bbox 296 3049 1886 3121">
    <p class='ocr_par' dir='ltr' id='par_1_33' title="bbox 296 3049 1886 3121">
     <span class='ocr_line' id='line_1_33' title="bbox 296 3049 1886 3121; baseline 0.001 -20"><span class='ocrx_word' id='word_1_212' title='bbox 296 3055 395 3104; x_wconf 68' lang='grc' dir='ltr'><strong>καὶ</strong></span> <span class='ocrx_word' id='word_1_213' title='bbox 428 3051 591 3103; x_wconf 81' lang='grc' dir='ltr'><strong>πάλιν</strong></span> <span class='ocrx_word' id='word_1_214' title='bbox 626 3051 760 3119; x_wconf 76' lang='grc' dir='ltr'><strong>πρὸς</strong></span> <span class='ocrx_word' id='word_1_215' title='bbox 780 3051 1082 3121; x_wconf 86' lang='grc' dir='ltr'><strong>Κορνήλιον</strong></span> <span class='ocrx_word' id='word_1_216' title='bbox 1103 3051 1198 3103; x_wconf 79' lang='grc' dir='ltr'><strong>καὶ</strong></span> <span class='ocrx_word' id='word_1_217' title='bbox 1231 3053 1329 3120; x_wconf 77' lang='grc' dir='ltr'><strong>τὴν</strong></span> <span class='ocrx_word' id='word_1_218' title='bbox 1361 3051 1451 3103; x_wconf 79' lang='grc' dir='ltr'><strong>ὐπ’</strong></span> <span class='ocrx_word' id='word_1_219' title='bbox 1474 3049 1626 3121; x_wconf 84' lang='grc' dir='ltr'><strong>αὐτῷ</strong></span> <span class='ocrx_word' id='word_1_220' title='bbox 1650 3051 1886 3120; x_wconf 73' lang='grc' dir='ltr'><strong>ποίμνην</strong></span> 
     </span>
    </p>
   </div>
   <div class='ocr_carea' id='block_1_34' title="bbox 1973 578 3542 659">
    <p class='ocr_par' dir='ltr' id='par_1_34' title="bbox 1973 578 3542 659">
     <span class='ocr_line' id='line_1_34' title="bbox 1973 578 3542 659; baseline -0.001 -16"><span class='ocrx_word' id='word_1_221' title='bbox 1973 578 2090 644; x_wconf 64' lang='lat' dir='ltr'><strong>aede</strong></span> <span class='ocrx_word' id='word_1_222' title='bbox 2121 588 2414 653; x_wconf 75' lang='lat' dir='ltr'><strong>:edilicata,</strong></span> <span class='ocrx_word' id='word_1_223' title='bbox 2437 603 2560 658; x_wconf 62' lang='lat' dir='ltr'><strong>quae</strong></span> <span class='ocrx_word' id='word_1_224' title='bbox 2589 588 2836 644; x_wconf 86' lang='lat' dir='ltr'><strong>dedicata</strong></span> <span class='ocrx_word' id='word_1_225' title='bbox 2877 599 2960 645; x_wconf 87' lang='lat' dir='ltr'><strong>est</strong></span> <span class='ocrx_word' id='word_1_226' title='bbox 2996 588 3239 644; x_wconf 77' lang='lat' dir='ltr'><strong>Michaeli</strong></span> <span class='ocrx_word' id='word_1_227' title='bbox 3282 590 3542 659; x_wconf 87' lang='lat' dir='ltr'><strong>principi,</strong></span> 
     </span>
    </p>
   </div>
   <div class='ocr_carea' id='block_1_35' title="bbox 1974 679 3544 746">
    <p class='ocr_par' dir='ltr' id='par_1_35' title="bbox 1974 679 3544 746">
     <span class='ocr_line' id='line_1_35' title="bbox 1974 679 3544 746; baseline -0.001 -14"><span class='ocrx_word' id='word_1_228' title='bbox 1974 680 2031 734; x_wconf 90' lang='lat' dir='ltr'><strong>in</strong></span> <span class='ocrx_word' id='word_1_229' title='bbox 2083 696 2147 734; x_wconf 88' lang='lat' dir='ltr'><strong>ea</strong></span> <span class='ocrx_word' id='word_1_230' title='bbox 2202 679 2420 734; x_wconf 87' lang='lat' dir='ltr'><strong>ordinat</strong></span> <span class='ocrx_word' id='word_1_231' title='bbox 2477 679 2794 734; x_wconf 88' lang='lat' dir='ltr'><strong>Cornelium</strong></span> <span class='ocrx_word' id='word_1_232' title='bbox 2849 680 3112 746; x_wconf 80' lang='lat' dir='ltr'><strong>dignitate</strong></span> <span class='ocrx_word' id='word_1_233' title='bbox 3177 681 3544 735; x_wconf 83' lang='lat' dir='ltr'><strong>diaconatus:</strong></span> 
     </span>
    </p>
   </div>
   <div class='ocr_carea' id='block_1_36' title="bbox 1973 769 3550 841">
    <p class='ocr_par' dir='ltr' id='par_1_36' title="bbox 1973 769 3550 841">
     <span class='ocr_line' id='line_1_36' title="bbox 1973 769 3550 841; baseline 0.001 -16"><span class='ocrx_word' id='word_1_234' title='bbox 1973 781 2029 826; x_wconf 92' lang='lat' dir='ltr'><strong>et</strong></span> <span class='ocrx_word' id='word_1_235' title='bbox 2069 787 2192 825; x_wconf 92' lang='lat' dir='ltr'><strong>cum</strong></span> <span class='ocrx_word' id='word_1_236' title='bbox 2229 772 2277 824; x_wconf 79' lang='lat' dir='ltr'><strong>ei</strong></span> <span class='ocrx_word' id='word_1_237' title='bbox 2301 785 2490 825; x_wconf 89' lang='lat' dir='ltr'><strong>curam</strong></span> <span class='ocrx_word' id='word_1_238' title='bbox 2521 769 2832 825; x_wconf 84' lang='lat' dir='ltr'><strong>mandasset</strong></span> <span class='ocrx_word' id='word_1_239' title='bbox 2853 770 3118 836; x_wconf 85' lang='lat' dir='ltr'><strong>ﬁdelium,</strong></span> <span class='ocrx_word' id='word_1_240' title='bbox 3184 771 3550 841; x_wconf 74' lang='lat' dir='ltr'><strong>proficiscitur</strong></span> 
     </span>
    </p>
   </div>
   <div class='ocr_carea' id='block_1_37' title="bbox 1976 853 3552 938">
    <p class='ocr_par' dir='ltr' id='par_1_37' title="bbox 1976 853 3552 938">
     <span class='ocr_line' id='line_1_37' title="bbox 1976 853 3552 938; baseline -0.001 -18"><span class='ocrx_word' id='word_1_241' title='bbox 1976 868 2028 920; x_wconf 89' lang='lat' dir='ltr'><strong>in</strong></span> <span class='ocrx_word' id='word_1_242' title='bbox 2058 866 2386 938; x_wconf 78' lang='lat' dir='ltr'><strong>Lycaoniam</strong></span> <span class='ocrx_word' id='word_1_243' title='bbox 2415 875 2470 919; x_wconf 88' lang='lat' dir='ltr'><strong>et</strong></span> <span class='ocrx_word' id='word_1_244' title='bbox 2503 864 2788 929; x_wconf 85' lang='lat' dir='ltr'><strong>Isauriam,</strong></span> <span class='ocrx_word' id='word_1_245' title='bbox 2827 853 3148 920; x_wconf 84' lang='lat' dir='ltr'><strong>desiderans</strong></span> <span class='ocrx_word' id='word_1_246' title='bbox 3184 864 3300 933; x_wconf 87' lang='lat' dir='ltr'><strong>ipse</strong></span> <span class='ocrx_word' id='word_1_247' title='bbox 3333 880 3552 935; x_wconf 85' lang='lat' dir='ltr'><strong>quoque</strong></span> 
     </span>
    </p>
   </div>
   <div class='ocr_carea' id='block_1_38' title="bbox 1976 955 3549 1026">
    <p class='ocr_par' dir='ltr' id='par_1_38' title="bbox 1976 955 3549 1026">
     <span class='ocr_line' id='line_1_38' title="bbox 1976 955 3549 1026; baseline -0.001 -16"><span class='ocrx_word' id='word_1_248' title='bbox 1976 957 2090 1011; x_wconf 81' lang='lat' dir='ltr'><strong>ﬁeri</strong></span> <span class='ocrx_word' id='word_1_249' title='bbox 2129 972 2307 1026; x_wconf 70' lang='lat' dir='ltr'><strong>praaco</strong></span> <span class='ocrx_word' id='word_1_250' title='bbox 2338 956 2577 1024; x_wconf 86' lang='lat' dir='ltr'><strong>pietatis.</strong></span> <span class='ocrx_word' id='word_1_251' title='bbox 2610 955 2814 1010; x_wconf 82' lang='lat' dir='ltr'><strong>Deinde</strong></span> <span class='ocrx_word' id='word_1_252' title='bbox 2835 971 3090 1010; x_wconf 80' lang='lat' dir='ltr'><strong>reversus</strong></span> <span class='ocrx_word' id='word_1_253' title='bbox 3118 957 3184 1010; x_wconf 89' lang='lat' dir='ltr'><strong>ad</strong></span> <span class='ocrx_word' id='word_1_254' title='bbox 3209 955 3549 1018; x_wconf 86' lang='lat' dir='ltr'><strong>Cornelium,</strong></span> 
     </span>
    </p>
   </div>
   <div class='ocr_carea' id='block_1_39' title="bbox 1975 1047 3543 1118">
    <p class='ocr_par' dir='ltr' id='par_1_39' title="bbox 1975 1047 3543 1118">
     <span class='ocr_line' id='line_1_39' title="bbox 1975 1047 3543 1118; baseline -0.001 -16"><span class='ocrx_word' id='word_1_255' title='bbox 1975 1047 2527 1116; x_wconf 79' lang='lat' dir='ltr'><strong>cumasedejectum</strong></span> <span class='ocrx_word' id='word_1_256' title='bbox 2597 1063 2785 1102; x_wconf 87' lang='lat' dir='ltr'><strong>semen</strong></span> <span class='ocrx_word' id='word_1_257' title='bbox 2842 1048 3149 1102; x_wconf 82' lang='lat' dir='ltr'><strong>invenisset</strong></span> <span class='ocrx_word' id='word_1_258' title='bbox 3216 1048 3543 1118; x_wconf 70' lang='lat' dir='ltr'><strong>produxisse</strong></span> 
     </span>
    </p>
   </div>
   <div class='ocr_carea' id='block_1_40' title="bbox 1977 1122 3540 1210">
    <p class='ocr_par' dir='ltr' id='par_1_40' title="bbox 1977 1122 3540 1210">
     <span class='ocr_line' id='line_1_40' title="bbox 1977 1122 3540 1210; baseline -0.001 -16"><span class='ocrx_word' id='word_1_259' title='bbox 1977 1141 2340 1209; x_wconf 75' lang='lat' dir='ltr'><strong>multiplicem</strong></span> <span class='ocrx_word' id='word_1_260' title='bbox 2373 1139 2610 1193; x_wconf 79' lang='lat' dir='ltr'><strong>fructum</strong></span> <span class='ocrx_word' id='word_1_261' title='bbox 2645 1138 2735 1192; x_wconf 89' lang='lat' dir='ltr'><strong>Dei</strong></span> <span class='ocrx_word' id='word_1_262' title='bbox 2767 1140 3123 1210; x_wconf 79' lang='lat' dir='ltr'><strong>cognitionis,</strong></span> <span class='ocrx_word' id='word_1_263' title='bbox 3161 1157 3285 1194; x_wconf 84' lang='lat' dir='ltr'><strong>eum</strong></span> <span class='ocrx_word' id='word_1_264' title='bbox 3331 1122 3540 1210; x_wconf 18' lang='lat' dir='ltr'><strong>[prove-</strong></span> 
     </span>
    </p>
   </div>
   <div class='ocr_carea' id='block_1_41' title="bbox 1978 1232 3543 1302">
    <p class='ocr_par' dir='ltr' id='par_1_41' title="bbox 1978 1232 3543 1302">
     <span class='ocr_line' id='line_1_41' title="bbox 1978 1232 3543 1302; baseline 0.001 -16"><span class='ocrx_word' id='word_1_265' title='bbox 1978 1233 2058 1286; x_wconf 90' lang='lat' dir='ltr'><strong>hit</strong></span> <span class='ocrx_word' id='word_1_266' title='bbox 2087 1233 2153 1286; x_wconf 87' lang='lat' dir='ltr'><strong>ad</strong></span> <span class='ocrx_word' id='word_1_267' title='bbox 2183 1233 2410 1301; x_wconf 85' lang='lat' dir='ltr'><strong>gradum</strong></span> <span class='ocrx_word' id='word_1_268' title='bbox 2441 1232 2870 1302; x_wconf 83' lang='lat' dir='ltr'><strong>presbyteratus.</strong></span> <span class='ocrx_word' id='word_1_269' title='bbox 2906 1232 3199 1300; x_wconf 85' lang='lat' dir='ltr'><strong>Postquam</strong></span> <span class='ocrx_word' id='word_1_270' title='bbox 3236 1243 3420 1287; x_wconf 88' lang='lat' dir='ltr'><strong>autem</strong></span> <span class='ocrx_word' id='word_1_271' title='bbox 3450 1250 3543 1288; x_wconf 90' lang='lat' dir='ltr'><strong>co-</strong></span> 
     </span>
    </p>
   </div>
   <div class='ocr_carea' id='block_1_42' title="bbox 1977 1320 3555 1393">
    <p class='ocr_par' dir='ltr' id='par_1_42' title="bbox 1977 1320 3555 1393">
     <span class='ocr_line' id='line_1_42' title="bbox 1977 1320 3555 1393; baseline 0.001 -17"><span class='ocrx_word' id='word_1_272' title='bbox 1977 1323 2165 1393; x_wconf 85' lang='lat' dir='ltr'><strong>gnovit</strong></span> <span class='ocrx_word' id='word_1_273' title='bbox 2231 1321 2634 1376; x_wconf 88' lang='lat' dir='ltr'><strong>Diocletianum</strong></span> <span class='ocrx_word' id='word_1_274' title='bbox 2710 1323 2902 1376; x_wconf 87' lang='lat' dir='ltr'><strong>venire</strong></span> <span class='ocrx_word' id='word_1_275' title='bbox 2983 1320 3374 1381; x_wconf 80' lang='lat' dir='ltr'><strong>Nicomediam.</strong></span> <span class='ocrx_word' id='word_1_276' title='bbox 3462 1325 3555 1393; x_wconf 88' lang='lat' dir='ltr'><strong>qui</strong></span> 
     </span>
    </p>
   </div>
   <div class='ocr_carea' id='block_1_43' title="bbox 1977 1413 3557 1484">
    <p class='ocr_par' dir='ltr' id='par_1_43' title="bbox 1977 1413 3557 1484">
     <span class='ocr_line' id='line_1_43' title="bbox 1977 1413 3557 1484; baseline 0.001 -16"><span class='ocrx_word' id='word_1_277' title='bbox 1977 1413 2410 1468; x_wconf 88' lang='lat' dir='ltr'><strong>Christianorum</strong></span> <span class='ocrx_word' id='word_1_278' title='bbox 2440 1413 2660 1482; x_wconf 88' lang='lat' dir='ltr'><strong>quidem</strong></span> <span class='ocrx_word' id='word_1_279' title='bbox 2698 1428 2860 1468; x_wconf 90' lang='lat' dir='ltr'><strong>omne</strong></span> <span class='ocrx_word' id='word_1_280' title='bbox 2889 1430 3079 1484; x_wconf 85' lang='lat' dir='ltr'><strong>genus,</strong></span> <span class='ocrx_word' id='word_1_281' title='bbox 3111 1425 3165 1470; x_wconf 88' lang='lat' dir='ltr'><strong>et</strong></span> <span class='ocrx_word' id='word_1_282' title='bbox 3190 1423 3404 1469; x_wconf 68' lang='lat' dir='ltr'><strong>aetatem</strong></span> <span class='ocrx_word' id='word_1_283' title='bbox 3436 1431 3557 1469; x_wconf 87' lang='lat' dir='ltr'><strong>om-</strong></span> 
     </span>
    </p>
   </div>
   <div class='ocr_carea' id='block_1_44' title="bbox 1979 1503 3558 1573">
    <p class='ocr_par' dir='ltr' id='par_1_44' title="bbox 1979 1503 3558 1573">
     <span class='ocr_line' id='line_1_44' title="bbox 1979 1503 3558 1573; baseline 0 -17"><span class='ocrx_word' id='word_1_284' title='bbox 1979 1518 2105 1556; x_wconf 90' lang='lat' dir='ltr'><strong>nem</strong></span> <span class='ocrx_word' id='word_1_285' title='bbox 2139 1503 2396 1556; x_wconf 77' lang='lat' dir='ltr'><strong>studebat</strong></span> <span class='ocrx_word' id='word_1_286' title='bbox 2417 1503 2762 1567; x_wconf 74' lang='lat' dir='ltr'><strong>exscindere,</strong></span> <span class='ocrx_word' id='word_1_287' title='bbox 2803 1505 3074 1573; x_wconf 65' lang='lat' dir='ltr'><strong>praecipue</strong></span> <span class='ocrx_word' id='word_1_288' title='bbox 3096 1513 3277 1558; x_wconf 91' lang='lat' dir='ltr'><strong>autem</strong></span> <span class='ocrx_word' id='word_1_289' title='bbox 3295 1513 3350 1557; x_wconf 91' lang='lat' dir='ltr'><strong>et</strong></span> <span class='ocrx_word' id='word_1_290' title='bbox 3370 1503 3558 1557; x_wconf 88' lang='lat' dir='ltr'><strong>admu-</strong></span> 
     </span>
    </p>
   </div>
   <div class='ocr_carea' id='block_1_45' title="bbox 1980 1592 3563 1664">
    <p class='ocr_par' dir='ltr' id='par_1_45' title="bbox 1980 1592 3563 1664">
     <span class='ocr_line' id='line_1_45' title="bbox 1980 1592 3563 1664; baseline 0.001 -19"><span class='ocrx_word' id='word_1_291' title='bbox 1980 1592 2112 1646; x_wconf 92' lang='lat' dir='ltr'><strong>dum</strong></span> <span class='ocrx_word' id='word_1_292' title='bbox 2140 1593 2376 1647; x_wconf 86' lang='lat' dir='ltr'><strong>sollicite</strong></span> <span class='ocrx_word' id='word_1_293' title='bbox 2401 1593 2683 1662; x_wconf 69' lang='lat' dir='ltr'><strong>quaarebat</strong></span> <span class='ocrx_word' id='word_1_294' title='bbox 2737 1593 3136 1659; x_wconf 81' lang='lat' dir='ltr'><strong>Autonomum,</strong></span> <span class='ocrx_word' id='word_1_295' title='bbox 3179 1595 3224 1648; x_wconf 89' lang='lat' dir='ltr'><strong>is</strong></span> <span class='ocrx_word' id='word_1_296' title='bbox 3255 1594 3563 1664; x_wconf 82' lang='lat' dir='ltr'><strong>enavigavit</strong></span> 
     </span>
    </p>
   </div>
   <div class='ocr_carea' id='block_1_46' title="bbox 1982 1682 3561 1754">
    <p class='ocr_par' dir='ltr' id='par_1_46' title="bbox 1982 1682 3561 1754">
     <span class='ocr_line' id='line_1_46' title="bbox 1982 1682 3561 1754; baseline -0.002 -16"><span class='ocrx_word' id='word_1_297' title='bbox 1982 1684 2333 1749; x_wconf 78' lang='lat' dir='ltr'><strong>Mantinium,</strong></span> <span class='ocrx_word' id='word_1_298' title='bbox 2363 1692 2419 1738; x_wconf 91' lang='lat' dir='ltr'><strong>et</strong></span> <span class='ocrx_word' id='word_1_299' title='bbox 2439 1683 2841 1754; x_wconf 88' lang='lat' dir='ltr'><strong>Claudiopolim</strong></span> <span class='ocrx_word' id='word_1_300' title='bbox 2871 1685 3021 1752; x_wconf 83' lang='lat' dir='ltr'><strong>(sunt</strong></span> <span class='ocrx_word' id='word_1_301' title='bbox 3047 1693 3230 1738; x_wconf 90' lang='lat' dir='ltr'><strong>autem</strong></span> <span class='ocrx_word' id='word_1_302' title='bbox 3293 1683 3375 1736; x_wconf 76' lang='lat' dir='ltr'><strong>hre</strong></span> <span class='ocrx_word' id='word_1_303' title='bbox 3400 1682 3561 1735; x_wconf 84' lang='lat' dir='ltr'><strong>urbes</strong></span> 
     </span>
    </p>
   </div>
   <div class='ocr_carea' id='block_1_47' title="bbox 1983 1777 3564 1848">
    <p class='ocr_par' dir='ltr' id='par_1_47' title="bbox 1983 1777 3564 1848">
     <span class='ocr_line' id='line_1_47' title="bbox 1983 1777 3564 1848; baseline 0.001 -20"><span class='ocrx_word' id='word_1_304' title='bbox 1983 1777 2175 1846; x_wconf 75' lang='lat' dir='ltr'><strong>posita.-</strong></span> <span class='ocrx_word' id='word_1_305' title='bbox 2209 1777 2262 1830; x_wconf 89' lang='lat' dir='ltr'><strong>in</strong></span> <span class='ocrx_word' id='word_1_306' title='bbox 2298 1787 2472 1846; x_wconf 86' lang='lat' dir='ltr'><strong>ponto</strong></span> <span class='ocrx_word' id='word_1_307' title='bbox 2532 1777 2791 1847; x_wconf 80' lang='lat' dir='ltr'><strong>Euxino),</strong></span> <span class='ocrx_word' id='word_1_308' title='bbox 2842 1777 2932 1831; x_wconf 92' lang='lat' dir='ltr'><strong>hie</strong></span> <span class='ocrx_word' id='word_1_309' title='bbox 2982 1792 3200 1848; x_wconf 91' lang='lat' dir='ltr'><strong>quoque</strong></span> <span class='ocrx_word' id='word_1_310' title='bbox 3292 1777 3564 1832; x_wconf 87' lang='lat' dir='ltr'><strong>seminare</strong></span> 
     </span>
    </p>
   </div>
   <div class='ocr_carea' id='block_1_48' title="bbox 1985 1866 3563 1938">
    <p class='ocr_par' dir='ltr' id='par_1_48' title="bbox 1985 1866 3563 1938">
     <span class='ocr_line' id='line_1_48' title="bbox 1985 1866 3563 1938; baseline -0.001 -16"><span class='ocrx_word' id='word_1_311' title='bbox 1985 1869 2218 1922; x_wconf 84' lang='lat' dir='ltr'><strong>studens</strong></span> <span class='ocrx_word' id='word_1_312' title='bbox 2249 1869 2477 1923; x_wconf 82' lang='lat' dir='ltr'><strong>verbum</strong></span> <span class='ocrx_word' id='word_1_313' title='bbox 2503 1868 2746 1938; x_wconf 87' lang='lat' dir='ltr'><strong>pietatis.</strong></span> <span class='ocrx_word' id='word_1_314' title='bbox 2779 1866 3075 1937; x_wconf 81' lang='lat' dir='ltr'><strong>Postquam</strong></span> <span class='ocrx_word' id='word_1_315' title='bbox 3109 1883 3262 1930; x_wconf 91' lang='lat' dir='ltr'><strong>vero,</strong></span> <span class='ocrx_word' id='word_1_316' title='bbox 3310 1866 3420 1921; x_wconf 91' lang='lat' dir='ltr'><strong>Deo</strong></span> <span class='ocrx_word' id='word_1_317' title='bbox 3464 1868 3563 1921; x_wconf 82' lang='lat' dir='ltr'><strong>ad-</strong></span> 
     </span>
    </p>
   </div>
   <div class='ocr_carea' id='block_1_49' title="bbox 1981 1959 3564 2030">
    <p class='ocr_par' dir='ltr' id='par_1_49' title="bbox 1981 1959 3564 2030">
     <span class='ocr_line' id='line_1_49' title="bbox 1981 1959 3564 2030; baseline -0.003 -16"><span class='ocrx_word' id='word_1_318' title='bbox 1981 1963 2227 2030; x_wconf 86' lang='lat' dir='ltr'><strong>juvante,</strong></span> <span class='ocrx_word' id='word_1_319' title='bbox 2257 1960 2307 2014; x_wconf 91' lang='lat' dir='ltr'><strong>ci</strong></span> <span class='ocrx_word' id='word_1_320' title='bbox 2340 1969 2730 2029; x_wconf 88' lang='lat' dir='ltr'><strong>processerunt</strong></span> <span class='ocrx_word' id='word_1_321' title='bbox 2749 1959 2932 2013; x_wconf 89' lang='lat' dir='ltr'><strong>omnia</strong></span> <span class='ocrx_word' id='word_1_322' title='bbox 2963 1975 3025 2014; x_wconf 78' lang='lat' dir='ltr'><strong>ex</strong></span> <span class='ocrx_word' id='word_1_323' title='bbox 3041 1960 3338 2021; x_wconf 83' lang='lat' dir='ltr'><strong>sententia,</strong></span> <span class='ocrx_word' id='word_1_324' title='bbox 3377 1975 3564 2010; x_wconf 78' lang='lat' dir='ltr'><strong>rever-</strong></span> 
     </span>
    </p>
   </div>
   <div class='ocr_carea' id='block_1_50' title="bbox 1987 2048 3564 2116">
    <p class='ocr_par' dir='ltr' id='par_1_50' title="bbox 1987 2048 3564 2116">
     <span class='ocr_line' id='line_1_50' title="bbox 1987 2048 3564 2116; baseline -0.003 -11"><span class='ocrx_word' id='word_1_325' title='bbox 1987 2054 2120 2105; x_wconf 89' lang='lat' dir='ltr'><strong>titur</strong></span> <span class='ocrx_word' id='word_1_326' title='bbox 2148 2051 2214 2103; x_wconf 86' lang='lat' dir='ltr'><strong>ad</strong></span> <span class='ocrx_word' id='word_1_327' title='bbox 2253 2050 2474 2106; x_wconf 89' lang='lat' dir='ltr'><strong>Soreos.</strong></span> <span class='ocrx_word' id='word_1_328' title='bbox 2507 2051 2828 2104; x_wconf 74' lang='lat' dir='ltr'><strong>visitaturus</strong></span> <span class='ocrx_word' id='word_1_329' title='bbox 2877 2048 3194 2104; x_wconf 85' lang='lat' dir='ltr'><strong>Cornelium</strong></span> <span class='ocrx_word' id='word_1_330' title='bbox 3227 2057 3280 2102; x_wconf 91' lang='lat' dir='ltr'><strong>et</strong></span> <span class='ocrx_word' id='word_1_331' title='bbox 3312 2048 3430 2116; x_wconf 90' lang='lat' dir='ltr'><strong>ejus</strong></span> <span class='ocrx_word' id='word_1_332' title='bbox 3461 2049 3564 2101; x_wconf 82' lang='lat' dir='ltr'><strong>Ee-</strong></span> 
     </span>
    </p>
   </div>
   <div class='ocr_carea' id='block_1_51' title="bbox 1985 2139 3566 2208">
    <p class='ocr_par' dir='ltr' id='par_1_51' title="bbox 1985 2139 3566 2208">
     <span class='ocr_line' id='line_1_51' title="bbox 1985 2139 3566 2208; baseline -0.003 -12"><span class='ocrx_word' id='word_1_333' title='bbox 1985 2142 2228 2196; x_wconf 86' lang='lat' dir='ltr'><strong>clesiam.</strong></span> <span class='ocrx_word' id='word_1_334' title='bbox 2262 2141 2436 2206; x_wconf 88' lang='lat' dir='ltr'><strong>Quam</strong></span> <span class='ocrx_word' id='word_1_335' title='bbox 2461 2155 2584 2194; x_wconf 89' lang='lat' dir='ltr'><strong>cum</strong></span> <span class='ocrx_word' id='word_1_336' title='bbox 2621 2155 2813 2194; x_wconf 88' lang='lat' dir='ltr'><strong>rursus</strong></span> <span class='ocrx_word' id='word_1_337' title='bbox 2885 2139 3184 2194; x_wconf 88' lang='lat' dir='ltr'><strong>invenisset</strong></span> <span class='ocrx_word' id='word_1_338' title='bbox 3232 2139 3566 2208; x_wconf 87' lang='lat' dir='ltr'><strong>multiplica-</strong></span> 
     </span>
    </p>
   </div>
   <div class='ocr_carea' id='block_1_52' title="bbox 1989 2231 3567 2302">
    <p class='ocr_par' dir='ltr' id='par_1_52' title="bbox 1989 2231 3567 2302">
     <span class='ocr_line' id='line_1_52' title="bbox 1989 2231 3567 2302; baseline -0.003 -14"><span class='ocrx_word' id='word_1_339' title='bbox 1989 2231 2447 2294; x_wconf 89' lang='lat' dir='ltr'><strong>tam,Cornelium</strong></span> <span class='ocrx_word' id='word_1_340' title='bbox 2478 2231 2699 2300; x_wconf 88' lang='lat' dir='ltr'><strong>quidem</strong></span> <span class='ocrx_word' id='word_1_341' title='bbox 2732 2231 2798 2285; x_wconf 87' lang='lat' dir='ltr'><strong>ad</strong></span> <span class='ocrx_word' id='word_1_342' title='bbox 2821 2231 3142 2302; x_wconf 82' lang='lat' dir='ltr'><strong>dignitatem</strong></span> <span class='ocrx_word' id='word_1_343' title='bbox 3172 2232 3425 2302; x_wconf 81' lang='lat' dir='ltr'><strong>provehit</strong></span> <span class='ocrx_word' id='word_1_344' title='bbox 3445 2232 3567 2298; x_wconf 61' lang='lat' dir='ltr'><strong>epi.</strong></span> 
     </span>
    </p>
   </div>
   <div class='ocr_carea' id='block_1_53' title="bbox 1987 2321 3566 2392">
    <p class='ocr_par' dir='ltr' id='par_1_53' title="bbox 1987 2321 3566 2392">
     <span class='ocr_line' id='line_1_53' title="bbox 1987 2321 3566 2392; baseline -0.004 -16"><span class='ocrx_word' id='word_1_345' title='bbox 1987 2321 2285 2391; x_wconf 87' lang='lat' dir='ltr'><strong>scopalem,</strong></span> <span class='ocrx_word' id='word_1_346' title='bbox 2319 2321 2436 2390; x_wconf 92' lang='lat' dir='ltr'><strong>ipse</strong></span> <span class='ocrx_word' id='word_1_347' title='bbox 2473 2331 2655 2376; x_wconf 86' lang='lat' dir='ltr'><strong>autem</strong></span> <span class='ocrx_word' id='word_1_348' title='bbox 2691 2323 2970 2392; x_wconf 80' lang='lat' dir='ltr'><strong>regionem</strong></span> <span class='ocrx_word' id='word_1_349' title='bbox 3031 2321 3150 2375; x_wconf 89' lang='lat' dir='ltr'><strong>obit</strong></span> <span class='ocrx_word' id='word_1_350' title='bbox 3215 2323 3566 2379; x_wconf 82' lang='lat' dir='ltr'><strong>Asia-norum.</strong></span> 
     </span>
    </p>
   </div>
   <div class='ocr_carea' id='block_1_54' title="bbox 1987 2411 3569 2483">
    <p class='ocr_par' dir='ltr' id='par_1_54' title="bbox 1987 2411 3569 2483">
     <span class='ocr_line' id='line_1_54' title="bbox 1987 2411 3569 2483; baseline -0.003 -16"><span class='ocrx_word' id='word_1_351' title='bbox 1987 2412 2424 2483; x_wconf 87' lang='lat' dir='ltr'><strong>errorisquidem</strong></span> <span class='ocrx_word' id='word_1_352' title='bbox 2465 2411 2653 2482; x_wconf 87' lang='lat' dir='ltr'><strong>spinas</strong></span> <span class='ocrx_word' id='word_1_353' title='bbox 2681 2412 2924 2466; x_wconf 89' lang='lat' dir='ltr'><strong>evellens</strong></span> <span class='ocrx_word' id='word_1_354' title='bbox 2958 2411 3242 2476; x_wconf 81' lang='lat' dir='ltr'><strong>radicitus,</strong></span> <span class='ocrx_word' id='word_1_355' title='bbox 3267 2411 3354 2480; x_wconf 82' lang='lat' dir='ltr'><strong>pia</strong></span> <span class='ocrx_word' id='word_1_356' title='bbox 3387 2419 3569 2464; x_wconf 90' lang='lat' dir='ltr'><strong>autem</strong></span> 
     </span>
    </p>
   </div>
   <div class='ocr_carea' id='block_1_55' title="bbox 1988 2502 3569 2575">
    <p class='ocr_par' dir='ltr' id='par_1_55' title="bbox 1988 2502 3569 2575">
     <span class='ocr_line' id='line_1_55' title="bbox 1988 2502 3569 2575; baseline -0.004 -16"><span class='ocrx_word' id='word_1_357' title='bbox 1988 2505 2201 2559; x_wconf 87' lang='lat' dir='ltr'><strong>semina</strong></span> <span class='ocrx_word' id='word_1_358' title='bbox 2243 2505 2530 2575; x_wconf 80' lang='lat' dir='ltr'><strong>diligenter</strong></span> <span class='ocrx_word' id='word_1_359' title='bbox 2563 2504 2851 2573; x_wconf 86' lang='lat' dir='ltr'><strong>dejiciens.</strong></span> <span class='ocrx_word' id='word_1_360' title='bbox 2905 2503 3095 2558; x_wconf 88' lang='lat' dir='ltr'><strong>Divina</strong></span> <span class='ocrx_word' id='word_1_361' title='bbox 3137 2515 3318 2556; x_wconf 82' lang='lat' dir='ltr'><strong>autem</strong></span> <span class='ocrx_word' id='word_1_362' title='bbox 3393 2502 3569 2563; x_wconf 71' lang='lat' dir='ltr'><strong>gratia</strong></span> 
     </span>
    </p>
   </div>
   <div class='ocr_carea' id='block_1_56' title="bbox 1987 2593 3569 2663">
    <p class='ocr_par' dir='ltr' id='par_1_56' title="bbox 1987 2593 3569 2663">
     <span class='ocr_line' id='line_1_56' title="bbox 1987 2593 3569 2663; baseline -0.004 -13"><span class='ocrx_word' id='word_1_363' title='bbox 1987 2595 2258 2650; x_wconf 82' lang='lat' dir='ltr'><strong>imbribus</strong></span> <span class='ocrx_word' id='word_1_364' title='bbox 2283 2593 2581 2648; x_wconf 83' lang='lat' dir='ltr'><strong>Autonomi</strong></span> <span class='ocrx_word' id='word_1_365' title='bbox 2644 2593 2970 2647; x_wconf 78' lang='lat' dir='ltr'><strong>ostendente</strong></span> <span class='ocrx_word' id='word_1_366' title='bbox 3025 2607 3280 2663; x_wconf 84' lang='lat' dir='ltr'><strong>magnam</strong></span> <span class='ocrx_word' id='word_1_367' title='bbox 3329 2601 3569 2661; x_wconf 78' lang='lat' dir='ltr'><strong>segetem</strong></span> 
     </span>
    </p>
   </div>
   <div class='ocr_carea' id='block_1_57' title="bbox 1989 2683 3569 2757">
    <p class='ocr_par' dir='ltr' id='par_1_57' title="bbox 1989 2683 3569 2757">
     <span class='ocr_line' id='line_1_57' title="bbox 1989 2683 3569 2757; baseline -0.004 -17"><span class='ocrx_word' id='word_1_368' title='bbox 1989 2687 2231 2757; x_wconf 87' lang='lat' dir='ltr'><strong>pietatis,</strong></span> <span class='ocrx_word' id='word_1_369' title='bbox 2275 2687 2414 2740; x_wconf 89' lang='lat' dir='ltr'><strong>redit</strong></span> <span class='ocrx_word' id='word_1_370' title='bbox 2433 2699 2628 2739; x_wconf 87' lang='lat' dir='ltr'><strong>rursus</strong></span> <span class='ocrx_word' id='word_1_371' title='bbox 2653 2683 2720 2738; x_wconf 85' lang='lat' dir='ltr'><strong>ad</strong></span> <span class='ocrx_word' id='word_1_372' title='bbox 2751 2683 3068 2740; x_wconf 86' lang='lat' dir='ltr'><strong>Cornelium</strong></span> <span class='ocrx_word' id='word_1_373' title='bbox 3100 2692 3155 2738; x_wconf 90' lang='lat' dir='ltr'><strong>et</strong></span> <span class='ocrx_word' id='word_1_374' title='bbox 3185 2684 3307 2752; x_wconf 87' lang='lat' dir='ltr'><strong>ejus</strong></span> <span class='ocrx_word' id='word_1_375' title='bbox 3329 2699 3569 2754; x_wconf 79' lang='lat' dir='ltr'><strong>gregem.</strong></span> 
     </span>
    </p>
   </div>
   <div class='ocr_carea' id='block_1_58' title="bbox 1991 2775 3570 2844">
    <p class='ocr_par' dir='ltr' id='par_1_58' title="bbox 1991 2775 3570 2844">
     <span class='ocr_line' id='line_1_58' title="bbox 1991 2775 3570 2844; baseline -0.004 -12"><span class='ocrx_word' id='word_1_376' title='bbox 1991 2779 2143 2832; x_wconf 83' lang='lat' dir='ltr'><strong>Illinc</strong></span> <span class='ocrx_word' id='word_1_377' title='bbox 2175 2777 2324 2832; x_wconf 89' lang='lat' dir='ltr'><strong>venit</strong></span> <span class='ocrx_word' id='word_1_378' title='bbox 2356 2777 2597 2831; x_wconf 89' lang='lat' dir='ltr'><strong>Limnas.</strong></span> <span class='ocrx_word' id='word_1_379' title='bbox 2646 2775 2742 2830; x_wconf 82' lang='lat' dir='ltr'><strong>Est</strong></span> <span class='ocrx_word' id='word_1_380' title='bbox 2793 2788 2976 2830; x_wconf 86' lang='lat' dir='ltr'><strong>autem</strong></span> <span class='ocrx_word' id='word_1_381' title='bbox 3043 2778 3134 2831; x_wconf 87' lang='lat' dir='ltr'><strong>hic</strong></span> <span class='ocrx_word' id='word_1_382' title='bbox 3187 2777 3342 2830; x_wconf 88' lang='lat' dir='ltr'><strong>locus</strong></span> <span class='ocrx_word' id='word_1_383' title='bbox 3402 2793 3570 2844; x_wconf 76' lang='lat' dir='ltr'><strong>prope.</strong></span> 
     </span>
    </p>
   </div>
   <div class='ocr_carea' id='block_1_59' title="bbox 1989 2868 3571 2938">
    <p class='ocr_par' dir='ltr' id='par_1_59' title="bbox 1989 2868 3571 2938">
     <span class='ocr_line' id='line_1_59' title="bbox 1989 2868 3571 2938; baseline -0.003 -14"><span class='ocrx_word' id='word_1_384' title='bbox 1989 2872 2214 2925; x_wconf 87' lang='lat' dir='ltr'><strong>Soreos.</strong></span> <span class='ocrx_word' id='word_1_385' title='bbox 2238 2869 2409 2938; x_wconf 88' lang='lat' dir='ltr'><strong>Cujus</strong></span> <span class='ocrx_word' id='word_1_386' title='bbox 2433 2868 2772 2922; x_wconf 86' lang='lat' dir='ltr'><strong>habitatores</strong></span> <span class='ocrx_word' id='word_1_387' title='bbox 2803 2885 2928 2923; x_wconf 90' lang='lat' dir='ltr'><strong>cum</strong></span> <span class='ocrx_word' id='word_1_388' title='bbox 2963 2870 3172 2924; x_wconf 90' lang='lat' dir='ltr'><strong>videret</strong></span> <span class='ocrx_word' id='word_1_389' title='bbox 3228 2868 3402 2924; x_wconf 90' lang='lat' dir='ltr'><strong>teneri</strong></span> <span class='ocrx_word' id='word_1_390' title='bbox 3442 2885 3571 2937; x_wconf 87' lang='lat' dir='ltr'><strong>pro-</strong></span> 
     </span>
    </p>
   </div>
   <div class='ocr_carea' id='block_1_60' title="bbox 1989 2957 3575 3028">
    <p class='ocr_par' dir='ltr' id='par_1_60' title="bbox 1989 2957 3575 3028">
     <span class='ocr_line' id='line_1_60' title="bbox 1989 2957 3575 3028; baseline -0.005 -10"><span class='ocrx_word' id='word_1_391' title='bbox 1989 2962 2174 3018; x_wconf 71' lang='lat' dir='ltr'><strong>I‘undis</strong></span> <span class='ocrx_word' id='word_1_392' title='bbox 2232 2960 2478 3014; x_wconf 90' lang='lat' dir='ltr'><strong>tenebris</strong></span> <span class='ocrx_word' id='word_1_393' title='bbox 2529 2957 2877 3028; x_wconf 76' lang='lat' dir='ltr'><strong>ignorantiae,</strong></span> <span class='ocrx_word' id='word_1_394' title='bbox 2920 2973 3017 3012; x_wconf 87' lang='lat' dir='ltr'><strong>eos</strong></span> <span class='ocrx_word' id='word_1_395' title='bbox 3083 2972 3300 3028; x_wconf 89' lang='lat' dir='ltr'><strong>quoque</strong></span> <span class='ocrx_word' id='word_1_396' title='bbox 3328 2958 3481 3012; x_wconf 86' lang='lat' dir='ltr'><strong>ducit</strong></span> <span class='ocrx_word' id='word_1_397' title='bbox 3507 2959 3575 3010; x_wconf 83' lang='lat' dir='ltr'><strong>ad</strong></span> 
     </span>
    </p>
   </div>
   <div class='ocr_carea' id='block_1_61' title="bbox 1990 3049 3573 3123">
    <p class='ocr_par' dir='ltr' id='par_1_61' title="bbox 1990 3049 3573 3123">
     <span class='ocr_line' id='line_1_61' title="bbox 1990 3049 3573 3123; baseline -0.006 -13"><span class='ocrx_word' id='word_1_398' title='bbox 1990 3058 2168 3111; x_wconf 84' lang='lat' dir='ltr'><strong>lucem</strong></span> <span class='ocrx_word' id='word_1_399' title='bbox 2209 3051 2526 3123; x_wconf 82' lang='lat' dir='ltr'><strong>agnitionis.</strong></span> <span class='ocrx_word' id='word_1_400' title='bbox 2559 3051 2683 3103; x_wconf 82' lang='lat' dir='ltr'><strong>Non</strong></span> <span class='ocrx_word' id='word_1_401' title='bbox 2708 3049 2937 3103; x_wconf 90' lang='lat' dir='ltr'><strong>multum</strong></span> <span class='ocrx_word' id='word_1_402' title='bbox 2967 3057 3188 3120; x_wconf 88' lang='lat' dir='ltr'><strong>tempus</strong></span> <span class='ocrx_word' id='word_1_403' title='bbox 3220 3050 3287 3105; x_wconf 90' lang='lat' dir='ltr'><strong>ab</strong></span> <span class='ocrx_word' id='word_1_404' title='bbox 3337 3067 3403 3102; x_wconf 91' lang='lat' dir='ltr'><strong>eo</strong></span> <span class='ocrx_word' id='word_1_405' title='bbox 3438 3066 3573 3102; x_wconf 84' lang='lat' dir='ltr'><strong>eon-</strong></span> 
     </span>
    </p>
   </div>
   <div class='ocr_carea' id='block_1_62' title="bbox 294 3142 1889 3221">
    <p class='ocr_par' dir='ltr' id='par_1_62' title="bbox 294 3143 1877 3212">
     <span class='ocr_line' id='line_1_62' title="bbox 294 3143 1877 3212; baseline 0 -18"><span class='ocrx_word' id='word_1_406' title='bbox 294 3147 398 3212; x_wconf 77' lang='grc' dir='ltr'><strong>τὴν</strong></span> <span class='ocrx_word' id='word_1_407' title='bbox 417 3143 674 3196; x_wconf 74' lang='grc' dir='ltr'><strong>ἐπάνοδον</strong></span> <span class='ocrx_word' id='word_1_408' title='bbox 705 3146 943 3210; x_wconf 71' lang='grc' dir='ltr'><strong>ἐποιεῖτο</strong></span> <span class='ocrx_word' id='word_1_409' title='bbox 965 3162 978 3174; x_wconf 82' lang='grc'><em>’</em></span> <span class='ocrx_word' id='word_1_410' title='bbox 1009 3146 1271 3196; x_wconf 61' lang='grc' dir='ltr'><strong>κάκεῖθεν</strong></span> <span class='ocrx_word' id='word_1_411' title='bbox 1307 3146 1364 3196; x_wconf 81' lang='grc' dir='ltr'><strong>ὲν</strong></span> <span class='ocrx_word' id='word_1_412' title='bbox 1383 3144 1612 3210; x_wconf 80' lang='grc' dir='ltr'><strong>Λίμναις</strong></span> <span class='ocrx_word' id='word_1_413' title='bbox 1642 3143 1877 3210; x_wconf 85' lang='grc' dir='ltr'><strong>γίνεται.</strong></span> 
     </span>
    </p>
   </div>
   <div class='ocr_carea' id='block_1_63' title="bbox 1995 3142 3578 3221">
    <p class='ocr_par' dir='ltr' id='par_1_63' title="bbox 1995 3142 3578 3217">
     <span class='ocr_line' id='line_1_63' title="bbox 1995 3142 3578 3217; baseline -0.005 -15"><span class='ocrx_word' id='word_1_414' title='bbox 1995 3157 2260 3217; x_wconf 78' lang='lat' dir='ltr'><strong>sumptum</strong></span> <span class='ocrx_word' id='word_1_415' title='bbox 2293 3145 2397 3199; x_wconf 81' lang='lat' dir='ltr'><strong>fuit</strong></span> <span class='ocrx_word' id='word_1_416' title='bbox 2418 3145 2484 3200; x_wconf 87' lang='lat' dir='ltr'><strong>ad</strong></span> <span class='ocrx_word' id='word_1_417' title='bbox 2509 3159 2606 3199; x_wconf 87' lang='lat' dir='ltr'><strong>eos</strong></span> <span class='ocrx_word' id='word_1_418' title='bbox 2646 3144 2700 3199; x_wconf 90' lang='lat' dir='ltr'><strong>in</strong></span> <span class='ocrx_word' id='word_1_419' title='bbox 2724 3145 2864 3199; x_wconf 86' lang='lat' dir='ltr'><strong>viam</strong></span> <span class='ocrx_word' id='word_1_420' title='bbox 2897 3142 3288 3205; x_wconf 89' lang='lat' dir='ltr'><strong>deducendos,</strong></span> <span class='ocrx_word' id='word_1_421' title='bbox 3320 3142 3412 3211; x_wconf 90' lang='lat' dir='ltr'><strong>qui</strong></span> <span class='ocrx_word' id='word_1_422' title='bbox 3444 3158 3578 3195; x_wconf 84' lang='lat' dir='ltr'><strong>con-</strong></span> 
     </span>
    </p>
   </div>
   <div class='ocr_carea' id='block_1_64' title="bbox 298 3230 1881 3305">
    <p class='ocr_par' dir='ltr' id='par_1_64' title="bbox 298 3230 1881 3305">
     <span class='ocr_line' id='line_1_64' title="bbox 298 3230 1881 3305; baseline -0.001 -18"><span class='ocrx_word' id='word_1_423' title='bbox 298 3233 516 3303; x_wconf 72' lang='grc' dir='ltr'><strong>Χωρίον</strong></span> <span class='ocrx_word' id='word_1_424' title='bbox 547 3235 604 3288; x_wconf 71' lang='grc' dir='ltr'><strong>δὲ</strong></span> <span class='ocrx_word' id='word_1_425' title='bbox 632 3234 790 3288; x_wconf 85' lang='grc' dir='ltr'><strong>τοῦτο</strong></span> <span class='ocrx_word' id='word_1_426' title='bbox 821 3235 1053 3305; x_wconf 82' lang='grc' dir='ltr'><strong>Σωρεοῖς</strong></span> <span class='ocrx_word' id='word_1_427' title='bbox 1103 3236 1430 3302; x_wconf 71' lang='grc' dir='ltr'><strong>πλησιάζον,</strong></span> <span class='ocrx_word' id='word_1_428' title='bbox 1455 3230 1515 3287; x_wconf 72' lang='grc' dir='ltr'><strong>οὗ</strong></span> <span class='ocrx_word' id='word_1_429' title='bbox 1567 3236 1693 3296; x_wconf 79' lang='grc' dir='ltr'><strong>τοὺς</strong></span> <span class='ocrx_word' id='word_1_430' title='bbox 1725 3236 1881 3304; x_wconf 78' lang='grc' dir='ltr'><strong>οἰκή-</strong></span> 
     </span>
    </p>
   </div>
   <div class='ocr_carea' id='block_1_65' title="bbox 295 3326 1888 3398">
    <p class='ocr_par' dir='ltr' id='par_1_65' title="bbox 295 3326 1888 3398">
     <span class='ocr_line' id='line_1_65' title="bbox 295 3326 1888 3398; baseline 0 -19"><span class='ocrx_word' id='word_1_431' title='bbox 295 3343 469 3398; x_wconf 81' lang='grc' dir='ltr'><strong>τορας</strong></span> <span class='ocrx_word' id='word_1_432' title='bbox 501 3326 656 3396; x_wconf 84' lang='grc' dir='ltr'><strong>βαθεῖ</strong></span> <span class='ocrx_word' id='word_1_433' title='bbox 690 3328 867 3398; x_wconf 82' lang='grc' dir='ltr'><strong>σκότῳ</strong></span> <span class='ocrx_word' id='word_1_434' title='bbox 903 3328 999 3396; x_wconf 82' lang='grc' dir='ltr'><strong>τῆς</strong></span> <span class='ocrx_word' id='word_1_435' title='bbox 1029 3328 1254 3395; x_wconf 82' lang='grc' dir='ltr'><strong>ἀγνοίας</strong></span> <span class='ocrx_word' id='word_1_436' title='bbox 1277 3327 1690 3397; x_wconf 78' lang='grc' dir='ltr'><strong>κρατουμένους</strong></span> <span class='ocrx_word' id='word_1_437' title='bbox 1721 3327 1888 3397; x_wconf 85' lang='grc' dir='ltr'><strong>ὁρῶν,</strong></span> 
     </span>
    </p>
   </div>
   <div class='ocr_carea' id='block_1_66' title="bbox 295 3418 1891 3489">
    <p class='ocr_par' dir='ltr' id='par_1_66' title="bbox 295 3418 1891 3489">
     <span class='ocr_line' id='line_1_66' title="bbox 295 3418 1891 3489; baseline 0.001 -18"><span class='ocrx_word' id='word_1_438' title='bbox 295 3420 493 3489; x_wconf 67' lang='grc' dir='ltr'><strong>ὁδηγεῖ</strong></span> <span class='ocrx_word' id='word_1_439' title='bbox 541 3420 636 3472; x_wconf 76' lang='grc' dir='ltr'><strong>καὶ</strong></span> <span class='ocrx_word' id='word_1_440' title='bbox 669 3419 887 3483; x_wconf 76' lang='grc' dir='ltr'><strong>τούτους</strong></span> <span class='ocrx_word' id='word_1_441' title='bbox 913 3420 1050 3488; x_wconf 66' lang='grc' dir='ltr'><strong>πρὶς</strong></span> <span class='ocrx_word' id='word_1_442' title='bbox 1072 3419 1130 3472; x_wconf 77' lang='grc' dir='ltr'><strong>τὸ</strong></span> <span class='ocrx_word' id='word_1_443' title='bbox 1162 3419 1364 3486; x_wconf 81' lang='grc' dir='ltr'><strong>φέγγος</strong></span> <span class='ocrx_word' id='word_1_444' title='bbox 1395 3421 1490 3485; x_wconf 82' lang='grc' dir='ltr'><strong>τῆς</strong></span> <span class='ocrx_word' id='word_1_445' title='bbox 1516 3418 1891 3486; x_wconf 73' lang='grc' dir='ltr'><strong>ἐπιγνώσεως.</strong></span> 
     </span>
    </p>
   </div>
   <div class='ocr_carea' id='block_1_67' title="bbox 1995 3234 3581 3306">
    <p class='ocr_par' dir='ltr' id='par_1_67' title="bbox 1995 3234 3581 3306">
     <span class='ocr_line' id='line_1_67' title="bbox 1995 3234 3581 3306; baseline -0.004 -13"><span class='ocrx_word' id='word_1_446' title='bbox 1995 3239 2353 3293; x_wconf 77' lang='lat' dir='ltr'><strong>vertebantur</strong></span> <span class='ocrx_word' id='word_1_447' title='bbox 2380 3256 2392 3291; x_wconf 89' lang='lat'><strong>:</strong></span> <span class='ocrx_word' id='word_1_448' title='bbox 2420 3237 2512 3291; x_wconf 85' lang='lat' dir='ltr'><strong>sed</strong></span> <span class='ocrx_word' id='word_1_449' title='bbox 2547 3246 2602 3292; x_wconf 90' lang='lat' dir='ltr'><strong>et</strong></span> <span class='ocrx_word' id='word_1_450' title='bbox 2632 3238 2782 3291; x_wconf 84' lang='lat' dir='ltr'><strong>brevi</strong></span> <span class='ocrx_word' id='word_1_451' title='bbox 2817 3247 3044 3306; x_wconf 85' lang='lat' dir='ltr'><strong>operata</strong></span> <span class='ocrx_word' id='word_1_452' title='bbox 3072 3245 3156 3291; x_wconf 91' lang='lat' dir='ltr'><strong>est</strong></span> <span class='ocrx_word' id='word_1_453' title='bbox 3178 3237 3348 3306; x_wconf 86' lang='lat' dir='ltr'><strong>gratia</strong></span> <span class='ocrx_word' id='word_1_454' title='bbox 3381 3236 3434 3288; x_wconf 90' lang='lat' dir='ltr'><strong>in</strong></span> <span class='ocrx_word' id='word_1_455' title='bbox 3462 3234 3581 3288; x_wconf 86' lang='lat' dir='ltr'><strong>ani-</strong></span> 
     </span>
    </p>
   </div>
   <div class='ocr_carea' id='block_1_68' title="bbox 1999 3328 3578 3402">
    <p class='ocr_par' dir='ltr' id='par_1_68' title="bbox 1999 3328 3578 3402">
     <span class='ocr_line' id='line_1_68' title="bbox 1999 3328 3578 3402; baseline -0.004 -15"><span class='ocrx_word' id='word_1_456' title='bbox 1999 3349 2119 3388; x_wconf 88' lang='lat' dir='ltr'><strong>mos</strong></span> <span class='ocrx_word' id='word_1_457' title='bbox 2142 3331 2563 3402; x_wconf 86' lang='lat' dir='ltr'><strong>permultorum,</strong></span> <span class='ocrx_word' id='word_1_458' title='bbox 2595 3340 2652 3384; x_wconf 88' lang='lat' dir='ltr'><strong>et</strong></span> <span class='ocrx_word' id='word_1_459' title='bbox 2685 3331 2923 3384; x_wconf 89' lang='lat' dir='ltr'><strong>salutare</strong></span> <span class='ocrx_word' id='word_1_460' title='bbox 2961 3330 3235 3398; x_wconf 89' lang='lat' dir='ltr'><strong>baptisma</strong></span> <span class='ocrx_word' id='word_1_461' title='bbox 3287 3328 3578 3397; x_wconf 78' lang='lat' dir='ltr'><strong>requiren-</strong></span> 
     </span>
    </p>
   </div>
   <div class='ocr_carea' id='block_1_69' title="bbox 2003 3419 3122 3492">
    <p class='ocr_par' dir='ltr' id='par_1_69' title="bbox 2003 3419 3122 3492">
     <span class='ocr_line' id='line_1_69' title="bbox 2003 3419 3122 3492; baseline -0.001 -18"><span class='ocrx_word' id='word_1_462' title='bbox 2003 3431 2107 3485; x_wconf 85' lang='lat' dir='ltr'><strong>tes,</strong></span> <span class='ocrx_word' id='word_1_463' title='bbox 2142 3437 2298 3476; x_wconf 87' lang='lat' dir='ltr'><strong>sacro</strong></span> <span class='ocrx_word' id='word_1_464' title='bbox 2327 3421 2473 3492; x_wconf 84' lang='lat' dir='ltr'><strong>gregi</strong></span> <span class='ocrx_word' id='word_1_465' title='bbox 2503 3419 2708 3475; x_wconf 83' lang='lat' dir='ltr'><strong>Christi</strong></span> <span class='ocrx_word' id='word_1_466' title='bbox 2746 3429 3122 3476; x_wconf 79' lang='lat' dir='ltr'><strong>accesserunt.</strong></span> 
     </span>
    </p>
   </div>
   <div class='ocr_carea' id='block_1_70' title="bbox 298 3512 3580 3587">
    <p class='ocr_par' dir='ltr' id='par_1_70' title="bbox 298 3512 3580 3587">
     <span class='ocr_line' id='line_1_70' title="bbox 298 3512 3580 3587; baseline 0.001 -19"><span class='ocrx_word' id='word_1_467' title='bbox 298 3515 419 3570; x_wconf 77' lang='grc' dir='ltr'><strong>Καὶ</strong></span> <span class='ocrx_word' id='word_1_468' title='bbox 487 3516 546 3568; x_wconf 69' lang='grc' dir='ltr'><strong>οὐ</strong></span> <span class='ocrx_word' id='word_1_469' title='bbox 598 3515 765 3572; x_wconf 73' lang='grc' dir='ltr'><strong>πολὺς</strong></span> <span class='ocrx_word' id='word_1_470' title='bbox 795 3515 942 3583; x_wconf 84' lang='grc' dir='ltr'><strong>αὐτῷ</strong></span> <span class='ocrx_word' id='word_1_471' title='bbox 998 3515 1188 3586; x_wconf 77' lang='grc' dir='ltr'><strong>χρόνος</strong></span> <span class='ocrx_word' id='word_1_472' title='bbox 1235 3512 1377 3584; x_wconf 76' lang='grc' dir='ltr'><strong>πρὸς</strong></span> <span class='ocrx_word' id='word_1_473' title='bbox 1427 3515 1530 3584; x_wconf 83' lang='grc' dir='ltr'><strong>τὴν</strong></span> <span class='ocrx_word' id='word_1_474' title='bbox 1581 3515 1810 3586; x_wconf 73' lang='grc' dir='ltr'><strong>ὁδηγίαν</strong></span> <span class='ocrx_word' id='word_1_475' title='bbox 1855 3517 1965 3569; x_wconf 89' lang='grc' dir='ltr'><strong>τῶν</strong></span> <span class='ocrx_word' id='word_1_476' title='bbox 2005 3515 2449 3587; x_wconf 76' lang='grc' dir='ltr'><strong>ἐπιστρεφόντων</strong></span> <span class='ocrx_word' id='word_1_477' title='bbox 2514 3517 2795 3570; x_wconf 75' lang='grc' dir='ltr'><strong>ἀνάλωτο·</strong></span> <span class='ocrx_word' id='word_1_478' title='bbox 2845 3517 2962 3570; x_wconf 81' lang='grc' dir='ltr'><strong>ἀλλ’</strong></span> <span class='ocrx_word' id='word_1_479' title='bbox 3013 3519 3071 3569; x_wconf 78' lang='grc' dir='ltr'><strong>ἐν</strong></span> <span class='ocrx_word' id='word_1_480' title='bbox 3119 3517 3316 3587; x_wconf 79' lang='grc' dir='ltr'><strong>βραχεῖ</strong></span> <span class='ocrx_word' id='word_1_481' title='bbox 3367 3517 3436 3569; x_wconf 78' lang='grc' dir='ltr'><strong>τὰ</strong></span> <span class='ocrx_word' id='word_1_482' title='bbox 3482 3518 3580 3582; x_wconf 81' lang='grc' dir='ltr'><strong>τῆς</strong></span> 
     </span>
    </p>
   </div>
   <div class='ocr_carea' id='block_1_71' title="bbox 301 3605 3580 3682">
    <p class='ocr_par' dir='ltr' id='par_1_71' title="bbox 301 3605 3580 3682">
     <span class='ocr_line' id='line_1_71' title="bbox 301 3605 3580 3682; baseline -0 -21"><span class='ocrx_word' id='word_1_483' title='bbox 301 3609 534 3679; x_wconf 81' lang='grc' dir='ltr'><strong>χάριτος</strong></span> <span class='ocrx_word' id='word_1_484' title='bbox 587 3611 665 3666; x_wconf 81' lang='grc' dir='ltr'><strong>εἰς</strong></span> <span class='ocrx_word' id='word_1_485' title='bbox 697 3609 796 3671; x_wconf 77' lang='grc' dir='ltr'><strong>τὰς</strong></span> <span class='ocrx_word' id='word_1_486' title='bbox 842 3608 950 3661; x_wconf 87' lang='grc' dir='ltr'><strong>τῶν</strong></span> <span class='ocrx_word' id='word_1_487' title='bbox 992 3609 1255 3662; x_wconf 76' lang='grc' dir='ltr'><strong>πλειόνων</strong></span> <span class='ocrx_word' id='word_1_488' title='bbox 1296 3605 1520 3677; x_wconf 70' lang='grc' dir='ltr'><strong>ἐνήργει</strong></span> <span class='ocrx_word' id='word_1_489' title='bbox 1563 3607 1763 3679; x_wconf 72' lang='grc' dir='ltr'><strong>ψυχὰς,</strong></span> <span class='ocrx_word' id='word_1_490' title='bbox 1822 3612 1917 3664; x_wconf 72' lang='grc' dir='ltr'><strong>καὶ</strong></span> <span class='ocrx_word' id='word_1_491' title='bbox 1963 3610 2024 3662; x_wconf 73' lang='grc' dir='ltr'><strong>το</strong></span> <span class='ocrx_word' id='word_1_492' title='bbox 2067 3611 2335 3680; x_wconf 88' lang='grc' dir='ltr'><strong>σωτήριον</strong></span> <span class='ocrx_word' id='word_1_493' title='bbox 2374 3608 2660 3680; x_wconf 77' lang='grc' dir='ltr'><strong>βάπτισμα</strong></span> <span class='ocrx_word' id='word_1_494' title='bbox 2712 3608 3126 3681; x_wconf 74' lang='grc' dir='ltr'><strong>ἐπιζητοῦντες,</strong></span> <span class='ocrx_word' id='word_1_495' title='bbox 3184 3613 3251 3680; x_wconf 83' lang='grc' dir='ltr'><strong>τῇ</strong></span> <span class='ocrx_word' id='word_1_496' title='bbox 3298 3610 3424 3682; x_wconf 82' lang='grc' dir='ltr'><strong>ἱερᾷ</strong></span> <span class='ocrx_word' id='word_1_497' title='bbox 3457 3608 3580 3662; x_wconf 84' lang='grc' dir='ltr'><strong>ποί-</strong></span> 
     </span>
    </p>
   </div>
   <div class='ocr_carea' id='block_1_72' title="bbox 303 3701 1143 3775">
    <p class='ocr_par' dir='ltr' id='par_1_72' title="bbox 303 3701 1143 3775">
     <span class='ocr_line' id='line_1_72' title="bbox 303 3701 1143 3775; baseline 0.001 -21"><span class='ocrx_word' id='word_1_498' title='bbox 303 3715 421 3775; x_wconf 80' lang='grc' dir='ltr'><strong>μνῃ</strong></span> <span class='ocrx_word' id='word_1_499' title='bbox 455 3701 696 3771; x_wconf 81' lang='grc' dir='ltr'><strong>Χριστοῦ</strong></span> <span class='ocrx_word' id='word_1_500' title='bbox 737 3701 1143 3772; x_wconf 72' lang='grc' dir='ltr'><strong>προσετίθεντο.</strong></span> 
     </span>
    </p>
   </div>
   <div class='ocr_carea' id='block_1_73' title="bbox 377 3793 1888 3867">
    <p class='ocr_par' dir='ltr' id='par_1_73' title="bbox 377 3793 1888 3867">
     <span class='ocr_line' id='line_1_73' title="bbox 377 3793 1888 3867; baseline 0 -19"><span class='ocrx_word' id='word_1_501' title='bbox 377 3793 454 3848; x_wconf 81' lang='grc' dir='ltr'><strong>Γ.</strong></span> <span class='ocrx_word' id='word_1_502' title='bbox 488 3795 707 3848; x_wconf 77' lang='grc' dir='ltr'><strong>Τούτων</strong></span> <span class='ocrx_word' id='word_1_503' title='bbox 751 3794 933 3849; x_wconf 83' lang='grc' dir='ltr'><strong>τοίνυν</strong></span> <span class='ocrx_word' id='word_1_504' title='bbox 980 3794 1236 3866; x_wconf 70' lang='grc' dir='ltr'><strong>εὐμενείᾳ</strong></span> <span class='ocrx_word' id='word_1_505' title='bbox 1276 3795 1416 3849; x_wconf 86' lang='grc' dir='ltr'><strong>Θεοῦ</strong></span> <span class='ocrx_word' id='word_1_506' title='bbox 1449 3797 1576 3848; x_wconf 71' lang='grc' dir='ltr'><strong>κατ’</strong></span> <span class='ocrx_word' id='word_1_507' title='bbox 1597 3797 1762 3866; x_wconf 71' lang='grc' dir='ltr'><strong>εὐχὰς</strong></span> <span class='ocrx_word' id='word_1_508' title='bbox 1811 3798 1888 3867; x_wconf 84' lang='grc' dir='ltr'><strong>τῷ</strong></span> 
     </span>
    </p>
   </div>
   <div class='ocr_carea' id='block_1_74' title="bbox 304 3886 1890 3962">
    <p class='ocr_par' dir='ltr' id='par_1_74' title="bbox 304 3886 1890 3962">
     <span class='ocr_line' id='line_1_74' title="bbox 304 3886 1890 3962; baseline 0.001 -22"><span class='ocrx_word' id='word_1_509' title='bbox 304 3889 554 3959; x_wconf 77' lang='grc' dir='ltr'><strong>μάρτυρι</strong></span> <span class='ocrx_word' id='word_1_510' title='bbox 584 3886 969 3951; x_wconf 69' lang='grc' dir='ltr'><strong>τελεσθέντων,</strong></span> <span class='ocrx_word' id='word_1_511' title='bbox 997 3887 1288 3958; x_wconf 88' lang='grc' dir='ltr'><strong>συμϐαίνει</strong></span> <span class='ocrx_word' id='word_1_512' title='bbox 1315 3890 1441 3952; x_wconf 83' lang='grc' dir='ltr'><strong>τούς</strong></span> <span class='ocrx_word' id='word_1_513' title='bbox 1471 3890 1565 3943; x_wconf 77' lang='grc' dir='ltr'><strong>ἐπὶ</strong></span> <span class='ocrx_word' id='word_1_514' title='bbox 1609 3892 1676 3961; x_wconf 80' lang='grc' dir='ltr'><strong>τῇ</strong></span> <span class='ocrx_word' id='word_1_515' title='bbox 1709 3889 1890 3962; x_wconf 78' lang='grc' dir='ltr'><strong>πλάνῃ</strong></span> 
     </span>
    </p>
   </div>
   <div class='ocr_carea' id='block_1_75' title="bbox 300 3978 1895 4054">
    <p class='ocr_par' dir='ltr' id='par_1_75' title="bbox 300 3978 1895 4054">
     <span class='ocr_line' id='line_1_75' title="bbox 300 3978 1895 4054; baseline 0.001 -21"><span class='ocrx_word' id='word_1_516' title='bbox 300 3981 406 4050; x_wconf 81' lang='grc' dir='ltr'><strong>τῆς</strong></span> <span class='ocrx_word' id='word_1_517' title='bbox 447 3978 701 4043; x_wconf 84' lang='grc' dir='ltr'><strong>ἀσεϐείας</strong></span> <span class='ocrx_word' id='word_1_518' title='bbox 725 3979 1130 4050; x_wconf 79' lang='grc' dir='ltr'><strong>κατεχομένους</strong></span> <span class='ocrx_word' id='word_1_519' title='bbox 1172 3983 1230 4034; x_wconf 82' lang='grc' dir='ltr'><strong>ὲν</strong></span> <span class='ocrx_word' id='word_1_520' title='bbox 1269 3980 1347 4050; x_wconf 84' lang='grc' dir='ltr'><strong>τῷ</strong></span> <span class='ocrx_word' id='word_1_521' title='bbox 1380 3980 1674 4050; x_wconf 77' lang='grc' dir='ltr'><strong>δηλωθέντι</strong></span> <span class='ocrx_word' id='word_1_522' title='bbox 1709 3983 1895 4054; x_wconf 85' lang='grc' dir='ltr'><strong>χωρίῳ</strong></span> 
     </span>
    </p>
   </div>
   <div class='ocr_carea' id='block_1_76' title="bbox 304 4069 1896 4144">
    <p class='ocr_par' dir='ltr' id='par_1_76' title="bbox 304 4069 1896 4144">
     <span class='ocr_line' id='line_1_76' title="bbox 304 4069 1896 4144; baseline 0.001 -18"><span class='ocrx_word' id='word_1_523' title='bbox 304 4071 450 4126; x_wconf 83' lang='grc' dir='ltr'><strong>κατά</strong></span> <span class='ocrx_word' id='word_1_524' title='bbox 478 4089 598 4125; x_wconf 88' lang='grc' dir='ltr'><strong>τινα</strong></span> <span class='ocrx_word' id='word_1_525' title='bbox 630 4069 758 4141; x_wconf 85' lang='grc' dir='ltr'><strong>παρ’</strong></span> <span class='ocrx_word' id='word_1_526' title='bbox 814 4071 999 4134; x_wconf 70' lang='grc' dir='ltr'><strong>αὐτοῖς</strong></span> <span class='ocrx_word' id='word_1_527' title='bbox 1041 4073 1362 4143; x_wconf 80' lang='grc' dir='ltr'><strong>τιμωμένην</strong></span> <span class='ocrx_word' id='word_1_528' title='bbox 1407 4072 1662 4142; x_wconf 78' lang='grc' dir='ltr'><strong>δαίμονος</strong></span> <span class='ocrx_word' id='word_1_529' title='bbox 1705 4072 1896 4144; x_wconf 71' lang='grc' dir='ltr'><strong>ἑορτήν</strong></span> 
     </span>
    </p>
   </div>
   <div class='ocr_carea' id='block_1_77' title="bbox 311 4160 1891 4234">
    <p class='ocr_par' dir='ltr' id='par_1_77' title="bbox 311 4160 1891 4234">
     <span class='ocr_line' id='line_1_77' title="bbox 311 4160 1891 4234; baseline 0.001 -18"><span class='ocrx_word' id='word_1_530' title='bbox 311 4163 549 4227; x_wconf 69' lang='grc' dir='ltr'><strong>σπονδὰς</strong></span> <span class='ocrx_word' id='word_1_531' title='bbox 574 4165 687 4225; x_wconf 80' lang='grc' dir='ltr'><strong>τοῖς</strong></span> <span class='ocrx_word' id='word_1_532' title='bbox 732 4160 977 4225; x_wconf 74' lang='grc' dir='ltr'><strong>εἰδώλοις</strong></span> <span class='ocrx_word' id='word_1_533' title='bbox 1030 4165 1390 4234; x_wconf 76' lang='grc' dir='ltr'><strong>προσφέρειν,</strong></span> <span class='ocrx_word' id='word_1_534' title='bbox 1425 4166 1659 4217; x_wconf 82' lang='grc' dir='ltr'><strong>κάκεῖνα</strong></span> <span class='ocrx_word' id='word_1_535' title='bbox 1695 4167 1891 4230; x_wconf 85' lang='grc' dir='ltr'><strong>ποιεῖν,</strong></span> 
     </span>
    </p>
   </div>
   <div class='ocr_carea' id='block_1_78' title="bbox 305 4253 1896 4328">
    <p class='ocr_par' dir='ltr' id='par_1_78' title="bbox 305 4253 1896 4328">
     <span class='ocr_line' id='line_1_78' title="bbox 305 4253 1896 4328; baseline 0 -19"><span class='ocrx_word' id='word_1_536' title='bbox 305 4257 410 4309; x_wconf 72' lang='grc' dir='ltr'><strong>ὅσα</strong></span> <span class='ocrx_word' id='word_1_537' title='bbox 462 4253 570 4306; x_wconf 80' lang='grc' dir='ltr'><strong>ὑπὸ</strong></span> <span class='ocrx_word' id='word_1_538' title='bbox 615 4253 868 4323; x_wconf 75' lang='grc' dir='ltr'><strong>πονηρῶν</strong></span> <span class='ocrx_word' id='word_1_539' title='bbox 905 4253 1174 4322; x_wconf 78' lang='grc' dir='ltr'><strong>δαιμόνων</strong></span> <span class='ocrx_word' id='word_1_540' title='bbox 1225 4255 1680 4327; x_wconf 78' lang='grc' dir='ltr'><strong>ὲκϐακχευθεῖσαι</strong></span> <span class='ocrx_word' id='word_1_541' title='bbox 1725 4255 1896 4328; x_wconf 80' lang='grc' dir='ltr'><strong>ψυχαὶ</strong></span> 
     </span>
    </p>
   </div>
   <div class='ocr_carea' id='block_1_79' title="bbox 308 4343 1896 4416">
    <p class='ocr_par' dir='ltr' id='par_1_79' title="bbox 308 4343 1896 4416">
     <span class='ocr_line' id='line_1_79' title="bbox 308 4343 1896 4416; baseline 0.002 -18"><span class='ocrx_word' id='word_1_542' title='bbox 308 4346 641 4416; x_wconf 86' lang='grc' dir='ltr'><strong>πράττουσι.</strong></span> <span class='ocrx_word' id='word_1_543' title='bbox 688 4344 874 4398; x_wconf 87' lang='grc' dir='ltr'><strong>Ταῦτα</strong></span> <span class='ocrx_word' id='word_1_544' title='bbox 933 4343 1192 4410; x_wconf 73' lang='grc' dir='ltr'><strong>πολλάκις</strong></span> <span class='ocrx_word' id='word_1_545' title='bbox 1234 4347 1282 4400; x_wconf 92' lang='grc' dir='ltr'><strong>οί</strong></span> <span class='ocrx_word' id='word_1_546' title='bbox 1350 4348 1450 4413; x_wconf 77' lang='grc' dir='ltr'><strong>τῆς</strong></span> <span class='ocrx_word' id='word_1_547' title='bbox 1512 4348 1607 4401; x_wconf 86' lang='grc' dir='ltr'><strong>τοῦ</strong></span> <span class='ocrx_word' id='word_1_548' title='bbox 1659 4348 1896 4416; x_wconf 86' lang='grc' dir='ltr'><strong>Χριστοῦ</strong></span> 
     </span>
    </p>
   </div>
   <div class='ocr_carea' id='block_1_80' title="bbox 2063 3784 3581 3862">
    <p class='ocr_par' dir='ltr' id='par_1_80' title="bbox 2063 3784 3581 3862">
     <span class='ocr_line' id='line_1_80' title="bbox 2063 3784 3581 3862; baseline -0.001 -15"><span class='ocrx_word' id='word_1_549' title='bbox 2063 3793 2148 3848; x_wconf 80' lang='lat' dir='ltr'><strong>Hi.</strong></span> <span class='ocrx_word' id='word_1_550' title='bbox 2173 3792 2312 3848; x_wconf 88' lang='lat' dir='ltr'><strong>Cum</strong></span> <span class='ocrx_word' id='word_1_551' title='bbox 2331 3792 2451 3848; x_wconf 82' lang='lat' dir='ltr'><strong>haec</strong></span> <span class='ocrx_word' id='word_1_552' title='bbox 2470 3807 2601 3862; x_wconf 86' lang='lat' dir='ltr'><strong>ergo</strong></span> <span class='ocrx_word' id='word_1_553' title='bbox 2629 3791 2722 3847; x_wconf 92' lang='lat' dir='ltr'><strong>Dei</strong></span> <span class='ocrx_word' id='word_1_554' title='bbox 2755 3790 3108 3860; x_wconf 80' lang='lat' dir='ltr'><strong>benignitate,</strong></span> <span class='ocrx_word' id='word_1_555' title='bbox 3131 3799 3190 3846; x_wconf 89' lang='lat' dir='ltr'><strong>ut</strong></span> <span class='ocrx_word' id='word_1_556' title='bbox 3211 3791 3432 3860; x_wconf 70' lang='lat' dir='ltr'><strong>martyri</strong></span> <span class='ocrx_word' id='word_1_557' title='bbox 3459 3784 3581 3846; x_wconf 63' lang='lat' dir='ltr'><strong>era‘</strong></span> 
     </span>
    </p>
   </div>
   <div class='ocr_carea' id='block_1_81' title="bbox 2002 3884 3582 3954">
    <p class='ocr_par' dir='ltr' id='par_1_81' title="bbox 2002 3884 3582 3954">
     <span class='ocr_line' id='line_1_81' title="bbox 2002 3884 3582 3954; baseline -0.002 -14"><span class='ocrx_word' id='word_1_558' title='bbox 2002 3887 2054 3940; x_wconf 92' lang='lat' dir='ltr'><strong>in</strong></span> <span class='ocrx_word' id='word_1_559' title='bbox 2088 3887 2248 3951; x_wconf 84' lang='lat' dir='ltr'><strong>votis,</strong></span> <span class='ocrx_word' id='word_1_560' title='bbox 2283 3886 2478 3942; x_wconf 76' lang='lat' dir='ltr'><strong>effecta</strong></span> <span class='ocrx_word' id='word_1_561' title='bbox 2508 3894 2716 3950; x_wconf 89' lang='lat' dir='ltr'><strong>essent,</strong></span> <span class='ocrx_word' id='word_1_562' title='bbox 2753 3885 2975 3947; x_wconf 87' lang='lat' dir='ltr'><strong>accidit,</strong></span> <span class='ocrx_word' id='word_1_563' title='bbox 3020 3893 3079 3940; x_wconf 93' lang='lat' dir='ltr'><strong>ut</strong></span> <span class='ocrx_word' id='word_1_564' title='bbox 3123 3885 3214 3954; x_wconf 87' lang='lat' dir='ltr'><strong>qui</strong></span> <span class='ocrx_word' id='word_1_565' title='bbox 3250 3884 3582 3939; x_wconf 77' lang='lat' dir='ltr'><strong>tenebantur</strong></span> 
     </span>
    </p>
   </div>
   <div class='ocr_carea' id='block_1_82' title="bbox 2003 3974 3583 4047">
    <p class='ocr_par' dir='ltr' id='par_1_82' title="bbox 2003 3974 3583 4047">
     <span class='ocr_line' id='line_1_82' title="bbox 2003 3974 3583 4047; baseline -0.002 -15"><span class='ocrx_word' id='word_1_566' title='bbox 2003 3991 2192 4032; x_wconf 86' lang='lat' dir='ltr'><strong>errore</strong></span> <span class='ocrx_word' id='word_1_567' title='bbox 2223 3977 2522 4047; x_wconf 87' lang='lat' dir='ltr'><strong>impietatis</strong></span> <span class='ocrx_word' id='word_1_568' title='bbox 2559 3975 2612 4030; x_wconf 86' lang='lat' dir='ltr'><strong>in</strong></span> <span class='ocrx_word' id='word_1_569' title='bbox 2649 3975 2798 4031; x_wconf 90' lang='lat' dir='ltr'><strong>dicto</strong></span> <span class='ocrx_word' id='word_1_570' title='bbox 2822 3975 2965 4038; x_wconf 89' lang='lat' dir='ltr'><strong>loco,</strong></span> <span class='ocrx_word' id='word_1_571' title='bbox 3011 3975 3066 4028; x_wconf 89' lang='lat' dir='ltr'><strong>in</strong></span> <span class='ocrx_word' id='word_1_572' title='bbox 3110 3974 3349 4044; x_wconf 87' lang='lat' dir='ltr'><strong>quodam</strong></span> <span class='ocrx_word' id='word_1_573' title='bbox 3378 3974 3583 4029; x_wconf 66' lang='lat' dir='ltr'><strong>daemo-</strong></span> 
     </span>
    </p>
   </div>
   <div class='ocr_carea' id='block_1_83' title="bbox 2007 4064 3584 4138">
    <p class='ocr_par' dir='ltr' id='par_1_83' title="bbox 2007 4064 3584 4138">
     <span class='ocr_line' id='line_1_83' title="bbox 2007 4064 3584 4138; baseline -0.002 -15"><span class='ocrx_word' id='word_1_574' title='bbox 2007 4069 2091 4124; x_wconf 88' lang='lat' dir='ltr'><strong>nis</strong></span> <span class='ocrx_word' id='word_1_575' title='bbox 2117 4067 2279 4135; x_wconf 83' lang='lat' dir='ltr'><strong>festo,</strong></span> <span class='ocrx_word' id='word_1_576' title='bbox 2310 4069 2454 4138; x_wconf 88' lang='lat' dir='ltr'><strong>quod</strong></span> <span class='ocrx_word' id='word_1_577' title='bbox 2479 4071 2546 4122; x_wconf 89' lang='lat' dir='ltr'><strong>ab</strong></span> <span class='ocrx_word' id='word_1_578' title='bbox 2569 4069 2650 4122; x_wconf 91' lang='lat' dir='ltr'><strong>eis</strong></span> <span class='ocrx_word' id='word_1_579' title='bbox 2671 4067 3074 4131; x_wconf 84' lang='lat' dir='ltr'><strong>celebrabatur,</strong></span> <span class='ocrx_word' id='word_1_580' title='bbox 3097 4067 3405 4122; x_wconf 89' lang='lat' dir='ltr'><strong>simulacris</strong></span> <span class='ocrx_word' id='word_1_581' title='bbox 3423 4064 3584 4121; x_wconf 79' lang='lat' dir='ltr'><strong>oﬂ‘er-</strong></span> 
     </span>
    </p>
   </div>
   <div class='ocr_carea' id='block_1_84' title="bbox 2007 4159 3586 4229">
    <p class='ocr_par' dir='ltr' id='par_1_84' title="bbox 2007 4159 3586 4229">
     <span class='ocr_line' id='line_1_84' title="bbox 2007 4159 3586 4229; baseline -0.002 -13"><span class='ocrx_word' id='word_1_582' title='bbox 2007 4170 2132 4216; x_wconf 87' lang='lat' dir='ltr'><strong>rent</strong></span> <span class='ocrx_word' id='word_1_583' title='bbox 2162 4159 2450 4224; x_wconf 88' lang='lat' dir='ltr'><strong>libamina,</strong></span> <span class='ocrx_word' id='word_1_584' title='bbox 2483 4171 2538 4215; x_wconf 92' lang='lat' dir='ltr'><strong>et</strong></span> <span class='ocrx_word' id='word_1_585' title='bbox 2563 4176 2626 4216; x_wconf 89' lang='lat' dir='ltr'><strong>ea</strong></span> <span class='ocrx_word' id='word_1_586' title='bbox 2661 4160 2908 4216; x_wconf 80' lang='lat' dir='ltr'><strong>facerent</strong></span> <span class='ocrx_word' id='word_1_587' title='bbox 2957 4175 3120 4229; x_wconf 64' lang='lat' dir='ltr'><strong>:qum</strong></span> <span class='ocrx_word' id='word_1_588' title='bbox 3155 4159 3363 4214; x_wconf 80' lang='lat' dir='ltr'><strong>faciunt</strong></span> <span class='ocrx_word' id='word_1_589' title='bbox 3389 4159 3586 4214; x_wconf 81' lang='lat' dir='ltr'><strong>anima:</strong></span> 
     </span>
    </p>
   </div>
   <div class='ocr_carea' id='block_1_85' title="bbox 2004 4251 3585 4325">
    <p class='ocr_par' dir='ltr' id='par_1_85' title="bbox 2004 4251 3585 4325">
     <span class='ocr_line' id='line_1_85' title="bbox 2004 4251 3585 4325; baseline -0.002 -17"><span class='ocrx_word' id='word_1_590' title='bbox 2004 4251 2190 4309; x_wconf 79' lang='lat' dir='ltr'><strong>furore</strong></span> <span class='ocrx_word' id='word_1_591' title='bbox 2230 4255 2454 4325; x_wconf 59' lang='lat' dir='ltr'><strong>percitae</strong></span> <span class='ocrx_word' id='word_1_592' title='bbox 2479 4269 2510 4308; x_wconf 93' lang='lat' dir='ltr'><strong>a</strong></span> <span class='ocrx_word' id='word_1_593' title='bbox 2547 4253 2913 4308; x_wconf 75' lang='lat' dir='ltr'><strong>daemonibus.</strong></span> <span class='ocrx_word' id='word_1_594' title='bbox 2977 4251 3100 4307; x_wconf 70' lang='lat' dir='ltr'><strong>Haec</strong></span> <span class='ocrx_word' id='word_1_595' title='bbox 3156 4268 3300 4322; x_wconf 68' lang='lat' dir='ltr'><strong>saepe</strong></span> <span class='ocrx_word' id='word_1_596' title='bbox 3335 4252 3585 4306; x_wconf 78' lang='lat' dir='ltr'><strong>videntes</strong></span> 
     </span>
    </p>
   </div>
   <div class='ocr_carea' id='block_1_86' title="bbox 2005 4343 3588 4417">
    <p class='ocr_par' dir='ltr' id='par_1_86' title="bbox 2005 4343 3588 4417">
     <span class='ocr_line' id='line_1_86' title="bbox 2005 4343 3588 4417; baseline 0.001 -19"><span class='ocrx_word' id='word_1_597' title='bbox 2005 4345 2120 4398; x_wconf 80' lang='lat' dir='ltr'><strong>ﬁeri</strong></span> <span class='ocrx_word' id='word_1_598' title='bbox 2142 4344 2176 4400; x_wconf 91' lang='lat' dir='ltr'><strong>ii</strong></span> <span class='ocrx_word' id='word_1_599' title='bbox 2212 4345 2304 4415; x_wconf 90' lang='lat' dir='ltr'><strong>qui</strong></span> <span class='ocrx_word' id='word_1_600' title='bbox 2347 4353 2508 4401; x_wconf 87' lang='lat' dir='ltr'><strong>erant</strong></span> <span class='ocrx_word' id='word_1_601' title='bbox 2537 4346 2717 4417; x_wconf 84' lang='lat' dir='ltr'><strong>gregis</strong></span> <span class='ocrx_word' id='word_1_602' title='bbox 2741 4346 2971 4406; x_wconf 86' lang='lat' dir='ltr'><strong>Christi,</strong></span> <span class='ocrx_word' id='word_1_603' title='bbox 3003 4351 3059 4398; x_wconf 79' lang='lat' dir='ltr'><strong>et</strong></span> <span class='ocrx_word' id='word_1_604' title='bbox 3081 4345 3276 4399; x_wconf 89' lang='lat' dir='ltr'><strong>divino</strong></span> <span class='ocrx_word' id='word_1_605' title='bbox 3330 4343 3446 4398; x_wconf 64' lang='lat' dir='ltr'><strong>zelo</strong></span> <span class='ocrx_word' id='word_1_606' title='bbox 3502 4359 3588 4399; x_wconf 80' lang='lat' dir='ltr'><strong>re-</strong></span> 
     </span>
    </p>
   </div>
   <div class='ocr_carea' id='block_1_87' title="bbox 309 4425 1889 4511">
    <p class='ocr_par' dir='ltr' id='par_1_87' title="bbox 309 4436 1889 4511">
     <span class='ocr_line' id='line_1_87' title="bbox 309 4436 1889 4511; baseline 0.004 -23"><span class='ocrx_word' id='word_1_607' title='bbox 309 4439 549 4507; x_wconf 80' lang='grc' dir='ltr'><strong>ποίμνης</strong></span> <span class='ocrx_word' id='word_1_608' title='bbox 576 4436 815 4507; x_wconf 83' lang='grc' dir='ltr'><strong>ὁρῶντες</strong></span> <span class='ocrx_word' id='word_1_609' title='bbox 840 4437 1122 4505; x_wconf 80' lang='grc' dir='ltr'><strong>γινόμενα,</strong></span> <span class='ocrx_word' id='word_1_610' title='bbox 1169 4440 1264 4491; x_wconf 72' lang='grc' dir='ltr'><strong>καὶ</strong></span> <span class='ocrx_word' id='word_1_611' title='bbox 1315 4439 1466 4492; x_wconf 84' lang='grc' dir='ltr'><strong>θείου</strong></span> <span class='ocrx_word' id='word_1_612' title='bbox 1519 4440 1889 4511; x_wconf 85' lang='grc' dir='ltr'><strong>πιμπλάμενοι</strong></span> 
     </span>
    </p>
   </div>
   <div class='ocr_carea' id='block_1_88' title="bbox 1995 4425 3584 4511">
    <p class='ocr_par' dir='ltr' id='par_1_88' title="bbox 2002 4437 3584 4509">
     <span class='ocr_line' id='line_1_88' title="bbox 2002 4437 3584 4509; baseline 0 -19"><span class='ocrx_word' id='word_1_613' title='bbox 2002 4437 2511 4509; x_wconf 84' lang='lat' dir='ltr'><strong>pleti,(illoautem</strong></span> <span class='ocrx_word' id='word_1_614' title='bbox 2581 4439 2670 4493; x_wconf 91' lang='lat' dir='ltr'><strong>die</strong></span> <span class='ocrx_word' id='word_1_615' title='bbox 2722 4438 3128 4508; x_wconf 85' lang='lat' dir='ltr'><strong>peragebantur</strong></span> <span class='ocrx_word' id='word_1_616' title='bbox 3203 4454 3328 4493; x_wconf 92' lang='lat' dir='ltr'><strong>cum</strong></span> <span class='ocrx_word' id='word_1_617' title='bbox 3393 4438 3584 4506; x_wconf 86' lang='lat' dir='ltr'><strong>majori</strong></span> 
     </span>
    </p>
   </div>
   <div class='ocr_carea' id='block_1_89' title="bbox 312 4527 1902 4600">
    <p class='ocr_par' dir='ltr' id='par_1_89' title="bbox 312 4527 1902 4600">
     <span class='ocr_line' id='line_1_89' title="bbox 312 4527 1902 4600; baseline 0.003 -20"><span class='ocrx_word' id='word_1_618' title='bbox 312 4527 480 4597; x_wconf 78' lang='grc' dir='ltr'><strong>ζήλου</strong></span> <span class='ocrx_word' id='word_1_619' title='bbox 515 4528 662 4599; x_wconf 82' lang='grc' dir='ltr'><strong>(κατ’</strong></span> <span class='ocrx_word' id='word_1_620' title='bbox 697 4529 914 4598; x_wconf 63' lang='grc' dir='ltr'><strong>ἐκείνην</strong></span> <span class='ocrx_word' id='word_1_621' title='bbox 947 4528 1004 4581; x_wconf 83' lang='grc' dir='ltr'><strong>δὲ</strong></span> <span class='ocrx_word' id='word_1_622' title='bbox 1038 4529 1138 4598; x_wconf 79' lang='grc' dir='ltr'><strong>τὴν</strong></span> <span class='ocrx_word' id='word_1_623' title='bbox 1176 4529 1391 4600; x_wconf 77' lang='grc' dir='ltr'><strong>ἡμέραν</strong></span> <span class='ocrx_word' id='word_1_624' title='bbox 1434 4531 1532 4584; x_wconf 80' lang='grc' dir='ltr'><strong>σὺν</strong></span> <span class='ocrx_word' id='word_1_625' title='bbox 1571 4532 1780 4585; x_wconf 76' lang='grc' dir='ltr'><strong>πλείονι</strong></span> <span class='ocrx_word' id='word_1_626' title='bbox 1815 4549 1902 4584; x_wconf 85' lang='grc' dir='ltr'><strong>τε·-</strong></span> 
     </span>
    </p>
   </div>
   <div class='ocr_carea' id='block_1_90' title="bbox 311 4619 1897 4692">
    <p class='ocr_par' dir='ltr' id='par_1_90' title="bbox 311 4619 1897 4692">
     <span class='ocr_line' id='line_1_90' title="bbox 311 4619 1897 4692; baseline 0.005 -22"><span class='ocrx_word' id='word_1_627' title='bbox 311 4619 555 4689; x_wconf 78' lang='grc' dir='ltr'><strong>λούμενα</strong></span> <span class='ocrx_word' id='word_1_628' title='bbox 583 4619 803 4692; x_wconf 73' lang='grc' dir='ltr'><strong>λύσσῃ),</strong></span> <span class='ocrx_word' id='word_1_629' title='bbox 831 4619 966 4688; x_wconf 74' lang='grc' dir='ltr'><strong>πρὸς</strong></span> <span class='ocrx_word' id='word_1_630' title='bbox 993 4621 1164 4692; x_wconf 76' lang='grc' dir='ltr'><strong>ὀργὴν</strong></span> <span class='ocrx_word' id='word_1_631' title='bbox 1199 4621 1774 4688; x_wconf 58' lang='grc' dir='ltr'><strong>ἂκαίαννὰνίστανται,</strong></span> <span class='ocrx_word' id='word_1_632' title='bbox 1801 4627 1897 4678; x_wconf 77' lang='grc' dir='ltr'><strong>καὶ</strong></span> 
     </span>
    </p>
   </div>
   <div class='ocr_carea' id='block_1_91' title="bbox 311 4712 1898 4784">
    <p class='ocr_par' dir='ltr' id='par_1_91' title="bbox 311 4712 1898 4784">
     <span class='ocr_line' id='line_1_91' title="bbox 311 4712 1898 4784; baseline 0.004 -17"><span class='ocrx_word' id='word_1_633' title='bbox 311 4712 578 4780; x_wconf 80' lang='grc' dir='ltr'><strong>ἀλλήλους</strong></span> <span class='ocrx_word' id='word_1_634' title='bbox 600 4714 1115 4784; x_wconf 84' lang='grc' dir='ltr'><strong>παρακροτήσαντες</strong></span> <span class='ocrx_word' id='word_1_635' title='bbox 1137 4716 1322 4770; x_wconf 68' lang='grc' dir='ltr'><strong>ἐπίασι</strong></span> <span class='ocrx_word' id='word_1_636' title='bbox 1342 4719 1483 4770; x_wconf 79' lang='grc' dir='ltr'><strong>κατὰ</strong></span> <span class='ocrx_word' id='word_1_637' title='bbox 1497 4717 1609 4770; x_wconf 84' lang='grc' dir='ltr'><strong>τῶν</strong></span> <span class='ocrx_word' id='word_1_638' title='bbox 1629 4718 1864 4772; x_wconf 84' lang='grc' dir='ltr'><strong>είδώλων</strong></span> <span class='ocrx_word' id='word_1_639' title='bbox 1881 4735 1898 4750; x_wconf 87' lang='grc'>⁶</span> 
     </span>
    </p>
   </div>
   <div class='ocr_carea' id='block_1_92' title="bbox 312 4804 1903 4879">
    <p class='ocr_par' dir='ltr' id='par_1_92' title="bbox 312 4804 1903 4879">
     <span class='ocr_line' id='line_1_92' title="bbox 312 4804 1903 4879; baseline 0.003 -23"><span class='ocrx_word' id='word_1_640' title='bbox 312 4805 408 4857; x_wconf 71' lang='grc' dir='ltr'><strong>καὶ</strong></span> <span class='ocrx_word' id='word_1_641' title='bbox 438 4804 622 4856; x_wconf 85' lang='grc' dir='ltr'><strong>πάντα</strong></span> <span class='ocrx_word' id='word_1_642' title='bbox 646 4805 810 4870; x_wconf 74' lang='grc' dir='ltr'><strong>εὐθὺς</strong></span> <span class='ocrx_word' id='word_1_643' title='bbox 845 4807 1260 4877; x_wconf 70' lang='grc' dir='ltr'><strong>συντρίψαντες,</strong></span> <span class='ocrx_word' id='word_1_644' title='bbox 1290 4811 1382 4862; x_wconf 77' lang='grc' dir='ltr'><strong>καὶ</strong></span> <span class='ocrx_word' id='word_1_645' title='bbox 1411 4812 1490 4873; x_wconf 84' lang='grc' dir='ltr'><strong>εἰς</strong></span> <span class='ocrx_word' id='word_1_646' title='bbox 1521 4809 1653 4879; x_wconf 88' lang='grc' dir='ltr'><strong>χοῦν</strong></span> <span class='ocrx_word' id='word_1_647' title='bbox 1683 4810 1903 4878; x_wconf 84' lang='grc' dir='ltr'><strong>θέμενοι</strong></span> 
     </span>
    </p>
   </div>
   <div class='ocr_carea' id='block_1_93' title="bbox 313 4895 1905 4971">
    <p class='ocr_par' dir='ltr' id='par_1_93' title="bbox 313 4895 1905 4971">
     <span class='ocr_line' id='line_1_93' title="bbox 313 4895 1905 4971; baseline 0.004 -23"><span class='ocrx_word' id='word_1_648' title='bbox 313 4896 412 4948; x_wconf 72' lang='grc' dir='ltr'><strong>καὶ</strong></span> <span class='ocrx_word' id='word_1_649' title='bbox 443 4896 595 4950; x_wconf 82' lang='grc' dir='ltr'><strong>κόνιν</strong></span> <span class='ocrx_word' id='word_1_650' title='bbox 628 4895 973 4951; x_wconf 72' lang='grc' dir='ltr'><strong>ἐπεδείκνυον</strong></span> <span class='ocrx_word' id='word_1_651' title='bbox 1000 4903 1114 4961; x_wconf 79' lang='grc' dir='ltr'><strong>τοῖς</strong></span> <span class='ocrx_word' id='word_1_652' title='bbox 1162 4899 1487 4970; x_wconf 78' lang='grc' dir='ltr'><strong>λατρευτατς</strong></span> <span class='ocrx_word' id='word_1_653' title='bbox 1527 4903 1759 4964; x_wconf 78' lang='grc' dir='ltr'><strong>ἐκείνοις</strong></span> <span class='ocrx_word' id='word_1_654' title='bbox 1807 4904 1905 4971; x_wconf 72' lang='grc' dir='ltr'><strong>τὴν</strong></span> 
     </span>
    </p>
   </div>
   <div class='ocr_carea' id='block_1_94' title="bbox 316 4987 1908 5063">
    <p class='ocr_par' dir='ltr' id='par_1_94' title="bbox 316 4987 1908 5063">
     <span class='ocr_line' id='line_1_94' title="bbox 316 4987 1908 5063; baseline 0.005 -25"><span class='ocrx_word' id='word_1_655' title='bbox 316 4991 427 5040; x_wconf 85' lang='grc' dir='ltr'><strong>τῶν</strong></span> <span class='ocrx_word' id='word_1_656' title='bbox 484 4987 903 5057; x_wconf 83' lang='grc' dir='ltr'><strong>λατρευομένων</strong></span> <span class='ocrx_word' id='word_1_657' title='bbox 952 4993 1262 5046; x_wconf 81' lang='grc' dir='ltr'><strong>ἀσθένειαν.</strong></span> <span class='ocrx_word' id='word_1_658' title='bbox 1300 4992 1470 5046; x_wconf 85' lang='grc' dir='ltr'><strong>Τοῦτο</strong></span> <span class='ocrx_word' id='word_1_659' title='bbox 1502 4993 1630 5056; x_wconf 77' lang='grc' dir='ltr'><strong>τοὺς</strong></span> <span class='ocrx_word' id='word_1_660' title='bbox 1667 4992 1908 5063; x_wconf 78' lang='grc' dir='ltr'><strong>Ἐλληνίο</strong></span> 
     </span>
    </p>
   </div>
   <div class='ocr_carea' id='block_1_95' title="bbox 317 5079 1907 5152">
    <p class='ocr_par' dir='ltr' id='par_1_95' title="bbox 317 5079 1907 5152">
     <span class='ocr_line' id='line_1_95' title="bbox 317 5079 1907 5152; baseline 0.003 -22"><span class='ocrx_word' id='word_1_661' title='bbox 317 5079 512 5142; x_wconf 75' lang='grc' dir='ltr'><strong>ζοντας</strong></span> <span class='ocrx_word' id='word_1_662' title='bbox 561 5081 681 5132; x_wconf 78' lang='grc' dir='ltr'><strong>τότε</strong></span> <span class='ocrx_word' id='word_1_663' title='bbox 729 5081 840 5148; x_wconf 83' lang='grc' dir='ltr'><strong>μὲν.</strong></span> <span class='ocrx_word' id='word_1_664' title='bbox 875 5084 954 5142; x_wconf 84' lang='grc' dir='ltr'><strong>είς</strong></span> <span class='ocrx_word' id='word_1_665' title='bbox 1003 5082 1268 5152; x_wconf 78' lang='grc' dir='ltr'><strong>ἔκπληξιν</strong></span> <span class='ocrx_word' id='word_1_666' title='bbox 1299 5084 1396 5134; x_wconf 75' lang='grc' dir='ltr'><strong>καὶ</strong></span> <span class='ocrx_word' id='word_1_667' title='bbox 1433 5083 1550 5146; x_wconf 82' lang='grc' dir='ltr'><strong>δέος</strong></span> <span class='ocrx_word' id='word_1_668' title='bbox 1601 5084 1783 5152; x_wconf 76' lang='grc' dir='ltr'><strong>ἐνῆγε,</strong></span> <span class='ocrx_word' id='word_1_669' title='bbox 1815 5083 1907 5134; x_wconf 73' lang='grc' dir='ltr'><strong>καὶ</strong></span> 
     </span>
    </p>
   </div>
   <div class='ocr_carea' id='block_1_96' title="bbox 316 5171 1903 5244">
    <p class='ocr_par' dir='ltr' id='par_1_96' title="bbox 316 5171 1903 5244">
     <span class='ocr_line' id='line_1_96' title="bbox 316 5171 1903 5244; baseline 0.004 -21"><span class='ocrx_word' id='word_1_670' title='bbox 316 5171 524 5242; x_wconf 81' lang='grc' dir='ltr'><strong>θρήνου</strong></span> <span class='ocrx_word' id='word_1_671' title='bbox 590 5173 791 5240; x_wconf 81' lang='grc' dir='ltr'><strong>μᾶλλον</strong></span> <span class='ocrx_word' id='word_1_672' title='bbox 833 5174 866 5243; x_wconf 82' lang='grc' dir='ltr'>ἦ</span> <span class='ocrx_word' id='word_1_673' title='bbox 903 5173 1236 5244; x_wconf 64' lang='grc' dir='ltr'><strong>ἐκδικήσεως</strong></span> <span class='ocrx_word' id='word_1_674' title='bbox 1291 5175 1381 5227; x_wconf 67' lang='grc' dir='ltr'><strong>τὸν</strong></span> <span class='ocrx_word' id='word_1_675' title='bbox 1417 5175 1608 5244; x_wconf 76' lang='grc' dir='ltr'><strong>καιρὸν</strong></span> <span class='ocrx_word' id='word_1_676' title='bbox 1652 5175 1903 5244; x_wconf 66' lang='grc' dir='ltr'><strong>ἡγοῖντο.</strong></span> 
     </span>
    </p>
   </div>
   <div class='ocr_carea' id='block_1_97' title="bbox 315 5263 1908 5336">
    <p class='ocr_par' dir='ltr' id='par_1_97' title="bbox 315 5263 1908 5336">
     <span class='ocr_line' id='line_1_97' title="bbox 315 5263 1908 5336; baseline 0.001 -20"><span class='ocrx_word' id='word_1_677' title='bbox 315 5263 659 5326; x_wconf 77' lang='grc' dir='ltr'><strong>Φυλάξαντες</strong></span> <span class='ocrx_word' id='word_1_678' title='bbox 681 5264 736 5316; x_wconf 78' lang='grc' dir='ltr'><strong>δὲ</strong></span> <span class='ocrx_word' id='word_1_679' title='bbox 774 5267 990 5334; x_wconf 62' lang='grc' dir='ltr'><strong>ἡμέραν</strong></span> <span class='ocrx_word' id='word_1_680' title='bbox 1043 5266 1164 5319; x_wconf 82' lang='grc' dir='ltr'><strong>καθ’</strong></span> <span class='ocrx_word' id='word_1_681' title='bbox 1199 5268 1266 5336; x_wconf 81' lang='grc' dir='ltr'><strong>ἢν</strong></span> <span class='ocrx_word' id='word_1_682' title='bbox 1292 5267 1320 5318; x_wconf 79' lang='grc' dir='ltr'>ὁ</span> <span class='ocrx_word' id='word_1_683' title='bbox 1358 5265 1453 5320; x_wconf 85' lang='grc' dir='ltr'><strong>τοῦ</strong></span> <span class='ocrx_word' id='word_1_684' title='bbox 1485 5267 1618 5318; x_wconf 79' lang='grc' dir='ltr'><strong>Θεοῦ</strong></span> <span class='ocrx_word' id='word_1_685' title='bbox 1650 5269 1908 5336; x_wconf 68' lang='grc' dir='ltr'><strong>θεράπων</strong></span> 
     </span>
    </p>
   </div>
   <div class='ocr_carea' id='block_1_98' title="bbox 316 5354 1909 5426">
    <p class='ocr_par' dir='ltr' id='par_1_98' title="bbox 316 5354 1909 5426">
     <span class='ocr_line' id='line_1_98' title="bbox 316 5354 1909 5426; baseline 0.001 -19"><span class='ocrx_word' id='word_1_686' title='bbox 316 5354 635 5422; x_wconf 80' lang='grc' dir='ltr'><strong>Αὐτόνομος</strong></span> <span class='ocrx_word' id='word_1_687' title='bbox 660 5355 998 5422; x_wconf 70' lang='grc' dir='ltr'><strong>ἐλειτούργει</strong></span> <span class='ocrx_word' id='word_1_688' title='bbox 1026 5357 1092 5408; x_wconf 73' lang='grc' dir='ltr'><strong>τα</strong></span> <span class='ocrx_word' id='word_1_689' title='bbox 1118 5359 1379 5426; x_wconf 73' lang='grc' dir='ltr'><strong>μυστικὰ.</strong></span> <span class='ocrx_word' id='word_1_690' title='bbox 1405 5361 1498 5411; x_wconf 72' lang='grc' dir='ltr'><strong>καὶ</strong></span> <span class='ocrx_word' id='word_1_691' title='bbox 1530 5359 1705 5423; x_wconf 72' lang='grc' dir='ltr'><strong>ξύλοις</strong></span> <span class='ocrx_word' id='word_1_692' title='bbox 1730 5376 1787 5410; x_wconf 85' lang='grc' dir='ltr'><strong>τε</strong></span> <span class='ocrx_word' id='word_1_693' title='bbox 1816 5361 1909 5410; x_wconf 79' lang='grc' dir='ltr'><strong>καὶ</strong></span> 
     </span>
    </p>
   </div>
   <div class='ocr_carea' id='block_1_99' title="bbox 319 5447 1908 5518">
    <p class='ocr_par' dir='ltr' id='par_1_99' title="bbox 319 5447 1908 5518">
     <span class='ocr_line' id='line_1_99' title="bbox 319 5447 1908 5518; baseline 0.001 -20"><span class='ocrx_word' id='word_1_694' title='bbox 319 5448 565 5516; x_wconf 82' lang='grc' dir='ltr'><strong>σιδήροις</strong></span> <span class='ocrx_word' id='word_1_695' title='bbox 595 5447 824 5510; x_wconf 72' lang='grc' dir='ltr'><strong>ἕκαστος</strong></span> <span class='ocrx_word' id='word_1_696' title='bbox 879 5448 977 5518; x_wconf 85' lang='grc' dir='ltr'><strong>τὴν</strong></span> <span class='ocrx_word' id='word_1_697' title='bbox 1008 5448 1192 5512; x_wconf 77' lang='grc' dir='ltr'><strong>δεξιὰν</strong></span> <span class='ocrx_word' id='word_1_698' title='bbox 1226 5449 1682 5511; x_wconf 78' lang='grc' dir='ltr'><strong>καθοπλίσαντες.</strong></span> <span class='ocrx_word' id='word_1_699' title='bbox 1709 5449 1908 5517; x_wconf 82' lang='grc' dir='ltr'><strong>ἁθρόον</strong></span> 
     </span>
    </p>
   </div>
   <div class='ocr_carea' id='block_1_100' title="bbox 319 5537 1910 5612">
    <p class='ocr_par' dir='ltr' id='par_1_100' title="bbox 319 5537 1910 5612">
     <span class='ocr_line' id='line_1_100' title="bbox 319 5537 1910 5612; baseline 0.004 -24"><span class='ocrx_word' id='word_1_700' title='bbox 319 5541 722 5606; x_wconf 76' lang='grc' dir='ltr'><strong>κατατρέχουσι</strong></span> <span class='ocrx_word' id='word_1_701' title='bbox 753 5537 847 5590; x_wconf 90' lang='grc' dir='ltr'><strong>τοῦ</strong></span> <span class='ocrx_word' id='word_1_702' title='bbox 878 5541 934 5591; x_wconf 83' lang='grc' dir='ltr'><strong>ὲν</strong></span> <span class='ocrx_word' id='word_1_703' title='bbox 967 5540 1203 5609; x_wconf 79' lang='grc' dir='ltr'><strong>Σωρεοϊς</strong></span> <span class='ocrx_word' id='word_1_704' title='bbox 1263 5543 1588 5611; x_wconf 76' lang='grc' dir='ltr'><strong>εὐκτηρίου·</strong></span> <span class='ocrx_word' id='word_1_705' title='bbox 1635 5542 1730 5592; x_wconf 77' lang='grc' dir='ltr'><strong>καὶ</strong></span> <span class='ocrx_word' id='word_1_706' title='bbox 1783 5543 1910 5612; x_wconf 82' lang='grc' dir='ltr'><strong>τρέ-</strong></span> 
     </span>
    </p>
   </div>
   <div class='ocr_carea' id='block_1_101' title="bbox 321 5628 1913 5704">
    <p class='ocr_par' dir='ltr' id='par_1_101' title="bbox 321 5628 1913 5704">
     <span class='ocr_line' id='line_1_101' title="bbox 321 5628 1913 5704; baseline 0.003 -21"><span class='ocrx_word' id='word_1_707' title='bbox 321 5647 518 5683; x_wconf 69' lang='grc' dir='ltr'><strong>πονται</strong></span> <span class='ocrx_word' id='word_1_708' title='bbox 551 5632 651 5699; x_wconf 84' lang='grc' dir='ltr'><strong>μὲν</strong></span> <span class='ocrx_word' id='word_1_709' title='bbox 681 5631 807 5694; x_wconf 75' lang='grc' dir='ltr'><strong>τοὺς</strong></span> <span class='ocrx_word' id='word_1_710' title='bbox 847 5635 1284 5702; x_wconf 73' lang='grc' dir='ltr'><strong>παρατυχόν-τας,</strong></span> <span class='ocrx_word' id='word_1_711' title='bbox 1312 5628 1389 5697; x_wconf 76' lang='grc' dir='ltr'><strong>οἷς</strong></span> <span class='ocrx_word' id='word_1_712' title='bbox 1421 5635 1480 5686; x_wconf 74' lang='grc' dir='ltr'><strong>δὲ</strong></span> <span class='ocrx_word' id='word_1_713' title='bbox 1507 5631 1652 5703; x_wconf 71' lang='grc' dir='ltr'><strong>εἶχον</strong></span> <span class='ocrx_word' id='word_1_714' title='bbox 1701 5637 1758 5686; x_wconf 78' lang='grc' dir='ltr'><strong>ὲν</strong></span> <span class='ocrx_word' id='word_1_715' title='bbox 1787 5651 1913 5704; x_wconf 85' lang='grc' dir='ltr'><strong>χερ-</strong></span> 
     </span>
    </p>
   </div>
   <div class='ocr_carea' id='block_1_102' title="bbox 321 5719 1910 5792">
    <p class='ocr_par' dir='ltr' id='par_1_102' title="bbox 321 5719 1910 5792">
     <span class='ocr_line' id='line_1_102' title="bbox 321 5719 1910 5792; baseline 0.001 -19"><span class='ocrx_word' id='word_1_716' title='bbox 321 5722 408 5773; x_wconf 70' lang='grc' dir='ltr'><strong>σὶν</strong></span> <span class='ocrx_word' id='word_1_717' title='bbox 476 5719 686 5782; x_wconf 78' lang='grc' dir='ltr'><strong>ὅπλοις,</strong></span> <span class='ocrx_word' id='word_1_718' title='bbox 729 5721 820 5772; x_wconf 64' lang='grc' dir='ltr'><strong>τὸν</strong></span> <span class='ocrx_word' id='word_1_719' title='bbox 871 5722 1019 5774; x_wconf 77' lang='grc' dir='ltr'><strong>ὅσιον</strong></span> <span class='ocrx_word' id='word_1_720' title='bbox 1058 5721 1366 5789; x_wconf 79' lang='grc' dir='ltr'><strong>ἀναιροῦσι,</strong></span> <span class='ocrx_word' id='word_1_721' title='bbox 1418 5723 1548 5790; x_wconf 82' lang='grc' dir='ltr'><strong>παρ’</strong></span> <span class='ocrx_word' id='word_1_722' title='bbox 1602 5725 1771 5788; x_wconf 72' lang='grc' dir='ltr'><strong>αὐτὴν</strong></span> <span class='ocrx_word' id='word_1_723' title='bbox 1812 5723 1910 5792; x_wconf 71' lang='grc' dir='ltr'><strong>τὴν</strong></span> 
     </span>
    </p>
   </div>
   <div class='ocr_carea' id='block_1_103' title="bbox 325 5811 1908 5886">
    <p class='ocr_par' dir='ltr' id='par_1_103' title="bbox 325 5811 1908 5886">
     <span class='ocr_line' id='line_1_103' title="bbox 325 5811 1908 5886; baseline 0 -22"><span class='ocrx_word' id='word_1_724' title='bbox 325 5811 477 5882; x_wconf 69' lang='grc' dir='ltr'><strong>ἱερὰν</strong></span> <span class='ocrx_word' id='word_1_725' title='bbox 535 5812 814 5881; x_wconf 68' lang='grc' dir='ltr'><strong>τράπεζαν</strong></span> <span class='ocrx_word' id='word_1_726' title='bbox 883 5813 975 5876; x_wconf 74' lang='grc' dir='ltr'><strong>τοῦ</strong></span> <span class='ocrx_word' id='word_1_727' title='bbox 1035 5813 1263 5883; x_wconf 76' lang='grc' dir='ltr'><strong>αἵματος</strong></span> <span class='ocrx_word' id='word_1_728' title='bbox 1322 5815 1662 5885; x_wconf 67' lang='grc' dir='ltr'><strong>ἐκχυθέντος,</strong></span> <span class='ocrx_word' id='word_1_729' title='bbox 1710 5814 1908 5886; x_wconf 69' lang='grc' dir='ltr'><strong>ὥσπερ</strong></span> 
     </span>
    </p>
   </div>
   <div class='ocr_carea' id='block_1_104' title="bbox 2004 4531 3587 4601">
    <p class='ocr_par' dir='ltr' id='par_1_104' title="bbox 2004 4531 3587 4601">
     <span class='ocr_line' id='line_1_104' title="bbox 2004 4531 3587 4601; baseline -0.002 -16"><span class='ocrx_word' id='word_1_730' title='bbox 2004 4532 2176 4597; x_wconf 89' lang='lat' dir='ltr'><strong>rabie)</strong></span> <span class='ocrx_word' id='word_1_731' title='bbox 2205 4532 2272 4586; x_wconf 91' lang='lat' dir='ltr'><strong>ad</strong></span> <span class='ocrx_word' id='word_1_732' title='bbox 2300 4532 2504 4601; x_wconf 87' lang='lat' dir='ltr'><strong>justam</strong></span> <span class='ocrx_word' id='word_1_733' title='bbox 2537 4532 2676 4585; x_wconf 88' lang='lat' dir='ltr'><strong>iram</strong></span> <span class='ocrx_word' id='word_1_734' title='bbox 2709 4532 3028 4596; x_wconf 74' lang='lat' dir='ltr'><strong>incitantur,</strong></span> <span class='ocrx_word' id='word_1_735' title='bbox 3071 4540 3126 4586; x_wconf 90' lang='lat' dir='ltr'><strong>et</strong></span> <span class='ocrx_word' id='word_1_736' title='bbox 3147 4545 3206 4585; x_wconf 88' lang='lat' dir='ltr'><strong>se</strong></span> <span class='ocrx_word' id='word_1_737' title='bbox 3235 4531 3467 4584; x_wconf 87' lang='lat' dir='ltr'><strong>invicem</strong></span> <span class='ocrx_word' id='word_1_738' title='bbox 3489 4531 3587 4583; x_wconf 81' lang='lat' dir='ltr'><strong>ad-</strong></span> 
     </span>
    </p>
   </div>
   <div class='ocr_carea' id='block_1_105' title="bbox 2005 4623 3588 4692">
    <p class='ocr_par' dir='ltr' id='par_1_105' title="bbox 2005 4623 3588 4692">
     <span class='ocr_line' id='line_1_105' title="bbox 2005 4623 3588 4692; baseline -0.001 -13"><span class='ocrx_word' id='word_1_739' title='bbox 2005 4624 2228 4688; x_wconf 86' lang='lat' dir='ltr'><strong>hortati,</strong></span> <span class='ocrx_word' id='word_1_740' title='bbox 2256 4623 2522 4676; x_wconf 86' lang='lat' dir='ltr'><strong>invadunt</strong></span> <span class='ocrx_word' id='word_1_741' title='bbox 2550 4623 2840 4678; x_wconf 88' lang='lat' dir='ltr'><strong>simulacra</strong></span> <span class='ocrx_word' id='word_1_742' title='bbox 2872 4634 2960 4678; x_wconf 92' lang='lat' dir='ltr'><strong>:et</strong></span> <span class='ocrx_word' id='word_1_743' title='bbox 2984 4639 3107 4678; x_wconf 90' lang='lat' dir='ltr'><strong>cum</strong></span> <span class='ocrx_word' id='word_1_744' title='bbox 3137 4625 3318 4678; x_wconf 88' lang='lat' dir='ltr'><strong>omnia</strong></span> <span class='ocrx_word' id='word_1_745' title='bbox 3339 4623 3588 4692; x_wconf 88' lang='lat' dir='ltr'><strong>protinus</strong></span> 
     </span>
    </p>
   </div>
   <div class='ocr_carea' id='block_1_106' title="bbox 2005 4713 3589 4785">
    <p class='ocr_par' dir='ltr' id='par_1_106' title="bbox 2005 4713 3589 4785">
     <span class='ocr_line' id='line_1_106' title="bbox 2005 4713 3589 4785; baseline -0.004 -14"><span class='ocrx_word' id='word_1_746' title='bbox 2005 4715 2416 4776; x_wconf 78' lang='lat' dir='ltr'><strong>contrivissent,</strong></span> <span class='ocrx_word' id='word_1_747' title='bbox 2451 4721 2506 4768; x_wconf 90' lang='lat' dir='ltr'><strong>et</strong></span> <span class='ocrx_word' id='word_1_748' title='bbox 2539 4713 2592 4766; x_wconf 90' lang='lat' dir='ltr'><strong>in</strong></span> <span class='ocrx_word' id='word_1_749' title='bbox 2616 4715 2895 4784; x_wconf 83' lang='lat' dir='ltr'><strong>pulverem</strong></span> <span class='ocrx_word' id='word_1_750' title='bbox 2937 4723 2993 4769; x_wconf 92' lang='lat' dir='ltr'><strong>et</strong></span> <span class='ocrx_word' id='word_1_751' title='bbox 3051 4715 3297 4769; x_wconf 83' lang='lat' dir='ltr'><strong>cinerem</strong></span> <span class='ocrx_word' id='word_1_752' title='bbox 3353 4713 3589 4785; x_wconf 70' lang='lat' dir='ltr'><strong>redegis-</strong></span> 
     </span>
    </p>
   </div>
   <div class='ocr_carea' id='block_1_107' title="bbox 2007 4806 3585 4871">
    <p class='ocr_par' dir='ltr' id='par_1_107' title="bbox 2007 4806 3585 4871">
     <span class='ocr_line' id='line_1_107' title="bbox 2007 4806 3585 4871; baseline -0.003 -9"><span class='ocrx_word' id='word_1_753' title='bbox 2007 4816 2151 4871; x_wconf 88' lang='lat' dir='ltr'><strong>sent,</strong></span> <span class='ocrx_word' id='word_1_754' title='bbox 2175 4806 2534 4862; x_wconf 88' lang='lat' dir='ltr'><strong>ostenderunt</strong></span> <span class='ocrx_word' id='word_1_755' title='bbox 2561 4807 2664 4860; x_wconf 86' lang='lat' dir='ltr'><strong>illis</strong></span> <span class='ocrx_word' id='word_1_756' title='bbox 2686 4807 2988 4862; x_wconf 85' lang='lat' dir='ltr'><strong>cultoribus</strong></span> <span class='ocrx_word' id='word_1_757' title='bbox 3017 4807 3451 4862; x_wconf 80' lang='lat' dir='ltr'><strong>imbecillitatem</strong></span> <span class='ocrx_word' id='word_1_758' title='bbox 3488 4821 3585 4858; x_wconf 85' lang='lat' dir='ltr'><strong>co-</strong></span> 
     </span>
    </p>
   </div>
   <div class='ocr_carea' id='block_1_108' title="bbox 2010 4895 3588 4968">
    <p class='ocr_par' dir='ltr' id='par_1_108' title="bbox 2010 4895 3588 4968">
     <span class='ocr_line' id='line_1_108' title="bbox 2010 4895 3588 4968; baseline 0 -17"><span class='ocrx_word' id='word_1_759' title='bbox 2010 4913 2130 4951; x_wconf 91' lang='lat' dir='ltr'><strong>rum</strong></span> <span class='ocrx_word' id='word_1_760' title='bbox 2172 4899 2266 4968; x_wconf 93' lang='lat' dir='ltr'><strong>qui</strong></span> <span class='ocrx_word' id='word_1_761' title='bbox 2316 4898 2661 4953; x_wconf 87' lang='lat' dir='ltr'><strong>colebantur.</strong></span> <span class='ocrx_word' id='word_1_762' title='bbox 2731 4895 2846 4950; x_wconf 81' lang='lat' dir='ltr'><strong>Hoc</strong></span> <span class='ocrx_word' id='word_1_763' title='bbox 2874 4897 3104 4967; x_wconf 81' lang='lat' dir='ltr'><strong>gentiles</strong></span> <span class='ocrx_word' id='word_1_764' title='bbox 3165 4905 3293 4951; x_wconf 89' lang='lat' dir='ltr'><strong>tunc</strong></span> <span class='ocrx_word' id='word_1_765' title='bbox 3372 4895 3588 4963; x_wconf 85' lang='lat' dir='ltr'><strong>quidem</strong></span> 
     </span>
    </p>
   </div>
   <div class='ocr_carea' id='block_1_109' title="bbox 2007 4986 3590 5058">
    <p class='ocr_par' dir='ltr' id='par_1_109' title="bbox 2007 4986 3590 5058">
     <span class='ocr_line' id='line_1_109' title="bbox 2007 4986 3590 5058; baseline -0.004 -14"><span class='ocrx_word' id='word_1_766' title='bbox 2007 4998 2231 5058; x_wconf 87' lang='lat' dir='ltr'><strong>stupore</strong></span> <span class='ocrx_word' id='word_1_767' title='bbox 2314 4988 2497 5043; x_wconf 83' lang='lat' dir='ltr'><strong>ail‘eeit</strong></span> <span class='ocrx_word' id='word_1_768' title='bbox 2577 4995 2632 5041; x_wconf 92' lang='lat' dir='ltr'><strong>et</strong></span> <span class='ocrx_word' id='word_1_769' title='bbox 2732 4998 2902 5049; x_wconf 91' lang='lat' dir='ltr'><strong>metu,</strong></span> <span class='ocrx_word' id='word_1_770' title='bbox 2991 4996 3047 5040; x_wconf 91' lang='lat' dir='ltr'><strong>et</strong></span> <span class='ocrx_word' id='word_1_771' title='bbox 3125 4987 3216 5055; x_wconf 86' lang='lat' dir='ltr'><strong>qui</strong></span> <span class='ocrx_word' id='word_1_772' title='bbox 3324 4986 3590 5039; x_wconf 82' lang='lat' dir='ltr'><strong>lamenta-</strong></span> 
     </span>
    </p>
   </div>
   <div class='ocr_carea' id='block_1_110' title="bbox 2011 5077 3587 5150">
    <p class='ocr_par' dir='ltr' id='par_1_110' title="bbox 2011 5077 3587 5150">
     <span class='ocr_line' id='line_1_110' title="bbox 2011 5077 3587 5150; baseline -0.003 -16"><span class='ocrx_word' id='word_1_773' title='bbox 2011 5081 2174 5134; x_wconf 92' lang='lat' dir='ltr'><strong>tionis</strong></span> <span class='ocrx_word' id='word_1_774' title='bbox 2202 5080 2382 5150; x_wconf 87' lang='lat' dir='ltr'><strong>potius</strong></span> <span class='ocrx_word' id='word_1_775' title='bbox 2405 5093 2526 5133; x_wconf 88' lang='lat' dir='ltr'><strong>esse</strong></span> <span class='ocrx_word' id='word_1_776' title='bbox 2556 5088 2775 5148; x_wconf 86' lang='lat' dir='ltr'><strong>tempus</strong></span> <span class='ocrx_word' id='word_1_777' title='bbox 2803 5078 3091 5148; x_wconf 79' lang='lat' dir='ltr'><strong>putabant,</strong></span> <span class='ocrx_word' id='word_1_778' title='bbox 3115 5093 3278 5146; x_wconf 88' lang='lat' dir='ltr'><strong>qnam</strong></span> <span class='ocrx_word' id='word_1_779' title='bbox 3314 5077 3587 5130; x_wconf 57' lang='lat' dir='ltr'><strong>vindictae.</strong></span> 
     </span>
    </p>
   </div>
   <div class='ocr_carea' id='block_1_111' title="bbox 2009 5168 3586 5240">
    <p class='ocr_par' dir='ltr' id='par_1_111' title="bbox 2009 5168 3586 5240">
     <span class='ocr_line' id='line_1_111' title="bbox 2009 5168 3586 5240; baseline -0.003 -16"><span class='ocrx_word' id='word_1_780' title='bbox 2009 5173 2146 5226; x_wconf 69' lang='lat' dir='ltr'><strong>(tum</strong></span> <span class='ocrx_word' id='word_1_781' title='bbox 2224 5181 2405 5227; x_wconf 84' lang='lat' dir='ltr'><strong>autem</strong></span> <span class='ocrx_word' id='word_1_782' title='bbox 2464 5172 2853 5226; x_wconf 85' lang='lat' dir='ltr'><strong>observassent</strong></span> <span class='ocrx_word' id='word_1_783' title='bbox 2907 5170 3052 5224; x_wconf 89' lang='lat' dir='ltr'><strong>diem</strong></span> <span class='ocrx_word' id='word_1_784' title='bbox 3081 5185 3191 5240; x_wconf 84' lang='lat' dir='ltr'><strong>quo</strong></span> <span class='ocrx_word' id='word_1_785' title='bbox 3239 5168 3333 5224; x_wconf 88' lang='lat' dir='ltr'><strong>Dei</strong></span> <span class='ocrx_word' id='word_1_786' title='bbox 3391 5185 3586 5222; x_wconf 78' lang='lat' dir='ltr'><strong>servus</strong></span> 
     </span>
    </p>
   </div>
   <div class='ocr_carea' id='block_1_112' title="bbox 2013 5259 3590 5332">
    <p class='ocr_par' dir='ltr' id='par_1_112' title="bbox 2013 5259 3590 5332">
     <span class='ocr_line' id='line_1_112' title="bbox 2013 5259 3590 5332; baseline -0.004 -16"><span class='ocrx_word' id='word_1_787' title='bbox 2013 5267 2358 5318; x_wconf 87' lang='lat' dir='ltr'><strong>Autonomus</strong></span> <span class='ocrx_word' id='word_1_788' title='bbox 2404 5263 2692 5332; x_wconf 84' lang='lat' dir='ltr'><strong>mysticum</strong></span> <span class='ocrx_word' id='word_1_789' title='bbox 2739 5261 3054 5316; x_wconf 86' lang='lat' dir='ltr'><strong>celebrabat</strong></span> <span class='ocrx_word' id='word_1_790' title='bbox 3108 5259 3496 5325; x_wconf 83' lang='lat' dir='ltr'><strong>ministerium,</strong></span> <span class='ocrx_word' id='word_1_791' title='bbox 3527 5259 3590 5311; x_wconf 87' lang='lat' dir='ltr'><strong>li-</strong></span> 
     </span>
    </p>
   </div>
   <div class='ocr_carea' id='block_1_113' title="bbox 2012 5352 3590 5424">
    <p class='ocr_par' dir='ltr' id='par_1_113' title="bbox 2012 5352 3590 5424">
     <span class='ocr_line' id='line_1_113' title="bbox 2012 5352 3590 5424; baseline -0.005 -16"><span class='ocrx_word' id='word_1_792' title='bbox 2012 5371 2228 5424; x_wconf 75' lang='lat' dir='ltr'><strong>gnoque</strong></span> <span class='ocrx_word' id='word_1_793' title='bbox 2254 5363 2308 5407; x_wconf 87' lang='lat' dir='ltr'><strong>et</strong></span> <span class='ocrx_word' id='word_1_794' title='bbox 2332 5353 2478 5407; x_wconf 79' lang='lat' dir='ltr'><strong>ferro</strong></span> <span class='ocrx_word' id='word_1_795' title='bbox 2537 5359 2809 5406; x_wconf 84' lang='lat' dir='ltr'><strong>armasset-</strong></span> <span class='ocrx_word' id='word_1_796' title='bbox 2856 5352 3230 5422; x_wconf 85' lang='lat' dir='ltr'><strong>unusquisque</strong></span> <span class='ocrx_word' id='word_1_797' title='bbox 3285 5352 3590 5412; x_wconf 82' lang='lat' dir='ltr'><strong>dexteram,</strong></span> 
     </span>
    </p>
   </div>
   <div class='ocr_carea' id='block_1_114' title="bbox 2013 5443 3591 5514">
    <p class='ocr_par' dir='ltr' id='par_1_114' title="bbox 2013 5443 3591 5514">
     <span class='ocr_line' id='line_1_114' title="bbox 2013 5443 3591 5514; baseline -0.003 -15"><span class='ocrx_word' id='word_1_798' title='bbox 2013 5456 2236 5513; x_wconf 81' lang='lat' dir='ltr'><strong>repente</strong></span> <span class='ocrx_word' id='word_1_799' title='bbox 2261 5445 2418 5498; x_wconf 88' lang='lat' dir='ltr'><strong>simul</strong></span> <span class='ocrx_word' id='word_1_800' title='bbox 2453 5445 2664 5498; x_wconf 88' lang='lat' dir='ltr'><strong>irruunt</strong></span> <span class='ocrx_word' id='word_1_801' title='bbox 2689 5445 2740 5497; x_wconf 90' lang='lat' dir='ltr'><strong>in</strong></span> <span class='ocrx_word' id='word_1_802' title='bbox 2778 5445 3104 5507; x_wconf 83' lang='lat' dir='ltr'><strong>oratorium,</strong></span> <span class='ocrx_word' id='word_1_803' title='bbox 3162 5443 3306 5514; x_wconf 89' lang='lat' dir='ltr'><strong>quod</strong></span> <span class='ocrx_word' id='word_1_804' title='bbox 3339 5452 3458 5496; x_wconf 90' lang='lat' dir='ltr'><strong>erat</strong></span> <span class='ocrx_word' id='word_1_805' title='bbox 3487 5445 3591 5495; x_wconf 81' lang='lat' dir='ltr'><strong>So-</strong></span> 
     </span>
    </p>
   </div>
   <div class='ocr_carea' id='block_1_115' title="bbox 2015 5533 3592 5606">
    <p class='ocr_par' dir='ltr' id='par_1_115' title="bbox 2015 5533 3592 5606">
     <span class='ocr_line' id='line_1_115' title="bbox 2015 5533 3592 5606; baseline -0.002 -15"><span class='ocrx_word' id='word_1_806' title='bbox 2015 5541 2120 5593; x_wconf 90' lang='lat' dir='ltr'><strong>reis</strong></span> <span class='ocrx_word' id='word_1_807' title='bbox 2151 5555 2164 5593; x_wconf 86' lang='lat'><strong>:</strong></span> <span class='ocrx_word' id='word_1_808' title='bbox 2196 5548 2251 5592; x_wconf 91' lang='lat' dir='ltr'><strong>et</strong></span> <span class='ocrx_word' id='word_1_809' title='bbox 2301 5554 2394 5590; x_wconf 85' lang='lat' dir='ltr'><strong>eos</strong></span> <span class='ocrx_word' id='word_1_810' title='bbox 2417 5539 2631 5606; x_wconf 82' lang='lat' dir='ltr'><strong>quidem</strong></span> <span class='ocrx_word' id='word_1_811' title='bbox 2670 5547 2890 5591; x_wconf 86' lang='lat' dir='ltr'><strong>vertunt</strong></span> <span class='ocrx_word' id='word_1_812' title='bbox 2913 5545 2966 5590; x_wconf 89' lang='lat' dir='ltr'><strong>et</strong></span> <span class='ocrx_word' id='word_1_813' title='bbox 3011 5536 3268 5596; x_wconf 79' lang='lat' dir='ltr'><strong>fundunt,</strong></span> <span class='ocrx_word' id='word_1_814' title='bbox 3304 5536 3394 5605; x_wconf 86' lang='lat' dir='ltr'><strong>qui</strong></span> <span class='ocrx_word' id='word_1_815' title='bbox 3439 5533 3592 5588; x_wconf 85' lang='lat' dir='ltr'><strong>inec-</strong></span> 
     </span>
    </p>
   </div>
   <div class='ocr_carea' id='block_1_116' title="bbox 2013 5627 3589 5698">
    <p class='ocr_par' dir='ltr' id='par_1_116' title="bbox 2013 5627 3589 5698">
     <span class='ocr_line' id='line_1_116' title="bbox 2013 5627 3589 5698; baseline -0.003 -14"><span class='ocrx_word' id='word_1_816' title='bbox 2013 5629 2208 5684; x_wconf 88' lang='lat' dir='ltr'><strong>derant</strong></span> <span class='ocrx_word' id='word_1_817' title='bbox 2244 5629 2452 5683; x_wconf 89' lang='lat' dir='ltr'><strong>:artnis</strong></span> <span class='ocrx_word' id='word_1_818' title='bbox 2477 5639 2684 5694; x_wconf 89' lang='lat' dir='ltr'><strong>autem,</strong></span> <span class='ocrx_word' id='word_1_819' title='bbox 2728 5645 2848 5698; x_wconf 67' lang='lat' dir='ltr'><strong>quae</strong></span> <span class='ocrx_word' id='word_1_820' title='bbox 2875 5629 3151 5682; x_wconf 86' lang='lat' dir='ltr'><strong>habebant</strong></span> <span class='ocrx_word' id='word_1_821' title='bbox 3191 5628 3244 5680; x_wconf 89' lang='lat' dir='ltr'><strong>in</strong></span> <span class='ocrx_word' id='word_1_822' title='bbox 3311 5627 3589 5685; x_wconf 81' lang='lat' dir='ltr'><strong>manibus.</strong></span> 
     </span>
    </p>
   </div>
   <div class='ocr_carea' id='block_1_117' title="bbox 2016 5720 3592 5791">
    <p class='ocr_par' dir='ltr' id='par_1_117' title="bbox 2016 5720 3592 5791">
     <span class='ocr_line' id='line_1_117' title="bbox 2016 5720 3592 5791; baseline -0.002 -16"><span class='ocrx_word' id='word_1_823' title='bbox 2016 5731 2264 5777; x_wconf 87' lang='lat' dir='ltr'><strong>sanctum</strong></span> <span class='ocrx_word' id='word_1_824' title='bbox 2313 5720 2668 5787; x_wconf 78' lang='lat' dir='ltr'><strong>interﬁciunt,</strong></span> <span class='ocrx_word' id='word_1_825' title='bbox 2703 5723 2768 5775; x_wconf 90' lang='lat' dir='ltr'><strong>ad</strong></span> <span class='ocrx_word' id='word_1_826' title='bbox 2821 5723 2990 5791; x_wconf 85' lang='lat' dir='ltr'><strong>ipsam</strong></span> <span class='ocrx_word' id='word_1_827' title='bbox 3054 5738 3268 5776; x_wconf 76' lang='lat' dir='ltr'><strong>sacrant</strong></span> <span class='ocrx_word' id='word_1_828' title='bbox 3347 5735 3592 5774; x_wconf 78' lang='lat' dir='ltr'><strong>mensam</strong></span> 
     </span>
    </p>
   </div>
   <div class='ocr_carea' id='block_1_118' title="bbox 2019 5812 3593 5886">
    <p class='ocr_par' dir='ltr' id='par_1_118' title="bbox 2019 5812 3593 5886">
     <span class='ocr_line' id='line_1_118' title="bbox 2019 5812 3593 5886; baseline -0.003 -18"><span class='ocrx_word' id='word_1_829' title='bbox 2019 5817 2140 5869; x_wconf 76' lang='lat' dir='ltr'><strong>fuso</strong></span> <span class='ocrx_word' id='word_1_830' title='bbox 2164 5816 2453 5886; x_wconf 81' lang='lat' dir='ltr'><strong>sanguine,</strong></span> <span class='ocrx_word' id='word_1_831' title='bbox 2482 5832 2592 5884; x_wconf 88' lang='lat' dir='ltr'><strong>quo</strong></span> <span class='ocrx_word' id='word_1_832' title='bbox 2622 5815 2781 5870; x_wconf 83' lang='lat' dir='ltr'><strong>modo</strong></span> <span class='ocrx_word' id='word_1_833' title='bbox 2801 5814 2952 5885; x_wconf 76' lang='lat' dir='ltr'><strong>prius</strong></span> <span class='ocrx_word' id='word_1_834' title='bbox 2979 5814 3146 5870; x_wconf 82' lang='lat' dir='ltr'><strong>divini</strong></span> <span class='ocrx_word' id='word_1_835' title='bbox 3176 5812 3476 5874; x_wconf 71' lang='lat' dir='ltr'><strong>Zacharizc,</strong></span> <span class='ocrx_word' id='word_1_836' title='bbox 3500 5813 3593 5880; x_wconf 76' lang='lat' dir='ltr'><strong>qui</strong></span> 
     </span>
    </p>
   </div>
  </div>
