4002 6466
424 387 531 454 δτεὸ

1651 390 1937 454 MENSIS
1970 391 2420 457 SEPTEMBER
2434 443 2450 458 .

3562 405 3671 473 696

424 510 492 562 nd
523 490 694 564 Deum
723 506 896 579 magis
947 508 1237 574 clamabat,
1302 521 1466 579 quam
1515 509 1697 565 Abelis
1770 507 1985 581 sanguis

2096 508 2369 581 Ζαχαρίου
2419 511 2514 565 τοῦ
2568 510 2720 566 θείου
2775 510 3059 584 πρότερον,
3091 514 3123 568 δ
3145 513 3211 586 δή
3243 514 3341 570 καὶ
3379 516 3507 572 ἐϐόα
3539 521 3679 591 πρὸς

342 638 345 641 -
411 600 613 668 iniuste
630 599 805 656 fusus.
837 600 904 655 Et
926 598 1049 655 ideo
1074 613 1267 656 eorum
1302 600 1548 672 quidem,
1577 600 1672 672 qui
1702 601 1997 657 intereme-

410 698 563 755 runt,
604 690 661 744 in
694 699 960 745 aeternum
1011 697 1248 746 testatur
1303 692 1659 763 impietatem,
1724 708 1820 749 eos
1868 693 1995 765 igne

415 798 518 853 pro
536 782 686 841 caede
715 783 1014 848 ulciscens,
1047 793 1102 838 et
1129 798 1237 839 non
1277 785 1431 840 brevi
1460 795 1720 856 tempore
1743 785 1989 840 dolorem

410 874 682 943 praebens,
707 874 801 930 sed
838 884 1108 931 aeternum
1131 876 1433 932 cruciatum
1466 895 1478 932 :
1506 877 1731 948 martyri
1784 886 1991 944 autem,

413 979 535 1033 qua:
573 980 682 1020 non
708 965 934 1028 desinit,
1004 966 1272 1033 laetitiam,
1329 969 1493 1024 vitam
1542 977 1888 1040 perpetuam,
1937 977 1995 1026 et

407 1065 633 1124 regnum
670 1055 764 1110 Dei
803 1056 1083 1112 conciliat.

477 1143 568 1200 IV.
604 1144 711 1201 Sed
744 1146 1018 1215 pontiﬁcis
1069 1147 1290 1217 quidem
1344 1159 1401 1203 et
1458 1152 1728 1219 praeconis
1797 1152 1994 1207 verita-

407 1238 480 1290 tis
509 1237 657 1293 hunc
684 1238 985 1307 gloriosum
1012 1240 1221 1295 exitum
1251 1241 1442 1296 habuit
1472 1243 1793 1314 martyrium
1819 1259 1833 1297 :
1861 1259 1989 1300 san-

405 1330 668 1386 ctissima:
697 1340 882 1386 autem
903 1331 1025 1402 ejus
1049 1332 1293 1402 reliquiae
1315 1348 1346 1388 a
1381 1334 1615 1404 quadam
1655 1333 1843 1402 Maria,
1868 1353 1989 1406 quae

409 1423 737 1480 diaconatus
766 1424 991 1493 dignata
1045 1422 1227 1480 fuerat
1256 1427 1611 1492 charismate,
1658 1443 1785 1483 cum
1826 1428 1988 1484 simul

411 1532 538 1570 cum
577 1515 646 1571 iis
679 1515 772 1584 qui
798 1530 864 1571 ex
893 1515 1500 1587 propinquisemporiis
1534 1534 1644 1573 non
1669 1518 1846 1573 solum
1883 1518 1988 1585 sibi

408 1607 1081 1678 vendicabantpietatem,
1140 1608 1235 1664 sed
1301 1610 1465 1664 etiam
1515 1611 1800 1674 virtutem,
1885 1610 1990 1665 illis

407 1699 674 1767 praeclare
697 1707 751 1751 et
781 1709 971 1754 sancte
1013 1699 1163 1769 iusta
1221 1699 1463 1764 fecisset,
1520 1699 1796 1755 mandatae
1818 1772 1831 1779 ί
1862 1708 1990 1756 sunt

403 1790 730 1859 sepulturae,
766 1790 1069 1846 honoriﬁce
1125 1792 1181 1845 in
1231 1805 1394 1859 capsa
1440 1791 1726 1861 depositae.
1785 1792 1985 1848 Proce-

2096 600 2230 654 Θεὸν
2265 600 2537 672 μᾶλλον,ή
2566 602 2627 656 τὸ
2654 602 2748 657 τοῦ
2781 603 2948 657 Ἅϐελ
2986 604 3186 670 ἀδίκως
3238 606 3402 677 χυθέν
3422 625 3435 639 ·
3462 611 3555 664 καὶ
3589 611 3680 666 διὰ

2094 693 2270 746 ταῦτα
2314 692 2424 746 τῶν
2457 693 2557 764 μὲν
2593 693 2896 749 ἀνελόντων
2924 694 2993 749 δι’
3030 696 3231 761 αίῶνος
3263 702 3538 770 μαρτυρεῖ
3575 701 3678 774 τήν

2094 781 2372 846 ἀσέϐειαν,
2410 783 2546 852 πυρὶ
2576 785 2800 848 τούτους
2854 786 2974 839 ἀντὶ
3001 786 3103 858 τῆς
3143 791 3360 857 σφαγῆς
3390 790 3678 862 ἀμυνόμε-

2095 893 2207 938 νον,
2242 876 2339 929 οὐκ
2362 876 2420 930 ἐν
2449 877 2643 947 βραχεῖ
2673 877 2773 948 τήν
2807 877 3028 948 ὀδύνην,
3053 879 3170 933 ἀλλ’
3200 882 3430 934 αίωνίαν
3448 883 3548 953 τὴν
3579 883 3676 937 x6-

2093 968 2251 1022 λασιν
2285 969 2680 1040 παρεχόμενον,
2705 969 2785 1041 τῷ
2816 970 3054 1041 μάρτυρι
3091 970 3148 1024 δὲ
3194 972 3370 1041 χαράν
3399 973 3671 1042 ἀληκτον,
3706 966 3713 971 ’

2094 1061 2316 1131 διηνεκῆ
2344 1060 2490 1129 ζωήν
2520 1061 2615 1113 καὶ
2661 1059 2942 1129 βασιλείαν
2974 1060 3111 1114 Θεοῦ
3143 1062 3606 1132 μνηστευόμενον.

2164 1148 2238 1205 A'.
2272 1152 2433 1205 Ἀλλὰ
2460 1152 2555 1206 τοῦ
2586 1153 2684 1221 μὲν
2709 1153 3014 1223 ἀρχιερέως
3043 1154 3139 1206 καὶ
3182 1155 3422 1224 κήρυκος
3453 1155 3554 1223 τῆς
3583 1155 3683 1207 εύ-

2094 1243 2311 1308 σεϐείας
2337 1243 2399 1296 τὸ
2439 1242 2782 1315 μαρτυρικδν
2834 1241 3007 1306 οὕτως
3063 1243 3187 1313 ἔσχε
3219 1243 3313 1296 καὶ
3364 1243 3681 1297 καλλίνικον

2092 1335 2274 1399 τέλοςο
2306 1336 2366 1388 τὸ
2413 1334 2471 1388 δὲ
2518 1335 2787 1402 πανάγιον
2836 1332 3002 1388 αὐτοῦ
3043 1333 3294 1405 λείψανον
3347 1334 3536 1404 Μαρία
3570 1350 3681 1401 τις,

2090 1424 2399 1481 διακονικοῦ
2447 1425 2790 1497 χαρίσματος
2835 1423 3220 1495 κατηξιωμένη
3260 1423 3379 1494 ἅμα
3424 1426 3537 1487 τοῖς
3568 1424 3679 1477 τῶν

2090 1517 2322 1587 πλησίον
2369 1516 2672 1588 ἐμπορίων,
2699 1517 2803 1569 οὐκ
2845 1514 3133 1578 εὐσεϐείας
3180 1518 3369 1585 μόνον,
3390 1514 3531 1567 ἀλλά
3577 1513 3677 1567 καὶ

2090 1610 2291 1680 ἀρετῆς
2322 1610 2817 1679 ἀντιποιουμένοις,
2846 1608 3121 1681 λαμπρῶς
3157 1624 3219 1659 τε
3249 1606 3345 1660 καὶ
3372 1606 3536 1667 ὁσίως
3577 1622 3683 1675 κη-

2089 1702 2517 1774 δεύσασα,ταφῇ
2559 1702 2952 1774 παραδίδωσιν,
2990 1704 3048 1755 ὲν
3092 1700 3239 1772 θήκῃ
3270 1698 3431 1752 τοῦτο
3465 1698 3677 1767 φιλοτί-

2095 1811 2211 1864 μως
2241 1794 2614 1864 καταθεμένη.
2635 1794 2844 1862 Χρόνου
2865 1793 2924 1847 δὲ
2955 1793 3269 1863 παρῖόντος,
3316 1790 3483 1860 ήνίκα
3517 1790 3677 1842 Κων-

405 1880 572 1935 dente
603 1890 786 1935 autem
812 1890 1080 1951 tempore,
1099 1880 1322 1951 quando
1338 1879 1740 1937 ConStantinus
1788 1883 1984 1952 impri-

2092 1861 2374 1947 σταντῐνος
2426 1861 2465 1936 ό-
2506 1861 2900 1946 εὐσεϐέστατος
2952 1861 3211 1954 βασιλεὺς
3251 1882 3320 1934 τὰ
3387 1878 3679 1949 Ῥωμαϊκά

405 1970 515 2025 mis
545 1971 671 2040 pius
693 1972 1019 2041 imperator,
1043 1982 1262 2042 sceptra
1305 1970 1553 2027 Romana
1587 1972 1771 2027 divina
1806 1974 1991 2043 potius

404 2075 594 2128 manu,
647 2078 813 2132 quam
864 2064 1106 2118 exercitu
1162 2072 1220 2117 et
1263 2063 1432 2118 armis
1468 2063 1661 2129 fretus,
1719 2066 1985 2119 tenebat:

404 2153 741 2209 Severianus
779 2155 1027 2225 quidam,
1081 2155 1424 2209 Alexandriae
1448 2164 1671 2223 accepta
1721 2154 1987 2218 rectione,

402 2263 530 2303 cum
563 2258 713 2304 metu
744 2250 910 2306 maris
942 2266 1041 2320 per
1073 2251 1240 2316 viam,
1260 2266 1381 2322 quae
1434 2260 1521 2305 est
1565 2251 1709 2306 circa
1784 2251 1988 2315 sinum,

403 2339 513 2394 iter
560 2338 788 2407 faceret,
876 2342 1023 2396 venit
1077 2342 1297 2412 quidem
1353 2357 1524 2413 prope
1599 2356 1810 2397 sacram
1900 2357 1989 2397 ca-

400 2443 558 2501 psam
595 2432 915 2498 Autonomi,
952 2432 1228 2488 retinetur
1259 2443 1441 2488 autem
1467 2434 1691 2500 virtute,
1733 2449 1854 2505 quae
1878 2450 1989 2490 non

405 2520 639 2575 radebat
668 2521 772 2576 sub
799 2531 1081 2592 aspectum
1116 2538 1132 2577 :
1166 2538 1291 2578 cum
1317 2524 1452 2579 muli
1492 2524 1714 2595 quidem
1767 2527 1988 2581 scuticis

403 2609 768 2677 caederentur,
803 2612 1078 2668 tantillum
1102 2623 1287 2669 autem
1341 2630 1449 2669 non
1492 2624 1868 2681 moverentur,
1893 2617 1987 2672 sed

404 2710 675 2772 tanquam
709 2703 924 2774 lapides
954 2713 1165 2761 starent
1196 2707 1526 2764 immobiles.
1558 2708 1859 2764 Severiano
1892 2726 1990 2765 au-

404 2804 516 2850 tem
554 2797 792 2853 mirante
816 2799 892 2863 id,
945 2800 1089 2868 quod
1114 2797 1317 2854 factum
1370 2799 1571 2866 fuerat,
1619 2802 1844 2872 quidam
1905 2802 1991 2857 vir

402 2887 530 2957 pius
557 2898 615 2945 et
643 2889 957 2959 religiosus,
983 2899 1039 2946 et
1063 2891 1154 2961 qui
1183 2890 1411 2962 gratiam
1430 2892 1676 2948 solvendi
1699 2893 1989 2965 aenigmata

403 2992 435 3030 ιι
463 2976 575 3032 Deo
604 2988 913 3050 acceperat,
936 2996 1088 3036 suam
1121 2981 1326 3051 profert
1348 2984 1988 3050 sententiam,mulorum

406 3076 611 3123 statum
638 3068 745 3124 hoc
773 3070 1108 3140 signiﬁcare,
1141 3082 1400 3142 oportere
1442 3088 1565 3128 eum
1599 3076 1691 3143 qui
1742 3077 1986 3143 vehitur,

404 3157 500 3214 hic
526 3157 747 3224 sistere,
801 3168 858 3214 et
910 3161 1151 3216 excitare
1205 3162 1467 3232 templum
1499 3162 1683 3219 divino
1739 3168 1986 3238 martyri.

2095 1976 2351 2046 σκῆπτρα
2381 1975 2536 2047 θεῖκῇ
2571 1976 2717 2048 χειρὶ
2755 1976 2957 2047 μᾶλλον
3005 1974 3040 2044 ἢ
3078 1972 3309 2045 στρατιᾷ
3353 1971 3446 2024 καὶ
3485 1969 3679 2033 ὅπλοις

2095 2060 2313 2132 θαρῤὦν
2362 2063 2649 2132 ἐκράτυνε,
2687 2063 3020 2134 Σευηριανός
3050 2079 3158 2125 τις,
3204 2061 3305 2132 τήν
3343 2060 3519 2132 ἀρχὴν
3572 2059 3677 2130 τῆς

2105 2152 2501 2224 Ἀλεξανδρέων
2552 2155 2911 2225 παραλαϐὼν,
2951 2154 3047 2208 καὶ
3096 2154 3206 2207 δέει
3257 2153 3357 2223 τῆς
3395 2150 3679 2220 θαλάσσης

2091 2243 2182 2297 διά
2216 2245 2314 2315 τῆς
2372 2247 2431 2297 ὲν
2485 2245 2670 2317 κύκλῳ
2717 2246 2810 2301 τοῦ
2865 2248 3067 2301 κόλπου
3129 2245 3353 2313 πορείαν
3408 2243 3509 2315 τὴν
3557 2242 3678 2298 όδδν

2093 2335 2435 2403 ποιούμενος,
2458 2336 2675 2402 γίνεται
2710 2335 2811 2407 μὲν
2842 2338 2938 2407 τῆς
2972 2336 3124 2404 ἱερᾶς
3155 2333 3468 2402 Αὐτονόμου
3496 2330 3678 2400 θήκης

2092 2425 2339 2496 πλησίονο
2374 2428 2593 2499 ἀοράτῳ
2608 2428 2667 2482 δὲ
2689 2428 2921 2498 δυνάμει
2952 2428 3270 2497 κατέχεται,
3290 2425 3402 2478 τῶν
3426 2423 3673 2493 ἡμιόνων

2094 2516 2333 2589 ἰσχυρῶς
2365 2520 2463 2587 μὲν
2488 2518 2804 2588 παιομένων
2846 2521 2966 2581 ταῖς
3008 2517 3287 2588 μάστιξιν,
3316 2515 3439 2569 οὐδὲ
3491 2513 3673 2584 βραχῦ

2089 2608 2147 2662 δὲ
2191 2610 2551 2679 κινουμένων,
2598 2610 2718 2664 ἀλλ’
2759 2611 2849 2664 ῐσα
2904 2610 2970 2681 δὴ
3019 2612 3113 2664 καὶ
3172 2608 3343 2670 λίθοις
3391 2607 3679 2675 ἀκινήτων

2094 2699 2393 2767 μενουσῶν.
2416 2699 2524 2753 Τοῦ
2553 2700 2888 2770 Σευηριανοῦ
2918 2702 2974 2754 δὲ
3001 2701 3063 2753 τὸ
3093 2699 3318 2769 γεγονὸς
3360 2699 3681 2764 καταπλητ-

2088 2792 2340 2860 τομένου,
2366 2792 2474 2845 τῶν
2519 2792 2760 2851 εὐσεϐῶν
2785 2809 2893 2858 τις,
2912 2795 3007 2850 καὶ
3037 2797 3104 2847 τὰ
3143 2794 3378 2862 μάλιστα
3402 2789 3678 2850 εύλαϐὦν.

2090 2883 2186 2936 καὶ
2236 2883 2386 2937 λύειν
2436 2884 2739 2956 αἰνίγματα
2803 2887 2966 2957 χάριν
3017 2887 3080 2938 ὲκ
3105 2883 3241 2938 θεοῦ
3307 2881 3678 2952 δεδεγμένων,

2091 2970 2321 3043 γνώμην
2348 2976 2561 3043 εἰσάγει
2591 2978 2691 3043 τὴν
2716 2978 2823 3030 τῶν
2846 2976 3089 3046 ἡμιόνων
3128 2974 3317 3027 στάσιν
3363 2973 3523 3026 τοῦτο
3578 2971 3682 3042 δη-

2091 3059 2217 3113 λοῦν
2238 3076 2251 3089 ·
2289 3061 2365 3125 ὡς
2394 3062 2502 3133 ἀρα
2530 3064 2613 3117 δεῖ
2638 3065 2732 3118 τὸν
2780 3065 3149 3136 ἐποχούμενον
3183 3062 3421 3118 ἐνταῦθά
3449 3079 3510 3115 τε
3542 3063 3681 3133 στῆ-

2093 3164 2203 3215 ναι,
2232 3151 2327 3204 καὶ
2355 3151 2582 3223 τέμενος
2610 3155 2820 3224 ἐγεῖραι
2873 3153 2953 3223 τῷ
2989 3151 3120 3224 ἱερῷ
3167 3151 3545 3222 μάρτυρι,καὶ
3588 3151 3683 3204 ὅτι

409 3249 568 3315 Quod
593 3259 774 3305 autem
831 3258 980 3305 recta
1036 3260 1183 3306 esset
1260 3252 1581 3320 admonitio,
1634 3216 1985 3314 ostendemus

2092 3243 2344 3315 ἀσφαλής
2374 3216 2879 3315 ιιίποθήκῆάατὲ
2924 3216 3103 3307 ῖπόδᾷιξ
3144 3216 3277 3312 ἡμῖν
3301 3216 3671 3312 famaue“.

408 3352 441 3389 ο
465 3337 712 3407 vestigio.
748 3336 805 3393 Si
840 3339 1009 3405 enim,
1042 3341 1221 3412 inquit
1252 3342 1362 3408 ille,
1401 3345 1577 3400 solum
1600 3348 1749 3417 operi
1775 3364 1989 3406 annue-

403 3427 505 3494 ris,
536 3429 744 3484 videbis
775 3431 1037 3487 salientes
1055 3434 1323 3502 protinus,
1361 3435 1452 3506 qui
1483 3446 1613 3492 sunt
1644 3438 1979 3496 immobiles.

404 3515 476 3573 Et
507 3518 597 3573 ille
626 3519 848 3589 quidem
877 3522 1073 3577 annuit
1128 3534 1384 3596 prompto
1438 3535 1491 3583 et
1552 3529 1715 3583 alacri
1758 3533 1942 3587 animo
1972 3546 1985 3583 :

411 3609 1075 3680 ingrediebantur.autem
1099 3614 1232 3669 muli
1263 3617 1505 3673 maxime
1534 3618 1766 3689 impetu.
1811 3620 1990 3678 Preti-

406 3710 514 3751 nus
534 3713 663 3754 vero
694 3700 1199 3772 Severianusjussit
1253 3706 1511 3762 aediﬁcari
1575 3711 1896 3778 oratorium,
1933 3721 1989 3768 et

402 3790 548 3844 viam
570 3801 658 3846 est
678 3791 984 3862 ingressus.
1018 3795 1156 3851 Cum
1201 3809 1387 3853 autem
1422 3811 1815 3870 reverteretur,
1849 3812 1986 3861 tem-

402 3882 555 3952 plum
589 3884 828 3953 dedicat,
864 3896 921 3942 et
974 3888 1158 3956 efﬁcit,
1208 3899 1270 3945 ut
1324 3892 1564 3961 posteris
1619 3894 1692 3950 sit
1733 3897 1987 3970 martyris

401 3983 671 4044 perpetua
724 3978 1012 4033 memoria.

482 4066 702 4122 V.Cum
732 4084 841 4124 non
871 4086 1061 4141 parum
1086 4078 1269 4128 autem
1298 4078 1563 4147 temporis
1590 4077 1809 4135 interim
1842 4095 1985 4150 pra:-

402 4153 760 4221 terﬂuxisset,
802 4157 1067 4215 invitaret
1090 4174 1273 4217 autem
1308 4166 1572 4221 memoria
1616 4170 1896 4240 martyris,
1924 4180 1985 4226 ut

406 4244 599 4300 divino
623 4248 828 4318 templo
864 4249 1020 4306 fieret
1051 4252 1407 4310 incruentum
1441 4257 1797 4325 sacriﬁcium,
1829 4276 1986 4317 acce-

406 4337 490 4391 dit
518 4338 736 4407 quidem
767 4341 831 4395 ad
861 4358 1073 4397 sacrum
1101 4344 1168 4411 is,
1198 4347 1289 4417 qui
1338 4357 1470 4402 tunc
1502 4349 1833 4421 fungebatur
1862 4370 1985 4408 mu—

404 4445 539 4487 nere
562 4434 911 4497 sacerdotali,
946 4451 1099 4491 sacra
1134 4439 1361 4509 mystica
1424 4450 1766 4509 peracturus.
1827 4444 1980 4516 Aqua

2092 3333 2157 3389 El
2183 3334 2292 3405 γὰρ
2325 3336 2654 3402 ἐπινεύσοις,
2677 3337 2834 3406 φησὶ,
2870 3337 3032 3404 μόνον
3051 3335 3127 3404 τῷ
3157 3336 3324 3405 ἔργῳ,
3365 3334 3678 3402 ἀλλομένας

2091 3424 2251 3481 εὐθὺς
2307 3426 2476 3497 θεάσῃ
2535 3427 2636 3491 τὰς
2683 3428 2997 3498 ἀκινήτους.
3039 3427 3150 3481 Καὶ
3190 3429 3218 3480 ὁ
3258 3426 3359 3495 μὲν
3406 3425 3676 3478 ἐπένευσε

2092 3517 2386 3588 προθύμως
2409 3535 2421 3547 ·
2447 3519 2504 3571 αἱ
2526 3518 2587 3582 ⁸δὲ
2604 3518 3050 3588 όρμητικώτερον
3073 3518 3310 3583 ἔϐαινον,
3337 3518 3436 3571 καὶ
3465 3516 3676 3571 αὖτίκα

2089 3610 2151 3663 τὸ
2214 3611 2559 3681 εύκτήριονὸ
2590 3611 2921 3681 Σευηριανὸς
2970 3611 3340 3680 προσέταττεν
3393 3609 3676 3663 ἀνοικοδο-

2092 3700 2336 3770 μεϊσθαι,
2370 3702 2467 3754 καὶ
2490 3702 2667 3772 εἴχετο
2691 3702 2791 3772 τῆς
2819 3702 2964 3756 ὁδοῦ.
3020 3701 3363 3756 Ἐπανελθὼν
3378 3700 3433 3754 δὲ
3456 3701 3675 3753 ὲκεὲθεν

2088 3790 2389 3857 ἐγκαινίζει
2415 3791 2478 3845 τὸ
2502 3792 2750 3863 τέμενος,
2783 3795 2879 3846 καὶ
2908 3795 3029 3856 ταῖς
3055 3792 3247 3845 ἔπειτα
3281 3793 3499 3860 γενεαῖς
3535 3791 3675 3861 ἄλη·

2088 3901 2213 3937 στον
2243 3882 2339 3937 τεῦ
2375 3884 2652 3957 μάρτυρος
2689 3882 2952 3958 εἶναιτὴν
2982 3887 3203 3956 μνήμην
3225 3883 3671 3955 παρασκευάζει.

2158 4061 2233 4117 E'.
2256 4062 2368 4117 Οὐκ
2406 4062 2590 4131 ὀλίγου
2629 4064 2688 4118 δὲ
2738 4064 3160 4136 διαρρεύσαντος
3217 4063 3419 4134 μεταξὺ
3450 4064 3697 4136 χρόνου,

2085 4147 2207 4208 εἷτα
2230 4155 2331 4226 τῆς
2357 4157 2578 4229 μνήμης
2600 4156 2696 4211 τοῦ
2736 4157 3017 4228 μάρτυρος
3078 4158 3179 4225 τήν
3210 4155 3556 4226 ἀναίμακτον
3595 4157 3675 4209 ie-

2089 4249 2349 4319 ρουργίαν
2384 4249 2527 4303 κατὰ
2547 4251 2605 4303 τὸ
2630 4249 2772 4304 θεῖον
2787 4250 3014 4320 τέμενος
3029 4249 3347 4319 τελεσθῆναι
3368 4250 3669 4319 καλούσης,

2084 4337 2371 4407 ἐφίσταται
2420 4337 2520 4408 μὲν
2550 4337 2628 4409 τῷ
2661 4340 2793 4410 ἱερῷ
2823 4340 2851 4393 ὀ
2876 4339 3180 4411 τηνικαῦτα
3229 4340 3327 4410 τήν
3383 4342 3672 4411 ἱερατικὴν

2085 4430 2226 4501 ἔχων
2280 4431 2480 4502 ἀρχήν,
2531 4433 2865 4486 ὲπιτελέσων
2922 4437 2991 4488 τά
3052 4433 3327 4505 μυστικά·
3390 4433 3669 4497 ὓδατοςδὲ

405 4532 588 4577 autem
641 4540 709 4580 ex
760 4527 1034 4595 tabulatis,
1084 4545 1205 4600 quae
1251 4531 1406 4600 juxta
1466 4547 1754 4588 ascensum
1806 4539 1981 4606 posita

2092 4522 2241 4592 αὐτῷ
2281 4524 2346 4575 ἐκ
2375 4522 2483 4576 τῶν
2545 4525 2974 4595 παρακειμένων
3011 4531 3076 4596 τῇ
3110 4527 3282 4595 ἀνόδῳ
3336 4525 3668 4596 δρυφάκτων

402 4621 579 4675 erant,
609 4613 780 4670 effusa
804 4617 1103 4673 arbitratus
1134 4618 1240 4674 hoc
1266 4619 1439 4675 fuisse
1504 4620 1709 4677 factum
1748 4625 1814 4679 ad
1847 4641 1983 4681 con-

290 4740 307 4754 .
401 4707 707 4773 tumeliam,
746 4723 962 4764 sacrum
998 4710 1218 4779 quidem
1255 4711 1617 4766 ministerium
1658 4716 1866 4786 peragit
1886 4717 1982 4773 illo

400 4797 489 4853 die
520 4815 534 4851 :
559 4800 757 4856 deinde
781 4817 906 4857 cum
936 4802 1071 4858 illud
1103 4802 1365 4868 diruisset
1398 4804 1722 4874 oratorium,
1749 4810 1982 4864 aediﬁcat

401 4890 633 4945 alterum
670 4892 722 4947 in
757 4893 914 4958 locis,
943 4910 1064 4963 quae
1096 4904 1226 4949 sunt
1282 4911 1453 4967 prope
1509 4913 1678 4965 mare,
1731 4902 1981 4957 nesciens

401 4983 549 5052 quod
579 4999 740 5054 supra
766 4985 1072 5057 religiosam
1101 4986 1315 5043 thecam
1341 4989 1593 5062 martyris
1644 4990 1980 5049 Severianus

332 5133 336 5138 ,
400 5074 534 5129 olim
569 5077 839 5131 exstruxit
862 5077 1190 5145 oratorium,
1215 5080 1361 5149 quod
1386 5080 1503 5151 ipse
1537 5081 1803 5139 diruerat.
1838 5084 1975 5139 Cum

399 5165 682 5235 sexaginta
722 5177 904 5221 autem
928 5168 1058 5223 anni
1095 5171 1489 5238 pt'mteriisscnt
1520 5188 1694 5243 usque
1719 5176 1785 5229 ad
1836 5186 1977 5231 tem-

398 5269 505 5323 pus
539 5257 729 5311 mortis
768 5257 1028 5323 Zenonis,
1056 5260 1146 5329 qui
1227 5258 1333 5315 fuit
1417 5262 1715 5333 imperator
1776 5267 1978 5322 Ποιητι-

398 5363 619 5414 norum,
648 5346 889 5405 Joannes
940 5351 1159 5421 quidam
1193 5353 1368 5418 miles,
1401 5355 1491 5425 qui
1541 5366 1660 5411 erat
1690 5357 1743 5411 in
1780 5374 1975 5415 nume-

396 5453 460 5494 ro
491 5455 704 5505 eorum,
738 5443 827 5511 qui
866 5454 1130 5499 vocantur
1156 5445 1527 5513 excubitores,
1572 5458 1633 5501 ut
1659 5448 1973 5518 imperatori

395 5534 577 5606 aliqua
612 5535 666 5590 in
728 5550 786 5591 re
833 5537 1158 5602 descrviret,
1215 5538 1539 5594 versabatur
1594 5540 1650 5595 in
1709 5540 1792 5598 his
1841 5543 1974 5600 locis

397 5626 540 5681 circa
564 5626 764 5683 Soreos
790 5638 847 5683 et
869 5628 1108 5684 Limnas.
1144 5630 1214 5685 Et
1269 5648 1394 5687 cum
1446 5646 1645 5703 corpus
1680 5633 1975 5704 aliquando

395 5726 693 5781 exerceret,
716 5732 971 5790 egressus
1016 5729 1100 5776 est
1150 5721 1217 5777 ad
1266 5722 1657 5779 venationem:
1723 5734 1778 5780 ct
1848 5744 1971 5787 cum

397 5801 595 5860 fuisset
618 5809 670 5862 in
701 5825 765 5862 eo
797 5811 933 5877 loco,
969 5812 1020 5866 in
1081 5829 1188 5883 quo
1223 5812 1527 5884 martyricaa
1579 5814 1803 5884 sepultae
1853 5819 1972 5876 fue-

2091 4614 2472 4684 ἐπιχυθέντος,
2510 4616 2594 4684 ἐφ’
2633 4615 2790 4687 ὕϐρει
2836 4617 2995 4671 τοῦτο
3047 4617 3374 4688 γεγενῆσθαι
3409 4618 3666 4686 νομίσας,

2083 4705 2183 4776 τὴν
2219 4707 2317 4776 μὲν
2345 4707 2497 4778 ἱεράν
2522 4708 2870 4780 λειτουργίαν
2911 4712 3033 4765 κατ’
3068 4711 3287 4782 ἐκείνην
3303 4710 3542 4765 ἐπιτελεῖ
3564 4710 3667 4782 τήν

2081 4797 2331 4868 ἡμέρανσ
2377 4795 2498 4853 εἶτα
2537 4800 2599 4853 τὸ
2677 4802 2968 4874 εὐκτήριον
3004 4803 3272 4867 καθελὼν,
3296 4805 3354 4859 έν
3385 4807 3497 4867 τοῖς
3521 4804 3666 4876 πρὸς

2083 4888 2361 4944 θάλασσαν
2390 4892 2574 4958 τόποις
2627 4893 2903 4965 οἰκοδομεί
2946 4894 3158 4967 ἕτερον,
3197 4897 3298 4950 οὐκ
3338 4894 3497 4959 εἰδὼς
3552 4895 3666 4967 ἄρα

2081 4983 2161 5036 ὅτι
2191 4985 2334 5039 κατά
2363 4986 2518 5039 νότου
2549 4988 2650 5056 τῆς
2679 4987 2915 5057 εὐαγοῦς
2949 4989 3046 5043 τοῦ
3081 4990 3360 5060 μάρτυρος
3403 4989 3579 5058 θήκης
3632 4993 3663 5044 ὁ

2081 5077 2516 5148 Σευηριανὸςιτδ
2535 5080 2827 5151 εὐκτήριον
2864 5081 2894 5135 δ
2922 5082 3085 5147 αὐτὸς
3132 5084 3257 5155 άρτι
3305 5084 3524 5138 καθεῖλε
3555 5084 3661 5138 πάι

2078 5167 2170 5222 λαι
2220 5169 2537 5242 ἀνήγειρεν.
2590 5171 2889 5243 Ἐξήκοντα
2938 5174 2997 5228 δὲ
3056 5177 3474 5248 παρῳχηκότων
3527 5176 3663 5248 ἄχρι

2074 5265 2178 5333 τῆς
2225 5264 2493 5336 Ζήνωνος,
2550 5264 2610 5329 ὃς
2680 5265 2970 5337 Ῥωμαίων
2999 5268 3343 5336 ἐϐασίλευσε,
3374 5268 3662 5339 τελευτῆς,

2092 5353 2345 5426 Ὶώαννης
2380 5374 2488 5422 τις,
2522 5359 2866 5430 στρατιώτης
2898 5363 2957 5417 ὲν
2985 5363 3101 5426 τοῖς
3130 5362 3492 5431 καλουμένοις
3538 5362 3662 5428 ἘΞ-

2077 5449 2418 5521 κουϐίτορσιν
2453 5452 2877 5524 ἀριθμούμενος,
2907 5456 3048 5510 κατά
3062 5473 3182 5510 τινα
3202 5456 3486 5528 βασιλικήν
3511 5457 3662 5527 ύπηο

2078 5539 2268 5610 ρεσίαν
2319 5544 2377 5596 έν
2408 5545 2522 5607 τοῖς
2551 5545 2775 5615 χωρίοις
2805 5545 3046 5616 διέτριϐε
3089 5549 3203 5611 τοῖς
3242 5548 3373 5619 περὶ
3407 5548 3660 5619 Σωρεοὺς

2077 5634 2172 5687 καὶ
2201 5635 2433 5705 Λίμνας.
2485 5636 2593 5689 Καί
2644 5654 2775 5691 ποτε
2814 5638 3097 5711 γυμνασίᾳ
3130 5640 3193 5693 τὸ
3247 5640 3410 5710 σῶμα
3454 5640 3657 5703 διδοὺς.

2076 5728 2167 5780 ἰπὶ
2207 5727 2383 5798 θήραν
2408 5726 2575 5801 ἐξῄει,
2606 5730 2700 5783 καὶ
2750 5731 2895 5784 κατὰ
2918 5732 3011 5784 τὸν
3039 5731 3208 5785 τόπον
3253 5732 3569 5801 γενόμενος,
3596 5732 3658 5784 ἐν

2075 5813 2118 5888 ᾧ
2155 5820 2212 5874 τὸ
2247 5822 2585 5892 μαρτυρικδν
2636 5823 2905 5877 ἐτέθαπτο
2951 5823 3227 5894 λείψανον,
3256 5824 3467 5895 λαγωὸν
3512 5825 3653 5893 τόξῳ
