4002 6432
250 410 364 480 697

1285 402 1750 471 MARTYRIUM
1787 386 2180 470 SINICE'r/a
2219 408 2481 471 GOTHI.

3407 407 3519 470 698

250 525 417 586 αὐτὸς
450 513 754 596 βιϐληκὼς,
786 509 1045 595 αὐτόχειρ
1088 521 1299 593 γίνεται
1332 522 1430 577 τοῦ
1489 523 1830 594 θηράματος.

1948 533 2059 580 rant
2092 524 2354 596 reliquize,
2380 524 2619 593 leporem
2646 539 2777 581 arcu
2835 523 3063 590 feriens,
3114 522 3355 594 praedam
3416 538 3515 579 sua

253 612 390 671 Εἰτα
427 616 524 669 καὶ
566 615 705 669 ἄλλα
760 614 871 669 τῶν
930 614 1087 678 ζώων
1121 612 1419 687 θηρεύσας,
1448 616 1717 680 ἐπάνεισι,
1739 615 1836 670 καὶ

1938 630 2104 671 manu
2128 618 2348 674 occidit.
2385 619 2590 675 Deinde
2620 634 2744 675 cum
2784 619 2950 673 etiam
2977 616 3081 672 alia
3119 627 3347 671 venatus
3371 621 3520 671 esset

249 707 400 776 ὁρῶν
447 706 517 761 δι’
574 706 786 777 ὀνείρου
818 705 913 759 τδν
970 706 1225 778 μάρτυρα
1274 707 1720 778 προτρεπόμενον
1777 708 1837 760 ὲν

1948 707 2212 772 animalia.
2246 712 2558 775 revertitur,
2590 720 2646 767 et
2679 712 2736 766 in
2773 710 2983 766 somnis
3032 708 3183 763 videt
3220 712 3515 778 martyrem

250 797 335 868 τῷ
370 798 526 868 τόπῳ
567 790 723 866 ᾧπερ
770 796 932 867 ἔτυχε
969 799 1062 850 τὸν
1106 796 1293 865 λαγὼν
1340 797 1608 870 θηράσας,
1633 796 1838 868 σκηνὴν

1948 796 1986 853 ei
2013 799 2446 868 praecipientem,
2474 809 2534 856 ut
2560 801 2615 854 in
2634 800 2752 855 loco
2772 801 2824 853 in
2843 814 2951 869 quo
2970 807 3087 852 erat
3105 807 3340 853 venatus
3359 796 3515 866 lepo-

259 889 401 960 πρὸς
426 888 644 957 οἴκησιν
668 888 966 957 πήξασθαι,
996 891 1225 943 κάκεῖσε
1249 887 1531 960 διαμένειν
1559 891 1625 943 tat
1654 890 1836 957 γειτό-

251 996 361 1032 νων
384 978 683 1048 αὐτῷ.Τοῦ
719 979 777 1033 δὲ
811 981 1007 1034 θᾶττον
1037 980 1100 1033 τὸ
1134 980 1564 1049 διατεταγμένον
1603 979 1839 1033 ἀνύσαν-

252 1085 370 1131 τος,
397 1069 539 1137 μετά
559 1084 711 1130 τινας
733 1070 963 1137 χρόνους
996 1070 1409 1139 ἐμφανέστερον
1438 1052 1487 1122 t5~
1504 1070 1837 1140 ἰερομάρτυς

252 1158 569 1226 ἐφίσταται,
597 1158 692 1211 καὶ
730 1159 876 1223 ὅστις
905 1160 994 1227 εἰη
1024 1157 1285 1221 διδάσκει,
1313 1161 1409 1213 καὶ.
1438 1162 1523 1213 ὅτι
1567 1161 1668 1231 τῆς
1702 1176 1840 1230 σκη-

253 1249 359 1318 νῆς
383 1249 549 1302 αὐτοῦ
588 1249 836 1303 κάτωθεν
877 1250 940 1303 τὸ
966 1251 1113 1321 ἱερὸν
1158 1253 1369 1305 ἐκείνου
1406 1251 1840 1323 τώησαυρέσθαι

254 1339 534 1409 λείψανον.
570 1338 629 1394 Ὅ
655 1340 711 1392 δὲ
745 1341 1113 1412 στρατιώτης,
1132 1344 1235 1397 οὐκ
1289 1344 1574 1397 ἀκίνδυνον
1623 1344 1838 1414 ἡγησά-

260 1446 422 1500 μενος
467 1429 576 1483 τῶν
615 1429 805 1483 θεόθεν
857 1432 1012 1502 αὐτῷ
1063 1434 1412 1503 μηνυθέντων
1455 1436 1557 1506 τὴν
1601 1438 1837 1507 σιωπὴν,

257 1520 398 1593 δῆλα
433 1523 616 1576 ταῦτα
656 1521 736 1593 τῷ
776 1522 1123 1594 βασιλεύοντι
1183 1527 1442 1598 καθιστᾷ.
1487 1527 1841 1592 Ἀναστάσιος

254 1613 315 1667 δι
351 1605 509 1676 οὗτος
536 1609 627 1684 ἦν,
649 1614 710 1677 ὃς
752 1616 999 1669 εὐσεϐεῖν
1032 1617 1132 1686 μὲν
1154 1617 1413 1689 καθαρῶς
1434 1619 1536 1673 οὐκ
1560 1621 1836 1684 ἐϐούλετο.

256 1704 328 1757 τὰ
363 1703 426 1757 δὶ
457 1704 567 1757 τῶν
598 1706 844 1759 εὐσεϐῶν
870 1708 1132 1772 πολλάκις
1178 1711 1749 1784 ὐποκρινόμενος.τὴν
1780 1714 1839 1781 ἐξ

253 1794 564 1867 ἀνθρώπων
623 1796 840 1854 εὔνοιαν
886 1800 1147 1871 ἐθηρᾶτο.
1209 1803 1303 1856 Διὸ
1358 1804 1838 1871 κατασκευάζεται

254 1887 361 1958 μὲν
391 1889 524 1957 παρ’
555 1890 768 1944 ἐκείνου
798 1894 828 1945 ὁ
857 1894 953 1947 νῦν
982 1893 1236 1964 ἑστηκὼς
1292 1896 1589 1967 εὐκτήριος
1642 1894 1800 1962 οἰκος
1821 1913 1836 1931 ·

253 1983 629 2047 ἰγκαινίξεται
656 1984 714 2037 δὲ
746 1986 903 2056 παρὰ
935 1985 1033 2040 τοῦ
1067 1984 1187 2057 μετ’
1215 1987 1379 2041 αὐτὸν
1426 1989 1526 2061 τὴν
1560 1989 1841 2060 βασιλείαν

256 2073 560 2141 ἰθύνοντος,
616 2075 904 2131 Ἰουστίνου
952 2078 1017 2149 δὴ
1069 2078 1166 2133 τοῦ
1223 2080 1601 2149 φιλευσεδοῦς·
1635 2082 1694 2145 ὃς
1747 2082 1843 2135 καὶ⁸

254 2166 436 2219 εἰσαεὶ
462 2165 732 2236 διαμένει,
755 2169 971 2224 πολλῶν
1002 2170 1309 2240 ἀνθρώποις
1343 2172 1533 2227 κακῶν
1555 2171 1844 2244 ἐλευθερία

253 2259 561 2330 γινόμενος.
604 2260 695 2315 Ἐν
721 2261 936 2325 τούτοις
968 2262 1069 2333 μὲν
1094 2258 1190 2317 οὖν
1227 2263 1295 2319 τὰ
1325 2265 1471 2320 κατὰ
1520 2266 1614 2319 τὸν
1670 2266 1844 2336 μέγαν

253 2351 570 2422 Αὐτόνομον
598 2351 761 2423 διηγή
771 2370 941 2422 ματα.

260 2472 265 2477 -
327 2444 423 2511 ς’.
455 2443 599 2512 Ἐγὼ
622 2443 701 2511 δὲ,
729 2445 969 2499 νικῶντα
1000 2445 1094 2500 τὸν
1123 2445 1366 2517 ἀθλητὴν
1390 2446 1534 2519 ὀρῶν
1555 2448 1658 2520 τὴν
1683 2449 1845 2520 φύσιν

254 2536 355 2589 καὶ
390 2538 534 2606 μετὰ
569 2537 800 2592 θάνατον
853 2539 990 2611 πρὸς
1041 2540 1351 2610 δοξολογίαν
1396 2542 1531 2595 Θεοῦ
1567 2541 1847 2596 διανίστα-

257 2644 382 2696 μαι.
419 2625 731 2682 Ἕπιόαλὼν
755 2631 866 2700 γὰρ
910 2632 1032 2685 τότε
1063 2635 1161 2696 τὰς
1200 2633 1354 2703 ﬁt};qu
1399 2633 1479 2704 τῷ
1533 2634 1692 2704 τάφῳ
1747 2633 1843 2688 τοῦ

257 2719 636 2790 μάρτυροξ,τδ
662 2724 810 2792 ἱερὸν
841 2724 1005 2778 αὐτού
1041 2726 1240 2795 σκῆνος
1290 2725 1630 2798 ἐθεασάμην,
1657 2729 1753 2779 καὶ
1777 2722 1845 2799 ἦν

252 2810 531 2882 ἀήττητον
555 2813 659 2865 ὑπό
684 2830 749 2881 γε
775 2814 874 2885 τῆς
901 2815 1084 2887 ίσχύος
1106 2816 1198 2869 τοῦ
1227 2816 1461 2870 θανάτου
1491 2819 1802 2890 μεμενηκός
1827 2835 1844 2853 ⁸

253 2902 284 2953 ὁ
318 2902 435 2970 γὰρ
484 2905 669 2956 πᾶσαν
723 2903 816 2957 τοῦ
883 2905 1025 2969 ζώου
1084 2907 1186 2977 τὴν
1247 2906 1525 2977 σύμπηξιν
1558 2910 1847 2983 τριημέρῳ

253 2993 590 3063 διαστήματι
625 2995 779 3049 λύειν
811 2997 998 3066 αὐχῶν
1032 2997 1209 3051 ἐτεσιν
1233 2999 1336 3070 ἤδη
1355 2999 1653 3064 διακοσίοις
1679 3004 1846 3072 τρίχα

253 3085 357 3138 τοῦ
385 3086 637 3154 γενναίου
668 3088 984 3159 διαφθεῖραι
1015 3091 1117 3144 οὐκ
1143 3092 1386 3162 ἴσχυσενο
1410 3094 1526 3147 ἀλλ’
1552 3095 1587 3165 ἦ
1617 3111 1674 3148 τε
1700 3095 1845 3165 κόμη

1940 904 2082 956 rem,
2116 891 2530 947 tabernaculum
2569 893 2763 964 ﬁgeret
2792 892 2859 946 ad
2885 891 3270 955 habitandum,
3302 897 3357 943 et
3386 901 3518 957 per-

1941 993 2187 1037 maneret
2217 983 2327 1037 illic
2357 985 2405 1038 ei
2440 982 2677 1039 vicinus.
2701 984 2839 1037 Cum
2866 982 2913 1037 is
2956 990 3140 1036 autem
3174 981 3288 1036 cito
3329 978 3518 1050 perle-

1940 1070 2104 1125 cisset
2133 1072 2208 1136 id,
2235 1073 2382 1142 quod
2402 1073 2595 1142 jussus
2624 1074 2823 1132 fuerat.
2886 1080 3010 1141 post
3031 1071 3235 1140 aliqum
3266 1084 3441 1124 annos
3465 1066 3515 1121 ei

1939 1173 2143 1235 martyr
2173 1177 2400 1235 apparet
2433 1165 2767 1228 evidentius,
2809 1173 2866 1219 et
2907 1164 3089 1220 docet.
3149 1163 3399 1231 quisnam
3425 1161 3517 1220 sit.

1939 1267 1996 1311 et
2026 1257 2170 1326 quod
2198 1259 2300 1312 sub
2332 1257 2476 1311 illius
2505 1256 2862 1311 tabernaculo
2890 1255 3126 1310 conditae
3154 1262 3286 1308 sunt
3348 1264 3517 1306 sacrm

1940 1362 2051 1403 sure
2075 1349 2340 1418 reliquiae.
2364 1349 2517 1404 Miles
2549 1363 2683 1403 vero
2721 1363 2830 1402 non
2851 1362 2975 1401 esse
3007 1362 3034 1398 a
3060 1345 3307 1416 periculo
3338 1357 3520 1397 remo-

1940 1450 2056 1496 tum
2091 1442 2384 1497 arbitratus
2416 1457 2629 1504 eorum,
2655 1456 2778 1510 quae
2832 1441 2937 1495 sibi
2991 1438 3260 1493 divinitus
3302 1432 3518 1505 signiti-

1940 1542 2063 1586 cata
2097 1531 2338 1595 fuerant,
2374 1534 2678 1596 silentium,
2709 1534 2827 1587 haec
2849 1532 3026 1602 aperit
3059 1528 3377 1599 imperatori
3419 1541 3435 1590 ;
3469 1525 3520 1578 is

1941 1632 2125 1678 autem
2166 1632 2284 1679 erat
2305 1626 2645 1687 Anastasius,
2709 1623 2801 1693 qui
2843 1622 3063 1677 nolebat
3115 1620 3334 1690 quidem
3383 1630 3523 1687 pure

1941 1728 2006 1768 ac
2030 1714 2243 1769 sincere
2287 1731 2408 1770 esse
2434 1715 2557 1785 pius
2589 1715 2883 1784 :pietatem
2918 1722 3102 1767 autem
3150 1725 3296 1780 saepe
3348 1709 3523 1763 simu.-

1943 1804 2081 1871 lans,
2110 1808 2362 1875 captabat
2413 1808 2697 1864 hominum
2742 1804 3203 1860 benevolentiam.
3238 1799 3521 1866 Quamob-

1943 1911 2058 1951 rem
2088 1898 2280 1953 abillo
2317 1899 2534 1968 quidem
2579 1898 2940 1962 construitur,
3012 1910 3135 1966 qum
3191 1909 3342 1948 nunc
3414 1900 3523 1956 est,

1941 1989 2087 2044 aedes
2109 1992 2382 2056 oratoria;
2413 1991 2696 2046 dedicatur
2728 1999 2911 2044 autem
2967 1989 3036 2044 ab
3087 2002 3174 2052 eo,
3242 1985 3337 2056 qui
3400 1994 3528 2053 post

1945 2082 2122 2152 ipsum
2154 2084 2369 2138 obtinet
2412 2084 2725 2152 imperium,
2799 2083 2908 2153 pio,
2957 2082 3208 2151 inquam,
3282 2076 3523 2132 Justino.

1943 2175 2075 2242 Qun:
2102 2191 2251 2230 nunc
2271 2190 2493 2246 quoque
2525 2183 2832 2247 permanet,
2887 2182 2941 2228 et
2993 2173 3049 2227 in
3109 2186 3173 2226 ea
3219 2170 3525 2224 liberantur

1944 2268 2201 2325 homines
2227 2283 2255 2322 a
2292 2268 2481 2322 multis
2502 2270 2683 2323 malis.
2736 2269 2918 2337 Atque
2946 2265 3064 2319 haec
3089 2262 3310 2334 quidem
3373 2267 3524 2324 sunt,

1945 2377 2067 2431 qum
2090 2362 2157 2416 de
2180 2376 2377 2432 magno
2404 2370 2701 2416 narrantur
2715 2360 3051 2414 Autonomo.

2025 2451 2114 2508 Vl.
2152 2452 2269 2523 Ego
2293 2466 2476 2507 autem
2499 2453 2692 2507 videns
2718 2452 2985 2506 athletam
3030 2449 3193 2504 etiam
3225 2453 3351 2517 post
3381 2458 3531 2499 more

1950 2554 2060 2600 tem
2091 2545 2407 2600 vincentem
2447 2554 2727 2607 naturam,
2770 2557 3007 2613 exsurgo
3035 2542 3100 2596 ad
3134 2541 3306 2595 Deum
3367 2536 3532 2610 glori-

1950 2637 2250 2693 ﬁcandum.
2286 2636 2542 2705 lnjiciens
2583 2633 2743 2691 enim
2788 2631 3288 2703 aliquandooculos
3333 2630 3388 2682 in
3451 2641 3535 2681 se-

1937 2730 2199 2800 pulcrum
2218 2727 2502 2798 martyris,
2531 2726 2716 2796 aspexi
2752 2739 2935 2780 sacras
2953 2724 3072 2793 ejus
3105 2720 3380 2790 reliquias.
3404 2730 3529 2787 quae

1946 2822 2164 2877 invictae
2195 2827 2574 2874 manseranta
2641 2817 2832 2872 mortis
2888 2814 3116 2870 viribus.
3181 2811 3314 2878 Quae
3383 2808 3531 2864 enim

1949 2914 2262 2969 universam
2287 2911 2538 2966 animalis
2564 2907 3017 2979 compositionem
3037 2920 3096 2960 se
3121 2904 3283 2959 trium
3316 2901 3528 2955 dierum

1950 3005 2129 3076 spatio
2162 3004 2427 3077 gloriatur
2453 3001 2864 3063 dissoluturam,
2891 2999 3002 3068 jam
3064 2993 3319 3052 ducentis
3373 2989 3532 3047 annis

1957 3112 2067 3153 non
2104 3095 2281 3151 valuit
2308 3093 2552 3159 przrclari
2583 3093 2726 3147 illius
2759 3091 2861 3146 viri
2912 3090 3000 3144 vel
3054 3089 3226 3159 pilum
3282 3097 3533 3141 corrum-

253 3177 363 3245 τῆς
388 3180 634 3250 κεφαλῆς
667 3181 896 3253 δαψιλὴς
930 3184 1025 3236 καὶ
1056 3182 1387 3252 ἀλύμαντος,
1414 3185 1442 3239 ὃ
1479 3203 1538 3239 τε
1582 3186 1683 3257 τῆς
1716 3203 1844 3257 μορ-

1951 3205 2085 3261 pere
2124 3206 2140 3244 :
2177 3188 2273 3245 sed
2290 3196 2343 3243 et
2376 3203 2532 3243 coma
2567 3185 2764 3257 capitis
2795 3193 2880 3239 est
2909 3182 3079 3237 densa
3133 3188 3188 3235 et
3231 3178 3422 3240 illaesa,
3479 3182 3536 3230 et

259 3271 372 3338 γῆς
422 3274 713 3343 χαρακτὴρ
794 3274 1145 3345 συνεστηκὼς
1186 3275 1280 3328 xui.
1331 3275 1616 3347 ἁλώύητος
1651 3280 1717 3348 τῇ
1749 3277 1849 3347 τῆς

255 3359 428 3431 δορᾶς
469 3355 885 3435 εὐτονίᾳ,’μτ;δὲ
918 3367 1015 3430 τὰς
1046 3368 1144 3438 τῆς
1180 3368 1396 3438 ὑπήνης
1421 3370 1615 3440 τρίχας
1640 3369 1852 3425 ἀποδα-

258 3453 397 3506 λών⁸
455 3455 665 3527 ἀνέῳγε
692 3458 749 3510 δὲ
780 3459 930 3531 αὐτῷ
976 3461 1071 3513 καὶ
1101 3462 1131 3514 ὁ
1161 3462 1272 3514 τῶν
1318 3463 1583 3533 ὀμμάτων
1625 3461 1849 3525 κύκλος.

258 3546 346 3601 Δι’
378 3539 457 3602 ὧν
510 3549 638 3618 ἐμοὶ
688 3551 867 3606 δοκεῖν
899 3554 994 3606 καί
1043 3553 1320 3623 θεώμενος
1371 3555 1510 3607 αἰδοῖ
1556 3554 1650 3607 τοῦ
1682 3555 1850 3623 νόμου

257 3641 365 3709 τῆς
393 3642 674 3712 τελευτῆς,
696 3644 797 3715 τὴν
829 3645 1043 3719 σιωπὴν
1075 3648 1377 3719 προτιμᾷν.
1401 3647 1647 3720 Ἕστηκε
1670 3647 1726 3701 δὲ
1753 3648 1854 3701 καὶ

254 3732 286 3784 ὁ
318 3733 431 3797 πᾶς
460 3734 554 3788 τοῦ
588 3735 847 3805 σώματος
877 3739 1049 3803 τύπος
1075 3755 1089 3771 ο
1115 3741 1214 3811 τὴν
1262 3740 1400 3793 ἰδίαν
1437 3742 1722 3812 συντηρῶν
1755 3741 1853 3810 ἀρ-

262 3825 757 3910 μονίαν,καλιούτε
785 3831 888 3898 τῆς
928 3830 1173 3902 κεφαλῆς
1208 3833 1441 3896 οὐδὸλως
1482 3834 1851 3906 ἀπορῤαγεὶς,

256 3916 390 3968 οὐτε
420 3917 532 3971 τῶν
560 3919 768 3973 λοιπῶν
803 3923 1010 3993 μορίων
1034 3922 1134 3993 τὴν
1174 3924 1464 3981 διάστασιν
1503 3926 1808 3996 ὑπομείνας
1838 3941 1855 3959 ο

258 4009 411 4063 οὕτω
442 4012 551 4080 γὰρ
604 4012 633 4065 ὁ
668 4013 1050 4087 μεγαλόδωρος
1094 4018 1298 4088 Κύριος
1347 4018 1719 4086 ἀντιδοξὰςειν
1743 4016 1851 4074 οἶδε

257 4103 389 4166 τοὺς
420 4105 649 4168 οἰκείοις
698 4107 866 4161 αὐτὸν
900 4109 1091 4179 μέλεσι
1133 4110 1355 4176 δοξάσαι
1411 4112 1847 4186 προελομένους·

259 4195 345 4248 ὃτι
371 4195 525 4267 αὐτῷ
553 4198 751 4269 πρέπει
785 4199 935 4254 πᾶσα
965 4201 1113 4269 δόξα,
1138 4202 1274 4276 τιμὴ
1308 4205 1403 4259 καὶ
1443 4203 1846 4276 προσκύνησις,

260 4289 360 4343 νῦν
390 4287 491 4343 καὶ
528 4290 637 4357 ἀεὶ,
671 4292 767 4345 καὶ
799 4293 880 4357 εἰς
917 4293 1044 4358 τοὺς
1072 4295 1295 4359 αἰῶνας.
1330 4295 1525 4367 Ἀμήν.

1949 3279 2141 3335 format
2178 3279 2464 3334 character
2496 3274 2749 3330 consistit
2775 3274 3010 3344 integer,
3065 3269 3208 3339 pelle
3280 3266 3434 3321 ﬁrma
3479 3269 3538 3317 et

1949 3374 2189 3438 intensa,
2222 3386 2290 3424 ne
2322 3368 2538 3423 amissis
2557 3366 2774 3435 quidem
2830 3363 2958 3433 pilis
3036 3359 3168 3415 labri
3212 3354 3533 3427 superioris.

1951 3464 2045 3518 Est
2074 3473 2256 3517 autem
2295 3461 2344 3515 ei
2387 3458 2537 3514 orbis
2562 3471 2781 3527 quoque
2810 3461 3036 3523 apertus
3059 3450 3370 3504 oculorum.
3432 3444 3536 3499 Per

1951 3569 2091 3627 quos
2112 3552 2348 3608 intuenti
2374 3549 2839 3609 mihividebatur,
2875 3545 3023 3615 quod
3082 3543 3257 3609 legem
3320 3546 3533 3593 tantum

1952 3647 2149 3705 mortis
2205 3646 2323 3716 ipse
2376 3642 2674 3703 reveritus,
2738 3636 3018 3692 silentium
3066 3632 3370 3688 simularet.
3415 3629 3537 3682 Stat

1953 3748 2136 3796 autem
2169 3738 2435 3791 universa
2459 3747 2680 3804 quoque
2704 3731 2877 3802 ligura
2908 3728 3029 3799 ejus
3072 3723 3322 3793 corporis
3377 3733 3535 3775 suam

1952 3843 2287 3886 conservans
2320 3838 2663 3895 compagem,
2704 3830 2761 3876 et
2788 3835 2894 3875 nec
2937 3818 3056 3888 ejus
3085 3814 3282 3885 capitis
3313 3818 3533 3881 ruptum

1951 3933 2038 3979 est
2076 3921 2300 3992 aliquid,
2325 3934 2429 3974 nec
2447 3917 2781 3986 reliquarum
2810 3911 3063 3983 corporis
3114 3908 3357 3979 partium
3395 3904 3537 3959 facta

1952 4025 2035 4072 est
2063 4015 2169 4069 ulla
2194 4030 2221 4068 a
2243 4027 2302 4069 se
2328 4011 2564 4066 invicem
2602 4005 2926 4077 disiunctio.
2949 4002 3041 4058 Sic
3069 4000 3220 4056 enim
3244 3997 3539 4053 muniﬁcus

1951 4108 2219 4163 Dominus
2236 4103 2340 4160 scit
2393 4098 2642 4156 vicissim
2688 4096 2996 4169 gloriﬁcare
3075 4106 3198 4154 eos,
3261 4088 3355 4160 qui
3423 4086 3539 4143 suis

1948 4195 2212 4253 membris
2238 4194 2530 4249 voluerunt
2551 4205 2676 4244 eum
2703 4185 3010 4259 gloriﬁcare
3047 4198 3064 4240 :
3105 4182 3365 4253 quoniam
3406 4193 3537 4235 eum

1951 4292 2109 4347 decet
2130 4286 2321 4360 gloria,
2367 4285 2544 4340 honor
2579 4290 2634 4339 et
2679 4278 2950 4343 adoratio,
3014 4290 3164 4332 nunc
3201 4282 3259 4330 et
3299 4286 3537 4343 semper,

1951 4392 2006 4439 et
2024 4384 2079 4437 in
2101 4381 2325 4436 saecula.
2354 4378 2550 4433 Amen.

266 4527 3525 4592 Μ

465 4741 722 4893 DE
902 4736 1651 4896 SANCTO
1788 4730 2494 4888 NICETA

2662 4719 3333 4881 GOTHO

1196 5009 1544 5068 MARTYRE
1595 5011 1662 5067 IN
1714 5007 1975 5085 GOTHIA
2030 5003 2266 5064 ULTRA
2326 4998 2619 5060 ISTRUM.

1307 5170 1451 5234 (Acta
1468 5167 1561 5220 SS.
1600 5166 1725 5220 Boil.
1745 5168 1806 5218 ad
1832 5168 1968 5218 diem
2000 5166 2057 5217 l5
2074 5166 2238 5229 Sept.,
2272 5171 2393 5216 tom.
2429 5162 2514 5224 ν.)

268 5326 561 5391 Celebris
592 5324 797 5390 sancti
825 5321 1033 5386 cultus
1078 5340 1091 5383 :
1142 5322 1319 5383 locus
1363 5322 1425 5379 et
1468 5323 1720 5396 tempus
1780 5313 2068 5396 martyrii
2119 5311 2536 5396 investigatur
2579 5326 2599 5396 :_
2631 5307 2938 5370 nonnulla
2997 5305 3074 5368 de
3121 5300 3539 5369 conversione

1173 5397 1524 5462 Gothorum
1556 5386 1884 5458 observata
1918 5386 2113 5454 :‘Acta
2144 5386 2663 5453 Graeca—edenda.

340 5741 386 5797 ι.
417 5740 665 5798 Celebris
692 5741 984 5798 admodum
1028 5747 1113 5796 est
1151 5740 1312 5797 hodie
1359 5740 1503 5813 apud
1542 5738 1761 5798 ercos
1796 5748 1852 5798 et
1881 5738 1927 5797 D
1955 5737 2138 5805 Gothi,
2197 5741 2265 5796 de
2304 5754 2412 5811 quo
2466 5736 2734 5794 Baronius
2780 5736 2835 5792 in
2869 5731 3246 5807 Hartyrologio
3292 5728 3538 5788 Romano

273 5836 532 5894 Μιγκιιοε
588 5836 767 5892 cultus
827 5836 999 5892 sancti
1060 5834 1265 5891 Nicetat
1329 5834 1582 5903 martyris
1630 5835 1854 5893 natione

1963 5835 2037 5891 ita
2076 5831 2328 5890 meminit
2371 5848 2385 5887 :
2425 5831 2656 5887 «Eodem
2709 5830 2797 5887 die
2858 5829 3032 5885 sancti
3098 5825 3296 5885 Nicetze
3352 5824 3537 5893 Gothi,
