4002 6438
465 403 581 468 ϐὋ

1701 395 1984 456 MENSIS
2029 387 2504 454 SEPTEMBER.

3629 383 3735 448 700

467 514 561 584 qui
593 512 662 566 ab
690 507 1028 564 Athanarico
1081 522 1210 579 rege
1257 507 1328 562 ob
1367 506 1693 562 catholicam
1731 507 1891 562 fidem
1939 507 2060 576 jus-
2087 509 2140 570 Α
2168 505 2498 573 impressum
2565 507 2650 556 est
2697 499 2749 555 in
2805 497 3073 555 Thesauro
3117 498 3508 566 Antiquitalum
3557 497 3737 552 Italia:

469 619 564 660 sus
586 612 669 658 est
701 601 823 672 igne
852 601 1124 656 comburi.
1163 597 1383 652 iPetrus
1414 597 1482 652 de
1523 597 1826 662 Natalibus,
1863 599 1959 652 lib.
1993 613 2052 663 v,

469 711 570 763 cap
597 695 670 758 ,4,
723 692 958 762 elogium
1018 691 1302 746 contexuit
1349 705 1417 744 ex
1459 689 1609 744 Actis
1654 689 1794 743 infra
1841 690 2058 753 dandis,

471 785 565 838 sed
603 799 710 838 non
743 785 861 837 sine
905 783 1186 837 erroribus
1227 782 1455 851 aliquot,
1494 790 1830 850 mortemque
1859 781 2057 844 sancti,

470 891 628 944 quem
652 875 904 930 Nicetum
927 884 1105 936 vocat,
1139 874 1256 928 ﬁxit
1291 875 1361 928 25
1391 872 1538 928 Maii.
1574 873 1712 929 llinc
1740 872 1969 938 factum,
1997 884 2058 928 ut

473 965 754 1019 Grevenus
791 965 996 1034 aliique
1044 965 1198 1034 pauci
1246 964 1590 1034 martyrologi
1648 963 1920 1025 Nicetum,
1965 976 2058 1018 aut

470 1053 652 1122 potius
683 1053 949 1118 Nicetatn,
986 1055 1052 1107 ad
1094 1053 1164 1106 25
1193 1051 1314 1106 Maii
1358 1054 1470 1106 suis
1500 1051 1676 1107 Fastis
1700 1052 2053 1108 inseruerint.

473 1145 573 1198 Alii
617 1155 797 1199 tamen
855 1145 1032 1198 Latini
1093 1160 1218 1199 cum
1260 1144 1474 1199 Molano
1510 1155 1757 1200 sanctum
1811 1145 2055 1200 Nicetam

475 1235 637 1289 hodie
667 1246 1061 1292 memorarunt.
1098 1237 1454 1304 Antiquiores
1489 1237 1833 1307 martyrologi
1876 1237 2058 1291 Latini

475 1335 724 1380 sanctum
767 1327 913 1380 hunc
964 1328 1278 1397 ignorarunt
1310 1345 1323 1380 :
1355 1330 1450 1381 sed
1479 1326 1651 1381 Graeci
1695 1343 1888 1398 magno
1920 1343 2056 1382 con-

471 1429 659 1479 sensu,
685 1423 740 1468 et
780 1431 904 1468 cum
938 1415 1023 1469 his
1066 1415 1268 1470 Moschi
1315 1426 1565 1471 sanctum
1605 1416 1847 1471 Nicctam
1899 1416 2058 1472 hodie

471 1503 770 1563 celebrant.
821 1515 878 1559 ut
930 1521 1180 1575 maguum
1216 1516 1531 1578 martyrem,
1580 1509 1646 1560 de
1691 1523 1797 1576 quo
1823 1507 2057 1562 ollicium

471 1592 904 1648 ecclesiasticum
939 1596 1129 1650 eodem
1161 1597 1249 1650 die
1280 1598 1648 1667 peragendum
1680 1599 1734 1652 in
1765 1598 1920 1652 libris
1955 1613 2054 1653 eo-

471 1701 591 1738 rum
619 1685 904 1740 ritualibus
935 1689 1326 1757 praescribitur.
1358 1689 1412 1742 ln
1444 1689 1742 1761 Menologio
1765 1691 2055 1746 Sirletiano

473 1779 576 1831 hoc
605 1779 780 1832 sancti
823 1779 1027 1834 Nic-cla:
1052 1781 1212 1834 datur
1238 1783 1474 1852 elogium
1507 1797 1522 1836 :
1555 1782 2043 1836 «Commemoratio

2164 605 2301 650 tom.
2338 611 2368 648 v
2407 601 2548 663 part.
2599 607 2659 647 tt.
2703 592 2761 646 In
2805 591 2899 645 illo
2951 590 3096 645 enim
3137 596 3400 643 tractatur
3433 588 3502 642 de
3534 589 3740 657 templo

2161 686 2218 742 S.
2280 683 2507 749 Nicolai,
2588 682 2842 754 parochia
2905 682 3343 752 presbyterorum
3403 681 3457 734 in
3519 681 3740 749 regione

2160 775 2314 829 Dorsi
2359 775 2501 840 duri,
2561 782 2724 842 atque
2758 772 2810 826 in
2842 772 2951 826 ﬁne
2994 771 3236 826 dicitur:
3278 769 3378 826 llic
3415 771 3586 825 sancti
3627 771 3692 822 Ni
3717 801 3737 811 ς

2159 879 2293 922 cette
2321 881 2520 936 corpus
2547 865 2776 934 ali-aeque
2805 874 3119 918 sanctorum
3156 862 3402 932 reliquias
3437 860 3736 915 habentur.

2229 959 2316 1013 lV.
2360 958 2512 1024 Quod
2545 967 2755 1028 spectat
2779 957 2847 1011 ad
2883 965 3118 1026 tempus,
3155 969 3264 1024 quo
3315 963 3539 1010 sanctus
3572 954 3741 1009 Nice-

2161 1058 2243 1104 tas
2268 1049 2527 1118 martyrio
2550 1059 2841 1106 coronatus
2867 1061 2970 1114 est,
2993 1048 3123 1102 illud
3145 1057 3441 1115 utcumque
3469 1045 3741 1116 assignari

2157 1151 2338 1213 potest
2375 1157 2438 1196 ex
2476 1151 2740 1212 tempore,
2796 1157 2906 1212 quo
2950 1140 3252 1196 Gothorum
3286 1143 3540 1211 princeps
3569 1143 3746 1197 Atha-
3805 1139 3808 1142 ’

2158 1237 2378 1292 naricus
2413 1235 2850 1306 persecutionem
2885 1235 3055 1289 movit
3087 1235 3348 1289 adversus
3375 1234 3740 1290 Christianos.

2157 1329 2234 1382 De
2292 1343 2580 1382 numerosa
2633 1325 2936 1381 Gmhorum
2992 1335 3290 1392 martyrum
3348 1327 3522 1380 classe
3567 1327 3633 1380 ad
3668 1327 3742 1381 26

2156 1418 2334 1472 Martii
2389 1417 2497 1487 egit
2547 1417 2947 1486 Papebrochius
3021 1426 3207 1472 noster
3269 1416 3508 1472 breviter
3553 1418 3743 1472 admo-

2156 1510 2308 1565 dum.
2334 1508 2602 1564 Prolixius
2629 1517 2684 1563 et
2709 1509 3020 1564 accuratius
3049 1508 3118 1562 de
3149 1518 3338 1563 sancto
3367 1507 3507 1561 Saba
3535 1507 3740 1564 Gotho.

2157 1602 2211 1655 in
2243 1601 2430 1656 eadem
2465 1616 2682 1670 quoque
2713 1602 3092 1670 persecutione
3132 1615 3318 1669 passo,
3350 1600 3493 1653 idem
3541 1601 3648 1670 egit
3673 1599 3741 1654 ad

2155 1693 2222 1748 12
2252 1693 2470 1761 Aprilis,
2511 1709 2620 1762 quo
2660 1694 2875 1747 occisus
2941 1701 3024 1747 est
3053 1707 3196 1747 anno
3220 1692 3348 1745 572.
3387 1692 3593 1746 Eodem
3627 1692 3741 1745 for—

2157 1800 2252 1838 san
2288 1801 2454 1846 anno,
2491 1795 2639 1838 certe
2675 1799 2780 1838 non
2817 1784 3000 1838 multis
3046 1783 3204 1837 annis
3243 1783 3405 1838 citius
3435 1795 3528 1837 aut
3563 1785 3746 1837 serius

471 1870 643 1924 sancti
678 1873 931 1941 martyris
953 1871 1174 1935 Nicctze,
1208 1875 1298 1942 qui
1327 1875 1428 1928 suh
1461 1875 1691 1943 imperio
1714 1874 2054 1928 Constantini
2091 1862 2131 1916 Β
2162 1884 2456 1929 coronatus
2482 1884 2566 1927 cst
2597 1883 2819 1927 sanctus
2862 1873 3098 1926 Nicetas.
3132 1872 3310 1926 Locus
3340 1874 3586 1943 martyrii
3643 1875 3747 1928 fuit

471 1962 645 2032 Magni
692 1972 870 2026 natus,
903 1974 1065 2032 atque
1106 1965 1372 2020 educatus
1411 1967 1464 2020 in
1502 1970 1721 2035 regione
1752 1965 2052 2022 Gothorum

472 2054 613 2107 ultra
643 2052 968 2115 Danubium,
1005 2070 1111 2107 non
1143 2055 1584 2109 communicabat
1624 2071 1746 2108 cum
1778 2055 2051 2123 Barbaris,

473 2145 568 2197 sed
599 2158 724 2196 cum
752 2144 880 2196 viris
912 2145 1013 2212 piis
1035 2143 1205 2197 Deum
1230 2146 1558 2212 colentibus,
1589 2147 1816 2200 edoctus
1845 2147 2054 2202 Christi

473 2238 632 2291 fidem
670 2253 696 2289 a
737 2237 1084 2290 sanctissimo
1117 2237 1375 2306 episcopo
1406 2237 1705 2292 Gothorum
1733 2241 2054 2310 TheOphilo,

473 2329 900 2395 comprehensus
937 2329 1004 2382 ab
1047 2328 1345 2383 Athanasio
1375 2329 1512 2400 (lege
1545 2331 1871 2395 Athanarico
1911 2333 2058 2402 prin-

471 2419 590 2487 cipe
651 2429 872 2488 propter
929 2421 1255 2475 Christianae
1324 2421 1446 2476 fidei
1513 2423 1929 2491 professionem,
2002 2436 2056 2481 et

472 2510 658 2563 multis
752 2511 1035 2565 tormentis
1098 2513 1393 2573 cruciatus,
1473 2513 1596 2582 igne
1682 2527 2056 2586 (consumptus,

473 2609 886 2654 consummatus
929 2611 1032 2655 est.
1076 2620 1093 2650 ι
1126 2601 1440 2655 Consonant
1469 2603 1694 2657 omnino
1730 2602 1931 2658 Menaea
1961 2607 2059 2658 im-

473 2709 679 2762 pressa,
717 2695 805 2747 ubi
839 2709 1036 2747 nomen
1073 2695 1412 2759 Athanarici,
1452 2711 1550 2764 pro
1571 2711 1680 2763 quo
1710 2695 1796 2752 hic
1836 2698 2059 2754 mendo-

469 2798 531 2834 se
563 2782 892 2835 Athanasius
919 2782 1130 2851 legitur,
1158 2794 1305 2836 recte
1327 2793 1409 2837 est
1437 2799 1778 2852 expressum.

543 2873 606 2924 ll.
659 2872 715 2925 In
767 2873 1070 2944 Menologio
1122 2875 1392 2929 Basiliano
1441 2877 1573 2930 Acta
1637 2878 1811 2932 sancti
1858 2876 2059 2934 Nicelaa

468 2966 798 3034 compendio
833 2975 1205 3034 exponuntur.
1244 2967 1378 3020 Nam
1425 2979 1549 3037 post
1589 2969 1728 3022 hanc
1763 2971 2057 3025 annuntia-

472 3057 698 3118 tionem,
735 3055 1054 3111 «Certamen
1097 3059 1269 3111 sancti
1299 3059 1477 3128 magni
1510 3060 1764 3129 martyris
1794 3059 2052 3124 Nicena,»

477 3150 727 3217 sequitur
752 3149 990 3217 elogium
1025 3149 1094 3202 ita
1129 3161 1456 3218 conceptum
1486 3167 1498 3202 :
1534 3150 1801 3210 tNicetas.
1837 3153 2060 3222 praecla-

470 3251 567 3290 rus
630 3235 830 3290 Christi
891 3247 1116 3306 martyr,
1169 3235 1270 3291 fuit
1334 3239 1636 3308 imperante
1695 3241 2056 3298 Constantino

469 3325 680 3396 Magno,
722 3342 918 3396 genere
951 3327 1182 3391 Gothus,
1243 3329 1523 3384 nobilitate
1590 3345 1653 3385 ac
1686 3331 1887 3387 divitiis
1918 3333 2062 3388 inter

469 3422 761 3490 populares
792 3435 920 3473 suos
961 3418 1182 3482 ﬂorens,
1215 3435 1244 3473 a
1287 3420 1597 3491 TheOphilo
1633 3425 2056 3495 religiosissima

467 3512 678 3567 Gothiae
723 3512 980 3580 episcopo
1034 3511 1192 3564 filexu
1251 3511 1498 3568 edoctus.
1547 3513 1682 3569 Cum
1761 3527 1941 3570 autem
2003 3517 2057 3571 in

468 3606 604 3660 duas
633 3603 895 3658 factiones
931 3613 1041 3656 tota
1102 3599 1406 3657 Gothorum
1448 3622 1583 3674 gens
1631 3609 1802 3662 scissa
1838 3608 2056 3666 fuisset.

467 3707 631 3768 atque
662 3709 890 3767 utraque
933 3714 1090 3753 suum
1118 3695 1224 3754 sibi
1257 3701 1559 3769 principem
1606 3710 1883 3765 creasset;
1926 3717 2058 3756 con-

468 3792 605 3862 fugit
623 3791 760 3846 alter
781 3791 1089 3860 principum
1120 3793 1187 3847 ad
1221 3792 1590 3846 Romanorum
1621 3792 2006 3862 imperatorem
2036 3812 2049 3848 :

467 3885 562 3953 qui
608 3898 732 3938 cum
778 3893 1029 3954 suscepta
1065 3885 1118 3937 in
1153 3885 1438 3940 contrariae
1471 3883 1724 3940 factionis
1769 3895 2055 3954 tyrannum

467 3974 836 4042 expeditione,
872 3974 1137 4042 insignem
1169 3988 1234 4028 ex
1276 3988 1344 4027 eo
1379 3981 1715 4042 reportasset
1745 3973 2054 4037 victoriam,

467 4064 784 4131 Gothosque
815 4063 1136 4128 subegisset,
1173 4079 1237 4117 ex
1294 4080 1362 4119 eo
1423 4074 1666 4133 tempore
1699 4079 1869 4134 genus
1897 4063 2054 4118 Chri-

470 4153 774 4206 stianorum
829 4153 972 4207 inter
1015 4152 1222 4207 Gothos
1257 4153 1671 4222 multiplicatum
1703 4166 1808 4208 est.
1850 4153 2055 4208 Horum

471 4244 682 4314 primus
719 4253 943 4298 sanctus
972 4243 1190 4300 Nicetas
1218 4244 1340 4308 fuit,
1365 4243 1456 4314 qui
1485 4255 1541 4300 et
1562 4261 1775 4299 summa
1804 4245 2056 4301 libertate

472 4336 837 4391 Christianam
888 4339 1050 4393 fidem
1085 4341 1287 4410 populo
1325 4341 1710 4395 annuntiabat.
1751 4339 1856 4394 Sed
1904 4348 2055 4410 post-

471 4443 633 4496 quam
706 4443 960 4484 reversus
1001 4441 1086 4485 est
1133 4431 1444 4501 imperator,
1489 4431 1650 4487 Gothi
1693 4432 1935 4486 inﬁdeles
1972 4432 2057 4486 fu-

2157 1969 2210 2022 in
2239 1967 2445 2021 ditione
2480 1965 2804 2020 Gothorum.
2850 1963 2988 2017 ultra
3023 1963 3324 2017 Danubium
3363 1972 3492 2017 tunc
3526 1962 3740 2031 degen~

2160 2059 2313 2112 tium.
2349 2057 2543 2110 Nescio
2588 2072 2740 2120 sane,
2770 2071 2879 2125 quo
2913 2056 3186 2110 memoria:
3215 2055 3368 2124 lapsu
3396 2055 3744 2108 Castellanus

2159 2150 2212 2204 in
2241 2149 2617 2220 Martyrologio
2669 2147 2961 2202 universali
3014 2148 3080 2200 ad
3115 2148 3438 2216 marginem,
3475 2156 3529 2200 et
3567 2147 3620 2199 in
3656 2146 3745 2200 iu-

2157 2241 2298 2304 dice,
2330 2249 2519 2295 notare
2542 2241 2802 2310 potuerit,
2834 2253 3004 2309 prope
3041 2237 3426 2306 Mopsuestiam
3463 2237 3515 2290 in
3538 2237 3736 2291 Cilicia

2157 2332 2393 2388 occisum
2426 2346 2546 2388 esse
2591 2339 2859 2391 sanctum,
2912 2329 3016 2383 nisi
3066 2330 3264 2393 locum,
3303 2329 3369 2382 ad
3417 2345 3580 2398 quem
3613 2343 3741 2384 cor-

2157 2439 2261 2492 pus
2302 2423 2621 2478 translatum
2655 2430 2759 2483 est,
2799 2435 2921 2473 cum
2954 2419 3070 2472 loco
3123 2419 3361 2488 martyrii
3403 2418 3738 2473 confuderit.

2157 2514 2315 2569 Nulla
2359 2515 2504 2568 enim
2546 2523 2629 2568 est
2667 2513 2826 2575 ratio,
2855 2527 2952 2566 cur
3002 2512 3273 2575 dicamus,
3325 2511 3566 2565 occisum
3617 2527 3743 2567 esse

2159 2606 2420 2662 Sanctum
2451 2614 2602 2658 extra
2627 2604 2888 2656 ditionem
2939 2602 3250 2655 Athanarici
3299 2601 3600 2656 Gothorum
3649 2619 3739 2657 rc-

2157 2697 2256 2768 gis,
2296 2712 2415 2764 qua:
2474 2696 2741 2750 immenso
2799 2705 3068 2749 terrarum
3123 2693 3410 2748 intervallo
3465 2709 3492 2745 a
3541 2693 3737 2749 Cilicia

2158 2788 2413 2842 distabat.
2470 2787 2527 2840 Si
2587 2801 2750 2855 porro
2809 2786 3070 2840 ditionem
3121 2786 3437 2841 Athanarici
3482 2787 3743 2856 proprius

2160 2879 2438 2948 inquirere
2503 2877 2751 2939 velimus,
2802 2891 2866 2930 ex
2927 2876 3234 2940 Ammiano,
3291 2885 3437 2945 gesta
3499 2877 3746 2932 Valentis

2161 2967 2512 3038 imperatoris
2563 2977 2753 3022 contra
2827 2965 3220 3020 Athanaricum
3296 2967 3595 3031 referente,
3648 2969 3748 3024 lib.

2159 3075 2307 3112 nvn
2355 3074 2476 3128 cap.
2512 3057 2564 3122 5,
2601 3057 2760 3111 facile
2803 3056 3298 3126 deprehendemus,
3350 3056 3746 3113 Athanaricum

2161 3162 2228 3202 co
2262 3156 2505 3216 tempore
2541 3145 2878 3199 dominatum
2909 3159 3030 3198 esse
3061 3143 3113 3197 in
3145 3143 3410 3197 hodierna
3451 3142 3744 3204 Moldavia,

2162 3253 2225 3292 ac
2275 3237 2413 3291 forte
2452 3237 2506 3290 in
2554 3235 2808 3291 Valachia
2851 3243 2905 3288 et
2953 3232 3296 3295 Bessarabia,
3356 3243 3450 3287 aut
3488 3243 3641 3288 certe
3689 3235 3745 3286 in

2163 3338 2318 3401 parte
2377 3328 2555 3396 aliqua
2615 3326 2829 3380 illarum
2885 3325 3289 3394 provinciarum
3327 3340 3546 3395 :neque
3593 3325 3747 3380 enim

2159 3421 2433 3486 novimus,
2463 3433 2625 3487 quam
2658 3417 2764 3472 late
2803 3417 3118 3485 imperaret.

2232 3511 2297 3566 V.
2333 3511 2476 3566 Loca
2509 3509 2577 3564 ab
2606 3509 2894 3562 Ammiano
2925 3517 3246 3569 memorata,
3279 3509 3371 3562 ubi
3409 3505 3612 3562 Valens
3662 3507 3744 3561 ls—

2165 3610 2306 3654 trum
2337 3600 2510 3669 primo
2535 3605 2590 3652 et
2614 3597 2770 3650 tertio
2797 3595 2938 3650 illius
2974 3596 3098 3650 belli
3127 3612 3272 3650 anno
3295 3597 3529 3662 trajecit.
3561 3605 3616 3650 et
3647 3597 3741 3651 ubi

2159 3707 2303 3745 anno
2336 3689 2575 3744 secundo
2617 3688 2906 3742 transitum
2947 3686 3150 3740 frustra
3207 3689 3459 3751 tentavit,
3492 3699 3650 3742 erant
3683 3690 3739 3742 in

2159 3782 2342 3838 Maesia
2389 3779 2670 3842 inferiore,
2699 3779 2860 3833 dictis
2903 3777 3218 3847 provinciis,
3256 3782 3555 3848 pra-sertim
3603 3778 3745 3833 Mol-

2158 3876 2329 3930 daviaa
2355 3874 2626 3943 apposita,
2661 3871 2887 3940 soloque
2919 3868 3056 3923 lstro
3087 3869 3155 3923 ab
3190 3869 3255 3923 iis
3292 3869 3482 3924 divisa.
3537 3870 3744 3923 Marci-

2159 3966 2405 4036 anopolis
2448 3964 2693 4032 ejusdem
2734 3961 3030 4032 provinciae
3065 3959 3236 4024 ttrbis,
3286 3960 3338 4013 in
3385 3977 3488 4029 qua
3536 3961 3742 4014 Valens

2159 4059 2387 4114 hiberna
2419 4055 2676 4118 habebat,
2711 4068 2774 4108 ac
2803 4068 2905 4122 pax
2937 4052 2992 4105 in
3027 4051 3146 4121 ipso
3187 4049 3326 4106 Istro
3359 4051 3498 4106 inter
3524 4062 3746 4106 utrum-

2157 4165 2263 4222 que
2294 4147 2595 4219 principem
2629 4144 2782 4211 inita,
2838 4143 3085 4198 similiter
3121 4143 3436 4208 ostendunt,
3489 4143 3742 4196 Athana-

2157 4245 2254 4298 rici
2291 4241 2552 4296 ditionem
2578 4253 2609 4291 a
2642 4237 2825 4291 Mmsia
2871 4234 3129 4288 inferiore
3159 4235 3277 4289 solo
3303 4234 3443 4288 Istro
3476 4235 3594 4289 sive
3636 4233 3744 4288 Da-

2156 4334 2324 4389 nubio
2358 4332 2684 4399 diremptam
2735 4327 2926 4384 fuisse.
2983 4327 3171 4394 itaque
3219 4325 3576 4380 dubitandum
3628 4343 3743 4380 non

2156 4436 2259 4491 est,
2295 4425 2425 4495 quin
2490 4431 2714 4476 sanctus
2765 4417 2982 4474 Nicetas
3030 4433 3222 4488 passus
3263 4418 3334 4472 sit
3366 4417 3420 4471 in
3476 4418 3745 4472 hodierna

473 4533 594 4574 rore
625 4522 836 4590 perciti,
885 4532 1154 4577 commota
1192 4524 1244 4577 in
1275 4525 1616 4580 Christianos
1647 4526 2048 4593 persecutione,
2089 4526 2130 4579 D
2162 4517 2444 4578 Moldavia,
2480 4515 2562 4569 vel
2595 4514 2722 4567 huic
2752 4509 3092 4565 contermina
3135 4509 3388 4563 Valachia
3419 4519 3512 4563 aut
3542 4508 3746 4562 Bessa-

471 4614 604 4666 alios
637 4614 854 4681 quidem
887 4615 1044 4668 aliter
1077 4623 1286 4668 torsere
1307 4655 1322 4678 ,
1367 4612 1611 4668 Nicetam
1668 4625 1850 4667 autem
1908 4613 2049 4666 mqu

471 4700 747 4768 tiplicibus
794 4702 1074 4771 suppliciis
1117 4704 1482 4758 excruciatum
1535 4703 1642 4775 igni
1691 4703 1984 4758 tradidere.
2027 4723 2045 4754 ι

473 4795 744 4848 llactcnus
769 4795 1132 4865 Mcnologium
1159 4796 1290 4850 satis
1316 4806 1482 4850 recte.

543 4885 632 4939 lll.
679 4886 751 4940 De
786 4887 1140 4940 translatione
1169 4889 1414 4956 corporis
1448 4888 1618 4941 sancti
1651 4885 1852 4942 Nicctae
1887 4888 2047 4941 Gothi

472 4987 637 5046 agunt
669 4977 801 5032 Acta
834 4977 1064 5039 edenda,
1105 4978 1276 5046 iisque
1318 4982 1596 5034 consentit
1625 4979 1819 5034 Petrus
1851 4981 1919 5034 de
1949 4980 2052 5034 Na-

481 5070 681 5122 talibus
720 5070 828 5138 jam
881 5069 1153 5124 laudatus.
1186 5069 1484 5137 Utrobique
1517 5071 1677 5124 etiam
1711 5073 1926 5141 legitur,
1959 5086 2049 5124 cc-

472 5161 694 5216 clesiam
749 5171 937 5216 sancto
988 5162 1308 5217 aediﬁcatam
1341 5177 1460 5216 esse
1492 5162 1836 5232 Mopsuestia:
1879 5163 1932 5216 in
1965 5161 2051 5216 Ci-

469 5255 616 5317 licia,
654 5268 762 5322 quo
807 5268 1020 5307 sacrum
1069 5269 1268 5323 corpus
1299 5263 1414 5308 erat
1448 5255 1705 5307 delatum.
1741 5253 1904 5307 Addit
1956 5253 2051 5306 de-

474 5347 601 5400 inde
630 5345 823 5398 Petrus
851 5346 920 5400 dc
965 5346 1290 5400 Natalibus:
1331 5364 1349 5395 ι
1383 5347 1513 5398 Post
1546 5345 1807 5414 temporis
1857 5343 2054 5397 decur-

472 5455 591 5492 sum
620 5453 820 5508 corpus
869 5438 1046 5506 ipsum
1082 5436 1339 5491 Venetias
1394 5438 1742 5501 translatum,
1772 5436 2053 5502 quiescere

470 5535 671 5587 dicitur
708 5533 761 5585 in
788 5531 1019 5585 ecclesia
1056 5529 1113 5582 S.
1147 5529 1374 5583 Nicolai.
1410 5549 1429 5580 υ
1472 5528 1542 5580 De
1579 5541 1807 5596 corpore
1838 5525 2040 5579 ibidem

471 5633 688 5678 servato
726 5622 1048 5690 astipulatur
1082 5620 1334 5675 Nicotaus
1396 5618 1634 5688 Doglioni
1687 5617 1742 5670 in
1789 5614 2051 5684 opusculo

476 5715 661 5769 Italico
698 5714 759 5766 de
779 5712 1113 5766 Notabilibus
1144 5712 1285 5764 urbis
1329 5711 1532 5764 Venetae
1561 5709 1655 5763 lib.
1687 5724 1723 5763 ιι
1758 5723 1878 5778 pag.
1912 5707 2048 5771 545;

481 5807 558 5857 uti
591 5815 642 5859 et
681 5807 998 5874 opusculum
1043 5804 1294 5860 Latinum
1327 5805 1388 5860 de
1429 5806 1559 5862 Urbe
1615 5803 1833 5867 Veneta,
1900 5801 2043 5871 quod

2153 4609 2325 4664 rabia.
2367 4607 2500 4661 Nam
2536 4602 2972 4672 persecutionem
3021 4611 3210 4654 contra
3245 4601 3589 4655 Christianos
3623 4615 3750 4654 mo-

2153 4704 2232 4758 vit
2272 4698 2658 4759 Athanaricus,
2713 4693 3028 4763 priusquam
3072 4691 3235 4747 Gothi
3287 4691 3483 4746 lstrum
3516 4692 3750 4747 fuerunt

2157 4793 2504 4863 transgressi,
2557 4787 2777 4857 quando
2827 4785 3053 4839 haeresis
3099 4769 3563 4840 Arianaﬂnecdum
3609 4800 3753 4850 prae-

2153 4887 2399 4939 valuerat
2451 4881 2594 4952 apud
2628 4877 2858 4940 Gothos,
2889 4887 2947 4930 ut
2991 4878 3246 4932 observat
3285 4886 3508 4931 sanctus
3553 4876 3749 4946 Augu-

2155 4979 2349 5042 stinus,
2426 4977 2522 5030 lib.
2579 4989 2712 5028 xvm
2750 4969 2819 5024 de
2853 4970 3094 5033 civitate,
3157 4986 3274 5040 cap.
3317 4967 3404 5020 52.
3464 4968 3554 5020 ubi
3628 4967 3752 5021 haec

2155 5069 2389 5124 scribit!
2432 5087 2449 5118 t
2476 5067 2590 5121 Rex
2636 5066 2940 5121 Gothorum
2977 5063 3030 5116 in
3079 5063 3194 5131 ipsa
3235 5059 3430 5115 Gothia
3483 5074 3748 5130 persecu-

2157 5173 2244 5216 tus
2301 5170 2386 5215 est
2437 5159 2782 5215 Christianos
2829 5153 3152 5212 crudelitate
3190 5151 3447 5216 mirabili,
3497 5167 3624 5204 cum
3670 5151 3743 5205 ibi

2155 5268 2263 5307 non
2311 5261 2493 5306 essent
2536 5250 2639 5304 nisi
2671 5247 2959 5310 Catholici,
2999 5260 3229 5314 quorum
3271 5243 3492 5314 plurimi
3538 5252 3747 5312 marty-

2155 5344 2236 5397 rio
2257 5341 2498 5396 coronati
2536 5351 2696 5406 sunt;
2731 5339 2873 5392 sicut
2901 5354 2930 5391 a
2962 5337 3286 5406 quibusdam
3323 5334 3611 5397 fratribus,
3646 5338 3746 5404 qui

2157 5444 2291 5487 tunc
2331 5431 2440 5485 illic
2480 5430 2634 5498 pueri
2705 5429 2946 5492 fuerant,
2985 5437 3041 5480 et
3069 5441 3127 5480 se
3175 5427 3276 5478 ista
3316 5425 3518 5480 vidisse
3547 5427 3748 5479 incun-

2157 5537 2368 5582 ctanter
2396 5522 2846 5581 recordabantur,
2879 5519 3209 5574 audivimus.
3236 5537 3254 5570 ι
3278 5519 3478 5572 Paulus
3495 5520 3749 5580 Orosius,

2155 5618 2257 5672 lib-
2290 5632 2386 5680 vn,
2419 5629 2542 5682 cap.
2574 5611 2664 5676 5‘2,
2690 5612 2757 5665 de
2786 5611 2974 5666 eadem
3009 5609 3390 5679 persecutione
3428 5609 3507 5662 sic
3539 5608 3747 5662 habet:

2162 5726 2180 5760 ‹
2223 5709 2492 5762 Praeterea
2524 5701 2888 5756 Athanaricus
2924 5716 3013 5753 rex
3041 5699 3373 5764 Gothorum,
3402 5699 3746 5753 Christianos

2160 5804 2212 5857 in
2253 5811 2415 5874 gente
2479 5813 2574 5853 sua
2642 5795 3022 5851 crudelissime
3078 5803 3420 5864 persecutus,
3485 5791 3744 5862 plurimos
