4002 6502
233 452 338 518 701

1241 441 1707 513 manarum
1757 451 1822 514 s.
1865 451 2162 515 arcera:
2199 424 2462 519 cortu.

3384 457 3492 518 ’ῖοῈ

231 565 586 623 barbarorum
628 563 700 618 ob
733 558 892 617 ﬁdem
924 559 1239 615 interfectos
1266 562 1334 616 ad
1379 577 1637 616 coronam
1670 577 1818 616 mar—
1842 575 1888 628 Α
1916 567 2100 637 inepto
2130 579 2185 624 et
2211 568 2441 624 ridiculo
2485 569 2673 625 scribit
2701 569 2769 624 de
2803 569 2963 624 rebus
2994 569 3140 637 fidei,
3184 569 3500 640 Gothosque

230 657 352 730 tyrii
401 654 738 720 sublimavit,
780 674 798 706 ι
829 663 936 709 etc.
986 651 1114 707 Hinc
1173 652 1266 707 ille
1301 652 1487 718 refert,
1526 659 1813 723 postquam

224 752 443 806 dixerat
502 746 824 801 Gratianum
895 753 1137 798 creatum
1229 756 1350 798 esse
1403 743 1813 812 imperatorem.

223 844 487 896 Attamen
517 837 648 891 hinc
690 835 878 904 nequit
907 834 1125 898 inferri,
1159 835 1348 888 eodem
1378 848 1524 887 anno
1547 832 1672 896 567,
1701 847 1812 903 quo

223 938 522 992 Gratianus
558 935 733 989 factus
762 942 843 988 est
881 934 1197 1001 imperator,
1243 941 1426 987 natam
1453 947 1574 986 esse
1607 947 1812 1002 perse-

221 1030 538 1094 cntionem;
591 1027 684 1081 sed
744 1026 917 1080 solum
980 1033 1217 1094 coeptam
1272 1038 1382 1076 non
1448 1037 1568 1077 esse
1623 1023 1809 1076 multis

219 1121 383 1175 annis
431 1118 609 1174 serius
641 1135 654 1171 :
691 1115 915 1170 Orosius
945 1115 1090 1169 enim
1142 1113 1353 1184 singula
1394 1128 1502 1166 non
1538 1113 1705 1167 refert
1738 1114 1806 1167 ad

219 1226 401 1266 annos
434 1209 851 1264 determinatos.
903 1207 982 1262 Ex
1012 1206 1243 1259 laudatis
1279 1213 1404 1258 ante
1438 1204 1608 1258 sancti
1652 1203 1812 1259 Sabte

220 1303 374 1356 Actis
422 1309 635 1356 eertum
709 1308 813 1364 est,
865 1296 1302 1366 persecutionem
1368 1296 1604 1364 viguisse
1663 1309 1810 1349 anno

224 1394 347 1456 372,
380 1402 434 1446 et
462 1393 575 1461 jam
633 1400 796 1445 antea
851 1389 1020 1444 fuisse
1080 1399 1339 1459 coeptam.
1401 1387 1512 1442 flae
1545 1388 1612 1442 de
1645 1403 1806 1441 causa

231 1479 543 1548 martyrium
593 1478 765 1532 sancti
814 1477 1020 1532 Nicetaa
1090 1477 1239 1532 circa
1291 1476 1543 1532 eumdem
1599 1490 1803 1530 annum

227 1569 326 1624 572
356 1568 632 1639 figendum
667 1569 879 1623 censui.

291 1660 381 1715 Vl.
437 1659 666 1715 Occasio
707 1658 1105 1730 persecutionis
1148 1660 1202 1714 in
1251 1659 1404 1714 Actis
1441 1660 1710 1730 repetitur
1739 1674 1806 1714 ex

215 1752 559 1808 dissentient:
607 1751 934 1816 Gothorum,
982 1759 1038 1806 et
1072 1752 1236 1816 bello,
1283 1752 1426 1821 quod
1459 1762 1640 1805 ortum
1671 1751 1810 1806 dici-

216 1857 306 1900 tur
359 1846 506 1900 inter
539 1845 814 1915 principes
836 1846 1064 1900 duarum
1117 1845 1372 1915 partium,
1410 1844 1804 1916 Phritigernem

1913 661 2025 731 jam
2068 668 2196 715 tunc
2225 661 2455 715 Arianos
2497 660 2646 723 facit,
2678 661 2806 730 quia
2842 676 2951 715 non
2994 662 3166 716 multo
3201 672 3322 732 post
3350 663 3496 718 illam

1920 753 2172 808 hatresim
2241 761 2371 806 sunt
2433 752 2662 819 amplexi
2710 769 2727 809 :
2772 760 2832 805 ut
2882 761 3066 807 narrat
3121 754 3500 810 Theodoretus

1918 858 2042 896 mox
2073 841 2396 907 laudandus,
2431 841 2522 910 qni
2571 841 2625 895 id
2661 841 2892 910 Ulphila:
2919 842 3220 896 Gothorum
3257 843 3495 912 episcopi

1918 933 2156 1000 perfidia:
2174 933 2441 987 attribuit.
2463 932 2592 998 Qua:
2613 941 2794 986 autem
2824 932 3200 986 Theodoretus
3215 934 3280 987 de
3309 932 3498 1003 Ulphi-

1915 1019 1982 1074 l.-e
2018 1021 2372 1090 perversione
2407 1029 2694 1085 memorat,
2744 1021 2901 1089 longe
2937 1021 3304 1088 probabiliora
3338 1031 3492 1088 sunt,

1916 1129 2076 1183 quam
2107 1129 2227 1183 qua:
2257 1113 2323 1167 de
2347 1112 2537 1167 eodem
2569 1112 2786 1180 scripsit
2825 1110 3214 1182 Philostorgius
3238 1112 3492 1165 Arianus.

1918 1205 2053 1259 Nam
2095 1219 2218 1257 eum
2271 1204 2339 1258 ab
2391 1203 2629 1257 Eusebio
2677 1202 2936 1272 episeopo
2990 1202 3491 1270 (Nicomediensem

1917 1295 2200 1349 insinuans
2241 1294 2496 1348 Arianum
2530 1297 2546 1359 )
2588 1294 2756 1348 fuisse
2819 1294 3154 1357 ordinatum,
3187 1294 3491 1350 Philostor-

1916 1386 2036 1458 gius
2086 1387 2182 1449 ait,
2238 1401 2391 1439 «eum
2421 1402 2449 1439 a
2495 1400 2642 1459 rege,
2690 1387 2782 1454 qui
2823 1395 2951 1440 tunc
2996 1386 3190 1440 Gothis
3239 1396 3488 1455 praeerat,

1915 1477 2123 1546 legatus
2156 1491 2259 1530 una
2316 1491 2440 1531 cum
2472 1477 2594 1531 aliis
2623 1476 2690 1530 ad
2741 1477 3124 1545 imperatorem
3172 1478 3490 1533 Constanti-

1916 1583 2044 1623 num
2097 1569 2294 1623 missus
2342 1579 2506 1623 esset.
2548 1587 2566 1620 ι
2617 1569 2989 1638 lmprobabilia
3025 1569 3140 1622 haec
3175 1579 3321 1634 sunt,
3363 1571 3489 1638 quia

1919 1659 1999 1713 sic
2047 1657 2260 1727 Ulphila
2307 1657 2592 1711 ordinatus
2621 1663 2768 1711 esset
2798 1665 2923 1709 ante
2959 1665 3187 1711 mortem
3224 1658 3492 1710 Constan-

1917 1752 2038 1815 tini,
2095 1766 2242 1804 anno
2294 1751 2396 1804 337
2455 1748 2721 1809 defuncti.
2773 1756 2827 1802 ει
2875 1748 3094 1816 quidem
3141 1749 3208 1802 ab
3252 1749 3486 1803 Eusebio

1915 1842 2312 1897 Nicomediensi
2340 1841 2564 1896 Ariano.
2592 1841 2660 1894 At
2689 1855 2792 1894 nec
2823 1840 3114 1894 verisimile
3149 1849 3254 1902 est,
3290 1841 3487 1910 Ulphi-

217 1939 476 1993 videlicet
506 1949 558 1992 et
612 1939 1024 1994 Athanaricum.
1061 1937 1116 1993 Si
1162 1939 1313 1994 Actis
1339 1939 1666 1994 credendum
1710 1941 1800 2003 sit,
1835 1906 1881 1964 Β
1910 1937 2014 1989 lam
2051 1944 2159 1989 tam
2184 1937 2294 1990 cito
2327 1935 2495 1990 fuisse
2524 1937 2860 2003 episcopum,
2894 1942 2986 1986 aut
3027 1932 3333 1985 ordinatum
3365 1945 3488 1985 esse

216 2033 590 2102 l‘hritfgernes
622 2030 724 2085 fuit
780 2032 1016 2100 primum
1065 2030 1241 2086 victus
1301 2031 1367 2086 ab
1434 2031 1800 2098 Athanarieo;

210 2121 308 2176 sed
340 2134 553 2192 postea,
604 2120 808 2176 foedere
853 2120 991 2174 inito
1019 2135 1143 2175 cum
1182 2121 1424 2187 Valente,
1485 2122 1643 2191 hujus
1673 2123 1802 2175 sub-

213 2215 354 2268 sidio
387 2215 581 2268 vietor.
621 2212 829 2268 Similia
861 2213 1026 2268 habet
1052 2212 1409 2278 Sozomcnus,
1446 2212 1539 2268 lib.
1570 2230 1644 2267 vr.
1678 2229 1799 2283 cap.

211 2307 301 2368 37,
334 2307 409 2358 ita
460 2303 704 2358 scribens
743 2321 756 2356 :
800 2322 818 2354 ι
863 2301 1014 2357 Haud
1056 2303 1226 2357 multo
1284 2313 1426 2373 post,
1486 2312 1604 2356 orta
1659 2303 1802 2356 inter

209 2414 305 2453 eos
331 2398 350 2466 (
373 2396 604 2464 Gothos)
639 2397 929 2461 seditione,
962 2397 1099 2450 duas
1130 2396 1184 2450 in
1219 2407 1401 2466 partes
1438 2396 1598 2450 divisi
1628 2407 1794 2451 sunt:

205 2505 443 2559 quarum
498 2489 654 2542 alteri
688 2489 1078 2552 Athanaricus,
1121 2487 1275 2541 alteri
1317 2497 1546 2556 praeerat
1593 2487 1798 2542 Phriti-

206 2598 437 2652 gemes.
499 2583 643 2648 Mox,
679 2581 972 2636 commisso
1011 2581 1154 2634 inter
1212 2595 1306 2634 eos
1358 2580 1563 2650 prmlio,
1624 2581 1799 2634 victus

203 2673 612 2743 Phritigernes,
687 2670 1055 2727 Romanorum
1123 2672 1382 2725 auxilium
1465 2672 1794 2741 imploravit,

204 2761 364 2826 Quod
406 2762 865 2830 cunritnperator
903 2761 1283 2825 concessisset,
1326 2760 1686 2830 jussbsetque
1735 2772 1796 2816 tit

204 2851 430 2916 milites,
468 2851 557 2920 qui
589 2851 642 2905 in
686 2850 918 2904 Thracia
968 2864 1145 2916 erant,
1179 2853 1227 2906 ei
1269 2853 1526 2906 auxilium
1562 2852 1792 2916 ferrent,

203 2943 388 2996 denuo
426 2957 776 3012 congressus,
808 2943 1089 2996 victoriam
1126 2944 1330 3008 retulit,
1365 2953 1419 2997 et
1469 2944 1788 3000 Athanariri

205 3034 397 3101 copias
454 3031 510 3086 in
569 3031 750 3103 fugam
815 3034 996 3086 vertit.
1061 3035 1382 3087 illactenus
1437 3033 1792 3099 Sozomenus,

199 3125 414 3178 addens
439 3139 504 3178 ea
532 3124 836 3188 occasione,
868 3123 1262 3194 Phritigernem
1295 3140 1416 3178 eum
1437 3124 1648 3194 [lphila
1676 3125 1795 3194 cpio

198 3229 226 3268 ς
244 3231 373 3284 :opo
397 3230 458 3269 ac
483 3215 713 3269 subditis
733 3217 844 3269 suis
862 3234 889 3268 a
915 3213 1133 3268 Valente
1157 3215 1223 3268 ad
1249 3215 1505 3270 Arianam
1531 3217 1783 3271 hmresim
1816 3247 1859 3307 ο

198 3309 540 3362 traductum.
585 3306 782 3360 Verum
817 3307 1050 3376 scriptor
1081 3307 1169 3360 ille
1213 3307 1327 3360 haec
1357 3307 1537 3359 omnia
1572 3322 1780 3361 memo-

197 3405 284 3450 rat
317 3405 445 3466 post
497 3395 682 3463 pulsos
715 3395 783 3448 ab
816 3393 1028 3448 llunnis
1069 3409 1100 3448 e
1130 3395 1351 3450 sedibus
1397 3397 1511 3451 suis
1552 3396 1780 3462 Gothos,

196 3489 288 3559 qui
327 3503 359 3540 a
397 3487 620 3540 Valente
650 3487 851 3556 recepti
885 3495 1011 3540 sunt
1041 3486 1093 3539 in
1130 3485 1382 3541 Thracia.

272 3575 392 3629 VII.
457 3577 530 3628 At
567 3575 875 3644 persecutio
926 3575 1244 3630 Athanariei
1309 3575 1499 3639 saaviit,
1564 3576 1781 3644 quando

197 3667 362 3722 Gothi
423 3682 617 3721 omnes
669 3667 806 3720 ultra
865 3669 1062 3721 Istrum
1113 3667 1402 3738 degebant,
1451 3677 1507 3721 ut
1559 3677 1779 3723 sanctus

194 3760 542 3831 Augustinus
582 3775 704 3812 mox
749 3759 998 3813 laudatus
1050 3767 1297 3824 testatur,
1330 3759 1492 3829 idque
1521 3759 1683 3812 etiam
1719 3760 1782 3812 li-

192 3863 330 3923 quet
366 3868 433 3905 ex
468 3860 712 3921 tempore
764 3851 1159 3921 persecutionis
1205 3868 1301 3922 per
1353 3851 1601 3906 Orosium
1642 3853 1780 3906 assi-

192 3955 391 4016 gnato.
410 3944 673 3998 Praeterea
696 3953 918 3999 sanctus
947 3943 1303 4014 Epiphanius,
1329 3944 1419 4013 qui
1442 3959 1508 3998 eo
1536 3952 1779 4011 tempore

187 4035 447 4096 florebat,
485 4053 650 4107 agens
692 4037 760 4092 de
811 4037 1116 4091 vehementi
1155 4038 1243 4091 illa
1293 4046 1673 4106 persecutione
1723 4039 1776 4090 in

188 4126 400 4182 laresi
430 4128 499 4182 70
528 4128 923 4188 Audianorum.
958 4145 1078 4199 cap.
1116 4130 1202 4195 13,
1239 4130 1312 4184 ait
1348 4148 1366 4180 ‹
1402 4130 1770 4184 Romanorum

189 4221 502 4290 praesertim
528 4221 652 4275 odio
681 4241 700 4274 ι
735 4237 764 4274 a
795 4237 921 4290 rege
951 4221 1249 4276 Gothorum
1277 4231 1604 4276 commotam
1632 4237 1778 4289 esse,

192 4331 213 4365 ι
242 4311 395 4384 quod
437 4311 713 4368 Romanos
747 4313 1100 4382 imperatores
1150 4313 1489 4368 Christianos
1539 4330 1660 4369 esse
1699 4315 1779 4368 vi-

187 4404 374 4458 deret.
416 4421 435 4453 ι
475 4403 663 4473 itaque
717 4405 1014 4458 verendum
1050 4411 1154 4468 est,
1212 4418 1282 4459 ne
1330 4404 1512 4474 aliqua
1569 4413 1675 4459 tam
1718 4404 1774 4458 in

186 4495 348 4549 Actis
380 4509 539 4563 quam
566 4495 709 4564 apud
744 4495 1108 4555 Sozomenum
1139 4499 1209 4550 sit
1238 4497 1502 4562 confusio,
1539 4496 1774 4565 indeque

186 4600 490 4656 perperam
511 4587 779 4656 assignata
809 4588 1200 4656 persecutionis
1223 4604 1407 4642 causa.
1439 4587 1576 4642 Nam
1609 4589 1781 4642 Athao

186 4679 425 4733 narieus
463 4687 590 4733 ante
643 4680 1082 4749 persecutionem
1116 4691 1304 4734 contra
1346 4679 1624 4735 Valentem
1662 4695 1782 4750 ges-

187 4771 263 4824 sit
282 4770 513 4831 bellum,
535 4770 604 4824 ab
623 4786 796 4840 eoque
818 4771 991 4826 vietus
1013 4784 1095 4826 est
1119 4788 1262 4826 anno
1279 4767 1424 4838 ⁸569,
1455 4773 1599 4827 circa
1619 4788 1779 4840 quem

187 4864 454 4919 inchoata
508 4874 590 4918 est
635 4866 963 4934 persecutio,
1010 4865 1192 4920 forsan
1236 4865 1398 4919 simul
1455 4881 1519 4921 ae
1554 4863 1778 4928 Valens,

184 4957 404 5011 sancita
442 4972 594 5026 pace,
628 4972 752 5012 cum
788 4957 1027 5011 exercitu
1061 4956 1307 5010 Romano
1337 4965 1658 5011 recesserat.
1696 4957 1778 5008 An

183 5064 322 5102 vero
376 5048 540 5102 etiam
581 5059 709 5104 ante
757 5048 806 5102 id
859 5059 1074 5118 tempus
1097 5049 1473 5116 Phritigernes
1525 5057 1579 5101 et
1611 5045 1780 5098 Atha-

186 5141 420 5194 naricus
473 5141 615 5194 bello
668 5143 1016 5202 certaverint.
1070 5158 1179 5196 non
1233 5143 1372 5197 adeo
1408 5149 1616 5196 certum
1668 5147 1774 5202 est,

187 5231 315 5286 licet
353 5231 460 5285 hoc
505 5231 667 5287 etiam
709 5233 908 5287 habeat
933 5232 1205 5300 Socrates,
1236 5233 1327 5288 lib.
1369 5250 1442 5296 tv,
1469 5247 1588 5300 cap.
1622 5232 1713 5287 55.

259 5317 407 5373 Vlll.
469 5319 746 5390 Quidquid
809 5324 901 5388 sit,
963 5336 1178 5379 constat
1239 5324 1307 5379 de
1355 5323 1774 5393 persecutione;

188 5421 519 5481 constatque
583 5413 831 5479 ulterius,
895 5431 1014 5470 eam
1069 5417 1240 5473 fuisse
1293 5428 1514 5479 motam,
1556 5416 1773 5486 quando

189 5503 357 5559 Gethi
396 5515 552 5559 erant
600 5507 880 5572 catholici,
925 5518 984 5563 ut
1018 5511 1273 5565 observat
1309 5521 1532 5565 sanctus
1587 5512 1769 5577 Augu-

192 5597 402 5658 stinus,
452 5605 510 5651 et
543 5597 713 5667 liquet
759 5616 824 5653 ex
870 5610 1111 5672 tempore
1155 5619 1264 5673 quo
1302 5604 1369 5657 ad
1401 5602 1768 5656 Arianismum

191 5687 426 5744 traducti
478 5699 606 5743 sunt
645 5687 832 5745 Gothi.
875 5690 1133 5748 Socrates
1180 5694 1402 5761 quidem
1439 5692 1668 5756 Gothos,
1701 5691 1770 5744 ab

193 5780 524 5835 Athanarico
561 5781 790 5846 occisos,
827 5784 989 5839 simul
1022 5795 1078 5840 et
1112 5785 1342 5840 Arianos
1387 5786 1516 5841 facit
1545 5795 1600 5838 et
1629 5785 1769 5839 Mar-

191 5879 334 5941 tyres
379 5886 391 5926 :
435 5870 529 5926 sed
576 5873 806 5944 scriptor
878 5876 968 5932 ille
1020 5878 1331 5947 frequenter
1383 5881 1544 5936 iiiodo
1604 5881 1764 5950 plant:

1915 2039 2164 2098 tempore
2223 2027 2569 2083 Constantini
2624 2026 2690 2080 ab
2743 2026 2967 2080 homine.
3013 2025 3232 2084 Ariano.
3269 2021 3488 2091 quando

1905 2121 2570 2189 Constantinopolitanam
2623 2117 2810 2172 sedem
2841 2117 3126 2171 obtinebat
3155 2115 3211 2169 S.
3243 2116 3483 2170 Alexan-

1902 2213 2000 2267 der
2051 2210 2411 2266 Constantino
2475 2210 2772 2282 gratiosus.
2849 2209 3035 2277 Itaque
3085 2207 3338 2276 figmenta
3397 2206 3484 2260 illa

1903 2313 2031 2360 sunt
2086 2303 2456 2372 Philostorgii,
2512 2303 2566 2356 in
2618 2302 2842 2373 gratiam
2903 2301 3223 2354 Arianorum
3262 2314 3483 2352 suorum

1899 2410 2005 2450 non
2026 2410 2148 2448 raro
2169 2395 2296 2448 falsa
2320 2393 2628 2447 scribentis.
2644 2391 2811 2446 Valde
2828 2391 2986 2444 etiam
3005 2391 3294 2455 incertum,
3314 2399 3367 2443 et
3385 2390 3483 2444 mi-

1898 2502 2000 2540 nus
2033 2485 2312 2555 probabile
2341 2493 2444 2547 est,
2468 2484 2612 2553 quod
2643 2483 2829 2538 scribit
2857 2483 2924 2536 de
2960 2482 3172 2550 Ulphila
3203 2481 3480 2547 Socrates,

1899 2577 1992 2631 lib.
2021 2584 2082 2641 it,
2113 2593 2231 2646 cap.
2265 2577 2356 2641 41,
2385 2591 2510 2630 eum
2542 2575 2713 2629 fuisse
2744 2575 2796 2626 in
2829 2575 3060 2628 concilio
3090 2573 3480 2628 Constantino-

1898 2670 2140 2738 politano
2168 2683 2313 2722 anno
2365 2668 2489 2731 360,
2525 2667 2616 2721 ubi
2671 2667 2852 2720 Ariani
2885 2681 3079 2719 novam
3114 2666 3479 2720 condiderunt

1897 2761 2020 2814 fidei
2052 2759 2361 2823 formulam,
2397 2759 2485 2812 eui
2520 2758 2736 2827 Ulphila
2767 2767 2895 2812 tunc
2917 2757 3300 2811 consensisset.
3332 2757 3480 2810 Idem

1899 2863 2078 2906 tamen
2141 2852 2304 2905 habet
2351 2849 2717 2908 Sozomenus.
2748 2849 2841 2901 lib.
2873 2865 2945 2912 tv,
2979 2864 3098 2918 cap.
3153 2849 3245 2902 24.
3281 2849 3350 2900 At
3383 2848 3476 2902 hic

1897 2942 1992 2998 lib.
2025 2959 2098 3003 γι,
2129 2957 2248 3012 cap,
2274 2941 2362 3001 37,
2394 2941 2692 3003 existimat,
2730 2939 3106 3009 imprudenter
3153 2939 3355 2992 factum
3406 2939 3475 2993 ab

1899 3032 2146 3101 Ulphila,
2196 3033 2286 3102 qui
2346 3031 2544 3101 inquit,
2586 3051 2603 3079 σ
2638 3047 2759 3084 cum
2811 3031 3080 3100 episcopis
3131 3030 3474 3084 Nicatnorum

1895 3125 2115 3179 Patrum
2175 3127 2391 3179 decreta
2442 3125 2778 3180 sectantibus
2830 3126 3239 3180 communicare
3286 3139 3476 3195 perse-

1896 3219 2124 3272 veravit.

1965 3306 2056 3361 lx.
2097 3306 2368 3376 Quidquid
2399 3322 2560 3376 porro
2597 3307 2668 3360 sit
2705 3307 2772 3362 de
2815 3306 2973 3360 factis
3002 3305 3209 3375 aliquot
3239 3305 3479 3375 particu-

1893 3397 2099 3452 laribus
2131 3399 2384 3467 Ulphilie,
2425 3414 2454 3451 a
2506 3398 2703 3468 quibus
2735 3399 2866 3452 fides
2899 3397 3198 3452 Gothorum
3229 3413 3334 3451 non
3368 3397 3468 3452 de-

1891 3491 2086 3561 pendet
2107 3505 2122 3555 ;
2142 3490 2594 3554 eonstatGothos,
2619 3493 2709 3545 diu
2740 3503 2867 3544 ante
2886 3500 3096 3560 tempus
3127 3491 3195 3544 de
3218 3505 3326 3559 quo
3355 3489 3472 3562 agi-

1894 3595 2000 3647 tur,
2047 3583 2212 3637 fuisse
2250 3597 2561 3647 conversos,
2614 3598 2677 3637 ac
2723 3583 3022 3637 Gothorum
3060 3583 3458 3652 metropolitam

1891 3673 2250 3746 Theophilum
2273 3680 2323 3730 in
2342 3677 2564 3730 consilio
2580 3674 2794 3730 Nicaeno
2811 3676 2977 3730 fuiSse
2995 3690 3137 3730 anno
3157 3675 3472 3744 525Jtaque

1891 3768 2052 3823 Gothi
2082 3770 2284 3823 dudum
2321 3769 2614 3823 Christiani
2648 3778 2804 3822 erant
2834 3778 2889 3821 et
2918 3768 3221 3830 Catholici;
3277 3768 3370 3822 sed
3401 3768 3470 3822 ad

1894 3862 2174 3931 perfidiam
2210 3861 2439 3915 traducti
2470 3869 2598 3914 sunt
2624 3877 2652 3913 a
2683 3861 2910 3915 Valente
2937 3861 3078 3914 circa
3111 3876 3311 3914 annum
3342 3859 3466 3925 576,

1887 3952 2103 4020 quando
2145 3952 2283 4019 pulsi
2329 3952 2397 4006 ab
2448 3951 2683 4015 llunnis,
2746 3951 3042 4020 petierunt,
3080 3959 3138 4005 ut
3175 3952 3332 4006 sedes
3367 3951 3468 4008 sibi

1888 4041 2053 4115 figere
2083 4045 2274 4098 liceret
2313 4044 2454 4097 intra
2491 4045 2690 4099 limites
2728 4045 2954 4098 Romani
2995 4043 3232 4112 imperii.
3279 4044 3472 4098 Obser-

1888 4148 1978 4192 vat
2011 4138 2111 4192 hoc
2143 4137 2504 4200 Suzomenus,
2538 4137 2629 4206 qui
2666 4138 2802 4190 alias
2837 4137 3114 4190 Socratem
3154 4137 3352 4205 passim
3387 4136 3469 4190 ni-

1891 4231 1993 4283 tuis
2034 4241 2311 4300 sequitur;
2371 4231 2628 4298 additque
2675 4231 2741 4284 de
2772 4235 3033 4299 episcopo
3073 4228 3373 4284 Gothorum
3406 4229 3462 4282 in

1886 4319 2357 4374 confirmationem
2414 4321 2696 4390 sequentia
2751 4321 2943 4376 verba.
3003 4319 3184 4374 «Nam
3220 4319 3462 4389 Ulphila,

1885 4411 1979 4482 qui
2019 4420 2148 4467 tunc
2177 4413 2321 4481 apud
2359 4413 2506 4481 ipsos
2550 4423 2665 4468 erat
2703 4413 3011 4482 episeOpus,
3048 4412 3202 4466 initio
3235 4412 3452 4481 quidem

1885 4506 2032 4558 nulla
2083 4506 2136 4559 in
2187 4511 2341 4575 parte
2373 4506 2640 4561 dissensit
2691 4508 2758 4560 ab
2802 4505 3042 4560 Eoi-lesia
3079 4505 3382 4560 Catholica.
3439 4524 3458 4558 ι

1817 4599 1855 4651 ι)
1890 4596 2006 4650 Mox
2042 4599 2244 4660 subdit,
2299 4597 2590 4665 Ulphilam,
2640 4598 2730 4666 qui
2763 4613 2792 4651 a
2825 4596 3018 4651 Gothis
3064 4598 3128 4651 ad
3178 4597 3458 4651 Valentem

1886 4687 2095 4757 legatus
2133 4700 2249 4742 erat
2297 4688 2517 4751 missus,
2557 4688 2841 4756 promissis
2886 4691 3212 4742 Arianorum
3246 4690 3462 4760 episco-

1885 4799 2075 4852 porum
2109 4798 2229 4836 esse
2269 4791 2608 4851 corruptum.

1951 4875 2020 4926 Χ.
2055 4872 2254 4926 Verum
2287 4873 2575 4926 audiamus
2606 4869 3033 4931 Theodoretum.
3078 4874 3146 4927 de
3190 4871 3275 4926 his
3318 4873 3460 4928 scri-

1881 4965 2123 5028 bentem,
2154 4964 2246 5017 lib.
2279 4981 2350 5023 tv.
2381 4979 2502 5034 cap.
2527 4965 2613 5022 57.
2645 4964 2738 5018 ubi
2776 4964 2854 5019 sic
2887 4964 3046 5017 habet
3077 4980 3090 5016 :
3126 4983 3145 5015 ε
3169 4963 3288 5029 Quo
3317 4974 3456 5018 tem-

1880 5070 2012 5124 pore
2041 5055 2201 5110 Gothi
2239 5055 2434 5109 Istrum
2471 5055 2821 5124 trajicientes,
2859 5056 3035 5110 fcedus
3063 5071 3185 5108 ettm
3224 5056 3452 5109 Valente

1879 5156 2285 5216 percusserunt,
2327 5147 2722 5201 abominandus
2764 5147 2852 5200 ille
2887 5146 3165 5199 Eudoxius
3208 5144 3453 5214 (verisi-

1879 5235 2080 5288 militer
2131 5236 2411 5306 legendum
2452 5235 2707 5299 Euzoius,
2749 5238 2842 5305 qui
2879 5235 3202 5290 Arianorum
3238 5235 3453 5304 episeo-

1878 5341 1978 5395 pus
2018 5335 2134 5381 erat
2180 5327 2504 5391 Antiotrhiae,
2551 5329 2642 5383 ubi
2696 5338 2825 5383 tunc
2870 5327 3056 5381 valens
3083 5328 3310 5399 degebat
3334 5327 3451 5395 )qui

1878 5428 2008 5472 tunc
2042 5419 2252 5480 aderat.
2307 5421 2571 5489 suggessit
2627 5421 2962 5488 imperatori.
3013 5421 3448 5490 persuadendutn

1874 5525 1994 5565 esse
2019 5510 2230 5573 Gothis,
2252 5521 2311 5566 ut
2330 5527 2452 5565 cum
2478 5511 2597 5581 ipso
2640 5515 3128 5568 tommuniearent.
3166 5515 3296 5568 Nam
3321 5528 3447 5568 eum

1874 5604 1967 5658 diu
2005 5615 2162 5658 antea
2187 5603 2385 5658 divina:
2416 5606 2741 5673 eogv‘ionis
2768 5609 2933 5661 radiis
2962 5607 3212 5660 illustrati
3241 5618 3445 5672 essent,

1874 5695 1927 5748 in
1941 5695 2233 5765 apostolica
2256 5696 2500 5751 doctrin:
2517 5712 2734 5767 semper
2755 5697 2970 5752 fuerant
2995 5698 3266 5752 innutriti.
3283 5697 3444 5767 Quip-

1873 5804 1958 5857 pe,
1977 5789 2153 5842 aiebat
2169 5789 2466 5847 Eudoxius.
2481 5791 2643 5845 unius
2654 5791 2920 5867 dogmatis
2930 5793 3238 5848 communio
3254 5807 3442 5861 pacem

1874 5880 2163 5936 firmiorem
2199 5879 2409 5936 efficiet.
2451 5880 2604 5947 Quod
2639 5884 2926 5938 consilium
2950 5900 3070 5939 eum
3093 5883 3441 5954 approbasset
