4002 6430
511 375 620 437 703

1753 378 2040 439 MENSIS
2074 375 2551 438 SEPTEMBER.

3666 360 3765 425 ’1οι

513 494 729 556 Valens,
765 491 1118 561 optimatibus
1137 492 1440 550 Gothorum
1467 498 1770 566 proposuit,
1800 508 1860 554 ut
1902 499 1955 553 in
1990 499 2090 554 do-
2123 509 2172 564 Α.
2197 504 2322 550 nata
2352 504 2456 560 est,
2489 508 2650 564 quam
2691 508 2757 547 ex
2789 488 2907 546 solo
2957 483 3340 557 Metaphrastis
3372 483 3635 538 nomine:
3663 496 3766 536 non

510 585 685 639 ctrina
700 582 826 639 ﬁdei
843 599 963 638 cum
984 583 1101 653 ipso
1119 586 1590 644 consentirent.At
1605 589 1676 642 illi
1691 591 2093 659 reSpondcrunt

513 691 809 743 numquam
844 690 902 729 se
951 677 1143 731 adduci
1180 693 1363 747 posse,
1394 688 1455 733 ut
1499 694 1528 733 a
1561 681 1827 750 majorum
1867 696 2091 736 suorum

511 770 756 824 doctrina
790 769 1150 824 discederent.
1196 771 1365 824 Porro
1411 787 1474 826 ea
1512 781 1834 841 tempestate
1871 772 2093 840 Ulphila
2137 778 2140 781 '

516 861 682 914 totius
741 860 917 928 gentis
970 872 1088 914 erat
1147 862 1456 931 episcopus,
1513 877 1719 931 magnae
1771 863 1911 929 apud
1973 862 2094 916 illos

443 948 452 955 ’
511 951 872 1012 auctoritatis,
905 964 958 1004 et
1001 952 1157 1016 cuius
1187 953 1346 1007 verba
1382 969 1478 1022 pro
1512 953 1841 1007 ﬁrmissimis
1880 954 2092 1024 legibus

513 1041 806 1095 habebant.
848 1040 1002 1094 Hunc
1061 1042 1338 1096 Eudoxius
1374 1059 1498 1097 cum
1545 1053 1600 1098 et
1651 1043 1832 1098 verbis
1881 1045 2095 1099 demul-

511 1133 694 1192 sisset,
741 1143 792 1186 et
826 1135 1146 1188 muneribus
1199 1135 1478 1194 inexisset.
1530 1152 1596 1190 eo
1627 1136 1859 1206 impulit,
1893 1146 1953 1191 ut
1981 1136 2092 1191 Go-

513 1223 637 1277 thos
679 1224 744 1275 ad
777 1225 1222 1278 communionem
1276 1224 1623 1294 imperatoris
1663 1225 2091 1294 amplectendam

512 1311 826 1366 adduceret.
859 1313 914 1366 ld
935 1323 1115 1366 autem
1171 1315 1461 1382 persuasit,
1511 1331 1634 1370 cum
1686 1316 1920 1378 diceret,
1962 1331 2095 1370 con-

512 1403 811 1456 tentionem
853 1419 918 1456 ex
973 1403 1268 1457 ambitione
1320 1414 1490 1459 ortam
1555 1421 1712 1470 esse;
1782 1407 2092 1481 dogmatutn

513 1507 642 1545 vero
662 1493 866 1546 nullam
888 1509 1006 1547 esse
1029 1493 1475 1562 discrepantiam.
1490 1495 1608 1551 »εἰς
1630 1495 1856 1565 Ulphila:
1871 1495 2094 1565 perﬁdia

511 1586 653 1640 circa
689 1602 893 1641 annum
923 1589 1026 1641 576
1057 1589 1122 1642 ad
1167 1588 1415 1642 haeresim
1457 1588 1705 1657 perducti
1749 1589 1876 1642 sntit
1907 1585 2091 1640 Gothi.

585 1675 680 1733 XI.
715 1677 868 1741 Quod
916 1687 1125 1746 spectat
1163 1679 1229 1732 ad
1260 1678 1390 1731 Acta
1436 1678 1623 1732 Graeva
1653 1679 1824 1733 sancti
1873 1678 2094 1741 Nicetae,

515 1773 789 1820 auctorem
847 1784 908 1821 ea
943 1769 1146 1823 habent
1185 1769 1625 1839 Metaphrastem,
1666 1771 1756 1838 qui
1813 1771 2090 1826 verisimi-

2193 591 2339 646 enim
2377 588 2617 651 invenio,
2649 586 2782 657 quid
2811 598 3142 655 magnopere
3180 581 3469 650 displicere
3507 576 3680 646 possit
3713 577 3767 630 in

2194 679 2342 732 Actis
2369 679 2542 732 sancti
2591 677 2790 732 Niceten
2825 685 3022 744 prmter
3064 673 3244 741 aliqua
3286 671 3352 724 ad
3393 677 3644 724 sanctum
3685 665 3767 721 vir

2193 771 2517 842 spectantia,
2543 780 2598 825 et
2622 769 2969 826 occasionem
2999 764 3404 837 persecutionis
3431 759 3770 825 Athanarici,

2195 862 2470 930 bujusque
2506 871 2694 916 contra
2729 861 3125 930 Phritigernem
3167 857 3391 920 bellum,
3423 854 3568 924 quod
3593 863 3772 906 tamen

2194 954 2355 1007 etiam
2383 954 2584 1007 habent
2626 952 2881 1006 Socrates
2924 960 2980 1005 et
3017 949 3376 1003 Sozomenus.

2243 1046 2342 1100 ΧΠ
2352 1087 2365 1099 .
2388 1047 2636 1099 Fortasse
2651 1043 2865 1104 Valens,
2887 1041 3176 1111 instigante
3192 1039 3555 1108 Phritigerne,
3574 1036 3776 1090 bellum

2194 1146 2382 1191 contra
2401 1136 2787 1190 Athanaricum
2819 1135 3060 1201 suscepit
3087 1150 3102 1186 :
3132 1133 3381 1201 quamvis
3406 1129 3534 1183 illud
3558 1142 3780 1196 quoque

2195 1226 2392 1282 fecisse
2419 1227 2648 1296 legatur,
2682 1225 2807 1294 quia
2841 1225 3208 1278 Athanaricus
3238 1223 3508 1291 Procopio
3540 1233 3777 1290 tyranno

2195 1317 2434 1374 subsidia
2476 1325 2666 1371 contra
2714 1315 2991 1370 Valentem
3040 1315 3280 1368 miserat.
3322 1314 3574 1366 Fortasse
3613 1311 3784 1364 Alba-

2195 1409 2416 1464 naricus
2451 1407 2848 1478 Phritigernem
2869 1422 3154 1479 aggressus
3178 1416 3258 1461 est
3294 1414 3413 1474 post
3438 1417 3626 1473 pacem
3657 1418 3782 1455 cum

2195 1496 2420 1552 Valente
2473 1498 2690 1551 factam.
2751 1497 3026 1564 Quidquid
3061 1496 3154 1560 sit,
3200 1495 3424 1549 dubium
3478 1491 3652 1561 magis
3700 1500 3786 1544 est

2196 1589 2338 1643 istud
2369 1589 2591 1654 bellum,
2621 1603 2779 1658 quam
2815 1597 2965 1643 certo
2999 1586 3268 1641 [ictitiunn
3289 1586 3520 1653 Reliqua
3546 1585 3597 1636 in
3633 1584 3784 1637 Actis

2197 1682 2366 1736 relata
2391 1682 2458 1734 de
2486 1691 2675 1735 sancto
2703 1679 2912 1745 Niceta,
2967 1681 3096 1734 licet
3157 1689 3262 1732 tam
3313 1689 3461 1732 certa
3513 1677 3782 1740 nonsint,

2198 1769 2364 1840 quam’
2411 1769 2549 1824 facta
2593 1770 2662 1824 ab
2712 1778 2936 1823 auctore
2957 1775 3496 1837 comtemporataneo
3553 1767 3782 1834 scripta,

513 1854 636 1908 liter
673 1855 862 1910 habuit
899 1856 1034 1911 Acta
1075 1859 1403 1924 antiquiora,
1435 1876 1556 1928 quae
1594 1861 1660 1914 ad
1691 1861 1886 1932 stylum
1932 1879 2090 1920 suum
2127 1839 2164 1891 Β
2195 1839 2357 1914 modo
2410 1861 2541 1914 satis
2589 1859 2868 1913 verisimili
2914 1868 3041 1914 sunt
3077 1867 3351 1913 enarrata.
3404 1859 3538 1910 Acta
3587 1867 3779 1910 autem

514 1944 770 1998 traduxit.
832 1946 1020 1999 Latine
1069 1948 1215 2002 edita
1268 1959 1397 2002 sunt
1450 1951 1592 2018 apud
1631 1952 1990 2021 Lipomanum
2041 1965 2096 2012 et

2204 1950 2280 2004 illa
2311 1950 2518 2014 Grmca,
2551 1966 2670 2020 quae
2700 1950 2913 2012 eadem,
2940 1950 2991 2002 in
3019 1948 3333 2018 apographo
3367 1959 3552 2002 nOSIro
3582 1956 3790 2000 notan-

515 2032 762 2104 Surium,
794 2037 976 2106 ibique
1011 2039 1360 2107 Metapltrasti
1407 2043 1662 2110 ascripta.
1702 2043 1928 2099 Allatius
1957 2063 2097 2116 quo-

514 2141 621 2195 que
659 2127 713 2181 in
747 2127 1024 2196 Opusculo
1056 2133 1121 2185 de
1163 2131 1478 2186 Simeonum
1527 2134 1767 2203 scriptis,
1813 2153 1936 2208 pag.
1975 2140 2097 2204 19.7,

521 2215 717 2270 horum
763 2219 1021 2273 ActOrum
1053 2220 1144 2274 dat
1185 2219 1424 2286 initium,
1464 2233 1824 2294 aggregatque
1859 2228 2100 2298 catalogo

521 2306 762 2372 illorum,
790 2326 910 2378 quae
947 2311 1332 2381 Metaphrastis
1361 2328 1484 2367 esse
1524 2315 1799 2372 videntur.
1845 2317 2101 2376 Bailletus

516 2396 572 2450 in
613 2400 790 2454 tabula
828 2400 1009 2457 critica
1045 2402 1112 2456 ad
1148 2404 1292 2457 hunc
1323 2403 1467 2458 diem
1509 2405 1787 2470 observat,
1819 2409 1924 2462 alia
1958 2410 2095 2464 olim

518 2491 651 2542 Acta
691 2491 862 2543 sancti
905 2491 1107 2546 Nicetm
1131 2491 1426 2556 exstitisse,
1453 2493 1548 2546 sed
1580 2509 1643 2547 ea
1689 2503 1944 2564 tanquam
1980 2511 2105 2565 per—

519 2578 632 2632 dita
679 2579 865 2634 haberi
924 2597 1103 2650 posse,
1159 2591 1443 2652 postquam
1500 2583 1590 2636 illa
1625 2599 1725 2639 suo
1774 2588 1910 2657 ston
1939 2603 2100 2641 exor-

520 2671 701 2724 nanda
752 2675 989 2741 sust-epit
1036 2676 1457 2745 Metaphrastes.
1505 2674 1706 2732 Verum
1745 2680 1896 2747 justo
1937 2682 2102 2735 vehe-

518 2760 754 2816 mentior
778 2763 993 2818 videtur
1016 2766 1130 2822 haec
1155 2782 1408 2834 censura,
1428 2783 1548 2837 quae
1579 2768 1717 2824 forte
1739 2787 1847 2824 non
1879 2772 2098 2828 aliunde

523 2941 1781 2967 ..ιι-Μ

2199 2050 2288 2094 tttr
2319 2043 2602 2110 desumpta
2657 2057 2722 2096 ex
2767 2042 2954 2095 codice
2985 2055 3088 2094 ms.
3121 2041 3262 2110 regis
3297 2038 3558 2092 Francia}.
3615 2037 3793 2091 luter-

2197 2132 2428 2202 pretatio
2458 2131 2646 2186 Latina
2677 2132 2816 2201 apud
2849 2131 3210 2201 Lipomanum
3248 2138 3303 2185 et
3342 2128 3562 2183 Surium
3596 2128 3796 2182 Graeco

2200 2224 2481 2279 contextui
2554 2223 2874 2293 plerumque
2936 2223 3248 2292 respondet,
3298 2237 3408 2276 non
3479 2228 3666 2274 tamen
3721 2221 3795 2273 ita

2202 2332 2422 2387 semper
2466 2326 2550 2371 est
2599 2326 2872 2380 accurata,
2910 2326 2969 2371 ut
3019 2324 3252 2386 nequeat
3297 2313 3598 2368 emendari.
3655 2310 3796 2366 Nam

2199 2408 2429 2463 subinde
2463 2409 2643 2477 aliqua
2675 2408 2838 2462 verba
2887 2423 3110 2478 prorsus
3154 2406 3344 2461 Latine
3391 2415 3519 2459 sunt
3560 2405 3793 2466 omissa,

2202 2515 2323 2571 quae
2375 2503 2678 2555 secundum
2739 2501 2923 2557 Graeca
2971 2501 3281 2569 adjungam.
3338 2496 3520 2552 Semel
3589 2496 3798 2549 iterum

2199 2594 2478 2663 interpres
2509 2609 2538 2646 a
2583 2609 2708 2648 vero
2743 2609 2910 2648 sensu
2944 2594 3228 2647 aberrasse
3259 2590 3510 2655 videtur;
3558 2589 3804 2658 ideoque

2206 2697 2390 2736 veram
2423 2681 2928 2752 interpretationem
2975 2682 3326 2739 substituam.
3362 2691 3576 2755 seryata
3605 2689 3798 2734 tamen

2205 2775 2429 2845 antiqua
2463 2775 2732 2839 versione,
2779 2775 3106 2845 ubicumque
3140 2774 3415 2830 videbitur
3449 2771 3725 2844 legitima.

1736 3106 2553 3225 ΑΘΔΗΣΙΣ

1968 3324 2104 3380 ΤΟΥ
2149 3327 2355 3381 ΑΠοΥ

948 3490 2558 3629 ΜΕΓΑΛΟΜΑΡΤΥΡΟΣ
2687 3490 3379 3625 ΝΙΚΗΤΑ.

1756 3809 2527 4020 CERTAMEN

2035 4123 2305 4185 SANCTI

448 4316 774 4468 ,ET
974 4307 1589 4472 MAGNI
1785 4313 2781 4526 MARTYRIS
2970 4317 3790 4471 NlCET/E.

598 4786 644 4837 Ι.
689 4773 949 4835 Victricia
1007 4777 1261 4847 martyris
1302 4775 1508 4833 Nicelaz
1557 4778 1718 4832 hodie
1769 4777 2102 4832 celebramus

2283 4782 2361 4834 A'.
2395 4780 2725 4850 Νικητικοῦς
2757 4781 2974 4849 ἀγῶνας
3003 4781 3096 4834 τοῦ
3125 4781 3404 4852 μάρτυρος
3431 4779 3654 4850 Νικήτσ.
3690 4798 3800 4834 πα-

526 4867 842 4934 certamina,
867 4881 979 4920 non
1010 4882 1169 4936 quem
1205 4867 1465 4936 princeps
1504 4868 1879 4937 apostolorum
1914 4867 2109 4922 Petrus

524 4959 748 5022 erudiit,
797 4968 852 5014 et
909 4961 998 5030 qui
1033 4961 1328 5015 Clementis
1368 4959 1467 5016 fuit
1526 4961 1691 5017 frater
1731 4963 1827 5032 (l),
1867 4972 1921 5016 et
1949 4978 2108 5031 quem

524 5048 856 5104 Comtnodus
887 5057 1152 5120 tyrannus
1190 5057 1412 5120 propter
1452 5050 1728 5107 Christum
1782 5053 1931 5107 illato
1977 5067 2110 5106 con-

515 5142 822 5196 summavit
843 5143 1120 5214 martyrio.
1150 5141 1267 5197 Non
1308 5143 1690 5207 convenimus,
1733 5152 1792 5196 ut
1821 5143 1980 5206 huius
2012 5158 2105 5196 ce-

2209 4872 2578 4942 νηγυρίζομεν
2611 4873 2850 4943 σήμερον
2879 4886 2894 4901 ο
2926 4872 3024 4942 οὺχ
3050 4872 3110 4926 ὃν
3147 4874 3175 4925 ὁ
3207 4872 3318 4925 τῶν
3349 4872 3674 4926 ἀποστόλων
3712 4890 3805 4924 κο.

2211 4965 2440 5034 ρυφαῖος
2488 4963 2692 5033 Πέτρος
2742 4963 3186 5034 ἐπαιδαγὼγησε,
3239 4963 3334 5017 καὶ
3381 4965 3620 5036 Κλήμης
3676 4964 3804 5034 ἔσχε

2208 5051 2465 5105 κοινωνὸν
2513 5053 2719 5106 ὠδίνων
2767 5053 2876 5106 τῶν
2930 5054 3232 5126 μητρικῶν,
3280 5051 3440 5125 ῥώμη
3503 5070 3564 5106 τε
3629 5055 3797 5123 «poi;-

2210 5157 2395 5208 νεγκε,
2430 5142 2524 5194 καὶ
2556 5143 2800 5211 Κόμοδος
2832 5144 3113 5214 τυραννῶν
3140 5143 3218 5214 τῷ
3247 5144 3336 5198 διὰ
3364 5143 3602 5214 Χριστὸν
3641 5159 3792 5195 τετε-

527 5229 803 5286 lebremus
845 5231 1146 5286 certamina
1189 5231 1326 5286 :sed
1358 5246 1520 5301 quem
1550 5231 1735 5301 (quod
1781 5230 1845 5285 ad
1891 5230 2102 5285 Iaudem

2204 5230 2400 5285 λεὶωκε
2443 5233 2729 5306 μαρτυρίῳ
2749 5251 2762 5266 ο
2811 5236 2874 5289 οὗ
2905 5235 3096 5289 τούτου
3131 5235 3226 5288 νῦν
3251 5236 3378 5298 τοὺς
3403 5233 3603 5298 ἄθλους
3628 5251 3798 5302 πανησ

601 5433 677 5502 (l)
699 5431 758 5486 In
809 5433 1062 5488 versione
1097 5433 1288 5488 Latina
1323 5433 1516 5502 legitur
1553 5432 1754 5499 sociusf;
1801 5433 1896 5488 sed
1935 5433 2121 5490 Graeca

526 5504 740 5574 phrasis
757 5503 900 5574 clare
933 5504 1151 5559 fratrem
1176 5503 1457 5574 signiﬁcat.
1488 5504 1543 5557 ln
1567 5504 1754 5574 eadem
1781 5503 2031 5574 versione
2057 5504 2122 5558 ad

533 5572 739 5627 nomen
785 5573 1082 5627 Clementis
1125 5574 1341 5628 additur
1371 5591 1386 5628 :
1415 5573 1714 5637 Pontiﬁcis,
1746 5575 1890 5640 quod
1937 5572 2120 5629 Graeca

531 5658 640 5696 non
672 5641 892 5713 habent.
916 5643 976 5698 In
997 5643 1477 5713 Recognitionibus
1507 5642 1564 5696 S.
1601 5643 1894 5713 Clementis
1926 5659 2120 5698 occur-

537 5721 670 5784 runt
693 5711 880 5784 Niceta
913 5722 969 5784 et
1011 5711 1228 5784 Aquila,
1272 5723 1527 5784 tanquam
1555 5713 1611 5767 S.
1635 5711 1934 5784 Clementis
1972 5729 2122 5782 papae

547 5779 758 5839 fratres.
795 5781 864 5838 At
915 5781 1038 5839 libri
1076 5779 1546 5854 'Recognitionum
1601 5779 1987 5840 auctoritatem
2010 5779 2118 5839 non

2226 5434 2457 5504 habent;
2482 5449 2657 5504 nequc
2682 5434 2838 5489 video
2859 5433 3125 5495 Nicetam.
3157 5435 3195 5488 S
3219 5435 3517 5490 Clementis
3541 5434 3793 5500 fratrem,

2225 5505 2278 5558 in
2309 5503 2703 5574 Martyrologiis
2732 5504 2933 5561 Graecis
2956 5516 3044 5559 aut
3079 5505 3286 5560 Latinis
3313 5507 3609 5561 celebrari.
3645 5507 3798 5562 Forte

2221 5584 2410 5629 auctor
2464 5590 2532 5629 ne
2580 5576 2857 5630 insinuare
2916 5576 3136 5645 quidem
3185 5576 3374 5638 voluit,
3432 5576 3598 5629 talem
3654 5575 3795 5632 ullibi

2223 5645 2447 5769 reperliri
2491 5656 2776 5726 sanctum:
2821 5646 2916 5702 sed
2965 5647 3141 5702 solum
3195 5645 3400 5710 dicere,
3469 5645 3537 5700 de
3601 5647 3698 5702 tali
3748 5660 3802 5702 se

2223 5729 2330 5769 non
2389 5730 2536 5769 oout.

2222 5729 2330 5770 non
2370 5729 2536 5786 loqui.
