4002 6484
557 397 663 466 707

1785 383 2074 445 MENSIS
2114 381 2407 442 SEPTEM
2419 383 2586 445 BER.

3717 377 3822 444 “208

557 520 743 560 cessor
770 503 822 556 in
861 515 1088 556 munere
1130 496 1452 569 pontificali,
1506 496 1598 566 qui
1642 509 1768 552 cum
1817 510 1884 550 eo
1928 511 2133 565 quoque

2250 494 2466 567 θεσμῶν
2515 495 2856 566 ἐχρημάτιζε
2896 493 3181 561 Θεοφίλου,
3242 491 3546 563 συμπαρὼν
3570 466 3643 544 'st
3679 491 3824 563 αὐτῷ

515 652 520 658 ,
555 595 760 667 synodo
782 593 1012 648 NEcmnae
1036 589 1358 643 interfuerat
1376 588 1565 642 eadem
1584 589 1847 653 sentiens,
1873 598 1925 644 et
1950 599 2137 659 postea

555 686 878 742 consederat
910 699 1034 738 cum
1075 683 1139 736 iis
1167 682 1260 751 qui
1299 683 1770 752 Constantinopoli
1807 683 1863 737 in
1896 683 2137 738 secunda

553 788 739 833 sancta
782 776 986 845 synodo
1029 775 1246 828 fuerant
1280 774 1614 843 congregati.
1670 774 1769 830 llic
1825 791 1947 830 cum
1992 785 2140 830 esset

551 868 634 922 vir
668 867 906 936 prudens
931 873 986 920 et
1007 865 1222 928 doctus,
1254 866 1466 919 invenit
1499 866 2035 936 liguraslitterarum.
2081 875 2138 920 et

551 972 718 1012 sonos
765 956 1011 1011 Gothicae
1054 957 1169 1009 voci
1217 956 1612 1010 convenientes
1670 965 1918 1010 :etcum
1969 957 2024 1010 in
2055 957 2135 1010 eis

552 1063 761 1103 sacram
790 1057 1032 1102 nostram
1063 1056 1119 1101 et
1145 1047 1404 1100 divinitus
1431 1046 1748 1112 insiiiratam
1783 1045 2127 1115 Scripturam

551 1155 582 1194 e
614 1139 801 1194 Graeca
835 1140 890 1194 in
948 1140 1180 1210 linguam
1215 1138 1496 1192 Gothicam
1531 1138 1803 1203 vertisset,
1840 1139 1988 1192 omni
2015 1148 2134 1193 stu~

550 1229 643 1284 dio
672 1239 726 1283 et
755 1229 1030 1299 diligentia
1061 1229 1261 1291 effecit,
1291 1237 1351 1282 ut
1375 1243 1494 1282 eam
1530 1227 1828 1293 discerent,
1858 1229 1948 1297 qui
1975 1236 2132 1283 erant

551 1334 663 1373 sua:
721 1319 916 1387 gentis.
984 1317 1349 1384 Quamobrem
1409 1333 1664 1388 magnum
1733 1318 2131 1372 incrementum

550 1411 852 1480 accipiebat
877 1411 1051 1479 pietas
1075 1410 1219 1480 apud
1251 1409 1536 1474 Barbaros,
1574 1420 1630 1463 et
1653 1410 1708 1462 in
1733 1409 1851 1463 dies
1875 1408 2126 1478 proficie-

553 1501 664 1556 bat.
716 1503 1085 1555 Athanaricus
1132 1511 1316 1555 autent
1347 1515 1472 1555 cum
1507 1500 1839 1569 procedente
1884 1509 2131 1570 tempore

549 1609 610 1649 se
657 1610 687 1648 a
719 1596 940 1659 damno,
972 1594 1115 1665 quod
1153 1603 1459 1663 acceperat,
1510 1603 1838 1660 recreasset,
1880 1603 1936 1649 et
1964 1596 2017 1648 in
2054 1594 2132 1648 lo-

551 1701 676 1740 cum
713 1686 1002 1755 pristinum
1031 1687 1364 1749 revertisset,
1409 1700 1518 1739 non
1550 1686 1804 1754 pervenit
1846 1694 2026 1739 tamen
2058 1685 2128 1738 ad

554 1776 806 1844 pietatem
841 1794 855 1831 :
888 1775 982 1830 sed
1025 1777 1226 1831 multos
1267 1775 1486 1844 quidem
1517 1792 1582 1831 ex
1617 1775 1948 1830 Christianis
1990 1777 2072 1832 ϐο
2102 1804 2126 1818 ο

2245 589 2414 641 πάλαι
2441 588 2586 640 κατὰ
2615 587 2715 658 τὴν
2745 587 2983 640 Νίκαιαν
3015 586 3109 638 καὶ
3141 586 3207 637 τὰ
3243 585 3334 636 ίσα
3377 583 3624 652 φρονῶν,
3661 585 3814 654 συνή-

2240 679 2467 748 δρευσεν
2515 678 2740 747 ὓστερον
2796 678 2887 729 καὶ
2919 671 3001 738 οἷς
3039 677 3119 728 ὅτ’
3163 676 3219 726 ὲν
3258 677 3829 727 Κωνσταντινουπὸλεο

2241 769 2372 835 άγία
2403 772 2498 822 καὶ
2531 769 2886 839 οἰκουμενικὴ
2915 769 3144 838 δευτέρα
3179 767 3554 837 συνεκροτήθη
3588 767 3828 831 σύνοδος.

2241 857 2411 922 Οὗτος
2439 863 2577 930 ἀνὴρ
2601 862 2781 929 λόγιος
2797 879 2856 912 τε
2885 861 2980 912 καὶ
3011 860 3264 927 νουνεγὴς
3293 858 3391 916 ὢν,
3417 857 3621 919 τύπους
3651 874 3828 927 γραμ-

2246 955 2434 1023 μάτων
2462 955 2556 1006 καὶ
2587 955 2896 1022 ἁπηκὴσεις
2929 952 3110 1004 αὐτῶν
3144 953 3208 1020 τῇ
3241 948 3474 1017 Γοτθικῇ
3501 948 3828 1017 συμϐαίνον-

2241 1063 2338 1108 τας
2377 1047 2566 1116 ἐξεῦρε
2602 1049 2788 1116 φωνῇ·
2837 1043 3049 1106 τούτοις
3078 1060 3137 1095 τε
3181 1044 3282 1109 τὴν
3311 1043 3460 1110 ἱεράν
3495 1040 3654 1110 ήμῶν
3687 1039 3829 1108 Γραο

2240 1137 2346 1208 φὴν
2381 1139 2476 1189 καὶ
2503 1137 2859 1189 θεόπνευστον
2883 1134 2989 1187 ἀπὸ
3028 1133 3127 1202 τῆς
3169 1132 3426 1193 Ἑλλ.δος
3450 1134 3529 1190 εἰς
3565 1131 3664 1197 τὴν
3704 1129 3744 1179 Γ
3748 1145 3831 1179 οτ-

2238 1227 2394 1294 θικὴν
2426 1227 2676 1296 γλῶσσαν
2705 1226 3046 1296 μεταϐαλὼν,
3071 1226 3198 1286 τούς
3223 1222 3515 1292 ὁμοφίλους
3546 1220 3829 1288 ἐκμανθά-

2235 1336 2347 1372 νειν
2408 1321 2558 1390 πάσῃ
2610 1319 2818 1389 σπουδῇ
2880 1315 3281 1387 παρεσκεύασε.
3341 1315 3432 1365 Διὸ
3481 1315 3577 1366 καὶ
3627 1313 3834 1380 μᾶλλον

2235 1411 2463 1464 ὲπεδίδω
2513 1413 2668 1483 παρὰ.
2709 1413 2818 1471 τοῖς
2861 1408 3232 1483 Βαρϐάροιςη
3276 1403 3552 1460 εὐσέϐεια,
3586 1405 3684 1456 καὶ
3731 1405 3828 1454 ἐπὶ

2237 1504 2378 1572 μέγα
2432 1503 2556 1556 καθ’
2623 1504 2864 1570 ἑκάστην
2927 1500 3289 1571 προέκοπτεν.
3354 1495 3716 1564 Ἀθανάριχος
3776 1493 3833 1546 δὲ

2232 1599 2408 1665 χρῡνῳ
2443 1593 2669 1663 ὕστερον
2695 1593 2794 1660 τῆς
2819 1593 2992 1661 ἥττης
3021 1586 3308 1642 ἀναλαϐὼν
3350 1585 3542 1637 ἑαυτὸν
3567 1583 3668 1652 τῆς
3696 1585 3831 1635 ἀσε-

2233 1686 2386 1748 ϐείας
2439 1686 2540 1736 οὐκ
2600 1682 2993 1752 ἀνελάμϐανεν,
3060 1679 3198 1732 ἀλλὰ
3255 1677 3482 1738 πολλοὺς
3547 1677 3648 1744 μὲν
3717 1673 3833 1726 τῶν

2235 1778 2577 1847 Χριστιανῶν
2615 1779 2734 1833 ταῖς
2779 1771 3084 1844 Βαρϐαροις
3120 1771 3214 1824 καὶ
3249 1768 3532 1830 Γοτθικαῖς
3561 1766 3830 1836 βασάνοις

554 1840 711 1919 thicis
739 1876 790 1920 et
821 1866 1071 1920 Barbarie
1101 1840 1431 1934 subjiciebat
1462 1867 1746 1937 suppliciis
1781 1885 1794 1920 :
1827 1869 2000 1939 magis
2033 1885 2130 1923 au-

2238 1871 2536 1924 ὑπὲϐαλλεν
2553 1888 2566 1898 ν
2591 1871 2682 1921 ἐπὶ
2712 1853 2912 1940 μάλλον
2938 1869 2994 1920 δὲ
3025 1867 3164 1920 κατὰ
3187 1864 3282 1918 τοῦ
3305 1863 3554 1930 γενναίου
3581 1862 3834 1931 Νικήτα,

550 1965 659 2010 tem
692 1957 1010 2011 movebatur
1055 1957 1318 2012 adversus
1361 1973 1694 2028 generosum
1738 1957 2004 2022 Nicetam,
2041 1965 2131 2029 qui

513 2055 602 2102 .et
649 2047 864 2115 generis
900 2048 1167 2112 claritate,
1209 2056 1264 2100 et
1310 2049 1511 2116 pietate
1558 2048 1854 2117 superabat
1898 2063 1992 2103 eos
2041 2047 2131 2118 qui

517 2182 522 2188 .
546 2146 705 2214 erant
735 2141 817 2190 sui
853 2141 1089 2208 generis.

620 2231 710 2284 IV.
765 2229 1026 2285 Gratiano
1087 2238 1270 2284 autem
1306 2229 1399 2298 pio
1443 2237 1501 2284 et
1533 2229 1788 2284 clementi
1827 2231 2133 2285 Romanum

549 2337 613 2376 ac
671 2331 959 2392 paternum
999 2323 1425 2377 administrante
1479 2323 1790 2392 imperium,
1838 2324 2038 2391 impius
2081 2332 2135 2376 et

549 2414 755 2469 caedem
788 2415 1004 2482 spirans
1036 2415 1423 2477 Athanaricus,
1473 2416 1592 2484 ipse
1632 2430 1728 2482 per
1775 2430 1833 2468 se
1865 2415 2134 2469 adversus

549 2506 672 2574 pios
715 2505 918 2559 eaedem
957 2506 1201 2574 parabat,
1253 2515 1307 2559 et
1339 2507 1630 2569 efﬁciebat,
1679 2515 1737 2560 ut
1767 2506 1860 2575 qui
1890 2508 1941 2560 ei
1975 2521 2137 2576 pare-

547 2598 702 2660 bant,
737 2596 912 2664 ipsum
944 2599 1311 2650 imitarentur.
1349 2596 1440 2651 isti
1467 2612 1598 2668 ergo
1631 2599 1720 2651 Dei
1756 2599 1942 2652 hostes
1973 2613 2136 2652 exse-

547 2691 757 2753 crandi,
807 2689 1016 2742 occulta
1061 2691 1164 2757 (8)
1221 2690 1466 2759 quotidie
1525 2690 1828 2760 impietate,
1881 2691 2137 2760 martyris

547 2795 710 2834 causa
751 2781 1199 2850 indignabantur,
1251 2797 1375 2835 cmn
1402 2782 1578 2852 pietas
1618 2784 1872 2852 martyris
1914 2781 1968 2835 in
2020 2783 2138 2836 dies

522 2874 954 2940 praedicaretur,
984 2874 1463 2928 discruciabautur
1505 2874 1730 2938 animis,
1760 2875 2134 2940 minabantur,

551 2966 1008 3034 aggretiiebantur
1109 2979 1236 3017 eum
1331 2967 1400 3017 de
1464 2965 1644 3018 medio
1713 2965 1924 3019 tollere.
2006 2965 2138 3030 Quae

549 3060 769 3127 quidem
801 3055 1018 3109 Nieetas
1049 3071 1240 3124 parum
1278 3070 1497 3119 curans,
1535 3055 1893 3109 nihilominus
1945 3071 2138 3127 perge-

549 3148 640 3200 bat
678 3146 971 3215 praedicare
1007 3147 1283 3214 pietatem.
1337 3145 1580 3199 Tandem
1615 3151 1669 3199 in
1706 3150 1839 3200 iram
1893 3159 2135 3218 apertatn
2164 3182 2208 3245 Ο

547 3246 920 3306 erumpentes,
963 3247 1188 3305 repente
1227 3247 1518 3308 martyrem
1577 3239 1842 3292 invadunt
1890 3255 1956 3294 eo
1993 3251 2134 3295 lem-

563 3345 714 3398 pore,
743 3345 851 3398 quo
881 3329 1230 3399 praedicabat,
1264 3332 1550 3399 ipsumque
1595 3331 1832 3401 rapiunt,
1868 3343 1922 3386 et
1957 3333 2006 3386 vi
2036 3344 2140 3387 tra-

523 3424 714 3484 .hunt,
748 3429 803 3474 et
833 3430 1044 3489 urgent,
1089 3429 1146 3474 ut
1173 3421 1332 3474 fidem
1381 3422 1620 3488 abjuret.
1657 3423 1765 3476 Sed
1795 3424 1882 3477 ille
1915 3425 2136 3493 quidem

550 3528 650 3566 nec
695 3511 898 3575 verbis,
938 3527 1036 3565 uec
1064 3512 1223 3565 factis
1258 3512 1531 3565 desistens
1564 3528 1592 3565 a
1629 3513 1853 3581 pietate,
1886 3524 1940 3568 et
1967 3515 2134 3570 libera

519 3604 750 3657 .(lbristi
799 3602 1167 3668 confessione,
1208 3612 1264 3657 et
1309 3604 1378 3657 ab
1431 3605 1750 3658 honorando
1782 3621 1850 3658 eo
1886 3613 1946 3658 ut
2002 3606 2134 3671 Deo,

525 3751 528 3754 ,
556 3695 744 3750 ludum
777 3703 832 3750 et
864 3695 1176 3750 irrisionem
1221 3708 1342 3749 esse
1367 3695 1692 3749 ostendebat
1725 3697 1942 3750 illorum
1978 3698 2134 3750 inva-

554 3785 786 3839 sionem.
821 3783 899 3837 Illi
948 3795 1131 3837 autem
1183 3798 1306 3837 cum
1357 3785 1751 3839 contrivissent
1801 3796 1983 3855 partes
2013 3789 2134 3858 ejus

546 3875 792 3944 corporis
836 3875 918 3944 (ο
945 3874 1229 3942 insania!)
1261 3891 1386 3929 eum
1468 3876 1630 3929 etiam
1685 3877 1737 3930 in
1784 3878 1962 3946 ignem
2010 3881 2136 3949 inji-

549 3967 725 4022 ciunt.
759 3968 866 4020 bed
897 3967 976 4022 sic
1002 3982 1217 4036 quoque
1239 3968 1448 4037 patiens
1477 3977 1719 4034 sanctus,
1749 3973 2120 4044 nequelingna

553 4059 852 4112 desistebat
897 4059 1066 4112 Deum
1119 4060 1335 4129 hymnis
1384 4060 1687 4124 celebrare,
1732 4077 1912 4130 neque
1964 4067 2131 4119 corde

551 4151 606 4202 in
647 4165 770 4203 eum
811 4151 1061 4204 credere.
1097 4152 1362 4212 Ouucirca
1412 4155 1478 4206 ad
1525 4154 1687 4207 finem
1735 4170 1903 4224 usque
1936 4157 2130 4212 inuno-

549 4240 714 4294 bilem
767 4255 990 4294 servans
1019 4243 1448 4309 confessionem,
1499 4258 1622 4297 cum
1672 4247 1857 4300 multis
1887 4248 2007 4301 aliis
2038 4250 2131 4318 qui

551 4345 708 4389 erant
748 4334 990 4404 ejusdem
1037 4335 1254 4403 generis
1285 4344 1340 4388 et
1368 4334 1516 4402 ﬁdei,
1547 4337 1745 4408 dignus
1773 4339 1876 4394 fuit
1909 4341 2130 4395 habitus

551 4429 770 4482 coronis
845 4426 1172 4496 martyritis,
1247 4426 1430 4480 anima
1489 4443 1586 4481 sua
1645 4429 1702 4482 in
1774 4447 1968 4486 manus
2036 4432 2130 4487 Dei

524 4569 529 4579 ,
553 4519 768 4571 tradita.

526 4653 528 4656 ,
621 4609 686 4661 ν.
707 4609 980 4663 Marianus
1007 4618 1188 4663 autem
1219 4609 1438 4679 quidem
1466 4611 1550 4665 vir
1569 4612 1710 4682 pius,
1741 4613 1877 4668 Cilix
1903 4629 2125 4683 genere,

548 4719 614 4756 ex
651 4704 898 4764 civitate,
941 4719 1061 4773 qua:
1097 4703 1206 4756 illic
1235 4715 1338 4768 est,
1371 4713 1546 4770 ortus,
1612 4706 1829 4760 nomine
1875 4707 2126 4776 Mopsue-

545 4796 652 4852 stia
699 4795 795 4866 (9),
831 4796 922 4850 illo
978 4806 1224 4868 tempore
1277 4811 1503 4852 versans
1552 4799 1607 4850 in
1643 4799 1802 4864 locis,
1853 4816 1972 4869 qua:
1999 4809 2129 4854 sunt

547 4892 694 4944 circa
741 4889 960 4954 lstrum,
1013 4897 1236 4959 propter
1289 4889 1412 4944 fidei
1441 4889 1888 4958 conjunctionem
1921 4902 1976 4946 et
2012 4883 2127 4945 me-

549 4996 668 5033 rum
707 4979 1148 5042 similitudinem,
1201 4993 1322 5048 quae
1370 4980 1588 5046 quidem
1637 4995 1830 5046 magna
1867 4996 1930 5034 ex
1974 4992 2128 5050 parte

559 5073 702 5126 inter
735 5087 796 5126 se
829 5070 1184 5132 conveniunt,
1220 5080 1466 5124 evaserat
1499 5071 1718 5142 martyri
1753 5071 2033 5126 familiaris
2073 5083 2131 5128 et

546 5165 776 5228 anticus,
816 5172 869 5216 et
901 5161 1132 5231 degebat
1162 5160 1213 5212 in
1260 5161 1466 5214 eisdem
1513 5161 1725 5215 trdibus
1765 5165 1936 5216 multo
1989 5173 2128 5218 tern-

549 5272 701 5327 pore.
735 5253 838 5307 llic
878 5263 1164 5322 postquam
1209 5252 1298 5304 ille
1330 5251 1489 5305 finem
1531 5254 1834 5322 accepisset
1880 5257 2131 5326 martyri-

545 5365 690 5411 cum,
719 5345 1116 5410 considerabat,
1144 5353 1201 5398 et
1234 5343 1433 5397 multas
1478 5345 1625 5414 apud
1661 5361 1718 5399 se
1750 5347 2002 5401 versabat
2033 5364 2130 5402 co-

615 5519 691 5591 (8)
723 5517 823 5573 Hic
864 5515 1116 5591 dissentit
1139 5513 1530 5591 interpretatio
1576 5511 1768 5591 batina
1795 5515 1936 5584 apud
1973 5515 2134 5591 Lipo-

547 5583 790 5651 martiim,
841 5589 1046 5654 illaque
1093 5585 1286 5654 nequit
1337 5583 1616 5656 conciliari
1651 5599 1773 5636 cum
1823 5583 2133 5656 apographo

543 5659 938 5739 nostratirazco
971 5674 985 5709 :
1021 5670 1109 5711 res
1140 5666 1318 5711 tamen
1349 5661 1433 5708 est
1469 5655 1672 5707 nuilius
1716 5655 1973 5709 momenti
2035 5672 2134 5725 pro

546 5730 1049 5868 |H23iriltilopsuestia
1076 5796 1203 5850 urbs
1256 5804 1338 5851 est
1381 5794 1704 5864 episc0paiis
1735 5783 1951 5861 Ciliciae,
1986 5798 2126 5866 apud

2233 1966 2343 2033 ὅσῳ
2374 1965 2468 2016 καὶ
2499 1963 2575 2032 τῷ
2604 1961 3052 2031 περιφανεστέρῳ
3083 1957 3174 2010 τοῦ
3197 1957 3386 2025 γένους
3413 1956 3512 2008 καὶ
3538 1954 3646 2022 τῆς
3670 1955 3832 2005 εὐσε-

2235 2058 2382 2120 ϐείας
2416 2058 2523 2110 τῶν
2556 2055 2833 2127 ὁμογενῶν
2867 2055 3111 2123 ἐκράτει,
3136 2051 3456 2121 κινούμενος
3482 2045 3573 2119 ἦν.

2306 2237 2378 2290 Δ’.
2404 2234 2703 2305 Γρατιανοῦ
2723 2234 2779 2286 δὲ
2807 2232 3107 2306 τηνικαῦτα
3128 2231 3222 2286 τοῦ
3244 2229 3502 2293 εὐσεϐοῦς
3525 2229 3622 2283 καὶ
3646 2231 3833 2300 πράου

2235 2328 2333 2398 τὴν
2387 2327 2702 2398 Ῥωμαϊκήν
2733 2343 2792 2379 τε
2833 2327 2928 2378 καὶ
2953 2323 3228 2393 πατρικὴν
3259 2323 3536 2384 διέποντος
3567 2325 3768 2391 ἀρχὴν,
3805 2324 3835 2374 6

2235 2406 2496 2485 δυσσεϐὴς
2533 2415 2632 2466 καὶ
2674 2415 2960 2484 μιαιφόνος
3002 2413 3360 2483 Ἀθανάριχος
3401 2414 3563 2476 αὐτὸς
3597 2413 3666 2466 δι’
3703 2414 3834 2467 ἐαυ-

2236 2503 2327 2561 τοῦ
2366 2509 2464 2578 τὴν
2502 2511 2642 2560 κατὰ
2679 2507 2787 2557 τῶν
2817 2506 3061 2558 εὐσεϐῶν
3102 2507 3420 2574 μιαιφονίαν
3453 2506 3823 2574 ἐπαλαμᾶτο,

2239 2601 2330 2652 καὶ
2353 2600 2478 2660 τοὺς
2501 2599 2602 2650 ὑπὸ
2620 2599 2778 2668 χεῖρα
2805 2596 3089 2667 μιμεῖσθαι
3111 2598 3530 2666 παρεκελεύετο.
3553 2596 3622 2651 Οἱ
3646 2597 3834 2649 τοίνυν

2239 2693 2514 2762 Θεομισεῖς
2571 2687 2716 2745 οὗτοι
2770 2691 2866 2742 καὶ
2913 2690 3203 2759 ἀλιτήριοι,
3257 2689 3649 2758 κρυπτομένης
3699 2687 3831 2741 καθ’

2239 2785 2477 2854 ἑκάστην
2523 2784 2620 2845 τῆς
2667 2782 2943 2844 ἀσεϐείας,
2991 2781 3084 2834 τοῦ
3131 2781 3402 2849 μάρτυρος
3447 2779 3828 2848 ἠγανάκτουν,

2237 2879 2520 2946 ἠπείλουν,
2540 2873 2842 2943 ἐσφάδαζον
2863 2875 2974 2928 τοῖς
2999 2873 3210 2942 θυμοῖς,
3234 2873 3444 2924 ἀνελεῖν
3471 2872 3826 2942 ἐπεχείρουν.

2240 2964 2448 3037 Ὦνπερ
2463 2968 2789 3038 δηξΝικήτας
2814 2966 3018 3036 βραχέα
3039 2965 3360 3035 φροντίζων,
3379 2964 3530 3017 οἰδὲν
3546 2960 3713 3037 ἦττον
3732 2963 3831 3017 τοῦ

2239 3063 2340 3130 τῆς
2375 3061 2656 3122 εὐσεϐείας
2699 3060 3055 3130 κηρύγματος
3094 3057 3424 3127 περιείχετο.
3469 3059 3638 3119 Τέλος
3686 3057 3832 3126 πρὶς

2243 3155 2483 3223 φανερὰν
2509 3153 2837 3220 ὲκραγὲντες
2859 3150 3055 3220 ὀργὴν,
3084 3151 3281 3218 ἀθρόον
3314 3151 3658 3213 ἐπιστάντες,
3697 3151 3758 3202 ἐν
3783 3142 3832 3217 ᾧ

2240 3247 2333 3296 τὸν
2361 3247 2456 3314 τῆς
2494 3244 2756 3314 ἀληθείας
2791 3242 2948 3309 λόγον
2977 3244 3004 3295 ὁ
3042 3241 3251 3311 μάρτυς
3291 3243 3612 3310 ἐκήρυττεν,
3646 3242 3830 3310 ἀναρ-

2240 3333 2472 3397 πάζουσι
2513 3350 2572 3384 τε
2618 3332 2782 3383 αὐτὸν
2808 3334 2901 3383 καὶ
2935 3330 3157 3383 ἕλκουσι
3191 3329 3302 3400 βίᾳ,
3351 3330 3446 3382 καὶ
3486 3336 3589 3400 τὴν
3637 3331 3830 3382 πίστιν

2239 3426 2531 3495 ἀπώμοτον
2557 3425 2745 3476 Θέσοαι
2777 3424 3306 3490 καταναγκάζουσιν.
3344 3422 3488 3474 Ἀλλ’
3519 3425 3546 3474 ὁ
3585 3421 3710 3490 μὲν,
3743 3422 3824 3475 δι’

2236 3513 2314 3570 ὧν
2363 3535 2422 3569 τε
2465 3517 2644 3585 ἔλεγε,
2689 3515 2755 3567 δι’
2795 3510 2871 3568 ὧν
2915 3532 2973 3568 τε
3001 3517 3194 3578 ἐποίει,
3244 3514 3350 3584 τῆς
3395 3515 3676 3576 εὐσεϐείας
3725 3517 3830 3568 οὐκ

2237 3611 2628 3680 ἀφιστάμενος,
2664 3611 2760 3662 καὶ
2791 3609 2884 3662 τοῦ
2917 3609 3197 3680 παρρησία
3233 3607 3323 3661 τὸν
3356 3607 3592 3678 Χριστὸν
3625 3607 3823 3676 ὁμολοο

2237 3709 2374 3771 γεῖν,
2409 3706 2504 3756 καὶ
2527 3703 2601 3766 ὡς
2630 3703 2751 3772 6εῷ
2779 3701 2953 3771 τούτῳ
2985 3701 3281 3770 προσάγειν
3310 3701 3370 3752 τὸ
3404 3699 3590 3761 σέϐας,
3623 3699 3828 3770 χλεύην

2237 3797 2331 3849 καὶ
2357 3795 2578 3848 παιδιὰν
2598 3796 2867 3862 ἀπέφαινε
2886 3792 2985 3863 τὴν
3017 3794 3242 3844 ἐκείνων
3271 3791 3537 3844 ἐπίθεσιν.
3562 3793 3628 3843 Οί
3652 3792 3709 3843 δὲ
3727 3792 3826 3844 τοῦ

2238 3884 2492 3952 σώματος
2527 3882 2926 3951 συντρίψαντες
2969 3881 3134 3951 μέρη,
3155 3880 3272 3948 ’φεῦ
3306 3881 3402 3949 τῆς
3442 3882 3639 3950 μανίας
3668 3878 3815 3946 εἶτα,

2236 3976 2329 4028 καὶ
2360 3975 2494 4042 πυρὶ
2521 3971 2824 4042 ῥιπτοῦσιν.
2874 3971 3033 4023 Ἀλλὰ
3058 3973 3151 4023 καὶ
3185 3969 3328 4023 οὕτω
3357 3971 3582 4039 πάσχων
3603 3973 3633 4022 ὁ
3663 3971 3823 4040 ἅγιος

2232 4065 2360 4116 οὐτε
2393 4064 2490 4132 τὴν
2519 4061 2762 4129 γλῶτταν
2801 4055 2914 4131 εἶχε
2942 4060 3051 4112 τῶν
3087 4061 3168 4122 είς
3195 4059 3332 4112 Θεοῦ
3365 4059 3550 4127 ὓμνων
3581 4061 3825 4128 ἀφισταο
3893 4056 3910 4071 ⁸

2236 4157 2438 4225 μένην,
2475 4151 2599 4206 οὔτε
2634 4153 2732 4223 τὴν
2769 4153 2998 4222 καρδίαν
3033 4153 3131 4222 τῆς
3168 4151 3304 4220 πρὸς
3344 4151 3510 4203 αὐτὸν
3549 4153 3820 4215 πίστεως.

2235 4249 2328 4301 Διὸ
2358 4249 2452 4301 καὶ
2489 4247 2656 4318 μέχρι
2706 4247 2892 4306 τέλους
2931 4245 3128 4314 ἀκλινῆ
3162 4247 3260 4312 τὴν
3299 4243 3588 4312 ὁμολογίαν
3621 4245 3824 4297 διασω-

2234 4343 2490 4410 σάμενος,
2522 4341 2619 4392 σὺν
2649 4339 2830 4403 ἄλλοις
2856 4337 3070 4401 πολλοῖς
3097 4337 3206 4390 τῶν
3232 4335 3511 4404 ὁμογενῶν
3533 4335 3644 4387 τῶν
3681 4353 3824 4404 μαρο

2231 4430 2471 4501 τυρικῶν
2499 4429 2705 4501 ἠξιώθη
2745 4430 3047 4498 στεφάνων,
3079 4430 3158 4491 είς
3191 4430 3379 4498 χεῖρας
3414 4425 3551 4506 Beat}
3579 4427 3689 4497 τὴν
3717 4427 3822 4496 ψυ-

2161 4518 2203 4573 D
2234 4522 2335 4589 χὴν
2364 4522 2767 4590 παραθέμενος.

2302 4610 2376 4666 Ε’.
2405 4611 2687 4678 Μαριανὸς
2715 4612 2770 4664 δέ
2801 4629 2885 4675 τις
2911 4611 3052 4681 ἀνὴρ
3084 4609 3334 4682 εὐσεϐὴς,
3364 4609 3524 4674 Κίλιξ
3548 4610 3610 4661 τι
3641 4611 3822 4677 γένος,

2227 4707 2292 4757 ὲκ
2320 4705 2418 4774 τῆς
2451 4706 2632 4757 ἐκεῖσε
2663 4704 2870 4766 πόλεως
2901 4705 3281 4773 Μοψουεστίας
3312 4705 3643 4773 ὁρμώμενος
3700 4705 3823 4756 κατ’

2229 4800 2402 4850 ἐκεῖνο
2420 4797 2614 4866 καιροῦ
2640 4800 2754 4860 τοῖς
2779 4799 2905 4868 περὶ
2928 4798 3019 4849 τὸν
3044 4798 3260 4867 Ἴστρον
3283 4794 3577 4864 διατρίϐων
3603 4797 3821 4856 τόποις,

2228 4889 2489 4957 κοινωνίᾳ
2520 4888 2776 4952 πίστεως,
2807 4890 2900 4940 καὶ
2931 4886 3209 4957 ὁμοιότητι
3241 4886 3457 4956 τρόπων
3487 4885 3649 4953 (ὅπερ
3681 4878 3824 4934 οἶδεν

2229 4977 2304 5039 ὼς
2337 4977 2406 5029 τὰ
2432 4976 2605 5029 πολλὰ
2633 4977 2978 5047 συμϐαίνειν)
3008 4977 3246 5047 ξυνήθης
3272 4977 3365 5027 καὶ
3393 4975 3544 5042 φίλος
3573 4974 3653 5042 τῷ
3684 4974 3825 5042 μάρ-

2227 5085 2353 5140 τυρι
2400 5071 2493 5121 καὶ¹
2525 5069 2815 5139 ὁμορόφιος
2865 5069 3074 5136 γίνεται
3115 5067 3308 5137 χρόνον
3357 5066 3607 5118 πλείονα.
3654 5062 3820 5126 Οὗτος

2235 5163 2376 5231 μετὰ
2403 5161 2464 5213 τὸ
2496 5161 2836 5230 μαρτυρικὸν
2870 5160 3082 5212 ἐκείνου
3119 5159 3272 5222 τέλος
3297 5197 3313 5222 ,
3347 5157 3698 5210 διεσκοπείτο
3730 5159 3821 5209 καὶ

2243 5251 2476 5314 πολλοὺς
2522 5252 2717 5320 ἔτρεφε
2759 5251 2880 5303 καθ’
2913 5251 3100 5302 ἑαυτὸν
3121 5247 3431 5316 λογισμοὺς,
3458 5248 3578 5298 τίνα
3603 5249 3810 5316 τρόπον

2231 5345 2457 5398 δυνατὸν
2487 5344 2697 5412 γένοιτο
2719 5341 2780 5394 τὸ
2803 5340 2895 5393 τοῦ
2929 5339 3084 5409 φίλου
3112 5339 3291 5408 σῶμα,
3316 5339 3543 5408 τοιούτῳ
3580 5339 3825 5408 μάλιστα

2233 5518 2650 5589 geographoset
2679 5519 2974 5574 historicos
3001 5518 3134 5589 satis
3159 5526 3312 5573 nota.
3344 5518 3601 5585 Aliquem
3635 5527 3824 5589 autem

2232 5588 2300 5645 ex
2325 5588 2514 5646 Cilicia
2570 5588 2740 5643 fuisse
2801 5590 2932 5658 ipud
2982 5588 3214 5653 Gothos,
3264 5603 3371 5641 non
3422 5591 3586 5642 debet
3651 5588 3825 5658 rideri

2234 5660 2582 5715 incredibtle:
2603 5675 2727 5713 cum
2749 5660 2788 5713 ὃ
2826 5655 3180 5728 Augustinus,
3203 5674 3355 5712 num.
3376 5655 3827 5712 bCommentarfi

2237 5739 2484 5794 teStetur,
2521 5744 2581 5782 se
2607 5730 2782 5799 egisse
2811 5726 2936 5782 cum
2969 5726 3246 5793 fratribus,
3305 5729 3396 5796 qui
3428 5728 3537 5780 ilhc
3568 5727 3827 5782 snnihter

2234 5803 2468 5856 fuerant.
