4002 6424
259 377 374 442 709

1343 379 1816 445 MARTYRIUM
1856 379 1919 439 S.
1966 375 2260 438 ΝῙΟΕΤᾹΞ
2298 374 2562 436 GOTHl.

3410 371 3519 436 710

259 490 407 544 τέλει
447 494 867 564 κεκοσμημένον
892 511 906 526 ο
948 495 1209 564 ἠϐούλετο
1238 498 1351 568 γὰρ
1386 496 1709 564 ἀχωρίστως
1745 495 1845 546 αὑ-

1964 490 2264 561 gitationes,
2291 503 2529 559 quonam
2561 484 2724 540 modo
2756 493 2941 554 posset
2968 495 3168 552 corpus
3205 481 3362 536 amici
3391 497 3529 537 acci-

259 581 356 634 τοῦ
386 581 555 652 εχειν,
591 585 666 647 ὡς
695 580 805 638 οἷόν
839 603 896 638 τε
921 591 1014 640 καὶ
1039 591 1176 656 μετᾶ
1201 588 1429 642 Θάνατον
1456 604 1466 617 ·
1492 588 1634 640 οὕτω
1657 601 1840 652 τοιγα-

265 673 394 739 ροῦν
430 674 822 744 σκοπούμενος,
865 678 1006 748 ἀωρί
1051 695 1182 732 ποτε
1222 679 1330 731 τῶν
1374 680 1582 733 νυκτῶν
1627 677 1716 731 διὰ
1749 677 1842 728 τὸν

275 763 636 835 Ἀθαναρίχου
669 767 834 834 φόϐον
869 769 1053 838 (αὐτὸς
1085 771 1192 840 γὰρ
1220 770 1368 840 αὐτῷ
1389 771 1486 839 τὴν
1518 768 1611 822 τοῦ
1637 785 1845 839 μαρτυ-

264 855 422 923 ρικοῦ
455 855 705 926 σώματος
739 859 1006 930 ἀνάληψιν
1033 863 1093 914 οὐ
1134 862 1330 932 μεθίει)
1367 863 1592 923 ἐπιστὰς
1621 865 1680 914 ὲν
1711 853 1756 928 ᾧ
1778 859 1844 912 τὰ

264 946 373 1000 τῶν
439 949 611 1014 ἁγίων
659 949 942 1020 διέῥριπτο
997 953 1245 1022 λείψανα,
1297 954 1419 1006 ἐπεὶ
1466 954 1682 1020 ἀγνοεῖν
1729 950 1842 1020 εἶχε

265 1040 425 1091 ποῖόν
453 1041 569 1091 ἐστι
597 1038 656 1092 τὸ
694 1034 1156 1112 ἐπιζητούμενον,
1190 1044 1340 1113 παρᾶ
1375 1044 1564 1096 τούτου
1599 1043 1848 1096 διδάσκε·

262 1148 378 1197 ται,
440 1135 572 1202 παρ’
601 1127 661 1186 οὗ
699 1134 793 1186 καὶ
842 1137 1004 1203 μάγοι
1050 1136 1146 1206 τὴν
1191 1137 1401 1189 ἐκείνου
1443 1135 1840 1204 προσκύνησιν.

267 1222 510 1291 Δύναμις
561 1226 671 1294 γὰρ
709 1226 937 1296 οὐρανία
991 1245 1073 1289 τις
1121 1229 1213 1279 καὶ
1257 1226 1564 1297 ἀσώματος,
1617 1227 1844 1296 ἀστέρος

272 1314 583 1368 ὑπελθοῦσα.
637 1319 879 1388 μορφὴν,
913 1319 1006 1370 τοῦ
1033 1319 1272 1389 χρηστοῦ
1306 1321 1598 1389 προηγεῖτο
1627 1319 1847 1385 Μαρια.

274 1405 360 1458 νοῦ
407 1407 553 1474 μάλα
604 1411 787 1474 σαφῶς
838 1412 930 1461 καὶ
977 1412 1309 1480 γνωρίμωςο
1369 1412 1462 1463 καὶ
1511 1412 1611 1463 οὐκ
1666 1409 1847 1476 ἁπέση

271 1493 431 1546 τοῦτο
465 1495 636 1546 ποιῶν
664 1496 690 1546 ὁ
732 1499 1051 1564 φαινόμενος
1089 1499 1298 1557 ἐκεῖνος
1334 1497 1530 1566 ἀστὴρ,
1567 1496 1672 1560 ἕως
1713 1495 1847 1548 ὑπέ-

268 1586 414 1649 δειξε
461 1587 520 1637 τὸ
552 1586 905 1655 ποθούμενον.
945 1589 1016 1639 T‘o
1051 1588 1106 1640 δὲ
1141 1584 1228 1659 ἦν,
1268 1589 1328 1640 οὐ
1370 1587 1620 1657 λείψανον
1651 1605 1702 1640 τι
1753 1586 1846 1639 καὶ

275 1677 468 1746 μέρος,
506 1678 642 1731 ἀλλὰ
685 1679 843 1748 σῶμα
884 1679 1178 1750 ὀλόκληρον
1225 1679 1325 1749 τῆς
1369 1681 1646 1751 μακαρίας
1683 1679 1850 1742 ὅντως

267 1769 444 1840 ψυχῆς
477 1771 614 1839 μετὰ
643 1771 750 1822 τῶν
778 1771 978 1834 ἄλλων,
1009 1775 1257 1837 κρεῖττον
1289 1775 1462 1842 φανὲν
1497 1776 1592 1825 καὶ⁹
1627 1772 1801 1839 πυρὸς
1828 1808 1844 1835 ,

1947 599 2097 652 pere,
2131 583 2366 636 maxime
2399 581 2490 635 tali
2527 579 2633 633 ﬁne
2691 585 2940 632 ornatum
2977 593 2991 629 :
3025 574 3246 629 volebat
3279 575 3425 628 enim
3455 574 3524 628 ab

1944 676 2066 743 ipso
2114 689 2223 727 non
2281 672 2546 742 separari,
2600 679 2860 740 quantum
2909 676 3141 738 poterat,
3192 668 3353 721 etiam
3405 673 3528 736 post

1947 774 2208 818 mortem.
2253 764 2390 818 Cum
2453 777 2583 833 ergo
2615 762 2693 816 sic
2727 761 3116 821 consideraret.
3169 759 3384 813 tandem
3441 759 3528 810 in-

1948 865 2211 926 tempesta
2263 867 2422 910 nocte
2477 863 2697 924 pr0pter
2749 864 2952 907 metum
3005 850 3342 915 Athanarici,
3387 850 3528 919 (ipse

1945 947 2092 1002 enim
2123 963 2231 1000 non
2269 947 2634 1016 permittebat.
2672 953 2732 999 ut
2763 945 3106 1013 acciperetur
3141 957 3340 1011 corpus
3381 955 3530 994 mar-

1948 1039 2096 1109 tyris)
2127 1039 2392 1093 accedens
2424 1038 2476 1091 in
2503 1053 2626 1092 eum
2649 1036 2848 1099 locum,
2880 1036 2933 1089 in
2961 1050 3069 1105 quo
3097 1043 3252 1088 erant
3276 1033 3530 1103 proiectae

1947 1137 2261 1182 sanctorum
2315 1128 2579 1198 reliquiae,
2619 1128 2875 1198 quoniam
2935 1128 3221 1197 ignorabat
3247 1127 3524 1197 quodnam

1947 1228 2092 1274 esset
2119 1220 2261 1288 quod
2302 1219 2666 1288 quaerebatur,
2705 1220 2773 1272 ab
2803 1234 2870 1274 eo
2904 1219 3134 1274 docetur
3161 1236 3190 1273 a
3233 1236 3343 1289 qtto
3391 1218 3528 1290 Magi

1950 1310 2265 1365 didicerunt
2286 1311 2429 1366 illius
2457 1312 2852 1365 adoratiouem.
2885 1311 3069 1366 Virtus
3103 1313 3248 1366 enim
3275 1313 3522 1382 quaedam

1950 1401 2190 1456 caelestis
2213 1412 2268 1456 et
2289 1402 2628 1471 incorporea,
2649 1403 2817 1458 stella:
2833 1403 3004 1458 forma
3027 1415 3302 1474 suscepta,
3322 1405 3529 1459 bonum

1952 1492 2290 1562 praecedebat
2342 1493 2643 1548 Marianum
2690 1504 2882 1564 aperte
2916 1505 2968 1550 et
3016 1495 3320 1561 evidenter,
3352 1509 3533 1565 neque

1949 1583 2156 1636 deStitit
2187 1583 2289 1637 hoc
2332 1583 2515 1638 iacere
2541 1585 2627 1637 illa
2667 1587 2844 1650 stella,
2874 1601 2994 1653 qua:
3020 1586 3335 1656 apparebat.
3359 1587 3537 1640 donec

1951 1672 2192 1726 ostendit
2220 1672 2273 1726 id
2307 1672 2452 1740 quod
2495 1672 2923 1727 desiderabatur.
2960 1674 3012 1727 ld
3047 1685 3231 1728 autem
3269 1683 3386 1729 erat
3421 1689 3532 1729 non

1954 1762 2195 1832 reliquiae
2221 1762 2417 1831 aliqua:
2451 1771 2506 1817 et
2543 1779 2690 1832 pars,
2724 1764 2818 1817 sed
2861 1781 3060 1833 corpus
3086 1765 3356 1834 integrum
3387 1764 3536 1818 illius

268 1832 607 1931 esset?!”
653 1862 748 1915 καὶ
789 1832 980 1931 κλῆσις
1021 1832 1314 1931 homile-ro;
1361 1864 1502 1932 πλὴν
1553 1863 1678 1916 ὅσον
1709 1832 1844 1934 ilia;

1964 1869 2083 1909 rere
2135 1854 2305 1908 beata:
2360 1854 2574 1908 animm.
2617 1854 2773 1921 Quod
2826 1832 3044 1926 quidem
3109 1832 3365 1925 apparuit
3411 1857 3537 1925 igne

266 1955 392 2007 τινὰ
427 1954 640 2017 σώζειν,
676 1957 769 2007 καὶ
795 1955 916 2008 οὐδὲ
947 1954 1119 2008 ταῦτα
1151 1955 1322 2024 σαφῆ,
1357 1954 1471 2008 ἀλλ’
1511 1954 1650 2008 ὥστε
1687 1953 1846 2022 δῆλον

269 2039 433 2107 εἶναι,
459 2043 539 2096 ὅτι
570 2047 704 2112 πυρὶ
735 2045 1179 2114 προσωμίλησεν.
1218 2045 1388 2097 Τοῦτο
1409 2045 1587 2096 τοίνυν
1625 2043 1684 2096 τὸ
1706 2045 1849 2113 ἱερὸν

274 2135 436 2204 σῶμα
464 2134 604 2204 θήκῃ
628 2136 824 2199 ἐνθεὶς,
855 2139 949 2188 καὶ
983 2139 1368 2207 μαρτυρικαῖς,
1396 2135 1585 2203 ὥσπερ
1613 2135 1741 2197 ἔδει,
1769 2152 1849 2187 τι·

276 2224 394 2294 μῶν
453 2224 802 2294 ίεριιλογίαις,
859 2227 938 2289 είς
988 2226 1086 2294 τὴν
1145 2225 1338 2279 ἑαυτοῦ
1400 2225 1635 2294 πατρίδα
1685 2239 1850 2288 μετα·

276 2314 514 2388 κομίζει.

351 2581 444 2646 ς’.
484 2579 592 2632 Καὶ
623 2583 687 2649 τῇ
733 2579 973 2651 ἰδιωτικῇ
1001 2582 1318 2652 παραμένον
1345 2579 1510 2653 οἰκίᾳ,
1535 2580 1853 2651 δημοτελεῖς

271 2669 522 2739 ἐπήγαζε
540 2672 640 2733 τὰς
662 2671 854 2735 ίάσεις.
883 2673 989 2725 Καὶ
1018 2675 1126 2742 γὰρ
1149 2672 1356 2741 ἀγαθῆς
1379 2671 1453 2724 ὢν
1480 2672 1656 2742 ψυχῆς
1683 2668 1853 2738 οἶκος,

275 2767 380 2834 μιᾷ
411 2767 777 2835 περιγράφειν
806 2765 957 2836 οἰκίᾳ.
988 2765 1086 2828 τὰς
1120 2766 1254 2826 ιδίας
1283 2765 1382 2818 οὐκ
1411 2764 1600 2834 ἠγάπα
1635 2765 1851 2836 θαυμαο

271 2856 557 2927 τουργίας,
574 2857 709 2910 ἀλλὰ
735 2859 910 2910 κοινὸν
931 2853 998 2928 ἧν
1025 2857 1460 2928 Μοψουεστηνῶν
1487 2857 1810 2926 έντρύφημα
1833 2873 1848 2887 °

273 2950 484 3017 μᾶλλον
511 2949 566 3001 δὲ
599 2951 690 3002 καὶ
724 2949 830 3001 τῶν
862 2950 1156 3020 ἀλλαχόθεν
1184 2949 1518 3018 φοιτώντων,
1553 2949 1852 3010 ἀπόλαυσις

268 3044 334 3095 οὐ
379 3042 767 3112 δαπανωμένη.
819 3042 1010 3112 Χρόνῳ
1054 3041 1110 3093 δὲ
1160 3041 1384 3109 ὕστερον
1446 3041 1537 3092 καὶ
1594 3040 1721 3104 ναὸς
1773 3039 1852 3111 τῷ

1956 1945 2125 2000 fuisse
2163 1948 2458 2016 potentius,
2496 1947 2638 2002 sicut
2687 1948 2850 2002 etiam
2889 1948 3104 2003 volebat
3149 1948 3266 2014 ejus
3301 1947 3538 2018 appella-

1957 2036 2055 2102 tio,
2109 2038 2216 2093 nisi
2270 2038 2417 2107 quod
2460 2038 2637 2092 solum
2677 2039 2921 2106 quaedam
2976 2039 3226 2093 servabat
3285 2039 3536 2109 vestigia,

1957 2144 2132 2198 neque
2173 2143 2236 2184 ea
2271 2139 2481 2199 aperta,
2525 2131 2618 2184 sed
2648 2140 2707 2184 ut
2737 2139 2946 2185 tantum
2982 2139 3295 2200 appareret,
3331 2131 3538 2184 idcum

1956 2221 2081 2292 igne
2130 2236 2250 2276 esse
2298 2236 2674 2292 congressum.
2733 2221 2843 2277 Hoc
2894 2238 3024 2292 ergo
3073 2238 3286 2276 sacrum
3340 2237 3541 2292 corpus

1959 2331 2081 2370 cum
2118 2315 2289 2368 theca:
2329 2314 2700 2383 imposuisset,
2747 2315 3071 2385 martyricis,
3110 2324 3166 2368 ut
3216 2321 3449 2383 oportet,
3485 2322 3542 2367 et

1962 2405 2133 2460 sacris
2167 2406 2222 2460 id
2257 2407 2532 2460 honorans
2561 2406 2927 2470 orationibus,
2983 2407 3244 2460 transfert
3277 2407 3332 2460 in
3383 2421 3539 2460 suam

1959 2498 2189 2568 patriam
2226 2498 2359 2566 (l0).

2032 2589 2121 2645 Vl.
2141 2589 2354 2644 Etcum
2379 2589 2459 2644 sic
2489 2600 2745 2644 maneret.
2766 2589 2822 2643 in
2864 2589 3024 2643 domo
3048 2592 3276 2658 privata.
3299 2588 3544 2658 publicas

1973 2691 2152 2738 tamen
2208 2683 2520 2739 cﬂ‘undebat
2565 2685 2898 2739 curationes.
2955 2682 3164 2736 Etenim
3218 2699 3341 2737 cum
3399 2692 3546 2737 esset

1959 2775 2153 2830 domus
2184 2775 2339 2830 bomc
2367 2777 2582 2840 animae,
2620 2792 2728 2830 non
2758 2775 2887 2830 satis
2922 2775 3155 2829 habebat
3189 2775 3313 2830 unis
3336 2774 3544 2829 aedibus

1958 2882 2054 2922 sua
2099 2868 2552 2923 circumscribere
2593 2869 2850 2922 miracula
2883 2886 2896 2922 :
2935 2867 3028 2922 sed
3062 2877 3178 2922 erat
3221 2881 3544 2921 communes

1958 2959 2166 3014 deliciae
2213 2960 2741 3030 Mopsuestanorum,
2775 2960 2884 3014 imo
2914 2975 3044 3014 vero
3092 2975 3278 3013 eorum
3325 2974 3544 3027 quoque

1961 3053 2050 3121 qui
2077 3051 2296 3106 aliunde
2331 3053 2685 3116 vemitabant,
2721 3067 2852 3105 usus
2885 3050 3113 3110 fructus,
3149 3051 3239 3117 qui
3273 3066 3380 3102 non
3412 3066 3544 3104 con-

274 3134 516 3204 μάρτυρι
545 3137 909 3204 ἀνεγείρεται,
934 3134 1028 3186 καὶ
1057 3134 1219 3196 αὐτὸς
1245 3131 1306 3185 τὸ
1335 3137 1510 3201 τίμιον
1536 3119 1853 3202 ὑποδέχεται

1964 3119 2293 3194 sumebatur.
2352 3140 2688 3194 Procedente
2746 3149 2925 3194 autem
2965 3151 3228 3206 tempore,
3280 3139 3542 3207 templum

272 3227 460 3296 σῶμα,
498 3229 883 3297 φανερωτέρας
911 3225 1005 3278 τοῦ
1037 3225 1224 3278 Λοιποῦ
1258 3227 1354 3288 τὰς
1387 3225 1581 3278 ἑαυτοῦ
1617 3227 1857 3296 παρέχον

271 3320 642 3389 ἑνεργασίας,
707 3321 801 3372 καὶ
855 3319 1122 3388 μηδέποτε
1172 3319 1336 3388 ὶῆγον
1391 3320 1532 3370 κατὰ
1587 3321 1857 3372 παντοίων

273 3411 471 3462 παθῶν
517 3413 607 3463 καὶ
631 3411 802 3463 νόςων
847 3411 1156 3479 ἱστάμενον.
1189 3411 1378 3478 Ὅμως
1417 3411 1450 3477 ἡ
1491 3410 1579 3460 τὸν
1619 3410 1856 3478 ἀθλητὴν

272 3503 513 3572 πρώτως
541 3506 687 3557 οἰκία
718 3503 1108 3573 ξενοδοχήσασα
1129 3504 1227 3571 τῆς
1248 3503 1407 3569 ἁγίας
1437 3505 1650 3572 ἐκείνης
1679 3504 1859 3572 χειρὸς

274 3595 504 3647 πλουτεῖ
527 3594 616 3646 τὸν
636 3595 915 3662 ἀντίχειρα
938 3595 1030 3647 καὶ
1047 3593 1248 3663 ταύτην
1276 3592 1581 3656 ἰδιάζουσαν
1601 3595 1759 3662 χάριν
1783 3592 1858 3662 τῷ

272 3685 419 3754 φίλῳ
451 3683 720 3754 Μαριανῷ
756 3685 1001 3753 Νικήτας
1031 3689 1057 3736 ὁ
1092 3683 1256 3746 καλὸς
1290 3682 1508 3746 δίδωσι,
1547 3684 1642 3735 καὶ
1679 3684 1859 3752 φιλίας

273 3778 490 3837 ἐκεῖνος
531 3777 731 3844 νόμους
775 3776 869 3827 καὶ
917 3775 1093 3839 ξενίας
1135 3778 1314 3846 τιμῶν
1353 3777 1491 3846 ὅπερ
1532 3777 1707 3829 οὐδενί
1753 3795 1861 3831 τινι

273 3867 425 3933 ἄλλῳ
459 3870 687 3936 ποιῆσαι
715 3870 1060 3938 παραχωρεῖ,
1097 3870 1191 3920 καὶ
1216 3867 1391 3938 τούτῳ
1415 3870 1556 3939 τάχα
1588 3872 1678 3923 τὸν
1709 3870 1860 3938 φίλον

273 3959 542 4024 δοξάζων.
575 3961 680 4011 Καὶ
705 3961 813 4029 γὰρ
846 3960 1164 4026 Λὺξέντιος,
1199 3959 1255 4023 ὃς
1295 3961 1394 4030 τῆς
1434 3963 1730 4032 εἰρημένης
1765 3963 1862 4015 πό·-

275 4053 417 4113 ὶεως
452 4050 748 4113 ἐπίσκοπος
783 4045 851 4119 ἧν
873 4089 889 4114 ,
921 4053 1276 4121 ἐπιχειρήσας
1313 4053 1646 4122 ἀπομερίσαι
1681 4069 1733 4107 τι
1765 4052 1858 4106 τοῦ

280 4142 538 4210 σώματος
581 4144 676 4196 καὶ
716 4143 935 4208 λαϐεῖν,
967 4144 1157 4212 εἴληφε
1193 4144 1293 4212 μὲν
1323 4145 1472 4196 οὐδὲν
1492 4183 1508 4210 ,
1542 4137 1616 4197 ὧν
1647 4145 1861 4215 ἐξῄτει,

277 4233 442 4284 ἔλαϐε
470 4233 527 4285 δὲ
553 4233 693 4300 δέος,
730 4232 852 4285 οὔτε
888 4235 1082 4303 μικρὸν
1113 4233 1222 4285 οὐδ’
1252 4235 1380 4287 ὅλον
1411 4237 1711 4303 ἁνέκφορον
1741 4239 1861 4304 μείο

281 4343 374 4377 ναι
401 4326 498 4379 καὶ
523 4325 726 4390 λαϐεῖν,
761 4327 877 4379 ἀλλ’
905 4325 1047 4379 ὥστε
1079 4327 1174 4379 καὶ
1205 4328 1367 4380 αὑτοῦ
1401 4331 1497 4396 τὴν
1531 4327 1707 4398 ψυχὴν
1742 4329 1861 4382 λίαν

284 4416 741 4487 κατασεισθῆναι,
775 4417 870 4470 καὶ
903 4417 1226 4471 διδάσκοι).ον
1254 4422 1364 4482 τοῖς
1400 4419 1580 4483 ἄλλοις
1611 4420 1863 4486 γενέσθαι

1964 3247 2180 3300 quoque
2209 3233 2482 3286 excitatur
2522 3231 2767 3302 martyri,
2805 3242 2858 3285 et
2889 3234 3065 3302 ipsum
3099 3248 3297 3301 corpus
3321 3233 3548 3304 suscipit

1964 3323 2356 3386 venerandum,
2399 3322 2742 3391 apertissima
2786 3322 2854 3376 de
2886 3332 3083 3376 caetero
3119 3323 3407 3376 conferens
3450 3323 3544 3376 be-

1962 3411 2179 3475 neficia,
2235 3422 2288 3465 et
2325 3415 2588 3465 resistens
2635 3413 2890 3465 omnibus
2930 3414 3132 3466 morbis
3172 3421 3226 3465 et
3257 3411 3419 3467 vitiis.
3450 3410 3544 3466 Ilii

1967 3512 2142 3556 tamen
2171 3502 2384 3562 domus,
2411 3518 2531 3570 qua:
2555 3505 2812 3557 athletam
2845 3505 3021 3572 primo
3045 3505 3256 3570 accepit
3284 3505 3541 3573 hospitio.

1967 3594 2168 3646 ditatur
2191 3593 2381 3661 pollice
2405 3610 2573 3648 sacrae
2603 3597 2745 3650 illius
2778 3612 2989 3658 manus,
3019 3606 3072 3648 et
3098 3599 3240 3650 hanc
3267 3615 3278 3665 ι
3303 3598 3540 3666 ropriam

1967 3683 2412 3753 gratiam'atnico
2467 3686 2709 3741 Mariano
2737 3688 2831 3741 dat
2877 3687 2964 3741 ille
3009 3690 3256 3757 egregius
3305 3691 3543 3753 Νηρίς,

1968 3777 2242 3830 honoratis
2304 3776 2556 3832 amicitiae
2612 3778 2757 3847 leges
2806 3787 2867 3833 et
2923 3779 3326 3848 hospitalitatis.
3387 3781 3542 3848 Quoi

1964 3869 2181 3936 quidem
2213 3869 2342 3922 nulli
2380 3870 2470 3922 alii
2500 3871 2629 3925 sinit
2656 3873 2853 3937 facere,
2889 3872 2941 3926 in
2985 3873 3089 3928 hoc
3122 3889 3341 3943 quoque
3367 3875 3546 3929 amito

1968 3961 2193 4031 gloriam
2251 3963 2522 4018 tribuens.
2565 3965 2772 4017 Etenim
2807 3966 3111 4019 Auxentius
3143 3967 3275 4035 (ll).
3305 3967 3395 4035 qui
3430 3977 3548 4022 erat

1965 4054 2124 4108 dictte
2163 4053 2396 4107 civitatis
2426 4055 2740 4124 episcopus,
2772 4070 2894 4109 cum
2929 4071 3214 4127 aggressus
3250 4067 3394 4111 esset
3421 4059 3541 4125 ejus

1965 4146 2212 4214 corporis
2239 4145 2439 4216 aliquid
2479 4147 2721 4201 dividere
2755 4157 2808 4201 ct
2835 4149 3104 4218 accipere,
3159 4149 3295 4202 nihil
3325 4149 3545 4218 quidem

1969 4239 2178 4307 accepit
2207 4253 2419 4303 eorum,
2455 4255 2576 4308 quae
2609 4239 2862 4295 volebat:
2897 4257 3018 4293 eum
3058 4252 3236 4294 autem
3271 4257 3380 4294 non
3415 4258 3545 4311 par-

1968 4345 2070 4383 vus
2101 4329 2295 4382 invasit
2341 4339 2541 4393 metus,
2596 4345 2697 4384 nec
2743 4331 3032 4398 ejusmodi,
3067 4340 3125 4384 ut
3157 4347 3264 4384 non
3299 4332 3354 4385 in
3386 4347 3550 4401 aper-

1973 4431 2084 4475 tum
2133 4421 2399 4491 prodiret,
2455 4431 2550 4474 aut
2603 4421 2819 4483 lateret,
2870 4423 2964 4476 sed
3016 4439 3122 4490 quo
3167 4423 3285 4491 ejus
3336 4438 3552 4492 quoque

283 4504 369 4573 οἷς
398 4526 460 4562 τε
501 4497 605 4564 εἶδε
635 4511 730 4564 καὶ
763 4505 842 4573 οἷς
890 4510 1051 4573 αὐτὸς
1085 4509 1509 4584 ὲξεδειματώθη,
1559 4514 1766 4585 μηδένα
1806 4515 1855 4567 τὲ

1971 4512 2146 4565 anima
2180 4512 2343 4565 fuerit
2378 4511 2530 4565 valde
2564 4513 2784 4581 agitata,
2818 4520 2871 4565 ct
2899 4512 3032 4564 alios
3059 4513 3304 4565 docuerit
3333 4513 3398 4565 iis
3431 4528 3553 4580 qua)

283 4603 477 4655 λοιπὸν
503 4607 661 4673 χεῖρα
680 4604 961 4674 τολμηρὰν
985 4605 1309 4674 προτείνειν,
1341 4607 1477 4676 μηδὲ
1503 4609 1668 4678 μέρος
1693 4625 1744 4659 τι
1772 4607 1866 4659 τοῦ

286 4693 547 4764 σώματος
574 4696 721 4766 παρά
747 4694 973 4768 γνώμην
996 4695 1055 4752 ὃν
1083 4697 1232 4766 αὐτῷ
1270 4700 1582 4768 παραησπᾷν.

359 4991 435 5042 Ζ’.
473 4987 664 5048 Ὅπως
693 4985 748 5037 δὲ
780 4983 976 5054 ωνέὸη
1002 4984 1063 5036 τὸ
1091 4983 1207 5047 δέος
1236 4983 1330 5037 καὶ
1358 4984 1465 5036 τίσι
1487 4983 1666 5051 λόγοις
1691 4985 1872 5053 εἶργε·

285 5098 381 5132 ται
419 5079 519 5146 τῆς
553 5079 984 5150 ἐπιχειρήσεως,
1023 5079 1051 5128 ὁ
1081 5076 1238 5144 λόγος
1271 5075 1521 5146 δηὶώσει.
1571 5078 1867 5150 Ἀνέστησε

291 5175 394 5244 μὲν
422 5174 532 5241 γὰρ
571 5173 600 5224 ὁ
627 5149 965 5239 φιλόμαρτυς
992 5163 1144 5232 οὗτος
1174 5170 1463 5241 ἀρχιερεὺς
1494 5171 1604 5231 τοῖς
1632 5149 1872 5222 imiimi-

288 5281 408 5328 κοις
440 5263 550 5316 τῶν
572 5261 872 5334 μαρτύρων
902 5262 1050 5328 ναὸν,
1080 5263 1318 5332 Ταρὰλιρ
1346 5259 1407 5313 τέ
1439 5277 1578 5330 φημι
1610 5262 1704 5314 καὶ
1736 5261 1873 5330 Πρό-

361 5446 478 5519 (10)
509 5443 743 5519 Additur
773 5442 824 5519 i_n
856 5440 1056 5519 Latina
1085 5437 1334 5492 versione
1367 5451 1380 5488 :
1449 5431 1514 5519 Et
1537 5441 1664 5519 tunc
1693 5432 1870 5519 ipsum

290 5505 436 5574 doini
461 5505 582 5570 suae
610 5513 874 5582 deponit.)
905 5512 973 5564 At
1004 5509 1091 5562 illa
1129 5524 1237 5582 non
1295 5514 1423 5561 sunt
1452 5505 1505 5556 in
1561 5507 1874 5582 apograpbo

291 5573 484 5642 nostro
541 5573 752 5638 Graeco.
806 5573 886 5635 Ei
915 5579 1268 5648 sequentibus
1328 5587 1507 5630 tamen
1563 5573 1774 5642 liquet,
1817 5577 1872 5628 in

294 5661 501 5728 privata
520 5657 698 5728 domo
718 5667 915 5728 corpus
945 5651 1114 5728 fuisse
1141 5648 1398 5728 positum:

365 5729 478 5793 (Il)
542 5725 597 5776 ln
659 5713 916 5790 Catalogo
961 5713 1299 5793 “antistitum
1333 5713 1869 5793 “Mopsuestenorum

293 5786 432 5871 apud
465 5786 754 5865 Lequicn.,
797 5786 928 5846 ιοῐιι.
958 5791 1000 5843 tt
1065 5787 1294 5842 Orientis
1323 5786 1742 5858 Christiani,col.
1771 5788 1874 5841 ssc

1971 4604 2128 4668 vidit,
2159 4612 2212 4656 et
2243 4612 2468 4662 terrore.
2503 4617 2612 4670 quo
2638 4611 2719 4654 est
2743 4603 2993 4665 allectus,
3022 4609 3080 4653 ut
3108 4616 3268 4654 nemo
3291 4587 3551 4668 deinceps

1971 4709 2189 4747 manum
2225 4691 2483 4746 audacem
2537 4691 2855 4759 porrigeret,
2891 4705 3068 4758 neque
3123 4691 3285 4743 ullam
3336 4699 3544 4758 partim

1971 4785 2088 4852 ejus
2125 4783 2385 4852 corporis,
2424 4797 2545 4836 cum
2574 4791 2720 4836 esset
2749 4789 2948 4850 praeter
2985 4781 3156 4850 ipsius
3195 4779 3547 4847 sententiam,

1970 4875 2238 4929 avellerct.

2043 4967 2157 5022 Vll.
2197 4967 2442 5033 Quonam
2493 4967 2657 5023 modo
2688 4975 2872 5022 autem
2906 4977 3082 5023 metus
3133 4968 3223 5023 hic
3251 4967 3466 5032 accidit,
3496 4978 3552 5022 et

1974 5060 2300 5130 quibusnam
2332 5060 2512 5114 verbis
2555 5060 2860 5131 prohibitus
2889 5059 3078 5123 fuerit,
3115 5075 3185 5114 ne
3226 5058 3550 5131 aggredere-

1977 5163 2085 5217 tur,
2128 5153 2542 5223 explicabimus.
2581 5152 2848 5208 Excitavit
2897 5152 2985 5207 hic
3028 5153 3243 5223 quidem
3283 5152 3549 5223 pontifex,

1973 5245 2182 5299 amicus
2249 5253 2570 5315 martyrum,
2639 5245 2901 5314 templum
2973 5244 3200 5300 victoria
3247 5245 3554 5315 insignibus

1975 5452 2030 5498 et
2064 5457 2180 5510 seq.
2207 5441 2314 5512 duo
2348 5441 2696 5512 reperiuntur
2719 5439 3001 5506 Auxentii,
3057 5454 3290 5512 quorum
3339 5436 3552 5510 primus

1976 5523 2166 5566 sancto
2213 5510 2421 5565 Niceta'
2462 5511 2678 5565 videtur
2720 5514 2879 5580 paulo
2914 5511 3208 5578 antiquior.
3256 5517 3349 5564 aut
3402 5517 3556 5580 certe

1976 5583 2150 5637 eidem
2190 5597 2298 5636 non
2355 5577 2740 5650 supervixisse'.
2794 5581 2947 5634 Alter
2984 5577 3304 5650 Auxentins,
3346 5577 3434 5650 qui
3491 5591 3557 5631 ex

1977 5652 2108 5705 solis
2160 5651 2273 5704 fere
2318 5647 2589 5720 diptychis
2626 5650 2944 5720 innotescit,
2971 5649 3270 5720 secundum
3306 5647 3556 5701 ordinem

1979 5722 2048 5775 ibi
2082 5721 2244 5775 lixum
2298 5717 2450 5774 sedit
2467 5720 2654 5774 seculo
2711 5719 2925 5788 quinto.
2977 5717 3091 5774 Hoc
3120 5727 3300 5773 autem
3341 5727 3558 5784 tempus

1979 5792 2111 5845 satis
2145 5793 2392 5860 congruit
2425 5789 2510 5844 hic
2537 5790 2742 5844 relatis.
