4002 6470
307 365 423 430 713

1417 356 1887 420 MARTYRIUM
1921 358 1985 419 S.
2026 356 2464 420 EUPHEMLE.

3460 355 3565 420 7M

1649 688 2290 779 ΜΑΡΤΥΡΙΟΝ

928 887 1273 1023 ΤΗΣ
1418 880 1948 1078 ΑΓΙΑΣ
2071 822 3034 1022 ΕΥΦΗΜΙΑΣ(

1580 1289 2310 1381 MARTYRIUM

1069 1505 1738 1639 SANCTIE
1905 1505 2814 1638 EUPH-EMUE.

965 1749 1162 1811 (Latine
1187 1761 1272 1810 ap.
1299 1746 1497 1798 Surium
1523 1744 1582 1794 ad
1617 1745 1746 1794 diem
1778 1745 1839 1795 16
1861 1745 2187 1808 Septembris,
2210 1745 2382 1798 Graece
2407 1757 2472 1796 ex
2495 1746 2604 1795 cod.
2634 1755 2722 1791 ms.
2763 1740 2942 1805 Paris.)

395 2080 476 2136 A’.
497 2077 886 2152 Διοκλητιανοῦ
906 2075 1283 2146 τὰῬωμαίων
1317 2075 1579 2146 σκῆπτρα
1600 2074 1903 2140 διέποντος,

2080 2075 2124 2128 i.
2154 2073 2494 2128 Diocletiano
2527 2084 2750 2132 tenente
2799 2083 3017 2145 sceptra
3070 2075 3300 2132 Romani
3341 2077 3577 2150 imperii,

321 2174 569 2246 Πρίσκου
623 2189 682 2226 τε
727 2176 858 2244 περὶ
890 2174 991 2240 τὴν
1076 2167 1264 2223 Ἀσίαν
1334 2166 1829 2233 ἀνθυπατεύοντος,
1873 2167 1904 2221 ὁ

322 2266 469 2320 κατὰ
531 2262 874 2336 Χριστιανῶν
929 2260 1171 2331 διωγμὸς
1218 2258 1390 2312 δεινὸν
1450 2257 1604 2312 ἔπνει
1654 2257 1752 2312 καὶ
1808 2257 1905 2312 ἐπὶ

325 2357 473 2428 μέῩα
505 2359 602 2411 καὶ
632 2355 865 2428 φοϐερὸν
913 2354 1099 2426 ᾔρετο.
1146 2349 1253 2410 Ἦν
1294 2351 1350 2404 δὲ
1397 2349 1478 2425 τῷ
1511 2349 1736 2421 Πρίσκῳ
1768 2367 1906 2420 συμ-

323 2449 602 2520 πάρεδρός
657 2465 741 2511 τις
799 2447 906 2500 τῶν
965 2444 1256 2514 σοφιστῶν,
1307 2443 1654 2506 Ἀπελλιανὸς
1707 2441 1904 2512 ὄνομα,

327 2540 601 2610 ἱερατείας
629 2540 820 2610 χρείαν
844 2539 950 2608 πλη
959 2537 1091 2608 ρῶν,
1109 2536 1189 2607 τῷ
1213 2535 1345 2606 παρ’
1365 2536 1550 2599 αὐτοῖς
1567 2533 1810 2604 ψευδωνύ
1820 2550 1905 2604 μῳ

325 2631 437 2702 θεῷ
469 2633 650 2700 Ἀρει.
695 2631 851 2685 Ἐπεὶ
877 2628 970 2683 οὖν
1003 2630 1225 2701 ἐτήσιος
1255 2627 1420 2700 ἑορτὴ
1451 2625 1546 2682 τοῦ
1577 2626 1734 2681 νόθου
1778 2626 1906 2679 τού-

321 2742 420 2779 του
451 2727 758 2797 ἐνειστήκει
786 2724 934 2791 θεοῦ,
961 2725 1266 2797 γράμματα
1287 2724 1382 2777 καὶ
1407 2722 1733 2794 προθέματα
1763 2719 1906 2776 κατὰ

324 2821 511 2872 πᾶσαν
540 2819 732 2888 ἐφοίτα
765 2819 866 2888 τὴν
897 2817 1241 2890 Χαλκηδόνα·
1289 2817 1348 2871 ἐν
1377 2817 1516 2890 αὐτῇ
1553 2816 1664 2886 γὰρ
1700 2814 1794 2868 καὶ
1837 2814 1907 2868 τὰ

328 2909 440 2960 τῶν
471 2908 676 2962 θυσιῶν
702 2909 961 2964 ἐτελεῖτο.
989 2909 1100 2962 Καὶ
1129 2910 1256 2972 ναὸς
1311 2903 1382 2979 ἦν
1427 2906 1523 2985 τοῦ
1580 2906 1776 2976 ’Λρεος
1809 2903 1908 2962 καὶ

324 3000 563 3058 εἰδώλων
594 3002 803 3056 ἐκείνου
837 3002 945 3054 τῶν
983 3003 1288 3072 ἐπισήμων
1335 2999 1520 3056 ἐκάλει
1548 2997 1604 3052 δέ
1634 2997 1731 3052 καὶ
1753 2996 1909 3051 πολί-

325 3109 430 3156 τας
482 3093 579 3147 καὶ
619 3094 780 3158 δσους
823 3093 1168 3165 Χαλκηδόνος
1208 3093 1391 3165 πέριξ,
1435 3095 1516 3156 είς
1561 3091 1660 3162 τὴν
1713 3089 1908 3162 ἑορτὴν

327 3186 401 3241 τά
432 3185 777 3256 προθέματα,
826 3185 1050 3240 θάνατοι
1099 3185 1156 3241 δέ
1209 3185 1303 3239 καὶ
1334 3185 1601 3261 τιμωρίαι
1655 3184 1911 3255 συνηπείρ

326 3279 494 3350 ληντο
521 3281 631 3342 τοῖς
668 3280 1111 3349 προστάγμασιν,
1143 3273 1226 3342 οἷς
1253 3279 1612 3349 περιπίπτειν
1655 3277 1906 3347 ἔμελλον,

327 3372 445 3425 ὅσοι
478 3371 556 3442 μὴ
581 3371 879 3438 πείθοιντο,
923 3372 1143 3442 δαίμοσι
1176 3372 1533 3444 προσκυνεῖν,
1563 3367 1803 3436 σάλπιγξ
1846 3385 1907 3421 τε

325 3463 577 3534 διάτορον
611 3462 818 3533 ἡχοῦσα
850 3464 944 3516 καὶ
974 3463 1206 3534 φοϐερὸν
1247 3463 1502 3534 σύστημα
1536 3458 1604 3535 ἦν
1643 3464 1741 3534 τῆς
1772 3461 1908 3531 πρὸς

326 3554 421 3606 τὸν
443 3555 568 3608 ναὸν
587 3553 895 3626 συνδρομῆς
914 3571 970 3606 τε
1001 3555 1097 3608 καὶ
1121 3552 1508 3615 συνελεύσεως.
1535 3552 1784 3614 Ὀπόσοις
1813 3549 1910 3603 οὖν

328 3647 547 3714 ἐναγεῖς
591 3645 690 3715 μὲν
729 3644 911 3698 θυσίαι
956 3649 1051 3704 καὶ
1085 3645 1410 3714 σεϐάσματα
1462 3645 1638 3714 μιαρὰ
1682 3640 1911 3696 τοιαῦτα

333 3737 646 3813 μεμίσητο,
697 3738 916 3808 ὁσιότης
970 3739 1026 3790 δὲ
1079 3738 1174 3793 καὶ⁸
1229 3737 1486 3794 εὐσέϐεια
1545 3737 1637 3789 καὶ
1692 3738 1724 3808 ὴ
1775 3735 1912 3807 πρὸς

331 3832 466 3883 Θεὸν
501 3833 686 3894 πίστις
716 3832 946 3903 ἔρρωτο·
970 3827 1117 3886 οὗτοι
1144 3831 1201 3884 δὲ
1246 3833 1357 3902 ἄρα
1407 3831 1506 3900 τὴν
1555 3828 1695 3900 μετὰ
1733 3845 1913 3897 παρα-

331 3922 647 3992 νομούντων
676 3924 988 3976 συνέλευσιν
1027 3923 1123 3978 καὶ
1154 3924 1255 3993 τὴν
1287 3925 1344 3976 ἐν
1375 3922 1642 3992 συνεδρίῳ
1683 3920 1912 3992 ματαιόσ

330 4028 495 4081 τητος
550 4011 940 4082 διαφεύγοντες
1002 4013 1332 4084 παρουσίαν,
1400 4013 1540 4066 κατὰ
1598 4011 1914 4084 συμμορίας

330 4102 484 4164 τινὰς
509 4104 567 4158 ἐν
595 4103 866 4174 οίκίσκοις
888 4105 919 4174 ἥ
943 4105 1204 4180 ἐρημίαις
1233 4104 1462 4167 ἑαυτοὺς
1491 4100 1912 4172 ἐγκλεισάμενοι

336 4197 674 4272 προσευχαῖς
705 4197 802 4249 καὶ
826 4195 1047 4267 δεήσεσι
1075 4197 1430 4270 σχολάζοντες
1477 4191 1643 4269 ἦσαν,
1699 4195 1792 4247 καὶ
1836 4192 1915 4267 τῷ

331 4289 528 4358 ἀληθεῖ
563 4292 656 4348 καὶ
697 4289 847 4366 μόνῳ
900 4290 1018 4360 Θεῷ
1048 4291 1148 4365 τὴν
1185 4289 1414 4362 λογικὴν
1449 4287 1709 4359 λατρείαν
1740 4303 1908 4357 προσ-

338 4379 622 4448 φέροντες,
651 4375 727 4435 ὧν
755 4376 832 4446 εἷς
863 4380 1020 4452 ἅγιος
1050 4383 1264 4454 ὑπῆρχε
1297 4381 1456 4455 χορὸς
1484 4382 1580 4435 καὶ
1626 4383 1652 4433 ὁ
1679 4382 1743 4456 τῇ
1775 4397 1916 4433 παν-

339 4471 576 4544 ευφήμῳ
605 4472 697 4526 καὶ
743 4471 975 4543 λαμπρᾷ
1023 4473 1262 4543 μάρτυρι
1305 4472 1567 4546 Εὐφημίᾳ
1597 4471 1917 4540 ἐλλαμπρν·

336 4565 584 4632 νόμενος,
641 4566 904 4640 Εὑφημίᾳ
934 4571 999 4635 τῇ
1031 4571 1214 4620 πᾶσαν
1256 4567 1594 4638 φερωνύμω;
1634 4569 1702 4638 τῇ
1745 4566 1916 4637 αὐτῆς

339 4657 498 4734 φήμῃ
535 4658 904 4737 περιλαϐούσῃ
935 4660 1037 4729 τὴν
1077 4663 1426 4732 οἰκουμένην,
1459 4661 1493 4731 ἢ
1543 4660 1762 4730 πατέρα
1813 4658 1914 4729 μὲν

339 4747 464 4816 ἐσχε
495 4748 593 4817 τῆς
627 4749 938 4818 συγκλήτου
963 4749 1087 4803 τινὰ
1125 4752 1221 4812 καὶ
1271 4750 1478 4804 τούτων
1505 4748 1569 4819 δὴ
1595 4749 1705 4802 τῶν
1727 4748 1918 4821 ᾅρχειν
1949 4772 1992 4831 c

338 4838 681 4908 ἠξιωμένων,
706 4841 1000 4912 Ψιλόφρων
1022 4842 1172 4912 αὐτῷ
1199 4841 1406 4912 ιδνομα,
1445 4842 1658 4913 μητέρα
1705 4841 1763 4894 δὲ
1795 4841 1921 4896 λίαν

341 4931 543 5000 εὐσεϐῆ
571 4931 672 4989 καὶ
723 4933 981 5003 κοσμίαν,
1032 4935 1484 5014 Θεοδωρησιανὴν
1535 4932 1681 4994 οὔτω
1726 4933 1924 4994 καλου-

351 5019 543 5088 μένην,
583 5019 706 5094 ἧτις
761 5026 856 5076 καὶ
899 5022 1072 5096 δῶρον
1120 5025 1186 5082 ἐκ
1234 5021 1372 5080 Θεοῦ
1420 5025 1740 5095 πενομένοις
1785 5024 1924 5079 πᾶσι

344 5109 637 5180 δεδώρητο,
691 5113 760 5166 τά
794 5115 962 5186 αὐτῆς
1028 5116 1252 5174 ἐκείνων
1307 5115 1488 5170 πάντα
1523 5114 1775 5167 ποιοῦσα.
1813 5115 1925 5168 Καὶ

344 5205 469 5275 χεὶρ
503 5206 691 5269 αὐτοῖς
743 5203 882 5268 οὖσα
931 5207 1162 5284 δαψιλής
1195 5225 1252 5262 τε
1288 5209 1384 5262 καὶ
1416 5207 1816 5282 μεγαλόδωρος,
1864 5205 1926 5271 ἐξ

349 5285 427 5348 ὧν
479 5295 744 5365 Εὑφημία
782 5283 1145 5371 προελθοῦσα,
1185 5297 1414 5367 βλαστὸς
1468 5299 1644 5368 ἐφάνη
1683 5301 1750 5370 τῇ
1801 5297 1926 5373 ῥίζῃ

349 5388 674 5461 προσήκων,
731 5391 927 5452 κλάδος
988 5389 1260 5448 ἐπινεύων
1323 5393 1406 5456 είς
1465 5393 1782 5450 θεοσέϐειαν
1833 5393 1929 5446 καὶ

349 5478 765 5555 καρπὸς·δντως
797 5482 980 5546 ἐλέους
1007 5484 1288 5546 πιότατος.

2008 2164 2194 2220 Prisco
2245 2172 2429 2221 autem
2477 2165 2618 2221 Asia:
2647 2168 2993 2236 proconsule,
3025 2169 3286 2225 adversus
3313 2169 3583 2228 Christia~

2007 2271 2108 2312 nos
2134 2258 2316 2327 gravis
2346 2257 2592 2328 spirabat
2640 2260 2973 2328 persecutio,
3008 2275 3258 2331 saevaque
3287 2271 3342 2318 et
3391 2263 3586 2319 l‘ormi.

2007 2347 2224 2403 dabilis.
2261 2348 2392 2406 Erat
2421 2358 2604 2404 autem
2628 2349 2815 2406 Prisco
2847 2365 3095 2408 asscssor
3126 2353 3346 2422 quidam
3381 2352 3585 2425 SOphi-

2007 2447 2112 2511 sta,
2138 2440 2365 2495 nomine
2388 2441 2726 2510 Apellianus,
2759 2440 2994 2513 fungens
3033 2459 3264 2499 munere
3290 2445 3585 2500 sacerdotii

2006 2531 2118 2598 dei,
2155 2533 2246 2603 qui
2279 2533 2421 2602 apud
2455 2549 2553 2588 eos
2601 2533 2736 2593 falso
2779 2532 3116 2601 nominatur,
3181 2535 3388 2592 Martis.
3445 2537 3585 2592 Cum

2006 2638 2140 2693 ergo
2190 2624 2359 2695 hujus
2393 2625 2684 2681 adulterini
2720 2626 2808 2680 dei
2875 2626 3078 2684 festum
3134 2629 3364 2682 instaret
3421 2630 3585 2682 anni-

2007 2715 2339 2778 versarium,
2380 2715 2576 2771 litterae
2627 2726 2681 2775 et
2707 2717 2887 2772 edicta
2919 2733 3018 2788 per
3053 2717 3368 2772 universam
3420 2733 3586 2774 vene.

2009 2814 2138 2859 runt
2165 2805 2596 2862 Chalcedonem.
2630 2807 2688 2862 In
2751 2823 2815 2862 ea
2851 2809 2997 2866 enim
3039 2810 3447 2881 peragebantur
3493 2825 3586 2865 sa-

2007 2897 2255 2967 criﬁcia;
2288 2915 2414 2954 nam
2441 2899 2513 2954 ibi
2549 2908 2667 2954 erat
2716 2900 2976 2970 templum
3010 2899 3216 2967 Martis,
3255 2909 3310 2956 et
3371 2901 3587 2971 insigne

2009 2991 2157 3045 illius
2187 2991 2566 3049 simulacrum.
2605 2991 2886 3050 Vocabant
2924 3002 3108 3049 autem
3131 2993 3309 3048 edicta
3335 2993 3482 3048 cives
3511 2993 3582 3048 ad

2008 3081 2229 3148 festum,
2261 3092 2317 3140 et
2339 3098 2435 3138 eos
2477 3083 2568 3156 qui
2604 3084 2923 3142 habitabant
2958 3083 3106 3139 circa
3155 3083 3580 3144 Chalcedonem.

2010 3173 2362 3232 Minabantur
2396 3191 2525 3230 vero
2556 3184 2788 3232 mortem
2831 3185 2886 3232 et
2919 3177 3185 3246 supplicia
3226 3175 3314 3244 iis,
3347 3176 3412 3231 ad
3445 3191 3586 3248 quos

2007 3280 2166 3326 erant
2199 3282 2450 3338 ventura,
2516 3271 2559 3325 si
2597 3288 2706 3326 non
2764 3273 3244 3342 persuaderentur,
3297 3279 3358 3326 ut
3389 3273 3589 3326 adora-

2011 3373 2134 3417 rent
2163 3365 2461 3421 daemones.
2485 3363 2763 3435 Tubreque
2789 3365 2933 3420 clare
2975 3375 3233 3420 sonantes
3281 3377 3336 3421 et
3367 3367 3588 3422 terribi-

2013 3455 2159 3519 liter,
2192 3467 2350 3512 erant
2381 3458 2591 3528 signum
2627 3459 2986 3512 conveniendi
3019 3459 3085 3513 ad
3141 3459 3424 3528 templum.
3454 3459 3586 3526 Qui-

2011 3548 2332 3617 buscunque
2382 3565 2512 3621 ergo
2567 3551 2899 3605 exsecranda
2939 3551 3161 3622 quidem
3223 3551 3488 3606 sacriﬁcia
3534 3563 3593 3606 et

2012 3641 2383 3695 abominanda
2446 3643 2718 3714 ejusmodi
2767 3643 2958 3715 religio
3014 3653 3136 3700 erat
3191 3645 3338 3711 odio,
3395 3654 3589 3700 contra

2013 3739 2196 3784 autem
2222 3729 2379 3786 ﬁrma
2409 3726 2542 3786 'erat
2571 3733 2856 3797 sanctitas,
2918 3743 2976 3788 et
3011 3734 3206 3804 pietas,
3260 3743 3314 3791 et
3351 3735 3482 3789 lidcs
3531 3735 3586 3790 in

2014 3821 2322 3885 Christum,
2363 3822 2404 3876 ii
2453 3823 2690 3878 vitantes
2743 3827 3188 3896 congressionem
3227 3841 3352 3882 cum
3411 3827 3593 3898 impiis

2014 3921 2071 3967 et
2094 3913 2389 3970 concilium
2421 3915 2700 3981 vanitatis,
2731 3932 2830 3986 per
2866 3917 3129 3986 quasdam
3171 3918 3375 3974 classes
3414 3933 3472 3974 se
3534 3921 3592 3974 in

2015 4005 2268 4060 domibus
2297 4006 2660 4072 includentes,
2681 4010 2850 4065 autin
2878 4010 3290 4079 solitudinibus,
3327 4013 3595 4067 vacabant

2014 4096 2274 4167 precibus
2310 4108 2364 4154 et
2398 4099 2765 4164 orationibus,
2820 4117 3061 4172 veroque
3094 4111 3150 4157 et
3181 4103 3281 4158 soli
3331 4103 3438 4159 Deo
3481 4105 3597 4158 cul-

2020 4201 2132 4244 tum
2164 4189 2471 4250 offerebant
2503 4193 2848 4249 rationalem.
2902 4193 3146 4260 Quorum
3181 4212 3324 4251 unus
3375 4213 3597 4268 quoque

2020 4293 2139 4339 erat
2168 4284 2396 4348 chorus,
2425 4286 2516 4356 qui
2544 4287 2815 4357 imprimis
2847 4287 3136 4343 benedicta
3186 4299 3242 4344 et
3277 4293 3422 4344 clara
3448 4306 3597 4344 mar-

2021 4385 2136 4447 tyre
2171 4376 2472 4447 Euphemia
2529 4377 2916 4444 deoarabatur,
2984 4379 3299 4452 Euphemia.
3349 4381 3592 4451 inquam.

2017 4483 2136 4538 quae
2169 4469 2566 4527 convenienter
2615 4487 2718 4526 suo
2754 4473 2966 4527 nomini
3030 4473 3346 4529 universum
3404 4475 3591 4527 orbem

2021 4571 2181 4617 terrae
2210 4575 2308 4615 sua
2339 4561 2482 4618 fama
2508 4572 2626 4618 erat
2657 4563 2961 4634 complexa.
2981 4565 3113 4630 Quae
3142 4576 3352 4635 patrem
3375 4565 3594 4636 quidem

2022 4652 2255 4706 habebat
2293 4652 2589 4721 quemdam
2611 4669 2641 4707 e
2665 4664 2877 4719 senatu,
2905 4665 2961 4709 et
2995 4655 3086 4725 qui
3121 4647 3333 4725 aliquot
3357 4666 3600 4726 gesserat

2026 4743 2423 4813 magistratus:
2485 4755 2603 4799 erat
2655 4753 2839 4800 autem
2894 4745 2944 4800 ei
3004 4762 3200 4804 nomen
3262 4747 3596 4817 Philophron

2027 4831 2482 4907 [Pliilosophrom
2515 4833 2651 4906 Ado]
2687 4849 2700 4886 :
2731 4847 2961 4895 matrem
2990 4852 3122 4893 vero
3158 4836 3318 4896 valde
3353 4837 3496 4908 piam
3543 4847 3601 4892 et

2023 4912 2332 4990 honestam,
2367 4942 2489 4996 qua:
2513 4927 2813 4981 vocabatur
2861 4927 3233 4987 Theodorosia
3263 4928 3598 5002 [Theodora,

2022 5019 2200 5090 Adoj:
2230 5035 2350 5090 quae
2378 5022 2540 5075 etiam
2585 5035 2614 5074 a
2645 5020 2755 5076 Deo
2786 5021 2989 5076 donum
3039 5022 3162 5079 data
3188 5021 3364 5076 fuerat
3418 5023 3600 5076 enmi-

2023 5111 2128 5165 bus
2154 5112 2466 5184 egentibus,
2517 5113 2732 5170 illorum
2794 5113 3003 5170 faciens
3068 5114 3274 5180 omnia,
3328 5131 3448 5184 qua:
3501 5131 3598 5170 sua

2025 5213 2204 5268 erant,
2235 5213 2290 5260 et
2315 5205 2474 5274 cujus
2505 5214 2626 5262 erat
2652 5208 2707 5261 in
2741 5221 2836 5260 eos
2893 5220 3089 5260 manus
3137 5206 3280 5277 larga
3317 5215 3373 5261 et
3421 5207 3601 5260 muni-

2028 5294 2151 5348 lica.
2177 5293 2254 5350 Ex
2286 5296 2486 5367 quibus
2531 5306 2650 5357 orta
2711 5298 3034 5367 Euphemia,
3092 5299 3344 5370 apparuit
3377 5313 3602 5368 germen

2029 5387 2198 5443 radici
2227 5387 2587 5456 conveniens,
2621 5404 2808 5442 ramus
2833 5404 3082 5448 annuens
3111 5389 3176 5444 ad
3207 5389 3469 5458 pietatem
3508 5403 3604 5442 ve-

2031 5494 2261 5548 ramque
2295 5480 2642 5552 religionem,
2670 5491 2726 5535 et
2751 5481 2913 5552 longe
2963 5481 3354 5552 pinguissimus
3394 5479 3604 5539 fructus

1917 5579 1924 5586 '
2031 5572 2448 5627 misericordiae.

428 5665 506 5720 B'.
547 5665 660 5735 Τῆς
703 5660 800 5718 οὖν
852 5665 1176 5740 δαιμονικῆς
1240 5665 1457 5737 ἐκείνης
1504 5666 1932 5736 ἐπιτελουμένης

355 5755 578 5825 θυσίας,
626 5756 979 5821 mamma;
1033 5757 1096 5809 οὐ
1133 5760 1596 5827 παροπτέα,οὑδὲ
1648 5761 1933 5830 φροντίδος

685 5851 952 5920 Ρλτιιοιρ.
1001 5850 1119 5918 Gn.
1167 5851 1340 5922 CXV.

2104 5667 2170 5722 ll.
2202 5667 2342 5723 Cum
2391 5666 2522 5722 illud
2563 5683 2692 5737 ergo
2750 5668 3060 5724 daemonum
3129 5679 3482 5742 perageretur
3522 5683 3610 5725 εστ

2032 5759 2321 5827 oriﬁcium,
2341 5773 2450 5816 non
2477 5759 2886 5833 negligendum,
2917 5763 3013 5818 sed
3039 5762 3271 5818 maxime
3301 5759 3607 5825 curandum

3289 5850 3362 5922 23
