4002 6502
451 375 556 437 715

1690 362 1975 424 MENSIS
2012 361 2481 427 SEPTEMBER.

3592 368 3691 435 ’116

451 491 660 547 ducens
691 488 837 543 hunc
891 494 1091 541 coetum
1132 483 1344 554 piorum
1396 479 1731 551 Apeltiauus,
1775 494 1904 534 cum
1951 480 2018 534 de

2131 479 2324 547 ἀνάξια
2358 481 2425 535 τὰ
2464 481 2608 536 κατά
2636 481 2728 537 τὸν
2757 481 2986 554 θεοσεϐῆ
3012 483 3199 539 τοῦτον
3231 484 3417 539 θίασον
3445 485 3690 557 θέμενος.

452 596 520 635 eo
551 579 846 650 diligenter
895 575 1253 645 inquisiisset,
1285 580 1339 626 et
1394 571 1594 626 certior
1650 571 1824 624 factus
1855 578 2021 633 esset,

454 687 518 726 ea
573 668 843 740 signiﬁcat
873 665 1210 739 proconsuli.
1245 663 1504 719 Protinus
1543 670 1726 716 autem
1780 675 2027 731 compre-

454 762 713 818 henditur
744 776 868 813 cum
902 759 1071 813 multa
1101 758 1206 812 alia
1245 757 1539 813 multitudo
1562 755 2022 823 Christianorum,

453 865 567 909 tum
617 853 735 924 ipse
769 866 987 922 quoque
1011 850 1232 905 divinus
1263 850 1487 915 chorus,
1523 848 1576 902 in
1609 862 1720 918 quo
1754 855 1871 902 erat
1888 862 2026 917 prae-

451 948 595 999 clara
628 947 745 998 haec
791 943 943 1014 virgo
974 940 1449 1012 Eupbemia,quze
1500 950 1556 995 et
1609 938 1856 1009 corporis
1906 937 2028 1009 pul-

452 1034 790 1097 chritudine,
845 1041 900 1086 et
932 1030 1147 1085 virtutis
1202 1030 1410 1099 specie,
1463 1038 1518 1084 et
1552 1029 1728 1084 aetatis
1761 1028 1913 1095 ﬂore,
1971 1036 2026 1083 et

453 1123 670 1196 generis
699 1121 969 1186 claritate,
1011 1122 1156 1175 inter
1200 1136 1293 1175 eos
1321 1119 1539 1175 lucebat
1571 1120 1738 1176 veluti
1758 1121 1915 1177 stella
1941 1119 2028 1175 lu-

448 1216 753 1270 cidissima.
786 1213 870 1269 Ad
925 1212 1283 1284 quadraginta
1332 1220 1515 1267 autem
1548 1222 1602 1267 et
1653 1227 1851 1268 novem
1889 1229 2026 1268 con-

450 1315 800 1379 gregatarum
832 1313 951 1360 erat
988 1303 1081 1359 ille
1115 1318 1269 1359 sacer
1293 1302 1521 1358 chorus.
1556 1302 1663 1369 Qui
1710 1319 1837 1358 cum
1892 1302 2027 1358 fuis-

449 1407 577 1454 sent
610 1395 1019 1467 comprehensi,
1073 1393 1322 1464 producti
1371 1404 1501 1449 sunt
1567 1394 1623 1449 in
1670 1404 2024 1465 conspectum

453 1487 823 1559 proconsulis.
878 1487 973 1541 llle
1008 1494 1193 1540 autem
1229 1500 1325 1540 eos
1350 1486 1509 1555 prius
1537 1485 1807 1541 inducens
1833 1485 2027 1541 admo-

450 1580 687 1646 nitione,
707 1577 1008 1633 conabatur
1029 1577 1303 1631 abducere
1331 1592 1364 1630 a
1399 1577 1626 1647 pietate,
1658 1576 1818 1631 bonis
1866 1583 2025 1632 terrae

446 1670 643 1726 volens
673 1686 767 1723 eos
794 1668 1129 1731 demulcere,
1163 1667 1255 1736 qui
1290 1666 1583 1736 cupiebant
1629 1666 1895 1729 coelestia,
1942 1665 2027 1720 di-

2123 572 2239 626 ἀλλ’
2268 572 2342 636 ὡς
2378 573 2617 639 μάλιστα
2646 576 3165 647 περιεργασάμενος
3199 579 3294 631 καὶ
3319 576 3531 648 μαθὼν,
3558 578 3695 650 δῆλα

2123 662 2299 718 ταῦτα
2346 666 2425 735 τῷ
2455 665 2753 738 ἀνθυπάτῳ
2803 670 2972 732 ποιεῖ,
3024 667 3120 721 καὶ
3167 669 3509 739 παραχρῆμα
3547 687 3695 724 συνε-

2123 753 2460 827 λαμϐάνοντο
2486 756 2621 812 ἄλλα
2652 775 2713 811 τε
2750 758 2924 813 πολλὰ
2947 758 3057 812 τῶν
3094 760 3444 830 Χριστιανῶν
3490 759 3695 833 πλήθη,

2126 849 2221 902 καὶ
2240 849 2403 914 αὐτὸς
2427 852 2455 903 ό
2485 848 2630 914 θεῖος
2657 843 2812 913 οὗτος
2840 850 3023 923 χορὸς,
3076 850 3134 914 ὃς
3161 851 3412 905 ὲπλούτει
3442 853 3540 924 τὴν
3569 853 3701 907 καλ-

2124 939 2454 1008 λιπάρθενον
2510 940 2828 1011 Εύφημίαν,
2863 941 2900 1011 ἢ
2946 940 3135 995 κάλλει
3187 958 3246 995 τε
3298 942 3550 1013 σώματος
3602 944 3703 997 καὶ

2124 1031 2327 1104 ἀρετῆς
2353 1031 2497 1103 ὥρᾳ,
2536 1032 2690 1086 ἄνθει
2741 1049 2803 1085 τε
2860 1032 3079 1103 ἡλικίας
3111 1037 3206 1087 καὶ
3241 1034 3434 1102 γένους
3470 1051 3739 1105 περιφα-ι

2124 1124 2266 1196 νείᾳ,
2319 1125 2487 1195 μέσον
2531 1124 2712 1178 αὐτῶν
2768 1125 2907 1179 κατὰ
2956 1126 3084 1188 τοὺς
3125 1125 3414 1197 λαμπροὺς
3461 1127 3705 1198 ἀστέρας

2125 1213 2423 1284 λάμπουσα
2455 1209 2547 1284 ἦν.
2583 1215 2677 1274 Εἰς
2704 1216 2862 1269 ἐννέα
2915 1215 3016 1286 μὲν
3037 1214 3130 1268 οῦν
3152 1218 3246 1269 καὶ
3273 1218 3702 1288 τεσσαράκοντα

2125 1306 2356 1377 τδίερὸν
2406 1307 2585 1361 ἐκεῖνο
2642 1306 2961 1360 συνείλεκτο
3012 1306 3311 1377 ἄθροισμα,
3366 1308 3417 1361 οἳ
3448 1308 3543 1362 καὶ
3574 1310 3707 1361 κατ’

2122 1399 2247 1470 ὄψιν
2284 1400 2409 1452 ἐπεὶ
2441 1398 2859 1470 συνελήφθησαν
2885 1398 2963 1468 τῷ
2987 1398 3290 1470 ἀνθυπάτῳ
3321 1399 3704 1470 παρέστησαν

2123 1495 2152 1547 ὁ
2180 1491 2238 1546 δὲ
2262 1491 2589 1562 παραινέσει
2623 1491 2890 1563 πρότερον
2917 1491 3158 1560 ἀπάγειν
3198 1491 3401 1555 αὐτοὺς
3436 1492 3709 1562 ἔπειρᾶτο

2125 1584 2229 1651 τῆς
2259 1585 2566 1649 εὐσεϐείας,
2608 1586 2723 1648 τοῖς
2760 1584 2986 1652 ἀγαθοῖς
3015 1587 3117 1655 τῆς
3148 1584 3252 1654 γῆς
3306 1583 3522 1652 θέλγειν
3576 1582 3707 1653 βου-

2126 1677 2371 1747 λόμενος,
2425 1676 2553 1740 τοὺς
2597 1675 2710 1730 τῶν
2745 1715 2761 1732 .
2797 1715 2812 1730 .
2850 1714 2867 1732 .
2905 1714 2921 1730 .
2968 1718 2981 1730 .
3024 1714 3038 1730 .
3073 1676 3427 1746 εφισμένους,
3454 1673 3702 1741 Θύσατε,

444 1759 611 1815 cebat
639 1759 787 1813 enim
825 1774 839 1812 :
873 1756 1190 1811 Sacriticate
1226 1770 1423 1825 magno
1447 1755 1560 1808 deo
1590 1753 1771 1817 Marti,
1817 1758 1880 1806 ut
1906 1751 2022 1822 ejus

2126 1768 2326 1837 λέγων,
2376 1767 2457 1839 τῷ
2514 1767 2734 1838 μεγάλῳ
2797 1764 2904 1836 θεῷ
2953 1768 3112 1839 ’Λρει
3141 1767 3218 1831 ὡς
3244 1766 3312 1820 ἂν
3340 1767 3440 1836 τῆς
3471 1783 3531 1819 τε
3566 1765 3708 1837 παρ’

448 1849 857 1914 benevolentia,
901 1858 957 1902 et
988 1848 1059 1902 ab
1106 1820 1531 1918 imperatoribus
1557 1846 1734 1901 danda
1763 1820 2021 1899 felicitate

2125 1820 2294 1916 αὐτοῦ
2312 1820 2326 1834 1
2348 1820 2653 1933 εὺρενὲιαὶξ
2687 1820 2784 1914 καὶ
2810 1820 2911 1930 τῆς
2954 1820 3325 1929 ἐκιβασιλέων
3348 1820 3711 1929 ιύδαιμονίας

447 1959 547 1999 vos
588 1943 784 2013 dignos
846 1939 1115 2001 elliciatis,
1175 1948 1231 1993 et
1305 1937 1541 2009 plurima
1615 1934 2023 2006 consequamini

446 2050 675 2090 munera
698 2043 755 2089 et
778 2034 1045 2087 honores.
1078 2030 1180 2086 Cui
1208 2029 1427 2086 divinus
1484 2029 1572 2083 ille
1623 2029 1846 2094 chorus,
1901 2036 2025 2081 tan-

438 2140 611 2197 quam
651 2140 758 2179 uno
812 2122 994 2176 animo
1022 2131 1078 2176 et
1128 2136 1237 2175 uno
1285 2134 1426 2175 ore:
1489 2118 1626 2184 Nos,
1660 2119 1938 2185 dixerunt,
1989 2133 2024 2174 ο

436 2215 764 2290 proconsul,
804 2215 973 2270 Deum
1030 2228 1226 2269 verum
1266 2213 1447 2270 colere
1502 2211 1810 2281 didicimus,
1868 2210 2025 2284 cujus

446 2316 620 2372 uerbo
658 2331 725 2369 ex
758 2313 829 2368 iis
871 2327 991 2383 quae
1024 2326 1133 2366 non
1169 2321 1327 2366 erant
1379 2311 1739 2367 constitutum
1785 2319 1869 2366 est
1902 2311 2026 2366 uni-

451 2421 698 2470 versum,
723 2404 923 2460 calum
950 2411 1006 2457 et
1033 2412 1198 2467 terra,
1229 2411 1285 2456 et
1304 2401 1487 2456 omnia
1511 2417 1630 2472 quae
1661 2403 1868 2456 suntin
1903 2402 2019 2469 eis;

446 2513 629 2567 neque
655 2497 822 2551 ullum
844 2495 1016 2550 alium
1050 2492 1220 2549 Deum
1247 2477 1474 2560 scimus,
1513 2502 1709 2563 praeter
1732 2494 1902 2561 hunc,
1932 2509 2026 2549 ne-

447 2606 556 2660 que
606 2589 837 2645 adorare
898 2586 1087 2658 (absit,
1150 2585 1268 2641 Rex
1320 2584 1558 2658 Christe)
1610 2586 2020 2642 sustinebimus.

448 2683 566 2740 Tua
599 2692 784 2737 autem
809 2681 952 2735 dona
982 2688 1038 2732 et
1073 2679 1310 2733 honores
1343 2678 1480 2735 alios
1507 2678 1767 2743 alliciant,
1819 2693 2024 2749 eosque

438 2772 542 2844 qui
575 2780 704 2827 sunt
726 2768 1084 2841 pusillanimi,
1129 2779 1183 2823 et
1210 2784 1381 2839 parva
1430 2769 1853 2840 concupiscunt,
1886 2769 2024 2825 deli-

429 2868 621 2921 .niant.
656 2862 780 2917 llaec
802 2862 949 2916 enim
973 2876 1004 2915 a
1048 2861 1209 2917 nubis
1262 2862 1415 2931 parvi
1454 2860 1609 2927 ﬁunt,
1640 2872 1693 2917 et
1736 2863 1824 2917 vix
1860 2863 2020 2918 ullam

435 2971 639 3012 eorum
673 2955 925 3009 ducimus
951 2953 1243 3018 rationem,
1270 2968 1393 3008 cum
1426 2954 1602 3009 solum
1638 2969 1893 3010 amemus
1926 2959 2023 3011 lio-
2076 2944 2081 2947 ’

445 3061 662 3112 norem,
688 3045 779 3115 qui
814 3053 898 3099 est
931 3044 985 3098 in
1020 3042 1196 3109 oculis,
1226 3057 1387 3112 quem
1436 3045 1602 3098 vitam
1655 3044 2018 3102 immortalem

445 3148 502 3193 et
536 3151 763 3208 regnum
808 3134 902 3188 Dei
932 3149 1212 3189 vocamus.
1238 3132 1330 3189 Sic
1355 3134 1575 3205 quidem
1597 3135 1733 3190 dixit
1754 3136 1844 3191 ille
1892 3138 2009 3209 glo‘
2045 3165 2087 3220 ε

431 3230 627 3284 ,riosus
659 3227 954 3294 exercitus,
1012 3225 1108 3295 qui
1153 3225 1393 3281 habebat
1426 3226 1634 3281 ducem
1679 3227 2020 3282 benedictam

429 3317 829 3389 Euphemiam.

513 3410 605 3467 lll.
629 3410 912 3483 Tyrannus
935 3416 1116 3462 autem
1134 3421 1204 3462 ne
1223 3406 1299 3464 sic
1320 3404 1538 3477 quidem
1562 3406 1862 3475 desperans
1882 3407 2019 3473 fore,

449 3512 512 3558 nt
568 3503 648 3557 eis
679 3501 1055 3573 persuaderet,
1105 3499 1201 3554 sed
1252 3498 1353 3553 sibi
1404 3498 1607 3554 bonam
1637 3499 1705 3554 de
1735 3499 1815 3554 eis
1868 3514 2021 3570 spem

445 3596 698 3667 praebens
768 3592 1161 3665 (admirabatur
1213 3591 1359 3645 enim
1413 3591 1533 3645 illos
1616 3590 1910 3663 aspiciens,
1966 3601 2023 3647 et

446 3688 639 3744 videns
708 3686 924 3739 illorum
979 3681 1202 3737 liberale
1271 3682 1571 3753 ingenium,
1623 3692 1679 3738 et
1725 3698 2022 3756 generosos

444 3776 694 3847 spiritus,
727 3787 907 3843 neque
939 3771 1157 3826 volebat
1192 3779 1301 3826 tam
1335 3771 1627 3842 pulchrum
1671 3782 1728 3827 et
1760 3782 2018 3827 ornatum

443 3876 645 3923 emtum
669 3880 843 3937 poena
872 3861 1058 3934 attici),
1100 3861 1231 3919 fecit
1262 3878 1451 3917 rursus
1485 3863 1790 3933 periculum
1816 3874 2019 3936 marty-

442 3974 566 4014 rum
610 3958 956 4020 conﬂantiae,
990 3962 1048 4010 et
1088 3970 1201 4026 pro
1233 3955 1440 4012 viribus
1471 3955 1678 4011 studuit
1727 3971 1821 4011 eos
1854 3972 1885 4011 a
1920 3971 2017 4010 sua

445 4052 730 4109 traducere
755 4050 1028 4106 sententia
1052 4066 1066 4102 :
1091 4049 1226 4103 Cum
1264 4047 1503 4113 videam,
1530 4046 1745 4114 dicens,
1780 4047 1835 4103 in
1862 4049 2018 4105 vobis

442 4147 672 4203 multam
720 4147 938 4202 elucere
988 4143 1427 4215 intelligentiam,
1473 4144 1543 4199 de
1617 4153 1795 4199 vestra
1844 4156 2018 4201 muta-

392 4230 397 4237 ’
441 4243 594 4295 tione
628 4240 870 4294 nondum
901 4252 1052 4309 spem
1084 4236 1306 4307 abjicio,
1333 4235 1431 4291 sed
1462 4235 1576 4291 scio
1634 4235 1773 4303 fore,
1804 4238 2016 4293 utmihi

396 4325 403 4331 ’
444 4331 688 4386 credatis
708 4329 1026 4386 consulenti
1053 4342 1140 4393 ea,
1167 4341 1290 4397 quae
1316 4336 1444 4382 sunt
1473 4327 1623 4382 bona
1639 4335 1694 4383 et
1739 4328 1913 4392 utilia,
1961 4339 2018 4386 et

442 4440 558 4481 non
590 4440 692 4497 pro
717 4424 937 4480 honore
963 4422 1178 4493 eligatis
1211 4421 1589 4493 ignominiam,
1649 4432 1706 4478 et
1736 4438 1837 4494 pro
1872 4424 2014 4479 deli—

440 4514 545 4571 ciis
591 4526 648 4570 et
691 4513 862 4585 gloria
910 4513 1169 4579 dedecus,
1229 4522 1284 4567 et
1328 4511 1513 4568 videre
1559 4521 1666 4568 tam
1722 4515 2014 4585 pulchram

435 4606 781 4677 iuventutem
811 4612 868 4660 et
890 4602 1080 4658 liorem
1109 4603 1376 4675 corporis,
1434 4620 1556 4674 qua:
1585 4612 1712 4659 sunt
1760 4607 2016 4661 omnibus

443 4694 1210 4766 bominibusjucundissima,
1240 4694 1496 4766 gravibus
1539 4695 1833 4749 tormentis
1874 4695 2014 4751 allici

441 4798 498 4845 et
528 4787 748 4844 laniari.
782 4786 863 4842 Ad
895 4786 1011 4841 haec
1040 4799 1232 4841 rursus
1276 4784 1445 4839 libere
1502 4783 1674 4837 sancti
1725 4800 1739 4836 :
1769 4781 1899 4848 Nos,
1930 4784 2017 4840 di-

444 4888 663 4944 xerunt,
695 4891 727 4932 ο
748 4875 1065 4947 proconsul,
1102 4867 1294 4929 eadem
1336 4888 1537 4928 rursus
1580 4873 1836 4940 dicimus,
1867 4874 2015 4944 quod

440 4971 739 5027 maximum
784 4969 1160 5026 existimamus
1197 4968 1455 5030 dedecus,
1509 4965 1554 5019 si
1608 4981 1737 5021 cum
1775 4976 2013 5021 mentem

435 5072 496 5117 et
552 5060 967 5131 intelligentiam
999 5072 1029 5111 a
1087 5056 1198 5110 Deo
1227 5055 1624 5126 acceperimus,
1669 5056 1801 5109 deos
1829 5055 2016 5109 nomi-

435 5165 636 5205 nemus
664 5165 726 5204 ea
760 5164 880 5218 quae
913 5154 1020 5203 non
1047 5155 1177 5202 sunt
1200 5145 1380 5201 solum
1423 5154 1569 5200 muta
1603 5155 1658 5200 et
1686 5145 1872 5211 surda,
1918 5145 2015 5201 sed

438 5245 605 5298 etiam
631 5253 815 5297 mente
846 5250 900 5294 et
921 5256 1086 5297 sensu
1117 5254 1307 5294 vacua.
1338 5238 1471 5304 Quae
1496 5246 1686 5292 autem
1713 5238 1871 5293 nobis
1924 5240 2010 5292 in-

437 5339 582 5394 feres
601 5335 907 5407 supplicia,
941 5343 1150 5390 tantum
1214 5333 1388 5399 abest,
1423 5342 1483 5387 ut
1517 5347 1580 5387 ea
1634 5332 2013 5388 existimemus

438 5428 728 5496 terribilia,
769 5435 838 5482 ut
889 5436 1083 5482 contra
1126 5425 1295 5497 magis
1336 5423 1645 5490 timeamus,
1704 5439 1775 5477 ne
1816 5424 1860 5478 si
1905 5422 2015 5477 siut

439 5521 578 5577 levia
601 5530 658 5575 et
680 5519 987 5584 moderata,
1006 5533 1115 5573 non
1140 5517 1356 5587 possint
1380 5530 1504 5571 esse
1537 5516 1670 5570 satis
1698 5523 2011 5569 accuratum

439 5613 807 5669 testimonium
876 5612 968 5667 Dei
1026 5615 1082 5665 in
1132 5626 1233 5666 nos
1287 5608 1509 5666 virtutis
1591 5617 1646 5664 et
1737 5608 2012 5678 potentiae.

438 5704 548 5761 Sed
599 5720 669 5760 ne
705 5704 986 5775 prolixiori
1040 5705 1212 5759 utaris
1279 5703 1550 5769 oratione,
1613 5702 1696 5757 l‘ac
1756 5703 1877 5772 ejus
1934 5702 2012 5756 rei

429 5794 742 5861 periculum
803 5807 910 5851 :et
964 5805 1092 5853 tunc
1152 5795 1295 5851 scies
1364 5801 1574 5865 aperte,
1614 5804 1739 5850 ‘nos
1794 5793 2009 5848 facilius

2123 1955 2308 2021 ἀξίους
2337 1954 2566 2017 ἑαυτοὺς
2596 1954 3003 2024 καταστήσητε,
3029 1951 3125 2007 καὶ
3163 1949 3382 2020 δωρεῶν
3428 1948 3712 2003 πλείστων

2123 2041 2475 2114 ἀπολαύσητε
2548 2044 2646 2096 καὶ
2695 2041 2897 2113 τιμῶν
2952 2040 3089 2111 πρὸς
3129 2039 3190 2094 ὃν
3230 2042 3260 2093 ὁ
3300 2039 3442 2104 θεῖος
3492 2040 3712 2101 ἐκεῖνος

2124 2136 2306 2206 χορὸς,
2332 2132 2523 2204 ὥσπερ
2544 2135 2609 2186 ὲκ
2626 2134 2754 2204 μιᾶς
2773 2132 2868 2185 καὶ
2880 2132 3060 2202 ψυχῆς
3078 2131 3171 2185 καὶ
3186 2128 3457 2200 γλώττης,
3482 2130 3707 2200 Ἡμεῖς,

2123 2224 2425 2288 ἀνθύπατε,
2450 2220 2603 2279 εἷπον
2616 2267 2629 2291 ,
2650 2222 2936 2296 λατρεύειν
2957 2221 3150 2293 ἀληθεῖ
3164 2219 3283 2290 Θεῷ
3311 2220 3600 2291 δεδιδάγμε
3609 2219 3706 2287 θα,

2123 2313 2187 2373 οῦ
2222 2318 2430 2390 ῥήματι
2462 2319 2526 2370 ἐκ
2558 2316 2634 2388 μὴ
2658 2316 2829 2371 ὄντων
2870 2316 3079 2385 ὑπέστη
3109 2315 3171 2368 τὸ
3198 2315 3308 2368 πᾶν
3337 2352 3354 2368 .
3476 2351 3491 2367 .
3608 2350 3625 2367 .

2123 2411 2220 2464 καὶ
2247 2412 2316 2479 γῆ
2343 2410 2438 2463 κα)¹
2466 2408 2537 2461 τὰ
2564 2411 2623 2463 ὲν
2653 2408 2839 2471 αὐτοῖς
2869 2407 3109 2473 ἅπαντα,
3134 2404 3261 2459 οῦτε
3302 2405 3357 2459 δὲ
3391 2406 3513 2460 θεὸν
3541 2406 3711 2461 ἄλλον

2124 2501 2279 2572 παρά
2309 2500 2497 2555 τοῦτον
2530 2500 2687 2569 ίσμεν
2712 2498 2838 2553 οὔτε
2866 2500 3214 2570 προσκυνεῖν,
3240 2497 3318 2568 μὴ
3331 2497 3543 2566 γένοιτό
3569 2515 3709 2551 ποτε

2124 2612 2178 2664 χ.
2212 2632 2226 2649 .
2255 2633 2270 2648 .
2302 2632 2317 2648 .
2350 2629 2365 2646 .
2417 2591 2663 2663 βασιλεῦ,
2696 2589 3025 2661 ἀνεξόμεθα,
3078 2589 3148 2642 τὰ
3178 2590 3234 2643 δὲ
3289 2589 3357 2643 σὰ
3406 2589 3555 2660 δῶρα
3609 2592 3712 2643 καὶ

2123 2685 2178 2738 αί
2235 2686 2396 2756 τιμαὶ
2445 2682 2621 2738 ἄλλων
2694 2681 2939 2735 ἔστωσαν
2989 2678 3295 2751 θεραπεῖαι,
3353 2680 3586 2750 μικρούς
3645 2697 3709 2733 τε

2124 2777 2220 2830 καὶ
2280 2775 2493 2847 μικρῶν
2531 2774 2877 2845 ἐπιθυμητὰς
2937 2773 3303 2841 θελγέτωσαν.
3374 2772 3541 2842 Ἡμῖν
3593 2772 3711 2843 γὰρ

2124 2867 2330 2938 φαύλου
2361 2868 2521 2936 λόγου
2554 2869 2651 2922 καὶ
2688 2866 2785 2921 τοῦ
2830 2864 3090 2935 τυχόντος
3147 2863 3276 2931 ἄξια
3317 2864 3516 2933 ταῦτα,
3568 2867 3710 2935 μιᾶς

2126 2961 2299 3032 μόνης
2329 2960 2500 3032 ἐρῶσι
2532 2960 2699 3031 τιμῆς
2730 2959 2834 3031 τῆς
2868 2961 2925 3013 ἐν
3051 2998 3067 3014 .
3217 2996 3234 3013 .
3380 2995 3399 3013 .
3542 2958 3612 3029 ῆν
3641 2956 3713 3028 δὴ

2124 3056 2217 3107 καὶ
2245 3054 2520 3108 ἀθάνατον
2577 3054 2725 3126 ζωὴν
2774 3056 2870 3110 καὶ
2922 3055 3204 3128 βασιλείαν
3229 3051 3369 3108 Θεοῦ
3402 3052 3591 3107 καλεῖν
3621 3050 3708 3104 οε-

2126 3141 2315 3212 δαμεν.
2336 3141 2493 3195 Οὕτω
2526 3142 2627 3213 μὲν
2660 3139 2754 3198 οὖν
2774 3147 2802 3198 ὁ
2825 3145 3135 3210 καλλίνικος
3165 3148 3374 3209 ἐκεῖνος
3400 3143 3507 3215 ἔφη
3535 3157 3710 3212 στρα-

2123 3233 2236 3299 τὸς,
2282 3235 2348 3304 τῇ
2396 3236 2743 3308 πανευφήμφ
2792 3237 3269 3311 στρατηγούμενος
3302 3235 3591 3306 Εύφημίᾳ.

2195 3382 2271 3439 Γ’.
2329 3384 2389 3439 '0
2418 3384 2682 3458 τύραννος
2731 3388 2790 3442 δὲ
2839 3388 2902 3442 τὸ
2952 3388 3308 3459 μεταπείσειν
3350 3386 3550 3451 αὐτοὺς
3589 3387 3705 3440 οὐδ’

2123 3473 2295 3538 οὕτως
2317 3477 2724 3548 ἀπαγορεύσει·
2752 3478 2891 3533 ἀλλά
2912 3481 3006 3533 καὶ
3028 3479 3109 3533 ἔτι
3133 3483 3375 3551 χρηστὰς
3399 3479 3705 3532 ὑποτείνων

2118 3564 2307 3634 ἐαυτῷ
2339 3569 2433 3630 τὰς
2462 3568 2687 3634 ἐλπίδας
2745 3569 3047 3642 (ἐθαύμασε
3071 3573 3180 3643 γὰρ
3206 3574 3451 3635 ἐκείνους
3480 3569 3707 3642 βλέπων

2122 3657 2410 3728 ἐλεύθερόν
2440 3676 2501 3712 τε
2538 3662 2680 3732 ὀρῶν
2706 3662 2982 3732 φρόνημα,
3010 3664 3106 3716 καὶ
3124 3663 3306 3735 ψυχῆς
3353 3664 3704 3734 παράστημα

2122 3749 2362 3816 εὐγενὲς,
2422 3750 2518 3804 καὶ
2572 3752 2674 3805 οὐκ
2726 3751 2990 3823 ἠϐούλετο
3041 3753 3393 3825 ζημιωθῆναι
3432 3753 3698 3823 σύστημα

2120 3838 2264 3893 οὕτω
2294 3841 2523 3911 κόσμιον
2556 3843 2653 3895 καὶ
2684 3841 2895 3913 καλὸν),
2924 3845 3267 3917 ἀπεπειρᾶτο
3295 3847 3389 3898 καὶ
3411 3839 3573 3908 αὖθις
3594 3846 3704 3915 τῆς

2126 3935 2494 4005 στερρότητος
2520 3934 2629 3989 τῶν
2666 3936 2992 4006 μαρτύρων,
3032 3937 3124 3991 καὶ
3167 3936 3245 4001 ὡς
3279 3931 3392 3990 οἷόν
3422 3954 3484 3991 τε
3524 3954 3705 4007 μετα-

2120 4026 2334 4079 πείθειν
2359 4028 2555 4090 αύτοὺς
2576 4026 2856 4093 ἔσπευδεν,
2899 4027 3075 4098 Ὀρῶν
3104 4028 3255 4099 ὑμῖν,
3276 4028 3470 4095 λέγων,
3492 4030 3704 4101 πολλὴν

2124 4118 2258 4191 ὅσην
2283 4119 2690 4190 ἐμφαινομένην
2715 4121 2814 4189 τὴν
2844 4119 3085 4186 σύνεσιν,
3118 4122 3218 4174 οὐκ
3262 4121 3585 4175 ἀνέλπιστον
3615 4126 3703 4178 ἔτι

2120 4211 2219 4265 καὶ
2243 4212 2346 4280 τήν
2387 4210 2694 4281 μεταϐολὴν
2718 4210 2999 4282 ποιοῦμαι,
3035 4210 3150 4266 ἀλλ’
3193 4207 3292 4266 οἶδ’
3317 4214 3399 4267 ὅτι
3443 4214 3537 4268 καὶ
3578 4224 3703 4269 πειε

2123 4302 2391 4375 σθήσεσθέ
2424 4317 2516 4374 μοι
2545 4302 2616 4355 τὰ
2638 4305 2854 4375 χρηστά
2908 4304 3350 4375 συμϐουλεύοντι,
3384 4307 3605 4361 καὶ-οὐκ
3630 4307 3705 4363 ἂν

2120 4395 2332 4450 ἕλοισθε
2373 4396 2601 4467 ἀτιμίαν
2648 4397 2772 4450 ἀντὶ
2818 4397 3009 4468 τιμῆς,
3043 4399 3138 4453 καὶ
3185 4400 3311 4453 ἀντὶ
3350 4402 3561 4471 τρυφῆς
3600 4404 3710 4456 καὶ

2046 4498 2091 4554 ι)
2112 4486 2282 4558 ’δόξης
2303 4487 2590 4558 αίσχύνην,
2613 4487 2786 4541 καὶτὸ
2816 4487 2945 4543 ίδεῖν
2981 4490 3210 4561 νεότητα
3233 4490 3377 4544 οὕτω
3405 4493 3573 4563 καλὴν
3601 4498 3706 4547 καὶ

2111 4580 2283 4644 νᾶνθος
2306 4581 2564 4652 σώματος
2585 4582 2654 4635 τὰ
2677 4584 2845 4636 πᾶσιν
2867 4580 3175 4654 ἀνθρώποις
3199 4587 3392 4657 ἥδιστα
3430 4588 3705 4659 χαλεπαῖς

2121 4673 2376 4743 βασάνοις
2389 4672 2722 4757 ὑϐριζόμενά
2734 4690 2789 4727 τε
2807 4676 2902 4728 καὶ
2922 4677 3510 4748 σπαραττόμεναπρὶς
3529 4679 3708 4733 ταῦτα

2117 4764 2279 4819 πάλιν
2298 4766 2829 4839 εὐπαρῤησίαστοιοὶ
2846 4767 3013 4837 ἅγιοι,
3032 4768 3244 4837 Ἡμεῖς,
3265 4764 3440 4837 εἶπον,
3455 4771 3709 4826 ἀνθύπα-

2111 4873 2198 4921 τε,
2222 4860 2318 4912 καὶ
2343 4858 2608 4929 πρότερον
2632 4860 2901 4928 είπόντες,
2928 4861 3021 4912 καὶ
3045 4859 3139 4914 νῦν
3162 4861 3270 4913 τῶν
3298 4862 3426 4914 ἴσων
3456 4865 3707 4934 ἐχόμεθα

2119 4951 2313 5016 λόγων,
2350 4949 2432 5002 ὅτι
2487 4951 2751 5020 αἰσχύνην
2821 4949 3105 5021 ἡγούμεθα
3149 4955 3243 5004 καὶ
3304 4953 3595 5024 μεγίστην,
3650 4958 3704 5008 εί

2119 5039 2243 5093 νοῦν
2275 5042 2371 5094 καὶ
2403 5042 2610 5110 φρένας
2650 5040 2904 5105 λαϐόντες
2939 5044 3093 5112 ποιρά
3144 5042 3279 5095 Θεοῦ
3313 5043 3465 5107 θεοὺς
3496 5046 3702 5116 ὀνομα-

2120 5134 2311 5202 ζοιμεν
2363 5133 2432 5185 τὰ
2475 5133 2551 5202 μὴ
2602 5133 2799 5197 ἁπλῶς
2830 5133 3023 5202 ἄξωνοι
3067 5137 3163 5188 καλ⁵
3213 5139 3397 5205 κωφὰ,
3428 5137 3565 5189 ἀλλά
3603 5140 3702 5190 καὶ

2116 5225 2331 5295 φρενῶν
2362 5224 2548 5296 ἔρημα
2582 5227 2675 5278 καὶ
2703 5227 3031 5296 αἰσθήσεως.
3055 5227 3155 5290 *Ας
3183 5227 3240 5281 δὲ
3264 5231 3395 5296 ημῖν
3423 5229 3701 5290 ἐπισείεις
3778 5250 3781 5253 π

2118 5316 2407 5386 βασάνους,
2438 5316 2694 5371 τοσούτου
2729 5318 2922 5389 δέομεν
2956 5319 3198 5389 φοϐερὰς
3243 5320 3519 5389 ἡγεῖσθαι,
3551 5318 3701 5373 ὥστε

2116 5409 2428 5464 τούναντίον
2497 5410 2594 5464 καὶ
2654 5409 2971 5481 φοϐούμεθα
3014 5413 3241 5481 μᾶλλον,
3305 5413 3401 5483 μὴ,
3467 5412 3698 5482 κούφως

2116 5501 2344 5571 ἔχουσαι
2401 5505 2498 5556 καὶ
2549 5503 2812 5573 μετρίως,
2870 5503 2932 5556 ού
2999 5503 3324 5574 δυνήσονται
3388 5504 3699 5576 μαρτύριον

2117 5595 2344 5667 ἀκριϐὲς
2367 5591 2508 5648 εἶναι
2531 5595 2631 5663 τῆς
2652 5595 2749 5648 τοῦ
2780 5595 2919 5648 Θεοῦ
2954 5598 3085 5667 περὶ
3123 5596 3271 5667 ἡμᾶς
3300 5597 3483 5668 ίσχύος
3504 5613 3564 5649 τε
3599 5601 3700 5652 καὶ.

2116 5685 2421 5765 δυνάμεως.
2455 5693 2527 5745 Ἦ
2560 5690 2697 5745 ἀλλά
2745 5675 2829 5762 μὴ’
2851 5690 3011 5745 πλέον
3040 5691 3091 5744 οι
3121 5690 3294 5760 λόγοι,
3320 5695 3386 5763 τῃ
3438 5691 3609 5766 πείρα
3637 5693 3698 5746 δὲ

2118 5789 2243 5852 τοὺς
2284 5787 2541 5859 ἐλέγχους
2574 5784 2892 5857 ιπίτρεψον,
2926 5783 3021 5838 καὶ
3059 5784 3181 5837 τότε
3215 5785 3341 5857 εἴσῃ
3372 5784 3565 5854 σαφῶς
3609 5784 3698 5839 ὅτι
