4002 6508
338 424 453 495 ’ῖΠ

1455 408 1927 478 MARTYRIUM
1967 406 2031 471 Β.
2073 407 2523 477 ΕΠΡΗΕΜΙΒ.

3525 422 3633 490 718

346 542 488 615 ῥᾷον
524 538 691 611 ἡμεῖς
718 535 942 609 οίσομεν
987 534 1021 608 ἢ
1056 533 1278 601 έπάξεις
1312 533 1476 600 αὐτὸς
1517 534 1617 596 τὰς
1659 530 1935 592 κολάσεις.

2043 527 2250 585 laturos
2298 545 2424 587 esse
2491 533 2790 603 cruciatus,
2854 551 3015 610 quam
3067 546 3125 596 tu
3177 539 3255 598 sis
3320 541 3632 603 intentatu-

412 719 491 774 A’.
541 718 806 773 ’Δνάπτει
825 717 919 772 τὸν
948 717 1218 789 τύραννον
1247 716 1327 780 εἰς
1361 715 1537 787 ὀργὴν
1573 715 1604 768 6
1630 714 1811 782 λόγος,
1843 714 1943 769 καὶ

343 811 514 875 εὐθὺς
549 810 778 882 βάσανοι
809 809 934 872 τοὺς
977 809 1268 880 μάρτυρας
1300 803 1474 878 εἶχον.
1508 808 1574 861 At
1611 805 1840 878 βάσανοι
1881 806 1940 860 δὲ

340 907 408 958 οὐ
443 903 649 976 μικραὶ
672 901 796 967 οὐδὲ
823 903 917 956 ἐπὶ
963 901 1162 972 μικρὸν
1193 903 1504 974 ἀρκέσασαι
1556 901 1771 971 χρόνον,
1818 898 1941 953 ἀλλ’

341 998 440 1050 επὶ
513 994 691 1049 εἴκοσι
765 995 900 1064 μιᾶς
952 992 1183 1063 δεούσης
1239 994 1454 1066 ἡμέρας
1507 993 1937 1064 παραταθεῖσαε.

345 1088 532 1142 Ἴσασι
586 1086 645 1141 δὲ
677 1087 898 1150 πάντως
953 1087 1070 1141 ὅσοι
1109 1088 1307 1158 πεῖραν
1333 1088 1442 1141 τῶν
1494 1086 1757 1156 ἀλγεινῶν
1785 1084 1941 1156 ἐχου-

342 1196 433 1235 σιν
457 1221 475 1246 ,
544 1181 630 1233 ὅτι
694 1179 933 1250 πληγαῖς
990 1178 1243 1251 σώματος
1298 1179 1679 1249 ἐπιγινόμεναι
1776 1176 1938 1232 πάλιν

351 1273 569 1343 ἕτεραι,
613 1272 781 1341 μήπω
840 1275 940 1343 τῆς
991 1272 1264 1343 προτέρας
1298 1270 1778 1342 ύπομαρανθείσης
1819 1269 1940 1323 ὀδύ-

344 1382 465 1434 νης,
530 1363 672 1417 ἀλλά
723 1363 786 1416 τὸ
840 1361 1071 1434 σφοδρὸν
1110 1363 1190 1416 ἔτι
1239 1363 1334 1416 καὶ
1393 1360 1644 1433 ἀκμάζον
1683 1361 1936 1431 ἐχούσης,

351 1458 631 1528 ἀφόρητον
676 1455 797 1508 οἵαν
826 1458 921 1508 καὶ
964 1455 1149 1527 δεινὴν
1192 1454 1295 1524 τὴν
1363 1454 1618 1526 αίσθησιν
1661 1456 1776 1516 τοῖς
1825 1455 1934 1507 πά-

348 1566 573 1620 σχουσιν
597 1545 945 1619 ἐμποιοῦσιν.
973 1545 1048 1600 Τὸ
1068 1549 1167 1617 μὲν
1191 1543 1285 1601 οὖν
1312 1546 1464 1618 βῆμα
1492 1546 1784 1615 ξεομένους
1805 1545 1934 1608 τοὺς

2046 633 2162 675 1⁵118.

2116 712 2207 769 ιν.
2245 716 2327 772 Ad
2373 715 2509 773 iram
2543 695 2834 791 tyrannum
2881 723 3141 780 accendit
3192 725 3311 785 haec
3344 729 3545 799 oratio,
3577 742 3635 789 et

2044 805 2232 860 statim
2266 808 2557 865 tormentis
2576 811 2813 881 subjecti
2833 813 2984 870 fuere
3015 826 3307 888 martyres.
3335 821 3634 880 Tormenta

2045 904 2227 950 autem
2281 898 2512 955 fuerunt
2557 916 2668 957 non
2729 919 2913 973 parva,
2967 922 3147 978 neque
3174 926 3344 980 parvo
3383 923 3633 985 tempore

2042 985 2340 1055 durarunt,
2380 990 2478 1045 sed
2506 991 2573 1045 ad
2600 995 2977 1064 novemdecjm
3005 998 3123 1053 dies
3161 998 3314 1055 fuere
3342 1002 3627 1073 producta.

2045 1075 2243 1133 Sciunt
2294 1089 2481 1136 autem
2528 1082 2780 1150 omnino,
2816 1086 3131 1158 quicunque
3171 1106 3355 1146 rerum
3404 1107 3632 1164 aspera-

2041 1181 2164 1222 rum
2212 1177 2267 1224 et
2318 1170 2561 1227 tristium
2610 1172 2821 1230 faciunt
2875 1178 3202 1247 periculum,
3255 1184 3401 1253 quod
3458 1185 3632 1258 plagis

2043 1263 2297 1332 corporis
2329 1279 2524 1320 rursus
2556 1269 2885 1325 accedentes
2923 1271 3062 1339 aliae,
3107 1289 3236 1330 cum
3288 1276 3443 1347 prior
3476 1278 3633 1335 dolor

2042 1353 2292 1409 nondum
2351 1359 2709 1425 emarcuerit,
2737 1361 2833 1417 sed
2856 1362 2929 1417 sit
2963 1364 3144 1422 adhuc
3178 1367 3235 1421 in
3270 1369 3386 1438 ipso
3418 1370 3629 1443 vigore,

2043 1444 2114 1501 iis
2148 1448 2245 1517 qui
2281 1449 2589 1519 patiuntur,
2620 1450 2866 1510 etIiciunt
2896 1470 3119 1526 gravem
3148 1472 3376 1514 sensum
3406 1471 3462 1517 et
3485 1462 3632 1520 into-

2044 1540 2348 1598 lerabilem.
2404 1539 2583 1613 Atque
2612 1544 2851 1599 tribunal
2915 1546 3143 1617 quidem
3205 1559 3496 1623 martyres,
3536 1555 3634 1622 qui

346 1640 641 1709 μάρτυρας
673 1634 960 1707 ὲθεάτριςξε
992 1634 1119 1689 καθ’
1160 1635 1399 1707 ἡμέραν,
1437 1632 1556 1689 εἶτα
1588 1636 1681 1688 καὶ
1714 1634 1935 1706 είρκταὶ

2043 1633 2419 1699 caedebantur,
2460 1635 2802 1707 producebat
2849 1639 3122 1709 quotidie,
3171 1640 3343 1698 veluti
3384 1643 3440 1698 in
3478 1645 3635 1700 thea-

340 1727 567 1784 τούτου³
603 1725 744 1795 μετά
768 1726 867 1786 τὰς
901 1724 1116 1794 πληγὰς
1146 1724 1476 1795 διεδέχοντο,
1518 1725 1766 1789 κάκωσις
1798 1724 1932 1794 άλλη

2045 1732 2211 1781 trum.
2269 1725 2481 1783 Deinde
2507 1737 2636 1799 post
2668 1731 2855 1802 plagas
2893 1747 2990 1788 eos
3018 1748 3239 1803 quoque
3278 1733 3633 1805 excipiebant

342 1817 438 1869 ἐπὶ
486 1815 734 1868 κακώσει
790 1815 888 1866 καὶ
943 1814 1236 1887 προσθήκη
1272 1815 1382 1868 τῶν
1432 1814 1714 1885 λυπηρῶν.
1771 1816 1836 1866 Οἱ
1875 1815 1932 1867 δὲ

2044 1833 2312 1885 carceres,
2347 1821 2455 1876 alia
2497 1820 2716 1879 afﬂictio
2752 1823 3026 1880 accedens
3063 1824 3371 1892 atllictioni,
3432 1837 3488 1883 et
3526 1828 3631 1885 do-

341 1905 609 1961 τοσοῦτον
668 1908 899 1977 ἀπεῖχον
954 1907 1051 1961 τοῦ
1112 1906 1295 1978 λύπην
1366 1908 1509 1962 αὐτὰ
1568 1908 1664 1961 καὶ
1733 1905 1931 1977 ὀδύνην

2046 1907 2221 1962 lorum
2279 1910 2739 1968 additamentum.
2793 1911 3031 1969 Tantum
3090 1924 3275 1971 autem
3323 1917 3532 1981 aberat,
3568 1928 3633 1974 ut

341 1998 685 2069 λογίζεσθαι,
735 1998 880 2053 ὥστε
946 2001 1041 2055 καὶ
1093 2001 1255 2072 διπλῇ
1329 2002 1565 2073 χαίρειν,
1611 1999 1689 2071 τῷ
1740 2017 1802 2055 τε
1849 2000 1934 2055 διὰ

2043 1998 2119 2053 illi
2159 2014 2222 2055 ea
2246 2000 2491 2057 dolorem
2517 2003 2900 2060 existimarent
2926 2013 2980 2060 et
3012 2006 3350 2075 molestiam,
3386 2009 3628 2064 utetiam

341 2093 588 2163 Χριστὸν
642 2093 1004 2161 κολάζεσθαι,
1059 2096 1156 2148 καὶ
1210 2095 1288 2167 τῷ
1345 2098 1414 2167 τῇ
1461 2095 1750 2167 προσθήκῃ
1829 2096 1938 2149 τῶν

342 2186 612 2256 λυπηρῶν
664 2185 989 2258 προσθήκην
1047 2189 1236 2251 αὐτοῖς
1281 2185 1350 2241 τὰ
1389 2188 1448 2240 ὲν
1490 2186 1710 2241 ἐλπίσιν
1755 2190 1938 2255 ἀγαθὰ

345 2278 628 2350 δέχεσθαι.
663 2278 777 2346 Τῆς
823 2279 1082 2349 εἰκοστῆς
1127 2280 1184 2333 δὲ
1213 2280 1317 2353 ήδη
1347 2281 1656 2351 ἐπιστάσης
1698 2281 1936 2353 ἡμέρας,

342 2371 685 2443 μετάκλητοι
740 2370 905 2424 πάλιν
956 2373 1007 2425 οί
1063 2376 1302 2441 γενναῖοι
1373 2370 1453 2443 τῷ
1499 2376 1750 2444 τυράννῳ
1803 2377 1939 2426 καθ-

349 2467 619 2523 ίστανται.
659 2469 769 2523 Καὶ
798 2470 835 2539 ή
883 2466 1196 2530 καλλίνικος
1234 2465 1291 2518 δὲ
1325 2466 1625 2537 συμπαρῆν
1654 2466 1935 2536 Εὑφημία,

349 2556 470 2615 οἷον
524 2563 778 2633 ἀστέρων
835 2559 1235 2631 διαφαινόντων
1283 2557 1485 2629 σελήνη
1541 2558 1707 2627 μέσον
1756 2559 1938 2611 αὐτῶν

345 2651 638 2717 εὔκυκλος,
676 2652 844 2706 καλὸν
890 2651 1014 2707 λίαν
1047 2651 1143 2703 καὶ
1187 2648 1286 2720 ἡδὺ
1322 2649 1644 2719 λάμπουσα.
1685 2649 1751 2701 Τί
1781 2645 1875 2703 οὖν
1909 2651 1937 2702 ὀ

342 2746 615 2816 τύραννος
631 2744 769 2816 πρὸς
791 2744 1018 2810 αύτούς;
1039 2743 1132 2807 Εἰς
1152 2744 1371 2813 πεῖραν,
1398 2741 1526 2813 ἔφη,
1560 2743 1935 2803 καταστάντες

343 2833 423 2892 ὧν
466 2838 728 2893 οὐδέποτε
762 2837 830 2892 ἂν
863 2836 1199 2909 πειραθῆναι
1234 2834 1482 2905 ᾠήθητε,
1515 2834 1564 2886 εί
1599 2832 1935 2903 μεταὸεὸού-

344 2929 540 2984 λευταί
591 2946 644 2982 τι
701 2929 974 2998 σωτήριον
1025 2929 1122 2980 καὶ
1185 2923 1468 2987 λυσιτελὲς
1529 2924 1682 2994 ὑμῖν,
1722 2924 1934 2977 εἴπατε.

345 3021 570 3075 Βέλτιον
600 3019 711 3092 γὰρ
745 3017 1115 3081 ἀπολιπόντας
1155 3020 1255 3087 τὴν
1297 3016 1538 3087 ματαίαν
1604 3017 1810 3086 ταύτην
1837 3018 1937 3087 τῆς

345 3113 507 3187 δόξης
560 3111 938 3182 καινοτομίαν,
990 3110 1086 3166 καὶ
1134 3109 1195 3163 τὸ
1245 3111 1443 3180 μόνους
1491 3113 1585 3164 ἐπὶ
1631 3110 1790 3181 κακῷ
1838 3113 1937 3181 τῆς

2039 2092 2344 2162 gauderent
2400 2094 2720 2165 dupliciter,
2765 2105 2822 2151 et
2868 2098 3012 2167 quod
3071 2109 3298 2170 propter
3347 2098 3628 2155 Christum

2038 2183 2395 2253 punirentur,
2446 2197 2503 2241 et
2555 2188 2700 2258 quod
2730 2198 2954 2259 propter
3016 2205 3206 2244 rerum
3272 2191 3629 2247 molestarum

2039 2286 2397 2345 augmentum
2434 2279 2574 2335 bona
2630 2296 2851 2351 quoque
2884 2298 3009 2352 quas
3035 2292 3198 2339 erant
3259 2283 3315 2339 in
3358 2300 3478 2355 spe,
3535 2300 3631 2341 ac-

2040 2368 2348 2423 cessionem
2370 2370 2712 2438 accipercnt.
2741 2372 2878 2426 Cum
2897 2371 3012 2440 jam
3049 2380 3233 2427 autem
3261 2371 3379 2428 dies
3412 2372 3634 2429 adesset

2042 2459 2358 2527 vicesimus,
2392 2476 2421 2514 a
2459 2472 2689 2533 tyranno
2724 2478 2917 2519 rursus
2950 2464 3053 2518 viri
3094 2474 3463 2520 accersuntur
3487 2480 3630 2535 prte-

2039 2551 2195 2617 clari,
2230 2568 2355 2607 cum
2397 2554 2599 2623 quibus
2633 2555 2871 2626 gloriosa
2901 2570 3119 2626 quoque
3179 2556 3373 2612 aderat
3404 2557 3629 2629 Euphe-

2039 2643 2169 2708 mia,
2207 2644 2375 2699 veluti
2417 2649 2472 2699 in
2518 2646 2706 2701 medio
2754 2646 3036 2702 stellarum
3103 2647 3234 2704 luna
3308 2657 3427 2704 toto
3492 2650 3630 2706 orbe

2042 2733 2227 2803 plena,
2251 2734 2481 2803 pulchre
2510 2744 2565 2790 et
2593 2735 2998 2805 jncundissime
3034 2739 3419 2807 resplendens.
3477 2739 3627 2808 Quid

2040 2840 2169 2897 ergo
2209 2827 2290 2880 eis
2328 2837 2589 2898 tyrannus
2620 2826 2644 2881 ?
2677 2826 2773 2893 Ea,
2803 2827 3002 2898 inquit,
3056 2830 3296 2900 experti,
3328 2845 3450 2900 quae
3481 2846 3629 2886 nun-

2041 2931 2208 2986 quam
2246 2920 2484 2989 putastis
2546 2919 2666 2974 fore
2718 2932 2777 2974 ut
2821 2920 3238 2990 experiremini,
3296 2936 3363 2976 an
3404 2922 3626 2993 aliquod

2045 3014 2286 3068 salutare
2318 3022 2374 3068 et
2408 3013 2564 3069 vobis
2592 3014 2728 3068 utile
2776 3014 3065 3069 consilium
3098 3016 3380 3086 ceperitis,
3434 3016 3625 3074 dicite.

2041 3106 2229 3163 Satius
2263 3115 2348 3162 est
2374 3108 2545 3173 enim,
2577 3113 2638 3159 ut
2670 3106 2862 3160 relicta
2890 3106 2995 3161 hac
3016 3121 3157 3161 vana
3180 3117 3235 3163 et
3263 3124 3404 3164 nova
3440 3110 3628 3181 glorias

350 3186 491 3273 ιδίας
524 3207 674 3277 ζωῆς
703 3207 1111 3277 ἀντιφέρεσθαι,
1151 3202 1179 3257 ὃ
1213 3208 1416 3268 πάντες
1465 3204 1637 3273 δρῶσι
1663 3206 1758 3257 καὶ
1789 3205 1935 3274 ὑμᾶς

2043 3199 2371 3271 cupiditate,
2412 3210 2470 3254 et
2526 3198 2811 3253 mittentes
2880 3200 2982 3254 soli
3037 3186 3236 3255 vestrae
3308 3202 3432 3258 vitae
3486 3203 3629 3258 malo

345 3299 556 3373 ὁμοίως
602 3300 776 3352 ποιεῖν
824 3299 921 3350 καὶ
970 3295 1376 3368 προσελθόντας
1418 3294 1593 3350 θύειν.
1643 3295 1703 3348 '0
1732 3295 1790 3349 δὲ
1836 3296 1935 3350 τοῦ

344 3393 588 3466 Χριστοῦ
607 3395 856 3462 γενναῖος
874 3394 1104 3466 στρατὸς
1128 3394 1247 3465 ἃμα
1268 3397 1335 3464 τῇ
1355 3394 1729 3465 πανευιρήμῳ,
1754 3391 1936 3466 Μέχρι

343 3486 517 3553 τίνος,
551 3481 729 3552 εἷπον,
757 3479 803 3539 ὧ
825 3486 1081 3553 δικαστά,
1101 3485 1331 3539 σεαυτὸν
1365 3486 1610 3557 ἀπατᾷς,
1641 3487 1936 3558 ἐπιχειρῶν

346 3578 680 3650 πράγμασιν
715 3578 1003 3642 ἀδυνάτοις
1036 3595 1051 3645 ;
1102 3579 1176 3631 Τὸ
1202 3580 1312 3651 γὰρ
1354 3580 1503 3649 ἡμᾶς
1544 3580 1725 3631 δοκεῖν
1772 3596 1937 3649 μετα-

345 3668 586 3737 πείσειν,
618 3670 803 3741 ὅμοιόν
833 3672 951 3723 ἐστι
989 3669 1068 3740 τῷ
1111 3671 1241 3734 τοὺς
1299 3672 1539 3741 ἀστέρας
1584 3669 1797 3723 οἴεσθαι
1835 3672 1936 3741 τῆς

343 3762 560 3825 οἰκείας
611 3761 935 3832 μεταθεῖναι
982 3763 1227 3825 στάσεως
1278 3762 1311 3832 ἢ
1368 3763 1622 3833 πορείας,
1680 3761 1714 3832 ἧ
1762 3762 1821 3814 ἓν
1878 3779 1936 3815 τι

349 3857 696 3929 μεταστῆσαι
717 3857 827 3910 τῶν
852 3857 1149 3927 ἀκινήτων.
1181 3856 1345 3909 Ὠστε
1373 3855 1585 3926 βέλτιον
1610 3850 1678 3929 ἦν
1705 3857 1935 3908 σεαυτὸν

354 3948 564 4020 μᾶλλον
594 3951 695 4020 τῆς
728 3948 936 4019 πλάνης
957 3948 1310 4019 μεταϐαλεῖν,
1345 3949 1555 4003 καὶτὸν
1588 3949 1769 4020 ἀληθῆ
1801 3949 1936 4002 Θεὸν

345 4043 672 4112 δπιγνῶναι,
710 4042 1001 4114 οἰκονόμον
1045 4043 1267 4113 ἄριστον
1310 4043 1410 4114 τῆς
1460 4043 1595 4107 ίδίας
1636 4043 1936 4112 γενόμενον

348 4137 649 4209 σωτηρίας.

419 4389 501 4447 E'.
528 4390 703 4463 Θυμῷ
730 4390 942 4446 πλείονι
965 4390 995 4444 ὁ
1029 4388 1274 4462 Πρίσκος
1310 4390 1699 4461 κατασχεθεὶς,
1733 4390 1935 4445 σκύτε-
1978 4422 1983 4429 ν

351 4501 440 4540 σιν
460 4485 635 4568 ὠμοῖς
664 4483 876 4539 κελεύει
894 4485 963 4539 τὰ
985 4484 1097 4538 τῶν
1118 4484 1291 4554 άγίων
1307 4484 1611 4539 τύπτεσθαι
1635 4486 1933 4556 πρόσωπα,

2040 3298 2229 3347 vestro
2280 3304 2610 3361 repugnare,
2670 3289 2819 3361 quod
2871 3305 3064 3346 omnes
3110 3290 3344 3360 faciunt,
3399 3293 3455 3349 id
3525 3309 3626 3350 vos

2038 3398 2259 3453 quoque
2282 3380 2523 3447 faciatis,
2557 3388 2613 3436 et
2640 3381 2968 3437 accedentes
3027 3383 3371 3439 sacrificetis.
3419 3384 3629 3443 Christi

2040 3485 2228 3531 autem
2258 3474 2418 3530 fortis
2447 3473 2724 3529 exercitus
2782 3475 2949 3530 simul
2998 3490 3125 3531 cum
3171 3477 3464 3534 benedicta
3509 3481 3628 3537 Eu-

2037 3567 2259 3638 phemia
2294 3583 2308 3622 :
2351 3565 2675 3637 Quousque,
2710 3566 2969 3622 dixerunt
3000 3606 3016 3632 ,
3051 3582 3086 3622 o
3138 3566 3332 3637 judex,
3391 3571 3627 3641 teipsum

2039 3660 2273 3731 decipis,
2309 3674 2400 3714 res
2446 3658 2798 3730 aggrediens,
2861 3672 2985 3729 quae
3022 3672 3135 3714 non
3193 3671 3426 3730 possunt
3458 3663 3626 3719 fieri?

2039 3752 2242 3809 Putare
2265 3751 2411 3807 enim
2440 3766 2608 3821 posse
2642 3759 2694 3806 te
2725 3766 2828 3805 nos
2854 3766 2884 3804 a
2921 3761 3111 3806 nostra
3144 3753 3436 3809 traducere
3491 3770 3626 3811 sen-

2040 3843 2234 3902 tentia.
2264 3843 2492 3915 perinde
2515 3852 2618 3908 est,
2650 3857 2716 3896 ac
2747 3841 2791 3895 si
2838 3852 3002 3913 putes
3039 3858 3201 3916 posse
3260 3852 3313 3900 te
3352 3855 3628 3902 transmo-

2038 3951 2170 3992 vcre
2194 3936 2383 3992 stellas
2416 3951 2445 3990 a
2479 3950 2576 3992 sua
2609 3934 2850 3989 statione
2877 3936 2961 3991 vel
3004 3935 3270 4000 motione.
3318 3947 3416 3992 aut
3445 3948 3626 3995 trans-

2039 4026 2184 4082 ferre
2214 4025 2419 4096 aliquid
2449 4041 2515 4081 ex
2536 4024 2602 4079 iis
2622 4040 2742 4094 qua:
2760 4032 2889 4079 sunt
2913 4012 3236 4081 immobilia.
3255 4026 3624 4093 Quamobrem

2039 4120 2212 4175 satius
2245 4127 2350 4183 est,
2374 4127 2493 4174 uta
2533 4125 2631 4173 tuo
2673 4132 2876 4172 errore
2920 4120 3284 4185 conrertarls,
3336 4128 3392 4174 et
3434 4135 3625 4176 verum

2040 4211 2213 4269 Deum
2237 4226 2526 4285 agnoscas,
2550 4209 2644 4281 qui
2679 4208 2781 4264 fuit
2813 4217 2921 4265 tua;
2961 4210 3160 4267 salutis
3222 4212 3465 4282 Optimus
3508 4214 3625 4268 dis-

2037 4312 2319 4376 pensatur.

2117 4394 2182 4450 ν.
2218 4395 2416 4466 Maiori
2447 4394 2529 4451 ira
2545 4395 2793 4466 percitus
2822 4394 3063 4463 Priscus,
3093 4394 3251 4465 jubet
3271 4397 3458 4453 crudis
3488 4397 3627 4454 loris

2041 4487 2195 4543 feriri
2241 4489 2428 4545 vultus
2487 4499 2833 4554 sanctorum,
2890 4503 2993 4556 pro
3048 4488 3205 4543 bonis
3247 4489 3431 4545 verbis
3483 4491 3627 4545 mala

353 4563 578 4647 λόγους
605 4574 850 4647 ἀγαθοὺς
905 4577 1166 4646 πονηροῖς
1228 4575 1414 4647 ἔργοις
1466 4576 1858 4648 ιάμειὸόμενος
1906 4578 1936 4630 ό

2043 4582 2186 4637 facta
2237 4578 2551 4651 rependens
2586 4580 2841 4637 stolidus.
2896 4580 2977 4635 llli
3022 4588 3209 4636 autem
3270 4581 3376 4637 hoc
3406 4598 3625 4653 quoque

350 4672 602 4745 ἀνόητος.
630 4670 696 4724 οι
716 4669 795 4736 δὲ,
821 4669 919 4724 καὶ
934 4669 1036 4741 τὴν
1064 4669 1261 4741 καινὴν
1285 4668 1495 4741 ταύτην
1511 4669 1774 4742 ἀνδρείως
1802 4661 1937 4724 ύπο-

347 4763 614 4835 ᾳέροντες
677 4762 951 4833 βάσανον,
1017 4762 1392 4834 λαμπρότεροι
1434 4761 1536 4826 τάς
1585 4761 1740 4832 ὄψεις
1779 4761 1938 4816 Itasi-

349 4872 571 4923 κνυντο,
608 4854 706 4910 τοῦ
738 4855 971 4924 αἵματος
1017 4853 1118 4924 μὲν
1159 4853 1264 4923 τῆς
1302 4853 1508 4922 σαρκὸς
1542 4850 1935 4925 ἀπορρέοντος,

350 4950 455 5022 τῆς
483 4947 837 5022 Δημιουργοῦ
859 4946 915 5002 δὲ
939 4948 1164 5020 χάριτος
1191 4945 1596 5018 ὲξωραῖζούσης
1617 4946 1655 5002 ἀ
1679 4947 1937 5002 διέπλασε

351 5044 648 5113 πρόσωπα.
678 5040 744 5095 Οἱ
787 5038 1146 5110 μαστίζοντες
1173 5037 1232 5093 δὲ
1260 5036 1575 5092 τούναντίον
1625 5037 1938 5106 ἀπαγορεύ-

354 5149 573 5198 σαντες,
614 5132 917 5203 ἡμιθνῆτες
964 5134 1048 5195 είς
1075 5131 1177 5201 τὴν
1218 5131 1327 5201 γῆν
1370 5131 1730 5185 κατέπιπτον.
1775 5131 1940 5186 Ἀλλά

350 5229 479 5292 τοὺς
513 5230 612 5298 μὲν
631 5225 829 5289 ἄλλους
849 5224 1042 5294 ἁγίους
1058 5222 1310 5278 κελεύσει
1346 5224 1510 5279 πάλιν
1532 5223 1628 5278 τοῦ
1656 5224 1935 5292 δικαστοῦ,

351 5319 780 5395 παραλαμϐάνει
812 5318 875 5371 τὸ
911 5318 1289 5388 δικαστήριον,
1324 5319 1431 5384 ἓως
1462 5319 1662 5383 αὐτοὺς
1709 5317 1940 5388 Διοκλη-

349 5414 524 5486 τιανῷ
553 5409 954 5481 παραπέμψειο
986 5407 1133 5463 οὕτω
1162 5409 1271 5480 γὰρ
1315 5409 1674 5474 ’Δπελλιανδς
1706 5411 1939 5481 εἰσηγῇ-

353 5529 494 5568 οατο
518 5528 534 5543 '
582 5510 618 5580 ή
671 5506 1034 5578 πανεύφημος
1088 5505 1145 5558 δὲ
1194 5504 1302 5575 πρὸ
1351 5502 1450 5558 τοῦ
1494 5502 1749 5576 βήματος
1783 5501 1936 5575 αύτῷ

351 5605 687 5677 παρίσταται
757 5598 896 5672 μόνη
977 5596 1137 5670 (ᾤετο
1193 5598 1304 5668 γὰρ
1352 5596 1731 5667 Ρμονωθεῖσαν
1792 5595 1939 5649 οὓτω

351 5697 554 5773 ῥᾳδίως
593 5690 1025 5763 ὐπαγαγέσθαι).
1070 5688 1377 5759 Έγγύτατα
1403 5687 1496 5742 οὖν
1524 5689 1732 5758 ταύτην
1760 5704 1941 5761 παρα-

350 5790 720 5863 στησάμενος,
748 5786 839 5841 ῖνα
857 5788 953 5841 καὶ⁸
973 5785 1150 5860 βλέψῃ
1177 5786 1297 5848 ταῖς
1312 5782 1645 5851 οίκειώσεσι,
1671 5783 1937 5855 Πείσθητί

353 5908 467 5962 μοι,
500 5884 680 5955 ἔλεγε,
706 5882 776 5938 τά
805 5882 1006 5956 ἄριστά
1040 5897 1122 5936 σοι
1162 5879 1614 5951 συμϐουλεύοντι,
1646 5877 1929 5951 Εὑφημία,

2040 4684 2251 4726 novum
2322 4667 2541 4723 fortiter
2586 4667 2828 4725 ferentes
2895 4678 3254 4736 tormentum,
3332 4682 3627 4726 evaserunt

2040 4762 2185 4818 facie
2215 4759 2610 4832 splendidiore,
2645 4760 2912 4832 sanguine
2962 4762 3185 4831 quidem
3238 4777 3271 4818 e
3312 4778 3481 4819 carne
3529 4763 3628 4821 de-

2040 4852 2269 4918 fluente,
2329 4850 2553 4923 Opificis
2583 4861 2765 4909 autem
2791 4851 2963 4924 gratia
2988 4853 3259 4909 reddente
3286 4853 3545 4925 pulchros
3565 4865 3624 4912 et

2040 4946 2319 5016 elegantes
2342 4958 2438 5001 eos
2466 4943 2671 5009 vultus,
2697 4958 2837 5014 quos
2859 4943 3164 4998 eﬂinxerat.
3182 4944 3387 5000 Contra
3414 4956 3621 5014 autem,

2039 5038 2133 5109 qui
2174 5036 2521 5109 ﬂagellabant
2552 5033 2779 5101 defessi,
2818 5033 3230 5090 ceciderunt-in
3289 5045 3491 5093 terram
3531 5053 3624 5095 se-

2041 5131 2344 5187 mimortui.
2398 5129 2506 5185 Sed
2551 5128 2643 5184 alii
2690 5128 2913 5199 quidem
2977 5129 3153 5186 sancti
3207 5130 3365 5201 jussu
3422 5131 3624 5202 judicis

2043 5237 2235 5278 rursus
2281 5222 2656 5293 conjiciuntur
2692 5221 2749 5276 in
2782 5236 3088 5288 carcerem,
3111 5222 3291 5280 donec
3314 5239 3412 5281 eos
3444 5234 3625 5281 trans-

2040 5317 2284 5371 mitteret
2341 5315 2409 5370 ad
2451 5313 2849 5370 Diocletianum
2907 5314 3011 5386 (sic
3057 5315 3205 5370 enim
3257 5317 3625 5374 constituerat

2038 5407 2446 5480 Appellianus),
2476 5404 2770 5461 benedicta
2815 5413 2999 5460 autem
3048 5415 3176 5462 ante
3231 5408 3472 5465 tribunal
3501 5409 3624 5480 ejus

2039 5504 2222 5558 stabat
2249 5500 2555 5571 Euphemia
2592 5517 2607 5567 ;
2640 5499 2994 5556 existimabat
3026 5500 3177 5556 enim
3210 5500 3347 5569 fore,
3399 5511 3461 5558 ut
3504 5505 3645 5561 sola'

2040 5594 2125 5653 sic
2152 5593 2315 5649 facile
2347 5592 2725 5649 induceretur.
2773 5590 2912 5646 Cum
2942 5590 3128 5662 itaque
3164 5602 3440 5660 curasset,
3461 5603 3524 5651 ut
3554 5611 3622 5651 es

2039 5687 2290 5760 proxime
2320 5685 2634 5747 sisteretur,
2668 5690 2731 5737 ut
2752 5697 2813 5737 se
2869 5681 3244 5740 familiaritate
3301 5686 3473 5758 magis
3520 5687 3614 5742 in-

2040 5783 2289 5837 sinuaret
2315 5796 2329 5833 :
2351 5776 2526 5834 Crede
2546 5774 2705 5840 mihi,
2722 5774 2920 5842 aiebat,
2949 5775 3045 5830 tibi
3069 5780 3275 5846 optime
3291 5778 3623 5846 consulenti,

2050 5889 2084 5933 ο
2116 5870 2447 5946 Enpbemia,
2483 5879 2538 5927 et
2568 5868 2843 5926 accedens
2878 5884 3078 5942 magno
3113 5871 3214 5927 dco
3245 5868 3400 5928 Marti
3450 5875 3631 5929 sacri.
