4002 6492
275 432 382 500 721

1396 432 1866 500 MARTYRIUM
1906 433 1968 495 S.
2003 435 2448 498 EUPHEMI/E.

3433 435 3543 499 722

277 568 377 624 ρος
413 547 653 614 ἐκϐᾶσα,
691 546 753 601 οὐ
787 545 950 618 μόνον
973 547 1163 620 ἄρτιός
1188 565 1250 602 τε
1280 549 1378 603 καὶ
1399 550 1580 618 ὑγιὴς,
1612 520 1749 603 ἀλλᾶ
1770 549 1866 603 καὶ

1984 564 2192 620 agressa
2239 553 2476 624 gloriosa
2502 550 2788 616 certatrix,
2845 564 2954 605 non
3023 548 3198 604 solum
3244 559 3540 618 conspecta

275 640 616 712 φαιδροτέρα
644 639 743 710 τὴν
765 638 892 710 ὅψιν
913 640 1146 712 ἑωρᾶτο,
1191 640 1236 694 ὣ
1256 644 1356 714 τῆς
1387 641 1714 712 θαυμαστῆς
1746 660 1865 708 σου,

279 735 514 807 Χριστέ,
551 733 862 803 δυνάμεως,
890 733 1025 786 ὅπου
1048 749 1112 803 γε
1151 734 1269 800 καὶ,
1299 735 1623 804 πασχόντων
1661 734 1862 802 ἄλλων,

278 826 565 895 κατήφεια
597 822 861 886 πολλάκις
890 827 959 896 τῇ
999 823 1122 894 ὄψει
1176 825 1287 881 τῶν
1331 824 1866 898 φιλανθρωποτέρων

277 918 588 988 ἐγγίνεται.

351 1008 430 1066 Z'.
474 1009 618 1065 Ἀλλ’
645 1012 674 1065 6
699 1010 897 1082 Αἰθίοψ
929 991 1031 1065 οῦκ
1060 1011 1410 1066 ἐλευκαίνετο
1432 1051 1450 1080 ,
1487 1012 1585 1068 καὶ
1617 1013 1679 1068 τὸ
1708 1011 1868 1078 ξύλον

274 1097 342 1167 δὴ
373 1096 439 1150 τὸ
467 1097 730 1166 στρεϐλὸν
782 1099 883 1152 οὐκ
909 1097 1154 1170 ὠρθοῦτο
1173 1139 1189 1165 ,
1217 1100 1312 1155 καὶ
1341 1102 1370 1154 6
1397 1103 1659 1171 καρκτνος
1689 1101 1868 1170 ὀρθῶς

282 1188 528 1259 βαδίζειν
566 1189 668 1243 οὐκ
701 1190 1038 1246 ἐδιδάσκετο.
1083 1191 1142 1246 ’0
1184 1191 1428 1266 Πρίσκος
1462 1192 1639 1248 ταῦτα
1675 1195 1705 1247 6
1733 1209 1866 1264 μια-

287 1282 380 1354 ρὸς
413 1281 511 1335 καὶ
543 1283 644 1352 τὴν
671 1285 872 1338 κακίαν
899 1285 1010 1338 οὐδ’
1041 1283 1222 1340 ὁτιοῦν
1251 1287 1500 1356 ἰάσιμος,
1556 1289 1653 1340 καὶ
1676 1285 1866 1340 τοιαύ-

245 1375 387 1444 ἱτης
419 1373 529 1443 γὰρ
559 1376 864 1445 γενομένης
892 1376 1222 1448 θεοσημείας
1245 1419 1260 1443 ,
1293 1379 1502 1440 ἐκεῖνος
1536 1378 1728 1450 ῶσπερ
1757 1381 1873 1434 τῶν

293 1465 454 1522 αὑτοῦ
489 1465 633 1520 θεῶν
662 1466 994 1538 τυφλότερος
1021 1466 1118 1534 ὢν,
1149 1469 1212 1522 οὐ
1234 1471 1397 1542 μόνον
1425 1471 1578 1524 οὐδὲν
1609 1475 1865 1542 συνῆκεν,

288 1558 423 1614 ἀλλὰ
448 1559 545 1612 καλ⁵
567 1559 669 1628 τὴν
689 1559 944 1629 μάρτυρα
969 1560 1152 1626 ζῶσαν
1185 1563 1450 1634 ἠπείλησε
1471 1565 1864 1618 κατακαύσεινο

286 1653 320 1722 ἠ
353 1651 412 1705 δὲ
446 1652 602 1706 οὐδὲν
632 1651 1078 1726 ὑποστειλαμένη
1107 1654 1168 1708 τὸ
1198 1655 1298 1726 μὲν
1330 1657 1668 1728 πρόσκαιρον
1688 1653 1864 1712 εἶπενο

283 1739 358 1797 Ὦ
395 1744 656 1815 τύραννε,
687 1743 850 1799 τοῦτο
887 1745 948 1801 τὸ
989 1746 1102 1817 πῦρ
1135 1748 1275 1820 ὅπερ
1321 1747 1448 1820 ἐμοὶ
1474 1748 1571 1803 νῦν
1599 1742 1867 1816 ἀπειλεῖς,

281 1837 428 1906 ταχῦ
477 1833 580 1905 μέν
631 1835 958 1901 ἀνάπτεται,
1008 1839 1148 1911 ταχὺ
1188 1838 1246 1893 δέ
1286 1841 1384 1896 καὶ
1431 1841 1513 1912 τῷ
1553 1842 1868 1914 βουλομένῳ

285 1926 612 2010 σϐέννυται.
665 1927 777 1980 Καὶ
803 1929 905 2000 οὐχ
935 1927 1112 1993 οὕτως
1143 1929 1258 1999 ἐγὼ
1301 1931 1403 2002 τὴν
1423 1931 1606 2004 ψυχὴν
1633 1932 1869 2004 ἀγεννὴς

283 2019 365 2084 ὡς
420 2020 559 2092 πρὸς
601 2021 846 2076 τοιοῦτον
899 2023 1012 2095 πῦρ
1060 2025 1464 2092 ἀποδειλιάσαι,
1521 2027 1584 2081 οὐ
1621 2028 1698 2098 μὰ
1741 2027 1872 2092 τοὺς

287 2111 472 2182 ἱεροὺς
505 2112 728 2181 ἀγῶνας
758 2115 868 2169 τῶν
900 2115 990 2170 διὰ
1032 2117 1270 2188 Χριστὸν
1319 2117 1585 2184 γενναίως
1614 2120 1872 2190 ἁνδρισα-

289 2205 498 2276 μένων,
559 2207 750 2261 οὐδένα
806 2209 1068 2278 ἐμϐάλλει
1117 2211 1278 2266 τοῦτο
1329 2212 1495 2281 φόϐον
1551 2214 1699 2284 ἐμοὶ,
1755 2214 1870 2268 ἀλλ’

287 2298 470 2352 ἐκεῖνο
507 2299 568 2351 τὸ
634 2301 746 2371 πῦρ
792 2301 1032 2367 δέδοικα,
1081 2305 1257 2357 ἐκεῖνό
1295 2323 1385 2373 μοι
1461 2305 1557 2359 καὶ
1610 2308 1692 2372 είς
1745 2306 1872 2360 νοῦν

291 2392 460 2462 μόνον
494 2395 793 2464 ἐρχόμενον
828 2396 1160 2451 καθίσταται
1196 2398 1453 2469 φοϐερὸν,
1505 2399 1534 2451 ὃ
1576 2399 1703 2463 τοὺς
1775 2400 1874 2469 ἀρ-

290 2486 595 2556 νουμένους
629 2485 723 2539 τὸν
775 2488 1015 2558 Χριστὸν
1070 2491 1406 2560 περιμένει,
1457 2491 1686 2545 αἰωνίαν
1746 2491 1872 2561 ἕχον

291 2577 387 2630 καὶ
418 2577 539 2632 ούδέ
571 2577 749 2649 βραχὺ
789 2580 1067 2649 λήγουσαν
1098 2581 1198 2652 τὴν
1227 2583 1534 2650 ἐνέργειαν.
1591 2583 1648 2638 '0
1675 2583 1876 2652 τύραν-

290 2686 381 2731 νος
441 2669 542 2739 μέν
597 2688 682 2724 τοι
733 2671 802 2725 τὰ
847 2672 1193 2742 ἡπειλημένα
1249 2675 1387 2744 πρὸς
1430 2673 1593 2745 ἔργον
1639 2674 1873 2743 ἐξάγων,

293 2761 533 2830 κάμινον
586 2762 890 2830 ἐξαφθῆναι
947 2764 1185 2832 κελεύει,
1243 2767 1417 2839 πίσσῃ
1475 2767 1570 2820 καὶ
1610 2765 1739 2834 θείῳ
1782 2766 1877 2819 καὶ

295 2849 542 2920 στυπείῳ
580 2853 676 2903 καὶ
713 2850 1010 2919 κληματίὄι
1045 2852 1168 2907 λίαν
1202 2853 1642 2924 ἐκτρεφομένην,
1689 2855 1785 2907 καὶ
1843 2855 1877 2924 ἡ

297 2937 431 3008 φλὸξ
489 2940 572 3002 είς
633 2941 835 3009 πήχεις
879 2940 1043 2993 πέντε
1089 2943 1185 2994 καὶ
1230 2943 1653 3013 τεσσαράκοντα
1687 2943 1874 3014 ἤρετο.

307 3029 720 3100 Ἐμϐάλλεσθαι
749 3032 804 3085 δὲ
838 3034 877 3102 1‘,
908 3033 1122 3103 μάρτυς
1171 3033 1445 3102 μέλλουσα
1486 3035 1565 3104 τῷ
1613 3036 1770 3106 πυρὶ,
1818 3035 1881 3090 τὸ

295 3123 407 3176 τῶν
436 3123 606 3193 τριῶν
637 3125 848 3178 παίδων
893 3125 1080 3190 ὅπλον,
1125 3125 1223 3196 τὴν
1266 3127 1577 3198 προσευχὴν
1617 3129 1881 3196 περιϐάλ-

1968 642 2075 697 fuit
2126 642 2337 715 integra
2373 652 2427 699 et
2456 658 2612 709 sana,
2668 642 2765 698 sed
2817 643 2985 698 etiam
3042 642 3192 696 vultu
3248 640 3445 696 alacris
3482 643 3541 709 (0

1968 732 2345 788 admirabilem
2395 737 2569 799 tuam,
2618 733 2856 800 Christe,
2902 731 3190 802 virtutem)
3230 747 3384 796 cum,
3415 731 3543 787 aliis

1968 822 2138 877 etiam
2189 823 2528 894 patientibus
2604 838 2748 894 szepe
2797 823 2930 878 insit
2983 822 3204 878 tristitia
3279 821 3335 875 in
3386 821 3539 876 vultu

1968 931 2160 972 eorum
2196 919 2290 987 qui
2313 926 2562 986 spectant
2579 925 2636 973 et
2663 925 2793 972 sunt
2819 916 3195 972 humaniores.

2039 1005 2157 1062 VII.
2189 1005 2300 1062 Sed
2344 1006 2601 1078 Ethiops
2633 1022 2742 1063 non
2780 1007 3090 1071 dealbatur,
3120 1015 3175 1060 et
3210 1005 3416 1074 lignum
3452 1002 3539 1056 iu-

1969 1114 2199 1156 curvum
2223 1115 2333 1154 non
2352 1100 2626 1171 dirigitur,
2655 1111 2710 1155 et
2741 1115 2942 1155 cancer
2974 1107 3122 1154 recte
3172 1095 3382 1168 ingredi
3426 1108 3538 1148 non

1969 1191 2216 1248 docetur.
2263 1191 2390 1249 Haec
2423 1189 2644 1248 Priscus
2695 1193 3018 1253 sceleratus,
3080 1199 3137 1245 et
3175 1189 3334 1259 cujus
3393 1184 3544 1240 nullo

1970 1285 2136 1341 modo
2167 1294 2381 1355 poterat
2422 1284 2606 1340 curari
2655 1284 2871 1340 vitium.
2917 1282 3053 1338 Nam
3096 1297 3222 1338 eum
3277 1278 3544 1336 divinitus

1970 1377 2173 1433 factum
2201 1387 2350 1434 esset
2406 1379 2514 1434 tale
2558 1377 2794 1450 signum,
2825 1378 2936 1442 ille,
2983 1385 3044 1430 ut
3093 1374 3184 1445 qui
3235 1377 3384 1427 esset
3432 1369 3550 1424 suis

1971 1469 2078 1524 diis
2126 1471 2346 1536 cmeior,
2382 1486 2492 1527 non
2542 1472 2716 1526 solum
2753 1470 2890 1524 nihil
2939 1466 3232 1529 intellexit,
3252 1464 3349 1518 sed
3370 1474 3548 1516 mina-

1973 1571 2063 1616 tus
2100 1570 2184 1617 est
2210 1562 2374 1617 etiam
2405 1579 2464 1617 se
2510 1578 2633 1618 esse
2655 1563 2834 1617 vivam
2871 1570 3192 1616 exusturum
3229 1563 3546 1622 martyrem.

1973 1653 2066 1709 Illa
2097 1664 2278 1710 autem
2314 1669 2663 1726 nequaquam
2694 1669 2755 1710 se
2799 1654 3110 1724 reprimens
3153 1666 3166 1702 :
3203 1648 3284 1704 Ad
3328 1654 3550 1714 tempus

1971 1745 2192 1815 quidem
2218 1756 2325 1813 est,
2355 1747 2555 1818 inquit,
2600 1761 2636 1804 ο
2682 1755 2936 1818 tyranne,
2994 1742 3158 1815 ignis,
3209 1753 3372 1810 quem
3418 1733 3553 1788 mihi

1975 1856 2123 1896 nunc
2147 1841 2426 1897 minaris:
2473 1849 2532 1897 et
2573 1840 2685 1896 cito
2754 1837 2976 1908 quidem
3037 1831 3376 1893 accenditur,
3445 1825 3554 1881 cito

1970 1929 2134 1986 etiam
2166 1932 2436 1988 avoleute
2463 1929 2832 2001 exstinguitur
2861 1945 2880 1996 ;
2919 1939 3102 1994 neque
3122 1937 3225 1992 ego
3270 1933 3393 1988 sum
3444 1924 3554 1971 tam

1969 2023 2233 2093 pusilliet
2253 2023 2451 2094 abjecti
2490 2021 2682 2092 animi,
2716 2029 2778 2075 ut
2829 2020 2975 2075 hunc
3008 2017 3189 2086 ignem
3234 2006 3550 2066 formidem.

1971 2114 2116 2182 Non,
2174 2131 2272 2185 per
2316 2129 2470 2172 sacra
2503 2114 2802 2171 certamina
2833 2126 3024 2168 eorum
3056 2107 3148 2178 qui
3183 2120 3242 2160 se
3272 2117 3372 2174 pro
3401 2099 3558 2154 Chrio

1975 2214 2064 2261 sto
2127 2217 2353 2264 strenue
2424 2216 2482 2264 et
2541 2207 2759 2264 fortiter
2820 2210 3128 2278 gesserunt,
3178 2199 3282 2254 hoc
3334 2193 3555 2282 quidem

1977 2299 2114 2354 mihi
2154 2300 2326 2355 ullum
2359 2301 2517 2355 affert
2562 2300 2816 2354 timorem
2855 2313 2868 2350 :
2907 2297 3002 2352 sed
3036 2295 3188 2349 illum
3223 2292 3402 2361 ignem
3457 2300 3558 2338 ex-

1975 2391 2228 2456 timesco,
2261 2392 2352 2446 ille
2385 2392 2516 2446 mihi
2576 2391 2662 2446 vel
2713 2391 2888 2445 solum
2949 2387 3005 2442 in
3050 2393 3289 2462 mentem
3328 2375 3560 2431 veniens

1975 2481 2116 2552 ignis
2158 2491 2245 2538 est
2297 2481 2581 2544 terribilis,
2639 2481 2730 2550 qui
2765 2488 2951 2534 manet
2997 2491 3092 2530 eos
3134 2472 3225 2542 qui
3277 2469 3561 2523 Christum

1975 2584 2212 2646 negant,
2256 2575 2433 2644 utqui
2490 2583 2752 2630 aeternam
2800 2571 3002 2625 habeat
3044 2562 3444 2636 operationem,
3504 2562 3562 2610 et

1977 2685 2048 2724 ne
2077 2670 2350 2724 tantillum
2386 2668 2607 2737 quidem
2667 2665 3037 2720 desinentem.
3071 2659 3259 2726 ltaque
3292 2663 3562 2724 tyrannus

1977 2764 2198 2834 quidem
2247 2763 2314 2816 ad
2349 2761 2606 2816 effectum
2682 2757 2967 2813 deducens
3021 2768 3086 2806 ea
3145 2765 3267 2819 quae
3317 2745 3563 2800 minatus

1981 2857 2189 2915 fuerat,
2234 2854 2396 2923 jubet
2427 2851 2656 2907 accendi
2691 2851 2998 2910 fornacem,
3032 2858 3155 2914 qua:
3192 2840 3351 2895 valde
3385 2837 3565 2890 alere-

1981 2958 2071 3002 tur
2123 2946 2267 3018 pice,
2326 2943 2564 3008 sulfure,
2629 2951 2830 3012 stuppa
2875 2948 2932 2994 et
2980 2932 3294 2992 sarmentis.
3333 2930 3400 2984 Et
3454 2929 3566 2982 alta

1979 3039 2200 3110 quidem
2241 3046 2360 3092 erat
2391 3035 2604 3090 flamma
2635 3030 2996 3104 quadraginta
3027 3037 3086 3083 et
3116 3025 3366 3096 quinque
3408 3021 3568 3075 cubi-

1983 3137 2086 3188 tOs.
2119 3129 2180 3184 In
2219 3129 2400 3200 ignem
2428 3136 2611 3182 autem
2641 3123 2934 3195 injicienda
2968 3129 3200 3192 martyr,
3261 3114 3444 3171 induit
3481 3129 3565 3167 ar-

293 3215 474 3279 λεται,
512 3216 609 3269 καὶ
638 3215 750 3286 πῦρ
779 3216 945 3284 εὐχῆς
977 3216 1213 3270 ἀνάπτει
1239 3217 1381 3270 κατὰ
1411 3218 1603 3287 πυρὸς,
1635 3218 1696 3272 τὸ
1723 3218 1878 3288 ὄμμα

1984 3243 2069 3284 ma
2090 3226 2256 3282 trium
2281 3240 2602 3295 puerorum,
2624 3236 2823 3292 nempe
2844 3234 3037 3290 preces
3063 3234 3078 3284 ;
3098 3226 3151 3270 et
3171 3222 3362 3270 contra
3381 3212 3565 3280 ignem

293 3325 354 3361 τε
391 3309 476 3368 εἰς
521 3308 789 3378 οὐρανοὺς
827 3307 1034 3379 ἄρασα,
1083 3308 1142 3361 Ὀ
1170 3307 1307 3373 Θεὸς
1331 3351 1346 3375 ,
1380 3304 1556 3374 εἶπεν,
1591 3312 1620 3364 6
1648 3311 1707 3363 ἐν
1737 3311 1878 3380 ὑψη-

295 3399 412 3463 λοῖς
455 3399 735 3452 κατοικῶν
779 3400 879 3453 καὶ
916 3400 985 3453 τὰ
1033 3400 1268 3454 ταπεινὰ
1300 3401 1536 3471 ἐφορῶν,
1582 3403 1613 3455 6
1641 3403 1769 3466 τοὺς
1821 3405 1881 3456 ἐν

297 3495 585 3549 Βαϐυλῶνι
609 3499 759 3567 τρεῖς
779 3496 970 3557 παῖδας
993 3495 1082 3550 διὰ
1113 3496 1204 3550 τὸν
1241 3495 1333 3549 σδν
1362 3498 1530 3566 νόμον
1559 3497 1881 3560 ἐκδοθέντας

297 3589 438 3660 πυρὶ
478 3589 547 3642 δι’
598 3590 756 3651 ἁγίου
789 3589 1024 3658 ἀγγέλου
1069 3607 1163 3644 σου
1194 3589 1384 3644 κακῶν
1418 3590 1654 3654 ἀπαθεῖς
1684 3607 1881 3661 συντη-

302 3683 499 3750 ρήσας,
533 3683 628 3735 καὶ
650 3683 846 3754 δρόσον
879 3683 1064 3744 αὐτοῖς
1093 3683 1304 3737 ἄνωθεν
1332 3682 1674 3752 ἐπιπέμψας,
1718 3683 1883 3747 αὐτὸς

299 3773 392 3827 καῖ
431 3776 556 3842 ἐμοὶ
588 3777 656 3845 τῇ
695 3777 761 3846 σῇ
794 3774 957 3846 δούλῃ
993 3774 1308 3844 παράστηθι
1355 3774 1572 3844 βοηθὸς,
1601 3774 1700 3845 τῆς
1751 3776 1872 3846 σῆς,

301 3866 532 3936 Χριστὲ,
564 3867 724 3935 δόξης
749 3867 1158 3940 ὑπεραθλούσῃ.
1193 3865 1351 3920 Οῦτω
1377 3885 1437 3921 τε
1468 3866 1612 3931 εἷπε,
1671 3869 1765 3922 καὶ
1803 3870 1883 3938 τῷ

300 3957 460 4028 τύπῳ
483 3958 578 4010 τοῦ
609 3957 846 4028 σταυροῦ
873 3958 1034 4012 πάλιν
1054 3959 1130 4021 ὡς
1156 3960 1328 4030 ἑτέρῳ
1345 3959 1495 4030 ὅπλῳ
1523 3961 1725 4030 ἑαυτὴν
1745 3961 1882 4016 καθ-

301 4049 597 4111 οπλίσασα,
648 4049 925 4122 εὐτρεπὴς
999 4051 1190 4104 ἵστατο
1242 4051 1306 4106 τὸ
1379 4052 1706 4121 τυραννικὸν
1759 4053 1882 4106 ἐπί-

301 4161 492 4212 ταγμα
526 4143 926 4213 περιμένουσα.

374 4236 459 4290 ﬂ'.
503 4237 592 4298 Ὠς
622 4236 679 4289 δὲ
734 4237 944 4298 ἐκεῖνος
974 4237 1039 4306 τῇ
1070 4234 1289 4305 καμίνῳ
1317 4235 1744 4306 ταύτηνξέδίδου,
1781 4237 1878 4290 καὶ

303 4333 489 4401 χεῖρες
541 4328 716 4398 αὐτὴν
796 4327 1026 4398 ἔμελλον
1082 4327 1390 4394 συλλαϐεῖν,
1457 4328 1742 4397 Σωσθένης
1790 4331 1886 4383 καὶ

304 4423 528 4491 Βίκτωρ
565 4421 614 4474 οἱ
645 4421 1052 4491 προηγούμενοι
1092 4420 1217 4474 τῶν
1244 4422 1326 4483 εἰς
1357 4419 1529 4472 ταῦτα
1570 4419 1886 4476 διακονούν-

303 4533 436 4576 των,
479 4513 874 4585 προσελθόντες
897 4515 977 4584 τῷ
1013 4513 1256 4583 Πρίσκῳ,
1283 4514 1365 4566 δτι
1395 4513 1516 4582 μὲν,
1545 4513 1776 4583 ἔφησαν,
1806 4509 1888 4577 οἷς

306 4606 668 4675 προστάττεις
737 4605 1012 4676 πρόθυμοι
1052 4605 1386 4674 λειτουργεῖν
1433 4607 1596 4677 ἡμεῖς
1640 4622 1654 4636 ο

306 4698 542 4758 πολλοὺς
579 4697 797 4768 ἔχοντες
827 4697 1138 4767 μάρτυρας,
1170 4698 1272 4750 οὐκ
1301 4698 1495 4760 ἄλλους
1525 4699 1557 4768 ἢ
1589 4697 1717 4757 τοὺς
1763 4699 1890 4762 σοὺς

309 4789 733 4860 προϐαλλόμεθα
786 4788 1123 4858 ὀφθαλμούς.
1209 4790 1347 4842 Νυνὶ
1393 4789 1451 4842 δὲ
1506 4790 1603 4859 ούχ
1660 4785 1761 4842 οἶοί
1820 4791 1881 4842 τὲ

309 4883 501 4951 ἐσμεν,
532 4880 628 4933 τοῦ
666 4881 763 4951 τῆς
793 4881 1069 4950 παρθένου
1103 4881 1306 4951 ταύτης
1336 4881 1578 4950 ἅψασθαι
1615 4882 1890 4952 σώματος,

309 4972 512 5044 ἀνδρας
569 4972 680 5042 γὰρ
740 4973 958 5043 ὁρῶμεν
998 4972 1268 5042 φοϐεροὺς
1318 4973 1417 5043 τὴν
1460 4971 1584 5041 ὄψιν
1626 4974 1890 5039 ἑστῶτας.

309 5065 458 5133 ἡμᾶς
500 5064 601 5134 μὲν
631 5051 797 5133 δριμῦ
818 5055 957 5115 ’λίαν
993 5065 1086 5116 καὶ
1120 5063 1391 5132 βλοσυρὸν
1416 5062 1887 5132 προσϐλέποντας,

310 5155 570 5225 ἑτοίμους
619 5155 676 5208 δέ
729 5156 890 5218 ὄντας
931 5154 1032 5224 τῆς
1069 5155 1344 5224 παρθένου
1403 5156 1751 5224 προστῆναι,
1797 5155 1894 5221 καὶ

312 5247 512 5317 φλογὸς
544 5246 717 5316 αὐτὴν
737 5239 1046 5316 ’κρείττονα
1078 5246 1276 5312 δεῖξαι.
1313 5246 1379 5308 Τί
1409 5247 1519 5316 γὰρ
1549 5248 1682 5301 ἄλλο
1706 5249 1892 5312 αὐτοῖς

314 5337 570 5408 βούλεται
597 5338 658 5391 τὸ
683 5338 1106 5408 διασκορπίζειν
1139 5339 1271 5392 ἔνθα
1321 5341 1418 5393 καὶ
1457 5339 1583 5394 ἔνθα
1632 5339 1694 5394 τὸ
1739 5341 1892 5413 πῦρ;

321 5431 411 5496 Ὠς
432 5431 527 5486 οὖν
558 5431 586 5483 6
618 5431 861 5502 Πρίσκος
892 5433 1096 5502 ἤκουσε
1130 5432 1307 5485 ταῦτα
1327 5471 1344 5496 ,
1393 5433 1616 5495 τούτους
1655 5435 1754 5504 μὲν
1789 5435 1890 5505 ἤδη

312 5524 736 5596 μεταμαθόντα;
763 5524 862 5594 τὴν
893 5523 1228 5591 θεοσέϐειαν,
1263 5528 1331 5595 τῇ
1373 5525 1568 5594 εἱρκτῆ
1597 5526 1896 5596 παραπέμ-

311 5635 426 5684 πει,
471 5618 728 5687 Καίσαρα
772 5617 828 5668 δέ
873 5617 969 5670 καὶ
1018 5616 1274 5686 Βικάριον
1323 5615 1468 5670 οὕτω
1499 5617 1892 5687 καλουμένους,

311 5717 396 5776 είς
434 5715 534 5783 τὴν
576 5711 805 5764 ἐκείνων
835 5711 1258 5778 ἀντικαθίστησι
1293 5710 1660 5780 λειτουργίαν.
1704 5713 1812 5766 Καὶ
1842 5715 1892 5766 οἱ

316 5805 437 5874 μὲν,
494 5802 798 5873 προ’ύμως
837 5802 936 5871 τὴν
982 5800 1421 5872 καλλιπάρθενον
1467 5802 1755 5872 Εὑφημίαν
1794 5803 1894 5872 τῆς

313 5897 422 5952 τῶν
446 5895 695 5964 ἀγγέλων
739 5893 884 5959 θείας
916 5894 1352 5966 παραχωρούσης
1377 5894 1676 5966 δυνάμεως·
1697 5897 1757 5948 οὐ
1785 5896 1891 5965 γὰρ

1984 3319 2236 3376 accendit
2268 3319 2446 3390 ignem
2473 3314 2766 3379 orationis,
2796 3321 2852 3368 et
2891 3311 3084 3370 oculos
3132 3309 3188 3365 in
3227 3306 3427 3363 coelum
3462 3301 3567 3357 tol-

1983 3410 2101 3466 lens
2160 3411 2374 3476 :Deus,
2417 3409 2614 3479 inquit,
2671 3405 2765 3474 qui
2819 3405 2876 3458 in
2928 3399 3164 3458 excelsis
3224 3397 3458 3460 habitas,
3512 3401 3569 3446 et

1986 3500 2214 3556 humilia
2249 3497 2483 3553 intueris
2515 3513 2529 3551 :
2561 3495 2653 3565 qui
2684 3493 2961 3564 Babylone
3012 3499 3125 3544 tres
3179 3498 3402 3557 pueros,
3439 3493 3567 3550 pro.

1984 3602 2107 3664 pter
2134 3602 2282 3646 tuam
2296 3591 2472 3661 legem
2504 3588 2612 3658 igni
2648 3585 2898 3644 traditos,
2922 3597 3020 3652 per
3043 3588 3290 3634 sanctum
3310 3572 3563 3645 angelum

1987 3696 2143 3741 tuum
2176 3699 2207 3738 ει
2269 3681 2426 3736 malis
2470 3680 2673 3734 illaesos
2728 3672 3090 3733 conservasti.
3161 3678 3220 3724 ct
3263 3667 3344 3723 eis
3385 3679 3566 3719 rorem

1984 3776 2224 3844 desuper
2266 3769 2568 3832 immisisti,
2612 3780 2670 3822 tu
2732 3780 2951 3836 quoque
2999 3761 3132 3816 mihi
3187 3770 3292 3814 tua:
3353 3755 3568 3811 ancillae

1984 3870 2131 3926 adsis
2185 3868 2424 3937 adjutor,
2478 3877 2601 3932 qua:
2663 3875 2762 3929 pro
2826 3867 2942 3919 tua,
2980 3871 3014 3909 ο
3054 3854 3291 3917 Christe,
3341 3851 3567 3905 deeerto

1985 3961 2179 4034 gloria.
2219 3959 2310 4012 Sic
2328 3955 2462 4009 dixit
2491 3973 2504 4008 :
2542 3960 2750 4007 etcum
2779 3949 2950 4018 ﬁgura
2973 3947 3155 4002 crucis
3190 3957 3406 4005 rursus,
3440 3951 3564 3994 tan-

1985 4069 2150 4124 quam
2183 4051 2307 4104 aliis
2333 4047 2526 4107 armis,
2554 4044 2795 4114 seipsam
2827 4046 3120 4102 armasset,
3148 4036 3328 4090 stabat
3354 4043 3564 4103 parata,

1986 4155 2310 4215 exspectans
2330 4141 2546 4211 jussqu
2578 4132 2816 4205 tyranni.

2061 4237 2193 4292 Vlll.
2215 4235 2350 4289 Cum
2383 4241 2562 4286 autem
2583 4229 2672 4282 ille
2706 4225 3097 4296 jussisseteam
3125 4221 3178 4276 in
3213 4223 3392 4292 ignem
3433 4236 3566 4276 con-

1983 4331 2100 4401 jici,
2126 4338 2179 4383 et
2202 4341 2321 4382 eam
2344 4337 2541 4390 manus
2567 4328 2753 4376 essent
2772 4318 3026 4373 lictorum
3059 4315 3566 4384 comprehensum.

1989 4422 2178 4478 Victor
2216 4431 2272 4474 et.
2314 4416 2651 4478 Sosthenes,
2675 4411 2769 4483 qui
2801 4417 3078 4482 pmerant
3109 4409 3178 4462 iis
3207 4407 3301 4477 qui
3356 4407 3424 4460 ad
3458 4408 3573 4462 lucc

1990 4513 2389 4573 inserviebant,
2432 4507 2500 4562 ad
2551 4505 2798 4560 Priscum
2863 4502 3197 4558 accedentes
3242 4516 3256 4552 :
3299 4499 3454 4565 Quod
3505 4500 3572 4553 iis

1710 4607 1890 4660 καίτοι
1919 4592 1967 4652 Ι)
1993 4607 2238 4678 quidem,
2272 4616 2392 4670 qua:
2428 4600 2686 4666 imperas,
2748 4601 3004 4666 prompto
3057 4601 3114 4646 et
3163 4591 3329 4646 alacri
3388 4590 3573 4645 animo

1990 4697 2387 4754 inserriamus,
2425 4689 2601 4750 aiunt,
2651 4690 2756 4742 etsi
2799 4685 3003 4739 multos
3043 4683 3344 4737 habeamus
3384 4690 3568 4738 testes.

1989 4807 2099 4848 non
2139 4790 2296 4848 alios,
2355 4799 2516 4854 quam
2558 4792 2682 4835 tuos
2728 4778 2919 4833 oculos
2976 4775 3350 4846 producimus.
3414 4772 3572 4825 Nune.

1990 4894 2174 4940 autem
2209 4895 2319 4934 non
2343 4890 2638 4949 possumus
2683 4881 2906 4944 tangere
2940 4883 3141 4937 corpus
3203 4866 3370 4935 hujus
3406 4865 3571 4933 virgi-

1991 4978 2097 5033 nis.
2133 4973 2395 5028 Videmus
2413 4970 2558 5024 enim
2592 4967 2739 5021 viros
2784 4970 2998 5018 stantes
3034 4968 3261 5029 aspectu
3316 4957 3568 5012 formida-

1994 5068 2154 5132 biles,
2214 5079 2315 5119 nos
2357 5061 2578 5132 quidem
2627 5067 2780 5113 torve
2829 5053 3123 5112 admodum
3179 5051 3481 5112 intuentes,
3518 5059 3574 5102 et

1994 5167 2212 5229 paratos
2279 5154 2551 5225 virginem
2633 5149 2970 5212 defendere,
3035 5152 3092 5199 et
3164 5158 3282 5196 eam
3357 5141 3570 5196 efﬁcere

1992 5251 2208 5306 ﬂamna
2272 5246 2635 5317 superiorem.
2683 5242 2830 5308 Quid
2883 5239 3030 5294 enim
3088 5236 3234 5292 aliud
3272 5235 3373 5289 sibi
3431 5237 3570 5293 vult.

1993 5343 2138 5412 quod
2189 5343 2374 5407 ignem
2429 5339 2536 5392 huc
2576 5347 2633 5392 et
2682 5337 2810 5390 illuc
2861 5330 3230 5402 dispergunt?
3281 5327 3572 5394 Postquam

1996 5445 2177 5490 autem
2238 5433 2351 5486 lure
2406 5427 2614 5486 audivit
2675 5427 2913 5489 Priscus,
2944 5439 3040 5480 eos
3100 5422 3347 5492 quidem,
3389 5427 3450 5470 ut
3480 5433 3572 5484 qui

1990 5530 2102 5596 jam
2140 5543 2170 5578 a
2231 5525 2381 5579 cultu
2413 5529 2639 5577 deorum
2665 5519 3023 5580 defecissent,
3059 5516 3227 5571 mittit
3285 5514 3337 5567 in
3385 5526 3574 5566 carce—

1998 5634 2110 5672 rem
2147 5632 2160 5667 :
2205 5616 2474 5668 tlmsarem
2506 5621 2686 5666 autem
2737 5625 2800 5665 ac
2831 5609 3102 5666 Vicarium
3136 5607 3235 5674 (sic
3279 5605 3433 5688 enim
3481 5619 3574 5653 vo-

1995 5707 2282 5776 eabautur)
2330 5705 2530 5761 sufﬁcit
2600 5704 2654 5756 iu
2699 5717 2888 5757 eorum
2938 5699 3329 5755 ministerium.
3371 5696 3450 5775 (Ει
3500 5694 3572 5746 illi

2002 5800 2221 5872 quidem
2261 5807 2516 5867 prompto
2565 5809 2616 5850 et
2666 5796 2832 5852 alacri
2871 5793 3038 5846 animi
3081 5791 3263 5868 studio
3297 5788 3572 5856 egregiam

2005 5895 2266 5964 virginem
2301 5891 2672 5960 liupheru'am,
2726 5887 2955 5944 cedente
3011 5883 3194 5938 divina
3240 5881 3442 5932 virtute
3474 5891 3572 5927 au~
