4002 6466
459 471 566 535 723

1689 475 1974 538 MENSIS
2015 475 2499 544 SERTEMBER.

3618 471 3728 539 724

459 588 707 659 gelorum
759 590 962 660 (neque
1012 592 1161 646 enim
1206 598 1466 662 poterant
1536 589 1641 660 ipsi
1672 589 2022 645 mutationem

2151 587 2309 645 αὐτοὶ
2339 584 2444 645 οἷοί
2478 609 2538 646 τε
2583 587 2726 664 ἦσαν
2763 589 3068 663 μεταϐολὴν
3109 587 3368 656 δέξασθαι
3403 589 3537 660 πρὸς
3567 589 3729 644 εὐσε-

459 681 742 750 su'scipere
759 680 828 736 ad
865 681 1178 754 pietatem),
1225 682 1481 754 injiciunt
1511 683 1568 737 in
1599 682 1900 738 fornacem.
1927 681 2038 738 Sed

457 785 557 826 eos
581 771 844 826 continuo
875 774 1190 844 arguebant
1225 790 1316 831 res
1339 775 1619 836 inanimae.
1643 786 1698 830 et
1727 773 2033 844 punieban-

459 872 548 919 tur
577 864 752 935 impii.
782 865 928 938 ignis
973 868 1124 923 enim
1157 879 1388 939 repente
1438 869 1834 934 etfervescens,
1886 877 1943 922 et
1978 867 2036 921 in

455 957 643 1012 orbem
667 958 1063 1023 circumfusus,
1078 960 1361 1030 quomodo
1377 961 1532 1030 prius
1554 960 1852 1031 Babylone,
1886 959 2036 1015 ultus

455 1057 542 1104 est
563 1064 682 1113 eos,
712 1048 808 1118 qui
833 1049 1138 1118 iniecerant
1173 1067 1189 1117 ;
1237 1050 1472 1120 gloriosa
1496 1060 1680 1106 autem
1734 1051 1886 1121 virgo
1911 1065 2038 1120 per.

452 1141 582 1197 inde
627 1157 692 1198 ac
720 1142 766 1197 si
796 1157 906 1198 non
929 1144 996 1198 ad
1023 1143 1377 1214 supplicium,
1408 1144 1506 1198 sed
1531 1145 1600 1199 ad
1633 1144 2035 1200 recreationem

453 1233 659 1288 tradita
681 1241 827 1289 esset
853 1243 911 1290 et
935 1235 1184 1301 delicias,
1225 1236 1429 1291 mansit
1457 1235 1678 1306 quidem
1711 1237 2033 1306 aliquandiu

453 1325 524 1381 ab
552 1326 678 1397 igne
709 1327 876 1383 illaesa
909 1327 1306 1391 ;securissime
1342 1337 1529 1383 autem
1579 1329 1836 1384 movebat
1883 1329 2033 1384 labra

451 1417 520 1472 ad
571 1418 807 1489 hymnos
838 1418 1079 1486 divinos,
1145 1435 1277 1476 aura
1340 1420 1492 1477 molli
1549 1429 1608 1476 et
1648 1420 1862 1476 roscida
1910 1435 2033 1477 eam

451 1510 840 1581 refrigerante.

522 1602 615 1657 IX.
653 1603 951 1674 Postquam
977 1615 1161 1662 autem
1201 1614 1256 1662 et
1288 1605 1509 1661 ﬂamma
1553 1607 1860 1671 contabuit,
1891 1617 1948 1663 et
1974 1607 2031 1662 in

447 1694 714 1750 Caesarem
739 1706 794 1751 et
809 1696 1082 1753 Vicarium
1101 1698 1364 1755 divinitus
1378 1699 1681 1754 immissum
1697 1700 2028 1771 supplicium

447 1787 587 1841 alios
619 1787 905 1844 ministros
935 1791 1126 1860 procul
1170 1791 1466 1861 dispersit;
1498 1791 1782 1864 egreditur
1825 1802 2031 1862 martyr

445 1878 586 1932 adeo
621 1879 833 1951 integra
874 1892 928 1936 et
948 1881 1138 1947 illaesa,
1164 1893 1313 1938 utne
1335 1885 1387 1938 in
1425 1886 1613 1941 tunica
1635 1885 1856 1956 quidem
1888 1886 2028 1956 ignis

444 1969 616 2024 ullum
641 1981 888 2028 servaret
915 1974 1227 2046 vestigium.
1255 1974 1363 2030 Sed
1386 1977 1557 2046 ipsam
1590 1977 1811 2045 quidem
1833 1992 2026 2032 rursus

443 2064 684 2120 vinctam
715 2067 938 2121 tenebat
960 2069 1234 2124 custodia.
1261 2071 1359 2124 Die
1389 2078 1576 2125 autem
1607 2072 1864 2141 sequenti
1895 2074 2026 2128 edu-

443 2156 520 2210 cit
548 2158 843 2226 proconsul
879 2158 1156 2215 Victorem
1191 2171 1247 2216 et
1275 2159 1629 2226 Sostbencm,
1660 2172 1716 2217 et
1738 2163 1903 2232 jussit
1927 2179 2025 2219 eos

444 2247 761 2304 sacriﬁcare
793 2250 902 2306 diis
937 2251 1073 2306 suis.
1107 2253 1188 2308 Illi
1213 2263 1397 2308 autem
1436 2272 1450 2311 :
1512 2252 1644 2320 Nos,
1703 2256 1946 2321 aiebant,
1989 2272 2024 2312 o

446 2342 769 2407 proconsul,
818 2358 1013 2414 magno
1041 2345 1193 2414 prius
1217 2361 1406 2400 errore
1427 2346 1711 2416 implicati,
1744 2348 2024 2417 quomodo

446 2440 505 2484 tu
530 2446 750 2502 quoque
793 2434 1100 2505 hucusque,
1143 2453 1292 2492 nunc
1337 2438 1553 2492 tandem
1590 2439 1734 2496 bono
1769 2439 1862 2495 Dei
1885 2451 2022 2496 nutu

445 2525 855 2594 resipiscentes,
917 2527 1064 2598 digni
1109 2529 1280 2584 habiti
1333 2545 1544 2597 sumus,
1593 2531 1688 2600 qui
1734 2532 2022 2588 veritatem

443 2628 872 2683 agnosceremus
901 2632 1000 2687 per
1043 2619 1186 2673 hanc
1234 2620 1524 2692 virginem.
1581 2620 1734 2677 Scias
1756 2638 1885 2694 ergo
1922 2639 2024 2680 nos

446 2717 628 2773 neque
655 2703 758 2760 diis
792 2705 1058 2764 inanimis
1081 2707 1492 2766 sacriﬁcaturos
1535 2711 1700 2782 (absit
1744 2722 1803 2768 ut
1849 2714 2024 2772 simus

441 2794 580 2851 adeo
603 2808 797 2852 emotae
818 2800 1066 2870 mentis),
1101 2817 1281 2872 neque
1327 2803 1438 2858 tuis
1465 2819 1591 2860 esse
1625 2820 1880 2862 cessuros
1904 2807 2024 2862 edi-

442 2885 570 2939 clis.
605 2887 901 2957 Postquam
936 2890 1052 2946 haec
1073 2891 1358 2956 dixissent.
1391 2894 1615 2950 abducti
1657 2906 1786 2952 sunt
1822 2898 1879 2952 in
1908 2908 2021 2954 sta-

443 2977 621 3044 dium,
657 2980 874 3049 etjussi
904 2991 1034 3065 sunt
1060 2998 1303 3054 pugnare
1334 3000 1458 3039 cum
1485 2985 1699 3042 bestiis.
1736 2987 2020 3044 llliautem

443 3075 775 3143 imperatum
829 3075 1066 3132 libenter
1109 3080 1473 3150 accipiebant,
1533 3091 1588 3136 et
1649 3084 2021 3150 exsultabant,

443 3180 557 3219 non
607 3166 784 3221 solum
813 3168 958 3237 quod
989 3170 1370 3226 existimarent
1393 3189 1514 3228 esse
1541 3175 1714 3230 satius
1738 3175 2023 3232 decertare

2142 684 2325 748 σειαν,
2372 684 2742 756 ἐμϐάλλουσιν
2784 685 2866 746 είς
2910 682 3011 754 τὴν
3061 681 3319 753 κάμινον.
3377 680 3518 735 Ἀλλ’
3559 682 3727 746 εὐθὺς

2139 777 2438 848 ἠλέγχοντο
2469 781 2623 849 παρά
2647 776 2756 830 τῶν
2795 775 3046 848 ἀψύχων,
3077 774 3173 830 καὶ
3201 777 3252 828 oi
3283 773 3507 838 ἀσεϐεῖς
3529 773 3730 828 ἐκολά-

2141 871 2320 936 ζοντο.
2355 871 2430 924 To
2458 871 2568 943 γάρ
2602 869 2715 940 πῦρ
2749 869 2950 940 ἀθρόον
2977 867 3382 937 ἀναπαφλάσαν
3415 867 3509 921 καὶ
3536 866 3728 938 κύκλῳ

2137 962 2456 1032 περιχυθὲν,
2489 962 2680 1034 ῶσπερ
2710 965 2769 1016 ὲν
2802 959 3123 1027 Βαϐυλῶνι,
3158 959 3220 1014 τὺ
3271 960 3543 1032 πρότερον
3595 961 3729 1023 τοὺς
3767 992 3800 1028 ,ν

2139 1055 2484 1133 ὲμὸαλόντας
2511 1055 2764 1126 ἠμύνατο
2785 1073 2800 1088 ο
2835 1055 2867 1126 ἡ
2892 1053 2950 1109 δέ
2984 1069 3050 1123 γε
3076 1051 3389 1116 καλλίνικος
3415 1052 3724 1123 ἀθλοφόρος
3755 1047 3761 1052 ’

2138 1147 2331 1218 ῶσπερ
2382 1147 2484 1200 οὐκ
2535 1149 2616 1211 είς
2669 1146 2970 1218 τιμωρίαν,
3018 1145 3137 1200 ἀλλ’
3180 1147 3263 1208 είς
3305 1144 3496 1198 ἄνεσίν
3526 1160 3587 1196 τε
3628 1143 3728 1197 καὶ

2136 1239 2349 1309 τρυφὴν
2369 1239 2674 1305 ἐκδοθεῖσα,
2702 1237 2790 1306 ἐφ’
2811 1237 3000 1292 ἱκανὸν
3024 1237 3125 1305 μὲν
3148 1235 3226 1305 τῷ
3249 1237 3386 1307 πυρὶ
3408 1236 3727 1304 παρέμενεν

2136 1333 2436 1402 ἄψαυστος.
2480 1332 2642 1388 Κατά
2667 1331 2873 1402 πολλὴν
2910 1331 2968 1385 δὲ
2997 1330 3100 1400 τὴν
3131 1330 3322 1385 ἄδειαν
3363 1329 3503 1399 πρὸς
3539 1325 3727 1390 θείους

2137 1423 2346 1494 ὕμνους
2382 1424 2554 1478 ἐκίνει
2585 1423 2653 1479 τὰ
2683 1424 2861 1496 χείλη,
2893 1422 3069 1496 αὐρας
3094 1423 3270 1495 αὐτὴν
3330 1420 3724 1492 ἀναψυχούσης

2139 1517 2395 1588 μαλακῆς
2421 1533 2479 1571 τε
2512 1517 2609 1570 καὶ
2643 1517 2934 1588 δροσερᾶς.

2206 1607 2281 1663 Θ’.
2324 1607 2477 1662 Ἐπεὶ
2508 1607 2566 1660 δὲ
2612 1607 2708 1682 καῖ
2755 1609 2788 1676 ἡ
2839 1606 2968 1676 φλὸξ
3005 1605 3339 1678 ἐμαραίνετο
3369 1604 3464 1660 καὶ
3508 1607 3542 1675 ἠ
3587 1604 3724 1676 περὶ

2133 1705 2226 1755 τὸν
2260 1702 2518 1773 Καίσαρὰ
2550 1717 2610 1754 τε
2646 1701 2742 1754 καὶ
2774 1699 3036 1772 Βικάριον
3081 1698 3432 1769 θεόπεμπτος
3476 1697 3724 1769 τιμωρία

2131 1797 2240 1850 τῶν
2273 1795 2566 1873 ὑπηρετῶ]
2597 1795 2726 1857 τοὺς
2759 1793 2957 1858 ἄλλους
2990 1793 3184 1866 πόρρω
3209 1811 3313 1847 που
3343 1791 3721 1858 διεσκέδασεν,

2133 1887 2336 1954 ἔξεισιν
2375 1889 2408 1959 ή
2447 1886 2681 1958 μάρτυς,
2723 1885 2902 1950 οὕτως
2953 1885 3223 1955 ἀϐλαϐὴς,
3268 1884 3344 1946 ὡς
3387 1884 3511 1955 μηδ’
3545 1885 3604 1937 ὲν
3637 1882 3724 1953 τῷ

2129 1980 2322 2053 χιτῶνι
2383 1981 2552 2051 μηδὲν
2595 1981 2743 2050 ίχνος
2800 1978 2894 2033 τοῦ
2935 1977 3110 2048 πυρὸς
3151 1975 3542 2041 διασώζεσθαι,
3595 1974 3721 2029 ἀλλ’

2129 2074 2302 2140 αὐτὴν
2347 2071 2450 2142 μὲν
2501 2072 2594 2124 καὶ
2629 2066 2856 2142 αῦθιςή
2904 2070 3126 2138 φυλακὴ
3182 2068 3454 2137 δεσμῶτιν
3501 2068 3714 2137 ἐτήρει.

2132 2169 2293 2234 Ἀγει
2339 2165 2395 2219 δὲ
2443 2168 2506 2237 τῇ
2541 2163 2669 2230 ἑξῆς
2713 2166 2740 2218 ὁ
2768 2163 3084 2227 ἀνθύπατος
3115 2161 3207 2215 τὸν
3238 2159 3496 2230 Βίκτωρά
3524 2177 3586 2212 τε
3619 2160 3721 2214 καὶ

2126 2260 2220 2314 τὸν
2253 2257 2566 2326 Σωσθένην,
2599 2258 2695 2310 καὶ
2729 2255 2882 2310 θύειν
2913 2255 3134 2308 ἐκέλευε
3178 2255 3294 2316 τοῖς
3334 2250 3503 2306 αὐτοῦ
3545 2251 3716 2318 Θεοῖς,

2125 2355 2175 2405 οἱ
2203 2353 2282 2418 δὲ,
2333 2351 2549 2422 Ἡμεῖς,
2587 2349 2823 2419 ἔφησαν,
2861 2342 2906 2403 ὦ
2949 2346 3257 2413 ἀνθύπατε,
3312 2346 3502 2416 μακρᾷ
3536 2343 3718 2415 πλάνῃ

2125 2445 2186 2499 τὸ
2215 2445 2484 2514 πρότερον
2511 2439 2894 2514 χειρωθέντες,
2922 2439 3178 2508 καθάπερ
3208 2438 3272 2508 δὴ
3302 2436 3400 2491 καὶ
3422 2434 3606 2500 αὐτὸς,
3634 2434 3718 2498 είς

2125 2537 2207 2591 ἔτι
2240 2535 2356 2600 νῦν,
2394 2536 2548 2605 μόλις
2573 2533 2708 2588 Θεοῦ
2741 2533 3009 2603 νεύμασιν
3041 2533 3442 2602 ἀνανήψαντες,
3469 2526 3719 2595 ἐπιγνῶ-

2125 2648 2216 2684 ναι
2248 2629 2349 2699 τὴν
2382 2627 2646 2700 ἀλήθειαν
2680 2625 2767 2678 διὰ
2817 2625 2914 2694 τῆς
2961 2623 3235 2694 παρθένου
3277 2620 3508 2691 ταύτης,
3547 2617 3720 2689 ἠξιώ-

2129 2723 2290 2793 μεθα.
2343 2721 2483 2774 Ἴσθι
2532 2714 2625 2773 οῦν
2681 2716 2759 2780 ὡς
2815 2716 2942 2771 οὐτε
3021 2715 3222 2785 θύομεν
3279 2713 3510 2784 ἀψύχοις
3568 2709 3718 2772 θεοῖς

2127 2818 2228 2886 (μὴ
2255 2814 2402 2867 οῦτω
2452 2812 2545 2866 νοῦ
2596 2831 2655 2867 τε
2699 2815 2794 2867 καὶ
2848 2809 3066 2881 φρενῶν
3098 2807 3540 2878 διαμάρτωμεν),
3584 2803 3719 2858 οὐτε

2125 2910 2240 2970 τοῖς
2317 2910 2432 2970 σοῖς
2499 2906 2806 2976 ὐπείκομεν
2893 2906 3288 2974 διατάγμασιν.
3383 2901 3539 2952 Ἐπεὶ
3583 2897 3721 2950 ταῦ-

2125 3017 2195 3052 τα
2242 2995 2421 3062 εἷπον,
2480 2971 2558 3062 si;
2636 2971 2716 3051 τὸ,
2764 2998 2984 3052 στάδιον
3035 2971 3196 3060 εὐθὺς
3276 2994 3554 3065 ἀπήγοντο
3615 2991 3720 3044 καὶ

2127 3091 2488 3161 θηριομαχεῖν
2543 3090 2882 3148 ἐκελεύοντο.
2950 3091 3012 3142 Οἱ
3056 3088 3114 3142 δὲ
3172 3086 3424 3156 ἁσμένως
3483 3083 3543 3137 τὸ
3616 3099 3720 3135 κε-

2126 3177 2351 3231 λευσθὲν
2432 3177 2679 3247 ἐδέχοντο
2747 3179 2842 3232 καὶ
2927 3176 3227 3246 ἠγάλλοντο
3277 3173 3337 3226 οὐ
3401 3171 3566 3241 μόνον
3628 3173 3717 3223 ὅτι

443 3271 570 3312 eum
621 3257 776 3324 feris,
811 3276 975 3327 quam
1017 3278 1139 3317 cum
1200 3273 1308 3318 tam
1350 3266 1509 3321 malis
1540 3267 1876 3332 hominibus,
1926 3269 2020 3325 sed

2131 3269 2344 3340 βέλτιον
2382 3267 2619 3337 ἡγοῦντο
2653 3269 2714 3322 τὸ
2745 3269 2884 3338 πρὸς
2917 3267 3092 3340 θῆρας
3125 3265 3329 3336 μᾶλλον
3367 3263 3400 3333 ἢ
3428 3262 3574 3316 οὓτω
3605 3278 3713 3314 πο-

443 3350 609 3404 etiam
665 3351 813 3421 quod
878 3367 978 3422 per
1036 3355 1230 3411 dentes
1281 3356 1522 3412 ferarum
1572 3367 1730 3412 erant
1766 3359 1841 3412 illi
1887 3375 2022 3415 con-

439 3442 671 3499 fracturi
701 3446 947 3502 maxillas
997 3447 1211 3512 bestizv,
1256 3465 1376 3518 quae
1403 3459 1554 3504 caret
1607 3466 1795 3506 carne.
1863 3453 2023 3518 Quod

441 3535 666 3604 quidem
718 3552 842 3591 cum
900 3541 1110 3608 precati
1167 3550 1376 3605 essent,
1427 3542 1719 3598 audierunt
1770 3544 1838 3599 dc
1882 3544 2022 3601 coelo

440 3640 662 3694 vocem,
711 3645 835 3699 qua
892 3631 1236 3702 significabat
1305 3632 1474 3688 fuisse
1527 3635 1771 3689 auditam
1826 3651 2019 3692 eorum

438 3718 932 3774 orationem.Cum
982 3734 1114 3790 ergo
1153 3721 1415 3778 immissae
1461 3723 1700 3778 fuissent
1745 3725 1933 3780 bestiae
1963 3728 2017 3782 in

442 3819 730 3881 martyres,
754 3821 812 3866 et
839 3813 892 3866 in
937 3826 1036 3867 eos
1084 3811 1837 3886 insiliisscnt,graviﬂagello
1885 3819 2022 3874 inci-

438 3910 592 3967 tatae,
635 3918 836 3972 nempe
877 3902 1043 3967 fame,
1108 3913 1164 3958 et
1203 3919 1304 3961 eos
1343 3907 1520 3961 solum
1572 3909 2017 3977 momordissent,

436 4004 494 4050 et
527 3994 796 4051 bibissent
827 3995 1151 4066 sanguinem
1211 3997 1523 4067 (oportebat
1573 3999 1719 4053 enim
1756 4001 1823 4054 ad
1880 4002 2019 4058 eﬂ'e-

433 4097 584 4143 ctum
617 4088 815 4144 deduci
865 4089 1083 4143 illorum
1131 4096 1370 4159 preces),
1407 4091 1802 4148 abstinuerunt
1831 4110 1862 4148 a
1899 4111 2019 4150 cor-

434 4180 684 4250 poribus,
717 4188 772 4234 et
813 4195 876 4234 ea
904 4182 1055 4237 nullo
1083 4183 1246 4236 modo
1268 4182 1622 4238 devorarunt.
1659 4183 1792 4240 Nam
1836 4202 2018 4256 neque

439 4286 572 4328 tunc
591 4275 880 4344 negligens
909 4283 1030 4329 erat
1075 4275 1274 4345 gratia.
1305 4290 1428 4344 qua:
1470 4276 1624 4345 prius
1660 4277 1872 4333 Danieli
1907 4279 2017 4334 frc-

433 4362 589 4418 navit
620 4377 716 4417 ora
750 4363 992 4428 leonum,
1031 4373 1088 4419 et
1120 4363 1201 4420 sic
1249 4363 1415 4418 breve
1440 4381 1540 4435 pro
1581 4366 1805 4423 Christo
1867 4385 2014 4423 mar-

435 4453 637 4526 tyrium
674 4453 1020 4522 pertulerunt
1051 4455 1292 4509 athletae.
1335 4455 1411 4510 De
1437 4457 1575 4527 ipsis
1623 4467 1808 4514 autem
1841 4462 2014 4516 sacris

2127 3361 2329 3430 νηρούς
2374 3359 2703 3425 ἀνθρώπους
2754 3358 3126 3421 διαπαλαίειν,
3177 3357 3293 3411 ἀλλ’
3351 3356 3434 3409 ὅτι
3493 3354 3590 3406 καὶ
3641 3349 3717 3404 δι’

2123 3453 2350 3506 ὀδόντων
2384 3449 2591 3521 θηρίων
2650 3450 2877 3520 ἔμελλον
2911 3451 3008 3513 τὰς
3035 3449 3208 3519 μύλας
3242 3445 3471 3518 συνθλᾷν
3492 3443 3711 3498 ὲκςξνου

2121 3543 2219 3598 τοῦ
2253 3544 2496 3614 ἁσάρκου
2529 3541 2718 3612 θηρός.
2757 3544 2822 3595 Ὃ
2853 3542 2946 3596 καὶ
2977 3541 3043 3594 δι’
3075 3541 3242 3611 εὐχῆς
3274 3539 3493 3608 θέμενοι
3518 3533 3715 3605 φωνῆς

2121 3639 2322 3710 ἢκουον
2349 3635 2645 3706 οὐρανόθεν
2677 3635 3002 3704 διασαφοῦς,
3037 3633 3315 3702 ἀκουστὴν
3340 3630 3519 3684 αὐτῶν
3555 3628 3714 3695 γενέ-

2123 3732 2248 3783 σθαι
2285 3727 2383 3799 τὴν
2415 3727 2654 3798 αἴτησιν.
2707 3729 2794 3790 Ὠς
2832 3726 2925 3780 οὖν
2957 3725 3028 3779 τὰ
3065 3725 3230 3796 Θηρία
3276 3725 3388 3786 τοῖς
3435 3721 3714 3791 μάρτυσιν

2125 3825 2441 3895 ὲπαφείθη,
2498 3823 2779 3894 ὲφήλλατό
2825 3839 2886 3874 τε
2932 3821 3141 3884 αὐτοῖς,
3205 3818 3418 3888 χαλεπῇ
3477 3817 3712 3886 μάστιγι

2122 3916 2547 3988 παρορμὼμενα
2603 3915 2684 3986 τῷ
2740 3913 2909 3984 λιμῷ,
2974 3913 3069 3966 καὶ
3104 3912 3399 3964 ἐνδακόντα
3453 3909 3547 3961 καὶ
3603 3909 3711 3976 ὲμο

2119 4011 2316 4064 πιόντα
2345 4008 2440 4062 τοῦ
2466 4009 2701 4079 αἵματος
2737 4008 2898 4078 μόνον
2931 4006 3062 4077 (ἔδει
3089 4005 3198 4074 γάρ
3226 4003 3324 4074 τὴν
3355 4001 3582 4056 ἐκείνων
3614 4000 3712 4052 εὐο

2119 4099 2224 4169 χὴν
2271 4100 2354 4161 είς
2404 4098 2582 4168 πέρας
2635 4096 2837 4166 ἐλθεῖν)
2866 4111 2879 4124 ·
2911 4094 3218 4164 ἀπέσχοντο
3247 4091 3356 4146 τῶν
3406 4092 3707 4160 σωμάτων,

2117 4193 2214 4248 καλ⁵
2261 4190 2520 4260 οὐδαμῶς
2565 4189 2708 4244 αὐτά
2749 4188 2920 4260 βοράν
2962 4187 3171 4251 ἔθεντο,
3215 4183 3550 4256 ἡμέλειγάρ
3580 4181 3710 4234 οὐδὲ

2118 4285 2215 4338 νῦν
2247 4286 2279 4355 ή
2323 4284 2482 4355 χάρις
2511 4283 2545 4354 ἢ
2587 4282 2664 4353 τῷ
2693 4282 2897 4350 Δανιὴλ
2939 4281 3206 4352 πρότερον
3238 4277 3430 4331 δεινῶν
3471 4276 3710 4328 λεόντων

2119 4377 2370 4446 στόματα
2417 4375 2692 4446 ὲχαλὶνου,
2748 4375 2843 4429 καὶ
2895 4373 3043 4427 οὕτω
3109 4371 3376 4442 σύντομον
3437 4370 3498 4422 τὸ
3558 4369 3708 4439 ὑπὲρ

2117 4469 2365 4542 Χριστοῦ
2405 4469 2712 4541 μαρτύριον
2759 4469 2807 4522 οἱ
2855 4467 3152 4537 ἀθλοςόροι
3190 4465 3506 4536 διήνεγκαν.
3565 4463 3708 4530 Περὶ

433 4548 763 4618 corporibus
790 4563 936 4603 cura:
961 4548 1065 4602 fuit
1108 4548 1177 4603 iis
1224 4547 1317 4618 qui
1369 4563 1433 4603 ex
1487 4550 1593 4620 piis
1635 4562 1793 4606 erant
1848 4554 2012 4622 paulo

2128 4564 2306 4633 μέντοι
2362 4562 2476 4616 τῶν
2539 4562 2703 4632 ἱερῶν
2760 4561 3033 4631 σωμάτων
3079 4557 3259 4612 αὐτῶν
3313 4556 3548 4626 ἐμέλησε
3591 4554 3711 4606 τῶν

431 4639 815 4705 studiosiores,
842 4651 902 4696 ut
925 4656 989 4694 ea
1013 4641 1295 4705 tollerent,
1327 4642 1664 4714 psalmisquc
1707 4653 1764 4699 et
1796 4647 2012 4717 hymnis

2128 4652 2364 4707 εὐσεϐῶν
2393 4653 2508 4715 τοῖς
2540 4651 3006 4720 σπουδαιοτέροις,
3035 4645 3324 4701 ἀνελέσθαι
3355 4662 3415 4698 τε
3439 4641 3581 4696 αὐτά
3611 4641 3714 4693 καὶ

430 4735 757 4790 mandarent
781 4735 1098 4805 sepultum.

505 4826 572 4882 Χ.
609 4828 706 4883 Die
765 4838 949 4882 autem
986 4827 1243 4896 sequenti
1282 4843 1383 4897 pro
1417 4828 1712 4897 judiciario
1755 4830 2014 4886 tribunali

429 4920 738 4988 praesidens
778 4929 1062 4990 tyrannus,
1099 4920 1392 4990 gloriosam
1427 4921 1792 4990 Euphemiam
1827 4925 2017 4980 educit

429 5027 460 5066 e
499 5026 740 5066 carcere.
774 5012 842 5066 Et
863 5021 983 5066 erat
1007 5013 1227 5080 quidem
1261 5011 1382 5066 laeta
1404 5013 1580 5078 vultu,
1613 5015 1797 5067 animo
1829 5027 2013 5072 autem

430 5104 624 5159 laetior.
660 5102 942 5159 Submisse
962 5120 1092 5159 vero
1119 5105 1349 5160 canebat
1379 5106 1649 5162 accedens
1679 5107 1744 5160 ad
1773 5108 2014 5177 judicent

432 5198 554 5253 hzec
597 5199 809 5252 cantica
881 5197 1189 5252 Davidica:
1245 5217 1261 5248 ι
1305 5197 1365 5252 1η
1429 5198 1517 5254 via
1576 5201 2015 5256 testimoniorum

433 5296 654 5340 tuorum
687 5286 952 5341 deleCIata
980 5302 1125 5352 sum,
1146 5297 1403 5356 tanquam
1431 5289 1483 5342 in
1501 5291 1760 5346 omnibus
1787 5292 2014 5348 divitiis.

429 5377 491 5430 ιιι
517 5375 998 5446 iustiﬁcationibus
1030 5379 1138 5433 tuis
1167 5379 1490 5444 meditabor,
1549 5395 1658 5435 non
1718 5382 2010 5438 obliviscar

428 5467 566 5539 legis
599 5477 708 5522 tua:
742 5471 785 5532 ²,
829 5487 848 5520 ι
881 5477 939 5522 et
971 5485 1094 5537 quae
1119 5470 1378 5540 deinceps
1403 5480 1834 5542 consequuntur.
1873 5474 2012 5528 Dicit

427 5576 557 5630 ergo
592 5562 642 5616 ei
675 5571 940 5633 tyrannus
975 5579 987 5614 :
1021 5563 1318 5633 Quousque
1347 5574 1399 5619 te
1449 5565 1585 5620 adeo
1627 5565 1880 5620 aﬂlictam
1913 5568 2010 5622 de-

428 5652 620 5721 spicis,
679 5663 735 5708 et
764 5654 895 5709 deos
925 5655 1146 5725 quidem
1189 5656 1434 5712 molestia
1487 5657 1673 5724 adicis,
1737 5667 1791 5712 et
1825 5657 2004 5728 ipsum

427 5744 497 5798 ad
554 5745 691 5799 iram
747 5760 1013 5814 provocas
1067 5747 1637 5820 imperatorem?Fac
1687 5749 1890 5821 aliquid
1919 5767 2005 5810 sa-

539 5929 558 5956 ²
586 5925 726 5982 Psal.
761 5945 947 6002 cum,
974 5933 1055 6000 15,
1101 5934 1183 5991 l6.

2113 4745 2357 4816 ψαλμοῖς
2385 4745 2480 4798 καὶ
2512 4743 2704 4814 ῦμνοις
2733 4745 2882 4814 ταφῇ
2915 4739 3284 4811 παραδοῦναι.

2189 4838 2244 4889 l'.
2283 4837 2376 4899 Είς
2407 4835 2507 4906 τὴν
2530 4835 2794 4888 ἐπιοῦσαν
2825 4835 2885 4887 δὲ
2924 4833 3018 4886 τοῦ
3051 4829 3370 4886 δικαστικοῦ
3403 4828 3650 4899 βήματος
3679 4829 3710 4880 ὁ

2117 4929 2384 4997 τύραννος
2421 4925 2784 4997 προκαθίσας,
2835 4926 2963 4992 ἄγει
3014 4923 3113 4994 τὴν
3171 4920 3483 4974 καλλίνικον
3517 4919 3710 4988 Εὐφη-

2121 5020 2250 5090 μίαν
2277 5021 2343 5072 ὲκ
2378 5021 2478 5090 τῆς
2509 5017 2759 5088 εἱρκτῆς,
2789 5017 2883 5070 καὶ
2934 5012 3001 5087 ἦν
3046 5013 3256 5084 φαιδρὰ
3288 5011 3390 5082 μὲν
3421 5012 3521 5082 τὴν
3552 5009 3706 5081 ὄψιν,

2115 5112 2452 5182 φαιδροτέρα
2498 5111 2556 5164 δὲ
2591 5110 2691 5181 τὴν
2726 5109 2928 5181 ψυχὴν,
2979 5107 3255 5178 ὐπέψαλλε
3305 5107 3360 5159 δὲ
3403 5106 3499 5158 καὶ
3532 5122 3706 5176 προσ-

2117 5203 2272 5258 ιοῦσα
2321 5203 2398 5274 τῷ
2441 5203 2670 5274 δικαστῇ
2717 5205 2785 5258 τὰ
2818 5203 3086 5256 Δαυιτικά
3111 5200 3270 5256 ταυτὶ
3305 5199 3558 5271 ᾅσματαο
3613 5199 3707 5252 Ἐν

2113 5299 2181 5366 τῇ
2217 5295 2322 5364 ὁδῷ
2353 5294 2462 5347 τῶν
2493 5295 2814 5366 μαρτυρίων
2844 5312 2940 5348 σου
2975 5294 3252 5364 ὲτέρφθην
3290 5292 3365 5355 ὠς
3409 5292 3503 5344 ἐπὶ
3533 5291 3710 5344 παντὶ

2117 5387 2354 5459 πλούτῳ.
2406 5387 2494 5442 Ἑν
2547 5390 2660 5452 τοῖς
2705 5387 3042 5458 δικαιώμασί
3099 5405 3193 5440 σου
3247 5385 3552 5457 μελετήσω,
3601 5383 3707 5436 οὐκ

2121 5478 2452 5548 ἐπιλήσομαι
2488 5479 2583 5533 τοῦ
2624 5479 2788 5550 μόνου
2843 5498 2960 5543 σου,
3004 5481 3099 5533 καὶ
3149 5480 3249 5531 ὃσα
3292 5479 3500 5539 τούτοις
3547 5477 3703 5545 ἑξῆς.

2124 5572 2269 5641 Ἔφη
2305 5568 2400 5622 οῦν
2425 5570 2564 5640 πρὸς
2597 5571 2767 5644 αὐτὴν
2814 5573 2842 5625 ὁ
2877 5571 3166 5642 τύραννο;’
3204 5571 3385 5640 Μέχρι
3427 5569 3574 5630 τίνος
3607 5569 3706 5620 καὶ

2117 5661 2354 5733 σεαυτὴν
2406 5662 2550 5718 οὕτω
2600 5662 3061 5733 ταλαιπωροῦσαν
3096 5663 3396 5734 ὑπερορᾷς,
3449 5662 3541 5714 καὶ
3570 5659 3702 5720 τοὺς

2114 5755 2272 5822 θεοὺς
2307 5774 2404 5830 μεν
2437 5759 2648 5821 λυπεῖς,
2688 5756 3052 5829 παροργίζεις
3082 5756 3135 5810 δὲ
3173 5756 3263 5809 καὶ
3301 5753 3390 5808 τὸν
3424 5749 3700 5820 αὐτοκρά-
