4002 6506
313 466 432 537 725

1431 460 1900 528 MARTYRIUM
1937 462 1999 526 S.
2044 464 2488 531 EUPHEMLE.

3471 469 3577 533 726

314 548 495 661 τορας
532 582 747 658 πρᾶξόν
781 601 834 640 τι
881 582 1127 652 συνετὸν,
1173 583 1269 639 καὶ
1313 586 1425 648 τοῖς
1456 583 1604 648 θεοῖς
1645 583 1899 653 πείσθητι

2024 586 2235 652 ιίειιιει,
2272 596 2326 642 et
2352 585 2683 658 persuadere
2716 584 2821 642 diis
2851 582 3055 642 offerre
3100 583 3457 641 sacriﬁcium.
3482 584 3576 640 llla

317 677 521 755 θυσίαν
571 678 988 749 προσενεγκεῖν.
1034 677 1099 731 Ἥ
1147 677 1234 745 δὲ,
1286 676 1497 749 Πρᾶξαί
1543 693 1597 731 τι
1650 675 1895 741 συνετὸν,

318 773 451 841 ῑτρη,
480 768 821 841 προτρέπεις
853 771 1024 840 ἡμᾶς,
1066 764 1113 824 ὦ
1137 769 1406 836 δικαστάς
1438 768 1535 823 καὶ
1566 768 1620 822 τί
1647 769 1694 824 δ’
1717 769 1782 821 ἄν
1814 786 1899 832 τις

321 860 695 929 συνετώτερον
743 860 1016 932 δράσειεν,
1069 861 1104 934 ἢ
1160 860 1222 914 τὺ
1260 861 1337 931 μὴ
1381 861 1670 915 πείθεσθαι
1716 861 1899 926 λίθους

318 949 566 1021 ἀψύχους
598 968 657 1004 τε
684 950 780 1005 καὶ
806 953 1025 1020 κωφοὺς
1052 952 1307 1021 ἡγεῖσθαι
1335 951 1488 1017 θεούς
1511 969 1525 1018 ;
1558 952 1749 1025 ὥσπερ
1772 953 1902 1007 τού-

318 1043 541 1097 ναντίον
586 1042 646 1094 τὸ
676 1041 965 1095 πείθεσθαι
1013 1043 1206 1107 ἀνοίας
1246 1044 1367 1098 ἐστὶ
1401 1043 1622 1115 μεστὸν,
1655 1044 1748 1098 καὶ
1779 1043 1901 1099 οὐδὲ

321 1133 531 1204 μανίας
587 1132 896 1203 ἐλεύθερον.
954 1133 1264 1204 Ὀργισθεὶς
1316 1136 1410 1189 ἐπὶ
1456 1139 1570 1201 τοῖς
1603 1135 1904 1206 ρηθεῖσινδ

322 1224 639 1296 τύραννος,
701 1225 839 1295 πρὸς
891 1227 1216 1296 καινοτέραν
1266 1228 1530 1298 τρέπεται
1593 1228 1900 1296 τιμωρίαν·

322 1312 468 1367 λίθοι
503 1314 563 1368 δὲ
587 1314 685 1367 καὶ
713 1313 934 1385 σίδηρος
961 1315 1063 1387 τὴν
1082 1314 1343 1387 τοιαύτην
1368 1316 1600 1388 βάσανον
1623 1316 1906 1371 διεσκεύα-

298 1405 446 1490 ίζον,
472 1407 525 1459 oi
561 1406 660 1475 μὲν
691 1406 799 1460 τῶν
820 1405 1210 1477 τιμωρητικῶν
1240 1408 1489 1479 ὁργάνων
1513 1408 1655 1463 κατά
1688 1426 1752 1479 γε
1802 1409 1905 1472 τάς

280 1494 287 1499 ’
330 1496 535 1574 γωνίας
569 1495 954 1568 ἐξηρτημένοι,
986 1500 1016 1553 δ
1051 1498 1271 1571 σίδηρος
1305 1499 1362 1553 δὲ
1391 1502 1456 1570 τῇ
1486 1500 1595 1554 τῶν
1625 1500 1790 1554 λίθων
1815 1500 1911 1573 βίᾳ.

328 1588 446 1644 ἄνω
478 1603 541 1641 τε
587 1588 686 1643 καὶ
736 1588 894 1643 κάτω
928 1592 1170 1662 συνεχῶς
1202 1592 1646 1663 περισπώμενος,
1678 1594 1910 1649 κατατὲο

329 1697 489 1749 μνειν
508 1679 653 1735 οὕτω
674 1681 772 1736 καὶ
794 1683 1132 1754 σπαράττειν
1162 1680 1277 1757 εἶχε
1307 1684 1368 1739 τὸ
1387 1687 1549 1758 σῶμα
1575 1687 1674 1757 τῆς
1703 1688 1912 1760 μάρτυ-

329 1789 451 1844 ρος.
486 1772 579 1838 Ὦς
606 1774 663 1829 δὲ
697 1776 793 1831 καὶ
825 1779 859 1850 ἠ
893 1776 1115 1843 κόλασις
1148 1779 1289 1851 αὕτη
1316 1779 1624 1851 παρείληφε
1653 1783 1753 1849 τὴν
1788 1799 1913 1850 γεν-

329 1863 516 1929 ναίαν,
558 1865 712 1921 οὐδὲν
767 1869 1085 1941 πάσχουσαν
1130 1873 1441 1941 γυναικεῖον
1493 1873 1604 1926 οὐδ’
1658 1874 1908 1942 ἀγεννὲς,

326 1953 471 2010 ἀλλὰ
506 1956 603 2011 καὶ
633 1959 1010 2028 ὁμολογοῦσαν
1040 1963 1203 2034 χάριν
1241 1964 1320 2036 τῷ
1347 1966 1419 2020 δι’
1440 1965 1500 2020 ὃν
1541 1964 1704 2035 ἔφερε
1736 1965 1908 2019 ταῦτα

2024 1970 2128 2032 bat,
2160 1967 2393 2025 defessae
2438 1969 2659 2040 quidem
2723 1978 2883 2025 erant
2931 1969 3189 2025 lictorum
3218 1981 3434 2034 manus,
3465 1979 3591 2021 ma-
3702 1970 3709 1984 ‘

329 2047 477 2119 Θεῷ,
517 2051 575 2103 αί
610 2051 710 2121 μὲν
729 2051 840 2104 τῶν
872 2051 1085 2121 δημίων
1122 2053 1332 2123 ἔκαμον
1369 2059 1552 2129 χεῖρες
1585 2059 1651 2128 τῇ
1688 2062 1908 2130 μηχανῇ

328 2139 463 2204 τοὺς
515 2139 699 2206 λίθους
742 2142 1058 2207 ἐλκύουσαι,
1094 2146 1143 2198 οί
1194 2146 1333 2202 λίθοι
1382 2148 1439 2202 δὲ
1474 2149 1635 2204 πάλιν
1686 2151 1752 2204 ἐκ
1789 2151 1912 2220 βίας

331 2228 646 2302 ἑλκόμενοι,
687 2232 1092 2305 συνετρίϐησάν
1123 2253 1182 2291 τε
1220 2239 1315 2291 καὶ
1347 2240 1430 2303 είς
1464 2240 1639 2310 μικρά
1663 2239 1911 2311 διελύθη-

337 2337 462 2378 σαν.
498 2322 561 2376 Ἦ
590 2322 649 2378 δὲ
683 2323 898 2397 μάρτυς
955 2327 1174 2400 ἀπαθὴς
1235 2327 1372 2395 ὅλως
1431 2332 1491 2384 ὲν
1545 2331 1757 2396 τούτοις
1811 2334 1912 2386 sw-

338 2414 494 2487 ρᾶτο.
1005 2462 1013 2471 .

410 2505 514 2561 IA'.
561 2506 701 2561 ’Δλλ’
733 2507 856 2562 οὐδὲ
888 2509 1058 2575 οὕτως
1088 2513 1116 2566 δ
1140 2513 1383 2586 Πρίσκος
1408 2513 1509 2585 τῆς
1528 2515 1698 2588 ὀργῆς
1727 2516 1915 2586 κρείσ-

337 2614 450 2651 σων
488 2592 559 2669 ἦν
592 2599 688 2652 καὶ
717 2600 828 2654 τῶν
857 2601 1157 2670 κολάσεων,
1186 2604 1361 2661 δεινὸν
1390 2607 1489 2677 μιν
1518 2604 1663 2662 εἶναι
1704 2608 1799 2662 καὶ
1825 2627 1916 2678 γε-

332 2687 483 2741 λοῖον
509 2688 836 2759 ἡγούμενος,
860 2694 908 2746 εί
932 2696 1193 2761 γυναικὸς
1213 2694 1394 2766 ἥττων
1418 2695 1633 2768 ὀφθείη.
1677 2699 1916 2767 ’Δγνοῶν

332 2777 394 2832 δὲ
422 2781 744 2854 παράφορος
777 2781 854 2846 ὡς
882 2784 1004 2855 οὐχὶ
1039 2784 1117 2854 τῷ
1140 2785 1428 2856 βιάζεσθαι
1464 2788 1752 2859 κρείττων,
1779 2790 1917 2844 ἀλλά

336 2867 416 2938 τῷ
449 2871 526 2942 μὴ
573 2872 784 2928 πείθειν
836 2875 1037 2946 μᾶλλον
1069 2878 1282 2949 ἑωρᾶτο
1315 2881 1693 2950 νενικημένος,
1724 2881 1918 2953 ὥσπερ

336 2961 649 3019 τούναντίον
679 2966 713 3036 ὴ
738 2965 951 3039 μάρτυς
994 2969 1074 3041 τῷ
1101 2967 1178 3042 μὴ
1214 2970 1320 3025 τῶν
1355 2970 1608 3042 βασάνων
1629 2972 1917 3044 ἡττᾶσθαι,

336 3054 441 3125 τὴν
484 3056 644 3127 νίκην
686 3059 879 3131 ἤρατο.
933 3063 1279 3132 Προστάττει
1331 3064 1625 3135 τοιγαροῦν
1682 3066 1823 3120 κατά
1859 3068 1920 3121 τὸ

339 3148 439 3202 τοῦ
481 3151 698 3205 σταδίου
744 3155 1104 3222 μεσαίτατον,
1156 3156 1359 3211 λάκκον
1407 3158 1672 3230 όρυγῆναι
1718 3161 1919 3231 μέγαν,

2001 689 2183 738 autem
2215 697 2231 736 :
2262 678 2492 744 Suades,
2519 678 2717 750 inquit,
2757 678 2939 743 nobis,
2968 693 3003 734 ο
3040 676 3230 748 iudex,
3267 684 3329 732 ut
3371 676 3574 746 aliquid

2002 775 2279 846 sapienter
2303 773 2609 828 faciamus:
2641 772 3003 843 et‘quidnam
3054 769 3248 827 fecerit
3305 768 3576 840 quispiam

2005 864 2332 936 sapientius,
2364 881 2527 936 quam
2554 879 2667 920 non
2703 861 3048 935 persuaderi,
3079 870 3143 918 ut
3163 861 3374 933 lapides
3403 859 3579 915 inani-

2004 974 2125 1015 mos
2167 967 2226 1014 et
2258 958 2476 1022 surdos,
2506 957 2642 1013 deos
2702 956 2978 1012 existimet
3008 957 3034 1010 i
3055 952 3334 1025 quomodo
3387 960 3580 1008 contra

2003 1048 2341 1121 persuaderi,
2394 1047 2615 1119 plenum
2675 1057 2761 1104 est
2818 1045 3072 1112 stultitia,
3106 1054 3162 1102 et
3191 1059 3296 1100 nec
3344 1044 3581 1099 liberum

2004 1140 2222 1211 quidem
2277 1139 2348 1197 ab
2407 1140 2643 1197 insania.
2703 1139 2800 1196 His
2872 1139 3034 1195 dictis
3090 1139 3171 1193 ira
3218 1137 3458 1209 percitus
3502 1145 3585 1209 ty-

2005 1247 2239 1298 rannus,
2269 1233 2338 1288 ad
2359 1247 2562 1288 novum
2592 1232 2938 1289 convertitur
2964 1231 3321 1303 supplicium.
3346 1229 3585 1301 Lapides

2007 1333 2190 1380 autem
2213 1333 2271 1380 et
2298 1326 2507 1381 ferrum
2535 1325 2643 1381 tale
2685 1333 3021 1380 tormentum
3056 1326 3462 1379 instruxerunt.
3499 1321 3584 1378 illi

2006 1417 2226 1487 quidem
2268 1432 2300 1472 a
2340 1426 2743 1473 tormentorum
2774 1416 3165 1473 instrumentis
3203 1416 3457 1487 suspensi
3486 1429 3587 1486 per

2008 1509 2258 1580 angulos,
2306 1507 2515 1563 ferrum
2566 1517 2753 1564 autem
2808 1506 3072 1565 violentia
3107 1506 3350 1577 lapidum
3383 1520 3589 1576 susque

2010 1603 2188 1671 deque
2233 1601 2454 1657 assidue
2498 1607 2817 1666 attractum,
2859 1598 2940 1655 sic
3016 1598 3333 1655 lacerabant
3386 1611 3589 1667 corpus

2010 1693 2260 1764 virginis.
2289 1692 2431 1749 Cum
2483 1701 2666 1748 autem
2707 1690 2791 1747 sic
2853 1690 3198 1747 cruciaretur
3246 1690 3422 1761 virgo,
3480 1704 3589 1745 nec

2013 1783 2280 1839 muliebre
2312 1782 2521 1853 aliquid
2551 1798 2665 1853 pra:
2696 1798 2756 1839 se
2786 1781 2959 1838 ferret
3007 1790 3105 1837 aut
3153 1781 3442 1847 illiberale,
3489 1780 3588 1837 sed

2014 1871 2128 1928 Deo
2156 1872 2323 1928 etiam
2354 1879 2544 1942 ageret
2594 1873 2819 1943 gratias,
2853 1880 3082 1943 propter
3107 1886 3271 1942 quem
3302 1872 3421 1927 hac
3444 1869 3590 1927 iere-

2011 2059 2177 2116 china
2208 2058 2492 2116 trahentes
2519 2061 2754 2132 lapides,
2806 2074 3002 2117 rursus
3040 2074 3172 2116 vero
3203 2058 3436 2130 lapides,
3491 2056 3591 2127 qui

2011 2148 2066 2204 vi
2096 2148 2473 2217 trahebantur,
2506 2149 2731 2205 contriti
2777 2157 2939 2206 erant
2962 2189 2978 2216 ,
3016 2158 3074 2206 et
3126 2149 3185 2204 in
3217 2148 3427 2203 minuta
3484 2145 3594 2201 l'ra-

2009 2247 2228 2312 gmenta
2264 2240 2536 2297 dissoluti.
2568 2241 2770 2314 Martyr
2805 2250 2989 2299 autem
3011 2241 3068 2297 in
3108 2239 3198 2297 bis
3222 2238 3447 2296 omnino
3476 2251 3595 2293 cer-

2011 2331 2247 2388 nebatur
2273 2332 2464 2389 illaesa.

2086 2514 2178 2570 Xl.
2210 2512 2318 2570 Sed
2349 2528 2420 2569 ne
2449 2513 2529 2570 sic
2572 2513 2798 2584 quidem
2841 2511 3062 2569 Priscus
3106 2511 3243 2567 iram
3292 2509 3503 2567 remisit
3542 2519 3598 2568 ct

2016 2606 2312 2677 supplicia,
2347 2620 2516 2677 grave
2572 2606 2796 2676 quidem
2824 2620 2951 2661 esse
2983 2605 3258 2661 arbitrans
3311 2612 3367 2659 et
3394 2602 3598 2658 ridicu-

2016 2699 2154 2762 lum,
2183 2697 2229 2753 si
2258 2697 2539 2754 videretur
2571 2685 2822 2766 superari
2855 2710 2887 2751 a
2912 2694 3137 2750 femina.
3168 2693 3276 2750 Sed
3304 2693 3598 2762 ignorabat

2018 2790 2269 2856 stolidus,
2291 2789 2438 2860 quod
2469 2804 2579 2844 non
2606 2803 2675 2844 co
2712 2788 2856 2858 quod
2889 2788 3002 2843 vim
3026 2786 3274 2852 aii‘erret,
3322 2784 3596 2855 superior,

2018 2882 2114 2938 sed
2139 2897 2206 2937 eo
2233 2881 2376 2950 quod
2410 2897 2522 2936 non
2562 2879 2943 2950 persuaderet,
3005 2879 3185 2935 victus
3233 2878 3418 2948 potius
3442 2875 3600 2932 vide-

2018 2981 2192 3028 retur.
2225 2970 2391 3028 Jubet
2419 2986 2554 3041 ergo
2602 2970 2659 3025 in
2691 2970 2873 3026 medio
2911 2971 3091 3027 stadio
3118 2970 3281 3027 effodi
3347 2982 3599 3039 magnam

2022 3064 2342 3128 cisternam.
2369 3077 2512 3132 aqua
2542 3070 2724 3117 autem
2761 3061 2998 3132 impleri,
3039 3068 3096 3117 et
3137 3063 3195 3116 in
3248 3076 3367 3117 eam
3423 3059 3599 3129 injici,

2021 3168 2362 3223 quaecunque
2392 3153 2697 3208 animantia
2721 3152 3013 3207 carnivora
3041 3152 3140 3207 alit
3193 3167 3364 3206 mare.
3396 3149 3600 3205 Deinde

340 3236 544 3306 ὕδατός
586 3260 646 3297 τε
696 3247 1008 3316 πλησθῆναι
1043 3252 1137 3301 καὶ
1164 3248 1331 3320 θηρία
1370 3250 1547 3322 τούτῳ
1576 3252 1922 3324 ἐμϐληθῆναι

2024 3242 2189 3313 jussit
2224 3241 2291 3296 iis
2322 3242 2415 3312 qui
2468 3242 2717 3303 aderant,
2769 3251 2830 3295 ut
2865 3249 3165 3312 martyrem
3197 3239 3601 3310 quamprimum

337 3336 447 3388 ὅσα
477 3334 542 3406 δὴ
576 3338 892 3408 σαρκοεόρα
923 3338 1167 3393 θάλασσα
1190 3344 1401 3413 τρέφει,
1451 3337 1556 3397 εἷθ’
1587 3341 1760 3409 οὕτως
1804 3344 1924 3398 ἐκέ-

343 3428 471 3479 huc
494 3429 607 3490 τοῖς
641 3432 1072 3500 παρισταμένοις
1097 3433 1329 3501 ἀγαγεῖν
1360 3451 1421 3488 τε
1448 3435 1525 3498 ὡς
1547 3434 1709 3506 τάχος
1742 3437 1836 3491 καὶ
1864 3440 1923 3491 ἐν

344 3518 498 3590 αὐτῷ
552 3519 803 3574 καθεῖναι
854 3522 956 3593 τὴν
1013 3522 1290 3594 μάρτυρα,
1346 3523 1553 3596 βρῶσιν
1615 3524 1759 3580 οὕτω
1810 3530 1923 3593 τοῖς

342 3611 562 3682 θηρίοις
585 3614 807 3683 ἕτοιμον
834 3614 1118 3684 ἐσομένην.
1141 3614 1227 3678 Ὠς
1261 3614 1356 3668 οὖν
1382 3616 1524 3685 ἔγνω
1558 3617 1717 3672 τοῦτο
1750 3619 1783 3689 ὴ
1812 3637 1923 3689 μαι

346 3703 518 3774 καρία
541 3703 873 3776 αὐτόκλητος
887 3708 1240 3777 παραστᾶσα,
1264 3707 1512 3771 ὠνείδιζε
1531 3725 1588 3762 τε
1610 3708 1703 3763 τὸν
1723 3710 1923 3780 τύραν-

345 3813 438 3849 νον
468 3797 554 3864 ἐφ’
583 3792 664 3860 οἷς
688 3795 865 3861 οὕτως
892 3797 1181 3868 ἀνηνύτοις
1206 3797 1486 3870 ἐπεχείρει
1527 3800 1670 3853 κατά
1696 3801 1804 3853 τῶν
1829 3800 1925 3854 τοῦ

348 3889 594 3957 Χριστοῦ
616 3890 845 3953 δούλων,
890 3890 1027 3959 μετά
1053 3889 1150 3943 τοῦ
1182 3891 1351 3953 κακὸς
1382 3890 1673 3960 φαίνεσθαι
1707 3893 1802 3945 καὶ
1832 3890 1927 3959 γέ-

348 3980 498 4034 λωτα
547 3979 756 4049 ὅφλειν,
805 3975 927 4033 εἶτα
978 3979 1076 4044 τὰς
1109 3983 1300 4053 χεῖρας
1341 3982 1422 4046 είς
1450 3982 1684 4056 οὐρανὸν
1716 3983 1929 4035 ἀνατεί-

351 4090 513 4138 νασα,
570 4072 668 4125 καὶ
719 4071 973 4140 δακρύων
1012 4073 1139 4137 τοὺς
1191 4071 1509 4145 ὀφθαλμοὺς
1556 4074 1929 4146 πλήσασα,Ἱῦ

352 4167 468 4235 φῶς
509 4182 610 4235 μου
639 4164 849 4234 ἔλεγεν,
890 4165 1087 4235 Ἰησοῦ,
1132 4166 1196 4219 τὸ
1240 4165 1377 4236 ἐμὸν
1430 4167 1713 4238 καύχημα,
1748 4170 1782 4238 ὴ
1815 4168 1924 4239 ἐμὴ

353 4261 489 4328 ζωὴ,
522 4263 550 4314 δ
576 4263 676 4332 τῆς
710 4260 851 4331 ἐμῆς
886 4260 1171 4323 ἀσθενείας
1199 4260 1511 4333 ἐπίκουρος,
1545 4263 1575 4315 ὁ
1612 4264 1671 4316 ὲν
1702 4262 1931 4333 ἀπόροις

353 4354 685 4425 εὐμήχανος,
721 4354 752 4406 ὁ
785 4353 1028 4424 γαστέρα
1074 4355 1174 4422 μὲν
1217 4353 1384 4425 θηρὸς
1429 4354 1631 4422 δείξας,
1667 4353 1830 4408 καλὸν
1853 4353 1931 4425 τῷ

368 4446 523 4517 Ἰωνᾷ
578 4446 845 4516 θάλαμον,
905 4446 1137 4499 λεόντων
1191 4445 1248 4497 δὲ
1304 4445 1550 4516 στόματα
1594 4447 1686 4499 τὸν
1733 4445 1933 4515 Δανιὴλ

354 4539 777 4608 δυσωπούμενα,
829 4538 992 4599 αὐτός
1041 4555 1128 4606 με,
1160 4539 1423 4603 Δέσποτα,
1451 4540 1517 4610 τῇ
1550 4539 1786 4611 κραταιᾷ
1837 4539 1934 4593 καὶ

358 4630 559 4704 ἀμάχῳ
598 4649 694 4686 σου
749 4631 899 4703 δεξιᾷ
954 4631 1245 4697 διάσωσον,
1304 4631 1465 4705 δόξης
1524 4632 1623 4703 μὲν
1678 4632 1937 4686 ύοπόθεσιν

358 4724 655 4794 γινομένην
683 4723 794 4777 τῶν
828 4723 1137 4793 σεϐομένων
1170 4723 1230 4776 τὸ
1263 4723 1466 4793 κράτος
1509 4741 1639 4787 σου,
1669 4724 1936 4795 αἰσχύνης

357 4820 417 4873 δὲ
445 4820 542 4871 καὶ
562 4818 787 4887 ἀτιμίας
818 4815 929 4869 τῶν
959 4815 1173 4869 ἀσεϐῶν
1204 4815 1518 4885 πληροῦσαν
1546 4816 1614 4869 τὰ
1640 4816 1934 4885 πρόσωπα.

360 4908 521 4963 Οὕτω
578 4907 1033 4979 προσευξαμένη,
1090 4906 1187 4959 καὶ
1237 4905 1658 4978 σφραγισαμένη
1701 4908 1808 4975 ὅλῳ
1860 4908 1938 4979 τῷ

365 5001 604 5071 σώματι,
643 5000 869 5071 ἀνήλατο
917 4999 998 5069 τῷ
1041 4999 1197 5052 ὕδατι
1254 4999 1401 5068 μάλα
1444 4998 1746 5068 γενναίοι.ις,ξΙ
1774 5002 1842 5054 τά
1883 5002 1940 5054 δὲ

362 5092 534 5162 θηρία
564 5091 798 5162 προσῄει
841 5090 942 5160 μὲν
973 5090 1137 5153 εὐθὺς
1195 5089 1335 5159 μετὰ
1370 5089 1574 5160 πολλῆς
1590 5091 1703 5162 ’τῆς
1737 5092 1937 5162 ὁρμῆς.

376 5184 466 5246 Ὠς
510 5181 568 5236 δὲ
615 5183 708 5235 καὶ
734 5181 901 5250 ἐγγὺς
940 5180 1036 5233 τοῦ
1089 5179 1431 5251 μκρτυρικοῠ
1464 5182 1674 5250 χρωτὸς
1710 5183 1940 5252 γένοιτο,

360 5275 572 5344 τροφῆς
599 5274 738 5336 ὅλως
775 5272 1192 5337 ἐπελανθάνετο,
1224 5274 1318 5326 καὶ
1343 5273 1660 5343 δορυφόρων
1689 5275 1943 5345 ἀπεπλή-

367 5382 464 5436 ρου
489 5364 667 5431 τάξιν.
701 5364 810 5417 Καὶ
831 5362 1171 5418 ὑπολαϐόντα
1195 5363 1293 5434 τὴν
1319 5365 1595 5434 μάρτυρα,
1622 5365 1811 5428 νώτοις
1830 5369 1944 5428 τοῖς

364 5454 581 5510 ἑαυτῶν
609 5456 824 5525 ἀνεῖχον
852 5455 1014 5507 οἱονεὶ
1054 5455 1313 5522 πρόνοιαν
1336 5452 1507 5518 αὐτῆς
1532 5453 1747 5522 ἔχοντα,
1789 5454 1864 5523 μή
1892 5471 1942 5505 τι

369 5548 464 5602 καὶ
487 5547 663 5601 δεινὸν
696 5546 964 5614 ὑποσταίη
999 5545 1434 5614 προςκαταϐἄσα
1465 5543 1541 5610 τῷ
1574 5544 1748 5598 ὕδατι.

440 5640 539 5694 lB'.
586 5641 646 5692 '0
676 5639 732 5692 δὲ
768 5638 1027 5709 Πρίσκος,
1062 5636 1389 5708 συμϐάλλων
1414 5639 1470 5690 ὲν
1515 5636 1693 5705 ἑαυτῴ
1745 5638 1812 5689 τὰ
1844 5653 1949 5688 πα-

370 5734 614 5804 Ραδὸξως
641 5732 971 5802 τελούμενα,
1006 5731 1321 5802 διηπορεῖτο
1355 5728 1455 5801 μὲν
1483 5730 1577 5782 καὶ
1612 5728 1944 5799 ἐθαύμαζεν.

381 5825 713 5894 ’Δνασλέψαι
762 5825 819 5878 δὲ
870 5824 1007 5896 πρὸς
1040 5823 1101 5877 τὸ
1161 5821 1368 5894 φέγγος
1416 5821 1515 5893 τῆς
1543 5821 1824 5893 ἀληθείας,
1854 5825 1949 5875 καὶ

372 5923 614 5978 συνεῖναι
656 5919 740 5985 τίς
769 5920 807 5993 ἡ
835 5919 944 5975 τῶν
981 5918 1284 5991 γινομένων
1331 5915 1559 5987 δύναμις
1593 5915 1691 5988 οὐχ
1738 5910 1847 5982 οἷός
1882 5933 1939 5972 τι

2029 3335 2389 3400 adducerent,
2419 3342 2477 3390 et
2499 3335 2557 3388 in
2584 3348 2704 3388 eam
2738 3330 3051 3402 injicerent.
3075 3332 3156 3388 sic
3214 3334 3466 3402 protinus
3511 3345 3609 3387 ex-

2029 3427 2297 3483 edendam
2349 3440 2381 3479 a
2424 3424 2635 3479 bestiis.
2684 3423 2977 3493 Postquam
3022 3437 3152 3492 ergo
3200 3422 3457 3492 cognovit
3503 3419 3609 3476 hoc

2030 3520 2209 3584 beata,
2259 3532 2359 3572 sua
2414 3525 2613 3586 sponte
2662 3523 2871 3578 astans,
2932 3514 3298 3584 esprobrabat
3358 3525 3604 3585 tyranno.

2028 3609 2175 3678 quod
2223 3622 2311 3662 res
2368 3606 2757 3677 aggrederetur
2809 3605 2946 3660 adeo
3003 3602 3307 3658 ineliicaces
3343 3602 3611 3658 adversus

2027 3698 2234 3755 Christi
2294 3711 2484 3752 servos
2525 3712 2541 3750 :
2592 3695 2823 3765 etquod
2879 3695 3154 3751 videretur
3209 3694 3513 3764 improbus,
3551 3702 3610 3748 et

2031 3792 2323 3847 haberetur
2350 3787 2605 3842 ludibrio.
2648 3786 2856 3841 Deinde
2907 3802 3031 3840 cum
3065 3800 3259 3839 manus
3288 3785 3344 3838 in
3405 3785 3607 3838 coelum

2029 3882 2367 3946 sustulisset,
2430 3888 2487 3935 et
2532 3879 2721 3933 oculos
2794 3877 3082 3948 implesset
3129 3875 3379 3948 lacrymis
3437 3875 3611 3947 :l.ux

2032 3992 2172 4042 mea,
2221 3975 2378 4036 dixit,
2415 3972 2565 4038 .lesu,
2594 3987 2714 4026 mea
2741 3970 3018 4042 gloriatio,
3049 3984 3170 4024 mea
3205 3970 3336 4033 vita,
3391 3968 3610 4037 adiutor

2032 4084 2165 4122 mere
2213 4065 2627 4126 imbecillitatis.
2672 4063 2766 4134 qui
2830 4063 2885 4117 in
2941 4062 3105 4117 rebus
3165 4060 3347 4116 dubiis
3396 4058 3608 4113 facilem

2030 4168 2237 4214 exutum
2295 4157 2512 4213 invenis
2574 4175 2589 4212 :
2643 4156 2735 4224 qui
2807 4155 3001 4210 bellua:
3053 4152 3271 4222 quidem
3337 4159 3609 4214 ventrem,

2032 4247 2183 4303 lunae
2214 4246 2502 4317 pulchrum
2568 4244 2743 4300 fecisti
2793 4244 3119 4308 thalamum,
3160 4242 3377 4295 leonum
3427 4248 3610 4309 autem

2033 4352 2127 4392 ora
2156 4333 2391 4391 revereri
2427 4333 2726 4395 Danielem,
2757 4342 2815 4386 tu
2864 4346 2974 4396 me,
3030 4329 3280 4395 Domine,
3316 4327 3491 4383 valida
3557 4337 3614 4380 et

2037 4429 2240 4484 invicta
2268 4436 2363 4483 tua
2394 4440 2662 4483 conserva
2691 4424 2938 4488 dextera,
2977 4433 3038 4478 ut
3072 4423 3173 4477 sim
3206 4421 3425 4492 quidem
3453 4434 3612 4490 argu—

2039 4530 2281 4577 mentum
2312 4519 2497 4592 εισι-ἰαὶ
2531 4518 2617 4581 iis,
2663 4519 2756 4587 qui
2815 4524 2964 4572 tuam
3002 4515 3194 4572 colunt
3242 4513 3540 4584 potentiam
3596 4526 3611 4562 :

1972 4595 2011 4648 Ῐ)
2042 4615 2224 4670 vultus
2246 4621 2435 4667 autem
2467 4610 2786 4680 impiorum,
2811 4607 3082 4664 dedecore
3103 4605 3358 4675 impleam
3376 4613 3432 4658 et
3459 4603 3614 4674 igno-

2041 4706 2230 4762 minia.
2263 4704 2397 4758 Cum
2428 4702 2510 4757 sic
2539 4708 2757 4771 precata
2791 4706 3032 4763 esset,et
3089 4712 3149 4753 se
3204 4705 3318 4751 toto
3349 4695 3619 4766 signasses

2038 4809 2291 4864 corpore,
2318 4793 2373 4847 in
2407 4806 2604 4862 aquam
2637 4787 2760 4846 l‘orti
2791 4797 2847 4842 et
2872 4802 3142 4858 generoso
3170 4787 3355 4841 animo
3384 4787 3614 4841 insiluit.

2041 4888 2234 4945 Bestiae
2259 4894 2440 4941 autem
2473 4882 2728 4954 protinus
2764 4878 2985 4949 quidem
3012 4894 3137 4934 cum
3162 4892 3356 4949 magno
3410 4877 3616 4948 impetu

2040 4985 2430 5042 accesserunt;
2453 4983 2737 5046 postquam
2790 4986 2918 5025 vero
2948 4970 3169 5024 fuerunt
3201 4983 3372 5039 prope
3418 4984 3619 5038 corpus

2045 5072 2317 5144 martyris,
2346 5070 2451 5126 cibi
2475 5067 2700 5124 omnino
2734 5072 2863 5120 sunt
2911 5062 3112 5127 oblitae,
3141 5070 3197 5115 et
3247 5059 3448 5113 iuncta:
3492 5070 3621 5114 sunt

2043 5181 2270 5222 munere
2301 5164 2595 5223 satellitum
2626 5176 2641 5212 :
2683 5166 2740 5213 et
2770 5164 3059 5227 martyrem
3091 5151 3453 5222 excipientes.
3496 5166 3617 5205 eam

2043 5258 2221 5315 dorsis
2258 5257 2372 5311 suis
2398 5254 2764 5317 sustinebant,
2801 5250 3029 5321 perinde
3064 5264 3129 5304 ac
3165 5249 3211 5303 si
3262 5247 3385 5318 ejus
3431 5261 3620 5302 curam

2044 5358 2321 5423 gererent,
2352 5364 2423 5403 ne
2459 5346 2588 5418 quid
2627 5348 2678 5401 ei
2712 5360 2877 5417 grave
2912 5342 3163 5400 eveniret
3208 5341 3263 5396 in
3297 5356 3493 5412 aquam
3522 5337 3620 5393 de—

2047 5442 2352 5498 scendenti.

2120 5638 2240 5694 ΧΠ.
2270 5635 2488 5692 Priscus
2526 5642 2708 5688 autem
2744 5630 2887 5701 apud
2918 5645 2976 5684 se
3006 5626 3331 5697 conjiciens,
3371 5638 3493 5693 quae
3523 5622 3618 5678 ile—

2048 5734 2181 5786 bant
2215 5726 2630 5790 admirabiliter,
2661 5730 2780 5778 erat
2840 5720 3061 5791 quidem
3107 5717 3276 5774 animi
3307 5715 3526 5780 dubius,
3570 5722 3626 5767 et

2050 5820 2426 5878 admirabatur
2459 5832 2474 5871 :
2503 5830 2628 5869 cum
2665 5813 2913 5885 aspicere
2947 5819 3131 5866 autem
3157 5809 3224 5863 ad
3261 5808 3439 5862 lucem
3473 5806 3622 5858 veri-

2054 5913 2200 5982 tatis,
2233 5919 2290 5970 et
2320 5907 2624 5981 intelligere
2640 5919 2893 5978 quaenam
2915 5909 3061 5960 esset
3095 5913 3285 5956 eorum
3321 5909 3441 5967 qua:
3462 5894 3620 5954 ilqu.
