4002 6506
413 454 519 525 ἿΞἿ

1649 457 1937 524 MENSIS
1977 458 2274 527 SEPTEM
2283 462 2454 528 BER.

3576 464 3703 530 728'

413 573 610 635 virtus,
643 583 752 628 non
807 573 1017 643 posset,
1078 567 1350 630 undenam
1395 569 1502 631 hoc
1535 583 1705 639 esset,
1773 575 2033 648 rogabat.

2136 596 2204 642 ›ν,
2223 577 2390 631 πόθεν
2421 573 2488 630 ἂν
2509 576 2595 646 είη
2628 574 2790 631 τοῦτο
2823 575 2959 647 πρὸς
3009 574 3101 632 τὸν
3136 575 3488 631 Ἀπελλιανδν
3523 578 3692 632 ἐπυν-

414 663 784 733 Apellianum.
831 661 972 718 Ecce
1026 663 1196 730 enim,
1249 674 1308 720 ut
1358 665 1532 732 vides,
1601 674 1660 721 ct
1708 665 1875 738 ignis,
1945 673 2001 721 et

2104 669 2464 724 θάνετο.’ῐδοὺ
2499 667 2631 738 γὰρ,
2661 668 2738 731 ὡς
2767 668 2923 739 ὁρᾷς,
2947 667 3042 722 καὶ
3069 666 3203 738 πῦρ,
3227 667 3320 722 καὶ
3350 668 3578 740 πληγαὶ.
3602 669 3700 722 καὶ

415 756 607 826 plaga»,
633 762 687 808 et
717 762 869 817 rotae,
901 763 957 810 et
987 754 1196 821 bestiae,
1219 756 1287 811 ab
1318 773 1428 813 una
1460 758 1665 813 femina
1694 758 1837 813 victa
1871 767 2002 814 sunt

2139 763 2312 835 ροχοὶ,
2343 761 2438 815 καὶ
2473 760 2661 830 θηρία,
2687 762 2816 830 μιᾶς
2867 762 3131 828 γυναικὸς
3166 761 3432 832 ἥττηνται
3493 760 3697 817 πάντα.

417 845 622 899 omnia.
664 845 758 900 Ille
793 854 977 901 autem
1010 845 1161 918 (quid
1214 849 1365 904 enim
1428 848 1574 904 aliud
1632 850 2006 906 existimasset

419 937 654 993 scelesta
699 937 908 1002 anima,
946 946 1004 994 et
1034 939 1103 995 ad
1134 939 1378 995 divinam
1409 942 1589 996 lucem
1620 939 1783 1013 plane
1829 955 2005 998 cacu-

418 1024 618 1100 tiens?)
649 1030 937 1102 praestigiis
963 1040 1019 1087 et
1057 1031 1270 1089 artibus
1296 1033 1521 1103 magicis
1541 1033 1854 1089 ascribebat
1879 1033 2006 1088 uni-

419 1132 668 1187 versum,
715 1129 771 1176 et
798 1134 921 1176 eam
954 1122 1037 1177 sic
1070 1122 1287 1179 dicebat
1336 1116 1574 1189 edicere,
1605 1132 1665 1178 ut
1721 1131 1869 1179 esset
1909 1139 2006 1179 su-

421 1214 633 1284 perior.
662 1214 760 1270 Cui
791 1214 1118 1286 proconsul,
1147 1214 1380 1286 perinde
1405 1226 1471 1270 ac
1498 1215 1702 1271 mentis
1732 1214 2008 1285 profunda

424 1315 748 1376 penetrans,
787 1319 842 1364 et
873 1307 1126 1364 altiorem
1156 1307 1424 1364 inducens
1459 1307 1946 1380 interrogationem
1992 1324 2007 1362 :

426 1397 541 1453 Cur
577 1405 788 1463 autem,
849 1399 1050 1468 inquit,
1099 1412 1211 1454 non
1263 1399 1362 1455 ulti
1412 1407 1543 1454 sunt
1586 1413 1707 1454 eam
1743 1399 1846 1462 dii,
1886 1412 2012 1455 cum

429 1491 608 1546 malos
645 1491 776 1546 odio
826 1491 1106 1547 habeant?
1161 1491 1255 1546 Ille
1293 1503 1426 1547 vero
1477 1502 1603 1547 cum
1657 1507 1769 1546 non
1825 1500 2018 1561 posset

426 1597 616 1640 veram
653 1585 884 1640 reddere
918 1585 1212 1651 rationem,
1238 1582 1667 1640 imbecillitatem
1695 1584 2018 1639 nominabat

427 1669 820 1748 benignitatem
867 1693 883 1732 :
941 1677 1079 1732 Cum
1127 1676 1257 1740 sint,
1333 1677 1530 1746 inquit,
1575 1676 1900 1739 clementes,
1965 1675 2017 1730 ei

429 1777 824 1838 pepercerunt.
851 1766 1074 1822 Interim
1100 1777 1327 1840 martyr,
1361 1780 1488 1822 cum
1520 1768 1734 1837 integra
1751 1776 1806 1823 et
1852 1768 2018 1824 illaesa

427 1860 745 1916 emersisset
801 1876 866 1914 ex
923 1873 1085 1930 aqua,
1136 1860 1452 1915 videntibus
1534 1860 1812 1925 omnibus,
1845 1859 2021 1915 astitit

2117 852 2176 909 Ὅ
2204 855 2262 910 δέ
2312 854 2426 925 (καὶ
2493 854 2548 908 τί
2591 853 2702 926 γὰρ
2733 853 2884 918 ἄλλο,
2927 853 3074 925 ψυχὴ
3109 853 3282 926 μιαρὰ
3311 852 3407 908 καὶ
3460 854 3601 924 πρὸς
3635 854 3699 908 τδ

2107 949 2251 1005 θεῖον
2299 946 2687 1017 τυφλώττουσα
2757 947 2874 1017 φῶς
2927 946 3195 1000 ὑπέλαϐεν
3231 946 3367 1014 ἂνς)
3416 945 3702 1017 γοητείαις

2107 1042 2279 1100 ἐδίδου
2313 1043 2374 1096 τὺ
2415 1043 2549 1104 πᾶν,
2576 1043 2672 1097 καὶ
2694 1037 2869 1104 οὕτως
2920 1033 3109 1106 ἔλεγεν
3138 1035 3274 1108 αὐτῇ
3311 1038 3731 1107 περιγίνεσθαι,

2108 1139 2178 1194 τὰ
2235 1136 2378 1192 κατὰ
2421 1135 2650 1206 γνώμην
2715 1133 2922 1189 ἀνύειν.
2985 1132 3135 1203 Πρὸς
3189 1132 3248 1186 ὃν
3286 1132 3314 1184 δ
3366 1113 3731 1194 ἀνθύπατος,ι

2111 1226 2301 1304 ὥσπερ
2330 1231 2410 1296 είς
2443 1229 2569 1284 νοῦν
2603 1228 2826 1299 βάπτων
2857 1225 2954 1280 καὶ
2989 1225 3300 1296 βαθυτέρας
3331 1224 3534 1295 φρενὸς
3561 1225 3738 1278 Eata--

2114 1343 2226 1394 γων
2256 1322 2615 1396 ἐρωτήματα,
2639 1321 2705 1372 Τί
2730 1317 2788 1372 δέ
2822 1318 2897 1388 μὴ
2922 1316 3204 1388 ἠμύναντο
3235 1315 3444 1385 ταύτην
3473 1316 3521 1368 οἱ
3568 1314 3704 1377 θεοὶ,

2114 1414 2242 1486 ἔφη,
2265 1415 2619 1486 μισοπόνηροι
2646 1411 2827 1475 δντεςς
2853 1411 2964 1463 Καὶ
3012 1408 3074 1472 ὃς
3119 1405 3221 1461 ούκ
3249 1407 3391 1477 ἔχων
3446 1406 3556 1460 ἀπὸ
3605 1405 3711 1475 τῆς

2115 1506 2375 1579 ἀληθείας
2409 1506 2606 1566 εἰπεῖν,
2638 1499 3057 1573 φιλανθρωπίαν
3085 1496 3342 1569 ὠνόμαζε
3388 1499 3490 1569 τὴν
3539 1495 3708 1551 ἀσθέ-

2117 1615 2287 1662 νειαν,
2316 1593 2583 1666 Εὑμενεϊς
2613 1597 2788 1656 ὄντες,
2809 1593 3010 1661 λέγων,
3037 1590 3325 1661 ἐφείσαντο
3351 1586 3581 1658 ταύτης.
3616 1587 3710 1640 Ἐν

2117 1683 2292 1758 τούτῳ
2327 1686 2450 1758 δέἠ
2495 1685 2728 1757 μάρτυς,
2757 1679 3005 1752 ἀϐλαϐὴς
3051 1680 3146 1736 τοῦ
3202 1676 3394 1743 ὓδατος
3447 1677 3710 1743 ἀναδῦσαι,

2120 1781 2341 1836 πάντων
2363 1777 2641 1850 ὁρώντων,
2669 1777 2922 1847 παρέστη
2944 1773 3027 1845 τῷ
3074 1774 3374 1844 ἀνθυπάτῳ
3397 1788 3412 1803 ο
3445 1771 3540 1826 καὶ
3593 1771 3715 1842 ἅμα

2131 1873 2268 1945 πρὸς
2304 1871 2575 1942 ἀλλήλους
2607 1871 2657 1924 οί
2696 1865 2955 1940 τύραννοι
2979 1868 3080 1922 οὐκ
3112 1869 3171 1920 ἐν
3207 1865 3564 1938 παραϐύστῳ,
3594 1860 3715 1916 ἀλλ’

429 1967 617 2008 coram
649 1952 1004 2022 proconsule.
1039 1951 1284 2023 Tyranni
1345 1959 1529 2007 autem
1569 1952 1737 2006 simul
1787 1952 1932 2007 inter
1960 1967 2020 2007 se

2136 1923 2288 2031 wrath
2319 1923 2591 2034 προίρανεῖ
2617 1961 2941 2029 διελέγοντο,
2964 1957 3042 2029 τῷ
3076 1959 3171 2013 καὶ
3193 1955 3320 2021 τοὺς
3349 1955 3717 2026 παρεστῶτας

431 2043 805 2098 disserebant.
831 2059 944 2098 non
969 2043 1024 2096 in
1067 2043 1308 2110 occulto,
1338 2043 1433 2098 sed
1473 2043 1654 2113 palam
1681 2059 1696 2095 :
1731 2043 1805 2097 ita
1838 2052 1898 2097 ut
1925 2043 2019 2113 qui

431 2136 689 2202 aderant,
728 2137 1006 2204 audirent,
1044 2146 1101 2192 et
1133 2137 1341 2207 aliquid
1389 2136 1781 2192 lucrifacerent
1835 2152 1900 2191 ex
1955 2138 2022 2193 iis

431 2242 555 2298 quae
588 2227 941 2292 dicebantur,
973 2243 1107 2284 suos
1126 2229 1262 2284 deos
1288 2237 1384 2283 aut
1415 2229 1696 2283 daemones
1717 2228 2023 2283 defenden-

436 2327 546 2388 tes,
580 2331 636 2377 et
657 2322 961 2395 praesrigias
995 2329 1052 2376 et
1104 2332 1278 2376 artem
1317 2323 1586 2392 magicam
1648 2321 2027 2376 attribuebant

437 2413 689 2485 martyri,
724 2421 779 2469 et
826 2429 888 2468 ea
937 2411 1196 2468 dicebant
1259 2412 1432 2482 ipsam
1499 2427 1669 2482 aquas
1711 2427 2023 2482 superasse.

439 2502 672 2576 Propter
735 2506 852 2560 haec
889 2518 1014 2560 cum
1063 2501 1286 2567 Priscus
1348 2503 1512 2559 simul
1569 2519 1694 2558 cum
1751 2497 2029 2560 assessdre

438 2594 704 2670 perplexo
734 2606 922 2654 essent
952 2600 1158 2664 animo,
1190 2609 1245 2655 et
1275 2598 1555 2654 nescirent
1585 2597 1846 2668 quidnam
1888 2597 2032 2653 face-

440 2699 568 2746 rent
597 2691 856 2762 amplius,
904 2701 1163 2760 tanquam
1195 2692 1250 2744 in
1309 2689 1601 2744 consilium
1656 2704 1810 2743 suam
1871 2689 2033 2744 adhi-

441 2780 640 2840 bentes
673 2783 964 2846 saevitiam,
1007 2783 1074 2838 ad
1125 2783 1467 2854 puniendum
1500 2797 1696 2838 rursus
1732 2797 1791 2838 se
1833 2793 2032 2838 contu-

440 2875 647 2932 lerunt.
683 2875 825 2943 Quid
859 2877 1005 2933 enim
1027 2887 1253 2948 possent
1293 2877 1440 2932 aliud
1469 2877 1670 2941 facere,
1698 2892 1822 2931 cum
1843 2884 2036 2932 essent

441 2968 698 3038 discipuli
733 2968 874 3038 ejus,
919 2967 1011 3039 qui
1069 2968 1171 3023 fuit
1201 2967 1474 3024 homicida
1527 2967 1596 3021 ab
1652 2965 1813 3022 initio
1843 2964 1905 3019 ’?
1952 2965 2033 3019 Illi

444 3075 578 3132 ergo
613 3075 808 3116 rursus
862 3061 1286 3127 exsculpserunt
1339 3059 1570 3130 lapides,
1614 3067 1669 3114 et
1731 3057 2037 3113 effecerunt

444 3163 640 3211 acutos
666 3152 988 3224 ferreosque
1018 3153 1314 3221 obeliscos,
1361 3160 1417 3209 et
1447 3167 1631 3209 serras
1679 3159 1811 3208 sunt
1868 3150 2038 3206 fabri-

2123 2055 2363 2118 ἀκούειν,
2393 2053 2488 2108 καὶ
2517 2052 2976 2124 παρακερδαίνειν
3004 2070 3056 2105 τι
3103 2050 3212 2103 τῶν
3261 2049 3596 2118 λεγομένων,
3626 2042 3718 2116 ἐφ’

2124 2141 2205 2209 οἷς
2247 2146 2387 2217 ὑπὲρ
2435 2145 2545 2197 τῶν
2580 2144 2800 2197 οίκείων
2857 2142 2998 2195 θεῶν
3102 2136 3377 2220 δαιμόνων
3411 2135 3714 2206 ἀπολογού-

2130 2252 2284 2303 μενοι
2313 2234 2573 2305 γοητείαν
2599 2237 2664 2306 τῇ
2707 2233 2945 2304 μάρτυρι
2989 2229 3296 2302 περιῆπτον
3334 2247 3351 2262 ·
3385 2229 3482 2284 καὶ
3542 2227 3718 2299 ταύτῃ

2127 2328 2314 2395 ἔλεγον
2369 2321 2647 2397 κρατῆσαι
2695 2324 2792 2378 καὶ
2825 2323 2935 2376 τῶν
2994 2323 3232 2378 ὑδάτων.
3271 2319 3396 2374 Ἐπὶ
3449 2319 3660 2381 τούτοις
3690 2317 3721 2373 δ

2129 2418 2366 2491 Πρίσκος
2413 2417 2529 2488 ἅμα
2566 2417 2644 2487 τῷ
2703 2411 3079 2487 συμπαρέδρῳ
3141 2415 3589 2484 διαπορούμενοι,
3617 2412 3716 2465 καὶ

2133 2511 2209 2583 μὴ
2243 2511 2458 2582 ἔχοντες
2484 2511 2621 2580 ὅπερ
2662 2508 2728 2562 ἂν
2754 2508 2997 2579 δράσωσι
3045 2507 3231 2572 πλέον,
3257 2504 3565 2576 σύμϐουλον
3614 2504 3725 2558 ῶσ-

2132 2621 2239 2674 περ
2268 2604 2368 2673 τὴν
2411 2601 2622 2655 οἰκείαν
2657 2599 3073 2670 παραλαϐόντες
3111 2596 3394 2669 ὠμότητα,
3423 2598 3518 2650 καὶ
3565 2592 3726 2661 αὖθις

2132 2695 2270 2763 πρὸς
2299 2692 2358 2745 τὸ
2385 2690 2638 2755 κολάζειν
2693 2690 2954 2762 ἐχώρουν.
2986 2689 3096 2742 Kal.
3127 2689 3180 2742 τί
3234 2689 3342 2759 γὰρ
3395 2687 3524 2743 ἄλλο
3576 2685 3728 2759 εἶχον

2133 2789 2333 2850 ποιεῖν,
2365 2784 2610 2856 μαθηταὶ
2643 2783 2736 2838 τοῦ
2769 2784 2828 2850 ἐξ
2864 2783 3040 2855 ἀρχῆς
3085 2783 3542 2855 ἀνθρωποκτόνου
3590 2799 3728 2849 τυγο

2134 2878 2391 2949 χάνοντες
2414 2889 2429 2944 ;
2453 2875 2601 2930 Λίθοι
2625 2875 2718 2929 οὖν
2735 2875 2896 2930 πάλιν
2922 2876 3108 2938 αὐτοῖς
3133 2877 3212 2939 είς
3233 2873 3327 2939 ὀξὺ
3347 2875 3728 2945 διεγλύιροντο,

2134 2969 2410 3022 ὀϐελίσκοι
2442 2985 2501 3022 τε
2540 2969 2764 3038 σιδήρου
2803 2967 2899 3021 καὶ
2930 2967 3151 3032 πρίονες
3203 2967 3582 3038 ἐχαλκεύοντο,
3606 2961 3732 3021 εἶτα

2136 3063 2232 3115 καὶ
2264 3061 2459 3132 βόθρον
2489 3059 2758 3131 ὀρυγῆναι
2789 3058 3180 3124 διεκελεύοντο,
3202 3058 3261 3123 ὃς
3317 3058 3543 3129 ἔμελλεν
3575 3055 3730 3110 ἔνδον

2135 3153 2262 3218 τοὺς
2289 3153 2431 3218 ὀξεῖς
2460 3152 2684 3215 τούτους
2717 3151 2901 3215 λίθους
2933 3152 3030 3205 καὶ
3056 3151 3377 3212 ὀϐελίσκους
3416 3149 3513 3202 καὶ
3567 3147 3732 3218 πρίοο

445 3249 604 3304 cati:
638 3247 838 3303 deinde
893 3247 1181 3320 jusserunt
1242 3248 1407 3303 etiam
1463 3247 1569 3303 fodi
1626 3246 1850 3311 fossam,
1918 3260 2033 3316 quae

2140 3263 2236 3308 νας
2277 3245 2506 3314 ἀφανεῖς
2537 3242 2679 3314 ἐχειν
2706 3242 3129 3313 ἐμπεπηγότας,
3172 3242 3361 3310 ὀλίγης
3411 3240 3563 3311 αύτῷ
3619 3241 3729 3308 γῆς

446 3339 640 3393 acutos
666 3337 770 3394 hos
830 3337 1038 3408 lapides
1094 3346 1148 3393 et
1190 3337 1462 3393 obeliscos
1496 3346 1550 3392 et
1583 3352 1764 3392 serras
1803 3337 2040 3393 latentes

445 3425 648 3483 inﬁxas
681 3437 829 3482 esset
851 3427 1131 3492 habitura,
1164 3442 1340 3497 pauca
1386 3439 1534 3482 terra
1567 3427 1616 3482 ei
1684 3427 1924 3496 desuper
1957 3427 2042 3480 in-

445 3516 595 3584 fusa,
631 3527 693 3573 ut
723 3519 1032 3590 procedens
1070 3526 1300 3590 martyr,
1335 3517 1391 3571 in
1427 3531 1548 3572 eam
1594 3517 1917 3587 imprudens
1947 3517 2037 3571 in-

446 3609 682 3676 cideret,
716 3618 771 3664 et
829 3609 910 3665 sic
959 3610 1233 3665 interiret.
1286 3608 1684 3664 Existimabam
1729 3610 1878 3665 enim
1930 3617 2042 3666 stos

449 3697 569 3769 lidi,
609 3718 728 3758 eam
761 3702 851 3758 illa
906 3704 1082 3758 solum
1137 3717 1300 3774 posse
1352 3703 1574 3758 vincere
1631 3711 1748 3758 arte
1800 3705 2033 3774 magica,

453 3811 687 3868 quorum
719 3798 826 3866 lam
859 3796 1164 3867 accepisset
1202 3796 1355 3867 prlus
1385 3795 1779 3867 cognitionem,
1817 3803 1874 3851 et
1912 3796 2038 3853 ideo

453 3889 749 3945 studebant
777 3888 1013 3954 efﬁcere,
1048 3898 1108 3944 ut
1139 3904 1250 3944 non
1284 3899 1431 3944 esset
1479 3888 1834 3944 manifestum
1883 3889 2038 3960 peri.

457 3983 663 4039 culum.
707 3982 812 4037 Eos
847 3990 1028 4037 autem
1067 3981 1294 4046 latebat,
1334 3983 1480 4050 quod
1515 3991 1593 4048 tu,
1635 3981 1887 4047 Domine,
1936 3983 2032 4053 qul

454 4073 622 4130 corda
659 4073 948 4127 hominum
1002 4087 1255 4128 seorsum
1314 4071 1540 4136 tinxisti,
1604 4088 1664 4128 es
1706 4088 1830 4128 cum
1883 4074 2035 4144 ipsis,

454 4176 512 4222 et
542 4160 802 4235 intelligis
833 4165 1016 4220 omnia
1050 4178 1217 4234 opera
1252 4165 1497 4234 ipsorum
1534 4164 1579 4218 ‘.

528 4257 674 4315 XIII.
699 4261 859 4313 Certe
886 4241 1010 4313 cum
1039 4261 1163 4313 cani
1223 4268 1487 4328 urgerent
1535 4259 1795 4322 ministri,
1853 4268 1913 4314 ut
1955 4273 2052 4329 per

456 4369 584 4408 eum
615 4353 795 4407 locum
835 4351 1116 4415 transiret,
1152 4351 1208 4404 in
1267 4365 1376 4420 quo
1433 4351 1580 4406 fossa
1648 4352 1791 4406 facta
1847 4352 2048 4416 fuerat,

458 4446 551 4501 illa
577 4444 822 4514 quidem,
856 4457 981 4498 cum
1027 4443 1167 4498 nihil
1221 4442 1446 4497 omnino
1509 4443 1873 4513 prmvidisset,
1926 4459 2047 4514 quae

2136 3337 2493 3410 ἐπιχυθείσης
2520 3337 2751 3400 ἄνωθεν,
2770 3334 2911 3390 ὥστε
2944 3336 3042 3408 τὴν
3073 3336 3326 3408 μάρτυρα
3357 3335 3600 3389 διιοῦσαν
3630 3335 3738 3404 ἐμ.

2140 3431 2328 3484 πεσεῖν
2353 3427 2507 3499 αύτῷ
2547 3428 2690 3482 κατὰ
2715 3428 2776 3481 τδ
2801 3427 3084 3495 λανθάνον,
3111 3429 3204 3482 καὶ
3249 3427 3394 3482 οὕτω
3426 3427 3740 3497 διαφθαρῆ-

2141 3541 2250 3578 vat.
2287 3522 2572 3592 Ἐνόμιζον
2613 3521 2720 3592 γὰρ
2746 3523 2795 3575 οἱ
2827 3521 3060 3591 ἄφρονες
3122 3521 3350 3576 ἐκείνων
3410 3520 3570 3591 μόνον
3613 3520 3738 3573 ἐπι,

2141 3613 2518 3685 κρατεστέραν
2565 3612 2814 3681 γίνεσθαι
2865 3611 2955 3665 διὰ
2985 3611 3264 3682 γοητείας,
3293 3601 3369 3665 ὧν
3400 3608 3502 3680 ἥδη
3533 3609 3740 3678 φθάσει

2143 3705 2244 3778 τὴν
2279 3706 2485 3774 γνῶσιν
2540 3704 2906 3776 παραλαϐεῖν.
2961 3704 3069 3758 Kal.
3103 3703 3194 3758 διὰ
3245 3703 3405 3757 τοῦτο
3458 3702 3741 3757 ἔσπευσαν

2146 3798 2340 3868 ἄδηλον
2371 3799 2510 3869 αὐτῇ
2543 3799 2636 3852 τὸν
2665 3799 2914 3853 κίνδυνον
2938 3797 3202 3852 διαθεῖναι
3223 3813 3238 3830 ·
3265 3796 3526 3852 ἐλάνθανε
3552 3797 3611 3850 δὲ
3634 3795 3742 3851 αύ-

2149 3891 2277 3956 τοὺς
2308 3892 2389 3946 ὅτι
2412 3893 2499 3956 σὺ,
2518 3891 2712 3963 Κύριε,
2743 3891 2861 3963 μετ’
2887 3892 3054 3962 αὐτῆς
3081 3888 3153 3957 εἷ,
3179 3894 3207 3946 ὁ
3238 3889 3381 3952 κατά
3402 3891 3573 3962 μόνας
3601 3887 3745 3944 πλάο

2155 4002 2254 4050 σας
2281 3983 2380 4044 τὰς
2407 3984 2635 4056 καρδίας
2662 3984 2772 4039 τῶν
2795 3983 3123 4056 ἀνθρώπων.

2222 4258 2321 4314 II".
2354 4260 2574 4329 Ἀμέλει
2607 4259 2702 4313 καὶ
2733 4258 3118 4313 συνωθούντων
3159 4257 3333 4329 αὐτὴν
3377 4258 3489 4313 τῶν
3529 4259 3749 4331 ὑπηρεο

2149 4351 2260 4406 τῶν
2291 4350 2361 4404 δι’
2405 4350 2574 4419 αὐτῆς
2616 4348 2868 4413 διελθεῖν,
2897 4348 3026 4402 ἔνθα
3065 4346 3130 4418 δὴ
3160 4349 3255 4402 καὶ
3285 4351 3312 4402 ὁ
3337 4347 3530 4418 βόθρος
3579 4349 3751 4419 ἐτύγο

2105 4495 2117 4508 ,
2153 4459 2284 4513 χανε
2317 4441 2754 4512 ῥᾳδιουργηθεῖς,
2781 4440 2965 4510 ἐκείνη
2994 4439 3158 4510 μηδὲν
3182 4439 3318 4502 ὅλως
3351 4440 3748 4512 προειδομένη,

465 4544 653 4592 autem
681 4535 1036 4591 cohabitahat
1077 4535 1269 4608 gratia,
1306 4535 1478 4606 ipsam
1540 4535 1870 4603 sublevaret,
1925 4551 2033 4607 pen

2154 4537 2251 4604 τῆς
2285 4535 2535 4587 συνοίκου
2567 4534 2624 4586 δὲ
2653 4533 2879 4602 χάριτος
2907 4533 3078 4602 αὐτὴν
3103 4531 3609 4602 ύποκουφιξούσης,
3636 4532 3752 4586 διέ-

463 4629 638 4686 currit
691 4643 856 4700 supra
907 4639 1278 4684 constructam
1338 4629 1564 4693 fossam,
1621 4629 1850 4699 perinde
1897 4644 1960 4682 ac
2005 4629 2051 4682 si

465 4733 667 4779 terram
694 4735 805 4777 non
853 4729 1123 4792 tangeret,
1179 4721 1276 4776 sed
1329 4721 1471 4776 alata
1525 4722 1759 4776 sublime
1798 4721 2052 4776 ferretur.

349 4831 374 4848 τ
467 4816 676 4872 Deinde
698 4816 830 4886 quid
867 4815 968 4871 tit?
999 4814 1110 4871 Res
1143 4814 1312 4886 iusta,
1355 4822 1409 4869 et
1443 4831 1538 4884 per
1568 4829 1732 4885 quam
1767 4813 2054 4884 cognosci-

465 4919 557 4964 tur
580 4912 726 4964 Deus
761 4908 972 4981 judicia
1006 4907 1236 4974 faciens,
1273 4917 1329 4963 et
1363 4907 1568 4962 factum
1604 4921 1796 4961 revera
1827 4905 2052 4976 dignum

464 5019 528 5058 ea
581 5018 702 5072 qua:
731 5002 917 5057 omnia
948 5004 1215 5064 intuetur,
1248 4999 1619 5054 Providentia.
1648 4997 1880 5064 Quidam
1903 4998 2052 5052 enim

468 5108 536 5148 ex
574 5094 640 5148 iis
665 5093 759 5163 qui
797 5101 1094 5164 martyrem
1125 5091 1508 5151 traducebant,
1559 5089 1694 5143 forte
1737 5088 2055 5158 ignorantes

471 5192 691 5255 paratas
737 5183 987 5247 insidias,
1021 5191 1076 5237 et
1151 5181 1423 5248 volentes,
1462 5190 1751 5250 postquam
1787 5179 1878 5233 illa
1937 5180 2056 5234 sine

467 5280 628 5348 lapsu
669 5276 908 5339 transiit,
959 5275 1153 5330 eodem
1186 5275 1263 5329 uti
1311 5275 1545 5329 transitu
1589 5293 1602 5329 :
1640 5283 1700 5329 ut
1768 5274 1818 5329 id
1858 5283 2054 5338 totum,

468 5371 614 5438 quod
643 5387 672 5424 a
707 5369 893 5425 divino
925 5367 1126 5423 Davitle
1166 5369 1372 5423 dictum
1406 5377 1490 5422 est
1508 5367 1550 5434 ⁸,
1588 5376 1735 5423 esset
1777 5365 2058 5437 praedictio

475 5467 617 5532 ejus,
643 5463 785 5532 quod
819 5471 950 5517 tunc
1007 5460 1209 5515 factum
1247 5469 1328 5515 est
1365 5476 1378 5512 :
1429 5472 1624 5531 nempe
1671 5458 1795 5514 illos
1830 5457 2052 5526 quidem

472 5553 675 5610 fodisse
705 5554 939 5618 foveam,
980 5561 1036 5608 et
1075 5552 1130 5606 in
1166 5567 1285 5607 eam
1326 5552 1550 5617 fossam,
1588 5567 1749 5621 quam
1785 5550 2053 5612 iecerant,

477 5645 780 5700 CBCiiliSSC:
813 5659 936 5698 cum
973 5653 1203 5713 repente
1231 5643 1401 5696 fracta
1430 5650 1598 5703 esset,
1633 5655 1754 5709 qua:
1789 5637 1843 5691 in
1865 5651 2059 5706 super-

478 5732 598 5789 licle.
621 5736 848 5804 disjecta
887 5744 1004 5790 erat
1063 5731 1582 5801 terra,‘inciderunt
1623 5731 1676 5786 in
1721 5729 1934 5785 foveam
1969 5740 2063 5783 :et

587 5911 606 5942 "
631 5911 783 5967 Jnan.
833 5924 947 5978 viti,
982 5913 1066 5970 44.
1181 5915 1202 5949 δ
1233 5911 1376 5971 Psal.
1411 5930 1580 5984 xxx",
1619 5916 1700 5970 ιό.

2152 4625 2255 4696 δρα
2305 4625 2404 4694 μὲν
2458 4624 2718 4697 ὑπεράνω
2755 4622 2848 4676 τοῦ
2910 4623 3349 4693 σκαιωρηθέντος
3399 4623 3747 4694 ὀρύγματος,

2152 4713 2342 4784 ὥσπερ
2380 4713 2439 4766 οὐ
2471 4712 2576 4782 γῆς
2629 4712 2936 4782 ἁπτομένη,
2984 4710 3122 4763 ἀλλὰ
3173 4711 3449 4781 μετέωρός
3497 4728 3580 4773 τις
3648 4713 3753 4766 καὶ

2153 4805 2462 4875 ὑπόπτερος
2521 4805 2818 4874 φερομένη.
2849 4800 2984 4859 Εἶτα
3016 4803 3069 4855 τί
3103 4804 3350 4871 γίνεται;
3383 4803 3629 4873 Πρᾶγμα
3661 4803 3748 4856 δί-

2153 4913 2310 4950 καιον
2336 4897 2432 4950 καὶ
2465 4896 2533 4949 δι’
2559 4891 2636 4950 ὧν
2667 4896 2995 4964 γινώσκεται
3029 4895 3230 4967 Κύριος
3258 4895 3501 4964 κρίματα
3544 4897 3748 4957 ποιεῖν.

2153 4990 2248 5044 καὶ
2287 4989 2448 5061 ἔργον
2494 4989 2592 5060 τῆς
2647 4989 2824 5042 πάντα
2874 4989 3164 5060 ἐφορῶσης
3201 4987 3469 5059 Προνοίας
3501 4987 3758 5057 ἀληθοῦς

2152 5081 2323 5146 ἄξιον.
2354 5082 2476 5134 Τῶν
2510 5081 2620 5152 γὰρ
2645 5079 2745 5152 τὴν
2807 5079 3064 5150 μάρτυρα
3121 5079 3548 5142 διαϐιϐαζόντων
3574 5080 3748 5141 τινες,

2153 5176 2378 5245 ἄγνοιαν
2406 5176 2538 5237 ἴσως
2569 5174 2788 5245 ἔχοντες
2842 5172 2938 5225 τοῦ
2970 5172 3309 5242 πραχθέντος
3341 5171 3582 5240 ἐνέδρου,
3616 5170 3749 5240 βου-

2153 5268 2417 5340 ληθέντες
2459 5267 2598 5337 μετὰ
2621 5268 2682 5319 τὸ
2710 5265 2926 5335 ἐκείνην
2953 5264 3206 5318 ἄπτωτον
3235 5262 3467 5318 διελθεῖν
3497 5265 3566 5334 τῇ
3601 5264 3748 5334 αύτῇ

2159 5358 2470 5432 χρήσασθαι
2513 5357 2690 5429 διόδῳ,
2734 5357 2802 5410 ἶν’
2837 5356 2959 5410 ὅλον
3008 5355 3070 5409 τὸ
3109 5355 3213 5408 ὑπ’)
3268 5355 3364 5409 τοῦ
3394 5354 3540 5407 θείου
3581 5352 3752 5407 Δαυῖδ

2157 5451 2448 5524 εἰρημένον
2513 5445 2977 5522 προαγόρευσιςῇ
3021 5447 3112 5502 τοῦ
3145 5449 3266 5502 τότε
3318 5447 3643 5518 γενομένου,
3687 5445 3752 5498 τὸ

2162 5544 2364 5597 λάκκον
2399 5543 2592 5614 ὀρύξαι
2636 5542 2737 5612 μὲν
2773 5542 3017 5605 ἐκείνους
3067 5543 3162 5597 καὶ
3196 5540 3534 5612 ἀνασκάψαι,
3569 5541 3735 5610 ἐμπεο

2163 5639 2276 5689 σεῖν
2304 5637 2360 5689 δέ
2393 5635 2716 5707 παραδόξως
2750 5637 2829 5696 είς
2868 5635 3059 5706 βόθρον
3085 5635 3145 5687 ὃν
3191 5635 3540 5705 εἰργάσαντο,
3573 5631 3752 5702 ύπορο

2167 5730 2432 5801 ῥαγεὲσης
2465 5727 2633 5800 αὐτῆς
2669 5726 2863 5798 ἁθρόον
2895 5729 2990 5796 τῆς
3039 5727 3095 5795 ἐξ
3140 5727 3406 5796 ἐπιπολῆς
3457 5723 3569 5778 ἅνω
3630 5719 3749 5776 δια·

1811 5913 1830 5943 ⁵
1853 5913 1997 5970 Psal.
2029 5927 2136 5977 ιιι,
2158 5913 2212 5966 7.
