4002 6492
329 453 438 522 729

1436 463 1907 531 MARTYPJUM
1939 466 2002 529 S.
2035 467 2486 536 EUPHEMI/E.

3492 477 3601 544 730

330 571 641 644 τμηθείσης
661 572 784 645 γῆς.
817 573 1254 646 Ἐμπέπτώκασί
1283 595 1341 633 τε
1366 579 1451 651 τῷ·
1469 581 1671 656 βόθρῳ,
1697 584 1793 639 καὶ
1817 582 1922 638 ύπδ

2030 599 2150 643 cum
2177 589 2230 644 in
2266 591 2357 645 illa
2385 597 2543 646 acuta
2576 589 2902 648 incidissent
2923 591 3312 658 instrumenta,
3347 591 3602 648 celeriter

331 665 448 718 τῶν
477 665 764 736 τμητικῶν
793 666 1018 722 ἐκείνων
1049 668 1318 739 ὀργάνων,
1339 669 1512 736 ὀξέως
1564 673 1922 744 ἐμπεσόντες,

330 753 593 825 ὀξύτερον
646 755 1040 827 διεφθάρησαν.
1109 758 1176 812 Ἦ
1221 760 1353 828 ἁγία
1405 761 1465 814 δὲ
1526 761 1925 833 χαριστηρίους

335 845 542 916 ὕμνους
569 849 808 919 προσῇδε
836 849 914 919 τῷ
966 851 1230 905 σεσωκότι
1260 851 1402 924 Θεῷ,
1426 854 1522 917 Τίς
1574 853 1796 925 λαλήσει
1825 854 1925 917 τὰς

331 936 658 1002 δυναστείας
712 957 830 1006 σου,
862 940 1116 1008 λέγουσα,
1156 944 1432 1008 ἀκουστάς
1487 945 1706 1014 ποιήσει
1741 943 1923 1007 πάσας

331 1028 434 1090 τὰς
461 1029 702 1092 αίνέσεις
759 1047 876 1093 σου,
911 1033 1084 1103 Κύριε
1112 1049 1127 1100 ;
1157 1035 1240 1088 ὅτι
1280 1037 1780 1106 μεμαστιγωμένην
1822 1034 1924 1104 τὴν

331 1117 531 1186 δούλην
584 1136 676 1172 σου
753 1120 1037 1190 μαστίγων
1083 1125 1384 1193 ἀπείρατον
1446 1123 1796 1194 διεφύλαξαςο
1841 1125 1922 1177 ὅτι

337 1209 518 1278 πυρὸς
551 1210 834 1279 ἣρπασαςο
861 1212 944 1264 ὅτι
976 1212 1180 1284 θηρῶν,
1209 1214 1305 1266 καὶ
1331 1213 1548 1279 ὓδατος,
1588 1214 1686 1268 καὶ
1709 1212 1922 1284 τροχῶν

334 1299 687 1370 διετήρησας,
713 1302 809 1355 καὶ
837 1302 1034 1374 βόθρου
1068 1305 1356 1368 διέσωσας.
1389 1305 1499 1360 Καὶ
1527 1305 1645 1372 νῦν,
1675 1306 1924 1358 Δέσποτα

341 1389 620 1455 πολυέλεε,
641 1391 805 1462 ῥῦσαι
833 1395 936 1463 τὴν
972 1396 1153 1466 ψυχήν
1193 1413 1294 1467 μου
1352 1396 1422 1451 ἐκ
1471 1397 1656 1467 χειρὸς
1707 1395 1804 1449 τοῦ
1858 1397 1925 1450 εκ

340 1482 623 1552 προγόνων
646 1501 737 1554 μοι
768 1486 1034 1557 πολεμίου
1061 1489 1159 1558 τῆς
1186 1487 1426 1557 φύσεως.
1462 1489 1765 1559 Ἀμαρτίας
1803 1489 1922 1543 νεό-

334 1571 500 1641 τητός
531 1589 634 1642 μου
661 1575 757 1628 καὶ
785 1575 1011 1644 ἀγνοίας
1045 1594 1150 1648 μου
1196 1579 1273 1649 μὴ
1309 1579 1578 1650 μνησθῇς
1610 1579 1749 1634 ἀλλά
1801 1581 1924 1644 ταῖς

333 1663 448 1718 τῶν
486 1664 628 1735 ὑπὲρ
664 1665 758 1719 σοῦ
791 1668 1028 1735 ῥυέντων
1049 1668 1298 1740 αίμάτων
1321 1688 1426 1742 μου
1453 1670 1660 1741 ῥανίσι,
1683 1671 1926 1741 κάθαρόν

339 1769 444 1822 μου
481 1755 571 1807 τὸν
599 1757 876 1828 μολυσμὸν
900 1761 1106 1831 σαρκός
1135 1778 1195 1814 τε
1225 1763 1322 1814 καὶ
1345 1762 1682 1833 πνεύματος.
1709 1763 1781 1816 Σὺ
1814 1765 1924 1836 γὰρ

335 1841 392 1898 εἴ
422 1846 713 1914 κάθαρσις,
738 1851 1014 1923 ἀγιασμός
1042 1869 1100 1905 τε
1125 1855 1220 1906 καὶ
1251 1855 1533 1925 φωτισμδς
1559 1855 1669 1909 τῶν
1721 1855 1924 1910 δούλων

339 1950 459 1991 σου.
499 1940 609 1993 Καὶ
636 1941 668 2010 ἡ
701 1942 798 2012 μὲν
819 1943 994 1998 ταῦτα
1023 1943 1249 2016 ηὔξατο,
1275 1948 1370 2000 καὶ
1393 1948 1494 2019 τῆς
1525 1948 1690 2020 εὐχῆς
1713 1948 1773 2002 οὐ
1801 1948 1924 2020 διήσ

340 2043 423 2096 μα
432 2045 576 2097 ρτεν.

410 2115 508 2170 1Δ’.
548 2115 606 2169 '0
670 2117 912 2191 Πρίσκος
951 2122 1009 2176 δὲ
1041 2124 1202 2180 ἄλλον
1249 2127 1459 2180 ἐπινοεῖ
1484 2128 1649 2183 πάλιν
1681 2132 1747 2202 τῇ
1784 2129 1928 2201 μάρ-

2025 679 2380 738 interierunt.
2413 685 2612 739 Sancta
2637 693 2819 738 autem
2848 683 3053 739 cecinit
3097 683 3350 754 hymnos,
3404 685 3606 755 quibus

2026 771 2138 827 Deo
2163 773 2356 842 agebat
2380 773 2582 842 gratias
2609 792 2623 828 :
2659 794 2677 827 ι
2718 775 3148 844 Quisloquetur,
3181 775 3392 837 dicens,
3415 785 3606 844 poten-

2023 864 2130 919 tias
2208 866 2446 930 Domini,
2502 868 2715 921 auditas
2772 868 2933 922 faciet
2973 883 3164 922 omnes
3221 867 3409 923 laudes
3459 877 3602 932 tuas,

2025 955 2257 1011 Domine
2295 956 2362 1009 ’ἲ
2401 975 2420 1008 ι
2456 957 2724 1024 Quoniam
2753 957 3073 1028 ﬂagellatam
3103 958 3353 1012 ancillam
3383 968 3527 1011 tuam
3574 974 3604 1012 a

2023 1045 2208 1119 ﬂagris
2249 1049 2471 1102 illzesam
2511 1051 2878 1113 conservasﬁ;
2919 1049 3175 1118 quoniam
3230 1050 3299 1104 a'o
3333 1049 3456 1118 igne
3519 1063 3607 1103 ra-

2026 1139 2216 1207 puisti.
2241 1137 2511 1204 Quoniam
2543 1155 2572 1193 a
2600 1140 2814 1202 bestiis,
2858 1148 2913 1194 et
2941 1156 3102 1205 aqua,
3139 1148 3193 1194 et
3231 1141 3366 1194 rotis
3413 1147 3604 1193 custo-

2026 1230 2192 1294 diisti,
2241 1239 2296 1285 et
2327 1246 2354 1283 a
2383 1230 2534 1285 fossa
2567 1232 2926 1287 conservasti.
2951 1229 3016 1284 Et
3043 1246 3215 1295 nunc,
3248 1229 3478 1284 Domine
3497 1229 3602 1284 mi-

2025 1322 2284 1388 sericors,
2311 1321 2482 1376 libera
2517 1322 2754 1377 animam
2796 1338 2972 1376 meam
2999 1337 3029 1377 e
3065 1337 3228 1376 manu
3284 1322 3404 1391 ejus
3436 1321 3528 1391 qui
3574 1338 3604 1376 a

2023 1411 2222 1480 priscis
2250 1411 2594 1481 temporibus
2657 1421 2744 1466 est
2778 1411 2957 1466 hostis
3017 1420 3250 1465 naturae.
3311 1429 3331 1461 ι
3373 1411 3605 1464 Peceata

2019 1500 2328 1570 juventutis
2360 1517 2515 1567 mea,
2585 1511 2641 1556 et
2678 1501 3016 1572 ignorantias
3045 1516 3196 1555 meas
3229 1516 3298 1555 ne
3337 1499 3607 1555 memine-

2023 1595 2101 1651 ris
2122 1596 2166 1658 ⁷,
2198 1612 2217 1646 ι
2255 1594 2349 1651 sed
2381 1594 2549 1664 guttis
2598 1593 2676 1649 tui
2727 1593 3031 1665 sanguinis,
3083 1608 3205 1662 quae
3249 1607 3348 1663 pro
3383 1607 3469 1646 me
3503 1591 3606 1645 ﬁu-

2024 1695 2254 1750 xcrnnt,
2317 1701 2560 1757 expurga
2605 1685 2796 1742 sordes
2837 1701 2973 1740 meae
3015 1684 3202 1740 carnis
3256 1695 3311 1739 et
3361 1683 3606 1754 spiritus.

2025 1775 2109 1833 Tu
2161 1793 2222 1833 es
2251 1779 2398 1833 enim
2437 1778 2709 1849 purgatio,
2764 1777 3134 1832 sanctiﬁcatio
3163 1784 3220 1830 et
3270 1774 3603 1829 illuminatio

2025 1887 2310 1926 servorum
2390 1879 2633 1926 tuorum.
2706 1871 2772 1924 Et
2862 1869 2951 1922 illa
3018 1868 3238 1938 quidem
3320 1868 3440 1921 haec
3525 1873 3610 1920 est

2027 1973 2273 2036 precata,
2311 1972 2365 2018 et
2403 1978 2514 2018 non
2555 1961 2658 2016 fuit
2689 1961 2936 2017 fraudata
2967 1977 3065 2016 sua
3106 1959 3398 2030 petitione.

2099 2140 2243 2198 XIV.
2278 2143 2502 2197 Priscus
2529 2150 2714 2196 autem
2750 2156 2944 2194 rursus
2992 2139 3155 2193 aliam
3212 2137 3414 2191 fossam
3459 2153 3606 2191 mar-

333 2206 795 2307 τυριηβόθρον,-ού
837 2212 1090 2284 σώματος
1123 2216 1424 2282 ἀπώλειαν,
1457 2219 1594 2273 ἀλλά
1614 2220 1794 2292 ψυχῆς
1829 2223 1925 2294 ὲμ-

2030 2237 2131 2307 tyri
2159 2235 2451 2306 excogitat,
2479 2250 2600 2304 qua:
2630 2248 2740 2287 non
2774 2232 3040 2286 aﬁ'erebat
3094 2230 3378 2284 interitum
3413 2244 3611 2298 corpo-

336 2294 618 2362 ποιοῦντα,
648 2301 742 2352 καὶ
781 2305 910 2373 περὶ
944 2306 1128 2362 πίστιν
1158 2307 1248 2362 τὸν
1279 2308 1526 2362 κίνδυνον
1554 2311 1914 2383 ἐπιφέροντα.

335 2385 868 2461 Μετακα).εσάμενος
931 2395 1041 2466 γὰρ
1089 2398 1282 2467 αὐτὴν,
1334 2401 1523 2454 καὶτὸ
1557 2401 1659 2470 μὲν
1706 2403 1927 2472 ὀργίλον

336 2479 433 2530 καὶ
469 2479 838 2551 ὑπεροπτικὸν
865 2487 1223 2558 ἀποθέμενος,
1252 2489 1355 2544 ὑπὸ
1387 2495 1542 2546 δασεῖ
1562 2493 1619 2546 δὲ
1640 2494 1720 2564 τῷ
1743 2496 1925 2566 κωδίῳ

339 2571 554 2643 κρύψας
604 2575 695 2627 τὸν
730 2576 917 2640 λύκον,
944 2578 1087 2633 πάνυ
1121 2597 1180 2634 τε
1230 2581 1322 2636 τὸν
1367 2584 1545 2655 πρᾶον
1578 2585 1920 2654 ὑποκριθεὶς,

271 2667 274 2670 ’
337 2665 413 2715 Σὺ
436 2668 534 2734 μὲν
555 2668 855 2738 ὴπάτησαι,
881 2670 1013 2742 ἔφη’·
1036 2676 1128 2726 καὶ
1143 2674 1196 2726 τί
1214 2675 1322 2744 γὰρ
1341 2677 1655 2744 θαυμαστὸν
1675 2680 1722 2732 εί
1747 2681 1882 2750 γυνή
1905 2697 1922 2746 ;

337 2757 481 2828 πλὴν
510 2759 642 2813 ἀλλά
677 2763 772 2814 καὶ
805 2765 969 2833 ἡμεῖς
1001 2765 1077 2829 ὡς
1140 2767 1240 2820 οὐκ
1284 2767 1392 2822 ἔδει
1431 2772 1921 2842 πεπαρῳνήκαμεν

341 2851 422 2912 είς
453 2852 510 2904 σὲ
539 2852 638 2922 τὴν
665 2856 938 2921 γενναίαν.
971 2859 1090 2926 Ἐφ’
1122 2853 1201 2922 οἷς
1223 2861 1558 2933 συγγνώμην
1580 2865 1712 2935 ἡμῖν
1741 2881 1925 2935 παρα-

344 2942 552 3012 σχοῦσα
596 2945 757 2999 θῦσον
796 2947 874 3018 τῷ
912 2950 1132 3022 μεγάλῳ
1173 2953 1280 3018 θεῷ
1315 2956 1494 3026 Ἀρει,
1523 2957 1620 3010 καὶ
1668 2957 1924 3024 τοσοῦτός

343 3051 406 3086 σε
430 3036 662 3101 πλοῦτος
693 3039 789 3091 καὶ
820 3040 946 3106 δόξα
976 3044 1071 3096 καὶ
1105 3044 1323 3110 ἀγαθῶν
1349 3047 1626 3110 ἐκδέξεται
1650 3049 1920 3119 θάλασσα,

336 3125 414 3189 ὡς
451 3127 669 3182 πάντων
702 3131 928 3184 ἐκείνων
964 3134 1433 3205 ἀμνημονὴσασαν
1464 3138 1629 3208 ζῆσαι
1684 3139 1747 3193 τὸ
1778 3139 1921 3208 μετά

2027 2327 2126 2393 ris,
2159 2326 2254 2380 sed
2284 2326 2504 2389 anin'tae,
2534 2332 2590 2379 et
2615 2323 2761 2378 circa
2791 2323 2951 2376 ﬁdem
3020 2321 3238 2375 creabat
3275 2319 3604 2389 periculum.

2027 2417 2160 2472 Nam
2189 2432 2315 2472 cum
2334 2431 2454 2470 eam
2487 2413 2895 2476 accersivisset,
2935 2420 2990 2466 et
3021 2410 3358 2464 iracundiam
3383 2408 3606 2477 quidem

2027 2515 2083 2561 et
2112 2503 2425 2574 superbiam
2494 2501 2871 2572 deposuisset,
2929 2500 3104 2554 denso
3168 2507 3350 2552 autem
3411 2496 3610 2550 vellere

2027 2598 2216 2668 lupum
2249 2595 2504 2656 texisset,
2525 2602 2581 2648 et
2603 2594 2894 2648 maximam
2929 2591 3244 2646 simulassct
3279 2589 3554 2644 lenitatem
3590 2609 3606 2645 :

2027 2690 2110 2744 Tu
2145 2689 2388 2758 quidem,
2428 2685 2624 2755 inquit,
2658 2685 2788 2739 falsa
2829 2699 2907 2738 es.
2973 2682 3084 2738 Nec
3130 2690 3214 2736 est
3261 2682 3494 2744 mirum;
3551 2697 3611 2736 es

2025 2783 2176 2838 enim
2213 2779 2435 2834 femina.
2465 2776 2572 2831 Sed
2603 2790 2706 2829 nos
2745 2789 2965 2844 quoque
3039 2773 3092 2826 in
3159 2781 3211 2826 te
3291 2772 3608 2841 praeclaram

2026 2874 2290 2945 virginem
2320 2870 2485 2940 (quod
2512 2868 2724 2928 utinam
2756 2866 2957 2920 factum
3013 2880 3124 2918 non
3191 2874 3334 2919 esset
3365 2862 3404 2935 l)
3447 2863 3611 2916 nimis

2027 2966 2234 3022 fuimus
2267 2962 2600 3034 petulantes.
2664 2960 2910 3024 Quorum
2966 2957 3126 3011 nobis
3180 2957 3316 3010 dans
3370 2955 3606 3017 veniam,

2029 3058 2276 3117 sacriﬁca
2316 3069 2518 3126 magno
2549 3054 2652 3108 dco
2679 3051 2879 3105 Marti:
2913 3059 2968 3104 et
3024 3058 3078 3104 te
3117 3055 3282 3102 tantae
3333 3047 3612 3116 excipient

2028 3151 2254 3212 divitiae,
2287 3157 2342 3203 et
2399 3153 2613 3202 tantum
2665 3159 2817 3199 mare
2896 3143 3192 3206 bonorum,
3248 3148 3309 3194 ut
3364 3139 3610 3194 omnium

337 3217 513 3322 ταῦτα
543 3221 725 3284 καλῶς
753 3224 848 3276 καὶ⁵
878 3224 1070 3292 ἡδέως,
1115 3225 1305 3297 ὥσπερ
1336 3227 1448 3298 ἄρα
1484 3231 1583 3284 καὶ
1617 3233 1724 3302 χρὴ
1775 3246 1921 3302 παρ-

2030 3244 2243 3300 illorum
2272 3239 2458 3303 oblita,
2489 3239 2720 3293 honeste
2765 3235 3026 3303 deinceps
3068 3235 3218 3287 vivas
3245 3242 3300 3288 et
3343 3231 3612 3303 jucunde,

340 3307 494 3363 θένον
531 3311 816 3384 τοιαύτην,
871 3315 1016 3368 οὕτω
1075 3319 1175 3387 μὲν
1235 3319 1430 3391 καλὴν,
1457 3320 1600 3374 οὕτω
1633 3317 1690 3376 δὲ
1726 3323 1920 3391 γένους

339 3402 438 3455 καὶ
461 3406 819 3473 περιφανείας
850 3405 1102 3476 ἔχουσαν.
1137 3409 1202 3463 Ἠ
1225 3411 1281 3463 δὲ
1313 3411 1673 3483 πανεύφημος
1701 3414 1923 3486 ἀληθῶς

339 3493 604 3564 Εύφημία
637 3499 886 3564 γενναῖόν
910 3517 964 3552 τι
997 3500 1096 3554 καὶ
1149 3502 1424 3573 ἀνδρῶδες
1480 3505 1806 3576 δμδλέψασα
1843 3508 1923 3579 τῷ

338 3585 614 3659 τυράννῳ,
640 3583 712 3640 Ὦ
738 3588 888 3660 ψυχὴ
939 3593 1293 3665 κακότεχνος,
1315 3595 1447 3664 ἔφη,
1501 3596 1657 3650 δόλου
1715 3599 1922 3673 δηλαδὴ

340 3676 590 3746 γέμουσα
649 3681 747 3734 καὶ
795 3682 1024 3752 πικρίας
1048 3698 1063 3714 ο
1095 3677 1140 3738 ὦ
1176 3685 1430 3755 δαιμονία
1474 3687 1669 3759 γνώμη
1705 3689 1922 3761 ἀνθρω-

343 3771 506 3824 πείαν
533 3771 657 3841 δψιν
713 3778 1103 3847 μεμιμημένη,
1151 3779 1212 3831 ού
1266 3779 1452 3852 παύσῃ
1483 3783 1613 3835 ποτὲ
1652 3783 1837 3853 ληρῶν
1863 3802 1923 3838 τε

347 3861 444 3914 καὶ
474 3867 808 3936 κακουργῶν
854 3868 1134 3938 ἄπρακτα,
1186 3871 1282 3924 καὶ
1333 3873 1474 3926 κατά
1496 3873 1607 3928 τῶν
1637 3876 1732 3930 τοῦ
1785 3876 1925 3946 Χρι-

347 3955 474 4007 στοῦ
492 3956 920 4029 δούλωνξμυρίας
934 3963 1352 4034 τεκταινόμενος
1373 3966 1472 4029 τὰς
1495 3968 1760 4036 παγίδας;
1781 3971 1925 4040 Ἐγὼ

346 4045 498 4101 θύσω
545 4051 680 4102 ποτὲ
734 4051 954 4122 δαίμοσι
1005 4056 1102 4107 καὶ
1148 4055 1392 4121 εἰδώλοις
1443 4059 1583 4129 μετὰ
1653 4063 1925 4127 τοσαύτας

348 4139 586 4209 μάλιστα
615 4141 708 4195 τοῦ
757 4145 890 4215 ἐμοῦ
920 4149 1197 4202 Δεσπότου
1248 4149 1348 4211 τὰς
1406 4151 1755 4222 ἀντιλήψεις
1789 4155 1927 4224 μετά

343 4230 442 4302 τὴν
478 4235 544 4286 ἐκ
572 4236 912 4305 τηλικούτων
950 4239 1130 4310 ἔργων
1178 4243 1279 4312 τῆς
1311 4242 1572 4312 ἀληθείας
1604 4245 1924 4312 ἀπὸδειξινς

347 4326 488 4394 μετά
531 4328 594 4380 τὸ
624 4332 876 4400 φανερῶς
904 4333 1008 4401 ἐμὲ
1038 4335 1136 4388 καὶ
1177 4337 1590 4408 ἀναντιῤῥήτως
1622 4339 1927 4409 καταισχῦ-

265 4442 272 4447 ·
346 4434 436 4471 ναι
470 4419 571 4488 μὲν
602 4420 757 4490 ὑμῶν
784 4423 883 4493 τὴν
906 4424 1248 4494 ἀλαζονείαν,
1269 4428 1569 4497 ἀπελέγξαι
1604 4430 1662 4483 δὲ
1687 4429 1788 4500 τὴν
1817 4432 1930 4484 τῶν

349 4511 713 4582 σεδασμάτων
749 4515 1040 4571 ἀσθένειαν
1073 4519 1168 4572 καὶ
1211 4521 1454 4594 μεγάλην
1482 4522 1625 4575 οὓτω
1658 4525 1799 4577 κατά
1828 4526 1930 4595 τῆς

2025 3345 2086 3390 ut
2115 3335 2274 3390 talcm
2305 3334 2465 3389 decet
2492 3331 2783 3401 virginem,
2849 3339 2956 3384 tam
3006 3327 3315 3397 pulchram,
3378 3333 3434 3379 et
3498 3334 3609 3380 tam

2024 3426 2227 3480 claram
2246 3437 2465 3494 genere.
2498 3419 2710 3475 Revera
2750 3427 2932 3472 autem
2983 3416 3270 3471 benedicta
3309 3414 3608 3485 Euphemia

2028 3525 2320 3589 tyrannum
2353 3527 2619 3584 generose
2655 3521 2710 3565 et
2730 3508 2967 3563 viriliter
3021 3509 3246 3562 intuens
3285 3523 3299 3560 :
3332 3506 3378 3561 0
3431 3507 3606 3570 vafra,

2025 3607 2221 3675 inquit,
2255 3604 2460 3669 anima,
2501 3602 2629 3657 dolo
2665 3601 2824 3671 plena
2861 3607 2917 3653 et
2937 3598 3304 3653 amaritudine
3331 3599 3344 3651 ι
3376 3596 3420 3651 Ο
3454 3612 3610 3652 mens

2025 3697 2380 3760 daemoniaca,
2411 3694 2702 3748 humanam
2762 3691 2969 3745 imitata
3019 3689 3280 3758 speciem,
3327 3702 3609 3755 nunquam

2026 3787 2266 3844 cessabis
2297 3785 2523 3856 nugari,
2552 3791 2609 3837 et
2633 3781 2838 3836 frustra
2881 3780 3148 3835 scelerata
3181 3780 3325 3832 inire
3355 3777 3605 3840 consilia,

2025 3890 2081 3936 et
2106 3881 2372 3934 adversus
2425 3875 2631 3930 Christi
2683 3888 2874 3928 servos
2910 3873 3136 3941 laqueos
3198 3871 3423 3925 tendere
3447 3869 3610 3922 innu-

2027 3973 2320 4030 merabiles
2352 3969 2511 4040 ?Ego
2543 3982 2826 4036 nunquam
2895 3964 3215 4019 sacriﬁcabo
3269 3961 3610 4018 daemonibus

2026 4078 2084 4125 et
2137 4064 2468 4127 simulacris,
2502 4061 2739 4116 maxime
2803 4075 2927 4114 cum
2991 4073 3078 4129 me
3135 4055 3396 4110 Dominus
3450 4053 3610 4108 toties

2028 4158 2354 4226 defenderit,
2387 4170 2512 4210 cum
2556 4162 2665 4207 tam
2695 4151 2885 4205 multis
2917 4148 3178 4217 operibus
3221 4145 3615 4200 demonstrarit

2027 4253 2336 4312 veritatem,
2368 4262 2490 4301 cum
2522 4253 2630 4298 tam
2656 4252 2846 4312 aperte
2879 4249 2936 4295 et
2970 4240 3106 4294 citra
3154 4238 3318 4292 ullam
3387 4245 3613 4290 contro-

2028 4347 2291 4409 versiam,
2328 4351 2563 4396 vestram
2603 4335 2976 4406 arrogantiam
3010 4333 3277 4387 dedecore
3311 4327 3610 4390 aﬁ'ecerim,

2030 4449 2088 4495 et
2121 4451 2309 4493 corum
2339 4450 2461 4504 qua:
2484 4431 2688 4495 colitis,
2716 4429 2990 4501 arguerim
3047 4423 3502 4484 imbecillitatem,
3534 4429 3615 4473 at-

2031 4546 2138 4600 que
2165 4528 2428 4582 adversus
2453 4536 2696 4576 errorem
2758 4528 2869 4572 tam
2940 4516 3256 4586 praeclaram
3289 4512 3485 4580 adepta
3511 4509 3612 4563 sint

349 4605 561 4676 πλάνης
598 4607 700 4679 τὴν
735 4609 894 4682 νίκην
936 4612 1210 4681 ἄρασθαι;
1238 4614 1442 4668 Πολλοῦ
1474 4615 1541 4668 ἄν
1565 4633 1650 4669 σοι
1687 4617 1924 4684 γέλωτος

2031 4619 2338 4676 victoriam.
2366 4615 2651 4670 Judicarer
2688 4626 2790 4682 ego
2826 4610 2928 4664 tibi
2984 4609 3148 4678 plane
3200 4604 3456 4668 ridicula,
3532 4601 3613 4654 vel

347 4697 576 4768 ὲκρίθην
607 4699 758 4764 ἀξία,
783 4701 1036 4773 δακρύων
1059 4703 1116 4756 δὲ
1157 4703 1358 4774 μᾶλλον
1391 4707 1545 4775 παρά
1569 4709 1684 4769 τοῖς
1707 4702 1768 4760 εὖ
1794 4724 1927 4778 φρο-

347 4787 502 4841 νοῦσι
538 4792 635 4844 καὶ
669 4792 1032 4863 φοϐουμένοις
1075 4795 1169 4848 τὸν
1205 4795 1436 4867 Κύριον.
1465 4798 1654 4860 Λύσας
1689 4793 1784 4852 οὖν
1825 4800 1929 4869 τὴν

351 4882 562 4953 σκηνὴν
589 4883 685 4936 καὶ
715 4885 807 4937 τὸν
839 4886 1101 4955 τεχνητὸν
1155 4890 1296 4958 ἄρνα
1345 4889 1442 4941 καὶ
1481 4889 1581 4959 τὴν
1611 4889 1929 4961 επίχριστον

351 4973 679 5035 ἐπιείκειαν.
697 4975 860 5028 αὑτὸν
875 4979 1010 5046 ἡμῖν
1039 4977 1130 5031 τὸν
1149 4979 1355 5049 συνήθη
1382 4978 1619 5048 Πρίσκον
1640 4981 1932 5049 ἐπίδειξον,

354 5067 494 5134 μετά
521 5068 616 5135 τῆς
645 5067 805 5134 φίλης
834 5067 1118 5138 ὠμότητος
1147 5071 1240 5123 καὶ
1271 5071 1368 5123 τοῦ
1402 5071 1672 5138 θράσους·
1696 5071 1932 5127 κάκεῖνα

349 5156 415 5227 δὴ
448 5159 680 5239 πρᾶττε,
726 5159 829 5211 ὅσα
886 5175 973 5212 σοι
1026 5159 1170 5213 κατά
1217 5160 1446 5232 γνώμην
1495 5161 1616 5215 ἐστὶ
1673 5164 1929 5237 ποιεῖν,ῆ

354 5249 559 5320 μᾶλλον
598 5252 809 5322 ὅσαπερ
873 5254 901 5306 ὁ
958 5252 1285 5318 διδάσκαλός
1339 5271 1434 5308 σου
1490 5256 1586 5309 καὶ
1638 5241 1933 5328 παιδευτὴς

347 5341 612 5406 διάϐολος·
630 5343 976 5415 ὑποτίθησιν.

421 5432 526 5486 ιε’.
575 5435 774 5504 Ὀργῆς
806 5435 900 5487 ἐπὶ
949 5434 1164 5499 τούτοις
1203 5437 1232 5490 ὁ
1270 5435 1512 5508 Πρίσκος
1560 5436 1933 5511 ὑποπλησθεὶς

352 5526 622 5597 (ἠλέγχθη
654 5528 763 5595 γὰρ
790 5528 1070 5599 ἐν’βραχεί
1105 5529 1168 5583 τὸ
1196 5530 1592 5601 προσποιητὸν,
1628 5531 1726 5585 καὶ
1757 5531 1931 5585 ἀπέδυ

349 5621 443 5671 τὸν
473 5621 751 5686 κροκωτὸν
777 5623 809 5690 ἡ
833 5621 1018 5692 γαλῆ),
1051 5623 1270 5691 ῥάϐδοις
1291 5623 1390 5694 τὴν
1414 5624 1668 5696 μάρτυρα
1689 5623 1930 5697 βαρυτά-

350 5729 471 5776 vat;
490 5711 700 5766 κελεύει
721 5712 1044 5770 τύπτεσθαι.
1078 5713 1234 5769 Ἐπεὶ
1249 5714 1306 5769 δὲ
1325 5715 1688 5788 ραὁδιζομένη
1709 5714 1932 5771 καὶτῶν

425 5895 443 5924 ⁸
477 5891 620 5950 Psal.
646 5909 733 5965 ον,
757 5895 811 5950 2.
886 5895 908 5929 '
943 5893 1088 5950 Psal.
1117 5910 1262 5963 xxiv,
1295 5896 1345 5952 7.

2032 4713 2218 4784 potius
2251 4709 2418 4779 digna
2442 4703 2692 4774 lacrymis
2719 4702 2863 4772 apud
2890 4716 2984 4755 eos
3017 4701 3111 4769 qui
3163 4707 3310 4753 recte
3346 4694 3610 4757 sentiunt,
3699 4712 3703 4715 λ

2034 4813 2092 4860 et
2125 4804 2321 4858 timent
2347 4798 2660 4854 Dominum.
2696 4794 2886 4848 Ablata
2911 4806 3042 4861 ergo
3109 4803 3295 4849 scena,
3348 4795 3404 4839 et
3448 4798 3611 4853 agno,

2035 4911 2198 4968 quem
2227 4902 2344 4948 arte
2377 4888 2696 4958 suscepisti,
2753 4895 2807 4940 et
2873 4882 3123 4938 simulata
3160 4876 3611 4937 mansuetudine,

2035 4991 2219 5060 ipsum
2249 4985 2470 5041 solitum
2500 4981 2663 5035 nobis
2688 4978 2938 5032 Priscum
2990 4973 3242 5034 ostende,
3309 4985 3458 5032 cum,
3492 4983 3613 5037 quae

2033 5087 2120 5136 est
2144 5079 2191 5133 ei
2217 5085 2398 5147 grata,
2425 5071 2633 5128 saevitia
2668 5079 2724 5126 et
2755 5067 2982 5122 audacia
3018 5082 3032 5117 :
3062 5073 3118 5119 et
3177 5063 3267 5116 illa
3329 5061 3440 5120 fac,
3492 5073 3613 5128 qua:

2033 5179 2163 5227 sunt
2195 5169 2291 5224 tibi
2323 5168 2473 5222 cordi
2499 5165 2703 5228 facere,
2759 5169 2854 5216 aut
2913 5157 3117 5229 potius,
3168 5171 3291 5224 quae
3349 5153 3614 5224 magister

2031 5273 2089 5320 et
2136 5271 2441 5333 praeceptor
2457 5268 2586 5314 tuus
2625 5256 2721 5312 tibi
2767 5254 3012 5324 suggerit
3047 5249 3317 5304 diabolus.

2100 5438 2470 5497 XV.Priseus
2507 5445 2732 5509 propter
2778 5433 2895 5488 haec
2985 5431 3064 5485 ira
3119 5427 3362 5499 repletus
3436 5421 3610 5495 (brevi

2029 5535 2176 5590 enim
2224 5532 2570 5604 deprehensa
2627 5529 2730 5584 fuit
2802 5524 3098 5589 simulatio,
3169 5531 3224 5576 et
3271 5519 3395 5576 felis
3459 5517 3614 5572 exu'it

2031 5625 2341 5694 crocoton),
2361 5623 2518 5694 jubet
2541 5629 2837 5690 martyrem
2861 5615 3028 5688 virgis
3087 5611 3367 5701 verberari
3397 5607 3614 5678 gravis-

2033 5715 2210 5774 simis.
2241 5715 2378 5772 Cum
2402 5720 2585 5769 autem
2617 5709 2786 5781 virgis
2815 5722 2979 5774 caesa,
3044 5696 3239 5775 plagas
3278 5700 3441 5758 simul
3480 5696 3608 5753 irri-
