4002 6510
349 514 472 582 733

371 664 1470 697 ——————_—————————r~

1200 518 1673 583 MARTYRIUM
1713 522 1775 583 S.
1816 520 2203 586 TROPHIMI
2244 522 2341 585 ET
2381 524 2790 592 SOCIORUM.

1848 680 2062 698 ᾙ

977 824 1612 920 ΜΑΡΤΥΡΙΟΝ
1682 831 1912 919 ΤΩΝ
1983 830 2323 924 ΑΓΙΩΝ
2392 826 2986 926 ΜΑΡΤΥΡΩΝ

1519 1060 2449 1241 ΤΡΟΦΙΜΟΥ)

668 1365 1516 1487 ΣΑΒΒΑΤΙΟΥ
1621 1368 1902 1484 ΚΑΙ
2028 1370 3301 1497 ΔΟΡΥΜΕΔΟΝΤΟΣ.

1093 1827 1828 1922 MARTYBIUM
1923 1831 2082 1923 SS.
2204 1830 2881 1926 MARTYBUM

1468 2092 2412 2250 TROPHIMI
2459 2202 2512 2294 ,

824 2424 1474 2541 SABBATII
1631 2431 1815 2543 ET
1957 2420 3149 2546 DORYMEDONTIS.

549 2647 740 2714 (Greca
759 2661 890 2701 nunc
910 2651 1121 2714 primum
1142 2648 1388 2714 prodeunt
1408 2662 1470 2702 ex
1636 2664 1729 2703 ms.
1751 2649 1911 2703 Paris.
1936 2663 1987 2702 υ.
2017 2649 2162 2712 1492;
2190 2648 2364 2701 Latina
2387 2650 2545 2701 edidit
2570 2649 2748 2711 Serius
2766 2650 2828 2702 ad
2849 2652 2982 2702 diem
3017 2649 3076 2702 19
3097 2649 3454 2715 Septembris.)

436 3061 517 3120 A'.
542 3062 756 3134 Πρόῦου
812 3061 906 3116 τοῦ
939 3059 1236 3126 δυσσεϐοῦς
1262 3059 1323 3114 τδ
1352 3059 1625 3131 βασίλειον
1661 3059 1943 3131 σκῆπτρον
1973 3110 1977 3120 ς

2121 3058 2166 3115 1.
2197 3059 2365 3131 lmpio
2385 3060 2563 3117 Probo
2606 3068 2825 3116 tenente
2860 3071 3072 3131 sceptra
3106 3059 3316 3131 imperii
3355 3058 3630 3116 Romano-

374 3156 672 3229 Ῥωμαίοις
694 3156 996 3222 διέποντος,
1015 3156 1115 3226 τὴν
1139 3154 1250 3211 τῶν
1282 3153 1551 3227 βικαρίων
1571 3152 1770 3226 ἀρχὴν,
1801 3155 1946 3209 κατὰ

362 3246 463 3318 τὴν
518 3247 851 3317 Ἀντιόχειαν
889 3245 1134 3310 Ἀττικὸς
1167 3247 1365 3319 ἤνυεν*
1391 3246 1450 3300 δν
1483 3246 1658 3315 δήπου
1694 3246 1789 3300 καὶ
1818 3245 1949 3299 ἐκά-

361 3338 493 3392 λουν
530 3338 875 3408 Ἦλιόδωρον.
903 3339 1026 3393 Τῶν
1068 3338 1359 3408 γενεθλίων
1384 3337 1440 3391 δὲ
1472 3337 1818 3410 φθοροποιῶν
1853 3354 1948 3406 γε·

363 3430 607 3501 νομένων
633 3429 726 3484 τοῦ
757 3428 1029 3499 Δαφναίου
1076 3428 1446 3494 Ἀπόλλωνος,
1469 3430 1503 3499 ἡ
1527 3427 1627 3498 μὲν
1671 3426 1948 3499 Ἀντιόχου

363 3524 426 3576 ἐν
452 3523 668 3594 κρότοις
694 3523 790 3575 καὶ
833 3521 1032 3592 μέθαις
1072 3522 1164 3574 καὶ
1197 3520 1413 3584 Θυσίαις
1447 3521 1540 3575 καὶ
1575 3520 1788 3591 κώμοις
1835 3520 1948 3587 διη-

366 3614 617 3684 μέρευεν·
648 3614 770 3669 κατ’
803 3613 1019 3685 ἑκείνην
1043 3613 1102 3667 δὲ
1155 3613 1256 3684 τὴν
1285 3613 1507 3683 ἡμέραν
1551 3611 1612 3676 ἐξ
1643 3612 1950 3682 ἀλλοδαπῆς

250 3678 265 3707 ι
365 3678 695 3769 ἰπνιστάντες
720 3678 1000 3776 Τρόφιμος
1029 3705 1126 3760 καὶ
1168 3678 1491 3768 Σαϐϐατιος,
1518 3704 1711 3774 ἄνδρες
1763 3678 1948 3757 θεοσε-

364 3797 483 3861 6εῖς
539 3800 633 3850 καὶ
685 3798 786 3868 τῆς
840 3796 1101 3868 ἀληθείας
1165 3796 1560 3868 προσκυνηταὶ,
1604 3796 1738 3849 ὅπου
1767 3794 1825 3848 δὲ
1855 3795 1950 3847 καὶ

366 3890 598 3960 φανεροὶ
628 3891 730 3959 τὴν
782 3889 1181 3957 εύσέδειαν,ὡ;
1215 3889 1553 3961 τηλικαύτην
1602 3888 1714 3941 τῶν
1758 3887 1948 3958 ψυχῶν

365 3981 750 4052 αἰχμαλωσίαν
776 3981 1092 4037 ἐθεάσαντο.
1116 3978 1257 4052 βαρύ
1287 3997 1337 4035 τι
1369 3980 1465 4034 καὶ
1516 3980 1805 4053 ἐγκάρδιον
1833 3997 1953 4034 στε-

364 4072 536 4138 νάξας
567 4071 597 4124 ό
622 4072 922 4142 Τρόφιμος,
959 4073 1020 4125 '0
1048 4071 1202 4136 Θεὸς,
1234 4070 1511 4140 ἐνεϐόησε,
1545 4073 1611 4141 τῇ
1650 4073 1802 4140 φωνῇ
1849 4087 1948 4124 κε-

370 4166 545 4237 ράσας
577 4164 671 4219 καὶ
701 4163 939 4234 δάκρυον
962 4203 978 4226 ,
1007 4164 1035 4215 ό
1054 4163 1199 4231 λόγῳ
1223 4163 1321 4233 μὲν
1343 4162 1403 4215 τὸ
1430 4163 1538 4215 πᾶν
1568 4164 1631 4214 ὲκ
1666 4160 1743 4232 μὴ
1775 4159 1947 4214 ὄντων

370 4257 863 4328 ᾐποστησάμενος,
922 4255 1015 4307 τὸν
1062 4252 1350 4327 ἄνθρωπον
1383 4252 1440 4306 δὲ
1476 4249 1597 4305 κατ’
1629 4251 1814 4304 εἰκόνα
1850 4248 1950 4322 σὴν

367 4350 518 4421 χειρὶ
545 4347 724 4419 οἰκείᾳ
747 4346 1187 4417 δημιουργήσας,
1222 4344 1389 4407 αὐτὸς
1424 4342 1577 4397 ἔπιδε
1611 4343 1704 4395 καὶ
1729 4342 1825 4395 νῦν
1852 4342 1949 4394 καὶ⁹

367 4440 470 4509 τῆς
518 4439 615 4493 τοῦ
653 4437 1039 4508 ἀντικειμένου
1081 4434 1267 4506 χειρὸς
1297 4435 1495 4493 αὐτοὺς
1530 4432 1948 4501 ὲξελοῢ.Ταῦτα

364 4532 398 4585 ό
428 4532 707 4603 Τρόφιμος
755 4529 911 4598 ἔλεγε
963 4528 1101 4599 πρὸς
1135 4529 1228 4581 τὸν
1259 4527 1391 4580 Θεόν
1412 4543 1426 4558 ·
1454 4528 1551 4580 καὶ
1592 4524 1952 4589 συλλαϐόντες

366 4624 564 4687 αὐτούς
619 4640 767 4700 τινες
837 4621 948 4676 τῶν
988 4619 1355 4692 Ἑλληνιστῶν
1407 4620 1603 4689 ἄγουσι
1651 4619 1804 4690 παρὰ
1858 4619 1952 4672 τὸν

367 4716 644 4788 βικάριον.
672 4713 787 4769 Καὶ
824 4711 883 4776 ὃς
914 4711 1060 4765 κατὰ
1078 4708 1373 4780 προσώπου
1403 4708 1628 4771 τούτους
1655 4724 1942 4778 παραστηι

365 4810 605 4880 σάμενος
637 4808 872 4878 διίστησι
899 4805 997 4875 μὲν
1022 4802 1118 4858 τοῦ
1153 4802 1321 4855 τόπου
1343 4800 1505 4865 εὐθὺς
1540 4801 1636 4854 ἀπ’
1665 4799 1912 4870 ἀλλήλων
1931 4800 1969 4831 ι’

362 4902 457 4965 οὓς
486 4903 586 4955 οὐκ
615 4896 685 4973 ἦν
722 4898 1011 4965 διαστῆσαι
1038 4894 1115 4966 τῷ
1145 4888 1417 4964 πνε⁹ύματι
1438 4908 1452 4921 °
1489 4893 1743 4963 ἐπερωτᾷ
1771 4892 1827 4944 δὲ
1856 4890 1948 4944 τοῦ

364 4994 655 5065 Τροφίμου
700 4990 971 5062 πρότερον
1010 4987 1229 5056 κλῆσιν,
1271 4986 1366 5040 καὶ
1414 4984 1606 5055 τύχην,
1641 4985 1735 5038 καὶ
1764 4985 1948 5037 ὁποῖον

362 5085 517 5157 αὑτῷ
539 5085 598 5138 τὸ
622 5083 807 5147 σέϐας.
837 5081 899 5135 '0
931 5081 987 5135 δὲ
1013 5080 1186 5143 δεινὸς
1205 5077 1363 5148 ἀνὴρ,
1393 5078 1605 5144 Ὀνομα
1634 5075 1946 5145 μὲν,ἐλεγε,

362 5179 427 5245 τρ
458 5177 589 5245 ἐμὸν
630 5175 689 5242 ἐξ
733 5172 904 5240 αὐτῆς
956 5173 1228 5239 γενέσεως
1273 5168 1554 5240 Τρόφιμος
1581 5184 1595 5196 ·
1629 5166 1855 5238 εὐγενὴς
1890 5166 1949 5222 δὲ

361 5268 441 5323 ὣν
468 5263 564 5320 ἀπ’
613 5264 787 5336 ἀρχῆς
837 5262 1122 5331 ἐλεύθερος
1153 5258 1456 5329 ὲδουλὼθην
1482 5259 1544 5323 ἑξ
1581 5257 1844 5330 ἐπηρείας
1875 5260 1939 5329 τῇ

360 5358 647 5431 ἁμαρτίᾳ·
694 5355 829 5410 ἀλλὰ
873 5353 953 5425 τῷ
982 5352 1076 5406 τοῦ
1110 5352 1246 5423 ἐμοῦ
1297 5350 1503 5422 Κυρίου
1534 5350 1697 5404 πάλιν
1749 5348 1945 5421 βαπτί-

365 5469 558 5522 σματι.
607 5450 708 5519 τὴν
750 5447 973 5519 πρώτην
997 5446 1214 5517 ἐκείνην
1239 5445 1520 5515 εὐγένειαν
1552 5444 1648 5497 καὶ
1664 5443 1763 5514 τὴν
1792 5444 1946 5496 ἐλευ-

362 5546 421 5599 Os
431 5544 553 5611 ρίαν
592 5542 887 5596 ἀπέλαϐον.

2048 3170 2193 3217 rum,
2229 3155 2417 3210 vicarii
2443 3155 2759 3227 magistratu
2806 3153 3109 3209 Antiochiae
3144 3153 3469 3226 fungebatur
3490 3154 3632 3208 Atti-

2048 3262 2168 3313 cus,
2182 3263 2345 3319 quem
2372 3248 2538 3303 etiam
2567 3246 2835 3302 vocabant
2860 3246 3211 3301 Heliodorum
3234 3245 3481 3317 (l).Cum
3504 3230 3632 3314 per-

2049 3351 2304 3412 ageretur
2344 3350 2527 3397 autem
2563 3340 2797 3396 exitialis
2818 3340 3012 3394 natalis
3042 3339 3301 3408 Daphnaei
3326 3338 3592 3409 Apollinis
3614 3374 3635 3404 ,

2049 3432 2339 3489 Antiochia
2368 3432 2611 3502 quidem,
2644 3440 2705 3487 ut
2747 3440 2831 3487 est
2861 3441 3311 3495 consentaneum,
3339 3431 3394 3484 in
3441 3430 3624 3500 tripu-

2050 3524 2176 3590 diis,
2199 3523 2560 3579 ebrietatibus
2594 3531 2650 3577 et
2698 3521 2987 3578 sacriﬁciis
3039 3532 3221 3577 totum
3255 3522 3399 3576 diem
3430 3521 3632 3576 transi-

2049 3617 2232 3688 gebat.
2263 3616 2359 3672 lllo
2382 3625 2565 3670 autem
2600 3614 2689 3670 die
2722 3630 2786 3669 ex
2816 3622 3042 3669 externa
3079 3614 3297 3683 regione
3328 3614 3630 3668 advenien-

2052 3719 2133 3764 tes
2169 3707 2502 3778 Trophitnus
2528 3718 2582 3761 et
2619 3704 2933 3770 Sabbatius,
2968 3704 3068 3759 viri
3093 3705 3169 3775 pii
3218 3712 3272 3759 et
3308 3704 3631 3761 adoratores

2052 3800 2317 3862 veritatis,
2348 3797 2441 3855 sed
2463 3813 2693 3868 quorum
2714 3797 2959 3851 nondum
2984 3804 3100 3851 erat
3123 3795 3409 3850 manifesta
3428 3795 3625 3864 pietas,

2050 3909 2174 3949 cum
2210 3892 2516 3947 animarum
2574 3898 2777 3945 tantam
2837 3888 3183 3960 aspexissent
3225 3886 3627 3955 captivitatem,

2049 3983 2286 4056 graviter
2314 3991 2369 4038 et
2396 3997 2465 4037 ex
2510 3981 2620 4036 imo
2657 3989 2877 4051 pectore
2918 3979 3202 4049 suSpirans
3232 3975 3567 4047 TrOphimus
3609 3994 3623 4031 :

2052 4076 2217 4141 Deus,
2241 4072 2563 4130 exclamavit
2592 4072 2732 4142 (voci
2756 4085 2979 4142 quoque
3003 4068 3306 4125 commistis
3326 4069 3629 4141 lacrymis),

2049 4169 2140 4240 qui
2178 4167 2344 4221 verbo
2378 4165 2598 4237 quidem
2621 4181 2686 4221 ex
2717 4164 2784 4219 iis
2810 4179 2931 4234 quae
2960 4178 3070 4217 non
3097 4171 3281 4227 erant,
3309 4161 3625 4218 universum

2050 4260 2406 4327 constituisti,
2461 4259 2734 4312 hominem
2775 4265 2955 4312 autem
3013 4255 3081 4310 ad
3144 4253 3432 4326 imaginem
3478 4262 3626 4308 tuam

2051 4351 2270 4423 propria
2316 4365 2480 4405 manu
2512 4364 2572 4404 es
2610 4347 2929 4412 fabricatus,
2972 4354 3028 4400 tu
3078 4343 3315 4415 benigne
3355 4358 3500 4399 nunc
3542 4358 3632 4398 as.-

2052 4445 2203 4514 pice,
2242 4451 2297 4497 et
2330 4443 2482 4511 eripe
2522 4441 2657 4495 istos
2707 4454 2738 4493 a
2779 4454 2945 4493 manu
2980 4436 3301 4493 adversarii.
3356 4434 3479 4492 Haec
3518 4435 3630 4492 Deo

2050 4536 2188 4592 dixit
2209 4532 2557 4603 Trepbimus.
2585 4531 2831 4601 Repente
2856 4539 3039 4585 autem
3070 4545 3197 4584 eum
3222 4544 3346 4583 cum
3371 4526 3631 4584 Sabbatio

2049 4626 2523 4695 comprehendunt
2569 4623 2790 4692 quidam
2837 4637 2903 4677 ex
2960 4622 3280 4693 gentilibus,
3326 4631 3382 4675 et
3419 4620 3633 4675 ducunt

2049 4722 2117 4776 ad
2144 4718 2430 4774 vicarium.
2463 4716 2565 4783 Qui
2607 4731 2730 4772 cum
2762 4731 2886 4771 eum
2913 4728 3098 4770 coram
3151 4722 3402 4770 curasset
3431 4712 3634 4768 sisten-

2050 4814 2202 4876 dum,
2229 4810 2351 4866 loco
2370 4808 2588 4879 quidem
2609 4808 2790 4862 statim
2816 4814 3038 4875 separat
3059 4821 3089 4859 a
3119 4820 3180 4860 se
3210 4804 3472 4869 invicem,
3492 4818 3633 4873 quos

2049 4921 2161 4960 non
2191 4911 2405 4974 poterat
2439 4900 2632 4972 spiritu
2671 4898 2985 4969 seiungere.
3032 4896 3204 4968 Regat
3250 4905 3433 4950 autem
3474 4894 3631 4964 prius

2050 4993 2431 5064 Trophimum,
2483 4989 2761 5059 quodnam
2800 4998 2949 5043 esset
2977 4987 3027 5042 ei
3079 5001 3301 5048 nomen,
3342 4998 3471 5054 quae.
3503 4986 3631 5040 vita:

2049 5085 2288 5142 conditio
2317 5093 2369 5140 et
2395 5100 2516 5154 quae
2541 5082 2752 5153 religio.
2785 5081 2876 5137 Vir
2911 5090 3095 5136 autem
3124 5079 3345 5136 divinus
3370 5095 3384 5134 :
3412 5078 3629 5134 Nomen

2050 5180 2269 5251 quidem
2295 5181 2511 5246 jmeum,
2540 5177 2696 5239 dixit,
2724 5175 2794 5230 ab
2828 5177 2948 5244 ipso
2977 5183 3101 5229 ortu
3144 5184 3228 5228 est
3269 5170 3626 5242 Trophimus.

2052 5272 2188 5328 Cum
2221 5287 2349 5325 vero
2376 5271 2444 5323 ab
2480 5270 2635 5323 initio
2668 5268 2939 5339 ingenuus
2969 5281 3148 5321 essem
3179 5274 3235 5320 et
3260 5264 3401 5319 liber
3445 5271 3630 5330 natus,

2057 5380 2165 5419 non
2207 5364 2325 5419 sine
2369 5362 2571 5431 probro
2605 5368 2661 5415 et
2701 5360 2972 5415 dedecore
3015 5357 3179 5413 servii
3220 5362 3483 5427 peccato;
3530 5354 3630 5410 sed

2056 5471 2248 5512 rursus
2278 5453 2384 5508 mei
2417 5451 2619 5509 Christi
2652 5452 2978 5522 baptismate
3010 5438 3190 5520 fecepi
3219 5448 3453 5519 primam
3482 5445 3630 5502 illam

2058 5548 2445 5620 ingenuitatem
2481 5554 2537 5602 el.
2573 5545 2904 5600 libertatem.

442 5637 516 5695 B’.
562 5641 673 5695 Καὶ
700 5641 729 5693 ό
763 5639 1033 5711 βικάριος,
1069 5636 1207 5691 Τίνα
1241 5636 1376 5706 γοῦν
1427 5634 1620 5706 τιμᾷς,
1657 5631 1785 5704 ἔφη,
1812 5631 1944 5703 θρη-
1975 5640 1977 5658 ¹

2122 5616 2197 5695 ll.
2224 5639 2471 5694 Vicarius
2507 5652 2635 5691 vero
2664 5651 2682 5689 :
2725 5634 3028 5700 Quamnam
3064 5642 3273 5698 autem,
3310 5628 3510 5702 inquit,
3546 5643 3634 5685 se-

445 5821 523 5885 (Il
548 5820 710 5875 Probi
742 5819 966 5887 Augusti
999 5817 1355 5890 temporibus,
1382 5815 1844 5890 licetpersccutio
1874 5814 1943 5872 ab

367 5891 665 5947 Aureliano
719 5891 772 5943 in
819 5886 1162 5945 Christianos
1203 5889 1403 5943 indicta
1435 5886 1933 5957 quieverit,tamen

367 5960 695 6027 Antiochiae,
733 5962 915 6017 furore
942 5959 1240 6029 Heliodori,
1274 5958 1530 6016 vicariam
1559 5959 1934 6029 praefecturam

2052 5818 2314 5896 gerentis,
2340 5822 2393 5876 in
2418 5819 2461 5874 Τ
2466 5818 2799 5896 rophitnum.
2819 5826 2873 5872 et
2897 5814 3218 5896 Sabnbatiutn
3265 5811 3629 5896 novanoblata

2052 5882 2360 5959 occasione,
2405 5882 2704 5956 recruduit,
2731 5885 2799 5943 ιη’
2819 5897 2972 5943 notat
2995 5885 3258 5941 Barouius
3287 5898 3379 5939 an.
3406 5882 3505 5938 28!
3524 5920 3539 5936 .
