4002 6446
389 408 497 479 ⁸735

1643 408 1931 472 MENSIS
1969 407 2263 470 SEPTEM
2275 409 2446 472 BER.

3581 412 3688 480 736

390 526 582 599 queris
601 521 966 595 religionem?
996 521 1116 577 Jam
1137 519 1362 591 quidem
1387 517 1521 588 dixi,
1543 522 1724 592 inquit
1747 516 1989 590 Terhi-

2106 521 2280 574 rxeiav
2299 519 2463 593 ;'H6q
2491 519 2612 592 μὲν,
2639 520 2806 594 φησὶν
2824 521 2852 577 6
2874 523 3178 596 Τρόφιμος,
3198 518 3375 591 εἶπον,
3403 523 3482 579 ἔτι
3507 525 3686 593 σαφές

392 635 537 676 mus.
565 616 672 672 Sed
715 615 842 671 audi
873 615 1054 670 adhuc
1081 614 1328 684 apertius
1356 613 1394 683 I:
1437 612 1571 668 Sum
1617 612 1986 678 Christianus,

313 697 322 706 ⁷
392 711 598 768 Christi
648 720 876 774 Servus;
918 717 973 763 et
1008 706 1220 762 utinam
1259 705 1465 762 Christi
1521 721 1700 762 essem
1741 707 1987 760 victima.

395 803 487 858 Ille
515 810 697 856 autem
727 817 740 854 :
780 800 1062 870 Hospesne
1086 815 1165 866 es,
1204 800 1401 869 inquit,
1440 815 1510 854 an
1559 799 1857 870 indigena?
1888 800 1991 854 Ho-

393 907 540 962 spes,
573 891 663 959 qui
692 898 811 944 erat
839 905 968 944 vere
994 890 1179 944 mundi
1208 891 1433 959 hospes,
1470 891 1772 960 respondit.
1828 888 1992 960 Legi-

339 1029 358 1052 .
392 982 481 1047 sti,
517 981 712 1051 inquit,
748 994 974 1051 praeses,
994 982 1486 1052 quaazimperatoria
1513 982 1760 1037 decfevnt
1789 991 1991 1053 poten-

393 1075 506 1130 tia?
535 1074 688 1144 Legi,
723 1075 901 1144 inquit
935 1073 1296 1145 Trophimus;
1316 1075 1411 1130 sed
1433 1077 1550 1131 haec
1579 1075 1719 1131 nihil
1746 1076 1812 1132 ad
1843 1089 1988 1142 nos;

392 1181 520 1222 nam
557 1168 700 1222 inter
731 1169 1040 1223 daemonum
1068 1169 1452 1238 deceptionem
1485 1179 1542 1224 et
1563 1170 1823 1240 pietatem
1848 1167 1995 1224 mul-

393 1268 510 1314 tum
543 1259 771 1315 interest
806 1277 821 1317 :
857 1268 916 1315 et
942 1269 1176 1325 tantum,
1209 1269 1498 1331 quantum,
1532 1261 1873 1325 utarbitror,
1910 1260 1994 1317 in-

395 1360 476 1407 ter
503 1351 726 1407 diemet
750 1362 988 1408 noctem.
1038 1351 1166 1409 Hinc
1214 1353 1294 1408 ira
1347 1354 1560 1423 replent
1587 1353 1992 1418 Heliodorum;

392 1456 449 1502 et
471 1445 657 1500 statim
700 1445 858 1515 jubet
899 1461 1026 1500 eum
1081 1446 1372 1510 nudatum,
1409 1460 1439 1500 a
1477 1453 1716 1518 quatuor
1763 1447 1992 1504 extendi

393 1547 451 1594 et
482 1538 757 1594 verberari
799 1539 1208 1595 vehementius.
1255 1541 1436 1610 Atque
1481 1541 1531 1597 ei
1574 1541 1820 1612 quidem,
1875 1541 1994 1598 fera

393 1628 587 1697 quavis
629 1628 906 1684 crudelius
946 1644 1151 1700 corpus
1190 1629 1418 1701 ﬂagellis
1459 1633 1789 1698 exedebant,
1840 1633 1994 1689 illine

395 1731 579 1776 autem
614 1721 845 1776 ﬂuentes
866 1721 967 1778 rivi
1003 1722 1289 1795 sanguinis
1321 1723 1633 1793 subjectum
1662 1723 1839 1780 solum
1863 1733 1994 1781 ante

396 1813 702 1869 reddebant
733 1829 1107 1884 purpureum;
1151 1825 1208 1870 et
1233 1815 1456 1871 interim
1483 1834 1497 1871 :
1526 1816 1810 1884 Sacriﬁca,
1848 1817 1994 1872 infe-

397 1907 490 1970 iix.
535 1907 754 1963 dicebat
802 1907 1153 1971 Heliodorus,
1207 1925 1388 1980 neque
1426 1909 1741 1964 maledictis
1775 1909 1995 1966 incesse

395 2001 528 2057 deos
565 2011 621 2056 et
679 2003 1092 2072 imperatorem.
1142 2003 1301 2058 Anne
1357 2019 1553 2059 carnes
1604 2003 1826 2072 quidem
1871 2013 1996 2060 tuas

395 2096 550 2149 vides
587 2095 849 2165 paulatim
896 2096 1118 2150 dissolvi
1183 2105 1242 2150 et
1279 2095 1564 2150 diﬂluerc?
1611 2096 1705 2150 ille
1757 2106 1989 2152 autem:

397 2187 496 2250 'l‘e,
522 2188 723 2257 inquit,
754 2188 1000 2252 intuens,
1026 2188 1198 2259 magis
1229 2188 1496 2242 misereor
1532 2197 1639 2243 tuas
1669 2189 1994 2245 calamitatis

397 2280 542 2347 quod
568 2295 690 2333 cum
723 2280 797 2333 sis
830 2280 1016 2344 homo,
1047 2279 1220 2333 habes
1249 2277 1489 2332 animam
1533 2279 1668 2332 feris
1717 2278 1997 2348 agrestio—

401 2390 537 2436 rem,
563 2375 767 2429 nullam
794 2375 846 2428 in
882 2383 1028 2428 tuam
1058 2374 1442 2444 cognationem
1476 2373 1777 2428 ostendens
1805 2373 1999 2428 huma-

398 2469 652 2524 nitatem.
700 2469 811 2539 Ego
861 2477 1046 2522 autem
1094 2465 1372 2535 quomodo
1422 2466 1575 2535 potui
1631 2465 1839 2520 Christi
1887 2467 1998 2520 mei

399 2562 601 2616 virtute
650 2560 793 2615 ferre
832 2561 1014 2631 plagas
1049 2559 1184 2614 citra
1218 2560 1549 2625 molestiam,
1593 2567 1651 2614 et
1685 2574 1809 2613 cum
1862 2574 1998 2631 gau-

397 2655 520 2717 dio;
561 2655 633 2710 ita
679 2655 845 2709 etiam
897 2653 1094 2708 borum
1150 2653 1528 2723 spectaculum
1574 2651 1832 2706 existimo
1875 2667 1998 2707 esse

397 2747 679 2804 oculorum
719 2747 962 2812 delicias,
1012 2762 1226 2810 eorum,
1262 2762 1386 2816 quae
1443 2756 1758 2817 sperantur,
1795 2761 1996 2815 exSpe-

397 2842 635 2897 ctatione
657 2855 878 2896 sensum
906 2840 1154 2894 dolorum
1185 2839 1496 2894 auferente.
1532 2839 1602 2892 Et
1625 2837 1830 2908 alioqui
1881 2838 2001 2890 ani-

399 2948 542 2986 mam
578 2931 683 2986 scit
715 2946 1021 3002 expurgare
1060 2931 1129 2984 ab
1160 2931 1310 2984 omni
1349 2929 1560 2984 macula
1609 2929 1700 2984 hic
1745 2929 1994 2999 sanguis,

399 3026 492 3096 qui
543 3036 768 3095 propter
801 3025 1086 3079 Christum
1125 3024 1448 3089 ellunditur,
1477 3024 1570 3093 qui
1612 3032 1698 3078 est
1724 3024 1775 3077 ei
1822 3023 1997 3077 veluti

398 3118 672 3190 quoddam
706 3117 950 3172 divinum
979 3117 1278 3170 lavacrum.
1308 3114 1437 3170 llaec
1468 3131 1592 3170 cum
1626 3116 1680 3169 in
1717 3117 1835 3186 ipso
1864 3125 2002 3170 tem-

2093 629 2288 684 στερον
2351 613 2520 668 ἄκουε
2551 628 2567 644 ⁸
2616 615 2948 686 Χριστιανός
2989 617 3131 688 είμι,
3181 617 3422 686 Χριστοῦ
3475 616 3685 686 δοῦλος,

2089 703 2332 776 Χριστοῦ
2361 705 2594 775 σφάγιον
2623 707 2835 776 γένοιτό
2861 710 2986 778 pm!
3026 707 3086 762 '0
3110 709 3188 776 δέ,
3212 710 3374 774 Ξένος
3391 707 3460 773 εἷ,
3489 711 3683 778 φησὶν,

2090 796 2124 868 ἦ
2177 797 2509 868 ἐπιχώριος;
2543 799 2725 864 Ξίνος,
2752 801 2780 853 ὀ
2830 798 2928 854 τοῦ
2978 800 3188 869 κόσμου
3230 799 3407 866 ξένος,
3447 802 3522 865 ὼς
3556 801 3692 872 ἀλη⁴

2093 889 2228 956 θῶς,
2284 891 2646 961 ἀπεκρίνατο.
2723 893 3020 961 ’Δνέγνως,
3078 889 3234 947 εἶπεν
3268 896 3296 947 ὀ
3335 893 3542 964 ἄρχων,
3577 895 3607 948 ὃ
3639 911 3692 946 τι

2093 982 2378 1055 βασιλικὸν
2407 984 2663 1039 ἐθέσπισε
2701 985 2937 1057 κράτος;
2985 985 3281 1054 Ἀνέγνων,
3303 1005 3376 1057 φη
3388 989 3470 1041 σὶν
3500 988 3528 1040 6
3551 987 3695 1057 Τρό-

2093 1092 2285 1146 φιμος,
2317 1076 2432 1130 ἀλλ’
2464 1075 2619 1131 οὐδὲν
2663 1075 2838 1131 ταῦτα
2895 1078 3033 1150 πρὸς
3066 1079 3235 1149 ἡμᾶς.
3258 1079 3549 1147 Δαιμόνων
3581 1079 3695 1148 γὰρ

2093 1167 2313 1240 ἀπάτης
2343 1168 2440 1222 καὶ
2476 1166 2766 1230 εὐσεϐείας
2821 1167 2960 1222 πολὺ
2989 1168 3052 1222 τὸ
3085 1169 3274 1240 μέσον,
3316 1170 3411 1222 καὶ
3462 1169 3696 1222 τοσοῦτο

2092 1261 2240 1326 ὅσον,
2269 1255 2448 1330 οἶμαι,
2466 1261 2661 1326 νυκτὸς
2692 1259 2790 1314 καὶ
2849 1259 3026 1332 ἡλίου.
3071 1260 3273 1332 Ὀργῆς
3305 1263 3697 1331 ὑποπίμπλησι

2092 1353 2268 1408 ταῦτα
2280 1353 2372 1409 τὸν
2393 1350 2739 1424 Ἡλιόδωρον,
2760 1353 2859 1408 καὶ
2875 1353 3074 1410 αὐτίκα
3098 1352 3308 1410 κελεύει
3327 1351 3693 1422 γυμνωθέντα

2093 1445 2286 1501 τοῦτον
2343 1447 2409 1500 ἐκ
2451 1450 2736 1517 τεσσάρων
2797 1445 3149 1517 διαταθῆναι,
3185 1446 3283 1500 καὶ
3331 1445 3697 1513 σφοδρότερον

2093 1537 2419 1593 τύπτεσθαι.
2449 1537 2640 1608 Τούτῳ
2677 1537 2778 1609 μὲν
2809 1533 2904 1592 οὖν
2945 1537 3227 1608 ὠμότερον
3258 1537 3450 1608 θηρίου
3491 1535 3698 1600 παντὸς

2096 1632 2154 1685 αί
2185 1631 2450 1702 μάστιγες
2476 1633 2538 1686 τὸ
2570 1631 2734 1692 σῶμα
2757 1631 3058 1701 κατήσθιον
3079 1649 3091 1662 ·
3128 1634 3365 1702 αἵματος
3395 1631 3452 1685 δὲ
3484 1630 3697 1702 ρύακες

2096 1725 2310 1782 ἐκεῖθεν
2348 1726 2641 1797 φερόμενοι
2671 1724 2808 1797 πρὸς
2842 1725 3004 1797 βάθος
3040 1725 3352 1793 ἐφοίνισσον
3379 1723 3440 1777 τὸ
3465 1724 3699 1778 ὑποκεί-

2101 1835 2262 1890 μενον
2297 1818 2520 1889 ἔδαφοςο
2549 1819 2668 1886 καὶ,
2701 1815 2900 1884 Θῦσον,
2933 1819 2962 1871 6
2993 1818 3326 1888 Ἡλιόδωρος
3355 1819 3412 1870 ἐν
3445 1816 3699 1887 τοσούτῳ

2097 1909 2311 1979 ἔλεγεν,
2340 1910 2518 1972 ἄθλιε,
2547 1909 2686 1981 μηδὲ
2720 1909 2908 1974 κακῶς
2952 1910 3084 1978 λέγε
3121 1910 3248 1973 τοὺς
3284 1908 3442 1973 θεοὺς
3473 1909 3568 1962 καὶ
3598 1908 3701 1962 τὸν

2097 2001 2484 2074 αὐτοκράτορα
2511 2018 2528 2034 ο
2559 2001 2594 2072 ἢ
2621 2002 2744 2055 ούδέ
2774 2002 2874 2065 τὰς
2903 2001 3112 2065 οἰκείας
3145 2003 3356 2073 σάρκας
3394 2005 3527 2073 ὁρᾷς
3572 2001 3706 2055 λυο-

2102 2097 2270 2167 μένας
2293 2095 2614 2167 καταϐραχὺ
2643 2097 2738 2149 καὶ
2765 2095 3179 2168 ύπορῤεούσας;
3215 2095 3275 2148 'U
3297 2095 3374 2162 δὲ,
3400 2096 3466 2146 Σὲ
3492 2095 3704 2164 μᾶλλον

2099 2189 2262 2258 ὀρῶν,
2296 2188 2426 2257 ἔφη,
2451 2187 2672 2243 πλείονα
2692 2189 2791 2258 τῆς
2824 2190 3111 2259 συμφορᾶς
3155 2189 3254 2258 τῆς
3295 2189 3396 2258 σῆς
3425 2187 3702 2257 λαμὸά-.ω

2099 2281 2190 2334 τὸν
2217 2281 2366 2334 ἔλεον
2386 2297 2398 2309 ·
2429 2281 2580 2345 ὅπως
2613 2280 2903 2350 ἄνθρωπος
2931 2280 3006 2334 ὣν
3041 2280 3249 2351 θηρίων
3279 2280 3702 2350 ἀπεχθεστέραν

2101 2373 2248 2444 ἔχεις
2287 2373 2490 2443 ψυχὴν,
2521 2373 2798 2445 μηδεμίαν
2826 2374 2952 2444 περὶ
2981 2373 3044 2427 τὸ
3085 2373 3350 2443 συγγενὲς
3385 2373 3704 2445 φιλανθρω-

2101 2466 2232 2521 πίαν
2262 2466 2728 2536 ἐπιδεικνύμενος.
2760 2465 2917 2538 Ἐμοὶ
2944 2466 3001 2521 δὲ
3032 2466 3223 2538 ὥσπερ
3251 2467 3463 2537 ὑπῆρξε
3504 2471 3570 2540 τῇ
3597 2467 3699 2521 τοῦ

2102 2559 2240 2629 ἐμοῦ
2265 2558 2508 2630 Χριστοῦ
2543 2559 2777 2630 δυνάμει
2800 2560 2900 2625 τὰς
2933 2561 3152 2629 πληγὰς
3183 2559 3425 2624 ἀλύπους
3457 2561 3554 2614 καὶ
3599 2565 3701 2614 σὺν

2101 2651 2263 2723 ἡδονῇ
2295 2652 2504 2720 φέρειν,
2537 2651 2681 2705 οὕτω
2711 2654 2804 2706 καὶ
2847 2651 2946 2722 τὴν
2985 2654 3192 2705 τούτων
3223 2652 3372 2714 θέαν,
3401 2653 3707 2723 ὀφθαλμῶν

2101 2747 2315 2815 τρυφὴν
2347 2744 2602 2814 ἦγημαι,
2630 2744 2733 2813 τῆς
2764 2744 2874 2797 τῶν
2928 2745 3307 2816 ἐλπιζομένων
3343 2746 3702 2816 προσδοκέας,

2101 2838 2212 2891 τῶν
2271 2837 2473 2890 ὀδυνῶν
2524 2836 2866 2906 κλεπτούσης
2915 2839 3014 2907 τὴν
3073 2838 3368 2909 αἴσθησινο
3421 2839 3599 2901 ἀλλως
3634 2855 3699 2891 τε

2105 2931 2199 2985 καὶ
2229 2931 2516 3000 καθαιρεῖν
2546 2926 2656 2984 οἶδε
2697 2932 2912 3002 κηλίδος
2937 2932 3036 3001 τὴν
3057 2931 3238 3003 ψυχὴν
3269 2931 3487 3002 ἀπάσης
3541 2929 3712 2985 ταυτὶ

2103 3025 2172 3077 τὰ
2202 3023 2292 3076 διά
2324 3022 2562 3094 Χριστὸν
2612 3023 2845 3093 αἵματα,
2889 3024 3054 3076 οἱονεὶ
3106 3025 3332 3095 λουτρὸν
3385 3025 3524 3094 αὐτῇ
3559 3025 3708 3078 θεῖον

2106 3116 2397 3185 γενόμενα.
2427 3113 2618 3169 Ταῦτα
2647 3116 2840 3187 ἐπειδὴ
2864 3115 2996 3188 παρ’
3020 3117 3184 3170 αὐτὸν
3210 3117 3306 3169 τὸν
3331 3117 3431 3186 τῆς
3459 3117 3709 3187 βασάνου

401 3227 535 3278 pore
568 3209 821 3265 tormenti
857 3209 991 3264 vidit
1014 3209 1254 3263 vicarius
1281 3208 1764 3279 philosophantem
1791 3218 1994 3280 marty-

2107 3207 2302 3278 καιρὸν
2336 3209 2363 3260 ὀ
2397 3207 2648 3279 βικάριος
2707 3211 3112 3280 φιλοσοφοῦντα
3160 3209 3269 3265 εἶδε
3297 3213 3388 3265 τὸν
3425 3213 3709 3284 μάρτυρα,

401 3320 538 3367 rem,
575 3318 698 3358 eum
725 3303 944 3373 quidem
979 3302 1034 3356 in
1065 3301 1354 3372 prmsentia
1384 3301 1580 3370 punire
1610 3304 1801 3356 statuit
1829 3301 2004 3356 inter-

400 3399 625 3452 mittere
652 3441 666 3464 ,
695 3395 956 3451 suasione
983 3405 1170 3470 autem
1197 3395 1381 3464 potius
1412 3410 1538 3448 eum
1575 3393 1795 3466 aggredi
1829 3404 1882 3449 ct
1906 3395 2004 3451 ad-

399 3487 830 3546 hortationibus.
985 3490 989 3494 '

472 3581 558 3638 111.
589 3580 726 3636 Cum
760 3579 946 3648 itaque
972 3592 1098 3634 eum
1129 3586 1379 3633 curaSSet
1417 3593 1602 3632 coram
1645 3579 1765 3650 ipso
1791 3579 1998 3635 sistcnr

396 3677 530 3732 dum
570 3695 583 3730 :
617 3674 729 3728 Diis
757 3671 1024 3737 sacriﬁca,
1061 3671 1303 3738 dicebat,
1336 3669 1674 3744 Trophime;
1703 3672 1906 3744 alioqui
1948 3683 2004 3730 te

399 3772 469 3827 ad
493 3768 808 3842 Dionysium
835 3765 1192 3829 Pcrcnnium,
1235 3763 1480 3836 Phrygiae
1514 3764 1778 3820 Salutaris
1810 3767 2005 3833 praesi-

401 3867 550 3931 dem,
575 3862 968 3919 transmittam.
998 3861 1128 3914 Erat
1153 3859 1298 3914 enim
1330 3859 1377 3914 is
1401 3861 1724 3916 crudelitate
1751 3861 2001 3934 insignis.

399 3959 520 4014 Non
557 3973 678 4013 mea
715 3954 907 4020 refert,
938 3953 1117 4024 inquit
1149 3952 1506 4022 Trophimus,
1547 3970 1576 4007 a
1629 3964 1776 4017 lcne,
1815 3971 1882 4009 an
1935 3957 2005 4011 ab

401 4053 495 4109 illo
546 4050 850 4105 interimar.
886 4046 1021 4101 Nam
1050 4063 1147 4101 seu
1177 4046 1532 4111 Heliodorus,
1565 4062 1659 4101 seu
1708 4046 2006 4119 Dionysius

400 4157 492 4200 me
520 4141 732 4212 puniat,
761 4137 951 4192 eadem
979 4153 1124 4192 mors
1146 4154 1231 4192 me
1256 4144 1461 4190 manet.
1487 4135 1632 4189 idem
1658 4137 1804 4190 enim
1829 4147 1911 4191 est
1943 4154 2006 4190 u-

405 4236 614 4304 trisque
659 4246 859 4302 seopus
896 4243 951 4286 et
982 4229 1314 4293 institutum,
1363 4227 1561 4299 punire
1605 4237 1660 4282 ct
1705 4229 1772 4282 de
1827 4229 2006 4283 medio

405 4330 596 4385 tollere
630 4341 746 4388 eos.
792 4323 885 4394 qui
928 4323 1341 4379 constituerunt
1381 4323 1562 4376 colere
1600 4321 1881 4392 pietatem.
1910 4322 2007 4382 llis

337 4439 346 4452 κ
407 4418 766 4474 vehementer
787 4422 1101 4466 commotus
1133 4411 1484 4473 Heliodorus.
1509 4412 1564 4464 in
1593 4412 1740 4483 ligno
1765 4428 2004 4482 suspen-

409 4509 491 4566 dit
523 4507 907 4578 Tropbimum,
949 4513 1006 4558 et
1047 4520 1174 4558 eum
1219 4503 1694 4558 circumsistentes
1747 4505 2005 4574 protinus

2107 3303 2168 3355 τὸ
2201 3302 2300 3372 μὲν
2343 3302 2600 3367 κολάζειν
2652 3305 2711 3357 ἐν
2749 3303 2828 3374 τῷ
2891 3304 3119 3375 παρόντι
3152 3305 3476 3359 καταλιπεῖν
3521 3305 3709 3374 ἔγνω,

2109 3396 2291 3449 πειθοῖ
2319 3394 2376 3447 δὲ
2408 3395 2612 3466 μᾶλλον
2652 3395 2818 3450 αὐτοῦ
2881 3398 2979 3450 καὶ
3026 3399 3347 3467 παραινέσει
3403 3399 3712 3470 μετελθεῖν.

2178 3556 2254 3609 Γ’.
2311 3554 2550 3626 Πλησίον
2616 3572 2714 3609 ουν
2764 3555 2874 3624 τὸνξ
2919 3555 3090 3626 ἀνδρα
3183 3557 3709 3628 παραστησάμενος,

2107 3648 2302 3715 Θῦσον,
2330 3649 2510 3718 ελεγι,
2547 3649 2820 3720 Τρόφιμε,
2856 3649 2970 3713 τοῖς
3016 3650 3182 3716 θεοῖς,
3207 3650 3399 3722 ἐπειδὴ
3435 3652 3711 3720 Διονυσίῳ

2110 3745 2388 3816 Περεννίῳ
2416 3743 2493 3813 τῷ
2523 3744 2762 3816 Φρυγίας
2793 3745 3171 3814 Σαλουταρίας
3205 3745 3436 3815 ἡγεμόνι
3491 3761 3552 3798 σε
3606 3763 3708 3798 πα-

2111 3838 2418 3909 ραπέμψειν
2449 3833 2518 3908 ἦν
2583 3840 2694 3908 γάρ
2742 3832 2897 3902 οὗτος
2950 3841 3016 3909 τῇ
3088 3837 3335 3909 ὠμότητι
3389 3839 3705 3910 διαϐόητος.

2107 3931 2276 3986 Οὐδὲν
2317 3931 2504 4002 ἔμοιγε
2535 3928 2752 3992 διοίσει,
2780 3931 2948 4001 φησὶν
2979 3933 3006 3984 ὁ
3040 3930 3348 4002 Τρόφιμος,
3371 3932 3478 3984 ὑπὸ
3522 3933 3620 3986 σοῦ
3647 3952 3708 3987 τε

2107 4025 2201 4078 καὶ
2229 4021 2322 4075 ὑπ’
2368 4023 2576 4077 ἐκείνου
2614 4023 2954 4096 ἀνῃρῆσθαιυ
2991 4022 3056 4075 ἄν
3088 4040 3146 4076 τε
3181 4023 3461 4087 Διονύσιος
3485 4027 3513 4076 ὀ
3539 4025 3708 4078 κολά-

2109 4117 2218 4184 ζων
2268 4115 2322 4191 ᾖ,
2357 4118 2385 4169 ὀ
2425 4116 2589 4179 αὑτός
2638 4135 2706 4186 με
2756 4117 3047 4187 περιμὲνει
3109 4115 3373 4180 θάνατος’
3425 4118 3552 4171 ἐπεὶ
3611 4121 3713 4174 καὶ

2109 4212 2309 4274 σκοπὸς
2342 4211 2545 4280 ἀμφοῖν
2569 4211 2596 4262 6
2621 4209 2807 4273 αὐτὸς,
2835 4208 3088 4274 κολάζειν
3142 4212 3239 4263 καὶ
3277 4211 3528 4282 ἀναιρεῖν
3578 4215 3712 4277 τοὺς

2109 4306 2400 4374 ἑλομένους
2456 4307 2624 4375 τιμᾷν
2687 4305 2789 4374 τὴν
2845 4303 3157 4360 εὐσέϐειαν.
3196 4305 3420 4368 Τούτοις
3455 4305 3713 4372 ὀξυνθεὶς

2119 4398 2446 4468 Ἡλιόδωρος
2497 4399 2590 4450 ἐπὶ
2652 4395 2813 4462 ξύλου
2849 4414 2908 4450 τε
2945 4397 3040 4449 τὸν
3069 4397 3393 4468 ’Τρόφιμον
3450 4403 3670 4472 ἀναρτᾷ
3695 4419 3708 4431 ·

2109 4492 2204 4541 καὶ
2283 4488 2644 4558 περιστάντες
2725 4488 2886 4551 εὐθὺς
2946 4489 2995 4540 οἱ
3073 4487 3261 4558 δήμιοι
3329 4488 3431 4551 τάς
3493 4491 3712 4546 ἐκείνου

407 4601 694 4660 carniﬁces
740 4599 884 4654 illius
914 4599 1082 4653 latera
1127 4597 1445 4652 immaniter
1480 4597 1866 4667 discerpebant
1895 4617 1908 4652 :
1945 4607 2001 4652 et

2110 4583 2347 4654 πλευρὰς
2399 4583 2643 4651 ἀνηλεῶς
2695 4580 2870 4645 ἔξεον,
2930 4581 3022 4634 καὶ
3053 4581 3192 4652 πρὸς
3258 4581 3400 4636 αύτά
3460 4584 3592 4637 εἵσω
3635 4588 3713 4639 τὰ

405 4697 667 4754 subibant
693 4694 758 4748 ad
792 4693 908 4763 ipsa
963 4708 1138 4760 usque
1170 4690 1387 4746 interna
1418 4692 1650 4746 viscera.
1695 4691 1793 4746 lllc
1818 4701 2004 4745 autem

411 4791 585 4862 magis
619 4787 982 4844 conservabat
1025 4795 1340 4840 accuratum
1363 4776 1734 4839 characterem
1768 4785 2009 4852 philoso-

408 4883 549 4955 phiae
574 4902 588 4938 :
617 4881 863 4946 Domine,
887 4879 967 4933 fer
985 4893 1142 4949 opem
1165 4878 1367 4932 famulo
1397 4887 1511 4940 tuo,
1531 4877 1930 4932 lenitcrdicens
1959 4887 2012 4931 ct

411 4977 644 5048 placide.
679 4973 886 5029 Praeses
921 4972 1108 5042 itaque
1135 4971 1460 5026 Heliodorus
1493 4971 1686 5024 videns
1734 4970 2008 5039 insignem

413 5070 630 5126 athleta:
657 5067 1067 5128 fortitudinem,
1099 5081 1223 5120 cum
1252 5080 1362 5118 non
1407 5073 1595 5133 posset
1633 5064 1808 5117 lucem
1856 5064 2008 5117 illius

415 5163 709 5218 verborum
740 5160 968 5226 intueri.
1009 5166 1071 5212 ut
1097 5158 1188 5226 qui
1232 5157 1432 5210 anima:
1470 5157 1752 5210 cazcutiret
1783 5155 1958 5209 oculis
1995 5173 2008 5208 :

417 5255 515 5311 Ubi
541 5263 646 5317 est,
671 5253 908 5317 dicebat,
938 5267 971 5307 ο
991 5250 1308 5319 Trophime,
1333 5248 1584 5304 Christus
1612 5248 1779 5303 tuus?
1809 5248 1902 5302 Ille
1923 5264 2016 5300 au-

419 5359 526 5405 tem
563 5366 576 5400 :
606 5346 782 5408 Meus,
806 5344 1045 5407 diccbat,
1085 5343 1344 5398 Christus
1369 5357 1548 5412 neque
1573 5358 1602 5396 a
1633 5357 1721 5395 me
1751 5340 2009 5403 discedit,

423 5451 474 5498 et
495 5455 716 5510 semper
745 5437 902 5492 adest
950 5436 1232 5501 omnibus,
1255 5435 1350 5504 qui
1380 5449 1506 5489 eum
1543 5433 1801 5487 invocant
1832 5433 1884 5485 in
1916 5447 2014 5486 ve-

421 5535 613 5588 ritate:
640 5539 725 5585 est
755 5539 940 5585 autent
982 5527 1085 5582 hoc
1119 5543 1338 5598 quoque
1384 5543 1449 5582 cx
1485 5543 1553 5581 co
1583 5526 1834 5592 evidens,
1868 5525 2015 5594 quod

428 5642 523 5681 nos
560 5624 716 5679 facile
746 5623 986 5677 feramus
1016 5621 1254 5676 dolores.
1287 5621 1389 5687 Qui
1424 5621 1572 5674 enim
1607 5619 1782 5684 ﬁeret,
1830 5629 1889 5672 ut
1913 5618 2018 5672 hu-

429 5735 584 5772 mana
625 5726 822 5770 natura
861 5715 1032 5770 ferret
1065 5726 1172 5769 tam
1201 5730 1396 5782 graves
1420 5715 1719 5778 cruciatus,
1747 5713 1792 5768 si
1828 5729 1936 5765 non
1965 5711 2013 5766 ei

431 5809 675 5862 divinum
702 5809 917 5864 adesset
940 5809 1238 5864 auxilium?
1271 5808 1395 5864 llaec
1418 5824 1543 5865 cum
1561 5807 1810 5869 dixisset.
1839 5805 2015 5861 athle-

441 5906 546 5953 latn
579 5913 765 5954 carcer
795 5901 1040 5971 suscipit,
1075 5904 1129 5957 in
1165 5918 1272 5972 quo
1306 5912 1418 5958 tum
1451 5903 1555 5958 alia
1583 5901 1857 5958 cruciatur
1882 5899 2016 5956 allii-

2117 4679 2401 4746 σπλάγχνα
2435 4678 2700 4740 ἐϐάδιζον.
2755 4677 2814 4729 Ὀ
2849 4676 2905 4728 δὲ
2938 4677 3145 4747 ἀκριϐῆ
3193 4677 3398 4745 μᾶλλον
3452 4677 3545 4730 τὸν
3607 4679 3716 4748 τῆς

2113 4770 2322 4830 οἰκείας
2386 4768 2708 4836 φιλοσοφίας
2763 4767 2994 4831 διέσωζε
3073 4771 3424 4840 χαρακτῆρα,
3479 4771 3715 4840 Χριστέ,

2117 4860 2302 4931 βοήθει
2333 4859 2411 4929 τῷ
2435 4860 2510 4929 σῷ
2547 4859 2739 4930 δούλῳ,
2774 4859 2951 4929 ἡσυχῆ
2987 4862 3084 4914 καὶ
3134 4863 3324 4932 πράως
3364 4863 3716 4933 ύποφθεγγό-

2118 4969 2299 5020 μενος.
2350 4951 2407 5003 '0
2463 4950 2646 5022 ἄρχων
2690 4951 2874 5003 τοίνυν
2938 4950 3264 5022 Ἡλιόδωρος
3308 4953 3408 5024 τὴν
3450 4955 3713 5028 ὑπερφυῆ

2117 5043 2332 5112 βλέπων
2388 5043 2482 5098 τοῦ
2525 5043 2766 5112 ἀθλητοῦ
2808 5043 3147 5114 καρτερίαν,
3182 5047 3371 5115 ἐπειδὴ
3432 5049 3533 5101 οὐκ
3595 5044 3716 5118 εἶχε

2115 5138 2252 5208 πρὸς
2275 5137 2336 5190 τὸ
2370 5136 2479 5190 τῶν
2511 5137 2723 5190 ἐκείνου
2771 5136 3038 5206 ῥημάτων
3090 5134 3209 5201 φῶς
3253 5137 3543 5210 διαϐλέψαι
3571 5178 3588 5204 ,
3615 5159 3714 5194 τυ-

2116 5228 2376 5300 φλώττων
2399 5232 2526 5294 τοὺς
2549 5231 2646 5299 τῆς
2681 5229 2864 5299 ψυχῆς
2919 5229 3261 5298 ὀφθαλμοὺς,
3287 5231 3420 5296 Ποῦ,
3449 5233 3660 5297 ἔλεγεν,
3688 5236 3718 5287 6

2117 5326 2348 5397 Χριστός
2377 5343 2492 5390 σου,
2514 5325 2761 5395 Τρόφιμε
2789 5341 2804 5390 ;
2835 5324 2894 5375 ὐ
2927 5324 3006 5389 δὲ,
3044 5323 3100 5377 Ὀ
3126 5324 3278 5395 ἐμὸς,
3309 5324 3436 5396 ἔφη,
3472 5327 3715 5396 Χριστὸς

2115 5423 2241 5474 οὕτε
2281 5419 2417 5490 ἐμοῦ
2445 5419 2768 5488 ἀφίσταται,
2792 5415 2886 5470 καὶ
2936 5420 3073 5472 πᾶσι
3103 5421 3217 5482 τοῖς
3257 5420 3315 5471 ἐν
3347 5419 3579 5490 ἀληθείᾳ
3612 5437 3717 5472 καο

2116 5514 2304 5568 λοῦσιν
2333 5512 2498 5568 αὐτὸν
2531 5511 2611 5574 εἰς
2642 5511 2728 5563 ἀεὶ
2752 5510 2990 5578 πάρεστι
3017 5527 3032 5544 ο
3067 5511 3161 5562 καὶ
3192 5510 3354 5580 δῆλον
3383 5512 3446 5562 ἐκ
3485 5510 3582 5564 τοῦ
3615 5511 3714 5564 καὶ

2117 5610 2216 5673 τάς
2255 5607 2552 5678 ἀλγηδόνας
2600 5606 2732 5674 ῥᾷον
2768 5605 2960 5673 φέρειν
2998 5603 3188 5670 τιμάς.
3217 5601 3327 5655 Ποῦ
3363 5604 3470 5674 γὰρ
3519 5603 3586 5656 ἂν
3618 5605 3718 5658 ἀν-

2119 5702 2366 5776 θρωπεία
2418 5700 2577 5771 φύσις
2614 5698 2755 5752 οὕτω
2778 5699 3172 5770 χαλεπωτάτην
3216 5697 3486 5767 ύπένεγκε
3539 5698 3713 5769 βάσα-

2121 5819 2228 5865 νον,
2283 5798 2356 5868 μὴ
2423 5795 2703 5867 θειοτέρας
2763 5792 3122 5848 ἀπολαύσασα
3173 5791 3466 5864 βοηθείαςς
3522 5792 3711 5845 Ταῦτα

2121 5894 2344 5949 εἰπόντα
2383 5892 2472 5945 τὸν
2515 5889 2754 5961 ἀθλητὴν
2805 5887 3184 5958 δεσμωτήριον
3225 5886 3634 5958 διαδέχεται,ἐν
3665 5879 3712 5954 ᾧ
