4002 6482
366 442 479 507 ’137

1212 423 1682 492 MARTYRIUM
1724 422 1787 486 S.
1822 419 2215 485 TBOPHIMI
2261 420 2358 482 ET
2397 420 2822 487 SOCIORUM.

3547 426 3653 488 738

369 559 438 628 τῇ
473 571 535 609 τε
562 550 702 619 ἄλλη
732 546 1088 620 παραδίδοται
1125 543 1393 604 κακώσει,
1446 540 1540 594 καὶ
1574 539 1657 601 είς
1684 535 1973 628 τέσσαρας.

2070 532 2273 600 ctione,
2304 540 2419 588 tum
2454 532 2618 590 etiam
2652 534 2972 591 extenditur
2994 534 3050 590 in
3091 542 3329 606 quatuor
3365 533 3652 591 foramini-

370 626 467 699 τοῦ
502 640 864 713 κολαστηρίου
911 638 1071 708 ξύλου
1113 637 1142 691 6
1190 633 1381 704 Πατὴρ
1413 629 1782 693 ἀποτείνεται,
1808 626 1958 691 ὅπως

371 736 511 809 μηδὲ
532 734 790 802 ἐνταῦθα,
821 731 1009 804 φησὶν,
1038 727 1310 801 Excipi)?
1330 725 1426 780 ἐπὶ
1455 723 1655 797 μικρδθ
1678 717 1959 775 ἀναπνεῦ-

370 838 489 882 σαι.
1636 882 1645 895 .

445 922 521 975 A'.
543 917 844 987 Είσάγεται
874 914 931 969 δὲ
967 912 1044 984 τῷ
1074 910 1280 984 βήματι
1313 907 1435 981 μετ’
1455 899 1622 961 αὐτὸν
1649 907 1678 960 6
1708 902 1960 974 γενναῖος

369 1012 699 1074 Σαίϐάτιος·
738 1007 834 1063 καὶ
896 1005 1097 1062 αὐτίκα
1153 1003 1292 1075 πρὸς
1340 1002 1528 1068 αὑτὸν,
1577 997 1692 1054 Ούκ
1743 992 1957 1068 ἐρωτῶ,

373 1104 544 1176 φησὶν
575 1106 604 1158 6
633 1102 838 1176 ἅρχων,
866 1102 915 1153 εἰ
949 1097 1279 1171 Χριστιανὸς
1308 1091 1807 1165 εἷ”ἀπεστρέφετο
1846 1086 1959 1158 γὰρ

369 1198 538 1272 μέχρι
567 1195 675 1249 τῶν
712 1184 868 1246 ὤτων
908 1192 971 1246 τὸ
1023 1193 1207 1264 ῥῆμα·
1257 1187 1380 1242 ἐπεὶ
1412 1187 1539 1240 οὐδὲ
1556 1184 1727 1238 νοσῶν
1752 1178 1960 1272 696m).-

370 1271 474 1363 μὸς
545 1289 607 1342 τὸ
640 1287 818 1356 γλυκὺ
868 1285 1006 1339 πᾶσι
1058 1284 1175 1354 φῶς
1210 1282 1338 1337 ίδεῖν
1393 1277 1741 1349 ὑπομείνειεν
1777 1291 1793 1305 ·
1820 1271 1957 1327 ἀλλὰ

367 1385 421 1436 τί
452 1382 550 1434 σὺν
587 1380 648 1433 τὸ
680 1378 923 1449 ἀξίωμα,
980 1373 1201 1447 πρῶτον
1232 1372 1379 1428 εἰπέ.
1429 1372 1541 1425 Καὶ
1564 1371 1593 1423 6
1626 1365 1953 1429 Σαϐὄάτιος,

383 1475 563 1544 Ἐμοὶ,
585 1471 775 1543 φησὶν,
816 1465 861 1524 ὢ
891 1469 1165 1533 δικασταὶ,
1197 1466 1294 1521 καὶ
1322 1465 1564 1534 ἀξίωμα,
1605 1463 1704 1517 καὶ⁸
1732 1459 1952 1531 πατρὶς,

366 1566 464 1618 καὶ
500 1563 628 1629 δόξα
664 1563 757 1615 καὶ
802 1560 1094 1632 περιουσία
1149 1558 1390 1630 Χριστός
1440 1558 1590 1609 ἐστιν
1624 1556 1652 1607 6
1682 1552 1776 1605 τοῦ
1814 1551 1954 1606 Θεοῦ

366 1658 522 1721 Υἱὸς,
555 1656 585 1709 6
609 1656 697 1709 ἀεὶ
728 1653 856 1719 ζῶν,
894 1646 955 1707 οὗ
982 1655 1049 1724 τῇ
1081 1652 1309 1724 προνοίᾳ
1353 1651 1413 1703 τὸ
1442 1650 1552 1703 πᾶν
1590 1647 1708 1700 τόδε
1750 1642 1957 1717 κυϐερο

375 1751 538 1803 νᾶται
577 1749 670 1800 καὶ
717 1746 1049 1800 διιθύνεται.
1070 1746 1186 1801 Καὶ
1214 1745 1241 1796 6
1269 1742 1534 1813 δικαστὴς
1565 1744 1633 1812 τῇ
1667 1738 1763 1793 τοῦ
1811 1739 1958 1810 μάρ-

367 1857 533 1910 τυρος
573 1841 709 1911 μετὰ
752 1840 1067 1912 παρρησίας
1089 1838 1383 1909 ἀποκρίσει
1409 1837 1477 1890 τὰ
1500 1835 1709 1906 ἔσχατα
1745 1832 1960 1903 ἐξυϐρί-

371 1932 500 1986 σθαι
544 1931 797 2003 νομίσας,
852 1931 1067 1999 πληγὰς
1096 1928 1322 1982 ἐντείνει
1348 1929 1491 1982 κατᾶ
1517 1926 1728 2000 κορρἦς
1762 1925 1913 1997 αὐτῷ
1939 1967 1954 1992 ,

368 2022 664 2095 ἑπιφωνῶν
694 2022 810 2095 ἅμα
839 2038 854 2053 ³
883 2022 1026 2091 Πρὸς
1075 2021 1205 2085 ἔπος
1245 2020 1562 2091 ἀπόκριναι·
1587 2020 1682 2073 καὶ
1711 2017 1960 2087 βασάνων

367 2120 567 2186 πεῖραν
595 2154 609 2169 .
632 2153 647 2169 .
676 2154 691 2169 .
719 2155 733 2171 .
756 2153 771 2167 .
797 2155 813 2172 .
838 2154 852 2169 .
882 2153 898 2170 .
920 2155 932 2169 .
963 2154 979 2169 .
1031 2110 1368 2184 προσελθὼν,
1416 2110 1577 2164 θῦσον
1631 2112 1746 2172 τοῖς
1794 2109 1956 2171 θεοῐςί

368 2208 447 2261 Τὸ
480 2207 587 2277 γὰρ
620 2207 758 2277 μετὰ
785 2203 957 2260 ταῦτα
987 2202 1151 2258 θῦσαι
1176 2202 1345 2273 ἄχαρι
1400 2218 1461 2254 τε
1510 2203 1607 2255 καὶ
1642 2202 1743 2271 οὐχ
1782 2200 1957 2263 οὕτως

368 2298 672 2356 ἀπόδεκτον
693 2313 708 2327 ·
755 2296 932 2359 ἄλλως
959 2311 1018 2349 τε
1049 2295 1147 2350 καὶ
1192 2292 1548 2364 προλαϐοῦσα
1582 2290 1813 2362 βάσανος
1856 2290 1956 2355 τὴν

375 2383 677 2454 μετέπειτα
722 2382 920 2452 ἡδονὴν
972 2381 1243 2449 ύποτέμνε
1262 2394 1374 2433 εαιο
1421 2378 1574 2431 καὶὸ
1616 2376 1956 2440 Σαὸδὰτιος·

368 2474 487 2545 Τῆς
515 2475 787 2545 ὲπικήρου
816 2474 912 2528 καὶ
933 2475 1164 2543 ῥεούσης
1186 2470 1385 2543 ἡδονῆς
1405 2464 1506 2523 ὧδε
1534 2469 1679 2523 καθὰ
1699 2469 1795 2523 καὶ
1821 2469 1961 2539 μόνη

375 2568 532 2639 μένει
593 2567 884 2629 ἅπόκλισις
932 2564 1200 2634 σφαλερὰ,
1256 2561 1458 2633 φησίν⁸
1507 2562 1555 2613 εί
1606 2561 1664 2614 δὲ
1720 2561 1815 2614 καὶ
1861 2558 1961 2629 τὴν

371 2658 629 2713 ἀσέϐειαν
683 2656 959 2727 ἑπομένην
1005 2658 1152 2726 ἔχοι,
1205 2654 1269 2708 τὸ
1320 2655 1491 2708 κακὸν
1547 2652 1769 2725 ἡλίκον·
1804 2650 1959 2706 ὥστε

373 2750 555 2822 πολλῷ
576 2750 860 2821 κρείττους
885 2749 1009 2819 ἐμοὶ
1028 2749 1084 2801 αἱ
1113 2746 1199 2801 διὰ
1226 2745 1469 2819 Χριστοῦ
1497 2745 1770 2808 κολάσεις·
1798 2738 1961 2798 αὗται

373 2842 486 2914 γὰρ
559 2842 830 2911 διηνεκεῖς
874 2839 1254 2911 ταμιεύονται,
1294 2840 1390 2893 καὶ
1446 2839 1533 2893 ἀεὶ
1586 2837 1809 2908 μένουσι
1863 2836 1963 2900 τὰς

374 2932 651 3005 ἀμοιϐάς
705 2932 776 2986 τὰ
809 2930 866 2986 δὲ
905 2932 1173 3004 ὑμέτερα,
1229 2931 1340 3001 ὅσῳ
1394 2929 1600 3000 μᾶλλον
1647 2929 1957 3000 εὐφραίνει,

374 3025 616 3095 τοσούτῳ
646 3026 742 3077 καὶ
773 3024 1010 3094 λυπήσει
1065 3023 1251 3078 πλέον.
1287 3023 1399 3077 Καὶ
1445 3023 1559 3076 είθε
1591 3038 1658 3092 γε
1715 3022 1813 3075 καὶ
1865 3019 1961 3074 τὸν

379 3116 496 3171 ἴσον
557 3117 775 3188 χρόνον,
805 3114 921 3170 ἀλλ’
970 3114 1254 3186 εὐφραίνει
1290 3115 1393 3186 μὲν
1446 3115 1761 3185 πρόσκαιρα
1798 3113 1960 3185 τυχὸν

378 3210 475 3263 καὶ
506 3211 611 3281 ἔφη
620 3226 689 3280 με
699 3225 769 3281 ρα
789 3249 804 3276 ,
827 3207 1067 3281 λυπήσει
1104 3207 1165 3263 δὲ
1191 3206 1440 3263 ἀθάνατα
1479 3205 1576 3260 καὶ
1601 3205 1815 3262 αἰώνια.

452 3480 530 3534 E'.
567 3476 957 3551 Ἐκθηριοῦται
1017 3477 1154 3546 πρὸς
1206 3475 1379 3530 ταῦτα
1409 3476 1439 3529 6
1467 3477 1675 3547 ἄρχων,
1724 3476 1822 3530 καὶ
1863 3476 1965 3544 ἁγ-

381 3567 646 3641 ριώτερος
701 3569 945 3636 γίνεται·
979 3568 1072 3620 καὶ
1136 3565 1466 3637 μετεωρίζει
1530 3566 1629 3637 μὲν
1674 3567 1767 3618 ἐπὶ
1803 3565 1962 3631 ξύλου

380 3663 475 3716 τὸν
505 3660 768 3731 ἀθλητὴν,
798 3661 890 3711 καὶ
921 3658 1021 3721 τὰς
1051 3658 1294 3724 πλευρὰς
1322 3658 1563 3727 σιδηροῖς
1587 3656 1737 3720 ὄνυξι
1757 3656 1964 3721 διαξέει

380 3752 581 3820 ἀναμο.
611 3788 627 3804 .
659 3789 675 3805 .
703 3788 718 3804 .
745 3789 760 3804 .
794 3767 845 3803 ει
877 3749 936 3804 δὲ
951 3748 1021 3801 τὰ
1053 3748 1190 3801 ὀστᾶ
1216 3785 1231 3810 ,
1255 3746 1350 3800 καὶ
1376 3746 1557 3799 αὐτῶν
1591 3746 1824 3799 ἅπτεται
1855 3745 1964 3798 τῶν

383 3845 652 3914 ὲγκάτων.
687 3843 971 3914 Περιαλγῆ
1008 3842 1190 3895 τοίνυν
1222 3842 1315 3893 ἐπὶ
1343 3839 1556 3902 τούτοις
1584 3840 1676 3892 τὸν
1710 3839 1967 3908 μάρτυρα

385 3939 748 4007 θεασάμενος,
792 3937 853 3989 Et
879 3935 1052 4004 γλυκύ
1084 3952 1170 3987 σοι
1211 3936 1272 3986 τδ
1306 3933 1396 4003 διὰ
1421 3933 1661 4003 Χριστοῦ
1707 3933 1964 4003 πάσχειν,

382 4032 513 4101 ἔφη,
544 4030 870 4093 Σαῦϐἀτιος,
903 4029 1069 4082 πόθεν
1096 4029 1145 4081 oi
1177 4028 1471 4096 στεναγμοὶ
1527 4028 1623 4082 καὶ
1674 4026 1744 4079 τὰ
1788 4024 1968 4094 θερμὰ

381 4127 545 4178 ταυτὶ
571 4123 820 4193 δάκρυα;
852 4118 947 4174 ’Ίν’
976 4121 1147 4192 εἰδῇς,
1167 4121 1195 4172 6
1227 4121 1440 4190 μάρτυς
1464 4120 1654 4189 φησὶν,
1686 4117 1832 4178 ὅπως
1854 4116 1968 4184 ἐγὼ

381 4216 446 4269 τὸ
470 4216 708 4287 πρᾶγμα
735 4212 908 4282 διψῶ’
949 4213 1046 4266 καὶ
1073 4211 1202 4266 ὅσου
1253 4208 1504 4281 τιμῶμαι
1535 4210 1597 4263 τὸ
1637 4208 1707 4263 δι’
1756 4210 1969 4262 δκεῐνον

383 4306 618 4361 παθεῖν’
649 4307 735 4359 ὃτι
779 4305 875 4358 καὶ
907 4303 1052 4358 οὕτω
1076 4302 1419 4373 δριμυτάτην
1443 4300 1638 4370 ὀδύνης
1676 4299 1969 4373 δεχόμενος

383 4397 669 4470 αἰσθησιν,
693 4392 781 4461 ὡς’
800 4397 894 4452 καὶ
915 4395 1229 4465 είςδάκρυα
1274 4393 1486 4462 φανερὰ
1512 4390 1851 4461 κατάγεσθαι
1875 4393 1972 4446 καὶ

2058 626 2167 682 hiis
2182 626 2318 697 ligni
2340 627 2409 682 ad
2431 628 2796 698 torquendum
2822 629 3146 700 comparati,
3170 637 3231 684 ut
3261 644 3333 685 ne
3362 628 3652 686 minimum

2059 719 2281 792 quidem
2313 722 2495 792 posset
2535 723 2830 794 respirare.

2135 903 2225 962 Π.
2262 905 2344 961 Ad
2379 906 2619 963 tribunal
2661 915 2846 964 autem
2893 900 3017 980 post
3057 909 3240 979 ipsum
3280 908 3651 965 introducitur

2061 999 2312 1070 egregius
2334 997 2651 1056 Sabbatius.
2678 1000 2741 1055 Ei
2772 1010 2953 1055 autem
2998 987 3184 1056 statim
3217 1002 3351 1057 dicit
3388 1014 3595 1072 praeses
3630 1019 3645 1056 :

2059 1087 2181 1146 Non
2228 1107 2380 1164 rogo,
2423 1108 2493 1147 an
2544 1094 2622 1149 sis
2664 1094 3011 1150 Christianus
3051 1095 3178 1164 (hoc
3218 1095 3365 1149 enim
3420 1093 3650 1149 verbum

2060 1183 2199 1239 adeo
2226 1185 2583 1240 aversabatur
2606 1225 2622 1249 ,
2654 1195 2713 1241 ut
2740 1201 2811 1242 ne
2840 1187 3005 1242 vellet
3031 1187 3246 1256 quidem
3271 1183 3481 1251 audire,
3513 1201 3652 1255 quo-

2058 1275 2206 1330 niam
2238 1290 2342 1331 nec
2369 1291 2513 1345 aeger
2538 1283 2727 1333 ocuIOS
2757 1279 3085 1333 sustinuerit
3109 1278 3295 1334 videre
3322 1279 3497 1333 lucem
3528 1292 3652 1349 ειη-

2059 1374 2172 1423 tam
2210 1368 2491 1438 omnibus)
2526 1408 2542 1435 ,
2588 1369 2683 1425 sed
2725 1371 2813 1427 dic
2859 1371 3116 1442 primum,
3158 1385 3408 1441 quaenam
3446 1369 3518 1424 sit
3559 1377 3652 1424 tua

2059 1461 2316 1532 dignitas.
2354 1460 2881 1519 Sabbatiusautc‘m
2922 1481 2936 1518 :
2978 1463 3133 1529 Mihi,
3167 1463 3367 1532 inquit,
3401 1477 3435 1517 ο
3460 1462 3650 1532 judcx,

2060 1561 2114 1609 et
2146 1555 2405 1622 dignitas.
2432 1562 2489 1610 et
2523 1555 2718 1626 patria,
2763 1566 2814 1611 et
2843 1556 3034 1626 gloria.
3069 1566 3126 1611 et
3174 1556 3465 1610 facultates
3491 1553 3654 1609 Chri-

2061 1652 2179 1701 stus
2209 1656 2288 1702 est
2324 1646 2418 1703 Dei
2455 1647 2625 1704 Filius
2667 1660 2886 1720 semper
2918 1650 3129 1713 vivens,
3161 1650 3318 1719 cujus
3358 1646 3652 1717 providen-

2062 1735 2135 1791 tia
2166 1737 2269 1792 hoc
2295 1741 2612 1795 universum
2644 1743 2852 1813 regitur
2882 1751 2936 1796 et
2963 1743 3320 1812 gubernatur.
3347 1740 3526 1796 Judex
3550 1755 3651 1794 au-

2064 1836 2170 1884 tem
2199 1831 2371 1887 libero
2403 1835 2659 1904 martyris
2700 1850 2964 1904 responso
2998 1835 3294 1889 arbitratus
3314 1849 3372 1888 se
3401 1847 3525 1888 esse
3550 1847 3652 1887 ex-

2064 1926 2237 1975 trema
2294 1922 2548 1978 allectum
2590 1925 2940 1988 contumelia,
2979 1925 3028 1979 ei
3074 1926 3325 1996 impingit
3413 1926 3650 1995 alapam,

2062 2012 2371 2068 acclamans
2399 2035 2409 2069 :
2438 2014 2729 2086 Responde
2757 2016 2825 2075 ad
2848 2017 3224 2086 propOsitum,
3253 2027 3303 2070 et
3327 2016 3649 2087 priusquam

2066 2109 2463 2159 tormentorum
2498 2107 2665 2162 facias
2695 2109 3017 2177 periculum,
3053 2110 3307 2179 procede,
3333 2119 3389 2164 et
3428 2110 3533 2165 dits
3564 2125 3653 2166 sa-

2063 2193 2269 2251 criﬁca.
2323 2195 2518 2253 Postea
2571 2200 2719 2253 enim
2763 2200 3074 2255 sacriﬁcare
3121 2200 3551 2271 eritingratum,
3597 2210 3655 2256 et

2062 2300 2176 2341 non
2214 2288 2349 2343 adeo
2390 2300 2698 2360 acceptum,
2728 2299 2784 2345 et
2815 2290 3018 2360 alioqui
3063 2292 3375 2359 praecedens
3411 2302 3654 2347 tormen-

2063 2387 2178 2434 tum
2225 2380 2467 2436 detrahit
2504 2384 2571 2437 de
2617 2382 2839 2454 gaudio,
2871 2383 3016 2453 quod
3054 2395 3245 2454 postea
3275 2386 3653 2454 consequitur.

2060 2468 2357 2527 Sabbatius
2389 2488 2558 2528 vero:
2588 2473 2843 2537 Caducae,
2883 2474 3081 2546 inquit,
3124 2483 3180 2529 et
3207 2474 3366 2530 ﬂuxa:
3399 2477 3654 2547 voluptao

2064 2563 2154 2627 tis,
2185 2580 2218 2619 ο
2246 2564 2433 2634 iudex,
2474 2565 2559 2619 vel
2580 2567 2694 2620 sola
2732 2568 3019 2637 perceptio
3068 2578 3152 2621 est
3184 2567 3393 2622 lubrica
3423 2576 3479 2622 et
3503 2569 3654 2638 peric

2063 2655 2271 2711 culosa.
2296 2653 2450 2723 Quod
2500 2657 2545 2711 si
2586 2658 2748 2712 etiam
2790 2669 3217 2729 consequentem
3256 2660 3430 2714 habct-
3455 2661 3650 2729 impie-

2066 2754 2257 2812 tatem,
2311 2757 2576 2817 quantum
2639 2748 3291 2815 malum?‘Quamobrem
3341 2758 3471 2804 sunt
3517 2749 3653 2805 mihi

2064 2837 2318 2904 meliora,
2344 2852 2466 2909 qua:
2514 2841 2889 2911 suscipiuntur
2934 2850 3155 2912 propter
3184 2840 3484 2906 Christum,
3519 2857 3657 2912 sup-

2065 2926 2248 2998 plicia.
2283 2930 2353 2983 Ea
2382 2929 2529 2986 enim
2575 2938 2877 2997 reservant,
2912 2941 2965 2985 ct
3009 2931 3216 2987 habent
3252 2944 3567 3003 perpetuas,
3598 2942 3656 2991 et

2063 3034 2186 3090 qua:
2219 3036 2436 3092 semper
2480 3032 2729 3087 manent,
2781 3025 3270 3081 remunerationes.
3313 3024 3422 3080 Res
3467 3036 3652 3081 autem

2062 3122 2260 3169 vestrae
2300 3130 2411 3184 quo
2450 3115 2644 3187 majori
2681 3115 2924 3172 alliciunt
2947 3117 3248 3188 voluptate,
3280 3126 3433 3173 tanto
3461 3119 3655 3189 majOri

1982 3217 2031 3283 α
2062 3203 2251 3262 dolore
2266 3206 2712 3278 alﬁcient.Atque
2732 3209 2937 3263 utinam
2965 3210 3079 3276 pari
3103 3218 3367 3278 tempore,
3391 3208 3487 3268 sed
3503 3210 3654 3265 brevi

2064 3297 2284 3368 quidem
2304 3308 2736 3371 tempore,alque
2751 3301 2888 3355 adeo
2906 3311 3184 3355 momento
3205 3302 3464 3373 temporis
3481 3302 3659 3358 delec-

2066 3391 2499 3456 tant,immortali
2524 3402 2707 3447 autem
2725 3403 2778 3447 et
2791 3393 3122 3463 sempiterna
3135 3392 3371 3449 adicient
3386 3394 3651 3452 molestia.

2139 3483 2201 3539 V.
2229 3481 2325 3537 His
2354 3484 2612 3539 ell'eratur
2648 3499 2701 3540 et
2726 3487 2838 3540 acri
2879 3486 2960 3540 ira
3005 3495 3252 3542 movetur
3278 3503 3479 3557 prazses
3508 3498 3563 3543 et
3598 3490 3655 3543 in

2065 3575 2213 3647 ligno
2245 3576 2464 3647 quidem
2496 3577 2729 3632 sublime
2761 3578 2899 3632 tollit
2929 3579 3212 3641 athletam.
3245 3589 3407 3650 atque
3440 3581 3656 3653 ungulis

2067 3667 2259 3722 ferreis
2297 3668 2557 3738 discerpit
2598 3667 2769 3723 latera
2795 3711 2809 3736 ,
2841 3685 2963 3724 ossa
2990 3683 3172 3724 autem
3213 3681 3431 3727 emovet
3464 3682 3520 3729 et
3542 3673 3656 3728 elo-

2067 3770 2173 3826 cat,
2209 3770 2264 3815 et
2304 3761 2416 3831 ipsa
2452 3761 2620 3833 tangit
2648 3763 2906 3817 intestina
2928 3803 2942 3817 .
2970 3763 3202 3836 Propter
3244 3767 3359 3821 hinc
3382 3781 3515 3839 ergo
3552 3766 3653 3822 tri-

2068 3863 2202 3907 stem
2235 3863 2288 3908 et
2317 3854 2505 3909 dolore
2539 3855 2796 3910 aﬂ'ectum
2851 3858 3250 3926 contemplatus
3296 3869 3586 3931 martyrem
3634 3876 3652 3915 :

2070 3943 2124 3999 Si
2151 3951 2234 3998 est
2266 3944 2387 4009 tibi,
2423 3945 2619 4017 inquit,
2646 3964 2679 4003 ο
2702 3946 3252 4018 Sabbati,jucundum
3277 3950 3388 4021 pati
3430 3961 3656 4023 propter

2070 4036 2369 4104 Christum,
2404 4039 2677 4094 undenam
2702 4051 2831 4096 sunt
2861 4042 3114 4111 gemitus,
3163 4052 3218 4097 et
3242 4043 3324 4097 ha:
3349 4043 3537 4098 calidae
3574 4043 3657 4098 la-

2070 4124 2429 4200 crymaal'Ut
2476 4132 2637 4198 scias,
2715 4133 2894 4205 inquit
2942 4144 3172 4206 martyr,
3229 4147 3493 4206 quantum
3555 4151 3658 4209 ego

2072 4238 2187 4278 rem
2256 4223 2384 4279 sitio
2435 4235 2490 4280 et
2536 4225 2729 4295 quanti
2813 4226 2956 4281 facio
3031 4227 3143 4298 pati
3217 4238 3439 4300 propter
3479 4229 3655 4285 illum;

2071 4312 2207 4369 Nam
2286 4314 2391 4370 etsi
2450 4316 2719 4386 accipiam
2809 4332 3033 4372 sensum
3092 4319 3396 4389 gravissimi
3432 4319 3657 4386 doloris,

2073 4408 2211 4463 adeo
2271 4417 2330 4464 ut
2391 4416 2448 4464 et
2526 4417 2722 4480 aperte
2798 4409 2937 4465 mihi
3025 4420 3317 4483 erumpant
3384 4410 3656 4483 lacrymae,

385 4488 638 4559 χαλεπῶς
682 4490 895 4562 φέρειν,
912 4487 1069 4558 ὅμως
1101 4485 1435 4557 θερμότερον
1458 4483 1540 4538 ἔτι
1568 4485 1662 4538 τοῦ
1696 4486 1775 4549 είς
1805 4485 1972 4539 αὐτὸν

2076 4508 2132 4556 et
2158 4501 2345 4557 feram
2364 4501 2626 4575 graviter,
2660 4501 2844 4558 adhuc
2877 4510 3060 4557 tamen
3098 4503 3495 4558 vehementiori
3538 4501 3661 4574 ejus

388 4582 593 4655 ἔρωτος
620 4581 852 4653 ἔχομαι,
876 4582 975 4635 καὶ
998 4579 1119 4634 οὐδὲ
1147 4578 1294 4632 οὕτω
1325 4578 1439 4631 τῶν
1463 4578 1604 4649 ὑπὲρ
1634 4577 1800 4633 αὐτοῦ
1831 4578 1972 4632 ἀπο-

2071 4601 2511 4658 ‘amore‘teneor,
2560 4600 2613 4646 et
2648 4608 2720 4648 ne
2762 4593 2842 4648 sic
2893 4593 3114 4663 quidem
3155 4593 3280 4648 volo
3326 4593 3593 4648 desistere
3627 4607 3657 4647 a

391 4673 588 4743 στῆναι
621 4672 803 4725 ἄθλων
826 4669 1026 4724 ἐθέλωδ
1063 4668 1251 4722 Ταῦτα
1287 4668 1463 4736 ἔλεγε.
1486 4668 1597 4721 Καὶ
1637 4667 1700 4721 τὸ
1730 4667 1891 4741 σῶμα
1913 4667 1969 4720 οι

385 4764 583 4834 ὄνυχες
608 4762 924 4831 διενέμοντο
945 4776 961 4793 ⁶
990 4761 1089 4815 καὶ
1130 4762 1464 4833 σφοδροτὲρα
1499 4759 1699 4832 μᾶλλον
1720 4762 1755 4832 ή
1785 4760 1970 4832 ὀδύνη,

389 4855 487 4911 καὶ
524 4853 729 4908 πλείων
756 4854 850 4906 επὶ
882 4852 985 4919 τὴν
1030 4852 1266 4924 καρδίαν
1318 4850 1668 4905 εἰσίπιπτεν·
1701 4851 1891 4922 ἐπειδὴ
1915 4851 1974 4904 δὲ

390 4950 530 5019 πρὸς
573 4945 682 5016 γῆν
712 4961 774 4998 τε
819 4945 925 5017 ήδη
955 4946 1029 4998 αίί
1057 4945 1260 5015 σάρκες
1303 4945 1607 5017 κατέρρεον
1626 4981 1643 5007 ,
1669 4942 1765 4999 καὶ
1789 4942 1976 5012 γυμνὰ

387 5040 457 5097 τὰ
489 5038 643 5092 δστᾶ
674 5037 1109 5103 καταλέλειπτο,
1147 5038 1242 5091 καὶ
1283 5038 1384 5107 τήν
1433 5035 1707 5107 κοιλίανοή
1738 5035 1975 5109 βάσανος

390 5135 485 5188 καὶ
519 5137 591 5187 τὰ
622 5131 912 5202 σπλάγχνα
942 5132 1309 5203 κατείργαστο
1331 5172 1347 5197 ,
1370 5130 1469 5184 καὶ
1494 5129 1596 5182 οὐκ
1628 5126 1776 5201 εἶχον
1802 5130 1852 5181 ol
1880 5127 1976 5200 δή-

396 5246 508 5301 μιοι
537 5224 709 5297 οὗπερ
734 5225 961 5296 ἅψονται
989 5224 1082 5283 τοῦ
1108 5223 1472 5297 ὑποκειμένου
1497 5221 1576 5294 μή
1600 5222 1776 5288 ὄντος,
1805 5223 1977 5276 κατά-

393 5340 554 5392 γεται
587 5321 687 5393 μὲν
730 5320 826 5372 τοῦ
859 5319 1016 5384 ξύλου
1047 5321 1075 5372 6
1101 5319 1338 5389 ἀθλητής
1358 5335 1372 5349 ’
1400 5317 1598 5390 μικρὸν
1631 5316 1688 5370 δὲ
1717 5316 1811 5370 τοῦ
1845 5331 1977 5368 στα-

392 5414 509 5472 δίου
543 5414 655 5478 ἔξω
681 5411 874 5483 ἀρθεὶς
898 5410 999 5482 τὴν
1029 5409 1213 5482 ψυχὴν
1240 5406 1318 5479 τῷ
1348 5408 1468 5478 θεῷ
1516 5407 1901 5478 παρατίθεται.

467 5503 560 5573 ς’.
577 5503 861 5575 Λαμπρῶς
884 5503 1063 5556 τοίνυν
1085 5502 1182 5555 τοῦ
1213 5499 1514 5556 Σαϐϐστίου
1538 5503 1633 5554 καὶ
1676 5499 1815 5569 μετὰ
1843 5496 1975 5551 πολ-

393 5597 495 5667 λῆς
536 5588 916 5667 κρατήσαντος
936 5595 1034 5665 τῆς
1062 5592 1408 5663 περιουσίας,
1430 5591 1703 5659 ἀπογνοὺς
1724 5589 1977 5645 ἐντεῦθεν

392 5693 490 5744 καὶ
530 5686 628 5742 τοῦ
667 5686 951 5761 Τροφίμου
979 5688 1008 5739 6
1034 5687 1236 5758 ἄρχων,
1278 5685 1550 5759 Περεννέῳ
1583 5686 1845 5758 Διονυσίῳ
1898 5686 1974 5756 τῷ

2076 4679 2442 4750 suscipiendis
2496 4692 2594 4751 pro
2634 4681 2753 4751 ipso
2801 4681 3103 4737 laboribus.
3146 4680 3274 4736 Haec
3319 4681 3558 4748 dicebat,
3600 4692 3658 4738 et

2075 4780 2276 4843 corpus
2314 4768 2653 4827 dilaniabaut
2677 4772 2913 4842 ungulae,
2945 4773 3233 4843 acriorque
3273 4780 3329 4828 et
3353 4773 3655 4828 vehemen-

2077 4864 2188 4920 tior
2213 4864 2371 4919 dolor
2388 4878 2486 4919 cor
2506 4865 2851 4936 penetrabat.
2876 4863 3013 4920 Cum
3040 4874 3221 4920 autem
3238 4866 3433 4937 jam'ad
3456 4875 3659 4923 terram

2077 4968 2270 5011 carnes
2293 4953 2670 5021 deduxissent,
2713 4962 2767 5009 et
2799 4956 2942 5009 nuda
2966 4968 3091 5010 ossa
3128 4956 3556 5022 essent'reticta,
3604 4966 3663 5012 et

2078 5042 2328 5106 ventrem
2354 5056 2689 5104 tormentum
2731 5046 3084 5112 coniecisset,
3122 5056 3171 5102 et
3214 5047 3521 5103 intestina:
3558 5060 3662 5113 nec

2077 5136 2344 5195 baberent
2372 5134 2680 5203 carniﬁces,
2717 5134 2844 5205 quid
2877 5145 3183 5207 tangerent,
3215 5148 3341 5191 cum‘
3375 5144 3491 5193 ﬂon'
3512 5147 3660 5203 esset

2034 5234 2039 5237 ’
2077 5231 2409 5299 subjectum,
2434 5227 2635 5299 eligno
2664 5227 2886 5297 quidem
2924 5228 3218 5284 dedocitur
3259 5228 3485 5289 athleta.
3522 5228 3661 5290 Cum

2078 5318 2260 5376 autem
2300 5318 2803 5390 paruui‘abductus
2865 5327 3010 5373 esset
3047 5328 3196 5373 extra
3237 5320 3494 5387 stadium,
3553 5318 3663 5378 Deo

2079 5412 2245 5467 tradit
2270 5411 2531 5464 animam.

2152 5499 2239 5555 Vl.
2260 5499 2397 5556 Cum
2421 5514 2552 5571 ergo
2574 5506 2683 5552 tam
2706 5496 2962 5569 praeclare
2980 5497 3320 5556 ‘decertasset
3342 5494 3662 5564 Sabbatius,

2081 5601 2138 5650 et
2166 5593 2333 5664 longe
2354 5590 2644 5646 intervallo
2669 5588 2934 5647 evasisset
2962 5590 3231 5659 superior,
3275 5588 3399 5645 ideo
3434 5588 3503 5643 de
3527 5586 3666 5649 Tro-

2078 5687 2273 5759 phimo
2299 5698 2450 5754 spem
2486 5682 2758 5755 abjiciens
2793 5697 3014 5754 praeses,
3058 5681 3125 5737 ad
3170 5681 3499 5736 Perennium
3539 5680 3667 5735 Dio-

392 5782 495 5850 τῆς
524 5778 766 5850 Φρυγίας
796 5776 1169 5847 Σαλουταρίας
1190 5776 1583 5848 ἡγεμονεύοντι
1600 5816 1615 5842 ,
1645 5769 1708 5830 οὖ
1728 5776 1823 5829 καὶ
1845 5777 1979 5844 πρό-

2082 5779 2323 5849 nysium,
2360 5775 2609 5848 Phrygia:
2631 5774 2896 5831 Salutaris
2933 5774 3218 5846 praesidem
3246 5815 3261 5841 ,
3293 5774 3452 5844 cujus
3496 5771 3666 5828 etiam

391 5890 551 5944 τερον
570 5874 598 5928 ὁ
623 5872 781 5941 λόγος
815 5871 1083 5944 ἐμνήσθη,
1103 5869 1343 5944 πέμπειν
1370 5868 1462 5924 τὸν
1492 5868 1661 5944 ἄνδρα
1684 5867 1977 5941 ἐσκέψατο,

2081 5872 2234 5944 prius
2258 5868 2641 5946 meminimus,
2691 5883 2817 5925 eum
2892 5868 3085 5926 statuit
3135 5867 3372 5926 mittere.
3431 5863 3500 5953 _Et
3538 5879 3667 5924 eum
