4002 6498
401 394 510 456 ’ῖ39

1648 386 1938 450 MENSIS
1980 386 2459 453 SEPTEMBER.

3578 386 3678 452 740

399 506 546 578 quod
583 506 870 562 tormentis
899 505 968 561 ab
994 521 1061 560 eo
1091 502 1374 574 subjectus
1410 508 1555 558 esset
1577 500 1909 571 scripsisset,
1941 508 1997 554 et

2114 501 2255 564 5σαις
2293 519 2352 554 τε
2388 500 2647 570 βασάνοις
2695 499 2791 553 ὑπ’
2847 497 3018 552 αὑτοῦ
3052 497 3390 570 παραδοθείη
3421 501 3558 568 πρὸς
3588 501 3676 554 τὸν

400 599 861 670 quemadmodum
889 597 1176 653 lictoribus
1199 597 1358 668 longe
1381 594 1651 650 evasisset
1689 593 1906 658 fortior,
1934 599 1990 647 et

399 694 548 764 quod
574 693 746 747 solum
785 691 1064 746 Christum
1105 692 1312 758 colens,
1355 689 1571 744 illorum
1613 688 1748 742 deos
1787 686 1994 740 rideret

401 799 458 842 et
518 786 667 840 nihili
701 785 940 851 faceret;
994 797 1231 852 cumque
1281 780 1494 836 calceos
1555 779 1766 834 ferreos
1824 776 1995 831 clavis

405 880 577 933 acutis
603 886 658 932 et
695 877 908 938 subtus,
940 885 994 928 et
1020 891 1084 929 ex
1117 873 1339 944 obliquo
1370 872 1638 934 conﬁxos,
1685 867 1993 940 martyrieis

401 969 509 1024 illis
533 969 811 1038 Trephimi
841 968 1070 1038 pedibus
1093 967 1244 1036 prius
1273 964 1465 1034 subjici
1486 964 1762 1034 jussisset,
1787 973 1843 1016 et
1875 961 1992 1017 ela-

404 1077 504 1116 vos
555 1075 650 1130 per
691 1061 857 1130 pedes
920 1058 1293 1128 transi-gisset,
1334 1057 1490 1126 jubet
1534 1055 1734 1110 deinde
1792 1054 1876 1126 agi
1935 1053 1992 1107 in

403 1150 716 1220 Phrygiam.
768 1148 868 1204 llic
909 1148 1056 1203 enim
1097 1147 1381 1201 dicebatur
1429 1144 1635 1199 versari
1682 1143 1989 1213 Dionysius.

404 1241 499 1296 Ille
531 1251 713 1296 autem
743 1242 995 1304 libenter,
1025 1247 1077 1294 et
1102 1254 1226 1292 cum
1251 1237 1447 1309 gaudio
1475 1237 1661 1291 clavos
1684 1235 1787 1290 sibi
1816 1234 1993 1305 subji-

405 1332 580 1399 ciens,
623 1332 782 1403 longe
821 1329 1164 1399 praecedebat
1219 1336 1626 1396 consequentes
1655 1324 1886 1395 pedites,
1939 1332 1995 1378 et

406 1424 568 1493 simul
621 1431 904 1478 currentes
954 1421 1192 1490 equites.
1237 1418 1358 1473 Non
1397 1418 1544 1473 enim
1586 1417 1742 1473 dolor
1790 1416 1996 1486 pedum

363 1578 366 1580 γ
406 1518 584 1587 potuit
613 1529 939 1587 generosum
983 1513 1130 1566 illius
1166 1513 1411 1565 animum
1441 1512 1695 1566 vincere:
1726 1510 1821 1564 sed
1847 1509 1995 1565 leves

407 1609 589 1680 potius
620 1608 670 1661 ei
720 1607 952 1661 addebat
1001 1605 1136 1672 alas,
1183 1604 1596 1674 ﬁrmioremque
1651 1601 1918 1658 reddebat
1943 1609 1999 1658 et

408 1700 862 1755 constantiorem.

482 1964 598 2021 VII.
627 1963 894 2020 Confecto
940 1965 1124 2034 itaque
1153 1963 1319 2018 trium
1375 1963 1590 2018 dierum
1638 1963 1861 2028 itinere,
1899 1977 1996 2016 ve-

407 2057 572 2112 niunt
595 2056 865 2128 Synadam
893 2057 1136 2128 Phrygia:
1166 2056 1473 2111 civitatem.
1520 2056 1621 2111 Ilic
1658 2070 1786 2110 cum
1815 2054 2000 2109 Helio-

409 2149 530 2205 dori
589 2151 800 2204 litteras
857 2148 1080 2220 legisset
1136 2149 1461 2219 Dionysius,
1528 2158 1584 2203 et
1636 2149 2000 2203 intellexisset

412 2239 874 2308 quemadmodum
900 2253 957 2293 se
989 2237 1255 2293 haberent
1279 2238 1515 2307 singula.
1534 2237 1793 2304 jussisset
1814 2248 1997 2294 autem

412 2339 708 2398 martyrem
759 2326 873 2380 sisti
905 2327 970 2380 ad
1010 2343 1168 2380 suum
1203 2326 1442 2380 tribunal
1473 2342 1488 2382 :
1515 2323 1598 2380 Tu
1646 2342 1728 2391 es,
1799 2326 1998 2396 inquit,

412 2415 784 2484 'I‘rOphimus?
819 2414 1018 2486 Martyr
1063 2430 1231 2470 vero:
1267 2414 1400 2485 Ego,
1433 2416 1633 2485 inquit,
1672 2414 2004 2486 Trophimus

411 2523 601 2572 vocor,
643 2523 872 2577 sumque
902 2523 1093 2561 servus
1138 2506 1345 2562 Christi
1395 2508 1508 2562 veri
1557 2507 1678 2572 Dei,
1731 2509 1787 2562 in
1841 2524 2002 2578 quem

411 2599 505 2668 qui
565 2599 942 2664 crediderunt,
993 2615 1340 2669 nequaquam
1405 2599 1713 2655 atﬁeientur
1770 2601 2002 2671 pudore.

412 2690 557 2756 Quid
585 2704 663 2759 tu,
694 2691 870 2761 inquit
893 2692 1002 2759 ille,
1023 2692 1077 2746 in
1108 2693 1192 2747 his
1213 2695 1396 2748 adhuc
1429 2694 1699 2764 persistis,
1753 2695 2002 2748 inanem—

413 2799 520 2852 que
549 2793 605 2838 et
635 2799 831 2838 vanum
874 2785 1022 2839 hunc
1061 2786 1287 2840 invocas
1317 2785 1624 2852 Christum,
1670 2787 1764 2857 qui
1819 2788 2007 2841 multis

414 2876 519 2931 fuit
549 2891 711 2930 causa
735 2877 971 2932 mortis?
1002 2878 1110 2932 Sed
1141 2878 1248 2933 etsi
1295 2895 1401 2933 non
1441 2880 1614 2949 prius,
1638 2888 1693 2933 at
1721 2895 1869 2934 nunc
1898 2879 2008 2933 sal-

417 2977 548 3027 tem,
579 2966 798 3020 dimissa
827 2967 880 3019 in
913 2968 1090 3037 ipsum
1118 2967 1319 3021 ﬁducia
1351 2967 1456 3022 diis
1481 2967 1750 3030 sacriﬁca,
1779 2976 2008 3021 mortem

415 3057 729 3127 ell'ugiens:
761 3066 817 3112 et
859 3057 1073 3112 lucrare
1104 3060 1269 3112 vitam
1315 3070 1664 3128 praesentem.
1696 3058 2009 3113 Generosus

418 3157 600 3202 autem
629 3149 910 3218 excipiens
968 3149 1302 3219 Trophimus
1333 3169 1348 3205 :
1393 3151 1622 3205 Mortem
1651 3151 1896 3220 quidem,
1924 3151 2009 3204 in-

417 3245 559 3309 quit,
592 3254 696 3293 nec
727 3243 770 3293 si
809 3239 967 3292 velim
999 3240 1310 3310 eIl'ugerim.
1341 3239 1477 3295 Nam
1504 3242 1605 3295 etsi
1638 3257 1746 3296 non
1780 3252 1834 3295 tu
1863 3257 2007 3308 eam,

418 3342 474 3386 at
507 3341 704 3386 natura
747 3332 972 3385 omnino
1005 3332 1214 3398 alleret,
1244 3343 1298 3387 et
1323 3333 1394 3396 ei,
1440 3348 1561 3403 quae
1588 3333 1877 3398 debentur,
1909 3350 2009 3387 ex-

419 3425 648 3489 solvam,
693 3439 818 3478 cum
874 3424 973 3478 sim
1033 3426 1220 3479 homo.
1278 3423 1428 3481 Licet
1487 3435 1669 3480 autem
1726 3442 1790 3480 ea
1842 3427 2010 3481 vitam

418 3531 738 3587 comparare
771 3524 1115 3586 perpetuam,
1145 3532 1266 3586 qua:
1292 3517 1456 3588 longo
1480 3518 1769 3573 intervallo
1787 3529 2013 3588 superat

420 3613 562 3663 hanc
595 3608 793 3662 ﬂuxam
835 3617 891 3663 et
917 3608 1200 3676 caducam,
1236 3610 1382 3680 quod
1410 3611 1480 3665 ad
1510 3611 1850 3682 voluptatem
1879 3613 2011 3667 atti-

422 3711 514 3758 net
540 3711 595 3757 et
618 3701 1016 3758 beatitudinem
1053 3720 1067 3756 :
1107 3702 1245 3757 adeo
1277 3712 1337 3758 ut
1367 3718 1488 3773 quae
1520 3714 1648 3757 sunt
1676 3704 1827 3761 illius
1861 3707 2008 3770 vitae,

423 3809 530 3850 nec
553 3794 769 3866 possint
793 3796 944 3849 cerni
977 3795 1174 3861 oculis,
1209 3811 1310 3851 nec
1333 3797 1513 3852 audiri
1537 3798 1783 3866 auribus,
1819 3814 1922 3853 nec
1956 3801 2011 3853 in

420 3903 516 3942 cor
553 3888 789 3943 hominis
821 3887 1141 3943 ascendere.
1179 3888 1358 3959 Hujus
1383 3905 1485 3961 ego
1521 3891 1648 3945 vita:
1702 3907 1822 3945 sum
1864 3909 2015 3949 nunc

423 3993 619 4048 magno
647 3993 835 4032 amore
862 3988 1075 4047 captus,
1106 3986 1162 4031 et
1188 3994 1414 4050 magnas
1441 3979 1536 4033 tibi
1573 3980 1750 4036 habeo
1783 3983 2007 4052 gratias,

424 4069 572 4138 quod
617 4084 706 4123 me
753 4069 884 4122 illuc
937 4070 1174 4124 transire
1220 4081 1631 4141 properantem,
1680 4088 1876 4144 urgeas
1920 4091 2016 4144 per

423 4175 570 4225 eam,
597 4175 761 4230 quam
794 4160 1086 4226 minitaris,
1120 4171 1376 4216 mortem.

503 4356 638 4413 VIII.
671 4355 828 4412 Tune
859 4365 1006 4411 totus
1037 4356 1094 4411 in
1124 4372 1249 4411 eum
1280 4358 1414 4412 iram
1453 4360 1671 4430 spirans
1703 4362 2014 4435 Dionysius,

423 4453 578 4524 jubet
611 4467 640 4506 a
669 4461 905 4520 quatuor
933 4460 1219 4505 extensum
1255 4451 1441 4507 crudis
1475 4454 1640 4508 boum
1672 4457 1856 4511 nervis
1891 4473 2016 4512 ver-

2094 591 2370 644 Διονύσιον
2395 591 2632 661 γράψας,
2675 592 2824 655 ὅπως
2853 607 2914 644 τε
2951 592 3306 661 ἰσχυρότερος
3358 591 3540 659 πολλῷ
3568 592 3680 647 τῶν

2091 683 2303 754 δημίων
2325 685 2556 752 γένοιτο,
2577 687 2670 736 καὶ
2694 684 2846 746 ὅπως
2873 686 3018 754 μόνῳ
3037 682 3262 752 Χριστῷ
3300 685 3677 753 προσανέχων,

2091 777 2220 837 τοὺς
2249 775 2428 827 αὐτῶν
2453 791 2513 828 τε
2547 773 2725 846 γελῴη
2763 775 2940 841 θεοὺς,
2989 776 3085 827 καὶ
3119 773 3248 844 παρ’
3277 775 3430 828 οὐδὲν
3455 776 3684 840 τούτους

2093 867 2323 920 ποιοῖτο.
2355 864 2711 936 ’Υποδήματα
2736 865 2916 920 τοίνυν
2942 867 3137 935 σιδηρᾶ
3159 864 3310 936 ἥλοις
3334 867 3481 931 ὀξέσι
3507 869 3687 922 κατω-

2095 958 2187 1012 θέν
2216 975 2274 1011 τε
2305 960 2399 1014 καὶ
2429 961 2492 1012 ἐκ
2530 960 2764 1029 πλαγίου
2791 960 3216 1030 διαπεπαρμένα
3245 963 3375 1025 τοὺς
3409 979 3687 1034 μαρτυρι-

2096 1050 2226 1112 κοὺς
2259 1049 2527 1112 ἐλεεινοὺς
2576 1051 2670 1102 τοῦ
2703 1051 2989 1121 Τροφίμου
3040 1052 3208 1115 πόδας
3244 1053 3512 1123 πρότερον
3553 1057 3692 1108 ὐπο-

2093 1141 2310 1211 δεθῆναι
2356 1141 2547 1209 εἰπὼν,
2598 1143 2693 1196 καὶ
2739 1144 3029 1214 διαπείρας
3085 1145 3212 1206 τοὺς
3267 1145 3432 1215 ἥλους
3463 1146 3551 1200 διά
3576 1148 3692 1200 τῶν

2096 1233 2294 1298 ποδῶν,
2326 1230 2446 1287 εἶτα
2489 1235 2580 1288 ἐπὶ
2611 1235 2853 1305 Φρυγίαν
2897 1235 3226 1289 ἐλαύνεσθαι
3275 1238 3527 1290 κελεύειο
3561 1240 3692 1310 τῇδε

2096 1326 2206 1396 γὰρ
2237 1326 2515 1392 Διονύσιος
2571 1328 2811 1399 ἐλέγετοο
2838 1328 3158 1399 διατρίϐειν.
3224 1330 3285 1382 '0
3317 1331 3393 1392 δὲ,
3444 1332 3690 1401 ἄσμενος

2099 1420 2194 1472 καὶ
2228 1417 2352 1488 μεθ’
2390 1419 2582 1486 ἡδονῆς
2612 1420 2738 1483 τοὺς
2761 1421 2926 1490 ἥλους
2955 1421 3418 1492 ὑποϐαλλόμενθς,
3475 1423 3696 1494 ἐμπρο-

2102 1513 2226 1567 σθεν
2257 1509 2360 1584 ῆγε
2408 1533 2479 1568 πα
2493 1515 2700 1586 ραπολὺ
2733 1515 2842 1568 τῶν
2869 1533 2927 1567 τε
2967 1517 3328 1586 ὲφεπομένων
3359 1517 3540 1582 πεζῶν
3594 1519 3697 1572 καὶ

2099 1605 2208 1658 τῶν
2238 1608 2740 1678 συμπαραθεόντων
2775 1609 2986 1662 ἱππέων
3009 1625 3022 1639 ⁸
3057 1609 3116 1662 ού
3157 1611 3267 1680 γὰρ
3301 1612 3332 1680 ἡ
3361 1609 3471 1663 τῶν
3509 1610 3694 1663 ποδῶν

2101 1696 2262 1768 ὀδύνη
2293 1697 2512 1765 ἐλέγξαι
2534 1700 2632 1767 τὴν
2657 1699 2753 1768 τῆς
2781 1699 2992 1752 ἐκείνου
3018 1698 3198 1768 ψυχῆς
3235 1699 3417 1768 ίσχύος
3473 1717 3700 1768 γενναι-

2103 1789 2291 1858 ότητα,
2319 1788 2453 1841 ἀλλά
2501 1790 2704 1859 κοῦφον
2745 1793 2882 1860 αὐτῇ
2912 1792 3112 1860 μᾶλλον
3140 1794 3434 1863 εἰργάσατο
3472 1794 3533 1848 τὸ
3564 1811 3702 1848 πτερ

2034 1872 2076 1929 Β
2111 1879 2227 1948 ρδν,
2256 1881 2352 1932 καὶ
2391 1880 2752 1951 εὐτονώτερον
2780 1882 2973 1935 ἐποίει.

2173 1973 2249 2025 Ζ’.
2307 1971 2490 2041 Τριῶν
2548 1973 2731 2025 τοίνυν
2773 1975 3004 2045 ἡμερῶν
3055 1975 3156 2046 τὴν
3208 1977 3414 2048 μεταξὺ
3463 1979 3704 2050 πορείαν

2101 2062 2424 2125 ἀνύσαντες,
2445 2064 2523 2126 είς
2545 2063 2752 2117 Σύναδα
2779 2065 2932 2119 πόλιν
2951 2068 3046 2137 τῆς
3067 2069 3309 2140 Φρυγίας
3338 2072 3700 2139 κατάγονται.

2115 2154 2381 2208 Ἐνταῦθα
2415 2155 2481 2207 τὰ
2515 2156 2840 2227 Ἡλιοδώρου
2895 2161 3201 2229 γράμματα
3251 2163 3528 2226 Διονύσιος
3564 2164 3707 2216 ἀνα-

2104 2245 2286 2314 γνοὺς,
2307 2244 2402 2296 καὶ
2421 2245 2568 2307 ὅπως
2593 2246 2798 2300 ἕκαστα
2820 2245 2931 2320 εἶχε
2953 2250 3163 2318 μαθὼν,
3186 2252 3262 2320 τῷ
3280 2254 3465 2322 οἰκείῳ
3489 2252 3704 2323 βήματι

2104 2338 2196 2388 τὸν
2230 2337 2482 2407 μάρτυρα
2533 2341 2912 2409 παραστήσας,
2937 2342 3008 2394 Συ
3057 2338 3124 2407 εἴ,
3163 2345 3316 2413 φησὶ,
3377 2345 3701 2414 Τρόφιμοςς

2107 2427 2214 2480 Καὶ
2247 2428 2273 2477 ὁ
2302 2430 2535 2497 μάρτυς,
2571 2428 2731 2496 Ἐγὼ,
2757 2431 3135 2500 ἀποκρῖνεται,
3167 2433 3348 2497 δοῦλος
3382 2434 3436 2486 δε
3454 2435 3548 2486 τοῦ
3567 2437 3708 2502 Χρι-

2109 2519 2278 2588 σρτοῦ
2308 2519 2402 2572 τοῦ
2426 2521 2680 2590 ἀληθινοῦ
2699 2521 2854 2585 Θεοῦ,
2891 2525 2969 2587 εἰς
2996 2524 3054 2576 ὃν
3087 2525 3136 2577 οί
3173 2527 3602 2590 πεπιστευκότες
3636 2527 3705 2580 οὐ

2109 2613 2584 2681 καταισχύνοντας.
2607 2614 2672 2666 Τί
2693 2609 2784 2666 οῦν
2803 2617 3078 2685 ὲπιμένεις
3101 2616 3179 2669 ἔτι
3197 2620 3310 2680 τοῖς
3340 2618 3548 2684 αὐτοῖς,
3571 2618 3706 2688 ἔφη,

2109 2704 2204 2756 καὶ
2237 2707 2469 2771 μάταιον
2521 2705 2712 2758 τοῦτον
2745 2707 3038 2771 ἀνακαλεῖς
3087 2709 3345 2780 Χριστὸν,
3373 2709 3431 2773 ὃς
3478 2711 3708 2774 πολλοῖς

2111 2791 2286 2856 αῖτιος
2314 2794 2546 2846 θανάτου
2569 2796 2901 2865 γεγένηταις
2947 2797 3087 2850 Ἀλλ’
3113 2801 3160 2850 εί
3187 2799 3281 2851 uati.
3308 2799 3384 2870 μὴ
3407 2800 3704 2870 πρότερον,

2110 2882 2205 2936 νῦν
2243 2884 2377 2952 γοῦν
2426 2883 2527 2955 τῆς
2582 2885 2669 2939 ἐπ’
2726 2886 2890 2940 αὐτὸν
2943 2888 3240 2957 ἀφειμένος
3289 2891 3701 2960 πεποιθήσεως,

2113 2975 2276 3028 θῦσον
2311 2979 2422 3039 τοῖς
2461 2979 2629 3043 θεοῖς,
2654 2979 2746 3032 τὸν
2775 2980 3006 3032 θάνατον
3036 2980 3343 3050 διαφυγὼν,
3377 2984 3471 3034 καὶ
3500 2983 3708 3053 κέρδη-

2115 3084 2207 3120 σον
2237 3071 2336 3138 τὴν
2369 3069 2650 3139 παροῦσαν
2695 3070 2862 3140 ζωήν.
2890 3071 2950 3124 '0
2981 3075 3228 3139 γενναῖος
3277 3075 3458 3126 τοίνυν
3489 3075 3704 3128 ὑπολα-

2114 3161 2223 3213 ϐὼν
2259 3161 2563 3232 Τρόφιμος,
2585 3163 2827 3217 Θάνατον
2855 3164 2954 3233 μὲν
2982 3164 3090 3217 οὐδ’
3118 3164 3185 3219 ἂν
3205 3166 3411 3238 σφόδρα
3437 3166 3706 3238 βουλόμε-

2114 3270 2202 3316 νος
2233 3255 2486 3326 φύγοιμι,
2508 3256 2611 3326 ἔφη
2641 3273 2653 3286 ο
2681 3258 2729 3309 εί
2763 3256 2873 3325 γὰρ
2901 3258 2995 3310 καὶ
3038 3257 3113 3327 μὴ
3169 3258 3232 3310 σὺ
3265 3260 3474 3322 τοῦτον,
3519 3260 3633 3312 ἀλλ’
3667 3259 3707 3330 ἡ

2117 3346 2281 3416 φύσις
2339 3347 2532 3411 ἐπάξει
2589 3351 2828 3410 πάντως,
2865 3350 2956 3400 καὶ
3014 3349 3190 3420 ταύτῃ
3236 3351 3304 3402 τὰ.
3362 3352 3706 3422 ὀφειλόμενα

2117 3442 2491 3511 λειτουργήσω
2512 3441 2800 3512 ἄνθρωπος
2830 3442 2908 3495 ῶν
2937 3459 2949 3474 ·
2977 3441 3153 3506 ἔξεστι
3182 3443 3234 3496 δὲ
3255 3445 3402 3515 ζωὴν
3421 3446 3707 3516 ἐμπορεύφ

2117 3534 2316 3583 σασθαι
2344 3530 2534 3583 τούτου
2565 3531 2811 3602 διηνεκῆ,
2843 3533 3021 3601 πολλῷ
3047 3535 3125 3602 τῖι
3163 3534 3369 3604 μεταξὺ
3405 3537 3503 3606 τῆν
3531 3540 3706 3608 πρόσ-

2115 3639 2308 3690 καιρον
2337 3623 2544 3692 ταύτην
2578 3626 2670 3676 καὶ
2705 3627 2942 3694 ῥέουσαν
2969 3627 3204 3694 κατάγει
3239 3629 3329 3681 τὸν
3353 3631 3453 3699 τῆς
3509 3631 3707 3701 ἡδονῆς

2117 3716 2276 3784 λόγον
2307 3717 2403 3770 καὶ
2431 3719 2530 3787 τῆς
2574 3718 2983 3789 μακαριότητος
3011 3720 3455 3790 ὑπερϐαίνουσαν
3496 3725 3592 3777 καὶ
3615 3743 3710 3778 το-

2119 3807 2327 3872 σοῦτον,
2367 3807 2478 3876 ὅσῳ
2535 3807 2672 3878 μηδὲ
2727 3806 2994 3878 ὀφθαλμῷ
3037 3808 3103 3859 τά
3151 3809 3367 3878 ἐκείνης
3421 3809 3522 3880 τῆς
3556 3811 3709 3882 ζωῆς

2116 3900 2312 3968 ὁρατὰ,
2339 3899 2475 3970 μηδὲ
2506 3899 2642 3952 ὠσὶν
2671 3899 2938 3963 ἀκουστὰ,
2969 3899 3202 3971 μηδ’έπὶ
3234 3899 3462 3972 καρδίαν
3489 3901 3711 3974 ἀνθρώ-

2118 4008 2222 4043 που
2253 3990 2521 4060 ἀναϐῆναι
2569 3993 2870 4062 δυνάμενα.
2907 3992 3122 4064 Ταύτης
3181 3994 3297 4046 ἑσοι
3365 3995 3534 4049 τανῦν
3593 3998 3712 4066 ἐγὼ

2119 4083 2430 4154 θερμότατα
2462 4085 2593 4156 ὲρᾷν
2625 4087 2724 4155 τῆς
2753 4083 2900 4155 ζωῆς
2925 4101 2938 4116 ⁸
2972 4088 3066 4139 καὶ
3094 4086 3297 4158 πολλὴν
3334 4089 3398 4141 ἄν
3431 4105 3512 4142 σοι
3543 4090 3712 4160 χάριν

2118 4176 2349 4246 είδείην,
2373 4176 2515 4229 οὕτω
2547 4193 2618 4247 με
2667 4177 2993 4245 σπεύδοντα,
3021 4178 3114 4231 καὶ
3153 4178 3321 4232 αὐτὸν
3357 4182 3476 4233 ἐκεῖ
3506 4183 3714 4254 διαϐῆο

2119 4286 2228 4333 ναι,
2253 4269 2316 4321 δι’
2349 4264 2520 4337 οὗπερ
2553 4268 2797 4330 ἀπειλεῖς
2834 4269 3064 4323 θανάτου
3090 4271 3388 4338 ὲπείγοντι.

2189 4361 2274 4414 Η¹.
2310 4359 2570 4413 Ἐνταῦθα
2622 4360 2741 4423 ὅλος
2773 4361 2895 4413 κατ’
2926 4359 3092 4414 αὐτοῦ
3129 4364 3255 4414 πνεῖ
3277 4363 3590 4428 Διονύσιος·
3614 4370 3717 4422 καὶ

2121 4451 2334 4505 κελεύει
2383 4452 2448 4504 ὲκ
2483 4451 2768 4522 τεσσάρων
2802 4452 3130 4508 διαταθέντα
3188 4455 3344 4523 ίμᾶσι
3379 4457 3503 4526 βοὸς
3553 4460 3714 4529 ὠμά-

429 4543 614 4600 berari
645 4561 658 4598 :
688 4553 741 4597 et
773 4543 1037 4597 continuo
1067 4543 1196 4596 dum
1229 4544 1613 4599 verberaretur
1638 4547 1839 4616 (nescit
1867 4554 2007 4602 enim

2121 4560 2282 4613 τερον
2323 4541 2648 4610 τύπτεσθαι,
2675 4545 2768 4596 καὶ
2792 4545 3119 4616 τυπτομένῳ
3145 4545 3308 4611 εὐθὺς
3331 4547 3414 4616 (οὐ
3437 4548 3546 4619 γὰρ
3575 4553 3718 4604 ἀνα.-

430 4637 621 4691 vitium
655 4633 882 4690 ditl'erre
922 4643 978 4689 et
1015 4635 1288 4708 cunctari)
1339 4653 1353 4689 :
1411 4635 1510 4691 Dic
1553 4639 1755 4702 solum,
1809 4640 2016 4704 aiebat,

429 4726 752 4800 Trophime,
780 4725 887 4781 diis
917 4726 1260 4792 Sacriﬁeabo,
1293 4735 1348 4782 et
1395 4729 1540 4784 illico
1565 4744 1595 4783 a
1626 4730 1771 4786 malo
1822 4731 2020 4786 libera-

429 4823 598 4878 beris.
627 4823 723 4877 Ille
759 4829 943 4876 autem
978 4821 1317 4884 verbaillius
1348 4823 1718 4888 existimabat,
1756 4833 2016 4896 tanquam

433 4931 623 4971 vocem
655 4915 937 4984 spinarum
984 4914 1086 4968 sub
1132 4915 1333 4969 lebete.
1380 4914 1598 4969 Sciebat
1653 4915 1822 4980 enim,
1873 4918 2020 4988 quod

431 5017 638 5080 quanto
665 5009 914 5079 graviora
951 5020 1139 5062 essent
1172 5023 1270 5060 sua
1303 5007 1628 5072 certamina,
1661 5017 1814 5063 tanto
1836 5023 1896 5064 se
1941 5010 2021 5063 vi-

433 5110 640 5154 ctorem
676 5099 921 5153 futurum
944 5098 1255 5159 clariorem,
1289 5105 1344 5151 et
1372 5113 1438 5152 eo
1464 5098 1889 5167 splendidiorem
1918 5101 2019 5154 ha—

435 5190 678 5246 biturum
700 5205 983 5245 coronam.
1013 5190 1152 5256 Quid
1174 5206 1303 5260 ergo
1324 5189 1454 5244 facit
1485 5191 1607 5245 ille?
1631 5191 1685 5244 In
1706 5209 1827 5246 cum
1860 5209 2018 5248 exco-

435 5281 570 5351 gitat
613 5295 814 5334 novum
846 5279 1068 5336 modunn
1106 5279 1444 5342 insidiarum,
1489 5288 1547 5332 ut
1592 5279 1849 5335 inusitato
1888 5295 2018 5351 snp-

436 5374 600 5444 plicio
639 5371 988 5442 perturbaret
1035 5372 1315 5425 athletam.
1377 5371 1513 5425 Cum
1565 5382 1777 5426 acetum
1845 5373 2022 5443 sinapi

435 5473 924 5536 contemperasset,
1012 5463 1250 5519 infundit
1318 5463 1546 5518 naribus
1595 5464 1862 5534 martyris.
1929 5465 2022 5520 Ille

364 5614 367 5616 _
434 5567 616 5613 autem
643 5567 832 5629 aperte
861 5557 1100 5613 ostendit
1123 5572 1182 5612 se
1225 5555 1429 5611 nullam
1479 5558 1706 5611 omnino
1747 5558 2021 5628 accepisse

437 5648 792 5702 mutationem
821 5662 887 5702 ex
912 5646 1266 5702 acerbissima
1298 5646 1385 5698 illa
1441 5645 1865 5713 temperatione.
1913 5646 2021 5702 De-

439 5739 606 5793 decus
645 5754 776 5810 ergo
823 5754 935 5793 non
995 5737 1178 5793 ferens
1232 5737 1520 5800 scelestus,
1583 5736 1732 5806 ligno
1787 5737 2024 5809 alligavit

447 5828 704 5885 athletam
732 5845 829 5900 per
859 5844 975 5898 eos,
1005 5830 1097 5899 qui
1148 5829 1520 5887 inserviebam
1562 5830 1680 5900 ejus
1725 5828 2019 5901 iniquitati,

2121 4635 2417 4688 ϐάλλεσθαι
2474 4631 2618 4689 οἶδεν
2679 4637 2712 4706 ἡ
2771 4637 2944 4692 κακία
2999 4637 3096 4692 καὶ⁸
3146 4639 3718 4713 διαμέλλειν),Θῦσον

2125 4725 2310 4794 μόνον,
2341 4724 2612 4795 Τρόφιμε,
2649 4726 2742 4777 ἐπὶ
2762 4730 2871 4790 τοῖς
2922 4727 3083 4794 θεοῖς,
3134 4731 3162 4783 6
3211 4731 3433 4800 ἡγεμὼν
3464 4734 3673 4788 ὲπεϐόα
3694 4775 3714 4799 ,

2122 4817 2218 4868 καὶ
2249 4817 2342 4870 τοῦ
2371 4815 2542 4869 κακοῦ
2571 4817 2936 4888 ἀπαλλαγήσῃ
2981 4820 3208 4876 αὐτίκα.
3244 4822 3302 4873 ’0
3331 4822 3389 4875 δὲ
3417 4823 3492 4886 ὡς
3523 4825 3716 4895 φωνὴν

2123 4910 2377 4963 ἀκανθῶν
2430 4910 2536 4964 ὑπὸ
2583 4910 2810 4980 λέϐητα,
2857 4912 3001 4965 οὕτω
3060 4914 3187 4976 τοὺς
3247 4915 3456 4968 ἐκείνου
3511 4917 3715 4987 λόγους

2123 4999 2468 5069 ἠγεῖτοολῇδει
2491 4999 2598 5068 γάρ
2617 5001 2727 5068 ὅσῳ
2745 4999 3148 5070 χαλεπωτέροις
3169 5001 3397 5054 ὲπάλαιε
3411 5041 3428 5068 ,
3454 5002 3714 5074 λαμπρός

2121 5109 2277 5162 τερος
2312 5092 2556 5146 τοσούτω
2598 5093 2888 5160 γενόμενος
2941 5094 3289 5165 στεφανίτης.
3317 5092 3384 5148 Τί
3437 5089 3531 5148 οῦν
3563 5097 3717 5148 ἐκεῖ·

2122 5201 2214 5246 νος
2246 5187 2422 5248 ποιεῖ;
2457 5184 2656 5236 Καινὺν
2708 5184 3004 5253 ἐπιϐουλῆς
3045 5187 3250 5239 ἐπινοεῖ
3297 5187 3501 5256 τρόπον
3534 5189 3712 5257 αὐτῷ,

2126 5277 2214 5329 ἵνα
2253 5277 2330 5346 τῷ
2383 5277 2708 5346 ἀμελετήτῳ
2765 5278 2858 5328 καὶ
2893 5277 3054 5347 ἀήθει
3092 5279 3190 5349 τῆς
3229 5282 3501 5351 τιμωρίας
3548 5281 3717 5352 θορυο

2126 5369 2270 5440 ϐήσῃ
2308 5370 2398 5420 τὸν
2441 5368 2721 5438 ἀθλητήν·
2772 5368 2892 5431 ὅξος
2939 5370 3121 5421 τοίνυν
3163 5371 3407 5440 κεράσας
3455 5374 3570 5435 τοῖς
3609 5372 3711 5427 τοῦ

2129 5462 2405 5532 μάρτυρος
2431 5463 2610 5532 ἐπιχεῖ
2642 5463 2952 5533 μυκτῆρσιν
2974 5477 2988 5492 ·
3016 5465 3044 5515 ό
3068 5462 3128 5515 δὲ
3155 5466 3247 5516 καὶ
3271 5462 3414 5516 οὕτω
3441 5463 3602 5534 δῆλος
3643 5460 3717 5536 ἦν

2129 5551 2251 5622 μηδ’
2314 5551 2602 5620 ἡντιναοῦν
2658 5553 2963 5622 μεταϐολὴν
3033 5551 3139 5606 ὑπὸ
3223 5553 3316 5606 τοῦ
3374 5554 3717 5625 δριμυτάτου

2126 5645 2410 5712 κράματος
2443 5642 2654 5696 ἐκείνου
2710 5643 2922 5698 παθών.
2968 5646 3084 5697 Οὐκ
3119 5643 3364 5712 ἐνεγκὼν
3397 5645 3582 5714 τοίνυν
3611 5645 3717 5722 τῆν

2126 5733 2389 5805 αἰσχύνην
2419 5736 2445 5786 ὁ
2481 5734 2713 5805 πονηρὸς
2749 5736 2890 5806 ξύλῳ
2924 5736 3016 5791 τὸν
3045 5725 3287 5808 ἀθλητὴν
3316 5737 3404 5790 διὶ
3435 5737 3546 5790 τῶν
3564 5737 3677 5807 om;
3697 5767 3715 5778 -

2132 5827 2470 5900 ρετουμένων
2539 5828 2702 5882 αὑτοῦ
2727 5830 2793 5900 τῇ
2852 5829 3176 5902 παρανομίᾳ
3231 5829 3554 5901 προσέδησε,
3617 5833 3712 5886 καὶ
