4002 6470
349 378 452 444 741

1173 377 1641 441 MARTYBIUM
1680 378 1744 438 S.
1783 376 2168 438 TIlOPHIMl
2207 378 2304 438 ET
2343 378 2756 442 SOCIORUM.

3499 387 3604 451 742

343 488 658 554 καταξάνας
694 488 792 552 τὰς
832 488 1093 560 πλευρὰς,
1139 489 1234 544 καὶ
1267 489 1487 560 βαθείας
1519 491 1576 542 ἐν
1607 489 1799 551 αὐταῖς
1828 504 1918 540 τε»

2025 498 2074 542 et
2099 488 2264 543 latera
2293 488 2575 544 dilaniavit
2608 508 2622 545 :
2656 497 2710 544 et
2742 506 2866 545 cum
2899 490 2953 545 iu
2982 491 3060 546 eis
3100 491 3398 562 profundos
3425 497 3606 552 sulcos

346 581 466 652 μὼν
494 579 763 644 αὔλακας,
787 581 1036 651 αἱμάτων
1074 583 1371 653 ςκατήγαγε
1425 582 1728 652 ποταμούς.
1777 581 1836 634 '0
1865 581 1922 634 δὲ

341 675 456 741 ὅσῳ
485 672 688 742 μᾶλλον
717 671 861 742 ῆρθη
892 672 992 742 τῆς
1032 675 1154 744 γῆς,
1183 675 1427 741 τοσούτῳ
1455 675 1642 727 πλεῖον
1676 672 1919 742 ἐγγίζειν

341 764 523 817 ἐδόκει
556 763 677 833 Θεῷ
703 779 717 793 ·
750 764 866 826 καὶ,
903 763 1102 816 Πολλαὶ
1133 765 1190 816 αἱ
1223 765 1457 832 θλίψεις,
1503 767 1676 832 ἔλεγε,
1707 765 1816 818 τῶν
1846 763 1925 814 δι-

345 855 543 920 καίων,
576 857 673 907 καὶ
709 856 773 908 ἐκ
805 852 996 908 πασῶν
1039 855 1220 909 αὐτῶν
1251 857 1476 926 ῥύσεται
1510 857 1705 918 αὐτοὺς
1732 857 1760 907 6
1806 855 1923 907 Κύ-

346 965 489 1020 ριος.
532 947 808 1011 Διονύσιος
835 948 919 1015 δὲ,
963 949 1165 1002 τούτων
1189 947 1428 1011 ἀκούσας
1455 988 1471 1016 ,
1515 947 1580 1003 Ἢ
1623 947 1827 1017 ματαία
1862 963 1918 1000 σε

341 1041 489 1110 αὕτη
519 1041 697 1109 ἐλπὶς,
729 1039 870 1107 εἷπε,
908 1044 1210 1113 Τρόφιμος,
1244 1041 1342 1095 καὶ
1379 1041 1706 1109 κουφολογία
1731 1041 1921 1103 κακῶς

339 1131 558 1186 ἀπολεῖο
582 1133 666 1194 τίς
705 1133 816 1203 γὰρ
843 1149 922 1186 σοι
973 1133 1066 1184 καὶ
1097 1132 1204 1185 διπὸ
1239 1131 1350 1184 τῶν
1400 1131 1606 1183 ὀδυνῶν
1646 1130 1768 1198 ἥξει
1806 1129 1919 1182 τῶν

341 1225 632 1293 παρόντων
653 1228 948 1296 ῥυσόμενος
967 1241 984 1292 ;
1001 1222 1117 1278 ἀλλ’
1142 1222 1332 1288 ἐάσας,
1352 1223 1622 1294 παραινῶ,
1644 1223 1711 1275 τὰ
1727 1221 1916 1288 πολλὰ,

337 1318 435 1369 καὶ
499 1317 599 1387 τὴν
643 1316 806 1386 κενὴν
836 1315 904 1386 ἢν
939 1316 1117 1384 λέγεις
1149 1313 1526 1384 εὐδαιμονίαν,
1554 1312 1717 1365 θῦσον
1749 1328 1921 1382 προσ-

346 1408 512 1465 ελθὼν
558 1409 668 1470 τοῖς
702 1408 846 1471 θεοῖς
877 1421 892 1436 '
920 1408 1063 1462 οὕτω
1101 1409 1210 1479 γὰρ
1268 1408 1333 1461 ἂν
1371 1406 1540 1476 ὀνήσῃ
1595 1407 1788 1458 σαυτὸν
1825 1403 1921 1456 καὶ

341 1503 442 1555 οὐκ
495 1501 716 1565 ἄλλως,
761 1502 916 1554 Ἐπεὶ
989 1502 1163 1554 ταῦτα
1225 1499 1390 1570 ψόφοι
1445 1500 1604 1569 μόνον
1655 1498 1762 1549 εἰσὶ
1809 1496 1921 1549 τῶν

2025 580 2397 640 dissecuisset.
2439 582 2720 652 sanguinis
2757 583 2981 637 deduxit
3023 583 3238 640 ﬂuvios.
3294 584 3385 641 llle
3419 597 3602 642 autem

2023 685 2133 739 quo
2158 671 2320 726 altius
2348 673 2598 728 sublatus
2624 683 2740 728 erat
2763 689 2793 728 e
2827 686 2990 740 terra,
3017 693 3081 732 eo
3113 679 3285 747 magis
3321 679 3606 735 videbatur

2025 761 2136 816 Deo
2158 777 2278 817 esse
2296 755 2631 833 pr0pin'quus
2657 784 2668 818 :
2691 773 2766 830 et,
2793 765 2994 833 Multae,
3020 768 3259 832 dicebat,
3282 769 3602 828 alﬂictioncs

2017 852 2312 922 justorum,
2336 862 2390 908 et
2406 869 2471 908 ex
2494 855 2572 909 eis
2593 857 2847 912 omnibus
2869 858 3122 913 liberabit
3149 875 3243 914 eos
3267 860 3526 917 Dominus
3549 865 3592 921 ³.

2021 943 2314 1014 Dionysius
2333 954 2514 998 autem
2537 961 2660 1000 cum
2687 947 2802 1002 haec
2827 949 3126 1002 audivisset
3155 969 3168 1005 :
3198 951 3344 1006 Vana
3375 962 3426 1007 te
3453 970 3602 1022 spes,

2023 1031 2219 1102 inquit,
2251 1034 2572 1104 Trophime,
2602 1043 2658 1090 et
2698 1036 2834 1091 levis
2859 1037 3115 1105 cogitatio
3140 1041 3281 1096 male
3325 1043 3592 1110 perdunt.

2021 1122 2153 1186 Quis
2181 1124 2329 1178 enim
2360 1125 2426 1179 ad
2452 1133 2503 1178 te
2531 1125 2714 1180 veniet
2736 1142 2766 1180 e
2791 1128 2964 1193 caelis,
2993 1145 3022 1182 a
3054 1131 3414 1198 praesentibus
3447 1135 3606 1188 malis

2021 1214 2519 1272 liberaturus?Sed
2564 1222 2756 1284 multa,
2799 1219 2892 1274 tibi
2933 1221 3154 1286 suadeo,
3210 1227 3374 1278 verba
3414 1225 3604 1280 dimit-

2023 1314 2166 1371 tens,
2212 1316 2267 1362 et
2301 1323 2520 1372 vanam,
2551 1325 2710 1380 quam
2754 1310 2912 1378 dicis,
2954 1312 3292 1380 felicitatem,
3337 1317 3606 1372 accedens

2022 1397 2124 1452 diis
2162 1398 2429 1455 sacriﬁca.
2464 1398 2554 1454 Sic
2587 1400 2734 1455 enim
2766 1401 2861 1455 tibi
2893 1404 3163 1472 proderis.
3193 1416 3247 1460 et
3273 1421 3383 1459 non
3419 1407 3600 1464 aliter.

2015 1486 2154 1543 Nam
2190 1489 2304 1544 haec
2331 1500 2459 1545 sunt
2498 1492 2678 1547 solum
2713 1495 2996 1563 strepitus,
3033 1496 3124 1565 qui
3158 1497 3519 1553 effunduntur
3548 1499 3605 1554 in

339 1591 497 1644 ὢτων
527 1592 945 1662 καταχεόμενοι.
976 1590 1210 1644 Τούτων
1269 1593 1476 1652 ἐκεῖνος
1509 1587 1725 1642 ἁκούων
1753 1605 1918 1642 κατε-

2025 1595 2196 1634 aures.
2227 1582 2322 1636 His
2353 1582 2443 1636 ille
2492 1583 2715 1648 auditis,
2751 1584 3013 1640 irridebat
3061 1588 3308 1656 prasidts
3338 1589 3605 1658 improbi-

338 1684 477 1752 γέλα
503 1685 598 1753 τῆς
623 1684 718 1736 τοῦ
736 1683 1007 1754 ἡγεμόνος
1031 1683 1385 1753 κακουργίας.
1412 1681 1521 1734 Καὶ
1546 1685 1646 1734 οὐκ
1676 1680 1741 1734 ἄν
1768 1697 1917 1747 ποτε,

2025 1679 2206 1736 tatem,
2228 1684 2284 1728 et
2303 1692 2315 1727 :
2333 1671 2642 1744 Nunquam,
2664 1676 2918 1742 aiebat,lo
2938 1677 3180 1750 Dionysi,
3201 1680 3326 1734 dum
3351 1695 3446 1734 ero
3462 1683 3604 1752 apud

337 1773 514 1839 εἶπεν,
547 1778 604 1828 ἐν
629 1776 874 1845 ἐμαυτῷ,
905 1774 1173 1840 Διονύσιε,
1199 1773 1296 1838 ὢν,
1326 1773 1417 1826 τὸν
1452 1772 1582 1843 ἐμὸν
1641 1772 1796 1838 Θεὸν,
1828 1772 1919 1826 τὸν

2025 1780 2129 1828 me,
2158 1780 2338 1820 meum
2363 1767 2554 1831 Deum,
2580 1769 2672 1836 qui
2695 1779 2779 1823 est
2801 1786 2963 1823 verus
2989 1779 3044 1823 et
3064 1774 3240 1837 vivus,
3266 1775 3601 1844 negaverim.

337 1867 541 1933 ζῶντα,
570 1867 662 1919 τὸν
685 1869 882 1938 ἀληθῆ,
906 1865 1272 1937 ἀρνησαίμην.
1311 1865 1482 1934 Εἴπερ
1535 1858 1638 1917 οὖν’
1685 1879 1767 1915 σοι
1823 1862 1918 1915 καὶ

2025 1852 2075 1907 Si
2099 1864 2182 1910 est
2207 1870 2336 1925 ergo
2358 1857 2451 1911 tibi
2481 1856 2638 1912 facile
2662 1859 3055 1914 transformare
3081 1862 3354 1930 homines,
3383 1873 3439 1919 et
3472 1865 3606 1921 alios

339 1960 744 2029 μεταπλάττειν
764 1958 1080 2030 ἀνθρώπους
1109 1959 1290 2028 ῥᾴδιον
1305 1996 1322 2023 ,
1343 1958 1438 2010 καὶ
1458 1956 1650 2018 ἄλλους
1670 1954 1728 2019 ἐξ
1746 1954 1919 2007 ἄλλων

339 2052 535 2114 ποιεῖν,
569 2051 843 2121 προσδόκα
894 2067 948 2102 τι
989 2047 1118 2120 παρ’
1175 2049 1310 2119 ἐμοῦ
1343 2049 1436 2102 καὶ
1495 2047 1605 2099 τῶν
1659 2046 1920 2098 ἐναντίων

339 2145 470 2208 ῐσως
499 2145 749 2198 ἀκοῦσαν
781 2143 855 2206 ὡς
881 2143 1054 2212 ἔγωγε
1083 2145 1110 2196 6
1136 2141 1298 2204 αὐτὸς
1327 2139 1604 2211 ’Τρόφιμος
1631 2139 1918 2210 ὑπάρχων,

336 2235 530 2306 ὥσπερ
561 2235 624 2306 δὴ
655 2240 751 2288 καὶ
787 2233 884 2288 νῦν
909 2236 1049 2302 είμι,
1096 2234 1288 2287 θᾶττον
1317 2231 1660 2301 ἐπιλάθωμαι
1694 2231 1789 2284 αιοό
1826 2230 1919 2283 ἄν·

339 2330 560 2400 θρωπος
588 2323 726 2380 εἶναι
753 2325 786 2397 ἢ
815 2327 906 2382 τὸν
934 2326 1131 2379 οἰκεῖον
1182 2323 1459 2393 Δεσπότην
1515 2324 1613 2378 καὶ
1645 2328 1920 2393 Δημιουρ-

339 2423 438 2489 γὸν
468 2422 820 2490 ἀγνοήσαιμι.

412 2510 491 2566 8'.
510 2513 619 2564 Kal
649 2513 678 2563 6
706 2509 930 2582 ἡγεμών
949 2526 962 2539 ⁸
993 2508 1207 2578 Ὥσπερ
1237 2508 1285 2560 εί
1308 2506 1686 2578 παρῃνοῦμεν,
1712 2506 1917 2576 Τρόφι-

341 2623 466 2677 μος,
497 2606 572 2676 μὴ
604 2603 910 2674 ἀποστῆναί
955 2619 1014 2655 σε
1049 2601 1148 2673 τῆς
1178 2600 1489 2671 ὁμολογίας,
1512 2598 1650 2652 ἀλλὰ
1676 2602 1786 2658 τοίς
1819 2599 1920 2650 αὑ-

338 2701 454 2761 τοῖς
485 2697 748 2766 ἐμμένειν
779 2696 875 2748 καὶ
902 2695 996 2748 τοῦ
1051 2689 1492 2763 Χριστιανισμού
1533 2689 1916 2762 περίσχεσθαι,

337 2783 484 2837 οὕτω
518 2783 655 2856 πρὸς
685 2783 836 2852 ἡμᾶς
870 2781 1164 2852 ἀποκρίνῃ.
1199 2782 1310 2834 Kal
1346 2785 1473 2843 τοὺς
1518 2779 1747 2850 δημίους
1791 2783 1918 2832 ἐπι-

341 2879 630 2948 στραφεὶς,
657 2875 1046 2944 Σφοδρότερον,
1071 2874 1278 2942 ἔλεγεν,
1302 2873 1354 2925 εἴ
1374 2890 1492 2936 πως
1520 2871 1618 2941 ὀψὲ
1635 2870 1766 2939 γοῦν
1787 2869 1919 2922 ταύ-

337 2987 442 3040 της
466 2969 745 3038 ἀποσταίη
773 2968 872 3036 τῆς
889 2966 1178 3036 φλυαρίας.
1216 2965 1276 3018 ’0
1297 2965 1354 3017 δὲ
1383 2964 1591 3034 ἔπασχε
1613 2964 1712 3034 μὲν
1740 2964 1834 3015 καὶ
1860 2959 1921 3014 τὸ

341 3062 506 3131 σῶμα
526 3061 834 3114 ἐδαπανᾶτο
856 3075 871 3090 ·
903 3058 1120 3128 ἧκμαζε
1147 3058 1202 3109 δὲ
1249 3056 1344 3108 καὶ
1393 3055 1652 3109 ἀνέθαλλε
1685 3056 1751 3126 τῇ
1786 3069 1921 3123 προ·-

2023 1945 2204 2000 facere
2229 1962 2295 2002 ex
2326 1948 2466 2013 aliis,
2491 1960 2745 2020 exspecta
2775 1950 2912 2018 fore,
2932 1961 2990 2006 ut
3019 1970 3084 2009 ex
3124 1970 3210 2008 me
3240 1955 3443 2025 aliquid
3466 1957 3606 2012 forte

2019 2036 2212 2091 audias
2232 2041 2584 2094 contrarium.
2612 2041 2743 2095 Nam
2767 2057 2870 2112 ego
2892 2044 3110 2112 quidem
3129 2045 3258 2099 dum
3281 2063 3402 2100 sum
3431 2048 3602 2113 idem,

2021 2128 2112 2198 qui
2147 2145 2314 2195 nunc,
2349 2131 2699 2201 Trophimus,
2734 2134 3028 2190 obliviscar
3058 2137 3221 2191 citius
3259 2153 3384 2192 esse
3414 2139 3602 2204 homo,

2021 2235 2183 2290 quam
2231 2237 2412 2278 meum
2453 2225 2813 2295 ignoraverim
2856 2227 3144 2282 Dotniuum
3181 2238 3234 2283 et
3271 2228 3603 2288 Creatorem.

2093 2511 2186 2567 ιχ.
2231 2512 2435 2568 Ρηεεοε
2469 2523 2652 2568 autem
2689 2531 2704 2570 :
2741 2511 2979 2568 Perinde
3020 2515 3178 2570 nobis
3213 2517 3536 2586 respondes,
3569 2536 3604 2574 ο

2023 2602 2341 2674 Trophime,
2369 2613 2532 2674 atque
2557 2604 2601 2658 si
2642 2605 2736 2659 tibi
2765 2606 3150 2672 suaderemus,
3190 2621 3300 2662 non
3335 2609 3602 2666 desistere

2021 2713 2051 2752 a
2082 2697 2452 2759 confessione,
2501 2697 2597 2752 scd
2649 2697 2701 2750 in
2741 2698 2950 2753 eisdem
2983 2715 3358 2769 perseverare,
3385 2712 3442 2756 et
3481 2719 3602 2757 am-

2019 2787 2182 2858 plecti
2213 2786 2713 2841 Christianismum.
2749 2787 2819 2840 Et
2864 2803 3165 2842 conversus
3212 2789 3279 2842 ad
3331 2789 3598 2844 lictores:

2021 2879 2431 2940 Vehementius,
2461 2878 2659 2948 inquit,
2688 2879 2733 2933 si
2763 2883 3036 2948 quomodo
3065 2881 3281 2934 tandem
3306 2881 3376 2934 ab
3400 2881 3485 2934 his
3505 2881 3602 2934 de-

2019 2973 2172 3027 sistat
2197 2973 2375 3043 nugis.
2405 2973 2495 3026 llle
2521 2983 2702 3026 autem
2735 2973 3043 3043 patiebatur
3061 2975 3301 3043 quidem,
3326 2983 3380 3028 et
3401 2989 3599 3043 corpus

2021 3065 2070 3119 ei
2119 3064 2547 3119 consumebatur
2578 3080 2597 3119 :
2628 3064 2842 3134 vigebat
2875 3079 3004 3118 vero
3045 3080 3111 3119 ac
3161 3065 3386 3119 florebat
3431 3067 3598 3120 alacri

338 3153 543 3224 θυμία·
577 3153 671 3206 καὶ
699 3150 902 3220 θερμὸν
930 3143 1043 3202 οἷον
1077 3149 1218 3220 ὑπὲρ
1244 3145 1525 3207 εὐσεϐείας
1570 3145 1747 3198 ἔπνει.
1791 3146 1921 3195 Δια-

2025 3167 2382 3228 promptoque
2413 3156 2580 3212 animi
2631 3157 2836 3224 studio,
2865 3167 2918 3212 et
2955 3173 3052 3227 pro
3098 3158 3303 3227 pietate
3349 3159 3603 3212 decerta-

337 3248 556 3313 παίζων
609 3246 793 3300 τοίνυν
843 3245 935 3296 τὸν
993 3244 1163 3314 ἄνδρα
1187 3243 1216 3294 ό
1249 3239 1494 3312 ἡγεμὼν,
1535 3239 1722 3300 Οὔπω,
1761 3238 1919 3308 φησὶ,

337 3343 534 3413 ᾔσθου,
551 3340 824 3410 Τρόφιμε,
852 3336 960 3390 τῶν
986 3335 1235 3405 βασάνων
1255 3351 1271 3400 ;
1292 3335 1401 3387 Καὶ
1421 3335 1448 3386 ό
1470 3334 1678 3404 μάρτυς
1701 3333 1921 3396 αὐτίκα,

336 3438 408 3490 Σὲ
441 3434 646 3505 μᾶλλον
665 3428 804 3494 οἶδα,
833 3430 962 3499 ἔφη,
995 3428 1089 3480 τοῦ
1117 3425 1324 3488 πάθους
1345 3424 1730 3478 αἰσθάνεσθαιο
1762 3424 1922 3492 δῆλος

337 3529 448 3596 γὰρ
477 3522 528 3576 εἴ
567 3523 686 3574 λίαν
720 3521 825 3573 ὑπὸ
853 3519 945 3572 τοῦ
975 3518 1154 3587 θυμοῦ
1204 3515 1641 3586 τυραννούμενος
1661 3531 1673 3544 ·
1705 3513 1831 3583 ἐμοὶ
1864 3513 1922 3566 δὲ

334 3620 448 3688 ὅσῳ
493 3617 555 3670 τὸ
607 3616 766 3685 σῶμα
814 3610 1229 3673 καταναλοῦται,
1265 3607 1507 3676 τοσούτῳ
1576 3607 1764 3660 λύεται
1812 3605 1922 3658 τῶν

336 3709 556 3779 δεσμῶν
580 3707 676 3760 καὶ
710 3705 770 3758 τὸ
804 3705 923 3758 ὅλον
954 3701 1365 3771 ἐλευθεροῦται,
1391 3700 1485 3752 καὶ
1530 3697 1781 3765 θειοτέρα
1834 3697 1921 3764 γί-

337 3819 495 3856 νεται
545 3801 581 3870 ἡ
609 3798 777 3868 ψυχή.
799 3797 875 3849 Οὐ
907 3799 1015 3863 γὰρ
1048 3797 1285 3863 μένουσα
1332 3796 1390 3843 ἐν
1419 3789 1497 3860 τῷ
1530 3787 1743 3858 σώματι
1797 3803 1924 3839 συν-

342 3893 704 3964 αποθνήσκει,
725 3889 860 3942 αλλά
900 3892 1038 3956 πρὸς
1068 3887 1135 3939 τὰ
1169 3884 1478 3956 ποθούμενα
1514 3881 1799 3945 διαϐαίνει,
1830 3879 1923 3932 καὶ

336 3990 433 4043 τὸν
464 3989 662 4039 οἰκεῖον
699 3981 1081 4051 ἀπολαμϐάνει
1111 3977 1330 4046 κλῆρον.
1371 3973 1428 4029 Ὃ
1463 3976 1562 4044 μὲν
1615 3969 1708 4025 οὖν
1747 3970 1922 4024 ταῦτα

341 4083 532 4149 ἔλεγεν
555 4096 570 4110 ο
609 4079 657 4130 ol.
697 4076 882 4145 δὲ,μιοι
904 4073 961 4125 δὲ
989 4070 1260 4140 ἀλλήλους
1295 4069 1350 4121 ἐν
1379 4068 1457 4137 τῷ
1483 4066 1624 4130 ξέειν
1677 4064 1921 4133 διαδεχό-

343 4191 522 4244 μενοι,
547 4170 857 4243 βαρυτέρας
908 4165 1057 4236 αὐτῷ
1112 4164 1204 4225 τὰς
1255 4160 1445 4222 ὀδύνας
1496 4159 1743 4228 ἐπῆγον·
1784 4159 1812 4209 6
1845 4157 1922 4221 δὲ,

354 4264 680 4331 Ἐπίϐλεψον
703 4260 763 4324 ἐξ
798 4257 1030 4325 ούρανοῦ
1058 4255 1154 4306 καὶ
1177 4248 1338 4322 ῥῦσαί
1365 4267 1456 4320 με,
1479 4253 1506 4301 ὁ
1534 4249 1686 4312 θεὸς,
1712 4246 1920 4314 ἔλεγεν,

339 4360 410 4410 ἐκ
441 4357 536 4423 τῆς
572 4353 798 4421 παγίδος
846 4350 956 4402 τῶν
1006 4347 1375 4416 θηρευόντωνο
1419 4343 1504 4393 ὅτι
1543 4340 1607 4392 σὺ
1638 4337 1686 4390 εἷ
1723 4341 1756 4406 ἡ
1785 4337 1922 4389 ὑπο-

345 4451 482 4520 μονή
538 4464 663 4516 μου,
716 4445 911 4512 Κύριε.
976 4439 1089 4493 Καὶ
1147 4436 1321 4502 τούτῳ
1376 4432 1517 4502 ψιλῷ
1590 4432 1670 4500 τῷ
1715 4433 1919 4501 ῥήματι

2025 3251 2119 3306 bat
2169 3251 2546 3305 vehementer.
2601 3250 2738 3304 Eum
2787 3260 2969 3304 autem
3015 3249 3298 3304 ludificans
3338 3265 3541 3319 praeses
3590 3269 3600 3303 :

2023 3345 2298 3406 Nondum,
2335 3345 2534 3414 inquit,
2585 3342 2831 3403 sensisti,
2862 3357 2896 3396 ο
2936 3340 3257 3411 Trophime,
3291 3341 3607 3396 tormenta?

2023 3435 2222 3505 Martyr
2252 3444 2435 3488 autem
2469 3450 2483 3488 :
2514 3433 2653 3497 Jaiu,
2688 3432 2886 3502 inquit,
2918 3433 3033 3486 scio
3067 3441 3120 3486 te
3176 3432 3344 3503 magis
3397 3435 3604 3488 sentire

2023 3526 2430 3597 perpessionem
2469 3541 2484 3578 :
2539 3533 2726 3593 aperte
2766 3525 2913 3578 enim
2959 3524 3225 3584 ostendis.
3257 3524 3390 3578 iram
3445 3525 3503 3579 in
3553 3533 3608 3580 te

2024 3633 2272 3689 magnam
2294 3632 2548 3671 exercere
2573 3616 2939 3684 tyrannidem.
2973 3616 3104 3670 Mihi
3138 3633 3266 3670 vero
3288 3633 3400 3686 quo
3437 3619 3606 3689 magis

2024 3721 2225 3777 corpus
2271 3705 2632 3770 consumitur,
2677 3721 2744 3759 eo
2799 3704 2968 3775 magis
3017 3705 3246 3760 solvitur
3280 3721 3311 3760 a
3347 3709 3601 3768 vinculis.

2025 3799 2398 3866 liberaturque
2418 3797 2665 3860 omnino,
2689 3805 2742 3849 et
2766 3793 3018 3848 fitanima
3039 3795 3295 3848 divinior.
3319 3795 3434 3850 Non
3459 3797 3604 3850 enim

2024 3902 2252 3944 manens
2305 3888 2359 3942 in
2413 3903 2640 3957 corpore
2689 3903 2794 3940 una
2839 3901 2962 3940 cum
3006 3900 3071 3940 eo
3123 3887 3356 3939 moritur
3428 3904 3442 3940 :
3508 3889 3607 3942 sed

2028 3979 2225 4035 transit
2253 3977 2322 4032 ad
2351 3991 2417 4032 ea
2466 3992 2586 4046 qure
2620 3975 2928 4038 desiderat,
2961 3981 3015 4027 et
3071 3975 3342 4043 propriam
3406 3974 3599 4044 recipit

2025 4071 2424 4126 baereditatem.
2474 4067 2566 4121 Ille
2615 4067 2836 4136 quidem
2895 4064 3012 4118 haec
3063 4063 3279 4118 dicebat
3323 4080 3339 4128 ;
3383 4063 3607 4120 lictores

2025 4174 2206 4218 autem
2237 4177 2296 4217 se
2324 4161 2558 4215 invicem
2593 4161 2731 4213 alter
2755 4158 2984 4211 alterum
3015 4157 3372 4226 excipientes,
3402 4156 3452 4210 ei
3483 4171 3605 4227 gra-

2025 4256 2206 4309 viores
2248 4252 2467 4307 dolores
2509 4250 2832 4304 aﬂerebant.
2874 4247 2966 4302 Ille
3013 4259 3194 4303 autem
3235 4264 3249 4300 :
3296 4247 3498 4317 Aspice
3534 4248 3604 4302 de

2025 4347 2186 4411 caelo,
2213 4353 2269 4400 et
2291 4359 2378 4399 me
2404 4344 2594 4405 libera,
2623 4341 2858 4408 dicebat,
2887 4339 3050 4407 Deus,
3075 4341 3142 4395 de
3171 4339 3368 4410 laqueo
3399 4355 3602 4395 venan-

2026 4439 2184 4493 tium.
2231 4435 2497 4502 Quoniam
2530 4444 2584 4487 tu
2633 4447 2694 4488 es
2728 4433 2990 4503 patientia
3026 4447 3168 4494 mea,
3209 4430 3497 4485 Domine'.
3542 4430 3607 4485 Et

341 4547 512 4601 πολλὰ
543 4543 638 4612 τὴ]
666 4540 760 4593 τοῦ
785 4535 1052 4608 ἡγεμόνος
1083 4532 1316 4600 ἔπληττε
1365 4527 1631 4596 κεφαλὴν,
1650 4527 1746 4579 καὶ
1777 4526 1919 4577 κατὰ

2025 4531 2127 4584 hoc
2157 4529 2273 4584 solo
2305 4528 2474 4581 Verbo
2501 4525 2654 4579 valde
2682 4524 2951 4594 percussit
2969 4532 3132 4592 caput
3165 4522 3437 4590 praesidis,
3465 4529 3520 4575 et
3549 4521 3604 4574 in

339 4641 441 4709 τῆς
471 4635 749 4707 μακαρίας
785 4628 979 4682 ἑαυτοῦ
1009 4626 1252 4694 κεφαλῆς
1295 4622 1424 4693 ὅλην
1454 4620 1669 4674 ἐκείνου
1701 4617 1800 4687 τὴν
1837 4616 1925 4670 δᾴ-

341 4749 513 4800 ναμιν
538 4731 635 4779 καὶ
665 4726 763 4793 τὴν
799 4720 996 4790 μανίαν
1027 4719 1216 4771 ἐκίνει.
1249 4715 1470 4784 Ἀμέλει
1515 4714 1608 4766 καὶ
1648 4709 1780 4772 ἅλας
1841 4710 1924 4771 εἰς

339 4823 462 4887 ὅξος
491 4816 768 4886 ἐμϐαλὼν,
799 4813 894 4864 καὶ
915 4812 1016 4880 τὴν
1063 4808 1270 4860 ἐκείνου
1299 4804 1605 4874 δριμύτητα
1627 4803 1692 4870 τῇ
1721 4801 1926 4852 τούτων

340 4914 494 4982 ἆλμῃ
524 4909 789 4978 κεράσας.
816 4905 928 4955 τῶν
960 4900 1054 4954 τοῦ
1086 4901 1362 4970 μάρτυρος
1391 4896 1610 4949 ἐκέλευε
1637 4891 1924 4961 καταχέειν

341 5006 674 5076 τραυμάτων
697 5038 712 5064 ,
740 4997 924 5066 ταύτῃ
945 4995 1086 5048 ἑλεῖν
1125 4993 1216 5045 τὸν
1263 4991 1367 5060 τῆς
1391 4985 1689 5056 εεὺσεϐείας
1724 4985 1927 5051 ἀγωνι-

343 5099 477 5167 σ;ἡν
510 5097 778 5164 οἰόμενος.
807 5092 904 5142 Ἂν
923 5089 981 5141 δὲ
1016 5088 1110 5140 xal
1133 5085 1208 5157 μὴ
1234 5085 1362 5148 ἕλω,
1389 5083 1578 5152 φησιν,
1603 5080 1894 5133 ἀσθενέστε
1911 5103 1927 5114 -

344 5209 437 5261 ρον
473 5191 516 5242 δ’
544 5187 638 5239 οὖν
677 5189 823 5255 ὅμως
856 5179 1166 5252 παρέξομαι
1203 5178 1339 5247 πρὸς
1369 5177 1436 5230 τὰ
1475 5168 1926 5244 μέλλοντα.¹Λλλ⁹

339 5289 368 5336 6
399 5280 769 5354 δρισσόμενος
797 5279 924 5339 τοὺς
957 5273 1154 5342 σοφοὺς
1184 5272 1242 5323 ἐν
1271 5272 1339 5340 τῇ
1377 5266 1688 5337 πανουργίᾳ
1721 5263 1925 5328 αὐτῶν,

338 5384 485 5432 κατα
513 5378 611 5445 τῆς
635 5371 844 5424 ἐκείνου
876 5369 1078 5439 μᾶλλον
1104 5364 1300 5427 κακίας
1341 5363 1402 5415 τὸ
1440 5361 1682 5430 σόφισμα
1735 5360 1926 5427 περιέ-

339 5484 534 5540 τρεπε.
563 5468 676 5519 Καὶ
708 5468 736 5517 6
779 5465 1010 5534 μάρτυς,
1049 5459 1208 5512 οὕτω
1241 5456 1444 5519 τοίνυν,
1463 5447 1509 5507 ὦ
1531 5451 1781 5522 ἡγεμὼν,
1808 5451 1925 5502 ἐλε-

341 5583 462 5637 γεν,
486 5564 548 5616 οὐ
584 5557 985 5632 διαρρυῆσεταί
1028 5572 1120 5625 μοι
1147 5555 1208 5607 τὸ
1238 5552 1420 5622 σῶμα,
1459 5549 1581 5603 οὐδὲ
1605 5548 1889 5618 οἰχήσεται
1908 5559 1922 5574 ·

338 5660 403 5712 τὸ
440 5655 687 5710 ἐναντίον
714 5654 812 5723 μὲν
837 5647 930 5705 οὖν
959 5648 1108 5703 ἆπαν
1149 5647 1244 5700 καὶ
1291 5644 1442 5714 ὑγιὲς
1475 5641 1607 5697 αὐτὸ
1649 5639 1851 5711 μᾶλλον
1877 5638 1926 5691 οἱ

419 5841 435 5873 ¹
463 5836 610 5895 Psal.
644 5848 834 5902 nam,
860 5829 953 5886 20.
1031 5828 1050 5860 ³
1081 5826 1224 5884 Psal.
1255 5839 1342 5894 xc,
1385 5825 1439 5880 5.

2021 4624 2240 4678 beatum
2274 4631 2432 4673 suum
2465 4626 2626 4684 caput
2657 4615 2966 4670 universam
2996 4613 3104 4667 vim
3137 4613 3284 4667 illius
3328 4613 3498 4667 movit
3547 4623 3604 4668 et

2023 4711 2314 4769 insaniam.
2346 4707 2532 4776 Itaque
2563 4719 2688 4758 cum
2725 4705 2894 4759 saleni
2941 4702 3221 4774 iujecisset
3267 4703 3320 4754 in
3363 4711 3604 4764 acetum,

2023 4814 2072 4858 et
2115 4801 2278 4870 hujus
2316 4797 2675 4854 acrimoniam
2716 4795 2864 4849 illius
2900 4803 3264 4862 temperasset
3309 4793 3604 4857 salsedine,

2019 4897 2262 4967 jussitea
2294 4890 2586 4947 infundere
2608 4888 2662 4941 iu
2681 4887 2906 4941 vulnera
2931 4883 3204 4954 martyris,
3230 4884 3310 4937 sic
3329 4883 3607 4937 arbitrans

2025 5002 2084 5043 se
2115 4993 2552 5056 expugnaturum
2586 4979 2846 5033 athletam
2897 4975 3136 5046 pietatis.
3183 4974 3339 5039 Quod
3390 4974 3434 5028 si
3493 4988 3604 5028 non

2025 5091 2433 5149 expugnavero,
2453 5074 2655 5135 aiebat,
2678 5078 2772 5124 aut
2799 5068 3206 5123 imbecilliorem
3233 5081 3358 5120 eum
3386 5066 3605 5120 reddam

2026 5171 2094 5224 ad
2118 5171 2323 5225 futura.
2347 5166 2454 5221 Sed
2479 5165 2572 5234 qui
2616 5158 3032 5232 comprehendit
3059 5157 3334 5227 sapientes
3365 5159 3420 5210 in
3455 5165 3606 5211 astu-

2027 5265 2100 5319 tia
2136 5275 2350 5325 eorum,
2393 5259 2470 5322 id,
2508 5257 2651 5328 quod
2681 5253 3098 5325 excogitaverat,
3130 5249 3609 5306 convertitadver-

2033 5371 2130 5412 sus
2157 5356 2300 5409 illius
2329 5353 2608 5407 malitiam.
2644 5350 2710 5403 Et
2743 5356 2983 5417 martyr;
3013 5342 3122 5408 Sic,
3146 5343 3304 5407 dixit,
3327 5357 3361 5398 ο
3389 5355 3608 5412 praeses,

2034 5463 2232 5520 corpus
2261 5461 2442 5500 meum
2475 5457 2586 5498 non
2610 5441 2838 5504 difﬂuet,
2867 5453 2970 5493 nec
2999 5436 3234 5507 peribit;
3265 5434 3376 5488 imo
3394 5443 3606 5498 contra,

2033 5543 2116 5599 sal
2148 5539 2368 5612 quidem
2400 5538 2578 5609 ipsum
2620 5530 2966 5590 conservabit
3016 5542 3211 5585 sanum
3233 5534 3296 5582 et
3321 5525 3611 5582 confirma-

2035 5634 2117 5690 bit
2154 5641 2211 5691 et
2244 5627 2621 5688 corroborabit
2655 5625 2921 5683 adversus
2953 5632 3080 5681 tuos
3106 5620 3366 5691 insultas,
3388 5618 3526 5675 adeo
3547 5627 3606 5674 ut
