4002 6494
365 409 476 472 743

1605 395 1890 460 MENSIS
1920 391 2394 455 SEPTEMBER.

3535 381 3643 447 744

368 518 516 587 ipsos
541 521 781 585 superet,
801 523 856 568 et
878 511 1234 567 calliditatem
1255 509 1437 564 vincat
1454 509 1776 566 adversarii.
1797 507 1955 563 Tunc
1981 560 1982 563 η

2088 503 2188 568 ,λες
2241 484 2630 575 διατηρήσουσι
2678 503 2772 556 καὶ
2831 502 3071 573 ρώσουσι
3130 499 3268 570 πρὸς
3345 497 3448 560 τὰς
3489 498 3646 567 παρὰ

367 623 492 662 cum
521 606 888 678 seipsojudex
929 603 1194 659 evasisset
1241 603 1453 666 saevior,
1489 601 1643 671 jubet
1683 600 1956 672 lampades

2088 596 2150 649 οὖ
2182 594 2665 660 ἑπιΰουλὰς,’ὥστε
2717 596 2810 648 καὶ
2871 592 3260 664 περιγενέσθαι
3311 587 3647 652 «summ

369 699 645 754 admoveri
669 697 928 752 lateribus
946 694 1147 766 egregii
1165 695 1447 760 martyris:
1470 693 1543 748 Ut
1572 709 1695 763 qua:
1721 701 1953 759 restant,

2053 689 2331 758 κρατῆσαι
2377 688 2478 756 τῆς
2526 687 2622 740 τοῦ
2681 687 3065 756 ἀντικειμένου
3103 683 3487 752 κακοτεχνίας.
3525 682 3646 734 Ἐν-

370 791 572 853 aiebat,
602 803 797 842 carnes
841 786 980 857 ignis
1017 795 1327 840 consumat.
1352 785 1528 854 Atque
1559 784 1683 854 igne
1733 784 1953 852 quidem

2088 779 2227 831 αὖθα
2247 777 2628 848 χαλεπώτερος
2659 778 2819 840 αὐτὸς
2844 776 3039 831 ἑαυτοῦ
3068 775 3311 844 γεγονὼς
3331 777 3358 826 ό
3376 773 3640 837 δικάζων,

375 878 720 932 minuebatur
761 885 816 932 et
845 877 1275 931 consumebatur
1309 890 1458 938 caro,
1500 875 1726 945 martyri
1766 885 1952 930 autem

2088 871 2345 942 αμπάδας
2379 870 2548 940 πυρὸς
2584 869 2800 924 κελεύει
2831 867 3224 945 προσάγεσθαι⁸
3241 868 3364 929 ταῖς
3393 865 3490 918 τοῦ
3512 881 3639 933 γενοο

375 968 547 1038 magis
584 968 798 1039 vigebat
852 968 1246 1036 crescebatqne
1301 965 1472 1020 animi
1518 965 1852 1019 institutum.
1890 964 1956 1019 Et

372 1059 656 1114 videbatur
691 1059 913 1128 quidem
953 1059 1159 1112 sentire
1207 1068 1486 1112 externam
1526 1055 1824 1120 ﬂammam,
1855 1054 1957 1112 ﬂa-

376 1153 570 1224 grabat
602 1161 784 1207 autem
821 1166 916 1206 cor
937 1152 1056 1222 ejus
1093 1150 1300 1221 majore
1331 1147 1534 1211 Christi
1555 1147 1849 1203 desiderio.

445 1506 516 1560 Χ.
547 1503 673 1560 Haec
719 1512 1008 1575 postquam
1051 1502 1234 1558 omnia
1283 1501 1446 1557 simul
1489 1501 1702 1557 fortiter
1747 1501 1966 1558 tulisset

2065 939 2218 1018 va‘iou
2245 939 2510 1033 πλευραῖς
2529 979 2543 994 ο
2591 962 2679 1024 Ὦς
2705 961 2770 1015 ἃν
2797 959 2867 1013 τὰ
2891 939 3334 1028 περιλειφθέντα,
3363 957 3519 1027 φησὶ,
3537 957 3649 1010 τῶν

2069 1054 2290 1125 σαρκῶν
2343 1053 2405 1106 τὸ
2459 1052 2570 1123 πῦρ
2623 1050 3003 1120 ὲπινεμηθείη.
3035 1050 3239 1120 Ἔληγε
3296 1049 3394 1117 μὲν
3445 1043 3541 1101 οὖν
3573 1040 3653 1116 τῷ

2068 1144 2201 1214 πυρὶ
2235 1141 2330 1198 καὶ
2356 1139 2622 1196 ἀνειλοῦτο
2646 1142 2680 1210 ή
2711 1140 2871 1212 σάρξ,
2907 1141 2938 1210 ἡ
2973 1141 3293 1208 προαίρεσις
3315 1137 3370 1190 δὲ
3394 1136 3471 1206 τῷ
3508 1137 3656 1206 μάρ-

2078 1252 2208 1307 τυρι
2245 1233 2452 1304 μᾶλλον
2501 1233 2654 1303 ἤνθει
2691 1248 2705 1262 ⁸
2740 1235 2833 1285 καὶ
2893 1231 3055 1301 ἐκῴει
3119 1230 3284 1301 μηδὲν
3327 1230 3425 1299 τῆς
3452 1228 3655 1293 ἔξωθεν

2075 1327 2274 1396 φλογὸς
2315 1323 2764 1380 ὲπαισθάνεσθαιο
2829 1323 3150 1392 θερμοτέρῳ
3205 1322 3317 1390 γὰρ
3369 1319 3522 1390 πόθῳ
3573 1317 3655 1389 τῷ

2064 1421 2206 1489 πρὸς
2242 1421 2480 1490 Χριστὸν
2508 1419 2776 1473 ὲκέκαυτο
2800 1418 2898 1488 τὴν
2925 1419 3178 1485 καρδίαν.

2135 1512 2194 1567 1⁸.
2219 1512 2406 1566 Ταῦτα
2436 1511 2624 1581 ἐπειδὴ
2659 1511 2754 1565 καὶ
2783 1510 2919 1581 όμοῦ
2972 1513 3152 1563 πάντα
3188 1507 3452 1576 γενναίως
3486 1509 3654 1580 ἠνεγ-

377 1599 739 1668 Tropliimus.
797 1597 1268 1664 admirationeque
1291 1612 1355 1650 ac
1384 1605 1607 1666 stupore
1629 1605 1799 1651 totum
1831 1593 1966 1648 atl‘e-

2088 1616 2128 1653 ιε
2185 1599 2492 1672 Τρόφιμος,
2531 1603 2626 1651 καὶ
2648 1597 2771 1652 ὅλον
2811 1602 2891 1662 εἰς
2924 1597 3184 1666 ἔκπληξιν
3236 1597 3414 1667 ἦγαγε
3467 1581 3657 1650 Διονύ-

377 1691 544 1744 cisset
569 1691 903 1760 Dionysium,
929 1704 958 1742 e
997 1689 1142 1759 ligno
1171 1688 1390 1758 quidem
1417 1687 1752 1756 deponitur;
1792 1685 1964 1740 tradi-

383 1790 468 1835 tur
495 1791 674 1835 autem
707 1779 936 1844 carceri,
962 1794 1031 1833 ne
1067 1795 1192 1833 eum
1220 1780 1439 1849 quidem
1483 1779 1780 1848 benignum
1807 1792 1961 1832 asse-

380 1881 560 1938 cutus,
602 1872 694 1926 sed
729 1872 782 1925 in
819 1872 970 1941 ligno
1010 1869 1274 1933 inclusus,
1310 1880 1366 1924 et
1407 1885 1510 1924 nec
1548 1869 1711 1923 tibias
1740 1868 1964 1938 quidem

379 1963 566 2016 valens
603 1962 919 2016 extendere.
961 1961 1195 2027 Quidam
1243 1970 1425 2015 autem
1456 1958 1824 2030 Dorymedon,
1884 1957 1968 2012 vir

381 2054 475 2123 qui
503 2063 559 2108 et
598 2053 812 2108 colebat
843 2054 1121 2124 pietatem,
1170 2063 1224 2106 et
1263 2052 1553 2106 exercebat
1584 2051 1864 2115 virtutem,
1916 2057 1970 2104 et

383 2146 525 2199 inter
554 2153 836 2200 senatores
879 2146 1115 2213 primum
1146 2145 1370 2196 tenebat
1412 2141 1617 2205 locum,
1658 2141 2002 2212 ingrediens,

383 2251 680 2300 carcerem,
712 2247 766 2290 et
793 2251 982 2290 curam
1021 2240 1242 2306 gerebat
1268 2233 1544 2303 martyris,
1576 2242 1630 2287 et
1683 2233 1971 2304 absterge—

384 2329 476 2383 bat
509 2331 756 2394 vulnera,
799 2339 851 2384 et
892 2329 1100 2383 saniem
1130 2327 1465 2384 emundabat
1500 2344 1512 2385 :
1545 2327 1744 2381 deinde
1790 2328 1974 2383 linteis

388 2423 706 2477 involvebat
737 2433 793 2477 et
832 2423 1106 2492 alligabat,
1131 2431 1297 2490 atque
1328 2421 1373 2474 ei
1406 2435 1624 2475 onmem
1667 2421 1827 2475 aliam
1873 2423 1976 2477 ad-

388 2515 614 2569 hibebat
655 2515 1022 2579 curationem,
1061 2523 1115 2568 et
1145 2513 1328 2583 aliquo
1357 2512 1584 2585 quidem
1621 2524 1864 2584 tempore
1899 2514 1978 2568 la-

390 2608 540 2661 tebat
593 2608 708 2662 haec
759 2607 987 2663 faciens.
1045 2605 1242 2662 Postea
1288 2615 1474 2661 autem
1527 2621 1652 2661 cum
1699 2607 1978 2661 venissent

388 2699 694 2762 Dioscoria,
727 2701 779 2754 id
820 2711 925 2765 est,
979 2699 1178 2754 festum
1226 2698 1465 2754 Castoris
1509 2708 1564 2754 et
1613 2697 1873 2764 Pollucis,
1923 2707 1980 2754 et

390 2791 606 2863 Synade
648 2792 767 2846 dies
800 2792 972 2846 festus
993 2792 1250 2862 praeclare
1273 2790 1664 2854 celebraretur,
1693 2789 1832 2844 festo
1854 2789 1979 2859 qui-

390 2885 512 2940 dem
546 2887 809 2940 intererat
839 2888 1128 2943 universus
1167 2892 1416 2947 senatus,
1450 2883 1599 2938 solus
1638 2892 1823 2938 autem
1880 2882 1979 2936 ab-

388 2986 505 3030 erat
523 2977 882 3046 Dorymedon.
907 2975 1112 3030 Deinde
1132 2991 1254 3028 cum
1273 2989 1471 3044 praeses
1493 2989 1618 3028 eum
1641 2972 1980 3037 accersisset,

392 3083 464 3122 ne
489 3070 565 3122 sic
590 3070 809 3139 quidem
843 3069 1094 3131 accessit,
1125 3067 1437 3142 signiﬁcans
1468 3064 1634 3135 quod,
1678 3079 1806 3118 cum
1835 3072 1985 3120 esset

2065 1707 2202 1756 σιον,
2238 1691 2540 1757 κατάγεται
2583 1692 2683 1759 μὲν
2735 1688 2828 1742 τοῦ
2873 1689 3028 1754 ξύλου
3063 1689 3092 1741 ὁ
3134 1689 3377 1758 ἀθλητής
3405 1702 3424 1720 ο
3466 1688 3547 1758 τῷ
3572 1689 3659 1742 δε-

2069 1783 2378 1854 ημωτηρίω
2401 1782 2457 1835 δὲ
2493 1781 2866 1852 παραδίδοταις
2891 1781 3013 1836 οὐδὲ
3031 1782 3222 1835 τούτου
3263 1780 3539 1850 ἐπιτυχὼν
3568 1797 3659 1848 φι-

2073 1873 2421 1946 λανθρώπου,
2474 1875 2614 1928 ἀλλὰ
2671 1873 3093 1938 κατακλεισθεὶς
3140 1876 3199 1928 ὲν
3231 1873 3310 1942 τῷ
3360 1872 3504 1941 ξύλῳ
3565 1873 3663 1925 καὶ

2081 1965 2220 2035 μηδὲ
2250 1966 2560 2019 ἀποτείνειν
2626 1964 2696 2017 τὰ
2739 1965 2905 2035 σκέλη
2948 1963 3270 2033 δυνάμενος.
3333 1960 3664 2032 Δορυμέδων

2075 2055 2134 2113 δέ
2171 2072 2257 2118 τις
2285 2055 2427 2124 ἀνὴρ
2462 2053 2750 2108 εὐσέϐειάν
2783 2071 2842 2106 τε
2876 2053 3050 2122 τιμῶν
3085 2053 3180 2104 καὶ
3221 2051 3423 2124 ἀρετὴν
3444 2048 3658 2119 μετιὼν

2078 2148 2176 2198 καὶ
2209 2146 2362 2214 παρὰ
2403 2145 2720 2214 βουλευτκῖς
2749 2145 2858 2197 τῶν
2909 2144 3199 2214 πρωτείων
3227 2141 3558 2214 ὴξιωμὲνος,
3578 2142 3662 2205 εἰς

2077 2237 2138 2289 τὸ
2171 2236 2548 2306 δεσμωτήριον
2600 2233 2809 2300 εἰσιὼν,
2864 2234 3191 2306 ὲπεμελεῑτό
3231 2251 3294 2286 τε
3331 2233 3425 2286 τοῦ
3452 2233 3666 2303 μάρτυ-

2084 2346 2199 2400 ρος,
2226 2328 2410 2381 καὶτὰ
2446 2326 2745 2403 τραύματα
2800 2328 3059 2397 περίεστε,
3109 2326 3205 2379 καὶ
3265 2324 3397 2386 τοὺς
3458 2323 3667 2393 ἰχῶρας

2082 2423 2438 2492 ἀπέματτεν,
2470 2417 2590 2473 εἶτα
2635 2422 2728 2473 καὶ
2775 2419 3018 2482 ὁθονίους
3051 2416 3318 2490 περιείλει
3395 2417 3492 2469 καὶ
3533 2431 3670 2469 κατ-

2083 2512 2308 2582 εδέσμει
2333 2553 2346 2576 ,
2386 2513 2482 2566 καὶ
2517 2513 2698 2566 πᾶσαν
2723 2511 2891 2582 ἄλλην
2921 2511 3223 2581 θεραπείαν
3277 2508 3550 2578 προσῆγε,
3576 2506 3672 2560 καὶ

2084 2607 2277 2677 χρόνον
2307 2605 2410 2673 μέν
2427 2621 2560 2664 τινα
2586 2603 2760 2677 ποιῶν
2819 2601 3016 2668 οὕτως,
3053 2601 3352 2655 ἐλάνθανεν
3385 2616 3399 2631 °
3432 2600 3672 2669 ὕστερον

2082 2696 2268 2751 δὲτῶν
2331 2697 2667 2768 Διοσκορίων
2731 2696 3099 2759 ἐπιστάντων,
3159 2693 3400 2762 καὶτῆς
3467 2691 3676 2763 ἑορτῆς

2087 2791 2315 2861 περὶτὰ
2353 2791 2563 2863 Σύμαδα
2593 2789 2856 2860 λαμπρᾶς
2885 2789 3186 2859 ἀγομένης,
3243 2789 3276 2858 ἠ
3345 2787 3446 2856 μὲν
3505 2785 3675 2856 βουλὴ

2089 2885 2240 2937 πᾶσα
2285 2886 2351 2953 τῇ
2387 2881 2696 2953 πανηγύρει
2729 2881 2991 2951 παρῆσαν
3028 2896 3043 2910 ·
3077 2881 3239 2950 μόνος
3268 2879 3326 2936 δὲ
3377 2878 3676 2933 ἀπολέλεις

2089 2992 2195 3029 me
2217 2975 2542 3046 Δορυμέδων
2571 2991 2586 3006 ·
2624 2965 2860 3028 εῐτακαὶ
2895 2973 3420 3044 μετακαλεσαμένου
3473 2971 3678 3026 τοῦτον

2089 3067 2185 3120 τοῦ
2216 3067 2508 3142 ἡγεμόνος,
2543 3067 2666 3120 οὐδὲ
2691 3065 2838 3119 οὕτω
2872 3065 3100 3136 παρῄει,
3133 3065 3383 3135 δηλώσας
3411 3065 3498 3117 ὅτι
3533 3064 3676 3137 Χρι-

392 3156 737 3212 Christianus
779 3157 1002 3210 minime
1041 3171 1166 3210 eum
1219 3164 1498 3223 eporteret
1551 3153 1864 3208 sacriﬁcare
1907 3151 1982 3207 si-

2093 3161 2310 3215 στιανὸν
2339 3160 2467 3213 ὄντα
2495 3176 2586 3230 με,
2615 3159 2818 3231 ἥκιστα
2842 3159 2994 3219 θύειν
3019 3158 3264 3220 εἰδώλοις
3317 3157 3414 3210 καὶ
3441 3156 3675 3228 δαίμοσι

397 3248 650 3302 mulacris
694 3257 748 3302 et
792 3247 1152 3302 dmmonibus.
1207 3245 1343 3301 Cum
1397 3261 1526 3317 ergo
1581 3245 1813 3300 fuissent
1866 3245 1983 3300 hac

397 3339 712 3392 renuntiata
749 3339 1030 3407 Dionysio,
1064 3338 1149 3396 vel
1189 3338 1419 3397 invitum
1452 3353 1578 3392 eum
1614 3337 1838 3392 adducit
1884 3352 1982 3407 per

396 3425 683 3487 satellites,
716 3433 771 3478 et
801 3434 957 3493 rogat
997 3439 1242 3488 causam,
1282 3436 1506 3496 propter
1538 3442 1702 3498 quam
1749 3442 1858 3480 non
1891 3441 1984 3480 ve-

396 3515 570 3570 nisset
590 3518 655 3570 ad
682 3516 906 3582 festum,
936 3517 1099 3586 idque
1123 3519 1190 3572 ab
1213 3533 1280 3572 eo
1303 3519 1625 3578 accersitus.
1653 3519 1746 3573 llle
1766 3529 1983 3579 autem:

397 3608 478 3663 Ad
509 3607 612 3660 alia
646 3608 890 3676 quidem,
933 3607 1150 3678 inquit,
1183 3625 1216 3662 ο
1261 3625 1486 3678 praeses,
1532 3609 1588 3663 in
1617 3610 1814 3680 quibus
1849 3610 1985 3664 nihil

331 3769 333 3771 ι
399 3700 713 3754 detrimenti
741 3709 1031 3769 acceptura
1050 3700 1358 3764 estanima,
1385 3715 1668 3770 nunquam
1692 3715 1805 3756 non
1833 3699 1982 3764 veni,

396 3791 442 3845 si
475 3799 529 3844 tu
563 3805 649 3843 me
676 3791 901 3855 vocasti,
932 3806 1110 3860 neque
1142 3791 1302 3847 ullam
1335 3792 1490 3845 attuli
1523 3793 1936 3848 excusationem
1967 3809 1983 3846 :

401 3884 492 3937 ubi
525 3893 705 3937 autem
751 3899 840 3937 res
869 3891 1082 3952 spectat
1127 3883 1194 3936 ad
1235 3882 1626 3937 detrimentum
1669 3883 1892 3949 animae,
1925 3890 1987 3942 et

400 3992 430 4028 a
465 3974 574 4028 Deo
597 3975 1004 4039 alienationem,
1033 3989 1143 4028 non
1169 3991 1291 4044 ego,
1322 3975 1419 4044 qui
1461 3990 1574 4028 non
1608 3975 1840 4040 accessi,
1865 3989 1988 4030 sum

401 4082 569 4121 causa
599 4069 742 4136 quod
776 4083 888 4120 non
920 4069 1268 4129 accesserim,
1301 4067 1394 4121 sed
1423 4068 1469 4122 is
1495 4068 1587 4141 qui
1615 4067 1685 4122 ad
1715 4082 1780 4122 ea
1806 4077 1986 4128 vocat.

473 4155 572 4210 XI.
614 4157 751 4210 Cum
793 4157 910 4210 haec
945 4167 1130 4212 autem
1161 4158 1422 4215 audiisset
1483 4173 1707 4228 praeses.
1749 4174 1870 4229 qua:
1922 4158 1992 4214 de

405 4248 808 4320 Dorymedonte
849 4263 918 4303 ne
952 4262 1230 4320 sperasset
1260 4248 1486 4318 quidem
1539 4264 1801 4318 unquam,
1831 4265 1904 4311 ne
1943 4250 1992 4306 si

401 4342 546 4397 Deus
576 4341 796 4410 quidem
824 4342 1186 4411 praedixisset,
1221 4341 1379 4395 valde
1409 4339 1636 4409 quidem
1671 4341 1777 4396 fuit
1803 4342 1994 4403 obstu-

403 4433 675 4505 pefactus.
708 4434 774 4486 Et
801 4448 927 4488 cum
956 4439 1182 4503 prapter
1211 4447 1326 4486 rem
1350 4433 1688 4502 inepinatam
1715 4449 1785 4488 ne
1808 4433 1993 4504 plures

2083 3255 2212 3328 χρή,
2260 3253 2349 3317 Ὠς
2365 3251 2459 3312 οὖν
2490 3251 2781 3322 ἀπηγγέλη
2821 3250 2998 3306 ταῦτα
3059 3249 3344 3318 Διονυσίῳ,
3409 3249 3533 3317 ἄγει
3572 3249 3677 3302 καὶ

2083 3347 2290 3400 ἄκοντα
2312 3345 2401 3397 διὰ
2453 3343 2564 3397 τῶν
2591 3343 2910 3415 δορυφόρων
2970 3343 3156 3407 αὐτὸν,
3224 3344 3318 3396 καὶ
3355 3341 3452 3412 τὴν
3491 3342 3681 3394 αἰτίαν

2085 3437 2443 3500 πυνθάνεται,
2477 3435 2548 3497 δι’
2583 3438 2650 3504 ἢν
2679 3435 2780 3488 οὐκ
2803 3434 3061 3502 ἀφίκοιτο
3114 3435 3250 3502 πρὸς
3304 3433 3402 3503 τὴν
3450 3433 3680 3502 ἑορτὴν,

2085 3529 2183 3582 καὶ
2209 3528 2386 3580 ταῦτα
2428 3525 2793 3596 μετακληθεὶς
2827 3525 2918 3579 ὑπ’
2949 3526 3139 3579 αὑτοῦ.
3177 3525 3241 3584 '0
3271 3525 3346 3590 δὲ,
3393 3523 3512 3577 Ἐπ’
3535 3525 3681 3578 ἄλλα

2091 3619 2213 3690 μὲν,
2250 3619 2378 3687 ἔφη,
2412 3613 2456 3672 ὦ
2484 3619 2732 3688 ἡγεμὼν,
2764 3619 2901 3675 ὅπου
2943 3619 3021 3694 μὴ
3041 3618 3402 3686 λυμαίνεσθαι
3433 3620 3498 3687 τῇ
3522 3619 3678 3688 ψυχῇ

2063 3713 2229 3784 λμηδὲ
2267 3712 2529 3781 βλάπτειν
2572 3713 2746 3778 ἔστιν,
2784 3709 3076 3765 οὐπώποτε
3105 3712 3208 3792 ήδη
3241 3710 3368 3763 οὒτε
3400 3709 3680 3762 καλέσαν-

2087 3807 2180 3870 τός
2220 3823 2314 3860 σου
2347 3806 2448 3858 οὐκ
2477 3801 2642 3876 ἦλθον
2676 3820 2691 3836 ·
2716 3804 2843 3861 οὔτε
2907 3804 3165 3874 ἀσχολίαν
3200 3804 3283 3856 σοι
3343 3820 3467 3856 τινα
3498 3819 3684 3871 προετ

2091 3899 2418 3972 φασισάμην
2445 3913 2459 3928 ·
2503 3897 2704 3958 ἐνθαδὶ
2744 3899 2882 3966 πρὸς
2933 3895 3132 3966 βλάϐος
3162 3895 3275 3971 ὁρῶ
3331 3895 3392 3950 τὸ
3439 3894 3686 3964 πρᾶγμα

2089 3989 2292 4060 ψυχῆς,
2314 3991 2410 4042 καὶ
2448 3989 2584 4042 Θεοῦ
2624 3990 3007 4058 ἀλλοτρίωσιν,
3065 3990 3162 4057 οὐχ
3190 3991 3216 4041 ό
3247 3989 3321 4058 μὴ
3356 4004 3686 4058 παραγεγο-

2094 4082 2202 4144 νὼς
2225 4079 2362 4150 ἐγὼ,
2385 4080 2480 4133 τοῦ
2503 4080 2579 4151 μὴ
2593 4081 2888 4149 ἀφικέσθαι
2911 4080 3086 4143 αἴτιος
3113 4080 3251 4132 ὀ-ὲπὶ
3277 4077 3449 4132 ταῦτα
3471 4077 3627 4138 καλῶ
3643 4098 3684 4142 ι,

2163 4174 2268 4229 lA'.
2310 4173 2577 4236 Ἀκούσας
2607 4173 2785 4231 ταῦτα
2814 4175 2842 4225 ό
2878 4171 3102 4247 ἡγεμὼν
3142 4166 3231 4224 οἷα
3276 4172 3400 4240 μηδ’
3427 4171 3494 4224 ἂν
3538 4171 3682 4223 Θεοῦ

2093 4260 2459 4330 προειπόντος
2504 4259 2635 4329 περὶ
2679 4257 3084 4329 Δορυμέδοντός
3116 4274 3247 4316 ποτε
3295 4259 3552 4329 ἤλπισεν,
3589 4262 3690 4310 sar-.-

2095 4352 2290 4423 πλήξει
2329 4369 2390 4406 τε
2429 4354 2608 4426 εἴχετο
2628 4350 2816 4414 δεινῶς
2847 4352 2944 4402 καὶ
2985 4351 3063 4420 τῷ
3094 4350 3343 4420 ἀδοκήτῳ
3389 4349 3484 4402 τοῦ
3542 4352 3690 4420 πρά-

2096 4460 2308 4519 γματος
2346 4443 2484 4514 μηδὲ
2522 4443 2604 4506 είς
2638 4443 2896 4506 πλείονας
2941 4442 3092 4518 αὐτῷ
3124 4442 3316 4509 λόγους
3357 4442 3537 4495 ἐλθεῖν
3594 4445 3692 4497 δυ-

401 4526 622 4596 quidem
652 4527 922 4596 potuisset
944 4541 1070 4580 cum
1095 4539 1163 4580 eo
1191 4525 1443 4588 Conferre
1479 4539 1763 4584 sermones
1798 4543 1813 4580 :
1848 4527 1982 4589 Inte-

2096 4532 2306 4602 νηθεὶς,
2347 4533 2499 4594 Τέως
2529 4529 2650 4600 μὲν.
2690 4532 2880 4600 φησὶν,
2919 4529 3086 4584 αὑτὸν
3116 4531 3290 4601 ἐχέτω
3321 4531 3538 4600 φρουρά
3557 4549 3570 4562 ο
3603 4533 3689 4597 εἰς

401 4619 528 4682 rim,
559 4619 756 4688 inquit,
788 4633 914 4672 eum
952 4627 1135 4677 teneat
1163 4617 1435 4672 custodia.
1469 4617 1604 4679 Cras
1649 4633 1780 4674 vero
1812 4619 1998 4676 consi-

402 4711 739 4775 derabimus,
781 4709 1058 4780 quomodo
1109 4723 1197 4763 res
1243 4709 1364 4777 ejus
1403 4723 1465 4763 se
1505 4709 1766 4770 habeant.
1807 4709 1991 4785 Atque

401 4801 496 4857 ille
533 4802 756 4872 quidem
784 4802 936 4864 venit
971 4801 1028 4854 in
1060 4815 1359 4876 carcerem,
1394 4809 1650 4876 tanquam
1691 4801 1748 4858 in
1803 4817 1998 4871 quam-

403 4894 528 4954 dam
573 4893 882 4963 palaastram
915 4908 930 4947 :
973 4891 1264 4962 Dionysius
1302 4901 1508 4956 autem,
1541 4893 1877 4968 quibusdam
1917 4908 1989 4949 ex

407 4986 524 5039 suis
560 4984 628 5038 ad
678 4999 803 5038 eum
843 4983 1048 5048 missis,
1091 4984 1396 5044 conabatur
1431 4984 1708 5039 adducere
1753 5000 1878 5044 eum
1924 4984 1993 5038 ad

406 5075 810 5146 paenitentiam.
863 5076 1013 5140 Quos
1064 5087 1219 5135 torve
1266 5085 1323 5138 et
1383 5078 1729 5131 truculenter
1783 5085 1993 5150 martyr

407 5167 664 5226 intuens:
701 5185 720 5219 ι
763 5168 1036 5222 Discedite
1073 5184 1100 5221 a
1137 5184 1248 5235 me,
1272 5169 1641 5234 dixit,omnes
1663 5168 1756 5239 qui
1798 5183 1996 5239 opera-

407 5260 540 5319 mini
573 5260 942 5329 iniquita-tem'
998 5278 1011 5314 τ
1050 5279 1068 5318 ι
1106 5270 1163 5316 et
1195 5262 1461 5316 continuo
1495 5261 1694 5325 tacuit,
1731 5279 1750 5313 ι
1789 5270 1845 5314 et
1873 5268 1997 5315 erat

409 5358 668 5424 tanquam
715 5353 878 5409 homo
913 5367 1023 5409 non
1065 5353 1320 5419 audiens,
1352 5362 1547 5408 etnon
1576 5354 1788 5413 habens
1811 5352 1996 5408 inore

411 5457 514 5506 suo
531 5445 940 5514 redargutiones
958 5445 1032 5500 ⁵.»
1060 5446 1159 5500 Die
1182 5455 1364 5501 autem
1393 5447 1641 5516 sequenti
1664 5460 1788 5504 cum
1810 5446 1994 5503 sedem

410 5535 731 5609 iudicialem
751 5539 1104 5596 ascendisset
1120 5538 1430 5608 Dionysius,
1463 5538 1700 5597 accersit
1732 5537 1996 5608 Deryme-

417 5629 664 5695 dentem,
724 5638 780 5683 et
822 5629 1133 5701 :rlndigne,
1196 5630 1391 5700 inquit,
1445 5637 1688 5697 senator,
1722 5630 1996 5700 quidnam

496 5807 728 5863 'blatt'b.
750 5823 850 5874 vn,
877 5808 969 5863 25.
1042 5809 1062 5841 ⁸
1091 5808 1234 5864 Psal.
1268 5823 1468 5874 xum,
1498 5807 1585 5864 15.

2093 4623 2284 4696 αὔριον
2309 4623 2368 4683 δὲ
2409 4623 2478 4677 τὰ
2519 4624 2644 4677 κατ’
2675 4621 2841 4676 αὐτὸν
2875 4624 3026 4685 ὅπως
3076 4622 3190 4692 ἔχει
3250 4622 3592 4692 σκεψόμεθα.
3627 4622 3691 4676 '0

2096 4718 2198 4787 μὲν
2227 4711 2325 4769 οὖν
2372 4715 2435 4768 τὸ
2500 4713 2885 4784 δεσμωτήριον
2929 4712 3123 4785 ὥσπερ
3170 4715 3294 4768 τινὰ
3353 4713 3690 4784 κατειλήφει

2091 4808 2440 4880 παλαίστραν
2474 4823 2489 4838 ·
2531 4809 2562 4860 ὁ
2595 4805 2876 4869 Διονύσιος
2931 4807 2988 4859 δὲ
3028 4805 3140 4859 τῶν
3183 4806 3276 4857 ὑπ’
3312 4807 3476 4858 αὐτόν
3525 4823 3686 4867 τινας

2093 4897 2466 4961 ἀποστείλας,
2511 4895 2822 4965 μετάμελον
2886 4893 3050 4954 αὑτὸν
3134 4897 3311 4954 ποιεῖν
3380 4894 3686 4964 ἐπεχείρει.

2097 4982 2192 5048 Οἷς
2225 4987 2502 5059 αὐστηρὸν
2550 4984 2832 5060 ὲμὸλέψας
2891 4987 2920 5040 ό
3013 4985 3229 5056 μάρτυς
3292 4983 3390 5035 καὶ
3444 4983 3686 5052 ἄγριον·

2112 5077 2418 5145 ’Δπόστητε
2445 5073 2540 5134 ἀπ’
2573 5076 2732 5148 ἐμοῦ,
2763 5075 2936 5143 ἔλεγε,
2982 5076 3184 5138 πάντες
3237 5074 3286 5127 οἱ
3326 5075 3691 5148 ἐργαζόμενοι

2101 5168 2367 5234 ἀνομίαν·
2408 5167 2504 5226 καὶ
2544 5167 2709 5230 εὐθὺς
2741 5165 2976 5231 ἐσιώπα,
3000 5166 3099 5218 καὶ
3159 5149 3448 5234 ἅνθρωπος
3494 5158 3564 5240 ἦν
3591 5163 3692 5215 οὐκ

2104 5260 2321 5316 ἁκούων
2351 5261 2447 5320 καὶ
2471 5259 2574 5314 οὐκ
2602 5257 2742 5332 ἔχων
2766 5256 2918 5327 ἐντῴ
2947 5255 3365 5329 στόμα-διαύτού
3396 5254 3691 5322 ελεγμούςε

2112 5355 2216 5420 τῆς
2265 5351 2310 5404 δ’
2341 5353 2580 5420 ἐπούσης
2609 5353 2704 5402 ἐπὶ
2736 5351 2827 5404 τὸν
2871 5349 3190 5411 δικαστικὸν
3239 5348 3428 5420 θρόνον
3479 5349 3695 5412 ἀναϐάς

2102 5441 2382 5503 Διονύσιος
2433 5441 2869 5510 μεταπέμπεται
2938 5438 3028 5493 τὸν
3091 5437 3492 5508 Δορυμέδοντα,
3571 5438 3691 5498 καὶ,

2116 5533 2331 5598 Ἀνᾴξιε
2359 5532 2457 5602 τῆς
2483 5531 2706 5604 βουλῆς,
2731 5532 2922 5602 φησὶν,
2975 5530 3027 5583 τί
3059 5529 3248 5590 παθὼν
3304 5529 3453 5599 χθὲς,
3507 5528 3540 5599 ἢ
3578 5530 3694 5580 δια-

2108 5627 2348 5697 νοηθεὶς,
2398 5626 2492 5680 καὶ
2525 5627 2653 5691 τοὺς
2688 5625 2844 5690 θεοὺς
2867 5623 3174 5697 ὲξώμνυσο,
3200 5624 3296 5683 καὶ
3332 5625 3399 5675 τὰ
3431 5621 3693 5696 βασιλικὰ
