4002 6446
367 373 476 438 ’ΝΩ

1655 363 1836 441 ιἰτΑ
1879 379 1939 440 s.
1978 355 2370 439 murum;

3523 377 3629 442 ’τῖιο

366 488 599 552 ἀναιδῶς
651 484 948 560 testam,
1000 489 1104 544 οὔκ
1163 489 1357 562 ἄγριον
1403 480 1582 559 εἶδεν,
1643 493 1778 545 ἀλλὰ
1856 508 1951 545 και

2072 499 2238 555 natur,
2281 498 2337 546 ct
2364 489 2812 545 inriammabatur
2857 491 2924 547 ad
2961 492 3239 563 pietatem.
3293 490 3396 560 Qui
3455 506 3637 551 autem

368 581 676 652 περιέλειχε
734 583 806 635 τὰ
855 583 1020 653 ἒλκη,
1071 585 1168 637 καὶ
1227 583 1515 655 ἀπέματτε
1570 585 1698 646 τοὺς
1747 585 1949 656 ἰχῶρας

366 675 463 728 καὶ
486 674 620 744 δήλη
644 669 714 746 ἦν
740 675 969 738 τούτους
998 675 1245 745 τιμῶσα,
1276 676 1375 730 καὶ
1408 677 1500 730 διὰ
1521 677 1706 748 πάσης
1742 676 1952 741 αἰδοῦς,

367 767 653 838 τιθεμένη.
681 767 930 821 Ταῦταό
977 768 1077 839 μὶν
1147 769 1460 839 περιεστὼς
1517 769 1690 840 δῆμος
1767 768 1956 838 θαῦμα

367 861 608 912 ἐποιεῖτο
638 859 736 912 καὶ
770 860 1222 931 διεθερμαίνοντο
1265 862 1403 931 πρὸς
1453 862 1760 916 εὐσέϐειαν.
1816 861 1873 915 '0
1898 861 1955 915 δὲ

367 954 428 1006 τὸ
459 952 685 1022 θέατρον
713 953 1237 1020 διαθεὶςΔιονύσιος,
1289 956 1552 1009 ἐλέἱνθανε
1617 956 1742 1010 καθ’
1759 956 1954 1010 ἑαυτοῦ

370 1042 500 1107 τοὺς
528 1044 811 1114 παρόντας
840 1045 1194 1116 συνειλοχὼς,
1223 1048 1321 1101 καὶ
1361 1046 1463 1116 τῆς
1495 1047 1710 1110 οίκείας
1753 1046 1956 1115 μᾶλλον

367 1137 634 1208 αἰσχύνης
679 1138 943 1207 θεωροὺς,
971 1143 1031 1192 οὐ
1070 1141 1170 1209 τῆς
1229 1140 1340 1194 τῶν
1371 1140 1672 1211 μαρτύρων
1715 1140 1957 1206 ἀγωνίας

372 1231 634 1296 καλέσας,
667 1233 755 1300 ἐφ’
782 1228 866 1294 οἷς
900 1233 1104 1304 μᾶλλον
1129 1235 1295 1298 αὐτὸς
1321 1235 1680 1305 ὲξεθηριοῦτο
1709 1251 1723 1268 ο
1757 1236 1850 1288 καὶ
1879 1233 1958 1303 τῷ

370 1324 481 1377 τῶν
516 1324 725 1395 θηρίων
763 1327 1076 1397 ἐπιμελητῇ
1126 1325 1437 1397 βαρύτατον
1472 1327 1706 1380 θανάτου
1755 1327 1958 1397 τρόπον

367 1417 610 1486 ἠπείλει.
658 1417 718 1470 ’0
751 1419 806 1470 δὲ
830 1418 1038 1482 δείσας,
1078 1421 1172 1471 καὶ
1199 1419 1390 1472 λέοντα
1432 1420 1576 1472 κατᾶ
1601 1419 1716 1472 τῶν
1750 1417 1959 1489 μαρτύ-

371 1526 480 1578 ρων
497 1509 732 1580 ἀφίησιν
753 1525 768 1540 ’
796 1511 912 1563 ἀλλ’
931 1511 1053 1564 οὐδὲ
1088 1508 1241 1573 οὗτος
1274 1511 1381 1564 τῶν
1399 1509 1724 1579 φθασάντων
1753 1511 1960 1581 θηρίων

369 1603 552 1674 ἥττων
577 1605 754 1673 ἐφάνη
778 1604 915 1674 πρδς
953 1607 1295 1676 ἡμερότητα.
1323 1605 1650 1658 Τοὺναντέον
1694 1603 1795 1673 μὲν
1835 1601 1956 1667 οὖν,

373 1697 471 1749 καὶ
503 1700 758 1763 γενναῖόν
783 1715 836 1750 τι
869 1699 1016 1751 κατὰ
1043 1697 1138 1750 τοῦ
1180 1699 1547 1767 λεοντοκὸμου
1617 1697 1956 1761 ἐπεδείξατο.

386 1787 446 1843 ’0
471 1787 573 1858 μὲν
597 1789 709 1858 γὰρ
737 1791 924 1859 ἡρέμα
961 1791 1219 1860 πρόσεισι
1262 1793 1378 1852 τοῖς
1437 1790 1635 1858 ἁγίοις,
1676 1791 1769 1842 καὶ
1811 1789 1962 1842 κάτω

2059 584 2335 638 theatrum
2369 591 2622 654 coegerat
2665 582 2981 655 Dionysius,
3021 600 3131 639 non
3169 584 3641 641 animadverterat

2057 691 2116 731 se
2141 691 2235 731 cos
2271 677 2358 746 qui
2401 677 2652 742 aderant,
2685 685 2876 732 contra
2911 693 2971 732 se
3015 693 3376 749 congregasse
3406 689 3501 735 :et
3554 683 3638 734 sui

2061 767 2241 839 potius
2305 767 2590 822 dedecoris
2679 776 3040 837 spectatores,
3091 784 3253 839 quam
3327 770 3642 826 certamin’s

2059 873 2360 929 martyrum
2430 873 2785 913 convocasse.
2848 859 3081 930 PrOpter
3121 877 3244 931 quae
3295 861 3413 931 ipse
3471 862 3642 933 magis

2057 950 2410 1015 eﬂ‘crabatur,
2448 960 2502 1005 et
2540 951 2612 1014 ei,
2653 952 2746 1022 qui
2796 967 2985 1006 curant
3038 957 3286 1024 gerebat
3313 953 3639 1012 bestiarum.

2057 1055 2294 1099 mortem
2331 1045 2644 1098 minabatur
2665 1044 3066 1114 gravissimam.
3099 1033 3189 1099 ille
3212 1055 3396 1099 autem
3443 1045 3641 1100 timore

2061 1133 2310 1195 affectus.
2346 1133 2560 1188 leonem
2587 1148 2809 1204 quoque
2833 1133 3065 1189 immisit
3111 1135 3167 1189 in
3203 1144 3489 1206 martyres.
3533 1133 3642 1189 Sed

2059 1241 2163 1280 nec
2195 1227 2240 1280 is
2269 1225 2372 1280 fuit
2416 1226 2600 1280 minus
2629 1226 2892 1296 placidus,
2949 1242 3116 1297 quam
3164 1227 3380 1298 priores
3431 1225 3642 1282 bestiae.

2059 1319 2262 1373 Contra
2303 1327 2483 1373 autem
2516 1334 2630 1372 rem
2695 1319 2823 1373 fecit
2889 1320 3209 1390 prazclaram
3258 1319 3313 1376 in
3352 1337 3497 1381 eum.
3553 1322 3642 1386 qui

2063 1413 2211 1466 illius
2242 1427 2385 1466 cura:
2419 1420 2669 1482 prteerat.
2731 1409 2865 1465 Nam
2893 1411 2981 1465 ille
3014 1411 3234 1482 quidem
3296 1410 3524 1474 sensim,
3589 1421 3647 1465 et

2062 1513 2226 1573 caput
2255 1505 2511 1558 deorsum
2547 1503 2843 1568 inclinans,
2905 1504 3122 1558 accedit
3183 1503 3250 1557 ad
3291 1511 3536 1557 sanctos.
3595 1502 3646 1556 ls

2063 1607 2246 1650 autem
2269 1596 2446 1665 ipsum
2473 1595 2725 1650 irritabat
2760 1595 2962 1650 acriter
2998 1595 3337 1660 exclamans,
3370 1605 3424 1650 et
3442 1595 3640 1650 exhon-

2065 1687 2283 1741 tabatur
2307 1688 2575 1742 adversus
2607 1696 2850 1742 sanctos.
2867 1687 3174 1743 Leoaulem
3196 1688 3251 1741 in
3279 1703 3403 1742 emn
3423 1696 3648 1758 repente

2065 1776 2340 1840 insiliens,
2372 1777 2580 1831 lacerat
2620 1777 2964 1848 etdiscerpit
3020 1776 3295 1848 protinus.
3327 1776 3490 1833 Omni
3546 1778 3648 1831 ita-

371 1879 546 1934 νεύων
571 1881 672 1950 τὴν
702 1881 972 1952 κεφαλὴν,
1004 1883 1127 1935 οὐδὲ
1158 1882 1519 1935 emortum
1545 1883 1732 1945 αὐτοῖς
1792 1881 1957 1954 εἶχεν.

2072 1854 2174 1938 [ιύε
2203 1883 2301 1938 spe
2331 1868 2567 1938 abiecta,
2602 1867 2898 1940 Dionysius
2929 1884 3024 1922 eos
3059 1868 3416 1930 condemnat,
3442 1878 3504 1922 ut
3534 1867 3650 1938 gla-

385 1973 446 2026 '0
482 1973 559 2037 δὲ,
588 1971 886 2044 ἀνηρέθιζε
916 1974 1107 2028 τοῦτον
1139 1975 1234 2041 ὀξὺ
1266 1976 1508 2046 ὲμϐοῶν,
1536 1977 1632 2028 καὶ
1683 1977 1824 2029 κατὰ
1851 1976 1962 2031 τῶν

375 2065 549 2132 ἁγίων
573 2066 941 2122 ὲνεκελεύετο.
989 2068 1212 2138 ’Δμέλει
1255 2070 1352 2121 καὶ
1380 2068 1582 2140 ἀθρόον
1613 2069 1966 2140 ἐπιπηδήσεις

367 2161 400 2212 ὸ
427 2159 565 2211 λέων
601 2158 754 2228 αὐτῷ
789 2161 1141 2231 παραχρῆμα
1185 2159 1609 2232 διασπαράττει.
1673 2161 1964 2216 ’Δπάντων

373 2253 559 2305 τοίνυν
646 2254 922 2320 ἀπογνοὺς
993 2252 1292 2316 Διονύσιος,
1349 2255 1443 2305 τὸν
1479 2253 1568 2308 διὰ
1647 2254 1834 2323 ξίφους
1867 2254 1965 2306 αὺ-

368 2341 482 2395 τῶν
511 2342 749 2396 θάνατον
793 2344 1144 2415 κατακρίνει,
1209 2347 1305 2398 καὶ
1370 2344 1586 2398 κελεύει
1637 2344 1796 2417 θυμῷ
1850 2348 1966 2408 τοῖς

367 2433 594 2504 δημίοις
623 2435 685 2488 τὸ
718 2435 937 2489 στάδιον
958 2439 1424 2507 εἰσπηδήσαντος,
1457 2440 1556 2502 τὰς
1573 2439 1684 2492 τῶν
1700 2440 1966 2506 γενναίων

369 2532 561 2596 ταμεῖν
590 2526 856 2596 κεφαλάς·
881 2523 984 2599 ἦγε
1020 2529 1118 2598 μὲν
1147 2526 1242 2582 οὖν
1276 2531 1476 2600 ἐνάτην
1510 2529 1634 2582 τότε
1666 2530 1807 2601 πρὸς
1848 2533 1966 2595 τοῖς

369 2618 505 2672 δέκα
537 2620 938 2690 Σεπτέμῆριος,
989 2625 1082 2673 καὶ
1121 2623 1173 2675 οί
1252 2620 1348 2675 τοῦ
1394 2621 1635 2691 Χριστοῦ
1685 2623 1968 2694 μάρτυρες

369 2709 516 2764 οὕτω
543 2711 642 2764 τοῦ
665 2712 732 2764 δι’
759 2713 925 2766 αὑτὸν
946 2712 1134 2776 τέλους
1180 2715 1559 2785 ἐπιτυχόντες,
1613 2716 1715 2777 τὰς
1751 2716 1963 2768 ἑαυτῶν

369 2801 552 2872 ψυχὰς
579 2805 703 2867 ταῖς
728 2804 942 2859 ἐκείνου
974 2807 1138 2877 χερσὶ
1165 2809 1594 2877 παρατίθενται.
1659 2807 1740 2861 Τὰ
1773 2807 1960 2876 μέντοι

375 2900 698 2966 μαρτυρικὲι
731 2897 945 2950 τούτων
977 2899 1236 2968 σώματα.
1266 2900 1473 2971 σπουδῇ
1528 2899 1695 2971 πολλῇ
1746 2899 1836 2952 διὰ
1868 2899 1964 2952 τὸν

370 2987 469 3041 τοῦ
501 2989 771 3060 ἡγεμόνος
799 2990 989 3060 φόϐον,
1011 2991 1122 3044 τῶν
1149 2991 1399 3044 εὐλαὸὦν
1418 3008 1564 3056 τινες
1619 2992 1960 3062 ἀνελόμενοι,

2062 1961 2156 2016 dio
2193 1961 2281 2015 eis
2317 1975 2468 2015 mors
2499 1960 2764 2014 efferatur
2802 1969 2896 2014 :ct
2923 1960 3000 2013 ira
3025 1960 3291 2030 percitus,
3315 1959 3648 2030 jubctcarni-

2063 2053 2279 2116 licibus,
2302 2062 2360 2107 ut
2402 2054 2774 2122 irrumpentes
2830 2053 2886 2106 in
2943 2053 3204 2114 stadium,
3255 2052 3644 2122 prteclarorum

2065 2154 2372 2215 martyrum
2418 2143 2597 2214 capita
2647 2152 3025 2214 amputarent.
3094 2141 3252 2197 Tunc
3298 2154 3482 2199 autem
3532 2151 3649 2196 erat

2063 2252 2246 2292 nonus
2299 2237 2544 2291 decimus
2581 2235 2943 2307 Septembris.
2996 2237 3063 2291 Et
3117 2234 3320 2291 Christi
3383 2245 3648 2309 martyres

2065 2329 2486 2399 propteripsum
2514 2328 2664 2384 hunc
2701 2333 2865 2384 linem
2894 2333 3156 2393 assecuti,
3184 2329 3238 2383 in
3275 2329 3420 2384 illius
3446 2343 3646 2382 manus

2067 2437 2195 2475 suas
2221 2421 2568 2475 tradiderunt
2598 2421 2836 2475 animas.
2883 2419 3174 2488 Martyrica
3218 2428 3402 2474 autem
3457 2433 3646 2472 eorutn

2066 2525 2299 2578 corpora
2331 2525 2461 2565 cum
2502 2525 2702 2582 magno
2737 2511 2944 2574 studio,
3016 2509 3232 2564 occulte
3283 2518 3466 2563 tamen
3518 2523 3648 2578 pro-

2067 2611 2190 2673 pter
2252 2614 2460 2658 metum
2526 2603 2798 2673 prmsidis,
2849 2601 3071 2671 quidam
3133 2601 3206 2670 pii
3262 2600 3641 2659 sustulissent.

2068 2704 2125 2751 et
2199 2700 2282 2751 ea‘
2340 2696 2646 2752 honoriﬁce
2733 2694 3190 2764 composuissent,
3256 2693 3649 2764 deposuerunt.

2070 2785 2443 2856 gloriﬁcantes
2485 2786 2728 2849 Patrem,
2772 2793 2824 2840 et
2866 2782 3090 2848 Filium,
3139 2793 3195 2837 et
3225 2782 3490 2853 Spiritum
3519 2797 3650 2836 san—

2069 2888 2254 2942 ctum,
2285 2892 2435 2934 nunc
2485 2886 2541 2934 et
2571 2893 2811 2949 semper,
2853 2884 2908 2932 ct
2943 2877 2998 2930 in
3051 2877 3246 2931 saecula
3304 2876 3650 2931 seculorum.

2069 2970 2267 3024 Amen.

374 3085 472 3137 καὶ
529 3083 834 3153 φιλοτίμως
899 3084 1041 3137 αὐτὰ
1091 3085 1562 3156 περιστείλαντες,
1613 3085 1670 3136 ὲν
1723 3082 2034 3153 ἀποκρύφῳ
2075 3082 2477 3137 κατατιθέασι·
2538 3080 2858 3148 δοξάζοντες
2907 3081 3153 3152 Πατέρα,
3183 3070 3187 3075 ’
3217 3080 3311 3137 καὶ
3369 3079 3518 3143 Υἱδν,
3557 3069 3653 3131 καὶ

375 3176 606 3245 Πνεῦμα
629 3175 810 3245 ἅγιον,
834 3176 931 3231 νῦν
961 3180 1056 3231 καὶ
1085 3180 1197 3246 ἀεὶ,
1222 3181 1317 3234 καὶ
1337 3181 1417 3243 είς
1446 3178 1572 3242 τοὺς
1597 3176 1799 3240 αἰῶνας
1827 3177 1935 3228 τῶν
1964 3175 2194 3230 αἰώνων.
2239 3177 2440 3247 Ἀμήν.
2499 3256 2504 3259 ι

383 3349 3632 3386 W

911 3535 1098 3647 DE
1236 3535 1355 3648 S.
1513 3535 2262 3650 MATTHZEO
2406 3531 3142 3648 APOSTOLO

1462 3777 1616 3865 ET
1719 3775 2583 3867 EVANGELISTA.

1183 3967 1328 4032 (Acta
1355 3968 1648 4018 Sanctorum
1679 3966 1910 4019 Bolland.
1937 3968 1998 4018 ad
2017 3967 2148 4017 diem
2171 3967 2223 4016 2|
2256 3966 2584 4030 Septembris,
2611 3972 2728 4018 tom.
2756 3966 2862 4029 Vl.)

383 4325 412 4398 ς
439 4327 483 4382 1.
510 4323 766 4398 Memoria
792 4320 976 4379 Sancti
1000 4323 1056 4376 in
1101 4321 1277 4398 Fastis
1327 4322 1598 4398 uariarum
1623 4321 1856 4398 gentium
1885 4319 1967 4398 di-

2075 4294 2244 4352 dariis
2271 4294 2546 4366 plerisque
2596 4293 3004 4365 particularium
3041 4293 3419 4364 ecclesiarum,
3462 4314 3524 4354 ac
3558 4299 3658 4356 do-

457 4397 618 4450 ursis
666 4395 846 4448 diebus
888 4395 1213 4446 annuntiata
1248 4407 1266 4445 :
1309 4405 1433 4446 acta
1481 4391 1637 4462 plura
1673 4393 1887 4462 aliaque
1911 4391 1976 4445 de

457 4477 638 4520 δαιισιο
666 4480 820 4518 manu
831 4473 1004 4518 mento
1031 4486 1053 4516 ι
1063 4475 1434 4517 numerantur.

459 4577 511 4632 1·
540 4576 996 4646 Quandoquidem
1020 4590 1196 4646 pauca
1225 4575 1293 4630 de
1322 4575 1488 4647 gestis
1518 4573 1693 4631 sancti
1729 4573 1967 4631 Mattltaei

391 4669 629 4739 apostoli
671 4677 731 4724 et
775 4668 1130 4738 evangelista
1161 4678 1439 4738 comperta
1483 4675 1613 4720 sunt
1662 4673 1718 4720 et
1748 4664 1972 4720 indubi-

389 4770 524 4822 tata,
551 4774 787 4828 eamque
829 4758 901 4813 ob
929 4773 1154 4814 causam
1195 4758 1351 4828 plura
1395 4756 1464 4810 de
1505 4771 1573 4812 eo
1613 4756 1976 4812 examinanda

391 4851 648 4913 veniunt,
702 4864 864 4918 quam
896 4847 1224 4918 simpliciter
1273 4847 1616 4913 enarranda;
1650 4861 1975 4902 enumerare

390 4942 628 5014 primum
652 4942 834 5010 placet
866 4942 1172 4997 vetustiora
1196 4939 1598 5012 Martyrologia,
1620 4939 1820 5009 quibus
1851 4953 1979 4992 san-

387 5033 462 5090 cti
496 5034 762 5089 memoria
792 5034 994 5104 legitur
1029 5032 1279 5096 inserta;
1311 5042 1368 5086 et
1393 5045 1517 5086 mox
1549 5045 1658 5085 non
1703 5030 1865 5084 modo
1889 5043 1980 5084 as-

390 5126 634 5198 signare,
665 5126 760 5182 sed
789 5129 956 5181 etiam
981 5138 1261 5194 utcunque
1317 5125 1624 5195 ponderare
1649 5121 1976 5176 documenta

389 5219 542 5276 varia
568 5260 584 5284 ,
630 5233 699 5273 ex
743 5217 943 5288 quibus
999 5227 1151 5288 gesta
1191 5216 1369 5272 sancti
1410 5215 1643 5270 blattbazl
1683 5213 1978 5268 haurienda

388 5319 538 5366 sunt.
563 5310 808 5366 Ecclesia
834 5309 1027 5365 Latina
1075 5319 1326 5368 sanctum
1362 5309 1672 5364 Mattbaaum
1706 5308 1981 5378 praecipue

388 5405 643 5460 celebrat
675 5401 763 5457 die
791 5403 854 5456 21
892 5401 1258 5472 Septembris,
1285 5416 1394 5471 quo
1414 5401 1670 5455 omnibus
1694 5399 1810 5456 fere
1837 5399 1981 5453 Maro

393 5492 678 5564 tyrologiis
720 5503 774 5545 et
819 5489 1164 5546 Kalendariis
1195 5489 1402 5544 Latinis
1438 5488 1700 5544 memoria
1732 5485 1996 5555 ejusdem

391 5583 603 5639 inserta
636 5591 746 5638 est.
783 5584 895 5636 Hac
923 5583 1072 5637 enim
1119 5583 1208 5636 die
1243 5581 1442 5652 legitur
1492 5581 1544 5634 in
1574 5578 1984 5649 Martyrologiis

395 5675 862 5748 llicronymiauis.
903 5677 960 5730 in
1013 5675 1264 5731 Romano
1325 5675 1520 5738 Parvo,
1556 5673 1699 5745 apud
1754 5672 1978 5738 Bedam,

395 5767 646 5834 Florum.
750 5767 1062 5835 Rabanum,
1142 5767 1615 5831 Wandelbertum,
1709 5767 1982 5833 Adonem,

396 5857 731 5925 Usuardum,
789 5858 1119 5927 Notberum,
1151 5861 1206 5915 in
1253 5859 1653 5931 MartyroIOgiis
1681 5867 1735 5915 et
1784 5857 1985 5915 Kalen-

2079 4403 2228 4442 mnm
2271 4387 2327 4442 in
2365 4385 2618 4442 Romano
2665 4385 3055 4459 Martyrologio
3085 4396 3139 4442 et
3167 4388 3470 4456 Breviario,
3510 4402 3564 4447 et
3600 4395 3656 4447 in

2081 4479 2342 4534 omnibus
2385 4478 2590 4548 passim
2650 4479 3073 4535 recentioribus.
3135 4478 3320 4552 Elogia
3361 4481 3450 4538 hic
3508 4484 3658 4541 nulla

2081 4573 2278 4634 all‘ero.
2310 4572 2438 4642 quia
2475 4569 2590 4625 suis
2647 4570 2860 4640 singula
2915 4571 3212 4642 producam
3247 4575 3403 4641 locis,
3435 4575 3526 4630 ubi
3560 4592 3657 4630 cx-

2080 4664 2271 4736 pcdire
2305 4663 2582 4718 videbitur
2622 4662 2691 4716 ad
2732 4663 3203 4733 praedicationem,
3249 4674 3505 4732 mortem,
3564 4678 3662 4724 aut.

2080 4757 2184 4812 alia
2228 4756 2294 4812 ad
2346 4765 2595 4810 sanctum
2625 4756 2924 4823 spectantia
2954 4755 3358 4812 elucidandum.
3394 4757 3662 4830 Martyro-

2081 4844 2241 4915 logiis
2297 4852 2569 4899 consonat
2614 4842 2754 4896 liber
2788 4841 3271 4898 Sacramentorum
3325 4857 3356 4899 a
3404 4844 3662 4902 Meuardo

2083 4937 2288 4999 editus,
2315 4945 2369 4992 ct
2397 4936 2455 4991 S.
2493 4934 2758 5006 Gregorio
2785 4934 3105 4998 attributus,
3148 4935 3204 4989 in
3249 4951 3359 5007 quo
3393 4938 3460 4994 ad
3516 4939 3664 4995 hunc

2082 5029 2225 5085 diem
2267 5029 2466 5100 legitur
2501 5029 2664 5083 Missa
2718 5027 2786 5082 de
2822 5019 3035 5082 sancto'
3068 5025 3345 5096 Matthteo,
3379 5039 3436 5086 et
3488 5031 3666 5100 pridie

2084 5132 2308 5177 notatur
2336 5121 2538 5192 vigilia,
2567 5119 3027 5191 quemadmodum
3078 5120 3323 5191 ejusdem
3350 5123 3527 5195 vigilia
3560 5141 3662 5180 an-

2084 5215 2372 5271 nuntiatur
2417 5215 2472 5269 in
2530 5215 2718 5272 multis
2766 5213 3122 5270 Kalcndariis
3156 5225 3215 5270 et
3267 5215 3663 5293 Martyrologiis

2085 5307 2513 5362 recentioribus.

2115 5411 2118 5418 '
2157 5399 2212 5456 2.
2239 5398 2562 5454 Celebratur
2595 5399 2776 5455 tamen
2811 5399 2931 5455 aliis
2959 5416 3180 5472 quoque
3221 5402 3414 5458 diebus
3443 5415 3666 5461 sanctus

2091 5490 2379 5548 Mattbaeus
2408 5491 2463 5546 in
2493 5492 2705 5564 aliquot
2750 5491 3152 5566 Martyrologiis
3183 5493 3416 5551 Latinis.
3442 5495 3576 5551 Nam
3607 5500 3664 5554 in

2090 5582 2532 5656 llieronymianis
2555 5586 2718 5638 etiam
2758 5585 2958 5657 legitur
2989 5585 3056 5641 ad
3093 5588 3118 5640 1
3158 5585 3306 5654 Maii,
3359 5603 3575 5644 rursum
3597 5592 3665 5646 ad

2093 5677 2124 5733 6
2166 5676 2308 5740 Maii,
2341 5686 2394 5731 et
2422 5677 2489 5732 ad
2533 5678 2567 5733 9
2597 5675 2872 5732 Octobris.
2911 5679 2972 5732 ln
3009 5680 3409 5748 aliquotetiam
3464 5683 3669 5738 codici-

2094 5771 2218 5837 bus,
2246 5771 2505 5825 videlicet
2534 5769 2588 5826 in
2615 5769 3034 5841 Epternacensi.
3071 5772 3408 5838 Corbcicnsi,
3440 5774 3674 5844 aliisque

2097 5861 2269 5918 sancti
2301 5860 2540 5917 Μαιώεοί
2567 5861 2622 5917 tit
2647 5862 2854 5918 mentio
2885 5859 3033 5916 εδει
3069 5861 3216 5929 Maii,
3251 5865 3342 5920 ubi
3373 5867 3514 5936 apud
3546 5866 3672 5923 Flo-
