4002 6426
304 405 410 468 75'!

1572 409 1751 471 VlTA
1790 407 1854 469 S.
1899 409 2287 475 MATTH/Ei.

3461 406 3584 473 751*

310 538 330 570 ι
364 519 499 571 Cum
543 515 653 581 ille.
696 517 789 588 qui
854 516 1110 588 prrfatas
1166 519 1541 589 apostolorum
1593 517 2286 591 passionesArecentiora
2336 526 2468 591 sint.
2517 525 2820 599 eademque
2865 539 2989 580 eum
3024 521 3166 589 aliis.
3219 522 3316 578 sed
3373 532 3571 580 utcas-

300 607 546 679 scripsit.
580 609 702 679 ipse
730 625 789 664 se
824 610 1132 665 certissime
1181 609 1386 666 incerta
1445 620 1499 666 et
1545 609 1679 667 falsa
1740 611 1883 667 scri-

301 702 482 775 psisse
510 701 839 771 prodiderit.
872 702 1009 757 Dicit
1045 702 1215 763 enim.
1277 703 1404 771 quia
1461 702 1730 759 Candacis
1782 718 1884 759 ett-

302 794 540 851 nuchus.
570 809 732 864 quem
762 794 1085 864 baptizasset
1114 793 1405 867 Philippus
1460 796 1513 849 in
1573 794 1760 851 Iudaea
1815 811 1884 851 eo

300 895 553 955 tempore
580 885 747 941 fui-rit
805 886 858 940 in
915 885 1218 957 IEtbiopia,
1287 904 1396 956 quo
1463 885 1752 943 Maltbzcus
1807 888 1880 943 ibi

294 976 550 1039 docebat.
580 979 741 1048 eique
779 979 995 1035 docenti
1022 981 1284 1035 auxilium
1320 981 1525 1045 tulerit,
1584 996 1707 1035 cum
1770 995 1884 1034 ma-

295 1070 562 1126 nifestum
595 1071 666 1126 sit
696 1072 1005 1127 Candaccm
1036 1088 1236 1127 nomen
1300 1089 1421 1128 esse
1455 1090 1563 1128 non
1633 1074 1756 1137 viri,
1786 1072 1884 1129 sed

297 1160 516 1218 feminae
549 1178 565 1229 ;
630 1162 682 1217 id
717 1175 820 1228 est,
855 1180 962 1218 non
1005 1165 1266 1229 eunuchi,
1316 1169 1408 1219 sed
1469 1166 1703 1221 doodna
1739 1166 1882 1233 ejus,

302 1257 511 1323 reginae
547 1254 800 1309 videlicet
837 1254 1186 1326 Etliiopum.
1214 1274 1352 1328 qua).
1413 1258 1555 1313 sicut
1607 1274 1670 1312 cx
1736 1266 1886 1312 vete-

297 1360 417 1399 rum
454 1348 828 1401 monumentis
871 1354 1265 1418 con-querimus,
1322 1366 1515 1406 omnes
1575 1350 1885 1418 antiquitus

298 1440 374 1493 sic
406 1439 675 1508 appellari
698 1442 968 1496 solebant.
1010 1460 1027 1493 ι
1065 1440 1188 1498 "re
1210 1442 1378 1505 Beda.
1411 1460 1519 1499 nou
1551 1444 1728 1500 solum
1749 1444 1884 1499 Acta

300 1549 399 1604 pro
493 1535 820 1602 apocrvpbis
922 1535 1168 1597 habens.
1259 1536 1355 1589 sed
1438 1549 1629 1590 eorum
1716 1538 1883 1590 etiam

295 1633 578 1676 auctorem
618 1626 891 1678 mendacii
926 1642 1185 1693 argui-ns.
1224 1627 1455 1682 Possent
1485 1638 1540 1682 et
1578 1630 1749 1681 multa
1780 1628 1885 1681 alia

294 1731 361 1770 ex
394 1716 545 1770 Attis
578 1717 799 1787 aflz-g.uri
826 1718 891 1772 ad
927 1718 1085 1772 lidcm
1155 1720 1221 1774 iis
1279 1719 1703 1785 detrahendam,
1760 1738 1883 1779 cum

293 1818 488 1861 auctor
516 1809 583 1860 ab
618 1807 775 1862 initio
819 1825 988 1879 usque
1044 1811 1109 1865 ad
1149 1812 1307 1866 ﬁnem
1372 1813 1642 1867 mirabilia
1712 1814 1885 1885 magis

1985 628 2092 685 que
2124 614 2440 672 emendata.

2058 704 2110 759 7.
2134 702 2524 763 Verumtamen
2561 723 2671 763 non
2699 717 2848 768 tanta
2876 708 3120 765 adhibita
3152 705 3258 762 fuit
3277 705 3572 766 οοττοοῑίο,

1985 803 2210 869 utgesta
2243 798 2296 852 in
2322 798 2388 854 iis
2420 802 2589 856 relata
2610 801 2807 857 fierent
2837 802 2970 858 satis
2995 799 3323 870 probabilia.
3355 797 3570 853 etiamsi

1985 906 2094 945 non
2129 900 2406 948 constaret
2443 893 2512 949 de
2547 893 2761 965 origine
2814 908 2883 948 ex
2942 892 3093 947 fonte
3147 892 3383 962 impuro.
3433 886 3569 944 Nam

1988 983 2166 1053 primo
2200 986 2384 1039 statim
2433 985 2751 1041 advenienti
2811 985 2867 1040 in
2915 983 3252 1056 Etbiopiam
3320 982 3572 1037 Mattbain'

1985 1074 2187 1130 dicitur
2217 1076 2528 1136 occurrisse
2563 1078 2854 1133 eunucbus
2894 1076 3098 1149 regina:
3141 1074 3433 1137 Candaeis.
3478 1072 3570 1143 qni

1987 1168 2298 1238 baptizatus
2330 1179 2500 1223 erata
2532 1170 2791 1240 Philippo
2823 1168 2944 1224 Act.
2980 1185 3097 1227 viii.
3132 1177 3193 1222 ut
3230 1175 3424 1221 auctor
3446 1180 3569 1219 om-

1987 1261 2122 1315 nino
2155 1272 2390 1327 asserat,
2427 1261 2738 1318 Mattlueum
2762 1263 2978 1318 venisse
3006 1261 3073 1316 ad
3121 1261 3338 1322 urbem,
3362 1258 3417 1312 in
3464 1272 3570 1326 qua

1987 1354 2171 1427 regina
2198 1354 2456 1412 Candace
2481 1355 2763 1426 regnabat,
2806 1356 3025 1425 quando
3053 1354 3233 1408 dictus
3284 1348 3574 1405 eunuchus

1987 1445 2090 1501 fuit
2124 1461 2442 1501 converstis.
2469 1446 2541 1502 At
2571 1446 2646 1500 ibi
2682 1455 2796 1502 tum
2830 1445 3027 1501 dicitur
3062 1444 3232 1499 fuisse
3264 1459 3353 1498 rex
3391 1442 3539 1513 Egyp
3563 1472 3575 1481 -

1988 1551 2113 1604 pus,
2171 1538 2359 1607 regina
2398 1536 2708 1592 Eufeuissa.
2762 1539 2836 1591 De
2896 1535 3177 1601 (laudare,
3225 1548 3347 1604 quae
3410 1529 3585 1601 paulo

1986 1639 2114 1682 ante
2148 1638 2451 1697 regnasset,
2480 1629 2630 1683 nulla
2691 1629 2752 1684 lit
2814 1629 3046 1683 mentio.
3107 1626 3295 1695 Itaque
3372 1637 3574 1677 nomen

1989 1722 2187 1793 regium
2224 1721 2510 1776 Eufetiissa
2540 1721 2759 1776 videtur
2815 1720 3154 1774 contrarium
3211 1716 3393 1772 verbis
3421 1713 3579 1770 Beda

1990 1829 2111 1865 mox
2145 1814 2308 1878 datis,
2342 1829 2467 1867 cum
2499 1823 2735 1877 asserat.
2767 1814 3028 1869 omnibus
3076 1825 3373 1866 commune
3403 1807 3578 1864 fuisse

294 1908 503 1958 narret,
535 1913 696 1967 quam
724 1900 1053 1967 credibilia;
1106 1904 1389 1973 multaque
1439 1907 1592 1973 plura
1648 1882 1888 1975 nugctur
1917 1882 1960 1938 Β
1992 1921 2191 1960 nomen
2222 1906 2495 1962 Candace.
2545 1906 2835 1963 Consentit
2893 1905 3123 1968 Plinius,
3154 1904 3250 1958 lib.
3316 1919 3392 1969 vr,
3453 1916 3578 1970 cap.

295 1990 367 2044 de
399 1992 650 2058 paradiso
671 1995 945 2057 terrestri,
982 2011 1141 2065 quam
1200 1998 1515 2052 observavit
1571 1998 1885 2066 llesselius;

292 2092 352 2137 ct
384 2083 800 2152 cont-cptimtetn
829 2086 1161 2143 beatissima:
1189 2087 1426 2159 Virginis
1450 2101 1692 2161 exponat
1724 2095 1886 2148 modo

294 2174 602 2245 incongrua
618 2185 673 2230 et
707 2178 1003 2234 indecenti.
1026 2189 1085 2233 ut
1118 2182 1330 2235 mittatn
1383 2184 1509 2237 alia.
1567 2184 1770 2239 Verum
1803 2185 1888 2240 di-

292 2274 378 2319 cta
408 2265 687 2321 sutiiciutit
725 2267 791 2321 ad
841 2283 1059 2324 omnem
1115 2270 1273 2327 lident
1349 2274 1536 2329 Δὶ)ιὲἷώ
1593 2283 1886 2344 personato

292 2361 345 2410 It“.
369 2358 669 2424 rogandum
706 2377 719 2412 :
753 2368 807 2414 at
851 2375 915 2413 es
947 2360 1031 2415 bis
1067 2363 1169 2415 alia
1201 2365 1332 2417 Inibi
1377 2365 1553 2420 oritur
1589 2366 1883 2423 dubitatio.

294 2460 303 2467 ‘
363 2450 420 2505 θ.
451 2453 613 2505 Auno
653 2453 785 2506 I755
819 2454 872 2506 in
903 2454 1240 2511 bibliotheca
1277 2455 1534 2513 Vaticana
1570 2459 1885 2516 invenimus

292 2537 401 2593 alia
435 2541 473 2592 S
518 2537 754 2595 Mattlnri
793 2547 923 2595 Acta
960 2544 1010 2597 in
1048 2545 1235 2600 codice
1292 2545 1488 2602 Latino
1525 2550 1686 2607 H88.
1709 2566 1884 2621 eaque

292 2632 654 2688 exscribenda
681 2635 1019 2697 curavimus,
1101 2647 1156 2691 et
1196 2652 1298 2692 nos
1356 2639 1457 2708 ipsi
1511 2657 1635 2695 cum
1692 2643 1884 2700 codice

291 2723 648 2776 contulimus.
682 2723 804 2775 ila-c
829 2722 962 2779 Acta
996 2736 1186 2782 carent
1214 2730 1480 2785 omnibus
1536 2732 1680 2787 vitiis
1720 2735 1883 2789 modo

294 2809 505 2864 relatis.
540 2813 611 2866 ob
636 2828 758 2881 quas
786 2813 1066 2871 Hcssciius
1115 2821 1248 2873 Acta
1309 2823 1739 2889 pseudo-Abduc
1795 2843 1885 2882 re-

291 2905 572 2971 probavit,
601 2908 953 2964 eamdemdc
986 2911 1154 2965 rebus
1189 2916 1354 2981 gestis
1401 2917 1575 2971 sancti
1641 2919 1881 2978 Matthxi

290 2993 583 3048 continent
612 2996 955 3054 relationem.
988 2999 1170 3066 Quare
1201 3004 1439 3061 dubitari
1475 3019 1673 3078 potest,
1699 3021 1881 3071 utrum

290 3084 1070 3164 pseudo-Abdiasvetustiora
1095 3099 1269 3150 sancti
1306 3098 1554 3167 Apostoli
1612 3105 1746 3159 Acta
1791 3109 1879 3161 in-

1988 1997 2059 2052 29
2112 2001 2337 2058 docens.
2411 2013 2687 2067 tri-gnaro
2742 1997 3003 2052 feminam
3062 1994 3393 2059 Candacem,
3428 1992 3577 2062 quod

1989 2105 2190 2145 nomen
2223 2089 2408 2145 multis
2441 2089 2558 2158 jam
2596 2089 2759 2145 annis
2788 2091 2855 2143 ad
2913 2090 3131 2160 reginas
3188 2086 3430 2144 transiit,
3467 2104 3484 2135 ι
3523 2084 3577 2138 in

1989 2183 2082 2238 illo
2112 2184 2373 2238 nimirum
2412 2182 2710 2252 Ethiopite
2771 2194 2962 2253 rcgno,
3038 2183 3198 2255 cujus
3258 2177 3581 2248 metrOpolit

1987 2288 2107 2333 erat
2130 2278 2335 2334 Meroe.
2364 2278 2775 2333 Asseritautem
2808 2276 3062 2333 laudatus
3113 2274 3345 2336 Plinius.
3408 2287 3473 2328 ca
3510 2271 3585 2325 de

1987 2368 2174 2440 regnis
2199 2367 2495 2437 Etbiopia:
2526 2381 2578 2421 ct
2602 2367 2816 2422 Meroes
2854 2367 3075 2433 cognita
3098 2373 3158 2421 et
3198 2363 3367 2419 rrlata
3406 2362 3580 2417 fuisse

1987 2476 2087 2530 per
2120 2461 2493 2531 exploratores
2527 2459 2779 2514 Neronis.
2858 2459 3136 2537 licgnabat
3191 2458 3357 2528 igitur
3395 2446 3579 2525 regina

1986 2552 2246 2609 Candace
2294 2552 2515 2608 Nerone
2568 2553 2873 2621 imperante
2925 2558 2981 2605 ct
3031 2549 3125 2603 diu
3173 2549 3425 2602 Candace
3481 2545 3582 2599 ali.-

1984 2661 2089 2716 qua
2138 2645 2338 2701 ibidem
2379 2652 2724 2712 regnaverat,
2771 2643 2961 2705 saltem
3007 2657 3036 2695 a
3079 2637 3420 2710 temporibus
3463 2639 3580 2692 Au-

1985 2737 2149 2807 gusti,
2185 2746 2244 2791 ut
2286 2736 2562 2807 colligitur
2610 2752 2673 2790 ex
2722 2733 3014 2795 Strabone.
3065 2732 3157 2802 qtti
3193 2731 3296 2787 sub
3333 2735 3579 2797 Augusto

1984 2829 2189 2885 ﬂoruit.
2228 2830 2428 2884 Strabo
2471 2829 2643 2893 enim,
2703 2827 2797 2881 lib.
2844 2842 2977 2889 xvu.
3038 2841 3162 2895 pag.
3204 2823 3331 2880 820.
3387 2827 3579 2874 narrat

1983 2921 2226 2984 bellum.
2279 2937 2392 2991 quo
2448 2938 2467 2973 ε
2529 2920 2810 2984 (Eandace,
2875 2933 2995 2988 qua:
3054 2931 3151 2985 per
3205 2923 3428 2977 nostra,
3493 2914 3580 2966 in-

1982 3017 2122 3087 quit.
2183 3026 2427 3085 tempora
2482 3014 2837 3084 Etliiopibus
2896 3011 3220 3080 imperavit,
3282 3026 3301 3060 ι
3367 3008 3573 3060 Roma~

1982 3125 2084 3165 nos
2112 3106 2329 3180 Egypti
2363 3109 2617 3162 dominos
2680 3104 2939 3174 impetiit.
2972 3103 3282 3172 impcrante
3309 3101 3580 3170 Augusto.

290 3177 667 3242 ter-polaverit.
704 3189 758 3235 ct
798 3183 985 3237 nmltis
1014 3188 1235 3254 ineptiis
1265 3189 1617 3261 impleverit;
1651 3213 1720 3252 an
1747 3214 1877 3254 vero
1904 3225 1947 3282 ε
1984 3204 2173 3271 Itaque
2191 3177 2517 3272 icgnarunt
2548 3203 2601 3257 in
2634 3199 2912 3270 Etliiopia
2946 3199 3171 3269 regium,
3234 3194 3434 3264 quibus
3482 3206 3580 3246 nm

290 3282 423 3321 non:
448 3286 575 3324 emo
598 3273 781 3329 Abdita
800 3276 869 3330 de
903 3276 959 3329 S.
981 3277 1236 3335 Mattltam
1256 3283 1695 3348 lucubrationem
1722 3307 1877 3348 cras-

288 3358 536 3415 s'mribus
575 3364 854 3420 erroribus
890 3367 1126 3424 Volui-rit
1182 3386 1512 3445 expurgare.
1559 3388 1613 3433 et
1643 3382 1723 3436 sic
1743 3384 1877 3439 Acta

296 3449 467 3517 bujus
560 3456 786 3523 apostoli
881 3469 1155 3532 utcunque
1237 3468 1536 3534 probabilia
1623 3474 1873 3532 reddere.

287 3539 597 3614 Utrumque
631 3548 741 3602 fieri
775 3553 952 3618 potuit
980 3595 996 3618 ,
1032 3555 1125 3609 sed
1164 3561 1468 3616 secundum
1523 3567 1877 3625 verisimilius

284 3644 377 3691 est
403 3639 477 3693 ob
508 3642 688 3693 varias
732 3647 993 3700 rationes.
1032 3646 1216 3704 Primo
1291 3667 1357 3706 ex
1426 3654 1672 3727 allegatis
1718 3658 1878 3716 Beda:

286 3732 423 3785 vcrb
446 3748 474 3785 s
509 3735 795 3801 habemus,
848 3743 1218 3814 apocrypham
1269 3745 1413 3800 illam
1451 3749 1519 3803 de
1556 3756 1724 3821 gestis
1751 3770 1881 3823 apo-

284 3824 558 3880 ειυιιπιηη
610 3828 909 3887 Hi~toriam
942 3846 1095 3891 certo
1130 3839 1506 3908 antiquiorem
1525 3859 1648 3901 esse
1676 3849 1877 3903 saeculo

288 3933 410 3983 mi,
434 3935 562 3976 cum
600 3923 738 3978 ilcda
770 3926 1015 3984 ﬂoruerit
1047 3931 1150 3985 sub
1187 3932 1406 3988 inrtium
1474 3936 1623 3993 illius
1691 3944 1873 3996 seculi

285 4022 346 4064 et.
380 4013 527 4067 illaut
566 4014 861 4072 Historiam
889 4020 1107 4092 alleget,
1163 4038 1277 4079 non
1325 4037 1385 4081 ut
1471 4032 1741 4085 nevellam
1783 4045 1878 4090 aut

286 4120 469 4175 nuper
499 4113 818 4172 eontictam.
873 4113 970 4167 sed
1024 4124 1078 4168 ut
1147 4118 1443 4173 multorum
1498 4121 1707 4188 judicio
1742 4142 1876 4197 apo-

286 4200 579 4270 crypharn.
618 4203 694 4258 Ex
738 4219 804 4258 eo
835 4206 1066 4262 ulterius
1119 4210 1335 4279 colligo.
1386 4212 1498 4282 jam
1570 4220 1770 4272 Sicculo
1799 4238 1874 4288 vt,

286 4306 399 4359 quo
469 4293 698 4351 ﬂorebat
771 4297 1078 4357 chantins
1150 4301 1524 4372 Fortunatus.
1605 4322 1875 4372 vetustam

285 4385 464 4440 visam
500 4404 622 4444 csse
653 4392 798 4445 illam
835 4391 1155 4460 ll-storiam,
1190 4412 1315 4453 cum
1381 4402 1753 4461 vcrisimiliter
1808 4425 1875 4465 ex

286 4478 379 4532 illa
409 4482 579 4541 dicat.
606 4499 810 4554 corpus
838 4484 897 4541 S.
955 4486 1189 4546 Matibtci
1249 4508 1371 4549 esse
1441 4495 1496 4550 in
1566 4498 1873 4560 Naddaver.

1986 3312 2112 3352 men
2147 3294 2566 3355 erat,Candace.
2593 3292 2785 3347 saltem
2844 3291 2914 3346 ab
2975 3293 3215 3359 Angusto
3281 3299 3456 3353 usque
3507 3285 3576 3339 ad

1983 3390 2221 3453 Neronis
2245 3401 2523 3457 tempora;
2556 3403 2657 3442 nec
2685 3386 2831 3440 addit
2865 3385 3091 3445 Plinius,
3129 3381 3236 3447 alio
3267 3380 3432 3433 modo
3461 3377 3580 3432 suis

1987 3483 2327 3553 temporibus
2350 3481 2795 3535 administratum
2822 3477 2991 3533 fuisse
3011 3474 3305 3540 [Ethiopiae
3323 3483 3577 3532 regnum.

1984 3573 2148 3645 Atqui
2185 3583 2410 3628 sanctus
2435 3570 2737 3635 Mattbaeus,
2772 3572 2816 3623 si
2871 3567 3190 3638 prtedicavit
3235 3566 3289 3618 in
3354 3559 3585 3617 ᾸΞιΙιὶοσ.

1986 3665 2095 3735 pia.
2135 3680 2201 3719 eo
2231 3663 2610 3718 vcrisimiliter
2644 3661 2792 3715 venit
2831 3668 2957 3714 autc
2982 3658 3277 3727 imperium
3308 3653 3574 3718 Nt-ron’e,

1984 3767 2079 3812 aut
2119 3768 2269 3811 ccrte
2308 3756 2521 3809 Nerone
2552 3770 2663 3808 non
2719 3754 2811 3807 diu
2850 3754 3179 3818 imperante.
3220 3746 3416 3802 Omnia
3465 3742 3567 3812 igi-

1988 3860 2094 3912 tur.
2128 3866 2247 3920 qum
2278 3849 2346 3905 de
2403 3856 2548 3902 statu
2605 3847 2757 3917 rcgni
2807 3843 3106 3912 Ethiopian:
3169 3840 3464 3897 traduntur
3514 3837 3575 3892 in

1985 3946 2158 4006 Actis,
2205 3957 2432 4012 prorsus
2460 3940 2712 3996 videntur
2740 3937 2950 4001 fictilia.
2987 3950 3090 3990 nec
3124 3933 3290 3996 ullam
3354 3943 3575 3987 meren-

1987 4047 2074 4094 tttr
2107 4037 2288 4090 Iidem.

2057 4130 2107 4185 8.
2131 4128 2249 4182 Non
2287 4127 2467 4182 minus
2501 4123 2685 4180 firtitia
2727 4122 3003 4183 videntur,
3030 4134 3151 4189 quae
3181 4118 3249 4173 de
3279 4128 3577 4187 progressu

1987 4226 2105 4282 ﬁzlci
2151 4222 2310 4279 fibris
2338 4226 2472 4277 iatn»
2504 4220 2557 4275 in
2593 4217 2872 4286 Elltiopia
2927 4216 3149 4278 tradunt
3178 4212 3325 4268 A'cta.
3356 4212 3411 4265 Si
3452 4209 3580 4279 quis

1985 4320 2130 4376 enim
2163 4318 2313 4373 Artis
2345 4317 2571 4372 credere
2604 4314 2858 4377 voluerit,
2896 4310 3167 4366 convertit
3195 4307 3254 4361 S.
3288 4305 3576 4363 Martbaeus

1986 4428 2169 4481 regem
2202 4411 2509 4483 Egyppum,
2563 4408 2806 4473 reginam
2873 4403 3238 4463 Eufenissam.
3272 4410 3579 4466 eorumque

1989 4504 2188 4567 filium,
2219 4518 2247 4557 a
2277 4510 2453 4555 morte
2525 4498 2680 4567 prius
2722 4497 3068 4560 sust-iratum,
3126 4493 3239 4561 qui”
3296 4489 3577 4544 Ettft'altOI

288 4570 466 4627 Tanta
494 4589 648 4630 certo
679 4594 790 4632 non
819 4589 905 4636 est
934 4592 1181 4639 vetustas
1226 4588 1430 4644 codicis
1494 4589 1764 4661 Vaticani,
1827 4599 1878 4652 in
1909 4591 1961 4652 D
1990 4604 2240 4655 vocatur,
2285 4590 2557 4657 filiamque
2584 4587 2962 4665 E‘pbigettiam,
3020 4583 3183 4638 modo
3236 4577 3575 4649 Iphigeniam

285 4679 400 4733 quo
433 4667 798 4725 tolerabiliora
841 4682 1057 4729 exstant
1105 4675 1162 4731 S.
1213 4677 1451 4735 Mattbaii
1523 4685 1676 4739 Acta.
1730 4689 1881 4753 Qua-

285 4772 518 4829 propter
546 4763 809 4819 videntur
854 4766 906 4822 in
961 4770 1053 4823 illo
1087 4771 1276 4827 codice
1324 4774 1574 4830 nonnihil
1636 4792 1878 4837 correcta

289 4853 483 4909 fuisse.
522 4866 581 4910 et
616 4858 1039 4916 absurdioribus
1078 4863 1227 4918 vitiis
1267 4879 1589 4938 expurgata.
1644 4886 1881 4940 praeser-

289 4945 387 4999 tim
431 4962 560 5000 cum
594 4949 787 5019 reliqui
831 4955 1034 5020 passim
1091 4956 1310 5012 codices
1347 4961 1474 5013 Aeta
1532 4965 1881 5031 contineant,

287 5037 471 5103 qualia
516 5042 815 5110 suutapud
847 5043 1103 5109 Abdiam,
1129 5056 1187 5100 et
1220 5048 1456 5103 necdum
1503 5051 1671 5106 alium
1729 5056 1880 5110 vidc-

287 5131 392 5183 rim
428 5133 701 5192 COI'iCt'nl.
742 5135 834 5204 qui
898 5139 1213 5194 consentiat
1276 5157 1399 5194 cum
1454 5143 1547 5198 illo
1593 5144 1878 5204 Vaticano.

286 5225 561 5279 l’rauerca
589 5227 640 5280 in
677 5227 781 5283 boc
834 5232 1027 5286 codice
1078 5235 1329 5302 pra-latio
1382 5238 1621 5306 vulgaris
1677 5242 1879 5298 omissa

285 5327 394 5378 est.
454 5324 512 5373 et
575 5321 875 5376 substituta
945 5324 1073 5389 alia,
1126 5343 1242 5396 quzc
1302 5344 1427 5384 cum
1488 5332 1619 5401 ipsis
1676 5345 1883 5406 pugnat

285 5410 467 5465 Actis.
505 5412 641 5467 Nam
686 5419 998 5471 Secundum
1058 5420 1432 5490 praefationem
1473 5423 1534 5479 S.
1594 5425 1881 5484 Mattlimus

290 5519 491 5573 passus
519 5515 600 5561 est
626 5507 678 5560 in
701 5506 960 5577 Perside;
992 5514 1295 5569 secundum
1319 5518 1475 5581 Acta,
1499 5517 1552 5571 in
1572 5516 1879 5589 Ethiopia.

288 5599 448 5652 Actis
491 5598 627 5665 ipsis
660 5610 910 5656 assutum
943 5614 1029 5659 est
1058 5605 1207 5660 aliud
1241 5608 1573 5679 principium
1616 5611 1683 5664 de
1739 5611 1881 5666 scri-

289 5701 387 5761 pto
428 5708 525 5761 per
552 5692 871 5750 Manlia-um
909 5697 1228 5769 Evangclio.
1299 5712 1354 5756 et
1424 5711 1543 5771 post
1611 5703 1745 5758 illttd
1774 5718 1878 5759 se-

291 5792 544 5849 quuntur
578 5785 710 5841 Acta
740 5790 1016 5858 personati
1049 5790 1259 5856 Abduc,
1307 5793 1404 5847 sed
1468 5794 1721 5849 nonnibil
1784 5812 1881 5850 cx-

294 5887 548 5948 purgata.
602 5879 792 5951 Itaque
848 5883 935 5939 v‘ix
1001 5881 1251 5943 dubitare
1313 5886 1516 5955 possim
1566 5886 1702 5957 quin
1754 5888 1872 5943 bace

1987 4686 2187 4757 passim
2221 4685 2444 4738 dictam.
2477 4680 2719 4735 Ecclesia
2746 4694 2964 4749 quoque
2993 4683 3307 4730 constructa
3351 4669 3574 4734 dicitttr,

1985 4778 2038 4833 in
2076 4793 2180 4846 qua
2217 4772 2503 4829 Mattbmus
2532 4771 2734 4826 sederit
2805 4769 2967 4824 annis
3011 4768 3105 4823 ες.
3162 4766 3277 4819 Hoc
3324 4773 3576 4831 tempore

1985 4872 2187 4926 multas
2209 4867 2495 4922 fabricavit
2523 4864 2813 4925 ecclesias,
2852 4880 2871 4913 ‹
2911 4858 3200 4917 constituit
3220 4854 3573 4925 presbyteros

1982 4972 2038 5020 et
2070 4965 2419 5026 diaconos..."
2450 4969 2504 5014 el
2563 4972 2662 5028 per
2693 4956 2943 5013 civitates
2966 4962 3021 5008 ct
3045 4951 3267 5007 castella
3300 4948 3578 5003 ordinavit

1982 5060 2285 5126 episropos.
2325 5072 2343 5101 ι
2393 5052 2662 5107 Praeterea
2712 5067 2730 5099 ι
2763 5047 2948 5102 omnia
3009 5046 3327 5106 simulacra.
3358 5041 3575 5095 omnia-

1983 5146 2308 5219 quetcmpla
2345 5163 2365 5198 ι
2402 5150 2733 5200 asseruntur
2768 5158 2786 5192 ι
2825 5142 3125 5194 destructa.
3171 5154 3190 5189 ι
3246 5136 3380 5191 Filia
3425 5135 3572 5203 rcgis

1987 5260 2006 5294 ι
2051 5238 2350 5309 Eubigeuia
2391 5254 2410 5289 ι
2452 5232 2821 5303 virginitatem
2866 5230 3137 5298 professa.
3207 5247 3227 5281 ι
3261 5235 3381 5282 crat
3429 5242 3572 5296 pra-

1982 5335 2158 5403 posita
2194 5332 2464 5401 virginum
2488 5327 2727 5396 amplius
2808 5340 2971 5396 quam
3015 5323 3398 5377 ducentarum.
3444 5319 3573 5396 llaec

1980 5426 2165 5481 emnia
2195 5424 2339 5478 facta
2393 5423 2678 5481 dicuntttr.
2738 5420 2959 5473 vivente
3009 5430 3134 5487 rege
3187 5415 3432 5485 Egyppo.
3492 5409 3571 5464 Eo

1980 5516 2264 5576 dcfuucto,
2290 5513 2587 5583 occisoque.
2727 5510 2980 5565 Matthzeo
3039 5506 3111 5563 ob
3158 5514 3467 5561 recusatum
3498 5498 3571 5558 ab

1983 5609 2283 5680 prigcnia
2316 5606 2727 5661 matrimonium
2760 5616 3072 5660 cuurnovo
3121 5613 3251 5671 rege
3308 5598 3569 5670 Hyrtaco.

1981 5717 2072 5757 res
2129 5698 2570 5754 Christianorum
2606 5696 2824 5751 modico
2874 5705 3117 5763 tempore
3178 5692 3367 5747 minus
3410 5696 3573 5742 erant

1984 5809 2286 5868 prosperze.
2320 5794 2393 5848 At
2414 5806 2540 5847 cum
2572 5791 2798 5861 punitus
2841 5805 2870 5844 a
2904 5804 2964 5844 se
2980 5795 3137 5844 .esset
3192 5782 3483 5857 Hyrtacus.
3512 5791 3573 5835 et

1982 5887 2203 5955 proprio
2236 5901 2294 5942 sc
2336 5885 2514 5957 gladio
2543 5882 2863 5949 occidisset,
2900 5881 3070 5938 frater
3094 5874 3409 5952 prigeniz
3428 5870 3569 5929 diei»
