4002 6444
397 371 504 430 755

1630 360 1915 423 MENSIS
1951 358 2427 420 SEPTEMBER.

3562 364 3668 426 758

397 494 488 535 ωι-
520 483 1030 554 regnum‘adeptus,
1063 486 1307 556 illudque
1350 484 1592 539 tenuisse
1620 481 1778 535 annis
1813 495 1973 534 sexa-
2004 477 2047 532 A
2079 489 2187 528 non
2221 475 2482 542 facerem,
2518 476 2562 532 si
2591 477 2706 532 hac
2733 477 2867 532 Acta
2916 477 3162 542 ederem,
3223 493 3288 532 ex
3341 474 3662 547 apographo

401 577 550 642 ginta
584 576 781 629 tribus.
812 595 831 628 ι
863 574 1068 631 Omnes
1089 589 1272 632 autem
1300 575 1600 647 provincia:
1652 573 1976 642 Aithiopum

399 663 651 717 ecclesiis
684 665 900 732 repleta:
953 664 1251 720 Catholicis
1307 679 1481 734 usque
1542 661 1599 716 in
1648 660 1975 714 hodiernum

399 755 568 816 dicm,
605 755 1017 823 inquitauctor,
1082 771 1182 826 per
1233 753 1592 825 Ephigeniam
1645 750 1977 806 henedieunt

398 847 592 914 Deum,
645 857 700 902 et
732 849 872 904 ﬁunt
911 851 1178 906 mirabilia
1221 866 1415 922 magna
1470 850 1538 906 ad
1573 849 1976 905 confessionem

398 941 792 1011 beatiapostoli
825 941 1089 1000 Matthzei.
1122 965 1140 997 ι
1184 944 1391 1015 Itaque,
1417 943 1461 997 si
1495 943 1644 998 Actis
1672 941 1973 1003 credimus,

399 1035 544 1087 circa
576 1035 818 1090 medium
840 1036 1023 1091 saeculi
1057 1053 1092 1092 ll
1133 1039 1309 1108 magis
1337 1037 1621 1092 Catholica
1678 1035 1784 1089 ﬁde
1817 1033 1980 1090 ﬂore-

397 1127 491 1180 bat
525 1125 769 1184 Ecclesia
820 1129 1146 1200 AZthiopizc,
1201 1146 1367 1202 quam
1423 1129 1532 1184 ulla
1606 1127 1712 1183 alia
1763 1127 1819 1182 in
1863 1135 1978 1182 toto

397 1221 625 1274 mundo.

467 1311 521 1367 9.
561 1315 630 1367 At
656 1329 718 1369 ea
745 1329 972 1386 prorsus
997 1315 1340 1371 incredibilia
1369 1323 1501 1369 sunt
1528 1330 1592 1369 ex
1618 1313 1838 1370 silentio
1862 1327 1980 1368 om-

399 1407 550 1459 nium
581 1408 912 1477 scriptorum
949 1409 1318 1478 antiquorum.
1345 1408 1480 1464 Cum
1505 1410 1651 1463 enim
1700 1407 1980 1478 Aitliiopia

396 1495 631 1568 Aigyptu
667 1499 742 1553 sit
764 1501 1127 1564 contermina,
1155 1515 1264 1554 non
1294 1501 1606 1571 potuissent
1637 1501 1827 1554 Patres
1858 1499 1980 1553 alii—

396 1607 505 1658 que
537 1593 834 1660 scriptores
861 1593 1182 1658 Chri~tiani,
1243 1596 1336 1665 qui
1393 1595 1668 1666 prioribus
1723 1592 1981 1649 Eetlrsize

398 1685 614 1739 s:eculis
662 1683 965 1742 ﬂoruerunt
1025 1687 1074 1740 in
1131 1685 1389 1757 Egypto,
1439 1688 1496 1740 in
1574 1687 1883 1747 Palaestina,
1925 1686 1978 1738 in

396 1778 602 1842 Atrica,
631 1789 725 1833 aut
757 1780 920 1832 etiam
951 1781 1002 1832 in
1042 1780 1342 1849 provinciis
1372 1781 1441 1835 ab
1494 1779 1770 1848 Ethiopia
1809 1778 1980 1848 magis
2019 1820 2058 1874 Β

399 1871 641 1936 remotis,
677 1870 925 1942 ignorare
959 1872 1256 1926 Ecclesiam
1309 1873 1459 1943 regni
1492 1872 1813 1942 ampliSsimi
1846 1871 1982 1925 adeo

398 1961 707 2032 florentem,
737 1974 792 2019 et
816 1965 885 2020 de
923 1980 985 2019 ea
1012 1981 1239 2035 prorsus
1266 1975 1472 2021 tacere.
1513 1963 1721 2020 Deinde
1785 1979 1915 2017 vero
1940 1963 1984 2017 si

396 2052 708 2108 Christiana
768 2053 904 2108 ﬁdes
929 2064 1038 2108 tam
1061 2055 1200 2109 bene
1223 2055 1446 2108 fundata
1475 2054 1672 2107 fuisset
1698 2053 1749 2105 in
1771 2049 1988 2104 Altinio-

405 2145 515 2212 pia,
543 2161 649 2198 non
681 2147 949 2215 potuisset
977 2147 1270 2210 eliminari,
1309 2146 1420 2200 nisi
1456 2145 1799 2215 gravissimis
1860 2159 1986 2214 per-

400 2238 782 2294 secutionibus
809 2248 864 2294 et
891 2239 1055 2311 longo
1100 2248 1365 2310 tempore.
1396 2237 1471 2292 De
1511 2237 1593 2292 his
1622 2245 1804 2290 autem
1861 2251 1989 2304 per-

399 2328 776 2384 secutionibus
812 2329 1001 2384 saltem
1044 2329 1372 2384 innotuisset
1405 2328 1623 2381 illorum
1678 2336 1986 2396 temporum

403 2420 795 2488 scriptoribus,
820 2422 913 2491 qui
951 2421 1017 2475 de
1049 2421 1156 2475 illis
1180 2436 1284 2474 non
1323 2421 1649 2482 tacuissent,
1688 2428 1853 2489 prout
1881 2434 1990 2471 non

399 2527 590 2566 omnes
626 2523 909 2567 tacuerunt
945 2513 1012 2568 de
1048 2513 1520 2583 persecutionibus
1552 2511 1990 2567 Christianorum

400 2605 452 2656 in
475 2602 717 2671 Perside,
744 2606 834 2660 ubi
864 2606 993 2660 lidos
1017 2622 1293 2676 nunquam
1323 2613 1429 2660 tam
1445 2607 1583 2661 bene
1613 2605 1990 2672 luitstabiliza,

399 2713 560 2765 quam
587 2697 879 2752 stabilitam
910 2699 1078 2753 fuisse
1119 2699 1172 2753 in
1198 2697 1472 2768 Aitliiopia
1508 2710 1698 2752 auctor
1731 2699 1992 2752 Actorum

399 2791 685 2848 conlimit.
719 2791 834 2845 ll’oc
863 2801 1045 2846 tamen
1086 2801 1464 2862 argumentum
1490 2791 1656 2845 nolim
1680 2791 1850 2846 lector
1877 2807 1996 2844 vcr-

402 2893 482 2937 tat
543 2895 733 2938 contra
761 2882 1211 2953 praedicationem
1248 2882 1420 2952 ipsam
1472 2883 1642 2936 sancti
1680 2882 1914 2936 Mattlnui
1939 2883 1992 2936 in

401 2974 706 3044 £tlti0pia,
741 2978 808 3031 de
831 2992 934 3046 qua
970 2991 1070 3030 suo
1135 2976 1257 3031 loco
1319 2990 1519 3045 agam:
1596 2990 1788 3045 magna
1841 2976 1991 3028 enim

403 3069 882 3138 cstdisrrcpantia
918 3069 1064 3122 inter
1093 3067 1398 3138 simplicem
1455 3066 1579 3121 ﬁdei
1635 3066 1985 3136 praedicatio-

2079 577 2268 621 nostro
2299 567 2679 623 brevissimum
2725 568 2866 624 dabo
2896 569 3306 641 compendium,
3367 567 3513 640 quod
3553 567 3665 622 suf-

2080 657 2225 711 ﬁciet
2255 656 2320 712 ad
2356 657 2512 712 tidem
2537 658 2604 712 iis
2628 657 3046 714 detrahendam.

2153 770 2240 826 ll.
2273 769 2637 827 Constituitur
2659 783 2882 828 sanctus
2910 773 3202 829 Matthzeus
3223 773 3379 843 quasi
3410 789 3475 828 ex
3496 773 3665 829 abru-

2079 873 2175 933 pto
2204 862 2353 917 solus
2382 862 2436 915 in
2469 872 2653 918 monte
2687 878 2873 927 orans,
2906 863 3206 933 vidensque
3266 879 3471 931 pueros
3527 865 3667 918 mul-

2084 960 2168 1006 tos
2199 968 2325 1006 cum
2366 952 2495 1007 Jesu
2531 953 2762 1024 parvulo
2786 954 2841 1008 in
2866 954 3120 1022 paradiso
3183 963 3491 1010 cantantes.
3547 954 3670 1010 Mox

2081 1043 2235 1099 adest
2261 1043 2647 1108 Jesusoranti,
2709 1051 2766 1098 et
2828 1036 3112 1112 apostolus
3197 1043 3387 1099 videns
3436 1060 3669 1112 puerqu

2083 1139 2537 1209 pulcherrimum,
2580 1137 2808 1192 multum
2834 1135 3228 1192 sollicitudinis
3259 1135 3526 1203 insinuat,
3559 1151 3670 1206 quo

2082 1245 2210 1285 eum
2245 1230 2405 1284 modo
2441 1228 2657 1282 nutrire
2707 1227 2880 1298 possit
2933 1227 2988 1280 iu
3060 1227 3182 1282 loco
3222 1227 3465 1290 deserto,
3523 1227 3674 1283 omni

2081 1321 2206 1376 cibo
2242 1330 2297 1374 et
2321 1330 2449 1389 potu
2485 1319 2799 1374 destitutus.
2819 1328 2887 1372 At
2921 1317 3084 1374 Jesus
3107 1318 3346 1388 ettplicat
3368 1319 3490 1386 quis
3513 1322 3676 1379 sit.et

2085 1421 2210 1483 post
2233 1411 2434 1465 multos
2467 1425 2754 1465 sermones
2792 1410 3020 1464 minime
3077 1409 3436 1474 verisimiles,
3475 1411 3676 1479 quibus

2085 1503 2227 1556 inter
2247 1502 2352 1554 alia
2371 1499 2524 1566 dicit,
2553 1497 2826 1553 Herodem
2861 1498 2913 1550 in
2950 1497 3172 1551 inferno
3211 1513 3333 1552 esse
3390 1497 3460 1552 ob
3495 1499 3677 1553 occisa

2085 1593 2337 1647 undecim
2373 1607 2670 1662 puerorum
2743 1589 2934 1653 millia,
2982 1589 3239 1644 Matthaeo
3294 1590 3388 1643 dat
3441 1589 3674 1659 virgam,

2087 1701 2252 1755 quam
2304 1684 2460 1754 jubet
2485 1683 2733 1754 plantare
2759 1683 2912 1753 juxta
2968 1690 3182 1751 portam
3235 1682 3484 1736 ecclesia:
3551 1681 3679 1736 fitn-

2087 1778 2225 1832 datze
2251 1777 2318 1831 ab
2341 1777 2457 1846 ipso
2485 1785 2540 1830 et
2570 1774 2781 1829 Audrea
2813 1776 3059 1843 apostolo
3104 1775 3156 1827 in
3193 1774 3412 1828 civitate
3434 1774 3682 1831 Anthro-

2088 1871 2492 1942 pophagorutn.
2518 1869 2740 1938 Virgam
2774 1867 2906 1921 dicit
2957 1882 3243 1922 evasuram
3299 1869 3354 1922 in
3397 1867 3681 1931 arborem,

2088 1963 2324 2033 indeque
2358 1961 2626 2016 oriturum
2657 1958 2890 2025 fontem,
2923 1960 2992 2014 de
3021 1975 3130 2028 quo
3153 1959 3228 2014 uti
3282 1968 3338 2014 et
3389 1959 3455 2014 de
3484 1959 3684 2013 arbore

2089 2057 2466 2126 adiunguntur
2489 2053 2701 2107 fabella:
2741 2052 2992 2122 plurima:
3015 2069 3030 2118 ;
3057 2053 3434 2122 praedictoque
3460 2055 3685 2106 demum

2093 2151 2355 2221 martyrio
2387 2147 2625 2201 Matthxi
2665 2162 2760 2216 per
2788 2145 2996 2215 ignem,
3033 2161 3172 2215 puer
3197 2145 3380 2199 subito
3439 2145 3508 2199 ad
3570 2161 3687 2200 cm.

2092 2243 2202 2296 lum
2236 2240 2550 2294 revertitur.
2578 2237 2867 2292 Matthaaus
2894 2252 3024 2292 vero
3053 2242 3120 2291 ad
3173 2237 3364 2291 urbem
3397 2248 3685 2308 properat.

2092 2333 2308 2404 quando
2335 2340 2635 2387 occurrunt
2667 2329 2950 2384 l’hulbana
2985 2329 3193 2400 regina,
3223 2328 3546 2387 Phulbanus
3566 2331 3690 2398 eius

2094 2427 2258 2490 ﬁlius,
2300 2435 2356 2478 et
2413 2425 2578 2494 hujus
2632 2438 2770 2477 uxor
2835 2422 3002 2487 Erba,
3073 2437 3267 2477 omnes
3303 2422 3690 2494 energumeni,

2093 2529 2150 2573 et
2174 2519 2428 2572 Matthaao
2489 2517 2829 2579 minitantes,
2894 2532 2964 2571 ne
3028 2517 3304 2587 plantaret
3351 2519 3580 2590 virgam.
3617 2519 3692 2574 At

2097 2608 2184 2662 his
2249 2608 2480 2678 singulis
2552 2623 2748 2662 manus
2796 2607 3111 2678 imponens,
3165 2609 3327 2679 ejecit
3384 2609 3691 2675 dzemones,

2095 2711 2291 2755 etmox
2319 2699 2544 2755 obvium
2593 2700 2786 2755 habuit
2833 2699 3117 2756 Platonem
3178 2702 3500 2772 episcopum
3561 2719 3692 2758 cum

2098 2801 2211 2846 toto
2241 2792 2412 2846 clero.
2445 2791 2789 2862 Congregato
2861 2793 3058 2846 deinde
3101 2793 3332 2862 populo,
3367 2807 3692 2858 sermonem

2098 2883 2357 2948 instituit,
2418 2892 2471 2939 et
2498 2885 2701 2955 virgam
2728 2885 2958 2953 plantat,
2999 2892 3077 2947 et,
3123 2883 3355 2952 jubeute
3409 2886 3692 2954 apostolo,

2095 2973 2251 3030 Plato
2302 2977 2548 3048 reginam
2587 2977 2818 3046 ejusque
2856 2976 3024 3030 tilium
3057 2986 3112 3030 et
3157 2992 3360 3032 nurum
3419 2977 3693 3046 baptizat.

2100 3069 2371 3126 Postridie
2412 3069 2558 3142 virga
2590 3070 2644 3123 in
2676 3070 2930 3124 arborem
2964 3079 3216 3123 creverat
3249 3079 3306 3125 et
3369 3069 3575 3125 ﬂuvius
3625 3086 3698 3124 ex

404 3175 528 3214 nem
562 3176 684 3213 cum
716 3159 979 3212 nonnullo
1008 3161 1169 3213 etiam
1205 3159 1408 3223 fructu,
1460 3169 1516 3212 et
1569 3160 1986 3212 conversionem
2014 3171 2058 3236 ε
2095 3161 2293 3216 arbore
2365 3159 2774 3230 egrediebatur.
2841 3156 3085 3227 Populus
3151 3172 3282 3214 vero
3348 3160 3702 3217 mandat-ana

407 3253 576 3308 totius
604 3252 783 3324 regni,
813 3268 932 3322 qua:
963 3253 1026 3305 ad
1057 3253 1330 3320 integrum
1368 3249 1483 3306 fere
1537 3251 1798 3306 smculum
1864 3251 1987 3305 sine

405 3346 880 3413 persecutiouibus
909 3345 1101 3400 luisset
1137 3345 1453 3400 continuata
1495 3345 1799 3399 secundum
1827 3346 1982 3410 Arta,

403 3448 457 3491 et
489 3441 566 3493 sic
594 3439 801 3508 optime
832 3437 1063 3491 firmata.
1108 3439 1377 3492 Caeterum
1403 3437 1572 3491 multa
1601 3453 1821 3509 quoque
1874 3437 1982 3492 alia

403 3534 458 3586 in
494 3533 642 3587 Actis
666 3541 794 3586 sunt
841 3531 1239 3602 improbabilia,
1278 3548 1400 3600 quae.
1445 3532 1684 3588 breviter
1733 3531 1787 3585 in
1818 3532 1987 3586 adno-

406 3626 535 3681 tatis
563 3626 853 3695 assignabo
881 3645 894 3682 :
925 3642 1050 3681 nam
1082 3628 1199 3681 haec
1234 3627 1394 3688 Acta,
1426 3627 1679 3695 quamvis
1737 3625 1982 3680 fabulosa

404 3720 716 3784 sint,ederc
745 3721 934 3787 statui,
990 3721 1116 3790 quia
1205 3719 1386 3775 Latini
1467 3719 1826 3785 recentiores,
1893 3717 1985 3788 qui

402 3825 572 3884 agunt
607 3816 673 3871 de
703 3825 897 3871 sancto
928 3814 1205 3880 Matthzeo,
1229 3814 1414 3868 omnia
1447 3813 1560 3869 fere
1594 3829 1694 3869 sua
1738 3829 1804 3868 ex
1881 3814 1988 3868 illis

404 3909 734 3962 hauserunt.

477 4001 566 4058 10.
607 4003 742 4056 Acta
776 4001 965 4056 Grmca
1005 4041 1020 4065 ,
1046 4017 1114 4056 ex
1147 3999 1347 4070 quibus
1367 3999 1707 4054 recentiores
1762 4000 1984 4070 quidam

402 4097 473 4152 de
504 4105 698 4151 sancto
776 4095 1035 4150 Matthreo
1097 4103 1348 4165 egerunt,
1405 4092 1567 4147 nobis
1626 4092 1874 4147 similiter
1920 4093 1986 4147 ad

404 4203 631 4244 manum
697 4197 847 4251 sunt,
889 4187 1163 4255 descripta
1213 4201 1280 4240 ex
1341 4186 1532 4240 codice
1585 4183 1848 4239 Vaticano
1883 4185 1990 4241 808

407 4285 553 4336 inter
572 4281 812 4336 Graecos.
841 4279 989 4332 Nihil
1022 4279 1137 4333 hmc
1169 4278 1375 4332 habent
1407 4292 1699 4332 commune
1747 4295 1869 4332 cum
1891 4277 1990 4332 La-

405 4374 540 4428 tinis
576 4373 738 4429 modo
762 4371 1241 4442 improbatis;scd
1265 4371 1412 4424 hisce
1429 4372 1593 4425 etiam
1631 4371 1802 4441 magis
1860 4379 1988 4426 sunt

407 4467 686 4530 informia,
725 4467 1005 4536 magisque
1040 4465 1290 4529 ridicula,
1331 4480 1454 4518 cum
1487 4480 1597 4518 non
1649 4465 1748 4518 nisi
1788 4480 1991 4533 pauco-

407 4575 530 4614 rum
571 4559 785 4614 dierum
818 4570 969 4628 gesta
1003 4557 1118 4611 fere
1143 4557 1483 4621 contineant,
1535 4566 1589 4610 ct
1640 4557 1778 4611 nihil
1842 4558 1988 4614 rele-

408 4661 531 4706 rant
569 4661 764 4722 przctcr
792 4650 1000 4720 aliquot
1030 4650 1169 4704 facta
1201 4658 1256 4704 et
1307 4647 1554 4720 prodigia
1617 4651 1778 4720 plane
1814 4649 1993 4704 incre-

405 4746 618 4801 dibilia.
651 4745 855 4798 llorum
891 4746 1153 4799 Actorum
1191 4744 1576 4814 compendium
1601 4743 1990 4814 datNiccpho-

410 4857 505 4895 rus
542 4838 821 4899 Callistus.
848 4838 944 4892 lib.
1011 4853 1048 4891 ll
1098 4827 1400 4899 Historiae,
1469 4853 1590 4905 cap.
1633 4837 1724 4890 41.
1776 4837 1850 4892 De
1886 4838 1992 4892 hoc

408 4934 735 5003 compendio
759 4931 1027 4986 Baronins
1057 4931 1109 4984 in
1143 4932 1418 4986 adnotatis
1445 4931 1511 4983 ad
1547 4929 1990 5001 Martyrologium

404 5028 480 5082 ita
534 5025 795 5094 loquitur.
838 5043 857 5076 ι
903 5023 1180 5078 Nonnulla
1212 5023 1280 5077 de
1324 5021 1578 5076 Matthmo
1609 5023 1798 5078 scribit
1830 5024 1992 5079 Nice~

405 5121 637 5191 phorus,
669 5119 764 5173 lib.
801 5133 864 5178 ιι,
901 5132 1020 5186 cap.
1050 5117 1111 5170 41
1146 5133 1159 5178 ;
1195 5115 1292 5170 sed
1343 5130 1463 5184 quae
1513 5115 1721 5170 nullius
1763 5132 1991 5186 prorsus

405 5223 540 5269 sunt
569 5213 882 5268 testimonio
909 5211 1283 5280 comprobata.
1327 5227 1345 5259 ι
1403 5207 1494 5263 Vel
1526 5212 1606 5265 sic
1671 5220 1852 5265 tamen
1889 5209 1991 5265 Ni-

405 5307 629 5377 cephori
662 5303 1047 5375 compendium
1072 5303 1221 5358 Actis
1256 5302 1389 5372 ipsis
1423 5302 1603 5356 minus
1651 5303 1842 5358 saltem
1902 5313 1990 5360 est

406 5399 887 5464 ridiculum;cum
945 5396 1122 5452 multa
1171 5396 1425 5451 omiserit
1495 5396 1754 5460 adiuncta
1818 5397 1990 5466 magis

408 5504 598 5566 aperte
627 5493 889 5558 fabulosa,
913 5505 968 5547 et
1000 5491 1159 5546 initio
1186 5504 1360 5562 pauca
1411 5489 1738 5559 pricmiserit
1768 5488 1836 5544 de
1859 5505 1988 5544 san-

407 5600 496 5645 cto
527 5588 784 5644 Mattiaco
815 5586 1036 5642 aliunde
1059 5594 1209 5641 nota.
1245 5585 1323 5639 Ex
1343 5583 1532 5640 iisdem
1596 5583 1748 5638 Actis
1771 5592 1990 5639 contra-

407 5691 558 5735 ctum
587 5692 666 5734 est
698 5680 959 5757 elogium,
994 5678 1137 5751 quod
1160 5678 1426 5734 exhibent
1457 5676 1659 5731 Menam
1720 5675 1987 5746 impressa

411 5773 475 5825 ad
509 5788 595 5825 avi
633 5771 957 5830 Sovcmbris
990 5772 1132 5839 ;sed
1157 5783 1210 5826 et
1239 5772 1310 5826 ibi
1337 5772 1516 5842 aliqua
1553 5768 1711 5827 initio
1730 5769 1987 5826 dicuntur

414 5863 620 5922 nabis
651 5866 993 5922 documentis
1017 5876 1258 5934 accepta.
1317 5865 1453 5920 Cum
1515 5880 1695 5937 opera:
1749 5867 1982 5934 pretium

1252 6033 1280 6052 σε

2090 3252 2332 3306 fructum
2360 3249 2576 3303 arboris
2607 3247 2865 3318 cognovit
2897 3264 2958 3302 se
3009 3247 3217 3301 nudum
3284 3263 3431 3312 esse,
3483 3253 3700 3304 erube-

2089 3353 2419 3410 scenteSque
2452 3341 2649 3412 singuli
2685 3340 2910 3394 domum
2945 3354 3316 3395 cucurrerunt
3368 3338 3436 3394 ad
3498 3353 3697 3400 vestes

2089 3434 2511 3501 comparandas.
2576 3431 2734 3485 Mitto
2795 3447 2970 3501 nugas
3021 3431 3253 3497 similes,
3316 3440 3375 3486 ut
3421 3431 3590 3489 citius
3623 3433 3699 3490 ad

2089 3526 2286 3581 fabula:
2323 3525 2712 3595 catastropheu
2751 3523 3164 3594 perveniamus.

2162 3639 2251 3694 12.
2285 3639 2603 3694 Phulbanus
2665 3653 2786 3701 rex,
2867 3637 3138 3691 excitatus
3189 3653 3217 3692 a
3264 3638 3537 3707 daemone,
3593 3642 3696 3697 diu

2090 3737 2292 3793 frustra
2329 3737 2652 3790 Matthzeum
2687 3733 3166 3803 comprehendere
3191 3745 3448 3798 conatur,
3491 3751 3552 3789 ac
3587 3735 3691 3788 de-

2091 3847 2264 3891 munt,
2309 3830 2400 3886 ubi
2433 3829 2612 3899 ipsum
2657 3827 3043 3891 advocaverat,
3075 3826 3324 3882 cacitate
3357 3827 3694 3896 percutitur.

2091 3923 2331 3980 Sanatus
2355 3923 2422 3977 ab
2459 3921 2728 3991 apostolo,
2767 3919 2914 3974 hunc
2945 3918 3032 3974 vel
3100 3919 3182 3975 sic
3238 3918 3698 3987 comprehendit,

2091 4029 2147 4074 et
2180 4016 2356 4087 longis
2411 4015 2584 4068 clavis
2640 4021 2799 4068 terra!
2866 4011 3008 4082 adigi
3051 4012 3228 4081 jubet,
3291 4013 3698 4080 materiemque

2093 4109 2320 4162 multam
2351 4105 2508 4160 facile
2537 4103 2981 4160 combustihilem
3034 4103 3183 4158 circa
3239 4102 3418 4170 ipsum
3455 4118 3700 4173 congre-

2091 4200 2230 4270 gari,
2268 4208 2324 4252 et
2359 4197 2438 4251 sic
2470 4195 2744 4251 comburi.
2807 4195 3008 4250 Verum
3081 4195 3372 4249 combusra
3461 4197 3696 4264 quidem

2093 4290 2324 4346 materia
2351 4289 2782 4358 circumposita,
2815 4303 2930 4342 non
2966 4287 3098 4342 item
3159 4287 3323 4342 laesus
3375 4288 3692 4356 apostolus.

2091 4383 2265 4438 Jussit
2295 4383 2460 4454 igitur
2485 4399 2579 4436 rex
2613 4381 2904 4436 duodecim
2936 4381 3070 4436 deos
3085 4396 3284 4436 aureos
3323 4390 3698 4452 etargenteos

2093 4480 2298 4532 circum
2327 4491 2512 4548 pyram
2549 4475 2700 4545 poni,
2744 4489 2816 4528 ne
2879 4473 2961 4528 vis
2987 4471 3220 4529 ﬂammat
3277 4474 3643 4544 impediretur
3674 4492 3691 4540 ;

2099 4570 2326 4638 ipseque
2371 4570 2436 4621 ad
2453 4569 2631 4622 locum
2656 4568 2912 4624 accessit.
2941 4566 3010 4622 At
3038 4567 3131 4621 ubi
3159 4567 3384 4622 incensa
3415 4577 3500 4620 est
3529 4583 3691 4638 pyra,

2098 4678 2222 4717 mox
2263 4661 2406 4733 ignis
2437 4661 2664 4716 recessit
2702 4677 2732 4715 a
2784 4659 3063 4724 Mattbaeo,
3113 4661 3532 4729 combussitquc
3561 4676 3694 4714 om-

2099 4771 2196 4810 nes
2219 4755 2352 4810 deos
2379 4769 2574 4810 aureos
2601 4765 2656 4810 et
2682 4763 2996 4823 argenteos,
3031 4752 3446 4821 fugientemque
3499 4767 3691 4823 regem

2096 4848 2367 4917 serpentis
2402 4845 2585 4915 specie
2643 4846 2950 4910 insecutus,
2981 4844 3308 4914 prohibebat
3337 4845 3407 4897 ab
3435 4845 3690 4914 ingressu

2094 4938 2280 5008 palatii
2313 4936 2420 5000 sui,
2447 4938 2626 4992 donec
2687 4944 3059 4991 reverteretur
3108 4935 3176 4989 ad
3233 4933 3575 4996 Eatthaeum.
3618 4937 3691 4990 ab

2095 5047 2272 5100 eoque
2305 5029 2740 5084 misericordiam
2780 5035 3017 5096 peteret.
3063 5025 3227 5088 Tum,
3290 5037 3487 5082 orante
3551 5025 3692 5080 Mat-

2095 5127 2260 5190 thaeo,
2287 5125 2478 5194 igneus
2503 5125 2667 5178 draco
2697 5123 2923 5177 evanuit
2952 5138 2967 5186 ;
3023 5121 3310 5190 apostolus
3341 5135 3474 5174 vero
3517 5135 3684 5175 orans

2095 5218 2344 5284 Spiritum
2383 5216 2492 5270 Deo
2519 5215 2759 5277 tradidit,
2783 5222 2839 5267 et
2860 5214 3081 5281 quidem
3113 5213 3204 5267 die
3239 5213 3304 5267 16
3331 5212 3682 5275 Novembris.

2094 5312 2138 5366 si
2180 5308 2470 5366 fabulatori
2507 5309 2802 5362 credimus.
2832 5307 2900 5361 At
2963 5306 3198 5362 necdum
3250 5305 3558 5361 fabularum
3619 5305 3689 5358 ti-

2094 5402 2386 5459 nianbet
2411 5417 2506 5456 rex
2539 5399 2785 5455 defuncti
2812 5415 3035 5468 corpus,
3127 5413 3297 5452 aureo
3360 5397 3684 5467 impositum

2093 5497 2255 5560 lecto,
2281 5495 2348 5550 ad
2385 5493 2644 5564 palatium
2676 5509 2834 5546 suum
2863 5492 3090 5562 perferri
3120 5513 3134 5548 :
3163 5491 3366 5547 deinde
3400 5490 3682 5546 inclusum

2093 5606 2232 5645 arca:
2268 5588 2479 5649 ferrem.
2510 5587 2733 5656 plumbo
2760 5586 2922 5640 etiam
2949 5596 3205 5656 gravatae,
3244 5585 3300 5640 in
3373 5599 3524 5638 mare
3557 5599 3690 5653 pro-

2090 5683 2205 5754 jici,
2251 5691 2312 5736 ut
2377 5681 2652 5738 crederet.
2693 5677 2735 5733 si
2768 5693 2971 5749 corpus
2994 5693 3060 5734 ex
3095 5678 3231 5732 mari
3268 5676 3473 5731 rediret
3527 5675 3685 5729 inco-

2094 5776 2258 5831 lume.
2289 5773 2386 5830 His
2437 5773 2692 5846 peractis,
2723 5781 3198 5842 apparetsanctus
3242 5768 3532 5825 Mattheus
3560 5766 3688 5822 Pla-

2099 5866 2210 5925 toni
2233 5867 2514 5938 episcopo,
2538 5872 2853 5934 monetque,
2895 5871 2950 5919 ut
2985 5861 3050 5919 ad
3087 5876 3238 5919 mare
3269 5858 3532 5938 procedat
3568 5859 3684 5913 ritu
