4002 6434
306 359 412 421 757
1607 359 1786 420 ViTA
1819 359 1883 420 5.

2011 357 2312 419 LTTILEI.

3481 347 3599 414 ibi

303 477 540 534 solemni
571 491 698 532 cum
731 476 882 532 clero
903 493 1028 534 suo.
1073 477 1212 532 Cum
1243 479 1316 532 ibi
1352 486 1562 540 essent,
1594 479 1742 532 circa
1776 492 1900 532 sex-
1928 476 1974 536 Α
2003 486 2059 531 et
2089 476 2145 531 in
2179 476 2323 532 idem
2345 476 2564 541 recidit,
2590 476 2734 531 sicut
2762 485 2816 530 et
2840 474 3052 544 reliqua
3106 472 3318 536 omnia,
3373 471 3594 527 duobus

305 568 536 622 tatndiei
568 568 756 623 horam
785 569 932 624 videt
957 585 986 624 e
1011 569 1312 641 longinquo
1340 570 1634 640 episc0pus
1649 577 1898 626 Sanctum

303 661 626 717 Ilatthaeum
663 663 808 718 inter
843 663 984 718 duos
1002 664 1148 719 viros
1181 663 1558 720 ambulantem
1584 680 1682 729 per
1707 678 1858 720 mare
1883 681 1897 719 :

305 764 428 826 posl
470 753 662 809 horam
695 756 847 811 videt
883 773 1103 813 crucem
1132 773 1162 813 e
1192 757 1344 827 {mari
1417 768 1819 829 emergentem,
1846 765 1902 814 et

301 845 370 899 ad
409 845 571 899 finem
599 846 784 900 crucis
812 861 1019 914 arcam,
1052 848 1104 903 in
1139 865 1243 920 qua
1277 860 1397 906 erat
1450 852 1640 907 Sancti
1674 870 1898 925 corpus.

301 937 432 994 llaec
461 950 646 994 autem
688 955 911 996 crucem
943 945 1279 1013 sequebatur
1312 962 1485 1017 usque
1531 948 1598 1003 ad
1673 959 1896 1006 terram.

378 1033 464 1086 15.
510 1032 589 1087 Re
622 1034 927 1098 intellecta,
955 1040 1197 1095 accurrit
1233 1042 1492 1111 populus,
1526 1054 1580 1099 et
1607 1060 1702 1100 rex
1757 1045 1895 1114 ipse,

303 1117 555 1195 deposita
585 1127 735 1181 omni
759 1127 1166 1195 incredulitate,
1191 1136 1427 1198 accedit,
1459 1146 1774 1206 prostratus
1803 1157 1898 1193 ve-

299 1217 448 1271 niam
485 1219 640 1285 petit,
680 1231 733 1273 et
763 1220 923 1275 fidem
974 1225 1343 1294 amplectitur.
1380 1227 1565 1294 Quare
1600 1231 1899 1288 honorifice

299 1308 365 1364 ad
395 1310 691 1365 ecclesiam
733 1321 983 1381 portatur
1004 1333 1206 1386 corpus
1231 1322 1408 1375 sancti
1464 1322 1728 1380 Mattba‘i.
1801 1325 1898 1380 Ba-

304 1400 504 1468 ptizato
531 1403 645 1471 regi
679 1417 846 1460 noctu
922 1418 1147 1465 sanctus
1203 1410 1488 1468 illattlneus
1537 1418 1814 1485 apparuit,
1845 1428 1900 1474 et

301 1493 620 1550 Mattltzeum
652 1499 834 1552 vocari
863 1499 1049 1569 jussit,
1093 1514 1148 1558 et
1183 1508 1560 1578 presbyterum
1597 1512 1895 1579 ordinavit,

301 1587 473 1642 ﬁlium
509 1604 642 1642 vero
675 1590 794 1658 ejus
821 1593 1146 1657 diaconum.
1212 1599 1500 1670 utriusque
1545 1619 1746 1658 uxores
1782 1607 1898 1661 dia-

298 1680 570 1738 conissas.
596 1684 841 1737 onmium
873 1695 1098 1756 quoque
1120 1692 1348 1745 mutatis
1414 1695 1753 1752 nominibus.
1781 1697 1897 1756 Rex

2005 569 2253 640 exceptis
2290 571 2446 631 locis,
2489 570 2542 624 in
2567 569 2772 641 quibus
2826 569 3104 638 interpres
3136 566 3404 621 alteruter
3432 565 3595 620 aber-

2006 662 2165 727 ravit,
2199 669 2296 716 aut
2324 662 2570 717 codicem
2607 662 2798 717 habuit
2824 672 3172 731 corruptum,
3205 669 3266 714 ut
3308 658 3478 712 latius
3503 655 3592 711 di-

2006 768 2148 818 cam,
2184 754 2277 810 ubi
2313 764 2506 826 agetur
2534 754 2602 808 de
2659 753 3048 824 praedicatione
3100 751 3274 807 sancti
3324 747 3591 812 Matthxi,

2005 849 2256 918 adquam
2297 848 2710 918 locusnterque
2743 856 2976 919 spectat.
3027 856 3122 902 aut
3163 846 3217 900 in
3276 842 3590 900 Adnotatis.

2007 940 2154 995 Dabo
2189 942 2304 996 haec
2326 943 2482 1005 Acta,
2509 941 2728 996 etiamsi
2756 956 2866 996 non
2896 940 3002 995 sint
3038 938 3388 994 auctoritatis
3443 950 3594 990 sum-

2006 1049 2124 1098 mre,
2145 1035 2272 1104 quia
2301 1050 2412 1089 non
2435 1035 2703 1089 habemus
2730 1033 2956 1088 meliora
2978 1033 3047 1089 de
3073 1042 3267 1087 sancto
3296 1030 3589 1094 Matthteo;

2004 1142 2312 1198 sequar-que
2357 1127 2659 1182 editionem
2698 1126 3060 1191 Surii,altera
3123 1125 3594 1194 planiorem,me-

2005 1221 2330 1290 lioremque,
2370 1229 2431 1274 ut
2457 1220 2733 1282 existimo,
2763 1219 2873 1274 imo
2917 1220 2985 1275 ab
3018 1219 3140 1289 ipso
3187 1217 3356 1272 etiam
3426 1214 3608 1284 Lipov-

2004 1329 2168 1367 manu
2187 1314 2392 1375 datam,
2427 1322 2562 1367 tom.
2603 1309 2712 1374 Vli,
2744 1310 2834 1364 ubi
2880 1311 2974 1365 fol.
3024 1309 3131 1364 236
3197 1308 3381 1372 docet,
3419 1304 3600 1359 inter-

2003 1409 2176 1480 pretis
2225 1424 2348 1463 esse
2381 1407 2584 1463 Sirleti.
2626 1406 2702 1461 Ex
2739 1407 2820 1461 bis
2882 1414 3068 1460 autem
3153 1404 3304 1458 Actis
3352 1400 3613 1472 prudens.

2005 1506 2176 1558 lector
2203 1503 2462 1573 colligere
2490 1502 2713 1572 poterit,
2751 1499 3158 1570 Metaphrasten
3193 1513 3304 1552 non
3350 1510 3473 1552 esse
3515 1492 3599 1548 fa»

2004 1598 2256 1654 bnlarum
2286 1597 2660 1657 inventorem,
2681 1605 2740 1652 ut
2770 1595 3093 1664 frequenter
3122 1600 3381 1647 asserunt
3418 1589 3606 1658 aliqui.

2003 1689 2203 1752 critici,
2240 1689 2475 1744 maxime
2497 1687 2788 1742 Baillctus.
2827 1685 2884 1740 Si
2912 1685 3058 1740 enim
3081 1684 3286 1755 ﬁngere
3311 1683 3614 1746 voluissel,.

297 1770 470 1842 igitur
500 1788 698 1829 omnes
735 1775 789 1830 in
834 1793 1002 1849 regno
1032 1797 1134 1836 suo
1157 1783 1325 1852 jussit
1363 1800 1490 1843 esse
1521 1788 1891 1855 Christianos.

297 1863 515 1886 -12-“---
556 1881 607 1886 ._-
659 1882 675 1886 -
726 1884 741 1886 _
790 1884 810 1886 ᾉ
860 1872 914 1886 --.
969 1882 980 1886 _
1116 1883 1125 1886 _
1647 1883 1655 1886 _
1779 1883 1789 1886 _

2011 1781 2055 1835 id
2085 1781 2268 1836 facere
2297 1779 2570 1848 potuisset
2601 1793 2712 1831 non
2754 1778 2939 1830 minus
2972 1775 3041 1830 de
3083 1782 3279 1830 sancto
3343 1771 3613 1825 Matthmo

2040 1884 2046 1886 .
2384 1883 2392 1886 Α
2439 1872 2472 1886 ..
2588 1871 2600 1886 .
3202 1881 3371 1886 μη,
3419 1863 3596 1886 μμ...

295 1863 518 1933 alioque
556 1881 682 1937 rege
715 1872 1042 1934 constituto,
1078 1883 1131 1928 et
1163 1886 1380 1932 mortuo
1412 1890 1538 1949 post
1591 1883 1888 1940 triennium

296 1955 548 2020 Platone,
577 1958 756 2015 factus
779 1971 864 2017 est
893 1965 1211 2036 episc0pus,
1249 1968 1328 2023 uti
1364 1979 1418 2024 et
1446 1973 1590 2027 lilius
1619 1974 1740 2043 ejus
1768 1985 1893 2046 post

296 2049 501 2118 ipsum.
533 2051 811 2109 Hactenus
841 2056 974 2112 Acta
1006 2060 1143 2116 satis
1181 2063 1528 2131 prolisa,scd
1564 2071 1738 2123 multo
1775 2087 1893 2124 ma—

295 2141 380 2212 gis
412 2144 686 2207 fabulosa.
720 2163 841 2217 quae
871 2151 1147 2220 patienter
1190 2157 1395 2228 perlegi
1457 2170 1513 2215 et
1543 2162 1598 2217 in
1631 2178 1894 2235 compen—

294 2235 447 2290 dium
483 2242 755 2303 contraxi,
794 2244 1018 2300 ontissis
1056 2255 1240 2304 tamen
1275 2252 1588 2311 visionibus
1656 2267 1711 2312 et
1766 2259 1895 2316 aliis

296 2327 643 2385 mirabilibus
671 2347 781 2387 non
837 2337 1051 2404 paucis,
1095 2347 1154 2394 ut
1190 2342 1422 2412 quilibet
1473 2347 1661 2405 videre
1689 2353 1891 2420 possit,

294 2421 736 2494 nulliust'lnoque
774 2429 895 2484 fidei
930 2447 1052 2487 esse
1086 2434 1284 2490 tradita
1317 2439 1462 2506 apud
1491 2437 1891 2512 Nicephorum,

296 2514 357 2568 in
385 2513 632 2609 Menznis,
664 2529 721 2574 et
758 2522 992 2581 fortasse
1022 2527 1177 2584 alibi.
1206 2530 1414 2586 Civitas
1443 2533 1744 2605 Myrntene,
1771 2555 1896 2608 quae

297 2621 409 2661 uno
451 2619 660 2666 tantum
703 2616 964 2673 Actorum
1004 2619 1125 2676 loco
1159 2624 1500 2692 nominatur,
1543 2645 1699 2699 atque
1754 2633 1896 2690 ficti-

297 2701 414 2798 titia
454 2714 559 2768 est,
587 2708 984 2781 opinor,quam
1015 2716 1224 2788 reliqua
1255 2723 1437 2778 omnia
1464 2742 1478 2790 ;
1514 2734 1570 2780 et
1594 2729 1744 2798 regio
1778 2728 1897 2787 An-

295 2793 827 2896 thropOphagorum,
851 2807 1066 2863 etiamsi
1103 2826 1212 2866 non
1263 2814 1542 2872 defuerint
1574 2793 1893 2896 Anthropo-

298 2892 486 2961 pbagi,
515 2894 632 2950 sive
679 2898 919 2955 humana
973 2915 1262 2962 vescentes
1312 2924 1498 2975 carne,
1539 2892 1895 2976 similiter'ab

298 2991 528 3038 auctore
564 2986 782 3043 videtur
835 2992 1094 3049 conﬁcta.
1117 2994 1270 3052 Plato
1294 3000 1620 3073 episcopus,
1659 3009 1895 3079 ejusque

297 3090 589 3132 successor
621 3079 963 3150 Pbulbanus,
1000 3097 1056 3142 et
1090 3087 1256 3159 hujus
1307 3092 1456 3149 filius
1515 3113 1628 3154 non
1707 3103 1896 3160 minus

297 3181 553 3236 personat
583 3170 844 3228 videntur
877 3182 1295 3238 commentitiae.
1337 3184 1508 3242 Certe
1547 3189 1617 3244 de
1663 3192 1898 3252 Platone

296 3257 393 3312 illo
429 3259 653 3316 aliunde
690 3265 828 3320 nihil
858 3267 1105 3335 invenio,
1129 3272 1336 3329 nedum
1381 3276 1449 3332 de
1496 3277 1644 3342 aliis,
1687 3291 1747 3337 ut
1775 3299 1900 3339 om-

297 3349 436 3404 nino
475 3353 568 3407 liat
601 3357 923 3425 verisimile,
959 3359 1242 3420 Platonem
1278 3382 1346 3422 ex
1372 3369 1456 3423 his
1496 3386 1719 3442 quoque
1745 3375 1900 3433 Actis

299 3445 600 3498 memorari
631 3447 684 3500 in
717 3449 897 3520 elogio
935 3451 996 3509 S.
1033 3453 1298 3521 Matthtci,
1333 3459 1481 3529 quvd
1509 3463 1790 3530 reperitur
1843 3467 1898 3522 in

299 3530 614 3597 licnologio
643 3537 1017 3608 Basiliano,et
1041 3547 1196 3614 plura
1229 3549 1282 3603 in
1338 3551 1442 3606 isto
1477 3554 1655 3624 elogio
1704 3572 1770 3612 ex
1815 3559 1902 3614 bis

298 3627 456 3681 Actis
485 3629 811 3704 deprompta
845 3652 988 3702 esse,
1025 3638 1152 3694 licet
1183 3657 1294 3696 non
1318 3646 1504 3701 omnia
1568 3660 1898 3720 congruant.

375 3719 464 3773 M.
493 3721 610 3776 Alia
648 3740 868 3782 rursum
895 3731 1070 3784 sancti
1098 3731 1335 3789 Matthati
1391 3737 1528 3794 Acta
1569 3719 1904 3812 conscripsit

301 3809 528 3868 Simcoo
560 3815 980 3891 Mctaphrasles,
1018 3840 1138 3896 quae
1185 3826 1372 3884 Graeca
1409 3831 1475 3886 ad
1535 3849 1758 3890 manum
1791 3809 1902 3890 non

303 3901 507 3968 habeo,
545 3925 647 3963 nec
675 3914 807 3968 tanti
841 3915 1094 3974 facienda
1143 3931 1295 3986 sunt,
1328 3931 1387 3978 ut
1441 3925 1691 3982 studiose
1741 3928 1904 3983 modo

303 4003 603 4064 quaerenda
634 4006 946 4063 existimem
988 4027 1001 4064 :
1044 4028 1170 4066 nam
1206 4031 1266 4066 ea
1299 4014 1491 4071 Latine
1519 4018 1695 4073 edidit
1738 4019 1904 4091 Lipo-

305 4112 528 4163 manus.
567 4109 701 4155 tom.
742 4101 809 4165 V,
843 4103 943 4158 fol.
989 4107 1090 4162 157
1119 4118 1174 4164 ct
1202 4110 1322 4172 158,
1353 4123 1407 4166 et
1437 4111 1632 4168 Surius
1664 4116 1732 4168 ad
1757 4115 1906 4170 hunc

307 4190 478 4245 diem.
516 4192 641 4248 llaac
661 4195 844 4251 minus
880 4197 1132 4255 fabulosa
1157 4211 1311 4268 sunt,
1330 4206 1426 4258 sed
1462 4206 1648 4262 brevia
1676 4209 1906 4263 omnino

303 4289 366 4334 et
387 4279 601 4350 jejuna,
623 4294 684 4340 ut
707 4287 793 4339 vix
816 4289 1117 4360 quidquam
1139 4293 1378 4350 atferant
1404 4294 1472 4350 de
1494 4295 1722 4363 Sancto,
1759 4302 1906 4370 quod

305 4371 535 4429 aliunde
567 4391 678 4431 non
706 4380 777 4434 sit
805 4391 1020 4436 notum.
1057 4381 1240 4439 Pauca
1269 4395 1455 4441 autem
1512 4389 1625 4455 illa,
1664 4407 1786 4461 quae
1837 4394 1907 4448 de

308 4469 705 4533 praedicatione
731 4470 920 4528 Sancti
949 4475 1236 4541 dicuntur,
1277 4495 1388 4533 non
1414 4491 1547 4536 sunt
1579 4481 1704 4541 fidei
1741 4484 1907 4540 indu-

1999 1884 2054 1929 et
2083 1875 2207 1930 aliis
2242 1872 2526 1944 apostolis,
2569 1871 2640 1925 tle
2665 1886 2906 1941 quormn
2991 1867 3158 1940 gestis
3202 1881 3377 1937 pauca
3417 1863 3599 1918 solum

1995 1966 2465 2029 commemoravit,
2523 1963 2664 2034 quod
2748 1979 2857 2016 non
2919 1960 3190 2028 reperiret
3246 1959 3400 2028 plura
3451 1955 3603 2026 apud

1995 2059 2358 2130 antiquiores.
2420 2057 2538 2112 Non
2597 2055 2865 2112 confinxit
2902 2054 3066 2126 igitur
3100 2052 3254 2106 Vitas
3321 2049 3604 2108 fabulosas

1997 2155 2424 2225 Metaphrastes,
2499 2151 2594 2208 sed
2654 2150 2951 2206 nonnullas
3019 2145 3319 2220 adoptavit,
3377 2152 3434 2201 et
3497 2159 3605 2199 suo

1997 2247 2136 2319 ston
2159 2263 2221 2301 ex
2232 2245 2436 2317 posuit.

2074 2337 2164 2396 15.
2202 2336 2522 2394 Orationem
2558 2334 3018 2392 encomiasticam
3075 2333 3146 2390 de
3217 2339 3413 2388 sancto
3456 2327 3600 2386 Mat.

1999 2432 2143 2488 thaeo
2172 2431 2426 2503 apostolo
2491 2429 2830 2501 evangelista
2895 2429 3062 2482 etiam
3119 2425 3341 2495 scripsit
3381 2420 3602 2478 Nicetas

1999 2525 2320 2591 David,aut
2351 2523 2652 2594 Paphlago,
2693 2521 2787 2593 qui
2836 2520 3030 2575 eodem
3082 2519 3198 2575 fere
3266 2535 3391 2573 cum
3433 2517 3605 2572 Metav

1994 2621 2222 2694 phraste
2265 2619 2402 2674 vixit
2441 2632 2709 2688 tempore.
2754 2618 2916 2688 paulo
2950 2627 3131 2671 tamen
3184 2615 3404 2670 videtur
3459 2612 3604 2668 anti-

1995 2716 2178 2788 quior.
2215 2714 2368 2769 Hanc
2397 2712 2606 2768 NicetJ:
2639 2713 2951 2766 orationem
2988 2708 3458 2766 Greco-Latinam
3484 2707 3604 2762 edi-

1999 2808 2081 2864 dit
2123 2806 2489 2862 Combeiisius
2528 2805 2585 2860 in
2625 2805 2880 2860 Auctario
2929 2802 3254 2868 novissimo,
3299 2816 3422 2871 pag.
3473 2797 3599 2854 401.

1995 2897 2146 2954 Illam
2192 2897 2458 2953 recudere
2511 2910 2860 2967 nequaquam
2909 2893 3074 2954 libet,
3115 2892 3243 2962 quia
3292 2889 3430 2945 nihil
3484 2887 3604 2942 fere

1997 2992 2165 3049 habet
2192 2991 2260 3046 de
2284 2989 2450 3062 gestis
2481 2989 2657 3045 sancti
2689 2987 2928 3043 Mattlnei
2959 2995 3153 3058 praeter
3183 2984 3525 3038 vocationem
3549 2987 3607 3037 et

1998 3083 2359 3155 Evangelium
2405 3081 2702 3153 scriptum.
2735 3081 2810 3135 De
2857 3079 3247 3150 prmdicatione
3281 3092 3411 3134 vero
3461 3091 3605 3147 pau-

2003 3178 2154 3234 ciora
2215 3176 2482 3238 narravit,
2536 3190 2700 3246 quam
2753 3173 3180 3245 Metapltrastes,
3233 3187 3358 3227 cum
3423 3185 3604 3226 tamen

2015 3272 2192 3326 oratio
2239 3270 2412 3327 multo
2459 3269 2534 3326 sit
2581 3268 2848 3340 prolixior
2900 3268 2970 3323 ob
3020 3281 3186 3339 vagas
3238 3265 3605 3320 laudationes.

2009 3360 2248 3417 Aﬂeram
2305 3360 2490 3431 itaque
2534 3375 2602 3414 ex
2648 3374 2710 3414 ea
2756 3358 2809 3412 in
2859 3357 3294 3421 Commentario,
3339 3354 3610 3428 quidquid

2010 3454 2144 3508 utile
2195 3451 2472 3507 videbitur
2516 3450 2582 3506 ad
2631 3451 2973 3522 propositum
3013 3459 3286 3504 nostrum.
3326 3445 3612 3504 Laudatus

2010 3545 2242 3600 Allatius
2279 3560 2404 3616 pag.
2435 3543 2560 3608 12-2,
2596 3543 2742 3598 inter
2783 3541 2934 3595 Vitas
2969 3541 3466 3610 Sanctorum,qua3
3492 3555 3607 3594 non

2012 3648 2142 3693 sunt
2182 3637 2588 3706 Metapltras'as,
2625 3645 2901 3690 recenset.
2941 3635 3105 3689 «Acta
3153 3632 3326 3688 sancti
3370 3632 3609 3704 apostoli

2012 3740 2066 3786 et
2112 3730 2459 3801 evangelista:
2499 3728 2762 3791 Matthtei,
2813 3744 3049 3798 quorum
3097 3727 3202 3781 tale
3257 3726 3351 3780 dat
3401 3723 3608 3792 pri-ncio

2013 3825 2164 3898 pium
2203 3843 2216 3878 :
2248 3824 2531 3887 Ματθαῖος
2555 3822 2858 3885 ἀπόστολος
2881 3824 2975 3874 καὶ
3001 3817 3398 3890 εὐαγγελιστὴς
3412 3811 3480 3889 ἦν
3510 3817 3610 3887 μιν

2012 3922 2078 3973 ἐκ
2120 3917 2330 3982 πόλεως
2392 3915 2780 3987 Ἰερουσαλήμ.
2825 3933 2844 3967 t
2903 3914 3190 3969 Matthmus
3228 3909 3512 3981 apostolus
3553 3916 3620 3964 et.

2013 4010 2348 4082 evangelista
2414 4017 2534 4064 erat
2594 4023 2659 4063 ex
2723 4008 2944 4062 civitate
3015 4004 3535 4075 ilierosolymitana.
3584 4018 3604 4052 ι

2015 4104 2272 4158 Auctoris
2327 4111 2412 4158 est
2477 4101 2670 4172 ignoti,
2736 4109 2791 4154 ct
2853 4099 3225 4155 verisimililer
3287 4094 3612 4168 posterioris

2016 4196 2204 4252 Niceta
2263 4204 2319 4250 et
2365 4193 2757 4264 Melaphraste.
2809 4193 2998 4246 Prodit
3057 4191 3147 4246 ille
3201 4195 3307 4262 jam
3361 4188 3625 4258 allegatis.

2015 4291 2222 4355 verbis,
2266 4305 2428 4360 quam
2481 4287 2640 4343 nibili
2694 4287 2766 4342 sit
2805 4285 3116 4347 faciendus,
3172 4285 3302 4340 dum
3355 4291 3610 4338 sanctum

2016 4383 2334 4439 Mattharum
2369 4381 2499 4438 facit
2541 4380 3118 4452 llicrosolymitanutu,
3151 4391 3274 4434 cum
3312 4377 3400 4431 vix
3436 4377 3608 4432 ullum

2017 4477 2088 4532 sit
2117 4476 2366 4540 dubium,
2408 4475 2540 4544 quin
2574 4475 2644 4528 sit
2678 4472 2956 4535 Galilaeus,
2984 4480 3044 4526 ut
3069 4486 3169 4526 suo
3201 4471 3322 4526 loco
3355 4469 3569 4523 dicetur
3593 4481 3622 4529 ;~

310 4562 497 4616 bitataa
531 4581 546 4628 ;
583 4563 678 4618 sed
712 4576 879 4622 tantae
906 4569 1085 4625 solum
1118 4573 1491 4639 auctoritatis,
1526 4585 1734 4644 quanta
1765 4578 1901 4633 solet

2019 4576 2078 4622 ut
2147 4581 2297 4623 certe
2352 4566 2501 4620 nulla
2555 4563 2627 4618 sit
2674 4563 2813 4617 ratio
2865 4577 2986 4631 quae
3034 4560 3372 4631 persuadere
3440 4558 3617 4627 possit

306 4655 364 4711 in
391 4657 517 4712 aliis
535 4662 967 4718 esseauctoritas
989 4664 1400 4734 Metaphrastis.
1427 4667 1625 4725 Surius
1650 4672 1906 4726 eamdem

313 4748 489 4806 edidit
519 4751 914 4817 Mutathrastis
940 4758 1407 4824 lucubrationem,
1433 4761 1530 4817 sed
1577 4762 1686 4818 alio
1747 4765 1910 4820 modo

310 4841 509 4899 Latine
547 4846 841 4913 redditam,
877 4867 987 4920 quo
1017 4851 1224 4907 factutn
1251 4862 1359 4915 est.
1396 4863 1454 4908 ut
1502 4855 1775 4912 Baronins
1823 4858 1910 4914 di-

311 4953 505 4994 versas
533 4941 836 4997 crediderit
874 4945 1316 5012 lucubrationes,
1349 4965 1476 5004 cum
1517 4966 1630 5004 non
1691 4952 1765 5007 sit
1803 4953 1910 5009 nisi

313 5047 422 5086 una
460 5033 770 5104 eademque
791 5035 1000 5103 Gra'ca,
1051 5055 1216 5108 quam
1281 5041 1428 5096 inter
1479 5042 1630 5098 Vitas
1660 5059 1691 5100 a
1739 5043 1911 5099 Meta-

309 5121 542 5189 pbraste
577 5125 816 5193 scriptas
851 5131 1183 5184 memoravit
1212 5132 1446 5188 Allatius
1476 5133 1546 5189 de
1583 5133 1910 5191 Simeonum

308 5215 550 5284 scriptis.
590 5232 711 5289 pag.
751 5218 870 5287 1'26,
914 5225 1156 5279 recitatis
1211 5225 1426 5281 initium
1471 5230 1734 5284 Actorum
1759 5229 1916 5284 Grat-

308 5325 530 5374 corum,
572 5311 674 5382 ῆδη
708 5313 811 5382 μὲν
840 5315 932 5368 τὸν
972 5320 1127 5388 παρὰ
1152 5319 1248 5372 τοῦ
1275 5320 1584 5387 πλάσαντος
1638 5325 1788 5394 ἡμᾶς
1822 5325 1913 5379 δο-

314 5400 503 5455 θεῖσιν
533 5405 903 5472 φυλάττοντες
930 5410 1338 5483 ὲντο).ὴν,‹ιυοᾱ
1368 5414 1443 5469 ita
1473 5429 1802 5485 expressum
1829 5427 1916 5474 est

309 5496 457 5564 apud
491 5496 854 5567 Lipomanum
889 5519 904 5558 :
940 5521 958 5554 ι
982 5503 1102 5560 Jam
1161 5507 1381 5575 quidem
1418 5511 1704 5579 nos,un
1735 5511 1914 5579 abeo,

311 5591 408 5661 qui
439 5607 545 5648 nos
579 5593 833 5658 ﬁnxerat,
855 5596 1043 5653 datum
1072 5598 1627 5673 fueratprteceptum,
1680 5620 1916 5660 servan-

317 5694 424 5741 tes.
466 5704 486 5738 ι
509 5688 670 5757 Apud
704 5688 925 5745 Surium
961 5707 1133 5748 vero:
1178 5711 1196 5744 ο
1236 5692 1294 5748 Si
1365 5702 1700 5765 praeceptum
1735 5696 1914 5763 illud,

313 5781 464 5850 quod
492 5781 564 5835 ab
587 5796 678 5844 co,
712 5783 803 5852 qui
838 5782 1120 5852 formavit,
1180 5788 1490 5861 injunctum
1559 5791 1722 5846 nobis
1789 5791 1914 5854 fuit.

319 5890 542 5932 servare
575 5875 964 5936 voluissemus.
999 5878 1242 5953 Utraque
1297 5885 1569 5954 expositio
1623 5895 1749 5958 apta
1806 5896 1911 5953 est,

2016 4658 2571 4730 liicrosolymitanum
2631 4653 2820 4710 fuisse.
2865 4653 2987 4708 Non
3047 4654 3223 4707 habeo
3264 4651 3332 4706 ad
3385 4664 3610 4704 manum

2015 4755 2134 4811 haec
2168 4756 2324 4817 Acta,
2370 4751 2610 4823 facitque
2659 4750 2950 4820 allegatum
3001 4749 3247 4810 initium,
3293 4753 3450 4799 utea
3486 4753 3610 4798 stn-

2015 4848 2168 4902 diose
2189 4845 2483 4916 qnierenda
2518 4859 2628 4898 non
2663 4857 2942 4896 censeant.
2977 4839 3209 4894 Exstant
3241 4847 3293 4893 et
3325 4837 3509 4907 piures
3539 4835 3610 4890 de

2017 4951 2210 4997 sancto
2250 4940 2510 4995 Matthtco
2538 4952 2857 5002 sermones,
2893 4936 2987 4990 sed
3021 4935 3113 5006 qui
3155 4933 3221 4987 ad
3257 4942 3406 5003 gesta
3436 4931 3611 4999 ipsius

2016 5034 2382 5089 exat‘ninanda
2408 5041 2502 5087 aut
2527 5031 2836 5086 enarranda
2866 5028 3005 5083 nihil
3027 5025 3369 5083 conducunt.
3393 5024 3533 5079 Tres
3557 5024 3611 5078 id

2018 5141 2190 5196 genus
2225 5139 2512 5180 sermones
2550 5123 2718 5180 habet
2759 5122 2817 5177 S.
2851 5121 3048 5177 Petrus
3075 5117 3372 5176 Damianus
3402 5127 3536 5173 tom.
3567 5115 3614 5172 ll

2019 5217 2284 5288 Operutn.

2093 5325 2178 5381 lli.
2228 5323 2541 5394 Scriptores
2598 5323 2966 5395 posteriorum
3014 5322 3345 5379 saeculorum
3400 5319 3611 5386 Latini,

2019 5420 2112 5489 qui
2157 5429 2314 5491 gesta
2360 5420 2418 5472 S.
2457 5417 2698 5473 Μαιηιωί
2745 5433 3009 5473 enarrare
3052 5417 3385 5478 voluerunt,
3423 5416 3612 5470 omnia

2021 5513 2136 5568 fere
2182 5515 2485 5567 hauserunt
2517 5527 2584 5566 ex
2624 5511 2775 5566 Actis
2815 5511 2992 5580 primo
3041 5511 3163 5566 loco
3193 5509 3450 5569 edendis.
3489 5522 3614 5577 qua

2021 5617 2175 5663 certo
2219 5608 2444 5678 antiqua
2500 5608 2674 5678 magis
2716 5618 2866 5671 sunt,
2912 5623 3080 5676 quam
3132 5606 3460 5678 probabilia.
3517 5604 3612 5660 Illa

2026 5701 2138 5756 fere
2172 5703 2381 5771 integra
2425 5700 2520 5756 dat
2551 5699 2876 5756 Vincentius
2915 5699 3344 5764 Bellovacensis,
3390 5700 3441 5754 in
3477 5698 3612 5770 Spe—-

2022 5794 2161 5858 culo,
2211 5795 2303 5848 lib.
2351 5810 2423 5858 ιι,
2479 5809 2598 5866 cap.
2633 5793 2702 5850 74
2743 5804 2799 5849 ct
2847 5799 3001 5865 Seqq.
3041 5793 3281 5850 Jacobus
3317 5791 3616 5848 Januensis

2025 5903 2144 5958 cap.
2190 5885 2288 5942 155
2315 5903 2379 5945 ex
2415 5886 2604 5943 iisdem
2638 5885 2788 5944 Actis
2824 5887 3005 5944 omnia
3044 5885 3646 5973 deprompsitpracter,
