4002 6440
424 330 532 391 Ἴδη

1654 329 1941 391 MENSIS
1982 330 2455 393 SEPTEMBER.
3577 320 3689 385 τευ

424 452 487 492 ea
518 451 641 506 quae
670 435 1047 511 ratiocinando
1091 436 1157 492 de
1204 436 1497 493 virtutibus
1537 437 1726 493 Sancti
1764 440 1997 494 addidit.
2035 448 2074 501 Α
2104 454 2258 495 num.
2307 430 2347 491 t
2375 437 2433 493 ln
2470 436 2753 508 prolixiori
2801 435 2996 493 unicus
3046 433 3204 490 initio
3242 442 3324 490 est
3375 429 3571 488 titulus
3607 432 3685 487 ita

424 527 625 582 Eadem
659 542 875 582 rursum
909 530 1040 582 Acta
1076 527 1189 583 fere
1228 529 1474 598 sequitur
1506 528 1694 586 Petrus
1737 531 1806 585 de
1840 532 2001 586 Nata-

424 620 586 683 libus,
616 618 709 674 lib.
746 636 862 682 vut,
908 634 1029 691 cap.
1074 619 1215 683 100;
1263 629 1374 675 tam
1420 637 1610 692 presse
1642 633 1823 678 tamen
1854 624 2002 678 Actis

425 728 535 766 non
590 712 842 776 inhaeret,
893 721 955 767 ut
1004 712 1241 768 subinde
1282 728 1391 768 non
1446 715 1608 770 addat
1656 715 1860 784 aliquid
1907 725 2002 770 aut

424 813 598 885 tnutet
650 803 952 858 secundum
984 820 1046 858 ea
1083 818 1205 873 quae
1239 805 1365 860 alibi
1397 805 1618 877 legerat.
1651 807 1918 862 Baronius
1946 808 2000 862 in

422 893 710 948 Adnotatis
754 896 823 950 ad
863 896 1301 969 MarterIOgium
1343 899 1482 953 duos
1513 900 1595 954 sui
1645 899 1904 970 temporis
1932 900 2000 953 de

424 985 484 1039 S.
522 986 771 1042 Matthtco
801 990 1100 1058 scriptores
1135 1003 1387 1045 recenset
1417 992 1505 1046 his
1532 992 1712 1046 verbis
1744 1010 1757 1046 :
1794 1010 1813 1042 ι
1853 990 2000 1045 Peri-

423 1080 583 1134 onius
617 1080 720 1135 alia
779 1096 957 1150 nuper
1011 1083 1354 1151 conscripsit,
1419 1102 1438 1136 ι
1496 1086 1626 1138 Acta
1680 1084 1936 1138 vidi-licet
1982 1100 1997 1137 :

430 1192 449 1222 ι
486 1171 791 1227 Novissime
821 1188 952 1228 vero
983 1189 1050 1228 ex
1076 1176 1317 1244 antiquis
1349 1175 1743 1233 monumentis.
1787 1186 1839 1229 et
1869 1191 1998 1230 san-

414 1285 436 1331 ρ
459 1276 633 1317 torum
672 1265 892 1318 Patrum
922 1266 1142 1335 scriptis
1170 1266 1386 1337 collegit
1426 1282 1539 1333 rev.
1585 1268 1839 1321 dominus
1862 1266 1997 1322 Mar-

420 1356 807 1410 cusAntouius
828 1356 1119 1421 Columna,
1141 1357 1999 1427 ari-biepiscopusSalern'tauns,

421 1458 477 1498 ιιι
533 1463 665 1503 sane
708 1450 932 1518 quidem
988 1448 1224 1506 erudite.
1276 1466 1294 1500 ι
1343 1448 1583 1519 Uterque
1632 1450 1765 1504 Acta
1822 1452 1999 1519 prima

422 1554 535 1608 pra:
570 1538 745 1592 oculis
787 1538 999 1601 habuit,
1045 1549 1100 1593 et
1133 1538 1251 1594 sine
1292 1540 1555 1608 scrupulo
1601 1548 1823 1593 secutus
1866 1550 1949 1593 est
1982 1557 1997 1593 :

421 1642 516 1688 aut
546 1631 723 1699 potius
749 1630 865 1700 ipsa
894 1631 1023 1685 Acta
1048 1631 1480 1700 pseudo-Abdita:
1507 1631 1659 1686 dedit
1688 1629 1996 1695 Perionius,

423 1723 641 1778 omissis
673 1723 934 1778 duntaxat
964 1723 1330 1792 paucissimis.
1372 1734 1426 1778 ct
1455 1725 1655 1778 addit's
1687 1724 1841 1777 initio
1868 1740 2003 1794 pau—

423 1817 522 1878 cis,
566 1824 729 1887 prout
770 1817 905 1869 Acta
954 1787 1006 1868 in
1054 1815 1244 1869 codice
1291 1815 1475 1884 aliquo
1518 1814 1701 1870 forsan
1746 1787 1998 1870 invenit:
2037 1787 2079 1844 Β

421 1923 547 1965 nam
599 1920 655 1961 et
701 1911 755 1960 in
810 1906 1053 1961 editione
1110 1904 1359 1960 Historiae
1387 1909 1781 1976 apostolorum,
1830 1923 1995 1977 quam

420 2014 567 2071 anno
606 1998 737 2052 1571
789 1998 940 2053 dedit
978 1997 1227 2052 Joannes
1266 1996 1443 2052 Faber
1468 2041 1482 2062 ,
1517 2015 1628 2053 non
1662 2014 1830 2068 pauca
1874 2008 2003 2054 sunt

420 2089 648 2156 omissa,
689 2107 807 2159 quae
839 2092 891 2143 in
924 2090 1200 2159 plerisque
1242 2090 1529 2145 codicibus
1560 2090 1835 2159 leguntur.
1868 2090 1998 2145 Illu-

420 2181 738 2235 strissimus
770 2180 1036 2236 Columna
1072 2180 1312 2251 ttttdique
1338 2196 1435 2235 sua
1469 2182 1685 2248 collegit
1723 2182 1845 2236 sine
1870 2179 2000 2236 crisi

421 2272 744 2333 subicio-nte.
776 2274 921 2343 quod
948 2273 1092 2327 aetati
1126 2274 1298 2343 ipsius
1324 2273 1626 2327 condonari
1669 2282 1868 2343 potest.
1899 2271 2006 2326 lic-'-

422 2363 589 2432 liquis
643 2371 825 2417 tamen
881 2362 1031 2417 Actis
1095 2362 1400 2432 praetulisse
1449 2363 1665 2418 videtur
1723 2364 2000 2432 personati

423 2455 611 2509 Abdire
653 2453 969 2516 Historiam,
1012 2454 1097 2510 cui
1128 2455 1389 2509 nonnulla
1425 2470 1489 2508 ex
1525 2454 1910 2525 Metaphraste,
1949 2463 2003 2509 et

423 2547 577 2623 plura
618 2564 681 2601 ex
731 2548 878 2603 Actis
937 2546 1161 2616 Crtecis,
1208 2546 1323 2601 sive
1369 2562 1433 2602 ex
1474 2548 1799 2617 compendio
1843 2546 2002 2601 Nice-

427 2641 580 2709 phori
614 2640 884 2710 adjunxit.
914 2638 1131 2693 Meliora
1164 2648 1349 2693 tamen
1372 2639 1534 2693 etiam
1564 2642 1714 2694 dedit
1741 2656 1809 2695 ex
1833 2656 2004 2695 εδει-ιε

414 2730 647 2788 Litteris
695 2741 749 2787 et
787 2730 1061 2788 Patribus.
1098 2730 1435 2786 Examinabo
1468 2733 1632 2803 igitur
1673 2742 1729 2788 et
1773 2734 2004 2788 subinde

424 2824 659 2878 laudabo
713 2834 921 2878 asserta
971 2824 1275 2884 Columnae.
1306 2827 1384 2878 uti
1428 2832 1482 2877 et
1531 2823 1747 2878 Baronii
1801 2826 1852 2878 iu
1896 2828 2004 2879 An-

422 2917 660 2979 nalibus,
683 2913 1019 2969 Tilleutontii
1043 2914 1097 2968 in
1125 2916 1480 2969 Monumentis
1507 2916 1777 2980 lt'cclest'te,
1804 2927 1937 2971 tom.
1960 2917 2003 2984 l,

422 3011 764 3078 aliorumque
810 3008 1137 3073 recentium,
1191 3009 1285 3079 qui
1348 3009 1751 3066 accuratiorem
1809 3011 1997 3065 crisim

407 3094 773 3173 ‘prolitenlur.
1258 3112 1263 3121 ‘

497 3195 586 3249 Π.
629 3193 908 3250 Laudatus
929 3194 1194 3251 Columna
1220 3194 1667 3266 archiepiscopus
1687 3210 1797 3250 non
1824 3194 1998 3251 solum

424 3290 492 3341 de
541 3287 707 3358 gestis
749 3296 804 3342 et
848 3289 1112 3359 martyrio
1153 3289 1330 3342 sancti
1376 3287 1613 3343 Mattha-i
1650 3291 2001 3345 Counuenta-

429 3380 569 3432 rium
622 3379 815 3446 edidit,
866 3381 962 3436 sed
1002 3380 1176 3436 varias
1219 3396 1439 3451 quoque
1487 3382 1735 3451 corporis
1774 3383 2005 3437 transla-

427 3473 603 3527 tiones
662 3488 918 3527 sermone
975 3475 1187 3543 prolixo
1236 3475 1430 3544 magis,
1490 3490 1649 3545 quam
1708 3475 1999 3545 probabili,

423 3566 721 3621 enarravit.
762 3564 905 3620 Vidit
938 3568 1127 3635 procul
1162 3568 1332 3621 dubio
1372 3568 1641 3623 Baronius
1670 3582 1776 3621 non
1815 3569 2003 3622 colite-

427 3674 548 3713 rere
589 3657 913 3713 relationem
949 3657 1251 3723 Columnae,
1290 3675 1414 3714 cum
1462 3652 1607 3714 illam
1641 3676 1748 3715 non
1784 3661 2008 3731 ignora-

426 3755 586 3815 xerit,
624 3765 727 3804 nec
772 3758 959 3813 tamen
991 3752 1289 3821 quidquam
1336 3767 1404 3807 ex
1447 3768 1510 3807 ea
1546 3753 1848 3808 Annalibus
1889 3753 2004 3810 suis

428 3845 762 3909 inseruerit;
821 3848 1077 3914 quamvis
1131 3844 1200 3898 ad
1258 3860 1463 3920 annum
1531 3843 1639 3900 955
1696 3861 1760 3900 ex
1826 3847 2004 3901 Leone

425 3937 689 3999 ﬁstieusi,
723 3948 775 3991 et
808 3938 875 3993 ad
911 3953 1120 3992 annum
1153 3937 1293 3993 l080
1323 3953 1388 3992 ex
1427 3937 1675 4008 Gregorii
1725 3937 1880 4008 Papa:
1913 3937 2005 3993 Vll

427 4030 665 4098 Epistula
694 4030 761 4084 de
783 4031 1102 4085 inventione
1127 4040 1181 4084 et
1206 4030 1563 4085 translatione
1591 4033 1837 4100 corporis
1857 4039 2002 4102 agat.

429 4125 774 4192 Quapropter
820 4122 902 4176 vel
956 4122 1073 4178 solo
1126 4122 1343 4177 silentio
1386 4139 1488 4179 suo
1539 4123 2007 4179 eminentissimus

431 4214 666 4282 scriptor
723 4214 1052 4277 declaravit,
1108 4224 1360 4284 suSpecta
1415 4215 1517 4271 sibi
1574 4216 1824 4270 falsitatis
1883 4231 2007 4272 esse

429 4307 687 4375 adjuncta
725 4305 995 4370 locorum,
1041 4322 1395 4377 personarum
1427 4317 1481 4362 et
1528 4318 1859 4377 temporum,
1885 4323 2007 4378 quae

433 4402 488 4455 iu
528 4400 764 4455 llistoria
799 4401 1214 4455 translationum
1249 4399 1392 4469 apud
1428 4399 1749 4454 Coluntnani
1791 4404 2002 4471 reperi-

2110 548 2410 603 expressus
2442 550 2455 586 :
2492 551 2510 584 ο
2548 530 2746 602 Incipit
2770 528 3055 585 translatio
3086 526 3146 581 Β.
3178 525 3416 582 Matthxi
3449 524 3686 595 apostoli

2111 633 2166 680 et
2206 623 2576 694 evangelista.
2619 641 2639 675 ι
2681 622 2739 676 ln
2774 630 3001 690 utroque
3035 618 3388 690 praemittitur
3420 618 3687 674 Actorum

2111 718 2493 787 compendium
2529 731 2592 771 ex
2631 715 3053 786 pseudo-Midiae
3085 711 3320 767 Historia
3356 712 3428 766 ita
3462 712 3691 767 desum-

2111 820 2285 879 ptum.
2321 818 2379 863 nt
2416 811 2745 880 paucissima
2787 816 2993 872 tamen,
3031 820 3206 876 eaque
3237 804 3409 860 nihilo
3435 803 3687 872 meliora,

2110 900 2289 956 addita
2319 901 2427 954 sint
2455 910 2550 954 aut
2582 910 2807 955 mutata.

2181 991 2267 1047 l3.
2317 990 2520 1047 Deinde
2546 993 2790 1063 sequitur
2823 988 3111 1048 translatio
3142 999 3250 1043 tam
3289 986 3519 1043 ridicule
3546 1002 3689 1041 con-

2111 1083 2232 1139 lli-ta
2268 1100 2332 1138 ex
2378 1083 2658 1149 Ethiopia
2702 1086 2754 1137 in
2797 1083 2886 1137 Bri
2916 1083 3156 1141 anniaut.
3204 1091 3262 1133 ttt
3307 1079 3389 1133 vel
3420 1094 3484 1133 ex
3528 1095 3589 1131 ea
3623 1079 3692 1133 li-

2109 1187 2291 1247 qui-at,
2325 1186 2600 1230 atto-torem
2629 1175 2752 1230 rrisi
2784 1174 3040 1230 historica
3077 1188 3300 1242 prorsus
3326 1173 3694 1227 fuissedesii-

2110 1276 2309 1322 tutum.
2343 1267 2500 1329 Nini,
2542 1278 2599 1322 tit
2643 1269 2745 1323 alia
2782 1268 2992 1321 mittam
3039 1265 3441 1333 improbabilia.
3475 1280 3691 1318 merca-

2108 1371 2256 1415 tores
2314 1361 2607 1416 Britannos
2666 1373 2863 1417 auctor
2918 1362 3168 1432 perducit
3216 1361 3270 1415 in
3326 1360 3689 1430 Aitbiopiam,

2109 1454 2405 1525 paucisque
2436 1454 2629 1509 diebus
2656 1456 2862 1509 reducit
2894 1454 2946 1507 itt
2982 1453 3340 1506 Britanniam.
3370 1452 3518 1505 Inter
3547 1468 3687 1522 gett-

2106 1554 2195 1601 tes
2246 1561 2405 1608 vero,
2445 1561 2474 1600 a
2536 1546 2733 1615 quibus
2773 1557 3036 1600 vastatam
3097 1544 3243 1599 circa
3307 1543 3567 1597 szcculum
3632 1558 3688 1596 tv

2108 1637 2441 1708 :Ethiopiatn
2491 1638 2662 1709 lingit,
2716 1641 2967 1693 nominat
3016 1637 3316 1693 Sarmatas.
3378 1637 3693 1695 Utrumque

2108 1737 2262 1785 certo
2299 1741 2403 1785 tant
2456 1731 2812 1801 improbabile
2844 1730 3119 1785 videbitur
3155 1728 3421 1783 historico
3466 1727 3693 1781 cuilibet

2104 1823 2450 1892 geographiae
2494 1831 2770 1893 utcunque
2828 1824 3008 1892 perito
3035 1862 3048 1884 ,
3095 1832 3152 1875 ut
3193 1836 3418 1875 necesse
3467 1834 3575 1873 non
3615 1822 3692 1872 sit

2103 1919 2377 1986 exagitare
2404 1917 2508 1970 alia
2548 1918 2624 1971 rei
2664 1926 2898 1985 peractae
2929 1915 3189 1986 adjuncta
3232 1915 3393 1983 plane
3432 1913 3512 1966 rid
3538 1912 3691 1975 eula,

2103 2008 2404 2077 pnesertim
2438 2024 2561 2061 cum
2592 2018 2781 2063 auctor
2811 2018 2962 2061 certo
2989 2025 3096 2061 non
3123 2008 3321 2061 vixerit
3351 2015 3475 2060 ante
3506 2020 3689 2058 satell-

2104 2102 2213 2155 lum
2239 2117 2293 2161 x.
2320 2115 2421 2154 nec
2446 2100 2586 2154 ullos
2615 2100 2855 2157 nominet
2879 2109 3048 2155 testes
3073 2109 3342 2159 vetustos,
3363 2115 3426 2151 ex
3452 2113 3689 2165 quorum

2105 2193 2327 2261 scriptis
2376 2209 2472 2247 sua
2528 2192 2821 2246 hausisset.
2875 2191 3018 2259 Quin
3075 2193 3183 2244 imo
3229 2193 3345 2257 ipse.
3396 2190 3684 2252 Paulinus,

2105 2288 2468 2359 Legionensis
2501 2296 2598 2342 aut
2636 2286 2939 2342 Lentiensis
2986 2290 3037 2342 in
3081 2287 3363 2341 Britannia
3396 2287 3688 2341 Armorica

2104 2383 2418 2451 episcopus,
2454 2380 2541 2433 cui
2585 2381 2848 2451 scriptum
2892 2380 3024 2434 illud
3058 2381 3408 2435 attribuitur.
3450 2391 3691 2446 persona

2103 2472 2323 2527 videtur
2373 2472 2584 2536 ﬁetitia,
2623 2488 2747 2526 cum
2792 2472 3198 2527 Sammarthani
3233 2481 3364 2526 tom.
3401 2469 3443 2524 ll
3490 2468 3694 2522 Gallic

2105 2562 2444 2625 Christianas.
2477 2564 2565 2619 ubi
2610 2563 2741 2618 dant
2770 2563 3076 2631 catalogum
3115 2565 3494 2631 episcoporum
3533 2560 3679 2614 Leo-

2104 2657 2385 2710 nensium.
2422 2657 2627 2709 nullum
2671 2656 2815 2709 inter
2858 2656 2979 2709 illos
3032 2655 3334 2710 exhibeant
3368 2655 3688 2717 Paulinum,

2106 2764 2281 2817 neque
2330 2752 2479 2804 hunc
2526 2749 2651 2805 alibi
2703 2749 3002 2804 invvniattt.
3051 2746 3414 2802 Chronotaxis
3457 2761 3567 2799 non
3606 2754 3696 2799 est

2107 2841 2321 2905 melior,
2362 2857 2523 2908 qttam
2561 2842 2722 2895 crisis
2767 2841 3030 2894 historica
3066 2860 3077 2894 :
3121 2854 3246 2892 nam
3295 2847 3543 2891 mortuus
3580 2847 3697 2891 sta-

2106 2931 2279 2985 tuitur
2321 2936 2421 2985 sub
2466 2929 2654 2992 Galba.
2693 2932 2745 2985 id
2780 2941 2883 2995 est,
2912 2945 3057 2983 anno
3088 2946 3211 2983 :erze
3250 2927 3587 2982 Christiana:
3620 2926 3703 2981 68

2106 3032 2200 3076 aut
2228 3021 2317 3075 69.
2352 3020 2490 3075 Tum
2521 3021 2721 3074 dicitur
2751 3020 3012 3077 trecentis
3042 3021 3205 3075 armis
3236 3030 3291 3075 et
3328 3020 3465 3074 ultra
3503 3020 3701 3090 religio

2029 3112 2414 3189 CCbrtst'ana
2473 3111 2723 3168 ﬂoruisse
2785 3112 2840 3166 in
2908 3112 3110 3176 ιλΕιΙιίο,
3135 3112 3206 3165 ia.
3273 3111 3388 3165 Mox
3444 3108 3707 3179 sequitur'

2111 3203 2261 3275 regni
2287 3208 2518 3258 vastatio
2549 3213 2605 3257 et
2637 3203 2939 3266 translatio.
3001 3212 3062 3257 ut
3120 3202 3233 3257 hic
3262 3201 3471 3273 ﬁgenda
3535 3207 3694 3255 eSset

2110 3296 2309 3350 εωριιιο
2349 3311 2400 3348 tv
2440 3309 2678 3349 exeunte
2725 3303 2817 3348 aut
2846 3293 3047 3349 saeculo
3091 3310 3143 3347 ν.
3188 3295 3442 3347 Altamen
3489 3291 3698 3347 as-erit

2110 3398 2321 3452 auctor,
2366 3402 2567 3455 corpus
2606 3387 2660 3439 in
2697 3385 3028 3441 Britanniam
3058 3386 3397 3440 Artnoricam
3448 3386 3696 3449 venisse,

2110 3486 2239 3539 dum
2273 3482 2534 3554 regnabat
2584 3482 2784 3536 ibidem
2827 3481 3108 3543 Salomon,
3148 3480 3239 3548 qui
3284 3489 3407 3549 post
3449 3478 3693 3532 medium

2112 3575 2294 3632 Sa-culi
2351 3591 2403 3630 tx
2458 3591 2685 3644 regnare
2738 3575 2904 3645 coepit
2964 3575 3264 3630 secundum
3310 3573 3693 3628 eltronotaxim

2110 3668 2389 3724 Lobineatt
2452 3669 2505 3721 iu
2561 3666 2795 3721 Historia
2845 3667 3138 3720 Armorij
3195 3665 3261 3720 ad
3309 3682 3513 3719 annum
3559 3664 3703 3720 857;

2110 3761 2349 3817 Rursum
2402 3760 2758 3830 quadraginta
2805 3768 2861 3813 et
2903 3774 3098 3813 novem
3146 3772 3321 3812 annos
3369 3765 3685 3812 numerata

2111 3854 2357 3923 corporis
2396 3852 2755 3907 translatione
2793 3854 2844 3905 in
2880 3850 3240 3909 Britanniam.
3286 3848 3504 3919 quando
3531 3848 3690 3903 Salo-

2110 3964 2240 4004 mon
2275 3963 2367 4002 rex
2406 3961 2437 4001 a
2474 3952 2589 4001 suis
2621 3944 2721 3999 luit
2749 3945 2987 3999 occisus.
3025 3942 3095 3997 At
3127 3943 3378 3996 laudatus
3411 3940 3695 3996 Lobineau

2110 4055 2220 4095 non
2261 4049 2404 4094 totos
2435 4039 2624 4109 viginti
2668 4050 2844 4091 annos
2878 4052 3046 4109 regno
3076 4034 3384 4093 Salomonis
3414 4033 3689 4088 attribuit.

2182 4127 2267 4181 l9.
2331 4126 2449 4180 Mox
2509 4125 2731 4195 ineptus
2788 4134 3222 4178 conuueutorum
3278 4122 3700 4177 consarcinatae

2113 4218 2325 4273 inducit
2350 4218 2596 4274 Flavium
2628 4216 2997 4272 Romanorum
3035 4215 3345 4284 patricium,
3379 4213 3699 4270 Salomonis

2111 4311 2277 4366 occisi
2312 4325 2585 4371 socerum,
2620 4309 2689 4364 de
2719 4310 2838 4377 eius
2860 4320 3035 4362 morte
3059 4307 3334 4362 scribente.
3356 4306 3423 4360 ad
3450 4304 3700 4363 Valenti-

2098 4404 2333 4458 nianum
2356 4403 2770 4471 imperatorem;
2794 4400 3236 4455 Valentinianum
3264 4415 3392 4454 vero
3414 4401 3697 4467 ingentem

431 4504 622 4549 untur.
659 4493 844 4547 llabeo
883 4493 1017 4548 Acta
1067 4509 1194 4553 ms.,
1238 4490 1467 4547 Salerno
1496 4493 1623 4545 olim
1669 4495 1735 4546 ad
1773 4494 2008 4562 majores
2043 4487 2084 4540 υ
2114 4494 2166 4547 in
2202 4495 2349 4548 Italia
2378 4495 2607 4548 classem
2639 4492 2926 4561 collegisse
2961 4492 3174 4548 asarrit.
3199 4493 3357 4561 eique
3389 4491 3697 4544 exercitum

433 4593 653 4637 nostros
686 4583 1033 4638 transmissa.
1075 4598 1141 4637 ex
1182 4584 1387 4651 quibus
1435 4583 1590 4639 video
1628 4598 1723 4638 sua
1761 4585 2010 4640 hausisse

430 4674 707 4730 laudatum
744 4675 983 4731 Marcum
1017 4675 1313 4730 Antonium
1337 4673 1659 4729 Culutnnatn
1686 4674 2008 4734 Marsilium.

432 4767 639 4822 Vellem
681 4783 835 4832 sane,
877 4779 931 4823 ut
964 4784 1027 4823 ea
1057 4770 1237 4838 potius
1282 4782 1475 4822 severa
1503 4769 1630 4822 crisi
1667 4769 2005 4839 castigasset,

432 4869 528 4914 aut
573 4860 800 4914 omnino
849 4861 1015 4915 etiam
1069 4860 1381 4927 abiecisset,
1431 4855 1684 4927 tanquam
1731 4860 2010 4930 improba-

435 4953 582 5008 bilia.
615 4952 704 5017 At,
740 4968 862 5006 cum
899 4952 1042 5007 istud
1079 4966 1186 5005 non
1217 4951 1427 5015 Iecerit,
1458 4967 1559 5018 pro
1584 4950 1838 5006 instituto
1866 4952 2010 5021 Ope-

434 5044 511 5098 ris
543 5046 713 5097 nostri
754 5042 806 5097 id
844 5043 976 5097 mihi
1019 5043 1330 5099 faciendum
1372 5043 1552 5097 video.
1591 5041 1879 5097 Geminum
1925 5052 2012 5097 est

433 5133 721 5203 scriptum,
747 5134 977 5187 alterum
1004 5134 1176 5188 altero
1201 5133 1362 5203 paulo
1384 5133 1674 5201 prolixius;
1699 5132 1795 5186 sed
1819 5132 2009 5187 eadem

434 5227 488 5279 in
519 5235 749 5295 utroque
773 5224 1090 5280 referuntur
1113 5225 1276 5296 facta.
1305 5224 1458 5291 Quod
1490 5224 1708 5279 brevius
1733 5234 1837 5289 est,
1861 5223 2011 5277 hunc

436 5321 604 5375 habet
640 5321 861 5375 titulum
901 5338 918 5375 :
955 5339 976 5373 ι
1022 5320 1218 5375 Sermo
1260 5319 1585 5373 venerabilis
1624 5317 1855 5381 Paulini,
1903 5315 2010 5370 Le-

435 5415 714 5485 gionensis
747 5414 1041 5469 Britannia
1073 5414 1227 5469 urbis
1258 5415 1522 5482 episcOpi,
1552 5418 1622 5468 de
1653 5412 2013 5467 translatione

434 5508 610 5562 sancti
640 5506 879 5565 Matthxi
905 5507 1132 5579 apostoli
1156 5507 1224 5563 ab
1248 5506 1528 5575 Etltiopia
1564 5507 1619 5561 in
1653 5504 2010 5572 Britanniam,

439 5598 684 5669 itemque
724 5599 793 5655 de
841 5598 1120 5656 Britannia
1166 5599 1221 5653 in
1269 5598 1500 5654 Italiam.
1544 5616 1565 5650 ι
1600 5596 1735 5653 Post
1769 5596 2010 5652 medium

441 5705 658 5745 rursum
700 5691 789 5748 hic
826 5692 1023 5763 legitur
1066 5690 1256 5747 titulus
1301 5705 1317 5743 :
1361 5690 1613 5747 Miracula
1660 5690 1834 5747 sancti
1878 5704 2012 5760 apo-

445 5779 565 5832 stoli
611 5790 665 5834 et
711 5782 1052 5851 evangelista:
1094 5782 1329 5837 Matthxi
1383 5796 1479 5851 per
1524 5781 1772 5839 eumdem
1829 5780 2011 5837 Pauli-

2110 4585 2464 4656 itnposnisse,
2497 4594 2553 4640 et
2590 4586 2670 4639 sic
2713 4599 3054 4653 expugnasse
3100 4599 3327 4653 regnum
3375 4582 3697 4644 Britannias.

2110 4687 2165 4733 et
2200 4693 2262 4732 ea
2303 4678 2589 4733 occasione
2631 4691 2832 4745 corpus
2881 4676 2935 4730 iu
2986 4674 3193 4730 Italiam
3231 4675 3572 4729 translatum.
3626 4674 3704 4728 At

2055 4758 2069 4770 ’
2110 4786 2273 4839 quam
2322 4770 2409 4824 illa
2456 4771 2567 4823 sint
2614 4770 2818 4837 inepta,
2873 4784 3037 4823 nemo
3088 4784 3198 4823 non
3256 4768 3484 4822 videbit.
3528 4765 3703 4820 modo

2112 4860 2565 4921 consideraverit,
2624 4859 2879 4915 ultimum
2933 4873 2999 4913 ex
3056 4860 3235 4913 tribus
3288 4858 3703 4915 Valentiniani:

2113 4954 2235 5024 plus
2275 4966 2436 5022 quam
2495 4959 2731 5020 quatuor
2794 4950 3010 5005 saeculis
3064 4961 3336 5004 mortuum
3394 4964 3517 5004 esse
3567 4961 3701 5005 ante

2113 5045 2457 5100 Salomonem
2484 5042 2775 5099 Britanniae
2805 5058 3009 5111 regem.
3034 5043 3191 5097 Mitto
3218 5044 3473 5111 adjuncta
3510 5059 3697 5097 rerum

2114 5136 2348 5206 plurima
2388 5151 2540 5204 atque
2582 5135 2787 5204 inepta.
2832 5144 2889 5189 et
2925 5148 3090 5204 pergo
3121 5135 3187 5188 ad
3228 5134 3608 5188 inventionem
3643 5135 3693 5189 in

2115 5230 2395 5299 prolixiori
2429 5229 2605 5284 solum
2657 5229 2867 5299 scripto
2899 5230 3148 5281 relatam.
3184 5226 3395 5281 Dicitur
3436 5227 3524 5280 illa
3561 5243 3697 5281 eon-

2115 5320 2302 5392 tigisse
2325 5335 2471 5374 anno
2496 5320 2621 5383 954,
2650 5320 2870 5389 quando
2894 5318 3261 5387 principatum
3288 5315 3698 5372 Salernitanum

2093 5415 2394 5471 obtinebat
2423 5414 2744 5484 Gisnlphus.
2795 5414 2919 5468 Haec
2950 5413 3161 5482 epocba
3203 5429 3303 5467 suo
3342 5413 3465 5466 loco
3494 5412 3704 5469 conﬁr-

2114 5510 2310 5564 manda
2345 5509 2545 5563 veniet.
2578 5508 2805 5562 interim
2846 5520 3067 5571 moueo,
3112 5504 3282 5561 multa
3327 5520 3550 5561 rursum
3595 5506 3702 5560 im-

2113 5601 2416 5671 probabilia
2441 5610 2497 5656 et
2517 5601 2700 5670 inepta
2733 5598 2977 5654 historia:
3008 5598 3346 5653 inventionis
3378 5596 3693 5651 admisceri;

2114 5691 2224 5749 llas
2253 5693 2323 5749 ob
2343 5708 2540 5749 causas
2577 5699 2746 5748 totam
2782 5690 2933 5746 illam
2963 5688 3339 5745 translationis
3383 5687 3692 5748 historiam,

2114 5792 2299 5853 utpote
2326 5784 2602 5838 sexcentis
2635 5779 2827 5837 fabulis
2855 5786 2945 5835 aut
2971 5779 3190 5851 ineptiis
3216 5778 3491 5851 feriatam,
3526 5778 3690 5833 omit-
