4002 6432
262 332 361 395 τσι

1503 337 1508 342 ’
1550 339 1719 402 VITA
1766 341 1828 402 S.
1872 342 2266 406 MATTH/El.

3423 339 3532 404 73!

260 453 377 500 tere
425 441 610 497 statui.
653 442 791 498 Cum
832 451 1018 499 tamen
1054 445 1358 512 posteriora
1405 446 1589 502 minus
1642 447 1835 502 saltem
1866 452 2111 515 Avenit.
2157 463 2214 508 et
2257 453 2529 508 habitavit
2577 453 2632 509 in
2685 453 3072 522 Capharnaum
3120 450 3420 516 maritima,
3472 451 3528 506 in

259 535 457 590 vitiosa
495 546 817 604 appareant,
851 539 995 604 quod
1026 539 1260 606 scriptor
1293 538 1444 594 hisce
1479 541 1839 609 propinquior

258 627 458 692 fuerit;
487 628 573 682 illa
595 629 826 685 subinde
863 629 1141 684 conferam
1171 645 1293 685 cum
1324 632 1445 686 aliis
1470 631 1836 698 documentis,

260 733 312 774 et
356 735 480 774 curn
531 721 719 775 relatis
752 721 821 774 ab
865 721 1238 776 illustrissinio
1279 723 1544 778 Columna
1582 725 1838 788 Marsilio,

262 822 322 865 ut
349 813 402 865 in
434 813 842 866 Commentario
873 814 1152 868 studiosus
1188 817 1360 869 lector
1384 818 1454 871 sit
1489 820 1837 880 inventurus,

259 901 526 971 quidquid
571 901 854 954 tolerabile
895 903 949 955 in
984 902 1086 956 illis
1119 904 1336 972 sei-iptis
1362 915 1602 974 apparet.
1641 906 1840 975 Ughel-

259 993 366 1054 lus.
400 1003 528 1045 tom.
567 991 658 1046 VII
695 993 869 1046 Italae
901 1010 1071 1047 sacra:
1101 993 1152 1046 in
1199 994 1623 1065 archiepiscopis
1661 1000 1844 1052 Saler-

259 1086 466 1139 nitanis
520 1086 682 1137 variis
734 1085 869 1138 locis
912 1085 980 1140 de
1013 1087 1370 1141 translatione
1413 1098 1467 1143 et
1525 1089 1840 1144 inventione

257 1177 434 1231 Sancti
479 1175 713 1228 Matthazi
757 1186 888 1236 agit.
921 1187 976 1230 et
1019 1179 1249 1230 multum
1297 1179 1475 1230 laudat
1507 1180 1837 1247 Opnsenluin

258 1267 503 1324 Marsilii.
535 1268 681 1336 quod
715 1283 778 1320 ex
819 1284 976 1329 mss.,
1009 1271 1074 1322 de
1115 1271 1314 1337 quibus
1353 1271 1582 1340 agimus,
1615 1278 1842 1324 CUIU'iH‘

239 1372 448 1414 .natum
493 1371 597 1415 est.
655 1365 999 1426 Quapropter
1071 1362 1316 1415 stud-ose
1367 1379 1430 1415 ex
1482 1365 1842 1431 scriptiribiis

265 1452 426 1506 medii
457 1451 559 1505 ιννὶ
602 1452 810 1520 singula
841 1455 955 1506 suis
983 1453 1116 1506 locis
1148 1454 1458 1507 examinare
1496 1455 1834 1508 Cttllztbi-lilll‘.

260 1566 286 1635 ᾗ
316 1566 371 1618 Il.
421 1567 478 1618 S.
525 1565 759 1620 Μαιηιωὶ
792 1569 994 1619 vacatio
1023 1581 1088 1618 ea:
1121 1566 1408 1635 Evangelia
1440 1583 1554 1620 eum
1597 1569 1842 1620 observa-

334 1637 561 1690 tionibus
609 1636 831 1688 Putrum
876 1653 894 1690 :
935 1637 1138 1707 aliqua!
1178 1640 1546 1692 controversia
1595 1640 1662 1691 ad
1704 1638 1842 1691 Suu-

332 1719 396 1760 τι.
430 1725 476 1759 in
519 1719 832 1775 spectantes.

1949 543 2154 598 ﬁnibus
2197 543 2441 598 Zaliulon
2487 555 2542 600 et
2577 543 2927 613 Neplithalim
2956 584 2972 606 .
3039 553 3100 598 ut
3140 543 3532 611 adimpleretur

1945 635 2090 701 quod
2134 637 2338 690 dictum
2393 643 2478 689 est
2526 651 2624 705 per
2677 634 2870 690 Isaiam
2931 636 3258 705 prophetam
3305 650 3319 686 :
3361 633 3530 688 Terra

1947 725 2192 780 Zalinlon
2243 736 2301 782 et
2366 737 2509 782 terra
2573 726 2948 796 Nephthalim.
2999 729 3087 780 via
3147 726 3316 779 maris
3379 737 3530 779 trans

1946 818 2236 873 Jordanem
2267 863 2281 885 ,
2316 819 2534 875 Galilaea
2578 821 2841 890 gentium.
2891 821 3142 888 populiis.
3170 817 3260 886 qui
3305 817 3530 870 sedebat

1950 916 2003 964 in
2053 912 2318 974 tenebris,
2371 913 2506 966 vidit
2555 914 2728 965 lucem
2783 926 3078 977 magnam;
3118 923 3172 963 et
3211 909 3530 964 sedentibus

1949 1004 2001 1056 in
2037 1005 2256 1072 regione
2290 1005 2496 1058 umbra:
2530 1006 2721 1058 mortis
2759 1004 2846 1058 lux
2890 1014 3010 1055 orta
3044 1012 3129 1057 est
3157 1003 3258 1056 eis.
3307 1020 3326 1052 ι
3365 1000 3531 1053 [lecte

1947 1095 2394 1166 Chrysostomns.
2445 1099 2596 1152 hom.
2628 1097 2718 1155 29.
2749 1107 2842 1149 aut
2882 1095 2952 1148 50
2985 1099 3036 1148 in
3082 1095 3425 1149 Matthmtim.
3464 1092 3532 1146 dc

1947 1189 2131 1240 verbis
2171 1189 2415 1256 allegatis
2464 1189 2646 1241 dicit:
2693 1206 2710 1240 ι
2756 1188 3048 1240 tlivitiitem
3097 1203 3247 1239 suam
3295 1185 3380 1238 hic
3423 1182 3528 1236 Ca—

1951 1296 2208 1346 pernatim
2236 1281 2470 1347 appellat
2500 1297 2514 1334 :
2551 1294 2696 1339 nam.
2729 1295 2848 1346 qiiie
2881 1279 2997 1331 tnlit
3025 1279 3201 1343 ipsum
3255 1275 3528 1330 Bethleem

1951 1372 2095 1427 luit:
2140 1389 2262 1438 quas
2303 1373 2576 1426 educavit.
2608 1371 2913 1430 Nazareth;
2961 1387 3081 1437 qua-
3135 1369 3528 1421 inhabitanteni

1951 1463 2160 1522 lialiiiit.
2205 1463 2579 1531 Caper-nauta.
2614 1481 2632 1512 ι
2678 1462 2965 1516 Iiabitaliat
3008 1461 3170 1526 igitur
3223 1456 3528 1523 (lapliarnai

1949 1550 2131 1607 Jesns.
2168 1555 2259 1605 iilii
2301 1553 2584 1607 Matthxi-ns
2618 1554 2804 1621 procul
2841 1555 3010 1605 dnliio
3049 1568 3174 1604 eum
3211 1551 3528 1617 frequenter

1950 1645 2184 1698 viderat.
2225 1646 2505 1704 multaque.
2536 1647 2789 1699 audierat
2828 1644 3090 1699 miracula
3117 1683 3130 1701 .
3173 1659 3295 1710 quae
3330 1642 3526 1706 partim

1951 1737 2281 1806 tlapliaruai.
2317 1737 2510 1804 partim
2565 1737 2617 1790 in
2661 1738 2796 1789 locis
2833 1736 3028 1789 vicinis
3076 1743 3281 1802 patrata
3317 1731 3534 1786 fuerant

329 1822 916 1878 20.l’auraadiuodum
931 1823 996 1878 de
1013 1823 1843 1879 saneto“atthri-oinnotuernnt
1879 1815 1920 1872 Β
1949 1851 1978 1883 a
2005 1830 2155 1890 ιιμςιι,
2189 1840 2483 1896 antequam
2517 1829 2698 1897 ipgum
2729 1830 2976 1886 vacabat,
3011 1838 3069 1880 ιιι
3100 1841 3319 1879 rursum
3344 1825 3532 1876 οιιςιιιο-

259 1931 330 1971 ex
361 1916 676 1983 Evangelio.
701 1918 753 1970 in
787 1936 894 1985 quo
915 1922 1026 1971 sola
1059 1919 1244 1972 Sancti
1279 1928 1491 1971 vocatio
1514 1933 1634 1971 cuin
1657 1930 1845 1971 secuto

260 2010 535 2083 convivio.
566 2023 621 2063 et
649 2011 847 2064 deinde
875 2011 1072 2065 electio
1099 2012 1168 2064 ad
1203 2011 1572 2080 apostol.iluiu
1613 2026 1842 2064 enarra-

261 2112 370 2161 tur.
422 2102 664 2167 esceptis
721 2111 907 2155 tamen
953 2103 1252 2165 nonnullis,
1284 2118 1404 2169 qua:
1436 2103 1735 2170 generatim
1779 2101 1846 2154 de

263 2194 520 2246 omnibus
563 2194 828 2260 apo-totis
875 2193 1192 2247 referuntur
1251 2194 1538 2247 hlatllia-us
1579 2193 1691 2254 ipSe
1721 2205 1841 2258 Cap.

215 2319 228 2325 -
263 2301 340 2347 ix.
375 2285 546 2338 relata
577 2285 881 2353 Capliarnai
912 2287 1196 2339 sanatione
1226 2286 1522 2354 parzilvtici.
1556 2283 1588 2352 Ῡ
1620 2284 1651 2338 9
1689 2298 1846 2335 voea-

263 2380 468 2432 tiouem
512 2394 664 2431 SUulll
699 2387 885 2431 narrat
917 2377 998 2431 his
1032 2378 1210 2430 verbis
1248 2396 1258 2426 :
1301 2395 1318 2426 ‹
1346 2377 1410 2430 Ει
1432 2392 1555 2430 cuni
1590 2375 1846 2428 transiret

263 2471 392 2526 inde
437 2469 622 2533 .lesus,
675 2471 806 2524 vidit
859 2470 1133 2524 hominem
1180 2469 1462 2523 sedentem
1506 2469 1558 2520 in
1617 2468 1843 2531 telonio.

262 2563 572 2618 Maltliteum
631 2565 874 2624 ηουὶιιθ,
925 2573 978 2616 et
1027 2564 1104 2616 ait
1155 2561 1224 2614 illi
1270 2581 1284 2614 ;
1333 2563 1574 2625 Sequere
1622 2575 1708 2613 me
1746 2569 1843 2620 :et

261 2670 493 2724 surgens
517 2663 740 2708 secutus
765 2663 1009 2708 estenm.
1037 2673 1055 2703 ι
1089 2653 1298 2706 Marcus
1321 2669 1438 2722 cap.
1470 2668 1524 2712 ii.
1559 2653 1587 2720 ᾖ
1624 2654 1684 2706 l5
1704 2654 1843 2706 idem

261 2757 484 2802 enarrat
517 2747 620 2800 hoc
645 2747 808 2800 modo
839 2768 850 2802 ;
889 2765 907 2797 ι
942 2745 1000 2799 Et
1030 2763 1286 2815 egressus
1308 2761 1382 2801 νει
1423 2763 1612 2800 rursus
1643 2744 1843 2812 (JesuS)

260 2843 326 2895 ad
367 2857 517 2892 mare
559 2857 572 2892 :
621 2838 914 2906 omnisque
971 2841 1128 2892 turba
1183 2839 1434 2892 veniebat
1483 2838 1548 2891 ad
1604 2854 1751 2898 eum,
1792 2846 1847 2890 et

261 2933 494 2988 docebat
529 2947 644 2984 eos.
686 2930 747 2984 Et
783 2947 907 2985 cum
943 2935 1270 2999 praeteriret,
1310 2930 1446 2983 vidit
1478 2929 1604 2982 Levi
1642 2928 1844 2998 Alpliiei

263 3027 546 3081 sedentem
574 3024 640 3077 ad
671 3023 957 3083 telouiuni.
991 3033 1046 3076 et
1084 3024 1161 3076 ait
1199 3022 1272 3075 illi
1315 3040 1328 3076 :
1365 3020 1604 3089 Sequere
1646 3037 1728 3072 me
1783 3018 1846 3071 Et

263 3134 495 3190 surgens
529 3127 752 3171 secutus
785 3127 866 3170 est
901 3131 1049 3171 eum.
1089 3134 1108 3166 ι
1153 3115 1394 3183 Uterque
1424 3112 1701 3180 subiungit
1735 3113 1844 3174 illa,

265 3305 433 3358 bebat
459 3301 620 3356 Jesus
682 3303 747 3353 At
781 3299 917 3354 satis
949 3301 1072 3355 erit.
1105 3299 1148 3350 si
1177 3298 1244 3350 de
1285 3296 1378 3350 illo
1408 3297 1660 3349 convivio
1687 3295 1851 3349 dede-

264 3398 441 3450 rimus
471 3399 632 3448 vcrlia
677 3395 855 3452 Lucae.
889 3392 980 3460 qui
1017 3406 1136 3458 cap.
1175 3408 1205 3442 ν
1237 3407 1265 3443 a
1299 3391 1329 3457 ᾗ
1363 3389 1428 3440 ‘27
1463 3389 1529 3442 de
1567 3388 1851 3442 vocatione

264 3499 314 3542 et
346 3498 539 3541 secuto
559 3485 810 3539 convivio
836 3484 910 3538 ita
936 3483 1179 3550 loquitur
1205 3498 1218 3534 :
1259 3499 1279 3532 ι
1319 3479 1382 3534 Et
1412 3490 1530 3549 post
1556 3477 1671 3532 lucc
1695 3487 1847 3541 exat,

266 3593 320 3637 ct
375 3580 510 3635 vid't
566 3578 909 3646 publicanum
971 3575 1192 3628 nomine
1241 3575 1389 3634 Levi.
1444 3573 1728 3625 sedentem
1782 3569 1848 3622 ad

267 3675 558 3730 telonium.
600 3681 656 3725 et
685 3671 760 3724 ait
790 3670 864 3721 illi
905 3685 918 3721 :
953 3666 1200 3734 Sequere
1233 3681 1342 3719 me.
1387 3664 1448 3718 Et
1495 3663 1702 3716 relictis
1734 3677 1851 3713 om-

263 3764 452 3822 nibus.
497 3776 728 3828 surgens
775 3769 998 3812 secutus
1039 3767 1126 3810 est
1179 3770 1328 3810 eum.
1383 3754 1446 3807 Et
1477 3754 1605 3808 fecit
1633 3754 1680 3806 ei
1715 3767 1849 3806 Cotl-

263 3857 474 3910 vivmin
518 3869 775 3922 magnum
821 3851 948 3905 Levi
981 3851 1035 3904 in
1081 3849 1245 3901 domo
1278 3863 1398 3906 sua.
1435 3859 1486 3900 et
1527 3855 1644 3900 erat
1693 3845 1851 3898 turba

267 3949 439 4000 multa
467 3945 910 4013 publiranorum.
939 3952 994 3996 et
1019 3942 1271 4002 aliorum,
1290 3940 1380 4004 qui
1415 3955 1537 3992 eum
1567 3938 1672 3991 illis
1696 3943 1854 3991 crant

265 4040 701 4093 discninben-es.
739 4037 804 4088 lit
837 4033 1250 4087 murinuraliant
1279 4030 1535 4084 l’liarisari
1571 4039 1624 4084 et
1651 4028 1852 4083 Scriba:

267 4147 486 4190 eorum,
521 4130 766 4183 dicentes
817 4127 882 4180 ad
931 4126 1230 4193 disCipttlos
1277 4123 1397 4190 ejus
1445 4139 1456 4174 :
1509 4123 1689 4185 Quane
1726 4135 1850 4174 cum

267 4221 580 4292 publicanis
622 4230 672 4273 et
709 4218 1089 4287 peccatoribus
1134 4213 1474 4268 manducatis
1508 4221 1563 4264 ct
1614 4211 1849 4265 bibitis?

271 4315 337 4367 lit
364 4313 704 4378 respondens
727 4309 905 4366 .Iesus.
932 4308 1066 4362 dixit
1097 4308 1161 4360 ad
1199 4306 1322 4359 illos
1354 4323 1367 4360 ι
1400 4305 1513 4357 Non
1545 4312 1727 4372 egent,
1760 4305 1850 4372 qui

269 4409 388 4460 sani
431 4413 587 4463 sunt,
621 4403 855 4465 medico,
881 4401 976 4454 sed
1013 4400 1102 4469 qui
1146 4401 1285 4452 male
1328 4397 1549 4451 habent.
1581 4396 1696 4448 Non
1731 4395 1852 4448 veni

1946 1934 2038 1976 vat
2085 1924 2528 1991 (Tlirysostnmus.
2577 1921 2726 1975 hom.
2782 1921 2870 1982 50.
2906 1932 3001 1974 aut.
3045 1921 3135 1974 51.
3164 1918 3310 1971 Data:
3342 1926 3528 1970 autem

1947 2017 2360 2069 observationes
2428 2015 2747 2078 satiatinquc
2822 2013 3100 2081 paralytii-i
3185 2010 3344 2077 paulo
3408 2019 3532 2062 ante

1949 2112 2086 2162 facta
2126 2109 2445 2166 ostendunt.
2476 2123 2637 2175 quam
2680 2108 2862 2173 inepte.
2904 2104 3149 2158 Julianus
3183 2113 3236 2156 et
3285 2100 3530 2170 Porphy-

1947 2201 2062 2252 rius
2121 2207 2466 2252 vocationem
2537 2195 2773 2248 Mattha-i
2837 2193 3168 2246 Christianis
3225 2191 3532 2258 objecerint

1949 2302 2204 2360 tanquam
2238 2289 2636 2346 incredibilem.
2674 2299 2733 2342 tit
2775 2298 2920 2343 recte.
2970 2288 3205 2342 advertit
3237 2286 3292 2338 S.
3337 2284 3528 2338 Hiero-

1949 2400 2143 2454 iiynius
2176 2385 2226 2435 in
2259 2395 2424 2452 caput
2461 2398 2511 2436 ix
2547 2381 2810 2441 Ma‘ttliiei,
2840 2381 2929 2434 ubi
2969 2380 3076 2434 illis
3108 2379 3265 2448 plura
3301 2391 3530 2448 respon-

1948 2477 2059 2529 det.

2018 2565 2107 2618 εξ.
2159 2565 2252 2617 Vel
2282 2565 2359 2617 sic
2393 2573 2573 2617 tamen
2614 2563 2750 2617 nihil
2787 2562 3185 2616 detrahendum
3215 2569 3298 2614 est
3343 2575 3532 2627 prom-

1950 2667 2050 2727 plac
2071 2658 2395 2710 obedientiie
2425 2656 2682 2720 Mattluei,
2706 2657 2772 2708 de
2799 2672 2903 2722 qua
2931 2655 3181 2707 laudatus
3201 2653 3533 2723 Chrysusto-

1951 2754 2165 2806 ninsita
2203 2753 2564 2806 iatiocinatur
2607 2769 2621 2804 :
2656 2769 2675 2795 ο
2720 2751 2785 2806 Ut
2819 2750 3054 2803 didicisti
3089 2751 3335 2803 vocantis
3379 2759 3533 2818 pote-

1948 2857 2166 2908 statem,
2200 2846 2280 2898 sic
2323 2847 2474 2898 disce
2506 2848 2680 2898 vocati
2722 2844 3114 2898 obedientiam.
3165 2843 3348 2908 Neque
3387 2843 3530 2894 enim

1952 2937 2294 3007 repttgnznil.
2338 2952 2516 3003 neque
2565 2937 2822 2990 dubitans
2853 2937 2988 2990 divit
3029 2953 3041 2988 :
3073 2934 3212 3000 Quid
3266 2937 3366 2987 hoc
3405 2943 3482 2986 est
3511 2932 3537 2985 τ

1951 3029 2088 3083 Nntn
2123 3046 2207 3083 me
2235 3031 2512 3082 hominem
2559 3029 2870 3094 Iinjusiuodi
2921 3029 3296 3081 fraudulenter
3336 3025 3537 3079 vorat?

1878 3160 1918 3211 (τ
1954 3127 2085 3179 Nam
2120 3141 2212 3177 cer
2238 3141 2268 3177 e
2299 3127 2678 3193 intempestiva
2725 3124 2917 3176 fuiss‘cl
2976 3122 3283 3190 huiusmodi
3351 3119 3532 3173 littnii-

262 3231 385 3283 qua:
427 3211 565 3265 facta
606 3219 753 3270 sunt.
790 3211 1006 3278 quando
1044 3209 1096 3261 in
1142 3207 1304 3260 domo
1362 3207 1598 3261 Matthaei
1631 3221 1848 3260 accum-
1880 3201 1917 3212 ”

1954 3219 2095 3271 litas.
2131 3219 2235 3271 Siie-l
2296 3218 2478 3270 statim
2511 3218 2560 3269 ol
2585 3216 2748 3269 edivit
2788 3234 2800 3272 :
2836 3231 3013 3282 neque
3047 3215 3202 3283 petiit
3233 3223 3289 3265 ut
3315 3213 3533 3263 domum

1952 3312 2031 3363 ire
2068 3312 2276 3371 liceret,
2314 3319 2370 3362 ut
2398 3327 2508 3363 rem
2539 3326 2660 3362 cuin
2695 3310 2811 3362 suis
2849 3309 3307 3364 cominuzicaret.
3341 3305 3535 3373 quein-

1951 3405 2243 3457 admodum
2289 3404 2452 3457 etiam
2533 3403 2828 3470 piscatores
2868 3403 3131 3454 iecerunt.
3167 3396 3232 3452 Ut
3270 3399 3415 3449 enim
3459 3396 3532 3448 illi

1951 3498 2112 3553 retia.
2141 3496 2470 3554 naviculam.
2504 3504 2557 3547 et
2591 3504 2820 3558 patrem.
2859 3493 2928 3544 ita
2966 3500 3021 3544 et
3068 3493 3152 3541 liie
3186 3487 3534 3544 teloniariam

1953 3603 2202 3640 mensam
2225 3595 2280 3637 et
2306 3585 2516 3638 lucrum
2548 3585 2788 3652 reliquit.
2814 3595 2867 3635 ut
2900 3591 3240 3649 sequeretur.
3265 3581 3328 3630 ad
3355 3581 3535 3629 omnia

1955 3684 2203 3742 paratum
2249 3672 2490 3725 animum
2527 3673 2798 3725 exhibens
2849 3689 2861 3723 :
2909 3681 2964 3724 ct.
3004 3685 3034 3723 a
3075 3670 3236 3722 rebus
3281 3667 3538 3720 omnibus

1953 3763 2308 3816 secularibus
2338 3777 2396 3814 se
2431 3761 2614 3814 statim
2652 3760 3006 3818 abscindens.
3044 3773 3140 3825 per
3165 3754 3533 3808 obedientiam

1955 3857 2252 3923 perfectam
2294 3853 2711 3911 testiﬁealiatur,
2747 3867 2908 3912 quam
2942 3847 3265 3916 tmnpeslive
3307 3854 3534 3900 vocatus

1956 3946 2168 4000 luisset.
2213 3965 2232 3997 ι
2275 3944 2331 3999 S.
2382 3944 2613 3998 Basilius
2669 3948 2720 3996 in
2767 3942 2987 4012 llegulis
3045 3941 3220 3994 iusius
3267 3939 3534 3996 tractatis.

1956 4041 2142 4092 interr.
2177 4041 2233 4095 8.
2262 4038 2434 4106 magis
2466 4039 2630 4091 etiam
2656 4048 2937 4103 exaggerat
2969 4042 3272 4102 promptam
3301 4043 3536 4098 sequen-

1957 4129 2024 4183 tis
2070 4129 2458 4182 obedientiam.
2509 4129 2580 4179 ita
2634 4126 2879 4178 scribens
2926 4141 2939 4176 :
2997 4143 3013 4171 ι
3058 4122 3342 4176 Maitntens
3381 4134 3531 4180 vero,

1955 4234 2078 4272 cum
2105 4218 2173 4270 ah
2206 4217 2323 4285 ipso
2360 4216 2560 4269 telonio
2584 4215 2842 4277 surrexit,
2878 4213 3279 4266 Dotiiiiiumiiuc
3308 4219 3533 4262 secutus

1957 4319 2061 4370 est,
2108 4310 2123 4368 (
2154 4324 2253 4361 nos
2285 4307 2474 4361 docuit
2507 4308 2562 4373 :)
2595 4307 2685 4374 qui
2721 4321 2828 4359 non
2877 4305 3058 4358 teliinii
3103 4303 3276 4355 solum
3322 4300 3534 4353 euiolu-

1957 4411 2137 4456 menta
2164 4402 2400 4469 reliquit,
2435 4401 2527 4454 sed
2560 4397 2800 4466 pericula
2829 4397 2990 4450 etiam
3019 4392 3378 4461 contempsit,
3415 4405 3536 4454 qua:

269 4513 474 4552 voeare
514 4498 714 4562 justus,
771 4495 865 4547 St‘ti
916 4502 1232 4561 peccatores
1278 4490 1345 4542 ad
1393 4487 1791 4558 paenitentiam.
1827 4505 1846 4538 ι

1959 4513 1987 4549 a
2021 4496 2432 4566 magistratibus
2471 4502 2584 4545 tttm
2639 4492 2740 4545 sibi
2787 4505 2900 4542 itiiii
2948 4484 3372 4552 consanguineis
3420 4483 3536 4536 suis

271 4588 552 4644 Hactenus
581 4585 930 4655 evangelista:
971 4584 1038 4637 de
1076 4582 1388 4635 vocatione.

340 4683 434 4737 2|.
493 4680 573 4735 Ad
630 4680 858 4745 alienata
917 4687 1098 4730 autem
1155 4675 1616 4742 evaiigelistarum
1687 4673 1852 4726 verba

271 4777 568 4830 observare
631 4785 946 4840 possumus.
999 4781 1250 4823 sanctum
1313 4767 1627 4821 Mattlitcum
1690 4767 1857 4819 l'iiisse

273 4879 530 4922 vocatum
590 4878 762 4934 prope
805 4863 1080 4915 civitatem
1131 4861 1515 4929 Caphariiauin
1575 4857 1640 4912 ad
1707 4873 1858 4911 mare

271 4959 532 5020 Galilzer.
558 4957 673 5010 sive.
702 4954 1026 5010 Tiberiadis.
1058 4953 1192 5007 alias
1229 4955 1402 5005 lacum
1431 4951 1766 5004 chcsareth
1801 4950 1855 5002 iu

273 5051 576 5122 Scripturis
624 5052 856 5110 dictum.
903 5049 990 5101 ubi
1031 5056 1189 5100 erant
1241 5045 1498 5099 solvenda
1549 5043 1854 5116 vectigalia.

270 5146 404 5201 Nam
451 5145 664 5197 Marcus
695 5144 838 5196 clare
867 5142 941 5194 ait
977 5141 1006 5209 ᾗ
1051 5157 1086 5195 ι.
1125 5139 1308 5193 Jesum
1359 5137 1568 5191 venisse
1610 5135 1857 5204 Caphar-

273 5253 476 5302 natim,
538 5236 722 5300 ibique
776 5247 997 5286 sanasse
1043 5231 1417 5300 paralyticum.
1474 5239 1586 5283 tum
1641 5244 1855 5282 rursum

274 5332 448 5384 tuisse
491 5341 795 5397 egressum.
837 5333 892 5377 et
927 5323 1236 5377 Matthteum
1289 5321 1404 5376 sive
1441 5321 1568 5375 Levi
1613 5336 1856 5375 vocasse.

272 5422 569 5475 Mattlizens
613 5431 740 5469 vero
785 5415 939 5475 dicit.
978 5413 1165 5468 Jesum
1205 5414 1421 5467 venisse
1460 5413 1514 5466 in
1577 5413 1856 5467 civitatem

273 5529 456 5572 suam,
486 5509 579 5565 ubi
616 5508 875 5563 nimirum
923 5518 1053 5562 tunc
1085 5508 1388 5571 habitabat,
1432 5515 1492 5560 ut
1538 5506 1679 5560 idem
1722 5506 1856 5560 Mat-

277 5608 456 5659 tliaeus
503 5617 628 5670 cap.
676 5601 809 5668 IV.’
857 5601 922 5656 15
972 5607 1203 5654 testatur
1248 5599 1333 5653 his
1387 5599 1616 5654 verbis:
1664 5616 1682 5649 ι
1721 5599 1857 5653 Cum

276 5704 463 5749 autem
497 5693 739 5748 audisset
774 5690 956 5757 Iesus,
985 5691 1128 5762 quod
1155 5689 1396 5746 Joannes
1428 5690 1658 5745 traditus
1687 5699 1855 5753 esset,

277 5784 513 5844 secessit
541 5785 598 5841 in
625 5783 901 5840 Galilaeam
935 5799 950 5838 :
984 5793 1036 5839 ct
1071 5782 1260 5839 relicta
1301 5782 1524 5839 civitate
1561 5781 1856 5851 Nazarcth,

1959 4589 2379 4658 impendebant.
2404 4584 2549 4652 quod
2585 4582 2926 4651 vectigalium
2961 4587 3202 4631 rationes
3230 4574 3534 4643 reliquisset

1958 4683 2206 4736 infectas.
2242 4680 2512 4746 Antiquos
2557 4688 2862 4743 animymiis
2903 4673 2967 4723 ad
3002 4666 3336 4737 praesidium,
3372 4669 3534 4733 cuius

1961 4772 2199 4842 Epi~tola
2235 4769 2378 4822 inter
2423 4765 2600 4834 Opera
2644 4766 2700 4816 Β.
2753 4763 3062 4832 Hieronymi
3097 4761 3356 4816 editionis
3391 4759 3531 4810 Mar-

1962 4866 2157 4918 tianeze
2191 4862 2418 4915 habetur
2457 4868 2592 4912 toni.
2636 4855 2698 4915 ν,
2749 4855 2853 4908 col.
2901 4857 3020 4915 Hii,
3069 4855 3325 4908 observiit
3368 4851 3531 4904 etiam

1960 4959 2087 5014 alia.
2116 4957 2185 5007 ita
2215 4954 2442 5022 loquens
2473 4968 2486 5004 :
2536 4968 2555 5000 ι
2595 4949 2878 5002 Mattlia-us
2919 4946 3116 4999 sedi-ns
3157 4948 3222 4996 ad
3259 4945 3534 4997 ti-l0neum

1958 5048 2109 5101 audit
2145 5064 2158 5099 :
2189 5047 2428 5112 Sequere
2462 5057 2563 5095 me.
2601 5038 2872 5106 Numquid
2907 5040 3056 5106 prius
3088 5035 3372 5088 ratiocinia
3404 5050 3536 5102 Stip-

1961 5136 2190 5206 piitavit.
2240 5143 2295 5188 et
2349 5147 2600 5186 reversus
2661 5131 2883 5184 domum
2934 5143 3157 5182 suorum
3216 5142 3406 5197 passus
3450 5136 3537 5179 est

1961 5229 2246 5298 laerymas,
2275 5225 2708 5294 prazdiormiique
2735 5221 2985 5275 aus-tione
3012 5221 3295 5277 somcitus.
3331 5235 3535 5289 nequa-

1958 5339 2122 5391 quam
2163 5321 2337 5390 piitiiit
2378 5319 2588 5372 homini
2633 5316 2783 5385 sequi
2831 5314 3074 5384 vestigia,
3114 5313 3216 5366 nisi
3250 5313 3435 5366 mundi
3473 5327 3532 5365 se

1964 5417 2114 5486 prius
2142 5429 2310 5467 niicrc
2343 5411 2639 5465 liberaret?
2685 5429 2702 5461 ι
2745 5409 2820 5463 Ita
2847 5409 3066 5477 quidem
3100 5421 3403 5476 anonymus
3441 5406 3532 5458 hlt.

1963 5524 2086 5564 cum
2138 5506 2195 5562 S.
2241 5504 2439 5559 Basilio
2472 5505 2684 5558 videtur
2730 5501 3031 5562 insinuare,
3085 5499 3328 5554 rationes
3365 5496 3535 5551 fuisse

1965 5600 2269 5658 reddendas
2305 5607 2496 5653 sancto
2527 5596 2782 5650 Mattbieo
2813 5595 2881 5649 de
2908 5603 3130 5662 accepta
3167 5607 3234 5645 ex
3261 5587 3538 5658 vectigali-

1961 5692 2068 5748 bus
2115 5690 2369 5761 pccunia.
2416 5703 2517 5743 iicc
2568 5698 2748 5743 tamen
2801 5687 2872 5742 de
2922 5687 2990 5741 iis
3035 5681 3326 5738 reddendis
3364 5679 3537 5735 fuisse

1965 5785 2276 5842 sollicitum.
2333 5781 2526 5837 Verum
2579 5796 2641 5835 ea
2695 5779 3004 5836 observatio
3048 5793 3197 5848 mque
3253 5771 3384 5829 tiiihi
3441 5772 3530 5827 iii-
