4002 6442
481 334 589 398 761

1735 323 2020 387 HENSIS
2059 319 2536 389 SEPTEMBEB.

3654 309 3753 371 76$

484 459 638 505 certa
685 450 757 502 et'
784 461 979 516 parum
1037 443 1335 515 probabilis
1381 448 1627 511 apparet,
1678 454 1743 494 ac
1794 438 1921 493 aliis
1961 437 2074 506 jam
2106 440 2149 494 Α
2182 433 2370 488 telonii
2404 433 2596 488 usibus
2627 431 2899 488 serviebat
2924 431 2946 486 τ
2970 430 3080 486 Sed
3110 428 3181 486 de
3218 437 3365 503 terra
3405 425 3676 484 sublatus,
3702 426 3755 480 in

488 543 607 598 visa
649 550 755 602 est.
795 538 899 593 nisi
945 554 1065 593 eam
1105 538 1285 591 solum
1319 535 1694 604 intelligamus
1717 532 1789 587 de
1821 539 2077 603 prompta

487 635 772 689 Voluntate
796 635 863 685 ad
893 630 1201 685 faciendum
1227 628 1494 699 quidquid
1540 628 1761 697 iuberet
1794 626 2078 691 Dominus,

2182 526 2562 581 fortitudinem
2590 523 2715 579 ferri
2743 523 3022 579 convaluit
3054 521 3256 589 :‘cujus
3280 518 3536 574 videlicet
3554 516 3758 586 lingua,

2182 619 2335 689 quasi
2367 617 2686 673 acutissimo
2730 617 2932 688 gladio,
2968 614 3251 679 Evangelii
3298 609 3768 667 administratione

495 743 620 782 cum
664 726 798 779 satis
836 738 1000 777 nosse
1037 732 1223 792 posset
1254 721 1390 776 nihil
1419 721 1547 775 mali
1590 721 1900 789 iussurum.
1924 716 2080 783 Quod
2185 710 2452 765 Dominus
2483 709 2783 763 infidelium
2830 708 2993 763 corda
3036 705 3309 761 transﬁxit
3340 723 3353 759 :
3389 710 3443 758 et
3484 701 3576 771 qui
3619 701 3770 756 infir-

494 835 628 875 vero
670 826 883 887 spectat
925 816 991 869 ad
1034 816 1279 869 rationes
1312 814 1475 868 officii
1515 813 1931 883 magistratibus
1958 810 2083 865 red-

495 910 723 971 dendas,
769 908 1046 976 conjicere
1100 921 1421 975 possumus,
1475 916 1571 959 aut
1618 905 1920 974 obligatum
1972 917 2083 958 non

497 999 668 1055 fuisse
699 997 1011 1052 ltlatthaeom
1049 998 1114 1050 ad
1162 1010 1257 1052 eas
1304 996 1633 1061 reddendas,
1670 995 1812 1064 quod
1857 993 2087 1048 fortasse

498 1100 653 1159 pater
691 1091 866 1158 ipsius
898 1090 1155 1158 Alpineus
1197 1089 1362 1143 etiam
1412 1098 1524 1144 tum
1579 1090 1810 1155 viveret,
1855 1097 1975 1147 aut.
2032 1086 2080 1140 si

504 1182 796 1238 Mattlucus
856 1183 1084 1236 omnino
1147 1192 1312 1250 caput
1359 1181 1577 1236 familia:
1639 1196 1751 1236 suae
1811 1188 1981 1242 esset,
2033 1189 2090 1234 et

499 1273 858 1347 vectigalibus
901 1274 1211 1341 praifcctus,
1263 1274 1555 1346 Dominum
1603 1273 1783 1327 eidem
1816 1283 1942 1341 pOst
1975 1273 2091 1341 pri-

505 1381 651 1422 mam
698 1366 1072 1421 obedientiam
1127 1364 1444 1425 mandasse.
1484 1375 1546 1418 ut
1595 1364 1679 1419 vel
1716 1365 1955 1418 rationes
1982 1363 2092 1419 cito

503 1437 784 1523 redderet,
818 1458 905 1512 vel
940 1472 1060 1512 eam
1094 1473 1283 1512 curam
1321 1458 1477 1512 alteri
1508 1458 1889 1512 demandaret.
1927 1456 2092 1511 Certe

506 1549 851 1615 convivium,
900 1549 1048 1618 quod
1101 1549 1157 1602 in
1205 1549 1370 1603 domo
1405 1563 1500 1603 sua
1530 1548 1752 1603 Christo
1799 1549 2094 1617 multisque

505 1641 818 1711 publicanis
865 1640 1139 1697 exstruxit
1189 1640 1512 1705 Matthains,
1557 1639 1778 1695 abunde
1821 1639 2088 1703 insinuat,

506 1730 687 1800 ipsum
730 1727 895 1783 facile
929 1730 984 1782 in
1029 1730 1167 1784 alios
1204 1730 1591 1784 transfundere
1638 1729 1903 1799 potuisse,
1935 1730 2096 1800 quid-

505 1819 637 1891 quid
672 1819 1024 1888 obligationis
1054 1836 1119 1873 ex
1151 1818 1335 1874 oﬂicio
1365 1829 1736 1875 contraxerat.

577 1910 670 1966 23.
718 1911 892 1967 Porro
933 1912 1141 1967 laudati
1176 1911 1603 1983 Cbrysostonius
1633 1926 1694 1983 et.
1732 1912 2097 1985 Hieronymus

509 2019 632 2059 cum
691 2003 853 2058 laude
911 2005 1205 2059 observant
1263 2004 1563 2060 candorem
1628 2015 1686 2059 et
1732 2005 2095 2061 humilitatem

512 2096 572 2149 S.
617 2093 878 2159 Mattlitei,
912 2096 1059 2165 quod
1108 2096 1224 2165 ipse
1260 2096 1315 2149 in
1354 2093 1652 2166 Evangelio
1694 2096 1973 2167 professus
2002 2097 2095 2163 sit,

512 2183 870 2253 publicanum
917 2199 978 2238 se
1034 2187 1243 2250 fuisse,
1296 2200 1535 2256 ususque
1595 2189 1665 2242 sit
1714 2189 1939 2243 nomine
1993 2203 2098 2244 suo

514 2273 689 2340 magis
731 2272 971 2341 vulgato,
1015 2289 1140 2330 cum
1179 2275 1393 2331 Marcus
1439 2284 1496 2331 et
1534 2276 1711 2333 Lucas
1743 2276 1877 2334 Levi
1919 2278 2098 2348 ipsum

512 2364 826 2430 nominent,
878 2365 1010 2420 dum
1054 2367 1305 2423 scribunt
1347 2369 1740 2435 vocationem;
1783 2371 2098 2426 Matthmum

514 2472 668 2523 vero,
695 2457 822 2512 dum
850 2460 1101 2514 eumdem
1146 2462 1413 2530 apostolis
1441 2471 1831 2518 annumeraut.
1861 2463 1919 2517 Si
1954 2465 2100 2520 idem

511 2550 737 2606 fecisset
812 2552 1101 2608 Hattlimus
1151 2554 1287 2623 ipse,
1339 2565 1397 2611 et
1455 2557 1705 2613 similiter
1754 2558 1809 2612 in
1858 2559 2103 2628 catalogo

516 2644 889 2710 apostolorum
934 2645 1283 2715 publicanum
1313 2663 1374 2702 se
1401 2663 1511 2702 non
1537 2650 1896 2713 nominasset,
1919 2652 2103 2708 nullus

512 2733 714 2789 deinde
744 2752 813 2790 ex
849 2737 1147 2808 Evangelio
1173 2740 1389 2794 nescire
1422 2742 1713 2810 potuisset,
1752 2743 2102 2812 publicanum

517 2826 687 2882 fuisse
724 2827 1062 2891 Matthzeum.
1107 2839 1202 2885 aut
1249 2833 1500 2887 eumdem
1550 2850 1675 2888 cum
1712 2833 1864 2890 Levi.
1898 2837 2104 2892 Audia-

519 2933 640 2971 mus
662 2920 821 2974 verba
854 2925 1029 2976 sancti
1059 2921 1371 2995 Hieronymi
1402 2943 1415 2978 :
1451 2945 1469 2976 ε
1508 2924 1704 2982 Caeteri
1732 2930 2103 2999 evangelista,

520 3008 721 3078 inquit,
763 3023 987 3079 propter
1020 3015 1407 3068 verecundiam
1440 3025 1497 3071 et
1533 3016 1802 3072 honorem
1839 3017 2102 3085 Matthxi,

2124 1778 2169 1835 B

2188 820 2310 859 mus
2333 803 2484 872 prius
2509 803 2914 870 despectusque
2952 800 3134 855 fuerat
3161 814 3261 868 per
3286 810 3500 852 terrena
3531 793 3771 865 negotia,

2189 894 2347 949 fortis
2392 892 2742 963 postmodum
2791 892 2971 946 factus
3007 898 3092 945 est
3136 888 3205 944 ad
3232 886 3477 943 caelestia
3510 883 3777 955 pradica-

2190 997 2396 1043 menta.

2256 1103 2347 1160 ‘24.
2398 1100 2553 1168 Quod
2605 1099 2676 1155 ab
2725 1098 3061 1168 Hieronymo
3109 1110 3275 1167 supra
3322 1094 3525 1150 dictum
3575 1102 3664 1149 est
3712 1092 3782 1150 de

2190 1196 2408 1267 gemino
2434 1194 2654 1248 nomine
2691 1190 2944 1260 apostoli,
2990 1187 3081 1256 qui
3136 1186 3434 1240 Matthzeus
3478 1188 3786 1239 vocabatur

2192 1298 2247 1342 et
2302 1286 2452 1345 Levi.
2511 1294 2571 1338 ut
2605 1297 2801 1337 omnes
2865 1283 3067 1351 passim
3120 1279 3667 1341 animadverterunt,
3730 1285 3788 1330 et

2194 1377 2489 1447 Evangelia
2548 1374 2855 1430 clarissime
2909 1372 3212 1432 insinuant,
3266 1371 3487 1425 videtur
3548 1384 3790 1440 negasse

2193 1469 2477 1540 Origenes,
2518 1468 2614 1524 lib.
2643 1483 2659 1523 1
2704 1466 2903 1525 Contra
2939 1464 3188 1525 Celsum,
3222 1477 3377 1517 num.
3420 1462 3510 1525 ϐε,
3542 1462 3634 1516 ubi
3671 1463 3791 1519 hac

2195 1561 2360 1616 habet
2393 1577 2409 1615 :
2451 1579 2470 1611 ι
2501 1559 2583 1613 Sit
2604 1570 2661 1614 et
2681 1558 2810 1614 Levi
2840 1557 3187 1627 publicanus.
3223 1554 3314 1623 qui
3340 1553 3529 1610 Jesum
3558 1563 3792 1610 sewtus

2197 1655 2291 1710 sit.
2332 1652 2403 1708 At
2450 1668 2559 1707 non
2600 1651 2704 1707 fuit
2738 1651 2828 1705 ille
2865 1665 2933 1705 ex
2988 1647 3360 1720 apostolorum
3394 1661 3647 1711 numero,
3680 1645 3796 1703 nisi

2194 1748 2347 1816 juxta
2375 1744 2623 1815 quaedam
2659 1741 2935 1813 Evangelii
2970 1740 3274 1794 secundum
3312 1737 3561 1793 Marcum
3594 1752 3794 1794 exem-

2197 1838 2389 1910 plaria.
2433 1855 2453 1891 ι
2485 1833 2831 1891 Novissimus
2879 1833 3060 1889 editor
3102 1830 3343 1900 Operum
3376 1827 3658 1901 Origenis.
3692 1829 3801 1886 Ca-

2198 1932 2348 1988 rolus
2379 1929 2628 1993 Delatus,
2668 1936 2800 1982 tom.
2835 1926 2880 1987 I.
2912 1942 3035 1998 pag.
3071 1925 3178 1981 576
3216 1924 3271 1977 in
3325 1922 3615 1978 Adnotatis
3638 1923 3804 1980 addit

2200 2023 2358 2089 alios,
2406 2021 2481 2076 ita
2508 2019 2756 2075 scribens
2787 2036 2802 2075 :
2840 2035 2862 2069 ‹
2897 2016 3067 2072 Levin
3104 2031 3134 2071 a
3185 2014 3449 2070 Matthaeo
3494 2014 3804 2086 distinguit

2199 2118 2362 2169 etiam
2428 2110 2733 2167 Heracleon
2794 2107 3090 2164 haereticus
3155 2104 3582 2161 Valentinianus
3639 2105 3801 2174 apud

2198 2206 2540 2264 Clementem
2574 2201 3005 2259 Alexandrinum
3039 2217 3093 2256 iv
3120 2200 3386 2256 Stromat.
3427 2214 3550 2269 pag.
3578 2197 3715 2261 ὅθί.
3746 2208 3806 2254 et

2201 2297 2350 2353 inter
2399 2295 2743 2352 recentiores
2802 2292 2959 2363 Hugo
3012 2290 3273 2355 Grotius,
3331 2304 3591 2361 magnum
3651 2289 3806 2360 apud

2202 2389 2552 2446 Calvinianos
2578 2387 2824 2456 aliosque
2848 2384 3215 2439 heterodoxos
3245 2396 3468 2438 nomen.
3504 2380 3808 2436 Pramittit

2205 2483 2275 2539 de
2317 2481 2574 2553 Origene,
2616 2478 2761 2548 quod
2803 2494 2822 2530 ι
2876 2476 3005 2532 Levi
3054 2491 3179 2531 cum
3228 2474 3482 2529 Mal.th
3537 2473 3808 2527 eumdem

2205 2590 2433 2647 prorsus
2463 2573 2743 2628 hominem
2786 2584 2912 2625 esse
2955 2569 3210 2625 videatur
3252 2567 3458 2623 sentire
3500 2566 3557 2620 in
3595 2562 3811 2620 Praefa-

2206 2667 2359 2723 tione
2399 2662 2798 2735 explanationis
2850 2662 2906 2715 in
2966 2661 3265 2732 Epistulam
3320 2659 3389 2713 ad
3433 2658 3739 2712 Romanos.
3780 2674 3803 2710 ι

2205 2759 2386 2816 Verba
2428 2758 2544 2826 ipsa
2574 2755 2831 2827 Origenis
2873 2770 2938 2809 ex
2972 2753 3197 2823 antiqua
3233 2751 3479 2806 editione
3514 2754 3667 2820 (nam
3717 2758 3808 2805 ιο-

2207 2865 2358 2905 mum
2392 2848 2457 2904 IV
2488 2861 2643 2901 novae
2678 2844 2911 2900 necdum
2942 2842 3230 2909 habemus)
3261 2841 3560 2910 subiungo.
3590 2837 3810 2894 Obser-

2208 2945 2301 2992 vat
2347 2934 2638 3005 Origenes,
2686 2933 2876 2988 multis
2906 2933 3017 2987 duo
3065 2940 3160 2985 aut
3214 2930 3316 2985 tria
3347 2930 3519 2984 fuisse
3553 2929 3805 2996 nomina,

2210 3029 2465 3100 interque
2524 3044 2622 3085 eos
2676 3029 2926 3083 nominat
2979 3026 3331 3089 Matthieum,
3378 3025 3451 3079 ita
3492 3024 3753 3080 scribens
3790 3039 3809 3078 :

514 3103 814 3159 noluerunt
871 3120 997 3158 cum
1057 3107 1281 3160 nomine
1337 3107 1618 3177 appellare
1675 3109 1942 3180 vulgato,
2002 3109 2101 3166 sed

2211 3140 2232 3175 ι
2269 3119 2404 3176 Nam
2449 3132 2505 3177 et
2544 3120 2828 3175 Mattbaeus
2860 3120 2977 3189 ipse
3008 3118 3177 3177 refert
3230 3119 3298 3173 de
3345 3131 3428 3182 se,
3474 3115 3627 3186 quod
3677 3131 3806 3171 cum

490 3192 800 3260 .dixerunt,
858 3197 1026 3262 Levi;
1083 3198 1290 3267 duplici
1349 3200 1553 3270 quippe
1600 3203 1869 3258 vocabulo
1923 3201 2047 3259 fuit.
2081 3221 2101 3255 ι

518 3284 646 3355 ipse
688 3297 872 3355 autem
910 3288 1196 3344 Mattbuzus
1231 3292 1535 3347 secundum
1564 3293 1719 3359 illud,
1754 3294 1901 3364 quod
1933 3310 1965 3349 a
2005 3295 2107 3351 Sa-

521 3378 742 3434 lomone
784 3380 1098 3450 praecipitur
1137 3397 1151 3436 :
1194 3401 1213 3434 ι
1248 3382 1411 3438 .lesus
1454 3397 1743 3442 accusator
1777 3396 1860 3443 est
1916 3391 2002 3444 sul
2052 3388 2109 3443 in

523 3470 799 3540 principio
837 3474 1132 3530 sermonis.
1174 3494 1193 3527 ι
1244 3475 1310 3530 Et
1358 3477 1412 3531 in
1465 3478 1577 3532 alio
1613 3479 1734 3534 loco
1784 3499 1797 3535 :
1849 3499 1869 3533 ί
1912 3479 2007 3536 Dic
2051 3490 2109 3537 tu

521 3575 746 3633 peccata
780 3576 891 3629 tua,
928 3576 989 3621 ut
1015 3567 1338 3635 justibeeris
1371 3587 1390 3638 ;
1429 3589 1449 3621 ι
1486 3570 1801 3628 Mattbteum
1832 3588 1893 3629 se
1923 3581 1980 3629 et
2009 3590 2109 3643 pu-

522 3660 797 3715 blicanum
830 3665 1099 3730 nominat,
1148 3675 1209 3721 ut
1234 3670 1488 3723 ostendat
1527 3670 1860 3740 legentibus,
1892 3670 2109 3728 nullum

519 3754 726 3811 debere
747 3756 980 3812 salutem
1019 3760 1338 3829 desperare,
1374 3762 1417 3815 si
1450 3760 1516 3815 ad
1551 3761 1777 3816 meliora
1805 3776 2112 3819 conversus

521 3845 617 3911 sit,
643 3863 769 3901 cum
794 3848 916 3919 ipse
937 3851 1005 3904 de
1034 3852 1327 3921 publicano
1352 3853 1406 3907 in
1453 3854 1764 3922 apostolum
1789 3855 1861 3909 sit
1884 3864 2112 3926 repente

526 3951 792 3994 mutatus.
827 3960 845 3993 ο
877 3940 1078 3997 Eadem
1108 3944 1222 3998 fere
1256 3944 1512 3999 observat
1534 3944 1983 4016 Chrysostomus,
2018 3946 2113 4017 qui

523 4031 769 4101 adjungit
797 4032 961 4087 etiam
987 4036 1274 4104 sequentia
1314 4054 1326 4088 :
1365 4054 1383 4087 ι
1420 4037 1534 4090 Cur
1561 4053 1722 4107 porro
1750 4038 1907 4105 dixit,
1931 4041 2112 4110 ipsum

522 4123 737 4178 sedisse
769 4123 828 4178 in
881 4126 1122 4180 telonio?
1155 4127 1410 4183 Vocantis
1443 4130 1550 4183 vim
1597 4132 1921 4198 ostendens,
1961 4133 2112 4203 quod

524 4227 652 4268 cum
685 4218 929 4270 nondum
961 4218 1282 4283 destitisset,
1320 4229 1377 4276 et
1416 4223 1667 4292 improbo
1705 4225 1911 4280 telonio
1937 4227 2114 4281 hiare—

525 4317 629 4370 ret,
667 4323 733 4363 ex
767 4311 957 4366 mediis
996 4311 1171 4381 ipsum
1202 4314 1358 4368 malis
1385 4317 1698 4372 extraxerit.
1727 4336 1746 4369 ι
1780 4318 1846 4372 Ει
1881 4334 2004 4372 mox
2047 4322 2115 4375 de

525 4401 706 4459 cilicio
739 4406 1162 4476 publicanorum
1204 4408 1279 4462 ita
1324 4420 1564 4466 mentem
1608 4427 1762 4467 suam
1812 4413 2056 4470 declarat
2094 4435 2108 4470 :

535 4516 554 4549 c
592 4496 719 4553 Hic
755 4508 939 4553 autem
978 4499 1228 4556 lucrandi
1264 4503 1402 4558 ratio
1429 4504 1769 4575 impudentia
1804 4508 1963 4575 plena
1993 4520 2113 4564 erat

526 4604 592 4644 ac
632 4592 958 4662 petulantia,
990 4605 1231 4663 queestus
1265 4597 1484 4667 iniquus
1509 4614 1575 4653 ac
1598 4610 1909 4656 mercatura
1941 4602 2115 4657 illibe-

529 4683 679 4738 ralis.
722 4703 740 4737 ι
789 4686 928 4740 Hinc
975 4685 1033 4740 S.
1073 4687 1392 4761 Gregorius,
1428 4691 1577 4746 hom.
1614 4692 1686 4746 24
1726 4693 1779 4747 in
1823 4693 2115 4766 Evangelia

528 4776 788 4842 advertit,
850 4776 1076 4835 Petrum
1117 4782 1365 4851 .quidein
1422 4782 1714 4853 aliquando
1774 4786 2007 4842 rediisse
2046 4788 2113 4843 ad

528 4866 914 4936 piscationem,
964 4873 1060 4927 sed
1094 4872 1410 4928 Manlia-um
1451 4892 1731 4945 nunquam
1774 4880 1840 4933 ad
1873 4879 2112 4935 officium

528 4959 801 5029 publicani
853 4964 1099 5032 periculo
1136 4967 1386 5035 plenum.
1438 4983 1459 5019 ι
1497 4967 1634 5033 Quia
1684 4969 1830 5024 aliud
1884 4981 1990 5037 est,
2030 4972 2118 5026 in-

529 5054 672 5120 quit,
698 5052 903 5108 victum
930 5070 1030 5125 per
1060 5056 1424 5125 piscationem
1455 5073 1721 5128 quaerere,
1757 5061 1901 5116 aliud
1933 5073 2116 5119 autem

529 5143 719 5200 telonii
752 5146 923 5203 lucris
960 5149 1222 5219 pecunias
1253 5165 1479 5217 augere.
1502 5151 1641 5207 Sunt
1669 5154 1817 5208 enim
1857 5158 2117 5227 pleraque

530 5241 772 5311 negetia,
820 5259 943 5312 quia
1001 5247 1122 5300 sine
1175 5248 1417 5316 peccatis
1466 5247 1710 5304 exhiberi
1756 5260 1850 5305 aut
1889 5252 1972 5306 vix
2022 5262 2118 5308 aut

527 5335 845 5391 nullatenus
875 5349 1130 5407 possunt.
1173 5338 1307 5404 Quae
1339 5356 1470 5412 ergo
1499 5343 1564 5396 ad
1599 5355 1885 5413 peccatum
1926 5345 2113 5415 impli-

528 5437 680 5493 cant,
741 5430 809 5484 ad
868 5430 984 5485 haec
1037 5446 1265 5488 necesse
1293 5442 1378 5489 est
1433 5441 1491 5488 ut
1530 5446 1650 5505 post
1696 5438 2114 5493 conversionem

528 5521 753 5600 animus
772 5539 885 5580 non
909 5534 1180 5580 recurrat.
1214 5524 1494 5584 Laudatus
1517 5527 1832 5599 Gregorius,
1859 5531 1955 5584 lib.
1984 5546 2115 5587 xvm

532 5615 819 5674 Moralium
861 5617 914 5673 in
948 5616 1053 5675 Job
1083 5632 1206 5690 cap.
1237 5619 1309 5675 27
1338 5621 1406 5676 de
1442 5636 1638 5694 magna
1670 5622 1841 5677 sancti
1880 5622 2119 5678 Matthxi

530 5713 838 5766 mutatione
890 5713 963 5767 ita
1012 5712 1259 5785 loquitur
1311 5731 1325 5769 :
1383 5734 1401 5768 ί
1443 5715 1640 5771 Arinen
1714 5715 2116 5772 Mattbaeus‘in

530 5806 675 5855 terra
708 5803 965 5861 inventus
992 5818 1092 5875 est,
1114 5808 1229 5879 qui,
1261 5809 1495 5873 terrenis
1523 5810 1758 5882 negotiis
1784 5808 2113 5882 implicatus,

2145 4460 2189 4515 ι)

2211 3217 2473 3271 transiret
2521 3213 2723 3278 Jesus,
2777 3212 2988 3268 invenit
3053 3210 3345 3282 quemdam
3394 3210 3682 3264 sedentem
3740 3210 3813 3266 ad

2213 3307 2499 3369 telouium,
2530 3306 2756 3361 nomine
2787 3303 3121 3357 Matthmun.
3149 3301 3325 3356 Lucas
3353 3316 3482 3356 vero
3507 3300 3577 3355 de
3609 3301 3812 3356 eodem

2211 3399 2364 3461 dicit,
2421 3399 2551 3469 quia
2606 3410 2732 3451 cum
2787 3395 3047 3450 transiret
3094 3393 3276 3459 Jesus,
3327 3392 3623 3463 quemdam
3667 3392 3815 3448 vidit

2211 3492 2589 3563 publicanum,
2630 3488 2854 3545 nomine
2893 3486 3047 3547 Levi.
3085 3495 3141 3541 et
3180 3486 3339 3548 dixit.
3368 3485 3615 3555 Sequere

2211 3583 2432 3641 Certum
2463 3592 2543 3638 est
2571 3592 2774 3647 autern,
2827 3579 3195 3650 evangelistas
3225 3594 3333 3633 non
3366 3591 3584 3633 errasse
3614 3577 3668 3631 in
3703 3592 3816 3633 nov

2214 3673 2457 3729 minibus
2497 3672 2912 3744 apostolorum;
2967 3672 3064 3727 sed
3115 3671 3244 3741 quia
3289 3669 3460 3724 moris
3495 3677 3615 3724 erat
3655 3668 3810 3726 binis

2213 3763 2300 3819 vel
2336 3762 2508 3816 ternis
2544 3761 2860 3817 nominibus
2891 3760 2968 3815 uti
3002 3759 3262 3815 Hebraeos
3282 3797 3299 3823 ,
3330 3758 3495 3811 unius
3524 3754 3809 3824 ejusdem-

2215 3871 2323 3928 que
2372 3855 2473 3911 viri
2521 3854 2736 3910 diversa
2788 3853 2989 3926 singuli
3048 3851 3336 3906 nominum
3391 3848 3660 3904 voeabula
3709 3860 3818 3920 po—

2216 3965 2399 4006 suere.
2443 3968 2461 4001 i
2491 3947 2593 4003 Hic
2624 3962 2733 4001 non
2757 3948 2919 4002 modo
2955 3946 3269 4000 Hattbasum
3304 3952 3356 3997 et
3384 3941 3517 3997 Levi
3547 3942 3814 3998 eumdem

2215 4041 2496 4097 declarant
2547 4038 2850 4109 Origenes;
2900 4039 2994 4094 sed
3040 4038 3207 4092 etiam
3253 4034 3498 4092 ostendit
3550 4035 3814 4091 eumdem

2217 4148 2361 4196 esse,
2412 4131 2800 4197 eum-Lucas,
2855 4130 2929 4185 uti
2971 4137 3025 4183 et
3065 4129 3276 4184 Marcus
3300 4166 3317 4191 ,
3362 4127 3505 4183 idem
3545 4126 3712 4195 plane
3749 4128 3816 4183 de

2221 4224 2350 4280 Levi
2382 4225 2704 4287 narraverit,
2733 4223 2879 4294 quod
2911 4221 3201 4276 Matthatus
3228 4219 3298 4275 de
3324 4232 3404 4274 se.
3431 4219 3811 4288 Quapropter,

2220 4318 2263 4373 si
2295 4315 2580 4388 Origenes,
2625 4327 2815 4371 contra
2859 4314 3079 4368 Celsum
3133 4312 3401 4374 scribens,
3444 4324 3641 4364 revera
3682 4311 3810 4365 Levi

2219 4411 2386 4465 alium
2439 4426 2468 4463 a
2517 4408 2770 4463 Mattha-o
2818 4405 3139 4469 crediderit,
3204 4413 3391 4474 postea
3446 4401 3812 4471 frequentiori

2220 4516 2319 4555 usu
2351 4515 2522 4556 sacra:
2562 4499 2861 4569 Scriptura:
2892 4511 3139 4552 errorem
3178 4494 3442 4550 correxit.
3474 4494 3545 4547 At
3578 4494 3816 4547 fortasse

2216 4592 2478 4663 Origenes
2523 4594 2750 4663 allegata
2794 4590 2961 4646 verba
3017 4591 3199 4645 solum
3250 4587 3478 4660 protulit
3508 4602 3579 4641 ex
3627 4596 3816 4643 mente

2216 4694 2312 4741 aut
2363 4684 2525 4740 dictis
2573 4685 2741 4747 Celsi,
2785 4694 2977 4740 contra
3025 4697 3191 4754 quem
3241 4682 3309 4737 de
3341 4696 3400 4735 re
3436 4679 3670 4734 omnino
3713 4679 3813 4734 alia

2217 4777 2546 4832 disserebat.
2591 4777 2748 4843 Quod
2790 4785 3001 4846 spectat
3049 4774 3114 4829 ad
3152 4772 3549 4828 Heracleonem
3580 4780 3641 4825 et
3673 4770 3813 4826 Gro-

2220 4870 2376 4928 tium.
2410 4868 2787 4939 relinquemus
2831 4867 2939 4922 illis
2967 4866 3291 4936 opinionem
3323 4878 3479 4919 suam
3524 4860 3811 4932 improba-

2220 4962 2403 5027 bilem,
2460 4978 2491 5016 a
2544 4962 2711 5017 variis
2762 4962 2872 5033 jam
2928 4961 3246 5020 refutatam,
3298 4966 3353 5012 et
3396 4971 3700 5029 pergemus
3746 4953 3809 5009 ad

2220 5053 2382 5109 aliam
2416 5053 2852 5108 controversiam
2887 5052 3061 5123 magis
3092 5048 3432 5121 ambiguam.

2288 5160 2378 5215 ΞΒ.
2418 5159 2774 5215 nocentiores
2806 5157 3003 5224 Graeci,
3047 5157 3164 5211 sive
3199 5155 3298 5221 illi,
3340 5153 3430 5222 qui
3480 5152 3667 5207 medio
3694 5162 3801 5205 sivo

2220 5252 2545 5319 ﬂoruerunt,
2588 5254 2648 5306 S.
2696 5250 3009 5306 Matthteum
3058 5248 3377 5305 existimant
3419 5246 3657 5300 fratrem
3693 5257 3810 5298 esse

2222 5346 2279 5400 S.
2315 5344 2502 5401 Jacobi
2536 5345 2742 5414 Alpha-i
2777 5343 3033 5414 apostoli,
3066 5342 3279 5412 sibique
3311 5340 3564 5394 faventes
3600 5338 3808 5393 habent

2219 5437 2514 5491 nonnullos
2552 5451 2584 5491 e
2620 5434 2914 5500 Patribus;
2957 5433 3053 5488 sed
3092 5432 3259 5501 aliqui
3304 5430 3574 5485 resistunt
3607 5424 3811 5483 eruditi

2221 5529 2508 5586 neoterici.
2539 5526 2923 5583 Henschenius
2948 5535 3139 5582 noster
3162 5526 3228 5580 ad
3264 5525 3278 5579 l
3320 5522 3439 5577 Maii
3473 5518 3816 5575 examinavit

2222 5622 2543 5680 sententiam
2591 5620 2902 5678 Graecorum
2952 5620 3009 5674 in
3062 5617 3121 5674 S.
3159 5617 3386 5679 Jacobo,
3436 5614 3554 5670 sive
3607 5623 3747 5669 tom.
3793 5607 3813 5663 Ι

2223 5714 2370 5778 Maii,
2395 5730 2515 5786 pag,
2554 5714 2642 5778 l9,
2674 5712 2761 5768 ubi
2796 5727 2893 5781 pro
2929 5711 3018 5767 illa
3054 5711 3328 5767 sententia
3355 5706 3536 5764 laudat
3568 5704 3815 5761 Mcnuloo

2227 5807 2375 5881 gium
2408 5804 2777 5880 Basilianum,
2825 5803 3191 5876 Synaxarium
3235 5809 3613 5874 pervetustum
3663 5795 3813 5853 Cen-
