4002 6448
298 335 403 400 765

1589 350 1762 413 VITA
1803 352 1870 410 S.
1905 351 2295 418 MATTH'IEI.

3453 371 3558 433 766

269 457 838 555 .stant’nopolitatium
860 500 876 526 ,
942 461 1147 555 leuata
1203 429 1472 536 impressa
1553 477 1611 524 et
1691 469 1872 523 varios
1898 468 1952 528 Δ
1980 471 2316 538 tinguentem
2346 474 2489 530 inter
2519 486 2769 532 sanctum
2803 476 2998 535 Judam
3062 479 3395 537 Tbaddtcum

295 549 515 604 codices
548 565 679 605 mss.
712 550 1044 618 Graecorum,
1075 553 1321 612 Nicetam
1351 557 1608 614 Davidem
1639 560 1872 630 Paphia-

294 656 515 712 gonem,
578 643 762 697 saeculi
816 659 865 698 Ix
915 646 1262 714 scriptorem.
1307 649 1574 719 aliosque.
1621 651 1874 707 Ostendit

293 744 558 805 pneterea
603 735 1054 807 Cbrysoslomum
1086 748 1143 793 et
1185 741 1592 796 Tltoodoretum
1624 745 1870 813 ejusdem

293 829 456 898 plane
494 829 666 882 videri
699 828 1006 893 sententias,
1045 831 1172 899 quia
1211 833 1359 900 prior
1407 834 1550 888 inter
1594 835 1872 904 apostolos

291 930 549 975 numerat
595 921 732 975 duos
777 923 1099 990 publicanos
1130 923 1439 978 Mattlueum
1489 939 1545 981 et
1585 926 1869 992 Jacobum,

292 1030 415 1069 cum
449 1024 631 1068 tamen
687 1015 834 1068 nulla
870 1016 941 1070 sit
983 1017 1120 1072 ratio
1179 1033 1280 1073 cur
1318 1019 1566 1075 dicamus
1607 1020 1868 1076 Jacobum

288 1107 499 1176 Alpbaai
562 1107 734 1162 fuisse
793 1109 1191 1178 publicanum,
1255 1111 1356 1166 nisi
1412 1112 1558 1181 quod
1621 1112 1872 1166 videatur

287 1199 464 1254 fuisse
523 1198 693 1253 frater
739 1199 1018 1265 Mattiari,
1069 1202 1208 1256 alter
1252 1218 1384 1257 vero
1435 1217 1695 1273 utrosque
1738 1205 1871 1258 d.cit

289 1290 711 1360 Caplrarnaitas,
763 1292 910 1358 quod
961 1293 1219 1348 similiter
1256 1295 1400 1348 nulla
1445 1296 1657 1350 ratione
1685 1297 1871 1352 dicere

301 1394 528 1454 poterat.
558 1383 662 1437 nisi
695 1385 1020 1441 credidi-set
1044 1387 1267 1441 fratrem
1306 1388 1564 1451 Matthaai,
1591 1391 1681 1459 qui
1712 1391 1870 1444 habi-

296 1476 438 1529 tabat
475 1473 784 1532 Cattharnai
820 1492 835 1530 :
876 1492 1056 1547 neque
1098 1481 1244 1532 enim
1290 1480 1440 1535 ullibi
1481 1481 1534 1534 in
1571 1480 1870 1550 Scripturis

293 1568 512 1632 dicitur.
540 1569 630 1624 ubi
665 1581 825 1624 natus
859 1571 1025 1626 fuerit
1059 1571 1302 1630 Jacobus
1331 1575 1559 1644 Alphei,
1591 1585 1685 1630 aut
1710 1578 1869 1642 quale

289 1661 525 1716 cilicium
585 1672 712 1717 ante
755 1665 1119 1731 apostolatnm
1167 1667 1413 1735 gesserit.
1463 1667 1868 1737 l’apcbrochius

289 1764 500 1808 noster.
539 1763 672 1807 tom.
709 1753 772 1808 Vl
812 1754 934 1808 Maii
975 1755 1028 1808 in
1066 1757 1317 1825 Alpbaro,
1371 1773 1534 1828 quem
1582 1761 1867 1829 utriusque

286 1855 498 1913 patrem
529 1845 738 1901 statuit.
775 1861 893 1914 pag.
923 1846 1046 1905 554.
1082 1848 1328 1900 eamdem
1364 1852 1647 1918 amplexus
1673 1862 1757 1904 est
1814 1862 1869 1905 et

285 1936 635 1991 continuavit
669 1943 1020 1992 sententiam.
1061 1939 1219 1994 ltatio
1249 1940 1562 1995 Grmcorum
1596 1945 1739 1996 baud
1767 1944 1870 1997 duc

285 2031 378 2086 bie
421 2040 524 2088 est.
555 2033 696 2102 quod
744 2031 984 2087 Jacobus
1036 2051 1188 2105 :eqne
1231 2051 1293 2089 ac
1338 2035 1623 2090 Mattheus
1659 2047 1866 2106 patrem

287 2125 541 2178 habuerit
595 2125 896 2190 Alphmum,
961 2141 1062 2181 nec
1131 2127 1237 2180 ulla
1297 2127 1362 2181 sit
1429 2129 1570 2184 ratio
1625 2128 1868 2191 dicendi,

284 2215 452 2269 alium
505 2215 672 2270 fuisse
709 2217 988 2285 Alpbrcum
1026 2229 1236 2287 patrem
1269 2219 1530 2286 Matthrci,
1574 2222 1738 2275 alium
1771 2235 1870 2291 pa-

286 2318 426 2362 trem
477 2307 686 2364 Jacobi.
737 2309 1128 2364 Tillemontius
1182 2313 1235 2366 in
1299 2312 1552 2367 Mattla'eo
1599 2314 1868 2381 agnoscit,

282 2396 757 2470 Chrysostotnnm,
788 2399 1218 2465 Themlorctutn,
1257 2405 1696 2474 recentioresque
1719 2404 1871 2460 Gne-

283 2508 384 2548 cos
455 2509 646 2548 omnes
698 2497 753 2548 in
817 2511 934 2549 cam
991 2497 1337 2564 conspirasse
1397 2499 1753 2560 sententiam,
1813 2507 1871 2552 ut

285 2584 390 2641 SS.
435 2586 747 2642 Matlhmum
787 2598 842 2643 et
888 2587 1150 2643 JaCobum
1181 2589 1386 2656 Alphaai
1440 2590 1634 2645 fratres
1678 2589 1868 2644 crede-

285 2691 430 2741 rent,
457 2681 580 2748 quia
615 2681 779 2734 ambo
811 2681 1068 2735 dicuntur
1097 2681 1298 2750 Alplnei
1355 2683 1538 2750 utique
1565 2683 1678 2736 lilii.
1702 2683 1870 2737 Asse-

286 2772 356 2825 rit
386 2781 566 2826 tamen
600 2771 869 2826 Lac0nicu
919 2773 1208 2837 brevitate,
1244 2775 1448 2827 nullam
1479 2791 1540 2828 ca
1575 2775 1626 2828 in
1663 2791 1720 2828 re
1749 2791 1868 2831 esse

284 2861 400 2916 veri
456 2862 721 2931 speciem.
779 2863 1110 2917 Tiilemontii
1163 2863 1548 2919 Laronismnm
1589 2867 1871 2934 adoptavit

281 2953 563 3009 Calmetns
619 2955 777 3010 initio
837 2957 1171 3025 praefationis
1222 2973 1336 3012 ante
1395 2959 1450 3011 in
1515 2959 1867 3024 Matthsnm,

283 3049 476 3102 eadem
509 3048 670 3117 plane
703 3048 914 3114 dicens,
947 3062 1003 3104 et
1034 3049 1212 3104 locum
1238 3051 1432 3120 Operis
1461 3054 1635 3104 nostri
1677 3051 1868 3106 vitiose

282 3142 622 3210 assignatum
656 3143 798 3210 apud
827 3139 1258 3208 Tillemontium,
1289 3144 1481 3196 eodem
1519 3145 1678 3212 plane
1705 3144 1866 3196 modo

277 3231 588 3301 assignans,
616 3241 676 3284 ut
698 3245 768 3284 ne
805 3232 996 3301 legisse
1019 3231 1240 3300 quidem
1269 3233 1518 3287 videatur
1544 3244 1865 3303 argumenta

279 3319 614 3376 llcnscbeuii
645 3321 697 3375 in
727 3320 906 3390 Opere
943 3335 1154 3376 nostro.

347 3413 442 3468 9.6.
501 3414 556 3467 Si
617 3416 808 3469 eadem
861 3416 1133 3470 brevitate
1187 3416 1402 3481 dixero,
1453 3417 1693 3488 ineptam
1745 3434 1867 3474 esse

276 3510 441 3562 istaut
475 3507 807 3563 'l‘illetnontii
835 3508 1042 3570 crisim,
1068 3525 1230 3578 quam
1260 3510 1540 3579 adoptavit
1568 3513 1864 3578 tialmctos,

278 3599 469 3654 nullus
499 3599 549 3654 id
576 3614 718 3668 agre
743 3600 886 3653 ferre
915 3601 1135 3669 poterit,
1161 3601 1306 3668 quia,
1330 3601 1471 3654 sicut
1492 3601 1675 3669 opinio
1699 3601 1868 3670 majo-

277 3708 402 3746 rum
428 3701 746 3745 nostrorum
781 3689 892 3743 visa
911 3699 995 3743 est
1018 3691 1118 3759 ipsi
1147 3705 1331 3744 carere
1351 3691 1464 3743 veri
1494 3691 1695 3758 specie.
1720 3691 1791 3743 ita
1813 3698 1868 3744 ct

275 3784 416 3838 mihi
453 3792 726 3838 assertum
770 3783 916 3836 istud
949 3783 1097 3835 omni
1135 3782 1354 3836 videtur
1393 3783 1608 3836 ratione
1633 3781 1868 3836 destitu-

277 3888 420 3937 tum.
480 3877 714 3944 ideoque
757 3874 1186 3942 ineptissimum.
1237 3871 1413 3928 Nolim
1463 3885 1642 3929 tamen
1689 3875 1864 3928 solum

272 3971 489 4032 dicere,
527 3980 582 4024 et
612 3969 748 4024 nihil
795 3969 1049 4039 probare.
1092 3968 1271 4034 Quare
1305 3968 1545 4022 rationes
1591 3969 1753 4022 latius
1788 3968 1866 4022 νὶ-

274 4063 494 4116 (lendas
522 4062 656 4115 locis
684 4076 848 4130 supra
885 4061 1048 4115 dictis
1079 4059 1322 4113 breviter
1351 4062 1586 4128 explica.
1613 4058 1868 4113 Admittit

274 4155 692 4218 Tilleniontius,
753 4166 947 4207 sancto
993 4153 1244 4207 Mattbteo
1300 4168 1601 4223 cognomen
1655 4152 1863 4222 Alplltni

273 4261 402 4300 esse
435 4244 810 4299 verisimiliter
840 4260 868 4297 a
902 4253 1078 4312 patre.
1111 4243 1353 4298 Jacobus
1381 4254 1562 4297 autem
1587 4243 1642 4297 in
1684 4243 1864 4297 muni-

275 4339 387 4392 bus
421 4347 662 4406 quatuor
710 4337 1081 4406 apostolorum
1120 4337 1399 4405 catalogis,
1450 4337 1500 4390 id
1531 4346 1636 4402 est,
1670 4337 1860 4391 Matth.

274 4447 333 4495 tt,
363 4429 528 4484 Marc.
562 4440 642 4488 tu,
669 4430 802 4484 an.
835 4446 911 4492 vr,
943 4433 1132 4484 ctAct.
1162 4441 1522 4485 tconstanter
1552 4431 1865 4484 nominatur

1979 565 2210 630 stolum.
2233 576 2290 621 et
2307 566 2503 622 Judam
2541 567 2764 625 fratrem
2791 568 2980 626 Jacobi
3021 573 3271 630 minoris.
3311 575 3366 631 Si
3404 593 3469 632 eo
3500 579 3556 634 in

1975 655 2095 710 loco
2142 658 2320 712 visum
2373 667 2458 715 est
2508 662 2889 731 argumentum
2943 664 3200 720 idoneum
3255 677 3310 722 ct
3353 671 3554 724 summi

1974 749 2257 813 momenti,
2281 749 2376 804 ubi
2414 761 2594 806 tamen
2631 767 2737 806 non
2769 753 3001 817 valebat,
3037 754 3163 824 quia
3191 754 3558 811 adhibebatur

1975 841 2043 894 ad
2095 841 2317 895 fratrem
2363 842 2779 912 inquirendum,
2822 861 2931 900 non
2981 846 3214 901 debebat
3247 847 3335 900 bic
3383 849 3554 902 videri

1973 949 2170 990 carens
2199 936 2381 1002 specie
2417 937 2554 1000 veri,
2597 952 2723 991 cum
2772 937 3064 993 adbibetnr
3105 940 3171 994 ad
3203 955 3552 996 communem

1975 1027 2260 1096 utriusque
2299 1039 2507 1098 patrem
2546 1031 2981 1100 investigandum
3015 1049 3029 1087 :
3066 1044 3219 1102 pater
3247 1034 3390 1088 enim
3433 1036 3554 1089 istis

1974 1123 2354 1187 cognomentis
2390 1120 2442 1174 in
2473 1122 2714 1192 genitivo
2751 1124 2944 1192 positis
2975 1125 3115 1178 solet
3137 1125 3456 1193 signiﬁcari.
3496 1136 3556 1180 ut

1977 1211 2165 1266 Simon
2218 1211 2466 1277 Joannis,
2549 1215 2602 1268 id
2659 1223 2744 1270 est
2805 1216 2946 1272 filios
3004 1216 3264 1279 Joannis.
3317 1220 3555 1274 Jacobns

1974 1303 2244 1365 Zebedzei.
2277 1304 2328 1360 id
2372 1316 2457 1360 est
2508 1307 2650 1360 filius
2693 1305 2962 1368 Zebedei,
3033 1324 3144 1363 non
3195 1308 3404 1375 frater;
3459 1319 3555 1365 aut

1973 1403 2122 1448 certe
2165 1410 2274 1448 non
2316 1396 2574 1464 produxit
2612 1396 2994 1452 Tillemontins
3028 1398 3196 1452 ullum
3242 1397 3552 1467 exemplum

1971 1481 2160 1537 fratris
2191 1499 2287 1551 per
2325 1485 2431 1537 tale
2458 1500 2764 1555 cognomen
2803 1487 3047 1542 indicati.

2039 1574 2130 1628 27.
2175 1576 2363 1645 itaque
2424 1577 2650 1632 minime
2681 1580 3140 1633 contemnendum
3183 1579 3354 1634 videri
3390 1578 3556 1634 debet

1972 1678 2405 1738 argumentum:
2460 1684 2561 1724 nec
2585 1669 2773 1732 credo,
2826 1671 2931 1724 tale
2969 1671 3147 1726 visum
3199 1687 3326 1725 esse
3389 1670 3555 1727 'fille-

1973 1763 2200 1816 montio.
2235 1765 2301 1816 At
2334 1763 2524 1816 habuit
2549 1762 2710 1816 aliam
2769 1764 3034 1817 rationein
3065 1763 3322 1833 negandi.
3357 1762 3556 1818 fratres

1976 1855 2143 1909 fuisse
2170 1855 2477 1910 Matlhtenm
2519 1869 2574 1908 et
2625 1853 2895 1909 Jacobtzm
2933 1855 3159 1923 Alphwi.
3209 1870 3460 1925 eamque.
3497 1867 3556 1910 ut

1972 1948 2247 2006 existimo.
2280 1949 2453 2002 nolttit
2474 1949 2731 2002 indicare.
2758 1946 3130 2008 Sustinueral,
3153 1957 3343 2001 contra
3367 1958 3555 2002 aucto-

1973 2040 2190 2093 ritatem
2225 2041 2612 2109 plerorumque
2639 2040 2881 2100 Patrum,
2916 2050 2971 2092 et
3001 2050 3190 2092 contra
3215 2040 3350 2093 satis
3381 2039 3549 2100 clara.

1973 2143 2034 2187 ut
2063 2134 2306 2199 videtur,
2351 2149 2522 2187 sacrae
2558 2133 2861 2202 Scriptura).
2911 2142 3257 2203 argumenta,
3288 2131 3552 2187 Jacobum

1971 2227 2178 2296 Alphmi
2214 2227 2468 2280 eumdem
2524 2240 2647 2280 esse
2696 2241 2817 2279 t‘ttm
2857 2225 3061 2279 Jarobo
3097 2225 3265 2280 fratre
3317 2223 3554 2280 Domini.

1972 2318 2155 2384 Quare
2182 2335 2302 2371 cum
2338 2326 2550 2372 eertum
2585 2317 2676 2381 sit,
2702 2315 3016 2371 Mattlueum
3047 2333 3154 2372 non
3176 2332 3298 2371 esse
3330 2317 3555 2371 fratrem

1970 2407 2156 2462 Jaccbi
2202 2408 2383 2462 fratris
2410 2409 2646 2470 Domini,
2676 2424 2784 2460 non
2826 2415 3043 2476 poterat
3087 2407 3320 2475 amplius
3349 2408 3555 2472 dicere,

1971 2497 2194 2552 fratrem
2222 2512 2342 2552 esse
2389 2497 2572 2552 Jacobi
2607 2497 2850 2566 Alplttei;
2899 2498 3132 2565 ideoque
3173 2498 3362 2550 maluit
3392 2513 3557 2568 argu-

1972 2599 2156 2644 menta
2245 2588 2574 2643 llenschenii
2637 2591 2992 2658 contemptim
3062 2590 3338 2657 abjiccre,
3393 2606 3555 2658 quam

1971 2681 2170 2736 diliieili
2209 2696 2473 2748 responso
2497 2681 2562 2733 iis
2596 2678 2933 2734 satisfacere.
2983 2677 3185 2733 Verum
3235 2681 3378 2732 illam
3408 2697 3560 2747 qu.c-

1976 2772 2210 2825 stionem
2253 2781 2364 2823 turn
2413 2772 2512 2824 bac
2566 2770 2634 2822 de
2674 2784 2862 2830 causa,
2895 2778 3005 2820 ttun
3043 2769 3113 2819 ob
3146 2767 3204 2820 δ.
3260 2766 3558 2836 CleOpbam

1971 2879 2096 2919 cum
2129 2865 2319 2918 eadem
2354 2878 2688 2922 connexum.
2717 2861 3030 2915 exantinasi
3069 2861 3125 2912 in
3161 2860 3559 2914 Dissertatiune

1971 2959 2195 3027 pra-via,
2231 2958 2504 3025 credoque
2566 2972 2652 3009 mc
2703 2955 2834 3009 satis
2869 2955 3172 3008 ostendisse
3226 2953 3557 3007 sententiam

1973 3049 2307 3104 Tillemontii
2341 3065 2442 3102 nec
2465 3063 2589 3102 cum
2621 3061 2793 3099 sacris
2815 3045 3037 3099 Litteris
3071 3045 3350 3100 conciliari
3374 3059 3555 3112 posse,

1972 3152 2028 3197 et
2077 3142 2330 3196 Patrtbns
2361 3149 2514 3195 certo
2545 3138 2872 3193 contrariam
2905 3154 3046 3199 esse.
3110 3154 3179 3192 ne
3222 3137 3356 3191 nihil
3397 3141 3558 3207 plane

1974 3253 2038 3291 ex
2066 3237 2154 3290 illa
2199 3235 2390 3290 haberi
2424 3235 2595 3303 possit
2630 3245 2820 3287 contra
2860 3233 3279 3301 germanitatetn
3319 3230 3558 3285 Mattha'i

1974 3339 2032 3382 rt
2080 3327 2292 3382 Jacobi.
2324 3327 2524 3392 Quaero
2589 3326 2772 3393 itarpte
2833 3325 3099 3378 rationem
3164 3326 3414 3378 idoneam
3462 3340 3560 3378 cur

1977 3421 2172 3476 fratres
2199 3436 2323 3475 esse
2350 3430 2626 3487 nequeant
2655 3419 2944 3472 Manlia-us
2974 3427 3030 3472 et
3056 3417 3295 3472 Jacobus
3320 3416 3552 3485 Alphtei,

1974 3520 2026 3564 et
2080 3511 2282 3564 nullam
2346 3512 2506 3578 plane
2560 3510 2800 3562 invenio.
2843 3509 3058 3562 Etenim
3112 3522 3236 3562 cum
3269 3506 3557 3562 t'llattbtetut

1973 3602 2286 3656 convivium
2311 3600 2533 3656 Christo
2550 3600 2906 3664 exstruxerit,
2944 3600 3031 3653 cui
3064 3614 3186 3652 eum
3241 3599 3427 3652 multis
3453 3615 3558 3668 pu-

1975 3695 2206 3748 blicanis
2257 3694 2529 3748 interesse
2564 3693 2821 3761 dignatus
2855 3702 2938 3748 est
2972 3693 3271 3759 Dominus;
3313 3693 3446 3748 Satis
3470 3701 3558 3747 est

1977 3785 2295 3844 verisimile,
2337 3786 2601 3851 quosdam
2632 3800 2693 3836 ex
2725 3784 2972 3837 convivis
3021 3786 3188 3836 fuisse
3235 3798 3553 3847 conversos,

1975 3883 2031 3927 et
2058 3876 2124 3929 ad
2158 3875 2366 3929 Christi
2415 3876 2800 3944 discipulatutu
2851 3885 3174 3944 pu-rtraetos,
3215 3883 3272 3927 et
3307 3879 3548 3929 nomina-

1976 3967 2070 4020 tim
2118 3965 2378 4021 Jacobunt
2423 3966 2632 4034 Alpluci
2678 3983 2739 4019 ea
2787 3967 3077 4020 occasione
3111 3974 3382 4019 secutorn.
3418 3966 3558 4019 Mur-

1975 4061 2318 4112 morantibus
2368 4058 2436 4112 de
2491 4058 2581 4110 illo
2632 4057 2886 4112 convivio
2922 4056 3214 4110 Pbariswis
3274 4059 3556 4126 reSpondit

1972 4150 2220 4205 Christus
2248 4166 2261 4202 :
2291 4168 2309 4201 ι
2337 4148 2454 4204 Νοιι
2475 4152 2597 4204 veni
2621 4151 3030 4217 vocarcjnstos,
3047 4149 3138 4203 sed
3167 4162 3500 4218 peceatores.
3529 4168 3548 4200 ι

1971 4243 2082 4299 Cur
2116 4245 2278 4312 igitur
2310 4244 2577 4312 suspicari
2618 4258 2726 4296 non
2761 4257 3083 4312 possumus.
3128 4244 3182 4294 itt
3239 4243 3330 4295 itlo
3361 4241 3554 4297 convi-

1973 4339 2061 4392 vio
2086 4347 2181 4391 aut
2207 4337 2352 4391 illius
2373 4337 2662 4391 areasione
2710 4347 2962 4389 vocatum
3009 4350 3129 4388 esse
3158 4333 3422 4390 Jarobum
3461 4335 3556 4388 Al-

1973 4429 2136 4499 pbaui,
2169 4430 2259 4498 qui
2310 4429 2363 4482 in
2415 4427 2661 4498 catalogo
2710 4431 3083 4496 apostolorum
3121 4427 3311 4482 Matth.
3361 4445 3389 4482 ιι
3440 4439 3554 4483 sta—

273 4521 519 4577 Jacobus
570 4519 803 4590 Alphaei,
862 4535 963 4574 nec
1019 4536 1258 4588 unquam
1316 4521 1370 4574 in
1413 4521 1584 4575 sacris
1643 4519 1865 4574 Litteris
1898 4532 1946 4590 ι)
1975 4525 2068 4578 tim
2103 4532 2222 4592 post
2255 4521 2568 4576 Matthmnm
2593 4521 2864 4589 sequitur,
2893 4521 3354 4589 qnotnadn'toduin
3385 4520 3552 4576 etiam

274 4614 392 4667 alio
437 4613 658 4667 nomine
707 4613 1046 4681 designatur.
1093 4610 1265 4666 Velim
1331 4613 1494 4666 modo
1541 4612 1685 4666 scire
1725 4613 1870 4666 unde

276 4704 496 4774 Alphmi
533 4719 732 4758 nomen
759 4713 867 4756 tam
899 4713 1214 4757 constanter
1249 4703 1443 4758 habeat
1471 4701 1734 4766 Jacobus,
1761 4703 1868 4757 nisi

275 4812 305 4850 a
344 4806 521 4866 patre.
567 4795 730 4850 Certe
777 4795 924 4849 nulla
975 4795 1114 4850 ratio
1157 4795 1376 4850 dabitur
1422 4795 1617 4850 idonea
1664 4804 1867 4864 prmtcr

279 4888 448 4943 hanc.
481 4887 603 4942 Jam
644 4902 770 4942 vero
797 4889 1044 4948 adterto,
1093 4886 1301 4956 Alphaei
1344 4902 1546 4942 nomen
1579 4887 1769 4943 nnllibi
1810 4889 1866 4942 in

278 4981 458 5035 sacris
493 4978 716 5034 Litteris
749 4979 1000 5049 reperiri,
1039 4981 1140 5034 nisi
1179 4980 1270 5034 ubi
1304 4979 1483 5049 agitur
1515 4979 1584 5034 de
1613 4978 1868 5034 Mattbaeo

276 5083 376 5128 aut
413 5071 639 5134 Jacobo,
698 5082 756 5125 ut
797 5071 1022 5126 minime
1075 5071 1262 5126 dicere
1310 5071 1608 5141 possimus,
1667 5086 1869 5126 nomen

276 5167 456 5220 fuisse
503 5163 692 5218 multis
726 5178 1022 5218 commune
1068 5181 1082 5219 :
1131 5173 1187 5218 et
1231 5165 1332 5218 hac
1373 5163 1443 5219 de
1487 5179 1653 5219 causa
1713 5173 1868 5220 tanto

273 5257 637 5312 Verisimilins
663 5267 766 5320 est,
790 5259 1044 5311 eumdem
1074 5259 1242 5314 fu’sse
1263 5259 1572 5328 Alphzcum,
1599 5259 1692 5330 qui
1718 5271 1871 5328 pater

272 5360 397 5407 erat
437 5349 674 5404 Mattbzei
701 5359 756 5404 et
779 5348 992 5415 Jacobi,
1041 5361 1202 5420 prout
1236 5351 1410 5406 Graeci
1445 5367 1640 5406 omnes
1676 5352 1871 5407 exiSIi-

276 5455 433 5500 mant
475 5448 602 5514 post
639 5443 1088 5513 Chrysostomum
1142 5455 1198 5499 et
1231 5444 1661 5500 'l‘beodoretum.
1712 5444 1869 5500 liatio

275 5539 369 5593 illa
411 5553 478 5592 ex
534 5537 821 5605 utriusque
874 5538 1198 5606 cognomine
1253 5538 1420 5607 petita
1472 5553 1581 5592 non
1635 5538 1870 5592 debebat

273 5642 430 5686 certe
471 5641 581 5684 tam
619 5629 910 5685 imbecillis
936 5629 1108 5686 videri
1139 5631 1510 5694 Tillemoutio,
1554 5632 1646 5702 qui
1674 5631 1865 5686 eadem

277 5725 357 5778 uti
415 5725 586 5777 voluit
635 5733 766 5777 nota
805 5723 839 5776 2
881 5725 934 5776 in
968 5733 1219 5778 sanctum
1277 5725 1473 5780 Judatn
1515 5724 1728 5789 Jacobi.
1771 5735 1868 5780 aut

275 5819 642 5882 Tltaddwutn,
671 5817 763 5872 ubi
792 5816 1008 5874 disserit
1040 5825 1230 5875 contra
1247 5814 1717 5891 Chrysostomum,
1751 5819 1861 5874 dis-

1977 4618 2036 4672 ιιι
2064 4621 2184 4670 Act.
2216 4632 2229 4668 ι
2258 4615 2281 4667 ?
2320 4615 2374 4667 ln
2396 4613 2610 4667 duobus
2642 4613 2762 4664 aliis
2794 4613 3055 4682 catalogis
3085 4613 3326 4667 'l'bontas
3360 4613 3427 4668 iis
3465 4615 3555 4668 in-

1972 4709 2278 4778 terponitur
2307 4706 2474 4759 solus.
2509 4705 2694 4770 Itaque
2722 4704 2926 4768 ubique
2962 4705 3014 4778 in
3043 4705 3305 4770 catalogis
3329 4717 3555 4775 apostoo

1971 4801 2144 4854 lorum
2205 4797 2442 4852 Jacobus
2495 4794 2705 4864 Alplu-i
2751 4795 2998 4862 sequitur
3056 4811 3166 4849 non
3216 4796 3376 4861 longe
3433 4807 3560 4867 post

1973 4890 2314 4950 Mattbmum,
2372 4896 2432 4942 nt
2485 4884 2939 4941 verisintilliutunt
2983 4884 3076 4938 fiat
3130 4884 3391 4940 Jacobnm
3445 4902 3560 4940 non

1972 4985 2063 5038 tliu
2093 4992 2217 5053 post
2245 4982 2556 5036 Mattbaeutn
2580 4993 2611 5032 ιι
2638 4975 2860 5032 Christo
2905 4978 2972 5031 ad
3005 4979 3345 5047 sequendum
3381 4977 3560 5034 fuisse

1973 5093 2106 5132 νοετι
2114 5087 2248 5132 tum.

2043 5170 2136 5226 28.
2173 5171 2325 5236 Dicet
2360 5170 2592 5227 fortasse
2627 5187 2926 5236 nonnemo,
2966 5170 3274 5224 llattlueum
3307 5178 3364 5224 ct
3395 5166 3543 5222 Jaco-

1975 5263 2104 5318 bum
2143 5263 2354 5333 Alpbzei
2391 5265 2588 5319 nnllibi
2653 5265 2708 5318 in
2773 5263 3067 5334 Evangelio
3105 5262 3300 5316 fratres
3345 5261 3558 5324 vocari,

1974 5367 2137 5426 prout
2167 5356 2364 5411 fratres
2410 5358 2642 5412 subinde
2671 5366 2935 5412 vocantur
2963 5355 3157 5410 Petrus
3191 5364 3248 5410 et
3282 5355 3551 5414 Andreas.

1969 5448 2214 5504 Joannes
2245 5448 2579 5504 etJacobus.
2635 5449 2834 5504 Verum
2869 5449 2920 5502 id
2950 5447 3143 5516 nequit
3191 5445 3352 5513 objiei
3381 5461 3411 5498 a
3443 5445 3560 5496 Til—

1971 5539 2234 5595 lemontio
2282 5549 2337 5595 et
2381 5541 2646 5604 Calmcto,
2699 5555 2803 5594 nec
2864 5538 2936 5594 ab
2977 5539 3102 5592 ullis
3154 5537 3246 5606 qui
3285 5535 3555 5591 Iacobum

1972 5633 2183 5702 Alpbzei
2243 5632 2436 5688 dicunt
2477 5633 2702 5688 fratrem
2765 5631 2918 5687 Judte
2965 5628 3246 5686 Tltaddaei.
3283 5626 3340 5682 Si
3398 5625 3554 5681 enim

1971 5725 2220 5788 credant,
2247 5725 2348 5778 bos
2394 5724 2592 5780 fratres
2621 5740 2743 5780 esse
2781 5724 3049 5795 potuisse,
3091 5719 3306 5777 etiamsi
3350 5718 3404 5772 in
3451 5735 3548 5772 ca-

1971 5817 2162 5888 talogis
2210 5817 2581 5888 apostolorum
2641 5831 2920 5888 nunquam
2974 5815 3170 5873 fratres
3235 5819 3551 5871 vocantur:
