4002 6458
483 386 589 449 761

1722 358 2008 426 MENSIS
2045 350 2518 419 SEPTEMBER.

3637 336 3736 400 768

493 493 772 552 immerito
797 493 940 550 idem
973 489 1249 557 negabunt
1277 486 1345 542 de
1371 482 1629 539 Matthaeo
1655 487 1711 534 et
1737 475 1941 533 Jacobo
1976 470 2072 526 ΑΙ·-
2098 470 2143 527 Α
2172 468 2276 523 bus
2346 463 2741 535 apostolorum.
2825 459 3014 557 Varia.
3054 450 3741 557 'taniennreferuntjutrLde

496 587 664 657 pinati.
697 583 814 640 lmo
845 599 953 637 non
990 580 1162 634 deerit
1210 576 1378 634 ratio,
1426 588 1529 640 qua
1562 571 1756 624 horum
1791 561 2070 634 germani-

496 652 665 730 tatem
722 674 974 728 omittere
1031 667 1305 739 potuerint
1358 659 1728 730 evangelistze.
1767 653 1899 709 Nam
1933 652 2070 706 Mat-

499 769 677 824 thaeus
715 781 779 820 ex
819 763 1045 833 proprio
1071 757 1362 827 Evangelio
1401 764 1569 808 noms
1599 758 1739 811 erat,
1796 755 1855 800 ut
1889 742 2072 833 publif

496 875 686 915 canus.
756 832 935 923 Quare
1005 854 1050 907 si
1110 850 1457 919 evangelista
1524 843 1786 899 Jacobum
1862 832 2070 907 Μειὴωί

495 952 764 1006 dixissent
834 944 1071 1002 Matthaei
1146 944 1394 1002 fratrem.
1467 937 1845 993 insinuassrnt
1904 925 2073 983 simul

499 1043 854 1112 publicanum
915 1039 1110 1099 fuisse,
1165 1043 1259 1089 aut
1305 1042 1453 1088 certe
1492 1026 1762 1099 publicani
1825 1023 2074 1079 fratrem.

499 1133 681 1201 Atqui.
714 1143 769 1185 ut
787 1133 1152 1187 observarunt
1171 1127 1596 1196 Chrysostomus
1613 1129 1663 1175 et
1690 1117 2074 1186 Hieronymus,

501 1225 716 1280 Marcus
770 1232 826 1277 et
871 1220 1069 1282 Lucas,
1121 1217 1341 1288 quando
1379 1221 1605 1269 narrant
1654 1210 1884 1264 Matthaai
1913 1221 2078 1260 voca-

501 1321 729 1378 tionem,
761 1317 939 1383 ipsum
969 1312 1096 1366 Levi
1121 1319 1338 1370 vocant,
1374 1324 1445 1361 ne
1474 1307 1738 1362 indicent.
1763 1300 2076 1354 Ma'tbteum

504 1411 675 1466 fuis~e
733 1402 1110 1478 publicanum.
1196 1401 1306 1455 Cur
1370 1401 1537 1470 igitur
1606 1412 1716 1451 non
1783 1399 2082 1460 potuerunt

505 1517 700 1557 omnes
726 1501 793 1555 de
837 1488 1044 1553 honore
1068 1478 1237 1549 sancti
1259 1493 1447 1548 Jacobi
1482 1487 1688 1559 Alp‘itei
1732 1501 1886 1554 atque
1911 1484 2081 1537 fuisse

506 1591 747 1650 solliciti.
800 1588 1037 1659 ideoque
1080 1588 1238 1641 silere
1288 1585 1510 1639 fratrem
1550 1582 1721 1635 fuisse
1771 1574 2084 1639 publicani?

507 1683 787 1737 Sententia
815 1683 981 1752 igitur
1020 1675 1424 1749 Chrysostomi,
1453 1670 1783 1727 Theodoreti
1820 1677 1875 1723 et
1910 1667 2082 1722 totius

504 1776 820 1831 Graecorum
870 1771 1150 1833 Ecclesiae,
1222 1768 1355 1821 mihi
1428 1764 1719 1819 admodum
1768 1757 2084 1814 vrrisimilis

503 1875 732 1935 apparet
774 1862 1167 1932 etprohabilis.
1200 1875 1322 1912 cum
1358 1859 1485 1924 quia
1524 1854 1699 1909 solido
1754 1853 1949 1906 nititur
1997 1864 2086 1903 ar-

504 1965 766 2024 gumento
796 1969 859 2007 ex
908 1953 1193 2014 utriusiiuc
1243 1948 1476 2017 apostoli
1511 1945 1837 2014 cognomine
1870 1940 2081 2009 Alphazi

506 2047 763 2106 deducto.
799 2054 912 2098 tum
952 2043 1077 2112 quia
1120 2040 1298 2094 nullas
1331 2039 1534 2107 patitur
1561 2033 1925 2088 difﬁcultates.
1966 2030 2090 2084 Cal-

507 2145 689 2189 mctus
720 2134 940 2203 quidem
983 2135 1036 2185 in
1078 2129 1412 2184 Dicliunario
1454 2126 1662 2179 Biblico
1710 2124 1848 2177 duos
1900 2121 2089 2175 statuit

509 2225 789 2296 Alphazos,
823 2226 1052 2278 alterum
1102 2221 1271 2276 sancti
1312 2216 1545 2271 Malthasi
1575 2225 1810 2285 patrem,
1854 2214 2084 2267 alterum

512 2330 719 2388 patrem
761 2318 816 2370 ὃ.
849 2315 1034 2370 Jacobi
1069 2313 1300 2381 Alphzei,
1321 2324 1558 2378 emuque
1582 2309 1699 2362 vult
1728 2308 1836 2360 alio
1863 2304 2088 2360 nomine

509 2411 806 2475 Cleopham
842 2410 1066 2463 dictum.
1102 2406 1168 2460 At
1195 2404 1519 2474 respondeo.
1576 2402 1781 2455 nullam
1837 2412 1959 2453 esse
1989 2411 2077 2451 ne-

511 2502 824 2556 cessitatem
877 2496 1150 2552 statuendi
1182 2496 1322 2550 duos
1374 2493 1650 2562 Alphaos,
1709 2499 1804 2545 aut
1847 2487 2087 2548 dicendi,

509 2592 807 2661 Cleopham
847 2590 952 2644 alio
983 2589 1205 2642 nomine
1241 2587 1524 2656 Alphaaum
1557 2584 1789 2639 dictum.
1827 2581 1929 2636 nisi
1957 2580 2087 2644 illis,

511 2681 604 2752 qui
629 2690 819 2735 contra
862 2689 1082 2732 sanctos
1134 2677 1324 2731 Patres
1374 2675 1638 2729 Jacobum
1699 2672 1908 2741 Alphze.
1962 2685 2088 2725 cum

510 2772 721 2828 Iacobo
763 2772 930 2827 fratre
981 2769 1191 2823 Domini
1217 2768 1584 2834 confundunt,
1619 2766 1955 2834 minimeque
1981 2762 2085 2817 du-

515 2867 695 2920 bitare
735 2879 843 2920 me.
874 2863 1006 2933 quin
1038 2863 1221 2914 statim
1275 2866 1659 2930 agnoscerent.
1690 2855 1889 2909 fratres
1919 2852 2093 2908 videri

520 2956 833 3010 Matthmnm
863 2964 916 3009 et
945 2953 1204 3008 Jacobum
1232 2952 1466 3023 Alplizei,
1518 2950 1624 3004 nisi
1666 2948 1816 3004 hunc
1867 2947 2090 3005 fratrem

516 3044 731 3099 Domini
765 3059 888 3100 esse
927 3044 1149 3099 vellent.

2172 554 2437 627 apostolis
2487 553 2746 608 omnibus
2769 548 3097 621 generatim,
3127 544 3387 599 videlicet
3403 539 3549 609 quod
3579 536 3743 591 Chri-

2172 659 2289 705 stus
2309 647 2460 716 ipsos
2485 642 2773 698 donaverit
2797 648 3068 710 potestate
3114 634 3429 706 expellendi
3462 632 3744 686 dmmones

2173 740 2527 807 inﬁrmusque
2546 735 2800 799 sanandi,
2825 748 2890 787 ac
2920 730 3195 800 pra-claris
3220 729 3517 781 instructos
3569 720 3751 775 moni—

2177 831 2270 891 tis.
2297 831 2362 882 ad
2399 827 2806 898 praedicandum
2865 839 2963 892 per
3018 819 3262 877 Juda'am
3307 815 3563 876 miserit;
3606 810 3752 880 quod

2173 922 2232 976 in
2262 920 2449 974 ultima
2478 933 2635 974 coena
2671 931 2796 970 cum
2832 915 3055 969 Christo
3087 911 3312 969 fuerint.
3370 906 3757 973 exiverintque

2177 1014 2244 1067 ad
2274 1012 2454 1066 villam
2485 1007 2862 1067 Gethscrnaui.
2914 1012 2971 1061 et
3007 1004 3228 1065 deinde,
3270 1015 3341 1055 eo
3388 1007 3568 1065 capto,
3604 998 3760 1063 fuge-

2179 1105 2311 1167 rint,
2345 1103 2488 1173 quod
2536 1101 2815 1157 Christum
2862 1098 3036 1152 variis
3092 1095 3303 1149 vicibus
3342 1091 3581 1147 viderint
3631 1097 3763 1156 pust

2179 1197 2669 1255 resurrectionem,
2692 1204 2747 1245 et
2775 1194 2993 1246 demum
3042 1189 3096 1243 in
3128 1187 3327 1243 calum
3355 1182 3761 1241 ascendentem

2181 1301 2475 1355 conspeer
2493 1287 2594 1344 int.
2622 1282 2773 1353 quod
2801 1279 3135 1335 leuauit-liter
3172 1279 3225 1331 in
3266 1277 3518 1331 oratione
3562 1289 3764 1343 perse-

2181 1378 2499 1433 veraverint
2515 1392 2582 1430 cu
2595 1392 2639 1430 2n
2658 1375 2827 1430 Maria
2861 1372 3032 1426 Matre
3066 1369 3162 1423 Dei
3178 1379 3238 1422 et
3258 1367 3383 1421 aliis
3400 1364 3767 1434 quibusdam,

2183 1471 2273 1525 ubi
2327 1479 2384 1523 et
2422 1467 2656 1523 Hathias
2700 1464 2857 1519 dudm
2912 1461 3269 1521 substitutus.
3333 1459 3511 1513 donec
3560 1456 3772 1510 ibidem

2183 1561 2445 1631 Spiritum
2475 1569 2724 1619 sanctum
2754 1553 3096 1622 acceperint.
3130 1550 3258 1605 Haec
3322 1558 3476 1603 certo
3506 1547 3576 1601 de
3628 1560 3775 1615 apo-

2185 1652 2344 1709 stolis
2377 1648 2680 1717 generatim
2732 1655 3046 1707 narrantur,
3082 1650 3137 1694 rt
3170 1641 3240 1695 de
3269 1647 3461 1693 sancto
3515 1637 3777 1691 ilattbreo

2188 1760 2315 1799 vera
2346 1752 2493 1797 sunt.
2521 1741 2611 1796 Sic
2642 1740 2854 1795 videtur
2876 1739 2945 1805 de
2981 1735 3239 1788 omnibus
3283 1731 3543 1801 apostolis
3584 1732 3715 1784 Act.
3745 1744 3777 1780 ν

2119 1813 2156 1866 Β
2189 1835 2420 1895 narrari,
2448 1834 2654 1887 carceri
2689 1829 2922 1884 infectos
2967 1827 3135 1882 fuisse
3165 1841 3195 1880 a
3238 1822 3487 1893 principe
3511 1820 3780 1875 sacerdo-

2191 1936 2328 1988 tum,
2355 1940 2452 1993 per
2479 1924 2730 1993 angelum
2761 1936 2890 1975 vero
2926 1920 3194 1981 eductos;
3239 1916 3549 1983 iterumque
3580 1922 3784 1982 captos

2189 2026 2245 2072 et
2277 2031 2472 2079 caesos,
2502 2028 2670 2083 atque
2715 2013 2789 2067 ita
2841 2010 3115 2067 dimissos.
3161 2008 3290 2064 Post
3320 2020 3441 2075 quae
3490 2003 3785 2074 sphongi-

2191 2119 2301 2162 tur.
2328 2123 2381 2160 v.
2412 2106 2470 2158 il
2506 2120 2520 2156 :
2556 2102 2653 2156 cEt
2676 2101 2751 2156 illi
2785 2098 3004 2170 quidem
3035 2097 3315 2171 (apostoli)
3342 2095 3495 2149 ibant
3517 2094 3780 2158 gauden-

2194 2208 2276 2253 tes
2315 2213 2345 2251 a
2373 2205 2676 2265 conspectu
2699 2192 2937 2253 concilii,
2971 2190 3231 2260 quoniam
3257 2188 3405 2258 digni
3436 2185 3607 2240 habiti
3643 2193 3787 2238 sunt

2192 2303 2291 2356 pro
2328 2286 2552 2340 nomine
2582 2281 2713 2339 Jesu
2745 2280 3136 2337 contumeliam
3175 2279 3307 2348 pati.
3370 2275 3531 2332 Omni
3586 2285 3783 2330 autem

2192 2380 2282 2435 die
2302 2394 2412 2433 non
2447 2376 2741 2432 cessabant
2771 2374 2825 2428 in
2859 2373 3064 2441 templo
3092 2381 3148 2427 et
3182 2372 3329 2425 circa
3349 2370 3543 2425 domos
3570 2369 3787 2424 docen-

2196 2483 2278 2528 tes
2304 2480 2357 2525 et
2384 2471 2825 2540 evangelia-antes
2851 2466 3130 2521 Christum
3170 2463 3381 2518 Jesum.
3412 2481 3432 2517 ι
3489 2461 3645 2516 Mitto
3671 2460 3786 2515 alia

2192 2580 2305 2621 non
2347 2577 2502 2633 aeque
2540 2572 2693 2616 certo
2719 2560 2789 2615 de
2827 2559 3088 2613 omnibus
3113 2556 3280 2613 dicta.

2192 2678 2220 2748 ᾗ
2262 2676 2354 2731 lll.
2411 2672 2757 2745 Eeaugeliuut
2818 2672 3075 2751 scriptum
3121 2684 3140 2723 :
3174 2667 3472 2739 spectantia
3526 2664 3598 2721 ad
3640 2661 3797 2722 illud

2763 2748 3160 2796 exanimantur.

2265 2860 2356 2917 50.
2385 2858 2459 2915 De
2484 2858 2779 2930 Evangelia
2809 2871 2904 2925 per
2919 2865 3167 2911 sanetum
3194 2852 3508 2909 Matthteum
3531 2853 3791 2909 conscri-

2195 2962 2309 3023 pto,
2347 2952 2664 3022 priusquam
2694 2950 2881 3005 .ludaa
2915 2946 3223 3001 excederet.
3249 2945 3371 2999 aliis
3398 2958 3617 3014 quoque
3651 2959 3789 3013 gen-

2196 3048 2341 3101 tibus
2376 3045 2784 3115 prtedicaturus,
2837 3040 3125 3103 Eusebius,
3180 3039 3276 3093 lib.
3317 3053 3399 3100 ιιι,
3439 3052 3562 3108 cap.
3591 3037 3665 3092 24
3708 3037 3787 3091 ita

586 3138 676 3191 29.
712 3139 929 3191 Αιιιιυιη
961 3146 1018 3190 et
1041 3149 1304 3197 mensem,
1344 3150 1454 3205 quo
1507 3135 1740 3205 contigit
1773 3134 1991 3190 voeatio
2029 3133 2087 3190 S.
2115 3152 2161 3213 ρ
2195 3133 2471 3203 loquitur:
2514 3152 2533 3184 ι
2578 3132 2862 3186 Matthteus
2910 3145 3034 3184 cum
3073 3127 3310 3185 llebmis
3350 3129 3587 3199 primum
3620 3126 3787 3182 ﬁdem

519 3230 780 3291 Matthtei,
813 3247 920 3285 non
974 3229 1212 3298 inquiro,
1269 3243 1336 3281 ne
1379 3242 1540 3297 cogar
1580 3225 1909 3297 quaestiones
1964 3227 2096 3282 alias

519 3330 877 3391 pertractare.
920 3319 995 3374 De
1025 3318 1222 3374 ordine
1251 3319 1451 3380 solum,
1476 3332 1587 3386 quo
1630 3318 1775 3371 inter
1803 3312 2095 3372 duodecim

521 3427 746 3465 vocatus
779 3420 885 3475 est,
909 3424 1080 3479 pauca
1113 3409 1247 3464 libet
1268 3409 1474 3462 dicere.
1505 3407 1620 3462 Non
1658 3406 1764 3462 fuit
1801 3408 1945 3462 inter
1983 3408 2099 3477 pri-

506 3523 641 3563 .mos
692 3515 919 3560 voratus
962 3515 1187 3559 sanctus
1232 3504 1519 3557 Matthzeus
1550 3518 1562 3553 :
1596 3518 1721 3556 nam
1779 3512 1930 3556 certo
1960 3517 2102 3572 prae-

524 3606 811 3654 cesserant
868 3597 1139 3663 Andreas,
1208 3595 1422 3657 Petrus.
1499 3593 1764 3658 Jacobus,
1840 3591 2101 3660 Joannes,

525 3688 812 3758 Philippus
840 3697 896 3743 et
918 3686 1224 3743 Nathanael
1261 3686 1378 3741 sive
1410 3685 1864 3744 Bartuolomzeus.
1892 3685 1984 3754 qui
2043 3685 2101 3739 in

522 3781 779 3837 omnibus
815 3795 1033 3850 quoque
1059 3779 1430 3849 apostolorum
1458 3776 1719 3846 catalogis
1743 3788 2102 3830 numerantur

523 3883 655 3929 ante
690 3874 1028 3929 blatthteum.
1060 3871 1132 3926 De
1157 3872 1365 3927 Thema
1425 3870 1660 3926 dubitari
1725 3878 1927 3937 poterit,
1985 3869 2107 3923 fue-

531 3967 675 4020 ritne
702 3975 853 4029 ante,
891 3980 959 4018 an
1009 3975 1133 4034 post
1187 3965 1522 4026 Mattlircum,
1571 3963 1858 4032 discipulis
1907 3960 2106 4017 Christi

528 4068 941 4111 annumeratus.
986 4057 1272 4111 lllatthzeus
1316 4057 1432 4126 ipse
1454 4055 1720 4109 Thomam
1752 4054 1855 4109 sibi
1889 4067 2105 4122 praepo-

532 4150 635 4213 nit,
681 4158 731 4203 et
775 4151 893 4203 Act.
949 4165 985 4210 ι.
1030 4150 1270 4202 Thomas
1309 4163 1414 4202 aeu
1446 4147 1623 4201 solum
1686 4145 1961 4208 Matthaeo,
2011 4143 2108 4199 sed

529 4242 697 4295 etiam
724 4240 1115 4294 Bartbolomaeo
1139 4239 1496 4309 praeponitur.
1523 4239 1678 4307 Apud
1707 4238 1952 4291 Marcum
1979 4251 2109 4292 vero

529 4341 586 4387 et
621 4331 820 4385 Lucam
853 4333 905 4384 in
936 4330 1239 4401 Evangeliis
1296 4330 1537 4384 Thomas
1586 4330 1894 4383 Mattbteum
1930 4335 2113 4398 sequi-

534 4433 641 4480 tur.
674 4425 880 4491 ltaque,
910 4428 1034 4478 cum
1065 4425 1278 4477 vocatio
1326 4422 1554 4476 Thomas
1608 4437 1718 4476 non
1751 4421 1822 4475 sit
1852 4425 2104 4492 exposita

2199 3226 2565 3297 praedicasset,
2597 3224 2722 3279 inde
2739 3225 2803 3279 ad
2822 3223 2956 3277 alias
2969 3236 3185 3293 quoque
3203 3230 3392 3292 gentes
3410 3220 3785 3290 profecturus,

2202 3316 2560 3389 Evangelium
2601 3330 2761 3369 suum
2804 3313 2980 3385 patrio
3013 3326 3268 3366 sermone
3284 3309 3665 3372 conscribens,
3703 3310 3785 3372 id.

2200 3408 2348 3477 quod
2388 3405 2698 3478 pra-sentiae
2748 3420 2862 3460 suae
2906 3403 3087 3460 adhuc
3136 3415 3426 3472 superesse
3473 3401 3787 3468 videbatur,

2201 3499 2409 3571 scripto
2448 3498 2578 3560 illis,
2637 3511 2779 3567 quos
2821 3493 3188 3564 relinquebat,
3245 3492 3540 3562 supplevit.
3568 3509 3590 3542 ι
3644 3490 3790 3547 lusi-

2201 3601 2338 3649 uuat
2369 3591 2619 3661 allegatis
2644 3590 2823 3644 verbis
2847 3588 3137 3647 Eusebius,
3165 3586 3474 3641 Matthmum
3495 3585 3791 3654 scripsisse

2202 3699 2460 3741 sermone
2498 3683 2789 3744 Hebraico,
2821 3680 2999 3751 qualis
3042 3687 3174 3734 tunc
3201 3688 3326 3733 erat
3374 3678 3602 3733 usitatus
3631 3677 3788 3745 apud

2202 3779 2442 3836 Indicos.
2477 3792 2587 3832 non
2628 3775 2849 3846 quidem
2883 3788 3022 3843 puro
3058 3782 3112 3828 et
3164 3781 3404 3834 vetusto,
3440 3769 3530 3825 sed
3575 3768 3793 3823 nonni-

2206 3872 2284 3925 hil
2314 3880 2575 3940 corrupto
2608 3883 2672 3922 ex
2716 3866 3017 3922 Chaldaico
3069 3874 3125 3920 et
3165 3863 3412 3935 Syriaco,
3454 3870 3513 3917 ut
3535 3860 3631 3915 alii
3671 3860 3793 3930 iam

2206 3963 2593 4016 observarunt.
2631 3959 2818 4013 lnnuit
2853 3966 3140 4027 pra-terea,
3181 3956 3414 4026 primum
3444 3956 3696 4007 omnium
3725 3968 3793 4007 ex

2208 4051 2557 4122 evangelistis
2583 4050 2869 4120 scr=psisse
2918 4048 3231 4102 Mattlmum
3259 4060 3424 4112 uno:
3445 4044 3593 4099 enim
3617 4044 3795 4106 addit,
3869 4027 3876 4036 ’

2210 4152 2401 4214 postea
2440 4144 2725 4213 scripsisse
2777 4141 3017 4197 Marcum
3064 4150 3121 4195 et
3168 4140 3393 4201 Lucam,
3451 4151 3519 4193 ac
3560 4137 3794 4193 demum

2207 4238 2496 4294 Joannem.
2537 4234 2746 4290 Deinde
2794 4249 2920 4303 cap.
2949 4234 3018 4287 '56
3062 4232 3179 4286 haec
3212 4231 3409 4301 allegat
3442 4229 3658 4298 Papiae,
3698 4229 3790 4298 qui

2210 4341 2333 4382 cum
2369 4327 2653 4395 discipulis
2691 4325 3060 4394 apostolorum
3094 4322 3305 4376 vixerat
3350 4322 3419 4376 de
3442 4334 3643 4375 sancto
3666 4320 3796 4375 Alat-

2211 4419 2355 4472 ιιι.ῑο
2383 4418 2550 4472 verba
2581 4432 2595 4469 :
2628 4433 2649 4467 ι
2683 4415 2968 4471 Mattha-us
2991 4414 3238 4482 quidem,
3275 4411 3474 4481 inquit,
3517 4409 3795 4467 llebraioo

535 4517 588 4571 iu
627 4515 961 4584 Evangeliis,
994 4522 1051 4567 et
1090 4514 1252 4569 modo
1295 4525 1645 4583 praeponatur
1686 4514 1849 4567 modo
1882 4522 2108 4583 postpo-
2141 4498 2184 4553 ι)
2214 4525 2470 4566 sermone
2501 4508 2684 4562 divina
2723 4506 3053 4574 conscripsit
3075 4504 3298 4559 oracula
3339 4522 3354 4558 :
3395 4504 3795 4573 interpretatus

531 4618 698 4661 natur
744 4605 1016 4667 Mattiaco,
1072 4605 1231 4675 plane
1308 4604 1535 4659 dubium
1595 4613 1681 4659 est
1722 4613 1775 4659 et
1815 4603 2105 4668 incertum,

534 4710 658 4753 uter
689 4713 751 4752 ex
784 4698 890 4751 illis
917 4706 1140 4752 vocatus
1171 4699 1240 4750 sit
1275 4697 1441 4767 prior.
1470 4697 1681 4767 Reliqui
1702 4713 1830 4753 vero
1851 4708 2107 4767 quatuor,

536 4793 795 4846 nimirum
822 4789 1059 4845 Jacobus
1078 4790 1335 4859 Alphczei,
1354 4789 1523 4844 Judas
1555 4792 1886 4854 'l'haddazus,
1919 4792 2110 4846 Simon

533 4884 901 4942 Chanana'us.
927 4893 978 4937 et
1003 4881 1173 4937 Judas
1207 4884 1499 4938 lscariotes
1530 4884 1795 4953 proditor,
1829 4897 1952 4938 cum
1980 4897 2114 4936 con-

536 4983 746 5028 stanter
796 4974 852 5028 in
904 4975 1162 5028 omnibus
1208 4974 1468 5043 catalogis
1525 4984 1649 5043 post
1685 4973 1994 5029 Matthaeum
2029 4989 2115 5027 re-

537 5074 894 5126 ccnseantur,
945 5067 1107 5119 etiam
1161 5064 1533 5118 Verisimiliter
1595 5074 1717 5133 post
1763 5063 1943 5132 ipsum
1985 5072 2116 5117 sunt

541 5160 746 5219 vocati,
799 5159 871 5212 ita
914 5168 971 5210 ut
1023 5157 1312 5211 Manlia-us
1381 5157 1630 5210 videatur
1693 5159 1961 5226 septimus
2022 5163 2116 5209 aut

540 5262 770 5304 octavus
806 5250 975 5304 fuisse
1001 5251 1147 5303 inter
1195 5250 1483 5304 duodecim
1511 5252 1799 5318 apostolos
1839 5266 1852 5302 :
1889 5251 1942 5302 in
1976 5248 2116 5301 duo-

544 5344 647 5397 bus
676 5344 825 5397 enim
844 5342 1112 5411 catalogis
1147 5342 1415 5410 septimus
1449 5344 1691 5411 ponitur,
1727 5344 1779 5395 iu
1828 5340 1948 5394 aliis
1978 5342 2114 5395 duo-

542 5433 647 5488 bus
675 5443 922 5487 Octavus.
973 5432 1142 5486 Porro
1193 5432 1388 5487 electio
1426 5433 1711 5488 duodecim
1745 5432 2116 5500 aposmlorum

491 5527 497 5535 '
545 5540 576 5578 a
612 5525 786 5578 tribus
812 5525 1166 5594 evangelistis
1201 5528 1442 5580 relertur
1470 5541 1578 5579 non
1609 5525 1702 5579 diu
1734 5533 1857 5593 post.
1883 5522 2125 5578 vocatio-

546 5633 673 5673 nem
728 5618 986 5683 Matthxi,
1020 5619 1388 5686 praetermissa
1420 5619 1710 5673 vocatione
1737 5627 1972 5681 Quatuor
2026 5632 2122 5686 po-

546 5710 962 5774 stcriorum,uti
994 5709 1316 5765 etThomze.
1371 5710 1576 5767 Deinde
1619 5709 1759 5765 nihil
1794 5708 2121 5781 particulam

548 5803 622 5851 de
647 5802 705 5854 ὃ.
746 5800 1001 5857 Mattiaco
1039 5815 1293 5867 narratur
1324 5805 1378 5859 in
1417 5804 1726 5871 Evangeliis
1749 5813 1842 5874 aut
1875 5804 1926 5860 in
1970 5802 2123 5858 Aeti-

2210 4610 2293 4657 est
2320 4610 2503 4655 autem
2564 4599 2938 4667 unusquisque
2980 4596 3091 4655 illa.
3142 4603 3308 4664 prout
3364 4595 3562 4663 potuit.
3619 4591 3799 4647 Verba

2212 4692 2386 4748 sancti
2430 4692 2616 4746 lrenaai
2658 4691 2910 4746 laudatus
2937 4688 3227 4749 Eusebius,
3258 4687 3349 4740 lib.
3390 4703 3443 4749 v,
3481 4700 3611 4754 cap.
3637 4688 3674 4739 8
3731 4686 3801 4741 de

2212 4783 2468 4838 Matthiae
2514 4783 2739 4838 adducit
2790 4782 2896 4836 hoc
2944 4780 3108 4834 modo
3167 4794 3180 4830 :
3236 4778 3544 4835 Matthatus.
3599 4778 3798 4847 inquit,

2215 4878 2357 4945 apud
2394 4876 2649 4930 Heliraos
2681 4873 2899 4944 propria
2943 4888 3134 4927 eorum
3184 4871 3366 4940 lingua
3419 4869 3799 4939 conscriptum

2218 4968 2568 5038 Evangetium
2609 4966 2802 5027 edidit.
2852 4967 2980 5017 dum
3032 4965 3230 5018 Petrus
3262 4979 3326 5016 ac
3368 4961 3574 5017 Paulus
3615 4960 3801 5018 Romae

2214 5062 2495 5117 Christum
2549 5059 2940 5128 praedicarent,
3003 5067 3057 5110 et
3129 5054 3389 5110 Ecclesia:
3443 5055 3791 5110 fundamenta

2212 5153 2481 5222 jacercnt.
2533 5168 2551 5202 δ
2596 5150 2726 5202 Data
2782 5150 2945 5209 verba
2999 5148 3253 5217 leguntur
3317 5147 3460 5215 apud
3511 5147 3799 5209 Ιιοεειιῖιξιιιιιι

2221 5249 2310 5300 lib.
2340 5262 2394 5299 Ill
2419 5246 2614 5300 Contra
2639 5245 2882 5299 qureses.
2902 5256 3022 5309 cap.
3060 5258 3097 5301 ι.
3126 5241 3216 5294 ubi
3248 5239 3498 5293 similiter
3531 5238 3799 5301 iunuitur,

2222 5341 2456 5408 primum
2492 5337 2633 5390 inter
2665 5333 3033 5402 evangelistas
3067 5332 3239 5386 fuisse
3290 5332 3649 5395 Mattha-um;
3684 5332 3806 5385 licet

2221 5435 2359 5488 alias
2403 5447 2511 5486 non
2545 5439 2769 5484 careant
2810 5430 2991 5498 aliqua
3046 5426 3365 5481 tltllirultate
3410 5441 3509 5494 pro
3559 5434 3811 5495 tempore

2224 5525 2503 5595 Evangelii
2556 5540 2584 5576 a
2625 5522 2883 5576 ilattlizeo
2910 5521 3128 5588 St'l‘ipll.
3157 5529 3426 5587 utpostca
3470 5517 3807 5571 videbimus.

2220 5616 2460 5673 Adducit
2491 5615 2780 5676 Enaebius,
2816 5614 2910 5666 lib.
2942 5629 3015 5671 vr.
3044 5627 3168 5680 cap.
3198 5610 3269 5665 25
3293 5610 3458 5663 etiam
3488 5609 3661 5662 verba
3685 5606 3811 5663 Ori-

2188 5711 2400 5782 geuis,
2460 5708 2696 5769 dicentis
2738 5722 2803 5762 ex
2864 5704 3182 5769 traditione,
3234 5722 3253 5755 ι
3310 5702 3549 5773 primum
3596 5700 3811 5757 scilicet

2227 5802 2578 5871 Evangelium
2613 5798 2871 5881 scriptum
2903 5811 3025 5852 esse
3078 5812 3106 5850 a
3155 5794 3495 5857 Muttinem...
3542 5808 3636 5862 qui
3674 5789 3810 5849 illud
