4002 6442
482 382 586 450 τη
1740 371 2026 433 MENSIS
2064 369 2541 431 surmunaa.
2600 344 2605 345 ⁷

3666 371 3768 436 772

485 501 739 558 dixisset.
789 495 888 556 Vel
924 494 1005 553 sic
1062 503 1245 549 tamen
1290 487 1607 547 existimare
1642 501 1753 543 non
1788 485 2076 553 debemus,
2110 494 2150 552 Α
2183 494 2307 557 ptos
2340 484 2512 540 fuisse
2543 482 2757 551 Patres,
2791 484 2960 557 idque
2980 483 3050 541 ab
3079 484 3190 541 illis
3224 495 3506 555 sumptum
3542 500 3642 554 pro
3677 502 3770 539 au-

489 610 559 650 ex
591 595 712 648 solo
750 590 931 662 Papiae
974 586 1294 644 testimonio
1360 581 1686 654 proﬂuxisse
1722 579 1911 637 omnia
1955 592 2079 648 quae

487 682 556 741 de
591 683 859 739 Hebrairo
885 679 1126 735 Matthsei
1160 674 1455 748 Evangelia
1475 671 1667 727 Patres
1704 668 2078 738 tradiderunt,

489 786 551 833 ut
574 778 716 830 infra
756 774 1071 829 ostendam.

506 864 511 869 ’
562 870 655 924 54.
706 868 778 922 At
815 867 968 937 prius
1022 861 1317 918 elucidaho
1364 869 1776 931 argumentum,
1817 854 1963 926 quod
2015 869 2082 909 ex

491 961 715 1015 invento
765 975 866 1028 per
894 957 1215 1011 Pantmnum
1249 952 1547 1024 Evangelio
1581 950 1830 1004 habetur.
1872 947 2085 1002 Floruit

491 1054 789 1109 Pantzenus
857 1048 1058 1118 insigni
1137 1045 1468 1100 eruditionis
1539 1041 1700 1104 fama,
1773 1050 1828 1093 et
1882 1038 2085 1093 scholae

489 1144 877 1207 Alexandrinae
924 1138 1143 1212 pra-fuit
1191 1139 1415 1192 ineunte
1463 1135 1663 1189 sarculo
1704 1148 1789 1186 ιιι.
1824 1132 1984 1184 Hunc
2016 1130 2085 1185 ad

492 1239 658 1293 indos
707 1237 1013 1307 ptofcctttttt
1052 1234 1129 1287 ait
1194 1230 1489 1291 Eusebius,
1550 1229 1645 1282 lib.
1705 1242 1759 1284 v.
1816 1240 1942 1293 cap.
1995 1223 2084 1289 10,

496 1329 681 1398 ibique
711 1325 992 1380 invenisse
1026 1323 1280 1377 relictum
1314 1338 1342 1373 ιι
1397 1320 1458 1376 S.
1518 1318 1930 1372 Bartholoma-o'
1950 1331 2086 1385 apo-

496 1421 641 1475 s'tolo
678 1437 696 1470 ι
757 1415 997 1471 Matthmi
1055 1414 1430 1484 Evangelium,
1503 1410 1792 1465 Hebraicis
1840 1408 2087 1463 consui-

497 1521 650 1582 ptum
707 1509 929 1563 litteris.
972 1526 989 1559 ι
1030 1508 1095 1561 At
1136 1522 1245 1560 non
1311 1505 1482 1567 addit,
1531 1504 1675 1558 istud
1744 1519 1771 1556 a
1824 1502 2090 1556 redeunte

495 1601 755 1656 Pantaeno
793 1599 1183 1654 Alexandriam
1220 1606 1519 1667 portatum,
1558 1596 1656 1649 sed
1687 1595 1862 1649 solum
1896 1592 2032 1648 dicit
2075 1606 2090 1645 :

504 1712 524 1745 ι
561 1690 716 1760 Quod.
752 1692 974 1762 quidem
1000 1690 1066 1744 ad
1103 1690 1361 1760 pra'dit-ta
1403 1702 1576 1758 usilue
1624 1697 1868 1759 tempora
1903 1700 2094 1741 serva-

498 1797 614 1842 tmn
639 1802 761 1840 esse
801 1794 1159 1846 memoratur,
1196 1802 1214 1834 ι
1255 1784 1309 1837 id
1345 1793 1450 1845 est,
1489 1797 1662 1850 usque
1719 1780 1787 1835 ad
1836 1790 2087 1848 tempora

494 1879 762 1935 Pantaeni.
813 1878 870 1930 S.
921 1875 1288 1946 Hieronymus
1331 1875 1384 1927 in
1425 1848 1686 1945 Catal—ogo
1729 1872 2093 1942 scriptorum,
2130 1848 2170 1904 Β

499 1985 623 2038 cap.
668 1968 759 2033 56,
808 1966 1119 2039 plusculum
1190 1963 1451 2029 asseruit,
1503 1964 1724 2032 quando
1768 1963 1991 2033 setipsit
2028 1962 2097 2017 de

497 2062 765 2116 Pantmno
795 2102 811 2126 ,
850 2078 868 2111 ι
904 2062 1063 2126 Quod
1113 2058 1400 2114 liebraicns
1445 2060 1643 2113 litteris
1676 2060 1967 2128 scriptum,
2007 2072 2097 2111 re-

498 2162 723 2205 vertens
769 2148 1183 2213 Alexandriam,
1222 2162 1410 2202 secum
1453 2149 1670 2202 detulit.
1723 2165 1741 2199 ι
1791 2147 1919 2202 llzec
1970 2146 2100 2202 Ilie-

501 2245 716 2316 ronymi
761 2243 1037 2313 pigmenta
1088 2241 1328 2296 Eusebio
1362 2240 1636 2312 incognita
1690 2249 1851 2294 vocat
1909 2241 2100 2295 mode-

500 2339 779 2393 stissimus
795 2336 1115 2408 Basnagius.
1142 2337 1212 2390 At
1238 2351 1340 2406 ego
1370 2351 1481 2390 non
1531 2334 1692 2390 video
1722 2349 1823 2390 cur
1852 2335 2100 2406 pluscula

499 2430 570 2486 de
613 2431 696 2486 his
726 2443 1061 2501 cognoscere
1090 2444 1198 2483 non
1231 2430 1476 2498 potuerit
1517 2426 1907 2499 Hieronymus,
1930 2445 2095 2499 quam

500 2522 706 2593 scripta
734 2531 893 2577 erant
920 2521 989 2577 ab
1030 2520 1291 2576 Eusebio.
1345 2520 1507 2575 Certe
1558 2521 1853 2577 admodum
1911 2518 2102 2573 verisi-

502 2617 634 2674 mile
670 2626 777 2681 est,
810 2632 919 2672 non
955 2615 1212 2671 relictum
1246 2613 1302 2668 in
1335 2612 1486 2668 India
1540 2629 1569 2668 a
1611 2613 1871 2668 Pantmno
1922 2610 2102 2667 Evan-

501 2709 708 2782 gelium
777 2706 1134 2773 llebraicum,
1200 2708 1297 2763 sed
1353 2705 1749 2761 Alexandriam
1810 2704 2101 2771 delatum;

502 2797 672 2868 idque
723 2797 809 2851 vel
872 2811 942 2851 ex
991 2797 1427 2851 Commentariis
1475 2794 1723 2849 Pantaani
1765 2795 1961 2865 ipsius,
2012 2796 2102 2850 vel

504 2890 727 2945 aliunde
762 2890 1022 2944 didicisse
1058 2889 1475 2958 Hieronymum.
1516 2886 1894 2958 Undecunque
1915 2896 2099 2943 autem

505 2982 559 3037 id
596 2990 822 3036 sanctus
879 2986 1074 3036 doctor
1101 2982 1462 3044 intellexerit,
1491 2988 1660 3035 tanta
1716 2979 1821 3035 fuit
1874 2978 2105 3052 integri-

505 3076 660 3137 tatis,
700 3085 759 3128 ut
821 3074 1027 3129 dicenti
1087 3075 1249 3129 iidem
1294 3073 1501 3128 habere
1560 3078 1833 3141 Oporteat,
1895 3081 1952 3127 et
1988 3086 2101 3127 non

510 3167 613 3224 nisi
647 3182 742 3237 per
762 3181 1033 3222 summam
1075 3165 1478 3237 impudentiam
1500 3163 1693 3219 dicere
1714 3163 2010 3235 possimus,
2034 3164 2103 3218 ab

509 3258 845 3331 Hieronymo
878 3259 931 3313 id
966 3257 1137 3313 fuisse
1178 3257 1500 3312 contietum.
1530 3256 1651 3311 1am
1692 3270 1828 3313 vero
1889 3256 1934 3310 si
1966 3257 2107 3309 l'au-

513 3360 698 3409 manus
748 3354 800 3407 in
841 3352 993 3405 ludia
1048 3353 1325 3406 invenerit
1366 3368 1384 3401 ι
1426 3348 1784 3420 Evangelium
1841 3348 2105 3411 Matthxi.

511 3444 803 3499 Hebraicis
825 3443 1025 3498 litteris
1049 3443 1375 3513 scriptum,»
1408 3442 1462 3496 in
1490 3441 1598 3497 hoc
1623 3441 1893 3496 Eusebius
1916 3442 2109 3495 Hiero-

510 3550 819 3610 nyutusqne
858 3538 1248 3602 consentiunt;
1308 3533 1490 3588 fuerat
1541 3533 1709 3604 igitur
1761 3533 2030 3588 llebraice
2078 3546 2108 3586 a

514 3630 777 3686 Mattiaco
804 3628 1098 3701 scriptum,
1157 3636 1220 3684 ut
1265 3626 1549 3682 communi
1599 3641 1877 3683 consensu
1919 3626 2109 3680 Patres

515 3724 810 3778 afﬁrmant.

587 3818 677 3873 55.
721 3838 739 3870 ι
776 3817 964 3871 Multis
1002 3831 1138 3872 vero
1169 3814 1238 3872 de
1286 3813 1492 3880 causis,
1531 3812 1749 3885 reponit
1782 3812 2109 3884 Basnagius,

514 3919 767 3966 veterum
804 3925 866 3964 ea
902 3909 1127 3963 traditio
1153 3907 1316 3962 (idem
1354 3905 1572 3961 anubis
1626 3918 1741 3961 non
1765 3907 2045 3979 impetrat.
2083 3921 2103 3957 ι

513 4001 725 4058 Causas
783 4001 953 4073 igitur
1007 4001 1410 4053 examinemus.
1450 4017 1470 4051 ι
1538 3997 1781 4052 Primum
1839 3999 2111 4062 omnium,

521 4094 725 4165 inquit,
756 4091 984 4147 Patrum
1013 4092 1197 4146 nullus
1229 4101 1336 4157 est,
1361 4093 1457 4162 qui
1494 4101 1651 4146 certe
1706 4100 1970 4161 certoque
2031 4100 2114 4144 te-

519 4195 725 4250 stetur,
751 4199 811 4238 se
854 4185 1114 4238 manibus
1161 4184 1409 4239 oculisve
1461 4183 1680 4238 trivisse
1719 4182 1955 4237 Matthxi
2005 4180 2114 4238 He-

521 4278 774 4334 braicnm
807 4276 942 4331 illud
970 4276 1356 4347 Evangeliunt,
1388 4276 1538 4346 quod
1573 4286 1756 4330 tamen
1787 4288 1817 4328 ι
1842 4276 2117 4331 Christia-

526 4369 615 4425 nis
680 4367 928 4423 llebra-is
994 4369 1332 4437 descriptum
1381 4369 1447 4421 ad
1514 4366 1830 4438 legendum,
1910 4367 2117 4438 ubique

528 4461 799 4521 locorum,
834 4460 933 4530 qui
981 4460 1251 4515 llebraice
1290 4460 1565 4525 sciebant,
1623 4460 1933 4532 dispersum
1984 4460 2119 4514 fuis-

2185 578 2433 633 thcntico
2471 576 2735 635 Matthtei.
2801 576 2970 634 Sexto
3025 579 3250 634 demum
3282 578 3361 633 ait
3395 576 3632 634 Matthaai
3673 594 3770 634 au-

2184 668 2512 738 tographum
2548 667 2971 741 diligentissime
3023 666 3197 724 fuisse
3251 670 3673 724 custodiendum
3709 671 3775 725 ah

2185 760 2432 815 Ecclesia
2464 756 2985 833 llierusolymitana,
3018 761 3063 817 si
3099 763 3154 815 in
3185 763 3417 832 gratiam
3461 761 3774 819 Judaaorum

2190 852 2464 909 llebraice
2505 852 2823 924 scripsisset
2852 852 3145 908 Mattlimus
3171 872 3186 918 ;
3217 869 3328 908 non
3382 855 3552 909 fuisse
3597 866 3777 909 autem

2188 958 2604 1013 conservatum,
2639 947 2746 1002 nisi
2787 946 3143 1019 Evangelium
3178 947 3592 1009 Nazarmorum,
3644 947 3778 1002 hoc-

2186 1057 2294 1113 qne
2319 1041 2632 1111 suspicatur
2656 1040 2824 1095 fuisse
2860 1057 2969 1095 non
2998 1040 3101 1095 nisi
3149 1041 3435 1110 antiquam
3473 1040 3780 1096 versionem

2189 1142 2433 1188 cxtextu
2480 1133 2670 1187 Graeco
2707 1132 2946 1187 Mattbrei
2972 1133 3197 1188 factam.
3230 1132 3325 1187 Hae
3354 1143 3482 1188 sunt
3538 1136 3782 1189 rationes

2191 1237 2286 1280 aut
2320 1226 2742 1297 imaginationes
2768 1226 3039 1298 Basuagii,
3065 1226 3158 1297 qui
3207 1242 3320 1280 non
3350 1226 3563 1281 dubitat
3592 1224 3786 1282 Patres

2193 1317 2514 1388 Requettter
2546 1320 2754 1374 erroris
2791 1335 3047 1391 arguere,
3072 1331 3130 1374 ut
3170 1319 3404 1374 somniis
3442 1321 3558 1374 suis
3587 1320 3787 1399 proba-

2197 1411 2470 1466 bilitatem
2508 1413 2748 1483 aliquam
2782 1414 3061 1469 conetliet.
3125 1414 3315 1485 Itaque
3365 1414 3676 1477 videamus,
3717 1429 3783 1468 an

2197 1511 2410 1557 tantutn
2473 1505 2640 1560 fuerit
2712 1506 2960 1578 Basnagii
3022 1522 3280 1572 acumen,
3352 1517 3408 1561 ιιι
3453 1509 3570 1578 ipse
3619 1506 3788 1561 multa

2195 1601 2512 1671 perspicere
2541 1600 2808 1669 potuerit,
2838 1617 2961 1670 quae
2990 1601 3329 1655 doctissimis
3365 1601 3643 1664 l‘atribus,
3670 1600 3789 1656 loco

2196 1702 2252 1747 et
2285 1704 2532 1763 tempore
2565 1692 2729 1747 rebus
2757 1693 3054 1763 disputatis
3086 1693 3248 1764 longe
3278 1693 3789 1764 propinquioribus,

2202 1784 2257 1839 in
2284 1794 2525 1838 mentem
2556 1799 2664 1838 non
2698 1794 3013 1852 venerunt;
3045 1786 3189 1839 etad
3235 1796 3563 1857 atgnmcnta
3599 1785 3792 1856 ipsius,

2202 1895 2325 1949 qua:
2357 1879 2643 1933 brevitatis
2667 1894 2832 1934 causa
2875 1881 3194 1935 summatim
3243 1890 3455 1935 tantum
3504 1880 3796 1953 pr0posui,

2200 1972 2549 2028 discutienda
2585 1972 2991 2042 aggrediantur.

2273 2064 2363 2117 56.
2424 2061 2754 2133 Respondeo
2809 2061 2977 2133 igitur
3042 2065 3283 2134 primum
3337 2063 3588 2136 Basnagii
3638 2081 3801 2139 argu-

2204 2166 2452 2211 mentum
2479 2158 2730 2212 absolute
2752 2157 2949 2212 falsum
2966 2173 3090 2214 esse
3112 2176 3125 2226 ;
3151 2174 3278 2213 nam
3308 2157 3367 2213 S.
3404 2158 3800 2231 Hieronymus,

2203 2267 2360 2308 num.
2414 2253 2479 2306 51
2536 2251 2818 2316 laudatus,
2898 2261 2955 2305 et
3004 2268 3128 2306 mox
3184 2252 3411 2308 uberius
3469 2252 3801 2319 laus‘andus,

2206 2356 2445 2403 testatur
2480 2345 2813 2401 Hebraicum
2849 2343 2910 2400 S.
2943 2345 3183 2403 Mattltaai
3218 2347 3583 2418 Evangelium
3620 2364 3684 2403 se
3719 2352 3770 2403 vi

2204 2440 2352 2497 disse
2387 2441 2814 2508 interpretatum
2869 2453 3017 2505 esse,
3059 2440 3318 2511 idemque
3362 2440 3620 2507 aliirmat,
3676 2440 3803 2499 usui

2205 2532 2339 2588 illud
2392 2532 2566 2587 fuisse
2613 2529 2861 2603 Origeni,
2889 2540 2943 2586 et
2975 2530 3153 2586 visum
3198 2547 3226 2585 a
3256 2531 3539 2587 Pantaeno.
3572 2532 3806 2604 Accipe,

2205 2624 2457 2680 studiose
2532 2623 2728 2688 lector,
2765 2624 2936 2678 alium
2999 2638 3067 2678 ex
3111 2623 3171 2678 S.
3224 2622 3563 2696 Hieronymo
3617 2624 3805 2681 locum

2203 2733 2270 2774 ex
2311 2717 2555 2787 Epistula
2616 2714 2685 2772 ad
2734 2714 3029 2771 Damasum
3076 2716 3143 2771 de
3193 2716 3410 2772 duobus
3470 2716 3602 2772 ﬁliis
3659 2721 3810 2788 (qua:

2205 2810 2338 2865 olim
2381 2818 2499 2863 erat
2524 2808 2645 2872 149,
2675 2807 2729 2861 in
2751 2807 2996 2862 editione
3024 2804 3327 2862 Veronensi
3365 2816 3451 2863 cst
3472 2807 3565 2876 21)
3595 2822 3613 2874 ;
3648 2826 3669 2860 ι
3704 2808 3809 2864 Do-

2206 2902 2373 2971 niqne
2401 2899 2717 2965 Mattltaaus,
2770 2900 2970 2971 inquit,
3011 2899 3102 2969 qui
3155 2898 3515 2971 Evangetium
3572 2902 3808 2959 Hebm

2207 3008 2471 3049 sermone
2503 2990 2857 3062 conscripsit,
2886 2995 2958 3046 ita
2984 2992 3173 3062 posuit
3203 3009 3217 3044 :
3263 2989 3522 3049 llosanna
3554 2994 3809 3059 barama,

2208 3082 2262 3139 id
2300 3093 2406 3148 est,
2447 3082 2709 3137 Hosanna
2747 3082 2800 3137 itt
2832 3083 3090 3137 excelsis.
3129 3101 3147 3135 ι
3173 3080 3465 3151 Quomodo
3495 3085 3661 3140 verba
3703 3084 3813 3141 lle-

2131 3211 2175 3269 ο
2209 3174 2394 3231 braica
2425 3175 2661 3231 Matthxi
2703 3175 2920 3239 recitat,
2967 3177 3011 3230 si
3064 3175 3421 3247 Evangelium
3486 3175 3664 3248 ipsius
3702 3178 3814 3233 He-

2212 3270 2459 3324 braicum
2509 3284 2620 3323 non
2669 3266 2923 3323 viderit?
2981 3268 3063 3322 Ad
3131 3269 3436 3323 secundant
3499 3269 3819 3340 respondeo

2212 3372 2464 3416 sanctum
2499 3360 2891 3431 Hieronymum
2929 3374 3038 3414 non
3089 3360 3405 3416 correxisse
3440 3370 3652 3417 textum
3701 3362 3812 3419 La-

2214 3458 2388 3507 tinum
2422 3466 2488 3506 ex
2518 3451 2813 3517 Hebraico,
2853 3452 2949 3507 sed
2983 3466 3049 3505 ex
3078 3450 3295 3515 Grzeco,
3324 3453 3454 3523 quia
3483 3454 3669 3508 minus
3687 3463 3818 3508 erat

2213 3554 2399 3600 certus
2439 3546 2509 3600 de
2558 3544 2877 3614 integritate
2937 3551 2993 3598 et
3027 3544 3269 3612 puritate
3304 3554 3487 3601 textus
3526 3544 3815 3607 Hebraici,

2213 3654 2378 3710 quam
2431 3636 2628 3692 Crmci.
2702 3636 2783 3690 Ad
2831 3636 3055 3691 tertium
3110 3638 3235 3692 dico
3296 3638 3549 3692 usitatam
3610 3654 3817 3694 revera

2214 3731 2388 3801 magis
2422 3728 2594 3783 fuisse
2650 3726 2890 3781 Mattbaei
2942 3737 3195 3799 tempore
3253 3728 3497 3799 linguam
3531 3726 3813 3791 Grazcatn,

2215 3835 2381 3892 quam
2426 3816 2776 3883 llebraicam,
2829 3816 2884 3871 in
2938 3819 3147 3873 mundo
3203 3836 3217 3873 :
3272 3820 3371 3875 sed
3408 3822 3641 3892 linguam
3700 3820 3826 3875 Hc—

2217 3912 2463 3969 braicam
2503 3912 2676 3965 fuisse
2701 3906 3042 3965 Judaaorum.
3072 3900 3443 3984 Quapropter,
3481 3928 3609 3968 cum
3651 3911 3829 3967 Chri-

2217 4018 2339 4062 Stus
2362 4004 2633 4062 Dominus
2679 4006 2915 4061 voluerit
2969 4013 3027 4059 ut
3082 4006 3316 4075 apostoli
3364 4006 3604 4076 primum
3662 4021 3822 4076 pra:-

2218 4102 2467 4161 dicarent
2504 4100 2664 4156 tidem
2693 4100 2925 4165 Judaeis,
2963 4100 3165 4155 deinde
3199 4100 3479 4171 gentibus,
3511 4101 3586 4154 uti
3621 4113 3823 4154 revera

2218 4188 2621 4245 fecerunt:sic
2664 4199 2786 4245 erat
2813 4204 3120 4260 congruum
3172 4197 3233 4243 ut
3292 4188 3534 4258 primum
3564 4186 3824 4261 Evange-

2220 4280 2355 4334 lium
2383 4278 2439 4333 in
2481 4278 2714 4352 gratiam
2744 4277 3066 4335 Judteorum
3104 4279 3469 4344 scriberetur,
3525 4288 3583 4333 et
3619 4294 3825 4341 conse-

2219 4379 2459 4443 quenter
2513 4387 2582 4427 eo
2626 4387 2883 4430 sermone
2926 4386 3092 4443 quem
3153 4386 3349 4427 omnes
3409 4370 3829 4443 intelligebant,

2220 4477 2373 4523 certe
2408 4466 2464 4521 itt
2500 4464 2706 4521 Judwa.
2743 4464 2900 4534 Quod
2936 4476 3137 4535 quarto
3170 4465 3544 4520 irreverenter
3592 4467 3735 4521 dicit
3770 4468 3829 4523 in

529 4563 637 4611 set.
689 4572 708 4607 ι
745 4552 864 4610 Hoc
893 4553 1131 4625 primum
1161 4554 1414 4624 Basnagii
1467 4563 1880 4626 argumentum.
1918 4552 2117 4623 Objicit
2144 4572 2199 4634 ι)
2226 4556 2442 4624 Patres,
2498 4572 2649 4613 certo
2682 4557 2883 4613 falsum
2915 4569 3002 4613 est
3032 4557 3102 4613 de
3162 4556 3521 4630 Hieronymo,
3575 4557 3835 4630 Epipha-

530 4651 800 4715 secundo,
831 4657 1023 4703 sancto
1058 4645 1395 4717 Hie‘nymo
1464 4647 1520 4702 in
1559 4647 1910 4704 emendando
1937 4646 2121 4702 Evan-

530 4740 800 4812 geliorum
838 4750 989 4795 textu
1016 4740 1216 4795 Latino
1246 4756 1357 4794 non
1411 4740 1728 4810 praeluxisse
1785 4741 2120 4795 Hebraicnm

528 4833 768 4889 Matthxi
797 4832 1217 4905 exetnplar,'sed
1243 4841 1515 4889 Graecum.
1551 4831 1739 4888 Tertio
1763 4834 1869 4887 late
1925 4833 2120 4903 probat

530 4927 1041 4998 linguantGmcam
1070 4926 1244 4981 fuisse
1287 4926 1459 4997 magis
1496 4928 1781 4997 vulgarem
1839 4933 1898 4978 et
1958 4924 2124 4995 longe

535 5022 791 5092 pluribus
835 5021 1094 5091 gentibus
1123 5020 1405 5084 usitatam,
1441 5034 1605 5089 quam
1652 5018 1999 5082 llebraicatn,
2036 5016 2107 5070 in-

534 5116 713 5184 deque
780 5114 992 5168 inferre
1047 5113 1242 5167 nititur
1285 5111 1600 5167 Mattia‘um
1650 5111 1904 5167 debuisse
1944 5110 2128 5182 potius

534 5208 732 5263 Gratce
782 5223 946 5278 quam
1018 5207 1290 5263 llebraice
1368 5205 1637 5271 scribere,
1697 5218 1823 5258 cum
1898 5200 2127 5274 apostoli

533 5311 724 5356 essent
748 5301 888 5370 jnssi
916 5303 1117 5356 docere
1147 5314 1340 5355 omnes
1368 5308 1579 5370 gentes.
1607 5298 1815 5364 Quarto
1868 5299 2131 5351 observat

537 5414 698 5453 usum
739 5398 908 5453 videri
959 5396 1281 5452 Mattltamm
1312 5397 1493 5468 lingua
1521 5404 1650 5449 tunc
1676 5393 1883 5449 Judmis
1907 5391 2127 5456 usitata,

535 5506 649 5546 non
686 5490 859 5546 veteri
891 5506 1142 5561 puraque
1198 5490 1403 5563 lingua,
1448 5492 1490 5545 si
1558 5488 1823 5543 llebraice
1886 5485 2129 5555 scripsit.

537 5583 863 5653 Sustnicatur
896 5594 1080 5637 tamen
1114 5581 1304 5637 Patres
1332 5582 1608 5652 cogitasse
1642 5580 1709 5635 de
1770 5578 1954 5648 lingua
1990 5591 2126 5647 pura

540 5675 806 5731 llebraica
841 5691 854 5729 :
895 5695 912 5727 ι
944 5674 1017 5733 lix
1051 5692 1161 5745 quo
1188 5674 1532 5746 intelsigitur,
1562 5671 1763 5743 inquit,
1796 5671 1850 5726 iu
1880 5680 2129 5725 veterum

541 5781 609 5819 ca
635 5768 785 5822 dcte
817 5769 1131 5823 testimonio
1174 5784 1280 5822 non
1332 5769 1565 5823 multum
1608 5781 1731 5822 esse
1792 5763 2054 5836 praesidii.
2106 5781 2125 5816 ι

549 5857 754 5921 Quinto
817 5862 1133 5930 suspicatur
1195 5859 1488 5933 Evangelia
1529 5858 1915 5917 Natam-orum
1974 5855 2135 5914 dece-

2228 4652 2346 4716 nio,
2372 4649 2631 4720 Origene,
2674 4648 2961 4715 l’antaeuo,
2996 4645 3186 4719 Papia,
3255 4646 3519 4713 Eusebio,
3575 4650 3674 4718 qui
3714 4662 3835 4702 non

2229 4745 2579 4815 ignorabant,
2611 4752 2706 4797 aut
2737 4744 2990 4813 ignorare
3028 4751 3307 4814 poterant,
3340 4758 3446 4813 qua
3484 4742 3679 4812 lingua
3702 4751 3835 4797 ute-

2227 4847 2423 4892 rentur
2454 4836 2657 4901 Judaei,
2692 4837 2915 4907 qnando
2951 4836 3311 4909 Evangelium
3342 4836 3568 4906 scripsit
3587 4847 3834 4891 sanctus

2228 4927 2543 4983 Mattltteus.
2579 4928 2695 4983 lmo
2750 4929 2963 4993 nullus,
2992 4930 3210 4999 Opinor,
3252 4926 3480 4982 Patrum
3536 4929 3838 4983 existima-

2228 5017 2329 5081 vit,
2380 5017 2486 5072 alia
2538 5018 2722 5089 lingua
2771 5014 3042 5073 Hebraica
3083 5034 3241 5074 usum
3304 5034 3429 5074 esse
3480 5017 3827 5083 Matthaeum,

2228 5124 2393 5178 quam
2456 5108 2661 5163 usitata
2724 5124 2828 5164 suo
2889 5122 3160 5180 tempore.
3208 5111 3366 5174 Quod
3428 5128 3563 5167 vero
3624 5111 3830 5166 deinde

2231 5199 2429 5270 quinto
2491 5208 2547 5254 et
2601 5210 2757 5257 sexto
2819 5201 3011 5273 objicit
3054 5200 3362 5275 Basnagius
3411 5204 3480 5259 de
3530 5202 3838 5277 Evangelio

2232 5292 2648 5357 Nazareorum,
2717 5294 2885 5364 paulo
2934 5294 3205 5364 prolixius
3270 5293 3669 5365 explicandum
3723 5304 3843 5359 est,

2233 5387 2362 5455 quia
2417 5385 2484 5439 ad
2562 5387 2906 5457 propositum
2979 5399 3229 5444 nostrum
3305 5398 3567 5460 spectat,
3641 5400 3700 5444 et
3774 5403 3846 5446 ea

2234 5479 2583 5548 expositione
2613 5478 2680 5533 ad
2713 5477 2851 5533 alias
2892 5495 3114 5551 quoque
3174 5480 3556 5537 dubitationes
3594 5496 3846 5553 respon-

2233 5570 2395 5626 debo.

2307 5663 2398 5719 '57.
2463 5661 2539 5717 De
2612 5661 2911 5736 Evangelio
2980 5661 3387 5731 Nazarteorutn,
3470 5665 3618 5736 quod
3694 5666 3850 5721 alias

2236 5757 2575 5829 vocatjuxta
2616 5757 2894 5823 Hebraeos,
2948 5775 3058 5814 non
3130 5774 3256 5814 raro
3305 5761 3545 5832 loquitur
3600 5773 3850 5818 sanctus

2239 5851 2635 5922 Hieronymus,
2676 5861 2732 5909 et
2763 5853 2910 5908 varia
2943 5868 3007 5908 ex
3043 5853 3136 5908 illo
3187 5851 3414 5910 adducit
3454 5854 3592 5910 locis
3643 5856 3849 5918 variis,
