4002 6438
522 356 630 418 ’ΠΒ

1752 354 2037 415 MENSIS
2079 353 2370 413 SEPTEM
2384 351 2556 414 BER.
3687 344 3794 409 776

515 454 661 526 num
719 471 980 536 reddidit,
1011 482 1062 528 rt
1102 481 1218 542 post
1255 487 1488 526 examen
1523 480 1632 526 tam
1668 482 1941 530 exactum.
1969 470 2114 536 judi-
2139 479 2186 534 Α
2219 481 2328 523 ιιιιιι
2350 480 2456 532 est,
2491 470 2728 536 pr'mum
2753 481 2816 520 ex
2839 463 3095 518 omnibus
3118 461 3464 532 evangelistis
3480 461 3792 533 scripsisse,

522 573 663 618 carit
723 580 847 619 cum
911 563 970 618 S.
1035 565 1359 634 Epiphanio.
1437 564 1614 634 ipsum
1695 580 1818 618 esse
1870 562 2105 617 Matthzei

523 655 876 717 liebraicum,
908 656 1001 709 sed
1036 657 1245 724 aliquot
1299 655 1435 710 locis
1472 666 1815 724 corruptum,
1875 655 2106 722 ideoque

521 747 700 800 debita
755 747 1082 800 auctoritate
1143 762 1389 808 carens;
1449 746 1751 815 Basnagius
1801 761 1952 804 vero,
2013 743 2105 808 qui

521 853 798 904 nunquam
849 838 976 890 illud
1008 838 1161 899 vidit,
1219 839 1503 891 contendit
1561 837 1915 905 Erangrlium
1974 834 2107 888 illud

520 943 725 982 meram
768 929 936 983 fuisse
979 931 1289 983 versionem
1323 945 1388 982 ex
1426 928 1615 984 Gra’co
1646 929 1882 982 Matthazi
1913 936 2104 988 textu;

520 1019 598 1083 ii,
665 1024 908 1087 inquam,
967 1023 1249 1074 contendit
1305 1031 1494 1074 contra
1570 1035 1815 1073 omnium
1883 1017 2104 1071 Patrutu

520 1116 923 1178 auctoritatem,
961 1123 1017 1166 et
1049 1114 1169 1166 sine
1196 1113 1306 1166 ullo
1361 1112 1559 1165 vetusti
1613 1111 1898 1180 scriptoris
1952 1110 2106 1162 testi-

518 1219 724 1257 mouit).
762 1207 875 1273 Εεςσι
909 1220 1040 1257 sane
1077 1221 1186 1257 non
1239 1206 1394 1272 Cupio
1422 1221 1531 1272 quo
1577 1204 1708 1256 illtttl
1758 1204 1968 1271 judicio
2007 1217 2106 1254 c0-

518 1293 691 1363 gitare
735 1297 994 1360 potuerit,
1026 1309 1132 1361 qua
1180 1297 1358 1346 lrontc
1394 1309 1562 1345 ausus
1619 1293 1785 1346 fuerit
1837 1294 2103 1355 edicere;

517 1385 961 1452 quando-,uidem
1045 1393 1256 1436 tantum
1330 1396 1438 1433 non
1513 1391 1704 1448 aperte
1764 1379 2102 1448 pronuntiat,

519 1479 725 1528 rectius
747 1478 988 1534 iudirare
1013 1491 1070 1529 se
1103 1475 1344 1544 potuisse
1380 1474 1446 1527 de
1496 1472 1790 1541 Eiangelio
1823 1486 2101 1538 nunquam

518 1581 549 1613 ν
574 1581 670 1626 so;
700 1582 861 1634 quam
891 1568 1269 1621 doctissimum
1313 1563 1702 1634 Hieronymum
1776 1573 1844 1618 de
1907 1565 2100 1617 eodem

519 1661 1092 1731 iicqurutcrperlecto
1111 1663 1422 1730 collatoque
1452 1677 1575 1715 cum
1593 1658 1797 1715 Graecis
1827 1657 2102 1713 ctLutinis

517 1755 944 1821 exemplaribus.

2209 570 2263 616 et
2309 557 3091 629 Erangeliumcoorposuisse.
3140 557 3452 623 priusquam
3499 570 3564 608 ex
3599 556 3791 609 Iudaea

2207 650 2515 704 discederet
2545 649 2610 702 ad
2642 647 3049 716 pra-dicandum
3081 646 3204 699 aliis
3240 647 3517 714 gentibus.
3581 645 3640 699 S.
3675 648 3794 700 Ire-

2208 758 2381 796 nreus.
2441 741 2532 795 lib.
2601 756 2656 793 ιιι
2710 739 2908 794 Cautra
2985 737 3244 795 llwreses,
3293 753 3415 805 cap.
3471 739 3524 799 i,
3573 738 3794 792 videtur

2208 831 2565 900 scripilouem
2631 830 3050 899 Evangeliornm
3127 829 3305 882 serius
3382 828 3569 898 ﬁgere.
3625 845 3789 898 quam

2209 924 2403 992 reliqui
2445 925 2657 982 Patres.
2707 925 2814 978 nisi
2841 924 3005 976 verba
3057 923 3234 990 ipsius
3265 922 3372 976 alio
3413 937 3578 976 sensu
3607 923 3788 978 forsan

2209 1019 2410 1087 exponi
2465 1019 2702 1071 valeant.
2749 1016 2936 1068 Latina
3005 1014 3384 1079 interpretatio
3440 1017 3493 1067 in
3551 1015 3790 1071 eniti-ue

2206 1109 2497 1162 novissima
2529 1110 2607 1162 sic
2646 1110 2812 1162 habet
2850 1125 2864 1160 :
2909 1126 2928 1157 ι
2970 1108 3047 1160 Ita
3086 1107 3377 1160 Matthrens
3443 1108 3495 1159 in
3541 1107 3787 1161 Hebrtcis

2207 1201 2655 1270 ipsorumlingua
2711 1203 3039 1266 scripturam
3093 1200 3263 1251 edidit
3304 1198 3601 1260 Evangelii.
3655 1217 3778 1254 cum

2205 1293 2398 1346 Petrus
2432 1305 2484 1347 et
2533 1292 2733 1346 Paulus
2779 1291 2965 1345 Romae
3003 1291 3470 1360 mangelizarent,
3506 1302 3559 1344 et
3588 1290 3782 1344 funda-

2205 1397 2330 1438 rent
2362 1384 2683 1439 Ecclesiam.
2730 1404 2748 1435 ι
2801 1383 3068 1438 Omnibus
3100 1391 3248 1434 rrrte
3284 1381 3775 1436 Patribusrontra-

2207 1479 2324 1531 rius
2352 1489 2456 1530 erit
2483 1478 2740 1538 Irenaeus.
2769 1477 2812 1529 si
2869 1477 2939 1530 ita
2973 1477 3042 1528 sit
3084 1474 3465 1543 explicandus,
3506 1483 3559 1526 ut
3587 1475 3772 1530 eodem

2204 1581 2448 1640 tcmpv're
2473 1571 2756 1637 scripserit
2811 1569 3115 1625 Matiliiens.
3154 1584 3263 1636 quo
3307 1567 3493 1621 Romae
3533 1568 3772 1638 Evange-

2200 1663 2331 1716 iiuiu
2371 1664 2743 1731 pmdicabant
2805 1662 2999 1714 Petrus
3037 1676 3089 1713 et
3135 1661 3356 1715 Paulus.
3407 1661 3473 1715 At
3529 1663 3776 1730 suspicor

2201 1755 2442 1809 noluisse
2465 1755 2726 1808 Iretneum
2763 1753 2812 1806 id
2847 1754 3221 1814 iudicarc,sed
3255 1754 3429 1806 solum
3476 1755 3785 1810 insinuasse

584 1843 644 1895 41
709 1844 788 1896 Ne.
823 1855 1004 1898 tamen
1057 1845 1192 1900 nihil
1231 1846 1514 1900 videretur
1561 1860 1628 1900 ex
1679 1845 1923 1913 antiquis
1965 1843 2098 1898 alle-
2136 1844 2427 1914 Bquinam
2501 1857 2688 1899 essent
2745 1856 3000 1898 auctores
3068 1843 3512 1914 Evangeliorum.
3560 1863 3632 1914 qu
3658 1862 3782 1899 nam

514 1949 674 2005 gasse
745 1934 1066 2006 Basuagius,
1143 1939 1324 1991 locum
1393 1937 1612 1991 adducit
1664 1953 1729 1991 ex
1793 1936 2099 2005 Epiphanio

513 2025 719 2080 Iheres.
746 2027 834 2082 50.
869 2045 989 2096 cap.
1025 2030 1080 2091 5,
1112 2040 1169 2082 ut
1201 2029 1393 2096 probet
1436 2028 1646 2082 Novum
1680 2027 2095 2081 Testamentum

513 2135 580 2174 ex
613 2121 802 2175 Graeco
834 2122 1006 2176 fuisse
1039 2122 1305 2176 Ilebraice
1357 2123 1654 2177 redditum.
1717 2122 1956 2176 Aderam
1993 2136 2096 2190 ego

513 2212 695 2266 locum
755 2226 1025 2284 integrum
1081 2230 1244 2284 quem
1295 2216 1383 2269 ille
1433 2219 1672 2270 medium
1722 2216 1992 2271 recitavit.
2040 2221 2098 2267 ut

512 2306 694 2358 videat
742 2306 912 2360 lector
947 2309 1093 2361 hunc
1143 2308 1322 2375 ipsum
1359 2323 1480 2362 esse
1531 2306 1798 2376 Basuagio
1862 2308 2097 2361 maxime

512 2408 879 2452 contrarium.
948 2418 966 2450 ι
1031 2400 1268 2460 Etenim,
1337 2401 1510 2470 inquit
1566 2401 1924 2470 Epiphanius,
1969 2415 2095 2452 vere

511 2489 642 2542 illud
673 2490 942 2544 animare
992 2508 1306 2559 possumus,
1350 2508 1516 2545 unum
1551 2509 1614 2545 ex
1661 2493 1924 2546 omnibus
1957 2491 2092 2544 Novi

511 2584 845 2637 'l‘estamenti
912 2586 1273 2654 scriptoribus
1342 2584 1654 2638 Matthzeum
1708 2583 1975 2638 Hebraice
2030 2598 2094 2638 ac

510 2675 709 2730 litteris
765 2676 1050 2734 llebrairis
1085 2679 1454 2749 evangelicam
1493 2679 1779 2733 historiam
1827 2679 2090 2732 texuiSse.

511 2766 621 2821 Nec
655 2772 882 2824 deluere
925 2772 1014 2836 qui
1083 2769 1151 2824 de
1194 2768 1422 2825 Joannis
1470 2769 1764 2840 Evangelia
1803 2770 2094 2824 conﬁrma-

510 2874 655 2918 rent.
720 2862 852 2915 illud
924 2863 1185 2916 llebraice
1278 2865 1601 2916 translatum
1679 2861 1968 2916 Tiberiade
2039 2862 2093 2914 in

504 2949 820 3003 Judamrnm
853 2953 1257 3022 gazophylaciis
1290 2954 1577 3008 as-ervari.
1619 2961 1675 3006 et
1734 2955 1786 3005 in
1836 2951 2095 3006 secretio-

509 3046 664 3098 ribus
719 3045 1047 3112 quibusdam
1102 3045 1478 3113 penetralibus
1521 3043 1742 3098 recondi
1804 3045 1908 3098 :id
1949 3043 2094 3113 quod

507 3137 758 3190 nonnulli
793 3139 951 3198 mihi,
987 3155 1076 3204 qui
1103 3153 1158 3190 se
1181 3139 1247 3191 ad
1283 3137 1489 3190 Christi
1532 3137 1691 3190 Iidem
1735 3150 1767 3190 e
1809 3135 2094 3191 Judaismo

2204 1952 2334 1990 vero
2371 1937 2685 1991 traditionis
2725 1937 2984 1990 Romanae
3019 1939 3295 2002 Ecclesia,
3339 1940 3597 2006 eaquede
3618 1955 3786 1993 causa

2202 2028 2280 2080 sit;
2315 2027 2557 2082 locutum
2587 2043 2733 2081 esse.
2765 2027 2928 2082 Certe
2978 2029 3270 2081 luereticos
3298 2031 3350 2082 in
3391 2031 3487 2082 illo
3534 2031 3674 2084 libro
3703 2047 3790 2086 rc-

2204 2116 2346 2171 l'utat
2415 2133 2481 2172 ex
2541 2119 2840 2171 traditione
2905 2120 3140 2186 primum
3198 2117 3456 2173 ﬂuuiana!
3509 2121 3787 2183 Ecclesiae.

2200 2211 2358 2278 cojns
2413 2219 2668 2263 auctores
2698 2210 2920 2263 Petrum
2973 2211 3164 2264 statuit
3196 2221 3251 2265 et
3309 2213 3580 2279 Paulum;
3636 2229 3690 2269 et
3719 2231 3788 2271 ex

2200 2301 2500 2372 Scripturis
2555 2301 2687 2356 Novi
2735 2301 3093 2365 Testamenti,
3153 2320 3216 2357 cx
3269 2305 3470 2372 quibus
3547 2307 3786 2376 primum

2200 2395 2333 2449 dicit
2359 2395 2708 2466 I‘Jvanselium
2737 2395 2995 2450 Matth-sei.
3033 2397 3101 2450 Et
3131 2411 3263 2450 sane
3328 2408 3508 2454 textus
3562 2398 3789 2456 Caecus

2199 2502 2307 2541 non
2339 2499 2421 2542 est
2447 2491 2757 2542 necessario
2794 2493 3154 2560 exponendas
3184 2505 3249 2544 eo
3281 2506 3470 2553 sensu,
3511 2504 3570 2546 ut
3601 2494 3784 2548 Eran-

2199 2583 2399 2647 gelium
2423 2581 2617 2635 eodem
2654 2581 2814 2650 plane
2853 2593 3001 2651 temp
3023 2599 3082 2632 ,ιι
3119 2584 3386 2648 δει-ἱιιιιιιιι
3415 2584 3654 2647 dicatur,
3677 2603 3791 2656 quo

2201 2671 2394 2726 Petrus
2420 2683 2474 2726 et
2522 2672 2724 2726 Paulus
2759 2673 2941 2726 tioium
3000 2689 3064 2742 pr
3114 2675 3387 2726 dicarunt.
3451 2671 3627 2728 Verba
3661 2694 3788 2730 cum

2198 2760 2420 2816 litterati
2447 2765 2812 2832 explicatione
2831 2767 3104 2834 subjungo
3134 2783 3147 2818 :
3186 2767 3247 2817 Ὀ
3278 2765 3378 2834 μὲν
3413 2767 3476 2837 δὴ
3503 2768 3788 2830 unum;

2196 2853 2252 2904 ὲν
2291 2857 2405 2918 τοῖς
2455 2853 2729 2923 Ἑϐραίοις
2765 2857 2829 2924 τῇ
2864 2855 2972 2924 ἰδίᾳ
3003 2855 3271 2926 διαλέκτῳ
3303 2859 3482 2910 αὐτῶν
3507 2862 3606 2910 καὶ
3642 2876 3786 2929 γρα-

2198 2948 2304 3017 φὴν
2363 2949 2657 3017 ἐξήνεγκεν
2705 2948 3064 3015 Εὐαγγελίου,
3123 2948 3216 3001 τοῦ
3279 2951 3487 3018 Πέτρου
3549 2955 3646 3004 καὶ
3690 2953 3786 3006 τοῦ

2197 3041 2274 3092 11::
2287 3039 2409 3092 ὁ).ου
2434 3041 2491 3091 ἓν
2521 3039 2708 3110 Ῥώμῃ
2733 3041 3238 3108 εὐαγγελιζομένων
3270 3043 3363 3094 καὶ
3381 3042 3785 3110 θεμελιούντων

2195 3130 2293 3200 τὴν
2347 3132 2696 3201 Ἐκκλησίαν.
2748 3150 2766 3183 t
2800 3133 3086 3186 Matth-acus
3129 3133 3350 3202 quidem
3419 3149 3474 3187 tn
3541 3134 3786 3191 Hebraeis

509 3231 926 3290 transtulerant,
975 3231 1390 3283 accuratissime
1444 3229 1819 3282 declararunt.
1873 3228 1988 3282 lmo
2039 3209 2164 3282 etC
2201 3229 2420 3292 propria
2480 3224 2724 3293 ipsorum
2795 3225 2976 3293 lingua
3037 3235 3090 3278 et
3171 3226 3500 3294 scripturam
3561 3231 3787 3294 protulit

505 3322 881 3390 apostolorum
925 3325 1094 3374 Actus
1128 3323 1181 3375 in
1228 3323 1561 3376 Hebraicum
1598 3339 1910 3378 sermonem
1962 3338 2090 3393 per-

507 3415 633 3468 inde
663 3431 961 3469 conversos
997 3430 1028 3468 e
1058 3414 1247 3468 Graeco
1285 3417 1479 3469 iisdem
1509 3417 1562 3468 in
1591 3420 1864 3470 thesauris
1903 3416 2091 3470 haberi

507 3507 805 3560 multorum
853 3524 1105 3561 sermone
1143 3509 1485 3578 percrebruit
1527 3525 1541 3560 :
1577 3521 1633 3563 et
1665 3511 1753 3578 qui
1807 3510 1965 3564 nobis
1991 3512 2092 3564 ista

505 3602 821 3658 narrabant.
863 3599 1104 3653 iudicem
1140 3601 1472 3654 Christiana:
1517 3603 1918 3670 amplectenda:
1967 3602 2091 3654 ιιιιεί

505 3695 854 3744 occasionem
912 3703 1270 3762 acceprruut.
1320 3712 1341 3745 ι
1407 3693 1535 3748 lla-c
1590 3693 1950 3762 Epiphanius.
2015 3695 2092 3748 Ex

502 3795 569 3832 eo
595 3790 774 3834 autent
815 3782 936 3836 loco
978 3783 1192 3837 discere
1220 3785 1455 3838 debebat
1502 3783 1830 3853 Basiiagius,
1901 3784 2094 3838 Patres

503 3876 814 3927 distinxisse
851 3876 994 3927 inter
1023 3876 1188 3929 libros
1220 3877 1454 3943 primum
1507 3875 1777 3930 llebraice
1828 3878 2091 3942 seriptos,

504 3977 558 4022 et
601 3969 742 4030 illos,
773 3982 864 4033 qut
914 3982 979 4019 ex
1025 3967 1227 4021 Graecis
1278 3969 1475 4021 redditi
1521 3979 1646 4021 sunt
1704 3967 1996 4032 llehraici;
2039 3974 2094 4019 et

505 4057 668 4126 longe
715 4061 1090 4111 accuratiores
1127 4075 1248 4113 esse
1286 4061 1339 4112 in
1371 4062 1529 4114 lactis
1561 4061 2090 4126 enarratulis,quam

505 4160 566 4204 ιιι
609 4154 852 4218 ipsorum
883 4153 1268 4205 auctoritatem
1309 4161 1341 4205 t-
1366 4169 1513 4206 mere
1549 4154 1789 4220 abjicerc
1817 4160 2090 4220 opmteat.

506 4239 640 4296 Nam
677 4257 740 4296 ολ
775 4243 1006 4311 allegan
1037 4242 1156 4298 loco
1200 4244 1426 4305 inferre,
1469 4256 1634 4299 etiam
1657 4244 1891 4297 Matth-xi
1915 4245 2094 4296 Evan-

507 4336 706 4397 gelinm
763 4349 825 4386 ex
888 4335 1078 4388 Gl'aaco
1142 4335 1468 4390 llebiaicum
1523 4353 1644 4391 esse
1704 4339 1996 4400 redditum,
2040 4337 2091 4390 id

504 4425 742 4478 amentis
777 4427 958 4492 potius
986 4435 1091 4479 est.
1113 4443 1276 4495 quam
1314 4428 1710 4483 ratiocinantis.
1743 4431 2091 4493 Untilcctiam

506 4524 614 4575 cst,
649 4517 793 4584 quod
828 4516 997 4577 addit,
1041 4534 1102 4570 ex
1129 4519 1513 4587 antiquissima
1549 4520 1802 4574 versione
1829 4521 2089 4574 ltebraica

505 4618 686 4664 ortam
733 4625 856 4664 esse
883 4611 1232 4665 traditionem
1268 4611 1337 4665 de
1385 4623 1589 4683 scripto
1618 4611 1883 4669 ilcbraice
1913 4615 2090 4667 Evan-

505 4703 671 4772 geho.
712 4701 826 4756 Nisi
863 4706 1008 4758 enim
1066 4703 1257 4758 Patres
1312 4719 1505 4759 0o.nes
1552 4705 1884 4760 intolerabili
1946 4707 2090 4760 fastu

506 4796 739 4848 velimus
762 4805 1138 4859 contemnere,
1176 4815 1244 4851 ne
1276 4799 1545 4867 suSpicari
1605 4800 1824 4868 quidem
1883 4801 2091 4870 poteri-

506 4897 652 4944 mus,
691 4885 831 4938 adeo
869 4901 1063 4940 otuues
1100 4887 1272 4941 fuisse
1309 4892 1590 4955 deceptos,
1631 4898 1690 4940 ut
1745 4905 1921 4958 neque
1951 4890 2092 4944 anti-

503 4979 752 5045 qu:ssimi
779 4988 835 5032 et
867 4979 1244 5049 apostolorum
1306 4983 1651 5051 temporibus
1679 4985 1912 5053 proximi
1945 4984 2091 5039 scire

513 5078 794 5138 potuerint
817 5089 918 5139 qua
965 5073 1146 5141 lingua
1179 5077 1228 5126 in
1267 5075 1557 5128 scribendo
1594 5091 1724 5129 usus
1761 5077 1923 5130 luerit
1953 5077 2090 5129 Mat-

511 5161 706 5225 tlneus,
740 5177 839 5216 nec
871 5165 1170 5218 doctissimi
1217 5165 1456 5229 illorum,
1488 5166 2090 5236 liugquueilcbraicm

509 5253 846 5321 peritissami,
880 5257 1093 5325 (quales
1137 5257 1363 5311 fuerunt
1413 5269 1563 5312 certo
1625 5262 1985 5330 Hieronymus
2035 5269 2090 5314 et

507 5345 794 5411 Origenes.
840 5349 948 5401 ituo
979 5358 1032 5400 ei.
1063 5349 1422 5418 EpiphauitiS)
1459 5351 1876 5422 deprehendere
1899 5351 2088 5406 voluc-

508 5437 643 5496 rint,
693 5453 755 5490 ex
814 5436 1004 5493 Graeco
1052 5439 1288 5495 Matthari
1351 5458 1542 5496 cusum
1597 5455 1682 5498 est
1737 5445 2085 5515 Evangelinm

511 5527 869 5597 llebraicum,
899 5532 1042 5600 quod
1087 5533 1361 5588 habebant
1417 5535 1678 5589 Nat-armi.
1717 5533 1916 5591 Verum
1965 5536 2087 5607 plus

508 5636 674 5693 quam
710 5625 841 5676 satis
870 5625 937 5677 dc
971 5623 1195 5695 ineptiis
1233 5624 1505 5697 Basnagii.

581 5711 672 5764 42.
716 5715 788 5768 Ue
827 5731 996 5782 anno,
1025 5734 1133 5786 quo
1166 5731 1389 5772 sanctus
1422 5719 1711 5776 Matthazus
1736 5721 2085 5794 Evangeiium

518 5805 866 5872 conscripsit,
917 5810 1049 5861 nihil
1091 5813 1224 5865 certi
1261 5813 1505 5868 aﬂcrtur.
1537 5813 1669 5868 lllutl
1733 5826 1910 5871 tamen
1972 5833 2091 5873 cer-

2201 3315 2508 3384 Eraugclii,
2546 3315 2706 3368 Petro
2737 3326 2792 3370 et
2825 3315 2992 3370 Paulo
3048 3316 3234 3371 Roma:
3275 3320 3786 3387 evangelizantibus

2196 3417 2251 3463 et
2275 3407 2573 3463 Εωιρδιειιιι
2627 3408 3004 3463 l'undantibus.
3043 3426 3062 3460 ι
3117 3409 3244 3463 Haec
3283 3412 3446 3464 verba
3480 3411 3643 3465 l'acile
3701 3413 3781 3466 sic

2197 3513 2428 3566 p0ssunt
2460 3499 2708 3569 ‘zztcll-gi,
2728 3510 2786 3552 ut
2815 3500 3294 3553 SilliClUSll'ellilfUS
3324 3502 3564 3554 noluerit
3599 3506 3783 3556 dicere

2200 3604 2496 3660 utrumque
2519 3596 2714 3646 eodem
2752 3602 2999 3660 tempore
3036 3593 3259 3646 fartum.
3283 3596 3348 3646 At
3399 3593 3575 3646 libens
3609 3595 3782 3648 fateor

2202 3688 2372 3754 magis
2403 3685 2696 3739 diﬂiculter
2758 3687 2956 3754 exponi
2993 3701 3152 3753 posse
3205 3688 3368 3740 verba
3414 3688 3590 3740 Ιιυιιςυι
3649 3703 3771 3741 η.οι

2195 3779 2476 3844 sequentia
2495 3779 2562 3833 de
2583 3777 2806 3846 reiiquis
2823 3781 3195 3848 evangelia-tis,
3213 3794 3338 3832 nam
3362 3779 3570 3833 videtur
3587 3781 3775 3834 dicere

2201 3867 2323 3923 illos
2363 3884 2557 3923 omnes
2609 3871 2898 3938 scripsisse
2947 3885 3060 3938 post
3105 3883 3339 3925 mortem
3375 3870 3474 3924 SS.
3517 3873 3660 3926 Petri
3729 3884 3782 3928 et

2196 3960 2371 4022 Pauli.
2408 3964 2512 4017 nisi
2548 3974 2730 4017 textus
2757 3966 2826 4018 sit
2851 3975 3166 4032 corruptus,
3208 3974 3268 4018 ut
3297 3970 3613 4034 suspicatur
3671 3966 3783 4021 Til-

2195 4055 2510 4118 iemoutins,
2551 4066 2684 4110 tom.
2745 4053 2811 4112 ll.
2855 4065 2982 4108 uota
3035 4056 3069 4110 5
3123 4073 3174 4110 ιιι
3225 4069 3474 4110 sanctum
3514 4057 3780 4112 Marcum.

2194 4149 2470 4218 Quidquid
2529 4150 2621 4211 sit,
2669 4151 2714 4203 si
2769 4164 2836 4202 ea
2888 4150 2958 4204 sit
3016 4150 3191 4202 sancti
3247 4149 3438 4204 Irena-i
3478 4153 3780 4213 sententia,

2193 4242 2375 4308 qualis
2399 4251 2649 4310 apparet,
2687 4240 2870 4293 malim
2909 4241 3158 4306 credere,
3191 4242 3368 4310 ipsum
3397 4247 3578 4296 minus
3601 4253 3785 4298 atten-

2195 4331 2342 4384 disse
2396 4333 2462 4384 ad
2515 4344 2762 4385 exactam
2811 4332 3025 4386 illorum
3086 4336 3336 4387 omnium
3371 4337 3780 4400 chronotaxnu,

2197 4423 2341 4490 quod
2371 4423 2462 4474 illa
2493 4439 2558 4474 an
2588 4427 2928 4490 propositum
2968 4425 3140 4492 ipsius
3179 4441 3372 4492 parum
3420 4433 3780 4492 conduceiet,

2121 4550 2170 4608 Β
2199 4529 2358 4582 quam
2379 4515 2445 4567 ad
2477 4528 2562 4568 res
2585 4517 2732 4582 ipsas
2755 4529 2892 4585 quas
2949 4516 3052 4569 sibi
3093 4515 3323 4570 habebat
3348 4521 3692 4586 propositas:
3729 4529 3782 4572 et

2200 4609 2279 4660 sic
2308 4615 2628 4661 reterenter
2683 4607 2751 4662 ab
2789 4610 2909 4676 ipso
2945 4609 3225 4673 recedere,
3285 4625 3449 4679 quam
3485 4625 3515 4663 a
3553 4613 3782 4681 reliquis

2192 4701 2470 4754 omnibus.

2265 4792 2352 4845 ιδ.
2414 4791 2682 4848 Barouius
2730 4791 2785 4845 in
2843 4792 3150 4848 Annalibus
3215 4793 3480 4865 scriptum
3536 4795 3770 4850 Matthxi

2193 4888 2552 4958 Evangelium
2585 4889 2753 4942 refert
2781 4887 2848 4942 ad
2887 4905 3093 4942 annum
3130 4891 3331 4944 Christi
3360 4891 3421 4944 41
3453 4908 3470 4957 ;
3507 4893 3626 4956 sed,
3655 4907 3772 4948 cuiu

2194 4983 2347 5037 illum
2385 4991 2638 5037 numeret
2700 4981 2817 5037 Caii
2865 4981 3215 5049 imperatoris
3253 4993 3498 5050 tertium,
3535 4985 3776 5056 designa-

2194 5085 2282 5130 tur
2331 5093 2399 5130 ex
2432 5076 2760 5129 chrouotaxi
2824 5073 2969 5144 Pagii
3024 5083 3081 5128 et.
3135 5074 3369 5128 aliorum
3425 5091 3604 5130 annus
3661 5089 3777 5131 eris

2192 5168 2523 5221 Christiana:
2558 5167 2870 5220 tricesimus
2914 5183 3112 5221 nouns.
3153 5165 3363 5220 Laudat
3388 5166 3658 5222 Barnoius
3680 5181 3778 5238 pro

2192 5258 2478 5327 designato
2501 5273 2648 5311 anno
2673 5258 2789 5311 Caii
2840 5256 3003 5310 tertio
3040 5256 3359 5311 Chronicon
3411 5257 3660 5325 Eusebii,
3725 5259 3777 5311 in

2193 5367 2303 5417 quo
2360 5351 2490 5404 illud
2527 5351 2748 5420 legitur,
2790 5360 2952 5419 prout
2999 5350 3206 5403 editum
3245 5349 3439 5404 Latine
3499 5363 3620 5405 erat
3655 5357 3778 5405 ante

2194 5441 2514 5500 Baronium.
2582 5444 2672 5505 At,
2715 5441 3178 5510 quemadmodum
3238 5442 3556 5497 observavit
3605 5442 3774 5497 Tiiie-

2193 5534 2454 5598 moutius,
2505 5549 2613 5587 non
2639 5535 2893 5602 leguntur
2934 5531 3082 5586 eain
3117 5531 3361 5588 editione
3412 5535 3622 5594 Cra-ca.
3677 5546 3776 5589 nec

2193 5627 2249 5679 in
2289 5627 2481 5682 Latina
2510 5625 2796 5694 Scaligeri,
2853 5639 3034 5695 neque
3061 5627 3226 5681 etiam
3259 5627 3312 5680 in
3343 5627 3628 5683 Chronico
3675 5627 3773 5681 Lac

2195 5719 2311 5775 tino
2340 5736 2442 5775 ms.
2472 5719 2716 5783 Eusebii,
2755 5720 2898 5787 quod
2926 5728 3174 5773 servatur
3227 5721 3282 5773 in
3331 5719 3519 5774 Mosco
3563 5733 3772 5773 nos'io.

2195 5816 2373 5880 Quare
2399 5815 2591 5870 saltem
2623 5813 2858 5867 dubitari
2913 5823 3090 5880 potest
3157 5830 3225 5867 an
3284 5816 3334 5868 id
3393 5831 3666 5874 nunquam
3709 5815 3770 5864 dc
