  <div class='ocr_page' id='page_1' title='image "/cluster/home/n/w/nwhite01/storage/ocr_20150623/115:no.2/coo.31924054870195/396.png"; bbox 0 0 4002 6426; ppageno 0'>
   <div class='ocr_carea' id='block_1_1' title="bbox 316 356 415 423">
    <p class='ocr_par' dir='ltr' id='par_1_1' title="bbox 316 356 415 423">
     <span class='ocr_line' id='line_1_1' title="bbox 316 356 415 423; baseline 0.01 -1"><span class='ocrx_word' id='word_1_1' title='bbox 316 356 415 423; x_wconf 75' lang='lat'><strong>777</strong></span> 
     </span>
    </p>
   </div>
   <div class='ocr_carea' id='block_1_2' title="bbox 1602 348 2308 414">
    <p class='ocr_par' dir='ltr' id='par_1_2' title="bbox 1602 348 2308 414">
     <span class='ocr_line' id='line_1_2' title="bbox 1602 348 2308 414; baseline -0.003 0"><span class='ocrx_word' id='word_1_2' title='bbox 1602 349 1779 414; x_wconf 50' lang='lat' dir='ltr'><strong>\‘lTA</strong></span> <span class='ocrx_word' id='word_1_3' title='bbox 1820 352 1878 412; x_wconf 68' lang='lat'><strong>3.</strong></span> <span class='ocrx_word' id='word_1_4' title='bbox 1926 348 2308 412; x_wconf 74' lang='lat' dir='ltr'><strong>MA&#39;I‘TlLEI.</strong></span> 
     </span>
    </p>
   </div>
   <div class='ocr_carea' id='block_1_3' title="bbox 3476 348 3585 416">
    <p class='ocr_par' dir='ltr' id='par_1_3' title="bbox 3476 348 3585 416">
     <span class='ocr_line' id='line_1_3' title="bbox 3476 348 3585 416; baseline 0 -3"><span class='ocrx_word' id='word_1_5' title='bbox 3476 348 3585 416; x_wconf 82' lang='lat'><strong>778</strong></span> 
     </span>
    </p>
   </div>
   <div class='ocr_carea' id='block_1_4' title="bbox 302 464 3639 547">
    <p class='ocr_par' dir='ltr' id='par_1_4' title="bbox 302 464 3639 547">
     <span class='ocr_line' id='line_1_4' title="bbox 302 464 3639 547; baseline -0.003 -15"><span class='ocrx_word' id='word_1_6' title='bbox 302 472 552 533; x_wconf 78' lang='lat' dir='ltr'><strong>.Maunzei</strong></span> <span class='ocrx_word' id='word_1_7' title='bbox 604 468 897 547; x_wconf 60' lang='lat' dir='ltr'><strong>Itvangeli‘o</strong></span> <span class='ocrx_word' id='word_1_8' title='bbox 929 473 1214 544; x_wconf 74' lang='lat' dir='ltr'><strong>scripserit</strong></span> <span class='ocrx_word' id='word_1_9' title='bbox 1246 470 1533 531; x_wconf 81' lang='lat' dir='ltr'><strong>Eusebius.</strong></span> <span class='ocrx_word' id='word_1_10' title='bbox 1590 474 1678 521; x_wconf 77' lang='lat' dir='ltr'><strong>vel</strong></span> <span class='ocrx_word' id='word_1_11' title='bbox 1715 468 1882 524; x_wconf 80' lang='lat' dir='ltr'><strong>etiam</strong></span> <span class='ocrx_word' id='word_1_12' title='bbox 1921 476 1961 530; x_wconf 70' lang='grc' dir='ltr'><strong>Α</strong></span> <span class='ocrx_word' id='word_1_13' title='bbox 1996 470 2250 539; x_wconf 87' lang='lat' dir='ltr'><strong>rum,qui</strong></span> <span class='ocrx_word' id='word_1_14' title='bbox 2291 478 2386 522; x_wconf 88' lang='lat' dir='ltr'><strong>aut</strong></span> <span class='ocrx_word' id='word_1_15' title='bbox 2447 474 2636 525; x_wconf 89' lang='lat' dir='ltr'><strong>sancto</strong></span> <span class='ocrx_word' id='word_1_16' title='bbox 2671 467 2870 524; x_wconf 85' lang='lat' dir='ltr'><strong>Joanni</strong></span> <span class='ocrx_word' id='word_1_17' title='bbox 2922 466 3196 538; x_wconf 87' lang='lat' dir='ltr'><strong>apostolo,</strong></span> <span class='ocrx_word' id='word_1_18' title='bbox 3256 474 3351 523; x_wconf 88' lang='lat' dir='ltr'><strong>aut</strong></span> <span class='ocrx_word' id='word_1_19' title='bbox 3397 478 3591 525; x_wconf 83' lang='lat' dir='ltr'><strong>sancto</strong></span> <span class='ocrx_word' id='word_1_20' title='bbox 3636 464 3639 465; x_wconf 60' lang='grc'><strong><em>⁷</em></strong></span> 
     </span>
    </p>
   </div>
   <div class='ocr_carea' id='block_1_5' title="bbox 316 561 1904 639">
    <p class='ocr_par' dir='ltr' id='par_1_5' title="bbox 316 561 1904 639">
     <span class='ocr_line' id='line_1_5' title="bbox 316 561 1904 639; baseline -0.006 -15"><span class='ocrx_word' id='word_1_21' title='bbox 316 571 591 639; x_wconf 73' lang='lat' dir='ltr'><strong>interpres</strong></span> <span class='ocrx_word' id='word_1_22' title='bbox 604 566 1002 639; x_wconf 74' lang='lat' dir='ltr'><strong>Hieronymus;</strong></span> <span class='ocrx_word' id='word_1_23' title='bbox 1031 575 1087 621; x_wconf 87' lang='lat' dir='ltr'><strong>et</strong></span> <span class='ocrx_word' id='word_1_24' title='bbox 1117 572 1526 634; x_wconf 71' lang='lat' dir='ltr'><strong>consequenter</strong></span> <span class='ocrx_word' id='word_1_25' title='bbox 1550 562 1723 616; x_wconf 87' lang='lat' dir='ltr'><strong>multo</strong></span> <span class='ocrx_word' id='word_1_26' title='bbox 1739 561 1904 616; x_wconf 86' lang='lat' dir='ltr'><strong>etiam</strong></span> 
     </span>
    </p>
   </div>
   <div class='ocr_carea' id='block_1_6' title="bbox 318 654 1903 724">
    <p class='ocr_par' dir='ltr' id='par_1_6' title="bbox 318 654 1903 724">
     <span class='ocr_line' id='line_1_6' title="bbox 318 654 1903 724; baseline -0.006 -7"><span class='ocrx_word' id='word_1_27' title='bbox 318 662 585 717; x_wconf 85' lang='lat' dir='ltr'><strong>incertius</strong></span> <span class='ocrx_word' id='word_1_28' title='bbox 634 669 737 724; x_wconf 87' lang='lat' dir='ltr'><strong>est,</strong></span> <span class='ocrx_word' id='word_1_29' title='bbox 796 675 867 714; x_wconf 88' lang='lat' dir='ltr'><strong>an</strong></span> <span class='ocrx_word' id='word_1_30' title='bbox 919 659 1015 713; x_wconf 92' lang='lat' dir='ltr'><strong>illo</strong></span> <span class='ocrx_word' id='word_1_31' title='bbox 1072 670 1221 712; x_wconf 91' lang='lat' dir='ltr'><strong>anno</strong></span> <span class='ocrx_word' id='word_1_32' title='bbox 1289 655 1458 711; x_wconf 88' lang='lat' dir='ltr'><strong>fuerit</strong></span> <span class='ocrx_word' id='word_1_33' title='bbox 1505 654 1903 721; x_wconf 87' lang='lat' dir='ltr'><strong>conscriptum.</strong></span> 
     </span>
    </p>
   </div>
   <div class='ocr_carea' id='block_1_7' title="bbox 321 746 1906 817">
    <p class='ocr_par' dir='ltr' id='par_1_7' title="bbox 321 746 1906 817">
     <span class='ocr_line' id='line_1_7' title="bbox 321 746 1906 817; baseline -0.005 -10"><span class='ocrx_word' id='word_1_34' title='bbox 321 752 729 816; x_wconf 82' lang='lat' dir='ltr'><strong>Tillemontius,</strong></span> <span class='ocrx_word' id='word_1_35' title='bbox 775 750 966 808; x_wconf 90' lang='lat' dir='ltr'><strong>tom.l</strong></span> <span class='ocrx_word' id='word_1_36' title='bbox 1019 748 1074 804; x_wconf 90' lang='lat' dir='ltr'><strong>in</strong></span> <span class='ocrx_word' id='word_1_37' title='bbox 1124 747 1309 803; x_wconf 88' lang='lat' dir='ltr'><strong>lndice</strong></span> <span class='ocrx_word' id='word_1_38' title='bbox 1367 746 1756 817; x_wconf 84' lang='lat' dir='ltr'><strong>chronologico</strong></span> <span class='ocrx_word' id='word_1_39' title='bbox 1796 755 1906 813; x_wconf 80' lang='lat' dir='ltr'><strong>tam</strong></span> 
     </span>
    </p>
   </div>
   <div class='ocr_carea' id='block_1_8' title="bbox 318 836 1907 914">
    <p class='ocr_par' dir='ltr' id='par_1_8' title="bbox 318 836 1907 914">
     <span class='ocr_line' id='line_1_8' title="bbox 318 836 1907 914; baseline -0.006 -14"><span class='ocrx_word' id='word_1_40' title='bbox 318 845 730 913; x_wconf 59' lang='lat' dir='ltr'><strong>dispersionem</strong></span> <span class='ocrx_word' id='word_1_41' title='bbox 758 842 1138 914; x_wconf 72' lang='lat' dir='ltr'><strong>apostolorum</strong></span> <span class='ocrx_word' id='word_1_42' title='bbox 1162 855 1331 910; x_wconf 86' lang='lat' dir='ltr'><strong>quam</strong></span> <span class='ocrx_word' id='word_1_43' title='bbox 1375 839 1732 910; x_wconf 85' lang='lat' dir='ltr'><strong>Evangelium</strong></span> <span class='ocrx_word' id='word_1_44' title='bbox 1767 836 1907 892; x_wconf 83' lang='lat' dir='ltr'><strong>Mat-</strong></span> 
     </span>
    </p>
   </div>
   <div class='ocr_carea' id='block_1_9' title="bbox 325 931 1907 1006">
    <p class='ocr_par' dir='ltr' id='par_1_9' title="bbox 325 931 1907 1006">
     <span class='ocr_line' id='line_1_9' title="bbox 325 931 1907 1006; baseline -0.004 -14"><span class='ocrx_word' id='word_1_45' title='bbox 325 938 450 992; x_wconf 81' lang='lat' dir='ltr'><strong>tha-i</strong></span> <span class='ocrx_word' id='word_1_46' title='bbox 510 936 626 1006; x_wconf 82' lang='lat' dir='ltr'><strong>figit</strong></span> <span class='ocrx_word' id='word_1_47' title='bbox 677 935 825 990; x_wconf 83' lang='lat' dir='ltr'><strong>circa</strong></span> <span class='ocrx_word' id='word_1_48' title='bbox 896 948 1102 990; x_wconf 82' lang='lat' dir='ltr'><strong>annum</strong></span> <span class='ocrx_word' id='word_1_49' title='bbox 1168 934 1260 988; x_wconf 69' lang='lat'><strong>56.</strong></span> <span class='ocrx_word' id='word_1_50' title='bbox 1311 931 1415 986; x_wconf 92' lang='lat' dir='ltr'><strong>Alii</strong></span> <span class='ocrx_word' id='word_1_51' title='bbox 1474 932 1689 986; x_wconf 89' lang='lat' dir='ltr'><strong>malunt</strong></span> <span class='ocrx_word' id='word_1_52' title='bbox 1726 931 1907 999; x_wconf 86' lang='lat' dir='ltr'><strong>fateri,</strong></span> 
     </span>
    </p>
   </div>
   <div class='ocr_carea' id='block_1_10' title="bbox 324 1022 1910 1096">
    <p class='ocr_par' dir='ltr' id='par_1_10' title="bbox 324 1022 1910 1096">
     <span class='ocr_line' id='line_1_10' title="bbox 324 1022 1910 1096; baseline -0.005 -13"><span class='ocrx_word' id='word_1_53' title='bbox 324 1042 531 1083; x_wconf 84' lang='lat' dir='ltr'><strong>annum</strong></span> <span class='ocrx_word' id='word_1_54' title='bbox 601 1042 730 1083; x_wconf 84' lang='lat' dir='ltr'><strong>esse</strong></span> <span class='ocrx_word' id='word_1_55' title='bbox 788 1028 1085 1091; x_wconf 88' lang='lat' dir='ltr'><strong>incertum,</strong></span> <span class='ocrx_word' id='word_1_56' title='bbox 1162 1033 1327 1096; x_wconf 86' lang='lat' dir='ltr'><strong>prout</strong></span> <span class='ocrx_word' id='word_1_57' title='bbox 1392 1039 1574 1078; x_wconf 89' lang='lat' dir='ltr'><strong>annus</strong></span> <span class='ocrx_word' id='word_1_58' title='bbox 1619 1022 1910 1077; x_wconf 81' lang='lat' dir='ltr'><strong>divisionis</strong></span> 
     </span>
    </p>
   </div>
   <div class='ocr_carea' id='block_1_11' title="bbox 323 1114 1905 1191">
    <p class='ocr_par' dir='ltr' id='par_1_11' title="bbox 323 1114 1905 1191">
     <span class='ocr_line' id='line_1_11' title="bbox 323 1114 1905 1191; baseline -0.004 -15"><span class='ocrx_word' id='word_1_59' title='bbox 323 1123 701 1191; x_wconf 82' lang='lat' dir='ltr'><strong>apostolorum</strong></span> <span class='ocrx_word' id='word_1_60' title='bbox 753 1119 946 1190; x_wconf 85' lang='lat' dir='ltr'><strong>nequit</strong></span> <span class='ocrx_word' id='word_1_61' title='bbox 998 1119 1167 1174; x_wconf 80' lang='lat' dir='ltr'><strong>certis</strong></span> <span class='ocrx_word' id='word_1_62' title='bbox 1231 1117 1494 1189; x_wconf 82' lang='lat' dir='ltr'><strong>assignari</strong></span> <span class='ocrx_word' id='word_1_63' title='bbox 1543 1114 1905 1187; x_wconf 69' lang='lat' dir='ltr'><strong>argumentis.</strong></span> 
     </span>
    </p>
   </div>
   <div class='ocr_carea' id='block_1_12' title="bbox 323 1205 1906 1284">
    <p class='ocr_par' dir='ltr' id='par_1_12' title="bbox 323 1205 1906 1284">
     <span class='ocr_line' id='line_1_12' title="bbox 323 1205 1906 1284; baseline -0.004 -17"><span class='ocrx_word' id='word_1_64' title='bbox 323 1215 481 1284; x_wconf 91' lang='lat' dir='ltr'><strong>Apud</strong></span> <span class='ocrx_word' id='word_1_65' title='bbox 522 1228 625 1269; x_wconf 88' lang='lat' dir='ltr'><strong>nos</strong></span> <span class='ocrx_word' id='word_1_66' title='bbox 651 1213 719 1268; x_wconf 87' lang='lat' dir='ltr'><strong>ad</strong></span> <span class='ocrx_word' id='word_1_67' title='bbox 748 1205 838 1267; x_wconf 69' lang='grc'><strong>⁵15</strong></span> <span class='ocrx_word' id='word_1_68' title='bbox 894 1211 1022 1266; x_wconf 79' lang='lat' dir='ltr'><strong>Julii</strong></span> <span class='ocrx_word' id='word_1_69' title='bbox 1087 1211 1155 1266; x_wconf 88' lang='lat' dir='ltr'><strong>de</strong></span> <span class='ocrx_word' id='word_1_70' title='bbox 1203 1211 1470 1267; x_wconf 74' lang='lat' dir='ltr'><strong>divisione</strong></span> <span class='ocrx_word' id='word_1_71' title='bbox 1532 1208 1906 1280; x_wconf 85' lang='lat' dir='ltr'><strong>apostolorum</strong></span> 
     </span>
    </p>
   </div>
   <div class='ocr_carea' id='block_1_13' title="bbox 324 1300 1908 1373">
    <p class='ocr_par' dir='ltr' id='par_1_13' title="bbox 324 1300 1908 1373">
     <span class='ocr_line' id='line_1_13' title="bbox 324 1300 1908 1373; baseline -0.003 -16"><span class='ocrx_word' id='word_1_72' title='bbox 324 1314 511 1359; x_wconf 89' lang='lat' dir='ltr'><strong>actum</strong></span> <span class='ocrx_word' id='word_1_73' title='bbox 538 1312 647 1368; x_wconf 75' lang='lat' dir='ltr'><strong>est,</strong></span> <span class='ocrx_word' id='word_1_74' title='bbox 686 1302 873 1373; x_wconf 84' lang='lat' dir='ltr'><strong>ibique</strong></span> <span class='ocrx_word' id='word_1_75' title='bbox 899 1318 963 1357; x_wconf 91' lang='lat' dir='ltr'><strong>ea</strong></span> <span class='ocrx_word' id='word_1_76' title='bbox 1003 1302 1108 1357; x_wconf 76' lang='lat' dir='ltr'><strong>lixa</strong></span> <span class='ocrx_word' id='word_1_77' title='bbox 1155 1317 1303 1357; x_wconf 90' lang='lat' dir='ltr'><strong>anno</strong></span> <span class='ocrx_word' id='word_1_78' title='bbox 1336 1314 1461 1357; x_wconf 68' lang='lat' dir='ltr'><strong>term</strong></span> <span class='ocrx_word' id='word_1_79' title='bbox 1493 1300 1739 1370; x_wconf 76' lang='lat' dir='ltr'><strong>vulgaris</strong></span> <span class='ocrx_word' id='word_1_80' title='bbox 1771 1316 1908 1370; x_wconf 87' lang='lat' dir='ltr'><strong>qua-</strong></span> 
     </span>
    </p>
   </div>
   <div class='ocr_carea' id='block_1_14' title="bbox 324 1392 1909 1466">
    <p class='ocr_par' dir='ltr' id='par_1_14' title="bbox 324 1392 1909 1466">
     <span class='ocr_line' id='line_1_14' title="bbox 324 1392 1909 1466; baseline -0.003 -14"><span class='ocrx_word' id='word_1_81' title='bbox 324 1396 642 1466; x_wconf 70' lang='lat' dir='ltr'><strong>dragesimo</strong></span> <span class='ocrx_word' id='word_1_82' title='bbox 721 1394 1024 1451; x_wconf 76' lang='lat' dir='ltr'><strong>secundum</strong></span> <span class='ocrx_word' id='word_1_83' title='bbox 1113 1395 1496 1450; x_wconf 83' lang='lat' dir='ltr'><strong>cbronotaxim</strong></span> <span class='ocrx_word' id='word_1_84' title='bbox 1577 1392 1909 1448; x_wconf 80' lang='lat' dir='ltr'><strong>llensclienii</strong></span> 
     </span>
    </p>
   </div>
   <div class='ocr_carea' id='block_1_15' title="bbox 324 1484 1908 1556">
    <p class='ocr_par' dir='ltr' id='par_1_15' title="bbox 324 1484 1908 1556">
     <span class='ocr_line' id='line_1_15' title="bbox 324 1484 1908 1556; baseline -0.003 -15"><span class='ocrx_word' id='word_1_85' title='bbox 324 1487 521 1551; x_wconf 83' lang='lat' dir='ltr'><strong>nostri,</strong></span> <span class='ocrx_word' id='word_1_86' title='bbox 559 1502 666 1556; x_wconf 85' lang='lat' dir='ltr'><strong>qua</strong></span> <span class='ocrx_word' id='word_1_87' title='bbox 699 1486 902 1542; x_wconf 84' lang='lat' dir='ltr'><strong>Christi</strong></span> <span class='ocrx_word' id='word_1_88' title='bbox 938 1484 1153 1540; x_wconf 80' lang='lat' dir='ltr'><strong>Domini</strong></span> <span class='ocrx_word' id='word_1_89' title='bbox 1181 1484 1366 1541; x_wconf 83' lang='lat' dir='ltr'><strong>obitus</strong></span> <span class='ocrx_word' id='word_1_90' title='bbox 1403 1485 1587 1555; x_wconf 77' lang='lat' dir='ltr'><strong>figitur</strong></span> <span class='ocrx_word' id='word_1_91' title='bbox 1625 1488 1730 1539; x_wconf 84' lang='lat' dir='ltr'><strong>sub</strong></span> <span class='ocrx_word' id='word_1_92' title='bbox 1771 1499 1908 1539; x_wconf 57' lang='lat' dir='ltr'><strong>cons</strong></span> 
     </span>
    </p>
   </div>
   <div class='ocr_carea' id='block_1_16' title="bbox 322 1575 1911 1642">
    <p class='ocr_par' dir='ltr' id='par_1_16' title="bbox 322 1575 1911 1642">
     <span class='ocr_line' id='line_1_16' title="bbox 322 1575 1911 1642; baseline -0.002 -10"><span class='ocrx_word' id='word_1_93' title='bbox 322 1581 505 1632; x_wconf 87' lang='lat' dir='ltr'><strong>sulatu</strong></span> <span class='ocrx_word' id='word_1_94' title='bbox 553 1578 787 1632; x_wconf 86' lang='lat' dir='ltr'><strong>duorum</strong></span> <span class='ocrx_word' id='word_1_95' title='bbox 845 1576 1227 1642; x_wconf 89' lang='lat' dir='ltr'><strong>Geminorum,</strong></span> <span class='ocrx_word' id='word_1_96' title='bbox 1300 1576 1416 1632; x_wconf 83' lang='lat' dir='ltr'><strong>sive</strong></span> <span class='ocrx_word' id='word_1_97' title='bbox 1467 1592 1613 1632; x_wconf 86' lang='lat' dir='ltr'><strong>anno</strong></span> <span class='ocrx_word' id='word_1_98' title='bbox 1662 1575 1734 1631; x_wconf 71' lang='lat'><strong>29</strong></span> <span class='ocrx_word' id='word_1_99' title='bbox 1788 1591 1911 1631; x_wconf 62' lang='lat' dir='ltr'><strong>atrae</strong></span> 
     </span>
    </p>
   </div>
   <div class='ocr_carea' id='block_1_17' title="bbox 323 1668 1906 1741">
    <p class='ocr_par' dir='ltr' id='par_1_17' title="bbox 323 1668 1906 1741">
     <span class='ocr_line' id='line_1_17' title="bbox 323 1668 1906 1741; baseline 0 -19"><span class='ocrx_word' id='word_1_100' title='bbox 323 1669 584 1741; x_wconf 75' lang='lat' dir='ltr'><strong>vulgaris,</strong></span> <span class='ocrx_word' id='word_1_101' title='bbox 604 1669 680 1724; x_wconf 89' lang='lat' dir='ltr'><strong>ita</strong></span> <span class='ocrx_word' id='word_1_102' title='bbox 704 1678 763 1724; x_wconf 91' lang='lat' dir='ltr'><strong>ut</strong></span> <span class='ocrx_word' id='word_1_103' title='bbox 787 1670 1119 1724; x_wconf 79' lang='lat' dir='ltr'><strong>duodecimo</strong></span> <span class='ocrx_word' id='word_1_104' title='bbox 1132 1668 1478 1740; x_wconf 85' lang='lat' dir='ltr'><strong>postGhristi</strong></span> <span class='ocrx_word' id='word_1_105' title='bbox 1500 1668 1906 1723; x_wconf 89' lang='lat' dir='ltr'><strong>Ascensionem</strong></span> 
     </span>
    </p>
   </div>
   <div class='ocr_carea' id='block_1_18' title="bbox 322 1756 1911 1830">
    <p class='ocr_par' dir='ltr' id='par_1_18' title="bbox 322 1756 1911 1830">
     <span class='ocr_line' id='line_1_18' title="bbox 322 1756 1911 1830; baseline -0.003 -15"><span class='ocrx_word' id='word_1_106' title='bbox 322 1776 471 1816; x_wconf 80' lang='lat' dir='ltr'><strong>anno</strong></span> <span class='ocrx_word' id='word_1_107' title='bbox 511 1768 747 1830; x_wconf 85' lang='lat' dir='ltr'><strong>ponatur</strong></span> <span class='ocrx_word' id='word_1_108' title='bbox 769 1761 1145 1830; x_wconf 85' lang='lat' dir='ltr'><strong>apostolorum</strong></span> <span class='ocrx_word' id='word_1_109' title='bbox 1180 1758 1403 1815; x_wconf 84' lang='lat' dir='ltr'><strong>divisio.</strong></span> <span class='ocrx_word' id='word_1_110' title='bbox 1438 1756 1622 1813; x_wconf 84' lang='lat' dir='ltr'><strong>Videri</strong></span> <span class='ocrx_word' id='word_1_111' title='bbox 1651 1767 1911 1827; x_wconf 89' lang='lat' dir='ltr'><strong>poterunt</strong></span> 
     </span>
    </p>
   </div>
   <div class='ocr_carea' id='block_1_19' title="bbox 331 1849 1915 1922">
    <p class='ocr_par' dir='ltr' id='par_1_19' title="bbox 331 1849 1915 1922">
     <span class='ocr_line' id='line_1_19' title="bbox 331 1849 1915 1922; baseline -0.003 -15"><span class='ocrx_word' id='word_1_112' title='bbox 331 1853 475 1908; x_wconf 86' lang='lat' dir='ltr'><strong>dicta</strong></span> <span class='ocrx_word' id='word_1_113' title='bbox 517 1852 587 1907; x_wconf 88' lang='lat' dir='ltr'><strong>de</strong></span> <span class='ocrx_word' id='word_1_114' title='bbox 624 1852 897 1908; x_wconf 71' lang='lat' dir='ltr'><strong>divisione</strong></span> <span class='ocrx_word' id='word_1_115' title='bbox 926 1851 1331 1922; x_wconf 85' lang='lat' dir='ltr'><strong>apostolorum,</strong></span> <span class='ocrx_word' id='word_1_116' title='bbox 1381 1859 1440 1904; x_wconf 91' lang='lat' dir='ltr'><strong>et</strong></span> <span class='ocrx_word' id='word_1_117' title='bbox 1474 1849 1715 1905; x_wconf 88' lang='lat' dir='ltr'><strong>Diatriba</strong></span> <span class='ocrx_word' id='word_1_118' title='bbox 1770 1849 1915 1904; x_wconf 89' lang='lat' dir='ltr'><strong>llen-</strong></span> 
     </span>
    </p>
   </div>
   <div class='ocr_carea' id='block_1_20' title="bbox 329 1941 1918 2013">
    <p class='ocr_par' dir='ltr' id='par_1_20' title="bbox 329 1941 1918 2013">
     <span class='ocr_line' id='line_1_20' title="bbox 329 1941 1918 2013; baseline -0.002 -15"><span class='ocrx_word' id='word_1_119' title='bbox 329 1943 543 2002; x_wconf 84' lang='lat' dir='ltr'><strong>scbenii</strong></span> <span class='ocrx_word' id='word_1_120' title='bbox 573 1952 704 1998; x_wconf 85' lang='lat' dir='ltr'><strong>ante</strong></span> <span class='ocrx_word' id='word_1_121' title='bbox 732 1943 984 1997; x_wconf 88' lang='lat' dir='ltr'><strong>tomuml</strong></span> <span class='ocrx_word' id='word_1_122' title='bbox 1017 1942 1249 2013; x_wconf 80' lang='lat' dir='ltr'><strong>Aprilis;</strong></span> <span class='ocrx_word' id='word_1_123' title='bbox 1282 1955 1463 2011; x_wconf 90' lang='lat' dir='ltr'><strong>neque</strong></span> <span class='ocrx_word' id='word_1_124' title='bbox 1484 1941 1632 1995; x_wconf 89' lang='lat' dir='ltr'><strong>enim</strong></span> <span class='ocrx_word' id='word_1_125' title='bbox 1657 1941 1746 1995; x_wconf 87' lang='lat' dir='ltr'><strong>hic</strong></span> <span class='ocrx_word' id='word_1_126' title='bbox 1761 1942 1918 1996; x_wconf 84' lang='lat' dir='ltr'><strong>locus</strong></span> 
     </span>
    </p>
   </div>
   <div class='ocr_carea' id='block_1_21' title="bbox 324 2031 1916 2105">
    <p class='ocr_par' dir='ltr' id='par_1_21' title="bbox 324 2031 1916 2105">
     <span class='ocr_line' id='line_1_21' title="bbox 324 2031 1916 2105; baseline -0.004 -14"><span class='ocrx_word' id='word_1_127' title='bbox 324 2037 517 2103; x_wconf 70' lang='lat' dir='ltr'><strong>exigit,</strong></span> <span class='ocrx_word' id='word_1_128' title='bbox 556 2045 619 2091; x_wconf 88' lang='lat' dir='ltr'><strong>ut</strong></span> <span class='ocrx_word' id='word_1_129' title='bbox 640 2044 888 2105; x_wconf 89' lang='lat' dir='ltr'><strong>repetam</strong></span> <span class='ocrx_word' id='word_1_130' title='bbox 914 2034 1043 2089; x_wconf 85' lang='lat' dir='ltr'><strong>alibi</strong></span> <span class='ocrx_word' id='word_1_131' title='bbox 1072 2035 1372 2103; x_wconf 82' lang='lat' dir='ltr'><strong>disputata.</strong></span> <span class='ocrx_word' id='word_1_132' title='bbox 1399 2033 1612 2088; x_wconf 73' lang='lat' dir='ltr'><strong>Dixisse</strong></span> <span class='ocrx_word' id='word_1_133' title='bbox 1654 2031 1916 2098; x_wconf 84' lang='lat' dir='ltr'><strong>sulIiciat,</strong></span> 
     </span>
    </p>
   </div>
   <div class='ocr_carea' id='block_1_22' title="bbox 326 2124 1921 2198">
    <p class='ocr_par' dir='ltr' id='par_1_22' title="bbox 326 2124 1921 2198">
     <span class='ocr_line' id='line_1_22' title="bbox 326 2124 1921 2198; baseline -0.004 -14"><span class='ocrx_word' id='word_1_134' title='bbox 326 2130 478 2184; x_wconf 88' lang='lat' dir='ltr'><strong>circa</strong></span> <span class='ocrx_word' id='word_1_135' title='bbox 548 2129 694 2183; x_wconf 87' lang='lat' dir='ltr'><strong>idem</strong></span> <span class='ocrx_word' id='word_1_136' title='bbox 755 2138 974 2198; x_wconf 84' lang='lat' dir='ltr'><strong>tempus</strong></span> <span class='ocrx_word' id='word_1_137' title='bbox 1023 2143 1053 2183; x_wconf 90' lang='lat' dir='ltr'><strong>a</strong></span> <span class='ocrx_word' id='word_1_138' title='bbox 1105 2127 1360 2183; x_wconf 77' lang='lat' dir='ltr'><strong>Mattbaeo</strong></span> <span class='ocrx_word' id='word_1_139' title='bbox 1417 2126 1684 2196; x_wconf 83' lang='lat' dir='ltr'><strong>scriptum</strong></span> <span class='ocrx_word' id='word_1_140' title='bbox 1747 2124 1921 2179; x_wconf 77' lang='lat' dir='ltr'><strong>fuisse</strong></span> 
     </span>
    </p>
   </div>
   <div class='ocr_carea' id='block_1_23' title="bbox 333 2214 1918 2291">
    <p class='ocr_par' dir='ltr' id='par_1_23' title="bbox 333 2214 1918 2291">
     <span class='ocr_line' id='line_1_23' title="bbox 333 2214 1918 2291; baseline -0.006 -15"><span class='ocrx_word' id='word_1_141' title='bbox 333 2220 717 2291; x_wconf 80' lang='lat' dir='ltr'><strong>Evangelium,</strong></span> <span class='ocrx_word' id='word_1_142' title='bbox 765 2227 861 2273; x_wconf 86' lang='lat' dir='ltr'><strong>aut</strong></span> <span class='ocrx_word' id='word_1_143' title='bbox 915 2219 1082 2290; x_wconf 90' lang='lat' dir='ltr'><strong>paulo</strong></span> <span class='ocrx_word' id='word_1_144' title='bbox 1109 2229 1258 2284; x_wconf 82' lang='lat' dir='ltr'><strong>ante,</strong></span> <span class='ocrx_word' id='word_1_145' title='bbox 1308 2217 1630 2289; x_wconf 81' lang='lat' dir='ltr'><strong>priusquam</strong></span> <span class='ocrx_word' id='word_1_146' title='bbox 1684 2214 1918 2285; x_wconf 81' lang='lat' dir='ltr'><strong>separati</strong></span> 
     </span>
    </p>
   </div>
   <div class='ocr_carea' id='block_1_24' title="bbox 328 2313 784 2383">
    <p class='ocr_par' dir='ltr' id='par_1_24' title="bbox 328 2313 784 2383">
     <span class='ocr_line' id='line_1_24' title="bbox 328 2313 784 2383; baseline -0.007 -15"><span class='ocrx_word' id='word_1_147' title='bbox 328 2324 488 2369; x_wconf 85' lang='lat' dir='ltr'><strong>erant</strong></span> <span class='ocrx_word' id='word_1_148' title='bbox 530 2313 784 2383; x_wconf 80' lang='lat' dir='ltr'><strong>apostoli.</strong></span> 
     </span>
    </p>
   </div>
   <div class='ocr_carea' id='block_1_25' title="bbox 396 2399 1925 2473">
    <p class='ocr_par' dir='ltr' id='par_1_25' title="bbox 396 2399 1925 2473">
     <span class='ocr_line' id='line_1_25' title="bbox 396 2399 1925 2473; baseline -0.005 -13"><span class='ocrx_word' id='word_1_149' title='bbox 396 2406 492 2460; x_wconf 66' lang='grc'><strong>44.</strong></span> <span class='ocrx_word' id='word_1_150' title='bbox 533 2406 705 2460; x_wconf 85' lang='lat' dir='ltr'><strong>Porro</strong></span> <span class='ocrx_word' id='word_1_151' title='bbox 735 2405 1002 2459; x_wconf 87' lang='lat' dir='ltr'><strong>incertum</strong></span> <span class='ocrx_word' id='word_1_152' title='bbox 1029 2418 1183 2473; x_wconf 81' lang='lat' dir='ltr'><strong>aeque</strong></span> <span class='ocrx_word' id='word_1_153' title='bbox 1213 2411 1318 2465; x_wconf 88' lang='lat' dir='ltr'><strong>est,</strong></span> <span class='ocrx_word' id='word_1_154' title='bbox 1362 2402 1486 2472; x_wconf 83' lang='lat' dir='ltr'><strong>quis</strong></span> <span class='ocrx_word' id='word_1_155' title='bbox 1516 2401 1728 2472; x_wconf 86' lang='lat' dir='ltr'><strong>primus</strong></span> <span class='ocrx_word' id='word_1_156' title='bbox 1750 2399 1925 2455; x_wconf 78' lang='lat' dir='ltr'><strong>fuerit</strong></span> 
     </span>
    </p>
   </div>
   <div class='ocr_carea' id='block_1_26' title="bbox 332 2495 1919 2569">
    <p class='ocr_par' dir='ltr' id='par_1_26' title="bbox 332 2495 1919 2569">
     <span class='ocr_line' id='line_1_26' title="bbox 332 2495 1919 2569; baseline -0.005 -15"><span class='ocrx_word' id='word_1_157' title='bbox 332 2498 609 2568; x_wconf 82' lang='lat' dir='ltr'><strong>interpres</strong></span> <span class='ocrx_word' id='word_1_158' title='bbox 640 2499 863 2554; x_wconf 83' lang='lat' dir='ltr'><strong>Graecus</strong></span> <span class='ocrx_word' id='word_1_159' title='bbox 902 2498 1183 2569; x_wconf 75' lang='lat' dir='ltr'><strong>Evangelii</strong></span> <span class='ocrx_word' id='word_1_160' title='bbox 1217 2497 1527 2552; x_wconf 87' lang='lat' dir='ltr'><strong>secundum</strong></span> <span class='ocrx_word' id='word_1_161' title='bbox 1574 2495 1919 2551; x_wconf 69' lang='lat' dir='ltr'><strong>Mattbazum.</strong></span> 
     </span>
    </p>
   </div>
   <div class='ocr_carea' id='block_1_27' title="bbox 334 2587 1924 2663">
    <p class='ocr_par' dir='ltr' id='par_1_27' title="bbox 334 2587 1924 2663">
     <span class='ocr_line' id='line_1_27' title="bbox 334 2587 1924 2663; baseline -0.003 -17"><span class='ocrx_word' id='word_1_162' title='bbox 334 2591 392 2646; x_wconf 84' lang='lat' dir='ltr'><strong>lu</strong></span> <span class='ocrx_word' id='word_1_163' title='bbox 419 2592 653 2663; x_wconf 85' lang='lat' dir='ltr'><strong>Synopsi</strong></span> <span class='ocrx_word' id='word_1_164' title='bbox 688 2591 1364 2663; x_wconf 79' lang='lat' dir='ltr'><strong>sanctoAtbanasiovulgo</strong></span> <span class='ocrx_word' id='word_1_165' title='bbox 1393 2589 1682 2654; x_wconf 87' lang='lat' dir='ltr'><strong>attributa,</strong></span> <span class='ocrx_word' id='word_1_166' title='bbox 1719 2598 1853 2643; x_wconf 91' lang='lat' dir='ltr'><strong>tom.</strong></span> <span class='ocrx_word' id='word_1_167' title='bbox 1879 2587 1924 2642; x_wconf 86' lang='lat' dir='ltr'><strong>ll</strong></span> 
     </span>
    </p>
   </div>
   <div class='ocr_carea' id='block_1_28' title="bbox 336 2680 1924 2754">
    <p class='ocr_par' dir='ltr' id='par_1_28' title="bbox 336 2680 1924 2754">
     <span class='ocr_line' id='line_1_28' title="bbox 336 2680 1924 2754; baseline -0.004 -14"><span class='ocrx_word' id='word_1_168' title='bbox 336 2681 578 2754; x_wconf 74' lang='lat' dir='ltr'><strong>Operam</strong></span> <span class='ocrx_word' id='word_1_169' title='bbox 639 2684 816 2739; x_wconf 87' lang='lat' dir='ltr'><strong>sancti</strong></span> <span class='ocrx_word' id='word_1_170' title='bbox 869 2682 1155 2738; x_wconf 79' lang='lat' dir='ltr'><strong>Athanasii</strong></span> <span class='ocrx_word' id='word_1_171' title='bbox 1220 2681 1478 2737; x_wconf 75' lang='lat' dir='ltr'><strong>editionis</strong></span> <span class='ocrx_word' id='word_1_172' title='bbox 1524 2680 1924 2745; x_wconf 85' lang='lat' dir='ltr'><strong>Montfauconi,</strong></span> 
     </span>
    </p>
   </div>
   <div class='ocr_carea' id='block_1_29' title="bbox 332 2772 1924 2848">
    <p class='ocr_par' dir='ltr' id='par_1_29' title="bbox 332 2772 1924 2848">
     <span class='ocr_line' id='line_1_29' title="bbox 332 2772 1924 2848; baseline -0.001 -19"><span class='ocrx_word' id='word_1_173' title='bbox 332 2791 462 2848; x_wconf 82' lang='lat' dir='ltr'><strong>pag.</strong></span> <span class='ocrx_word' id='word_1_174' title='bbox 522 2774 633 2830; x_wconf 71' lang='lat'><strong>202</strong></span> <span class='ocrx_word' id='word_1_175' title='bbox 658 2775 775 2831; x_wconf 77' lang='lat' dir='ltr'><strong>haec</strong></span> <span class='ocrx_word' id='word_1_176' title='bbox 830 2775 1131 2843; x_wconf 79' lang='lat' dir='ltr'><strong>leguntur:</strong></span> <span class='ocrx_word' id='word_1_177' title='bbox 1172 2793 1190 2826; x_wconf 77' lang='grc' dir='ltr'><strong>ι</strong></span> <span class='ocrx_word' id='word_1_178' title='bbox 1229 2772 1588 2845; x_wconf 86' lang='lat' dir='ltr'><strong>Evangelium</strong></span> <span class='ocrx_word' id='word_1_179' title='bbox 1623 2773 1924 2829; x_wconf 86' lang='lat' dir='ltr'><strong>secundum</strong></span> 
     </span>
    </p>
   </div>
   <div class='ocr_carea' id='block_1_30' title="bbox 336 2865 1923 2938">
    <p class='ocr_par' dir='ltr' id='par_1_30' title="bbox 336 2865 1923 2938">
     <span class='ocr_line' id='line_1_30' title="bbox 336 2865 1923 2938; baseline -0.004 -15"><span class='ocrx_word' id='word_1_180' title='bbox 336 2867 654 2923; x_wconf 66' lang='lat' dir='ltr'><strong>ﬂattbreum</strong></span> <span class='ocrx_word' id='word_1_181' title='bbox 678 2868 748 2923; x_wconf 82' lang='lat' dir='ltr'><strong>ab</strong></span> <span class='ocrx_word' id='word_1_182' title='bbox 780 2867 897 2938; x_wconf 85' lang='lat' dir='ltr'><strong>ipso</strong></span> <span class='ocrx_word' id='word_1_183' title='bbox 935 2867 1189 2922; x_wconf 83' lang='lat' dir='ltr'><strong>Mattbaeo</strong></span> <span class='ocrx_word' id='word_1_184' title='bbox 1217 2865 1491 2921; x_wconf 78' lang='lat' dir='ltr'><strong>liebraico</strong></span> <span class='ocrx_word' id='word_1_185' title='bbox 1528 2865 1763 2920; x_wconf 90' lang='lat' dir='ltr'><strong>dialecto</strong></span> <span class='ocrx_word' id='word_1_186' title='bbox 1792 2880 1923 2919; x_wconf 84' lang='lat' dir='ltr'><strong>con-</strong></span> 
     </span>
    </p>
   </div>
   <div class='ocr_carea' id='block_1_31' title="bbox 335 2957 1928 3031">
    <p class='ocr_par' dir='ltr' id='par_1_31' title="bbox 335 2957 1928 3031">
     <span class='ocr_line' id='line_1_31' title="bbox 335 2957 1928 3031; baseline -0.003 -15"><span class='ocrx_word' id='word_1_187' title='bbox 335 2961 601 3031; x_wconf 82' lang='lat' dir='ltr'><strong>scriptum</strong></span> <span class='ocrx_word' id='word_1_188' title='bbox 620 2967 727 3026; x_wconf 85' lang='lat' dir='ltr'><strong>est,</strong></span> <span class='ocrx_word' id='word_1_189' title='bbox 762 2968 819 3015; x_wconf 92' lang='lat' dir='ltr'><strong>et</strong></span> <span class='ocrx_word' id='word_1_190' title='bbox 857 2960 1065 3016; x_wconf 88' lang='lat' dir='ltr'><strong>editum</strong></span> <span class='ocrx_word' id='word_1_191' title='bbox 1128 2958 1545 3031; x_wconf 78' lang='lat' dir='ltr'><strong>Hierosolymis,</strong></span> <span class='ocrx_word' id='word_1_192' title='bbox 1600 2957 1928 3028; x_wconf 65' lang='lat' dir='ltr'><strong>interpretar-</strong></span> 
     </span>
    </p>
   </div>
   <div class='ocr_carea' id='block_1_32' title="bbox 336 3051 1924 3124">
    <p class='ocr_par' dir='ltr' id='par_1_32' title="bbox 336 3051 1924 3124">
     <span class='ocr_line' id='line_1_32' title="bbox 336 3051 1924 3124; baseline -0.004 -14"><span class='ocrx_word' id='word_1_193' title='bbox 336 3062 569 3124; x_wconf 88' lang='lat' dir='ltr'><strong>tumque</strong></span> <span class='ocrx_word' id='word_1_194' title='bbox 639 3064 726 3109; x_wconf 87' lang='lat' dir='ltr'><strong>est</strong></span> <span class='ocrx_word' id='word_1_195' title='bbox 784 3068 817 3108; x_wconf 89' lang='lat' dir='ltr'><strong>a</strong></span> <span class='ocrx_word' id='word_1_196' title='bbox 876 3053 1083 3109; x_wconf 84' lang='lat' dir='ltr'><strong>Jacobo</strong></span> <span class='ocrx_word' id='word_1_197' title='bbox 1135 3053 1304 3108; x_wconf 80' lang='lat' dir='ltr'><strong>fratre</strong></span> <span class='ocrx_word' id='word_1_198' title='bbox 1356 3051 1571 3107; x_wconf 88' lang='lat' dir='ltr'><strong>Domini</strong></span> <span class='ocrx_word' id='word_1_199' title='bbox 1624 3051 1924 3106; x_wconf 87' lang='lat' dir='ltr'><strong>secundum</strong></span> 
     </span>
    </p>
   </div>
   <div class='ocr_carea' id='block_1_33' title="bbox 2011 558 3594 626">
    <p class='ocr_par' dir='ltr' id='par_1_33' title="bbox 2011 558 3594 626">
     <span class='ocr_line' id='line_1_33' title="bbox 2011 558 3594 626; baseline 0.002 -13"><span class='ocrx_word' id='word_1_200' title='bbox 2011 560 2199 626; x_wconf 81' lang='lat' dir='ltr'><strong>Paulo,</strong></span> <span class='ocrx_word' id='word_1_201' title='bbox 2241 568 2555 617; x_wconf 85' lang='lat' dir='ltr'><strong>autsancto</strong></span> <span class='ocrx_word' id='word_1_202' title='bbox 2589 558 2872 624; x_wconf 68' lang='lat' dir='ltr'><strong>Barnabtr,</strong></span> <span class='ocrx_word' id='word_1_203' title='bbox 2915 568 3010 615; x_wconf 89' lang='lat' dir='ltr'><strong>aut</strong></span> <span class='ocrx_word' id='word_1_204' title='bbox 3061 569 3253 616; x_wconf 89' lang='lat' dir='ltr'><strong>sancto</strong></span> <span class='ocrx_word' id='word_1_205' title='bbox 3282 560 3468 626; x_wconf 78' lang='lat' dir='ltr'><strong>Lucae,</strong></span> <span class='ocrx_word' id='word_1_206' title='bbox 3498 570 3594 616; x_wconf 89' lang='lat' dir='ltr'><strong>aut</strong></span> 
     </span>
    </p>
   </div>
   <div class='ocr_carea' id='block_1_34' title="bbox 2009 650 3594 720">
    <p class='ocr_par' dir='ltr' id='par_1_34' title="bbox 2009 650 3594 720">
     <span class='ocr_line' id='line_1_34' title="bbox 2009 650 3594 720; baseline 0.003 -16"><span class='ocrx_word' id='word_1_207' title='bbox 2009 651 2113 720; x_wconf 88' lang='lat' dir='ltr'><strong>ipsi</strong></span> <span class='ocrx_word' id='word_1_208' title='bbox 2139 650 2397 707; x_wconf 77' lang='lat' dir='ltr'><strong>Matthzeo</strong></span> <span class='ocrx_word' id='word_1_209' title='bbox 2415 654 2730 708; x_wconf 75' lang='lat' dir='ltr'><strong>versionem</strong></span> <span class='ocrx_word' id='word_1_210' title='bbox 2760 652 3006 708; x_wconf 69' lang='lat' dir='ltr'><strong>Grmcam</strong></span> <span class='ocrx_word' id='word_1_211' title='bbox 3032 652 3431 717; x_wconf 86' lang='lat' dir='ltr'><strong>attribuerunt,</strong></span> <span class='ocrx_word' id='word_1_212' title='bbox 3455 661 3594 709; x_wconf 90' lang='lat' dir='ltr'><strong>teste</strong></span> 
     </span>
    </p>
   </div>
   <div class='ocr_carea' id='block_1_35' title="bbox 2009 742 3594 816">
    <p class='ocr_par' dir='ltr' id='par_1_35' title="bbox 2009 742 3594 816">
     <span class='ocr_line' id='line_1_35' title="bbox 2009 742 3594 816; baseline 0.003 -21"><span class='ocrx_word' id='word_1_213' title='bbox 2009 743 2256 797; x_wconf 80' lang='lat' dir='ltr'><strong>Calmeto</strong></span> <span class='ocrx_word' id='word_1_214' title='bbox 2305 743 2360 797; x_wconf 93' lang='lat' dir='ltr'><strong>in</strong></span> <span class='ocrx_word' id='word_1_215' title='bbox 2430 742 2752 813; x_wconf 74' lang='lat' dir='ltr'><strong>praefatione</strong></span> <span class='ocrx_word' id='word_1_216' title='bbox 2798 744 2866 798; x_wconf 91' lang='lat' dir='ltr'><strong>ad</strong></span> <span class='ocrx_word' id='word_1_217' title='bbox 2925 743 3263 809; x_wconf 69' lang='lat' dir='ltr'><strong>Malthaaum,</strong></span> <span class='ocrx_word' id='word_1_218' title='bbox 3328 759 3450 816; x_wconf 83' lang='lat' dir='ltr'><strong>pag.</strong></span> <span class='ocrx_word' id='word_1_219' title='bbox 3500 745 3594 800; x_wconf 77' lang='lat'><strong>‘26.</strong></span> 
     </span>
    </p>
   </div>
   <div class='ocr_carea' id='block_1_36' title="bbox 2010 834 3602 908">
    <p class='ocr_par' dir='ltr' id='par_1_36' title="bbox 2010 834 3602 908">
     <span class='ocr_line' id='line_1_36' title="bbox 2010 834 3602 908; baseline 0.002 -18"><span class='ocrx_word' id='word_1_220' title='bbox 2010 835 2145 890; x_wconf 76' lang='lat' dir='ltr'><strong>Nam</strong></span> <span class='ocrx_word' id='word_1_221' title='bbox 2189 842 2383 890; x_wconf 79' lang='lat' dir='ltr'><strong>auctor</strong></span> <span class='ocrx_word' id='word_1_222' title='bbox 2416 834 2709 908; x_wconf 88' lang='lat' dir='ltr'><strong>Synopsis,</strong></span> <span class='ocrx_word' id='word_1_223' title='bbox 2760 835 2862 891; x_wconf 86' lang='lat' dir='ltr'><strong>etsi</strong></span> <span class='ocrx_word' id='word_1_224' title='bbox 2910 835 3051 891; x_wconf 85' lang='lat' dir='ltr'><strong>forte</strong></span> <span class='ocrx_word' id='word_1_225' title='bbox 3081 851 3191 892; x_wconf 91' lang='lat' dir='ltr'><strong>non</strong></span> <span class='ocrx_word' id='word_1_226' title='bbox 3257 838 3329 893; x_wconf 91' lang='lat' dir='ltr'><strong>sit</strong></span> <span class='ocrx_word' id='word_1_227' title='bbox 3360 839 3602 893; x_wconf 80' lang='lat' dir='ltr'><strong>Athana-</strong></span> 
     </span>
    </p>
   </div>
   <div class='ocr_carea' id='block_1_37' title="bbox 2012 926 3601 998">
    <p class='ocr_par' dir='ltr' id='par_1_37' title="bbox 2012 926 3601 998">
     <span class='ocr_line' id='line_1_37' title="bbox 2012 926 3601 998; baseline 0.002 -20"><span class='ocrx_word' id='word_1_228' title='bbox 2012 926 2151 989; x_wconf 87' lang='lat' dir='ltr'><strong>sius,</strong></span> <span class='ocrx_word' id='word_1_229' title='bbox 2190 926 2384 981; x_wconf 80' lang='lat' dir='ltr'><strong>saltem</strong></span> <span class='ocrx_word' id='word_1_230' title='bbox 2448 926 2697 981; x_wconf 87' lang='lat' dir='ltr'><strong>eruditus</strong></span> <span class='ocrx_word' id='word_1_231' title='bbox 2754 927 3050 981; x_wconf 71' lang='lat' dir='ltr'><strong>admodum</strong></span> <span class='ocrx_word' id='word_1_232' title='bbox 3083 926 3206 991; x_wconf 87' lang='lat' dir='ltr'><strong>fuit,</strong></span> <span class='ocrx_word' id='word_1_233' title='bbox 3232 938 3287 982; x_wconf 87' lang='lat' dir='ltr'><strong>et</strong></span> <span class='ocrx_word' id='word_1_234' title='bbox 3318 929 3601 998; x_wconf 89' lang='lat' dir='ltr'><strong>antiquior</strong></span> 
     </span>
    </p>
   </div>
   <div class='ocr_carea' id='block_1_38' title="bbox 2004 1014 3599 1087">
    <p class='ocr_par' dir='ltr' id='par_1_38' title="bbox 2004 1014 3599 1087">
     <span class='ocr_line' id='line_1_38' title="bbox 2004 1014 3599 1087; baseline -0.001 -17"><span class='ocrx_word' id='word_1_235' title='bbox 2004 1015 2234 1070; x_wconf 79' lang='lat' dir='ltr'><strong>videtur</strong></span> <span class='ocrx_word' id='word_1_236' title='bbox 2290 1014 2520 1070; x_wconf 89' lang='lat' dir='ltr'><strong>aliarum</strong></span> <span class='ocrx_word' id='word_1_237' title='bbox 2578 1017 2976 1071; x_wconf 83' lang='lat' dir='ltr'><strong>sententiarum</strong></span> <span class='ocrx_word' id='word_1_238' title='bbox 3048 1018 3321 1087; x_wconf 81' lang='lat' dir='ltr'><strong>patronis.</strong></span> <span class='ocrx_word' id='word_1_239' title='bbox 3376 1018 3599 1081; x_wconf 66' lang='lat' dir='ltr'><strong>Verum,</strong></span> 
     </span>
    </p>
   </div>
   <div class='ocr_carea' id='block_1_39' title="bbox 2008 1105 3600 1176">
    <p class='ocr_par' dir='ltr' id='par_1_39' title="bbox 2008 1105 3600 1176">
     <span class='ocr_line' id='line_1_39' title="bbox 2008 1105 3600 1176; baseline 0.003 -17"><span class='ocrx_word' id='word_1_240' title='bbox 2008 1107 2262 1176; x_wconf 80' lang='lat' dir='ltr'><strong>quisquis</strong></span> <span class='ocrx_word' id='word_1_241' title='bbox 2291 1105 2461 1160; x_wconf 89' lang='lat' dir='ltr'><strong>fuerit</strong></span> <span class='ocrx_word' id='word_1_242' title='bbox 2508 1105 2803 1176; x_wconf 86' lang='lat' dir='ltr'><strong>interpres,</strong></span> <span class='ocrx_word' id='word_1_243' title='bbox 2851 1116 3063 1162; x_wconf 85' lang='lat' dir='ltr'><strong>certum</strong></span> <span class='ocrx_word' id='word_1_244' title='bbox 3128 1108 3369 1175; x_wconf 78' lang='lat' dir='ltr'><strong>videtur,</strong></span> <span class='ocrx_word' id='word_1_245' title='bbox 3425 1109 3600 1164; x_wconf 89' lang='lat' dir='ltr'><strong>inter-</strong></span> 
     </span>
    </p>
   </div>
   <div class='ocr_carea' id='block_1_40' title="bbox 2014 1196 3602 1273">
    <p class='ocr_par' dir='ltr' id='par_1_40' title="bbox 2014 1196 3602 1273">
     <span class='ocr_line' id='line_1_40' title="bbox 2014 1196 3602 1273; baseline 0.005 -23"><span class='ocrx_word' id='word_1_246' title='bbox 2014 1200 2379 1268; x_wconf 74' lang='lat' dir='ltr'><strong>pretationem</strong></span> <span class='ocrx_word' id='word_1_247' title='bbox 2422 1196 2668 1254; x_wconf 79' lang='lat' dir='ltr'><strong>Graecam</strong></span> <span class='ocrx_word' id='word_1_248' title='bbox 2727 1201 3102 1269; x_wconf 71' lang='lat' dir='ltr'><strong>ap0stolorum</strong></span> <span class='ocrx_word' id='word_1_249' title='bbox 3168 1211 3417 1273; x_wconf 89' lang='lat' dir='ltr'><strong>tempore</strong></span> <span class='ocrx_word' id='word_1_250' title='bbox 3479 1217 3602 1258; x_wconf 90' lang='lat' dir='ltr'><strong>esse</strong></span> 
     </span>
    </p>
   </div>
   <div class='ocr_carea' id='block_1_41' title="bbox 2010 1291 2233 1347">
    <p class='ocr_par' dir='ltr' id='par_1_41' title="bbox 2010 1291 2233 1347">
     <span class='ocr_line' id='line_1_41' title="bbox 2010 1291 2233 1347; baseline 0 -2"><span class='ocrx_word' id='word_1_251' title='bbox 2010 1291 2233 1347; x_wconf 79' lang='lat' dir='ltr'><strong>factum.</strong></span> 
     </span>
    </p>
   </div>
   <div class='ocr_carea' id='block_1_42' title="bbox 2083 1382 3601 1461">
    <p class='ocr_par' dir='ltr' id='par_1_42' title="bbox 2083 1382 3601 1461">
     <span class='ocr_line' id='line_1_42' title="bbox 2083 1382 3601 1461; baseline 0.005 -23"><span class='ocrx_word' id='word_1_252' title='bbox 2083 1382 2174 1439; x_wconf 66' lang='lat' dir='ltr'><strong>«iii.</strong></span> <span class='ocrx_word' id='word_1_253' title='bbox 2210 1383 2538 1442; x_wconf 83' lang='lat' dir='ltr'><strong>Theodorus</strong></span> <span class='ocrx_word' id='word_1_254' title='bbox 2575 1387 2772 1456; x_wconf 84' lang='lat' dir='ltr'><strong>lector,</strong></span> <span class='ocrx_word' id='word_1_255' title='bbox 2797 1390 2895 1445; x_wconf 87' lang='lat' dir='ltr'><strong>lib.</strong></span> <span class='ocrx_word' id='word_1_256' title='bbox 2934 1406 2995 1455; x_wconf 92' lang='grc' dir='ltr'><strong>ιι,</strong></span> <span class='ocrx_word' id='word_1_257' title='bbox 3040 1404 3161 1461; x_wconf 87' lang='lat' dir='ltr'><strong>pag.</strong></span> <span class='ocrx_word' id='word_1_258' title='bbox 3204 1388 3309 1445; x_wconf 80' lang='lat'><strong>557</strong></span> <span class='ocrx_word' id='word_1_259' title='bbox 3342 1388 3601 1445; x_wconf 84' lang='lat' dir='ltr'><strong>editionis</strong></span> 
     </span>
    </p>
   </div>
   <div class='ocr_carea' id='block_1_43' title="bbox 2015 1476 3597 1553">
    <p class='ocr_par' dir='ltr' id='par_1_43' title="bbox 2015 1476 3597 1553">
     <span class='ocr_line' id='line_1_43' title="bbox 2015 1476 3597 1553; baseline 0.004 -22"><span class='ocrx_word' id='word_1_260' title='bbox 2015 1476 2217 1533; x_wconf 84' lang='lat' dir='ltr'><strong>Valcsii</strong></span> <span class='ocrx_word' id='word_1_261' title='bbox 2251 1481 2303 1533; x_wconf 91' lang='lat' dir='ltr'><strong>in</strong></span> <span class='ocrx_word' id='word_1_262' title='bbox 2334 1479 2557 1535; x_wconf 83' lang='lat' dir='ltr'><strong>Zenone</strong></span> <span class='ocrx_word' id='word_1_263' title='bbox 2584 1481 2699 1537; x_wconf 64' lang='lat' dir='ltr'><strong>haec</strong></span> <span class='ocrx_word' id='word_1_264' title='bbox 2745 1483 2936 1538; x_wconf 84' lang='lat' dir='ltr'><strong>scribit</strong></span> <span class='ocrx_word' id='word_1_265' title='bbox 2965 1490 3021 1538; x_wconf 75' lang='grc' dir='ltr'><strong>ει(</strong></span> <span class='ocrx_word' id='word_1_266' title='bbox 3055 1483 3319 1539; x_wconf 79' lang='lat' dir='ltr'><strong>Barnabzn</strong></span> <span class='ocrx_word' id='word_1_267' title='bbox 3361 1483 3597 1553; x_wconf 85' lang='lat' dir='ltr'><strong>apostoli</strong></span> 
     </span>
    </p>
   </div>
   <div class='ocr_carea' id='block_1_44' title="bbox 2014 1572 3599 1648">
    <p class='ocr_par' dir='ltr' id='par_1_44' title="bbox 2014 1572 3599 1648">
     <span class='ocr_line' id='line_1_44' title="bbox 2014 1572 3599 1648; baseline 0.002 -21"><span class='ocrx_word' id='word_1_268' title='bbox 2014 1572 2261 1642; x_wconf 72' lang='lat' dir='ltr'><strong>reliquiae</strong></span> <span class='ocrx_word' id='word_1_269' title='bbox 2290 1572 2342 1627; x_wconf 91' lang='lat' dir='ltr'><strong>in</strong></span> <span class='ocrx_word' id='word_1_270' title='bbox 2364 1573 2547 1645; x_wconf 82' lang='lat' dir='ltr'><strong>Cypro</strong></span> <span class='ocrx_word' id='word_1_271' title='bbox 2575 1577 2680 1631; x_wconf 91' lang='lat' dir='ltr'><strong>sub</strong></span> <span class='ocrx_word' id='word_1_272' title='bbox 2701 1577 2897 1632; x_wconf 88' lang='lat' dir='ltr'><strong>arbore</strong></span> <span class='ocrx_word' id='word_1_273' title='bbox 2930 1577 3128 1646; x_wconf 83' lang='lat' dir='ltr'><strong>siliqua</strong></span> <span class='ocrx_word' id='word_1_274' title='bbox 3190 1587 3422 1648; x_wconf 57' lang='lat' dir='ltr'><strong>reperta</strong></span> <span class='ocrx_word' id='word_1_275' title='bbox 3448 1585 3599 1630; x_wconf 89' lang='lat' dir='ltr'><strong>sunt.</strong></span> 
     </span>
    </p>
   </div>
   <div class='ocr_carea' id='block_1_45' title="bbox 2015 1664 3601 1740">
    <p class='ocr_par' dir='ltr' id='par_1_45' title="bbox 2015 1664 3601 1740">
     <span class='ocr_line' id='line_1_45' title="bbox 2015 1664 3601 1740; baseline 0.004 -22"><span class='ocrx_word' id='word_1_276' title='bbox 2015 1664 2198 1733; x_wconf 80' lang='lat' dir='ltr'><strong>Super</strong></span> <span class='ocrx_word' id='word_1_277' title='bbox 2265 1664 2425 1735; x_wconf 83' lang='lat' dir='ltr'><strong>cujus</strong></span> <span class='ocrx_word' id='word_1_278' title='bbox 2483 1676 2709 1737; x_wconf 82' lang='lat' dir='ltr'><strong>pectore</strong></span> <span class='ocrx_word' id='word_1_279' title='bbox 2757 1677 2876 1724; x_wconf 89' lang='lat' dir='ltr'><strong>erat</strong></span> <span class='ocrx_word' id='word_1_280' title='bbox 2934 1667 3289 1740; x_wconf 77' lang='lat' dir='ltr'><strong>Evangelium</strong></span> <span class='ocrx_word' id='word_1_281' title='bbox 3340 1668 3601 1734; x_wconf 72' lang='lat' dir='ltr'><strong>Mattbrei,</strong></span> 
     </span>
    </p>
   </div>
   <div class='ocr_carea' id='block_1_46' title="bbox 2018 1756 3601 1845">
    <p class='ocr_par' dir='ltr' id='par_1_46' title="bbox 2018 1756 3601 1845">
     <span class='ocr_line' id='line_1_46' title="bbox 2018 1756 3601 1845; baseline 0.004 -36"><span class='ocrx_word' id='word_1_282' title='bbox 2018 1756 2191 1827; x_wconf 89' lang='lat' dir='ltr'><strong>ipsius</strong></span> <span class='ocrx_word' id='word_1_283' title='bbox 2217 1756 2480 1813; x_wconf 64' lang='lat' dir='ltr'><strong>Barnabas</strong></span> <span class='ocrx_word' id='word_1_284' title='bbox 2497 1775 2663 1845; x_wconf 74' lang='lat' dir='ltr'><strong>manu</strong></span> <span class='ocrx_word' id='word_1_285' title='bbox 2691 1760 3098 1831; x_wconf 87' lang='lat' dir='ltr'><strong>descriptum...</strong></span> <span class='ocrx_word' id='word_1_286' title='bbox 3134 1759 3192 1816; x_wconf 91' lang='lat' dir='ltr'><strong>ld</strong></span> <span class='ocrx_word' id='word_1_287' title='bbox 3248 1761 3601 1833; x_wconf 82' lang='lat' dir='ltr'><strong>Evangeliutn</strong></span> 
     </span>
    </p>
   </div>
   <div class='ocr_carea' id='block_1_47' title="bbox 2022 1849 3598 1924">
    <p class='ocr_par' dir='ltr' id='par_1_47' title="bbox 2022 1849 3598 1924">
     <span class='ocr_line' id='line_1_47' title="bbox 2022 1849 3598 1924; baseline 0.003 -22"><span class='ocrx_word' id='word_1_288' title='bbox 2022 1849 2174 1903; x_wconf 81' lang='lat' dir='ltr'><strong>Zeno</strong></span> <span class='ocrx_word' id='word_1_289' title='bbox 2205 1851 2463 1920; x_wconf 86' lang='lat' dir='ltr'><strong>deposuit</strong></span> <span class='ocrx_word' id='word_1_290' title='bbox 2501 1851 2556 1905; x_wconf 92' lang='lat' dir='ltr'><strong>in</strong></span> <span class='ocrx_word' id='word_1_291' title='bbox 2590 1852 2815 1922; x_wconf 82' lang='lat' dir='ltr'><strong>palatio,</strong></span> <span class='ocrx_word' id='word_1_292' title='bbox 2875 1852 2931 1907; x_wconf 86' lang='lat' dir='ltr'><strong>in</strong></span> <span class='ocrx_word' id='word_1_293' title='bbox 2982 1854 3099 1909; x_wconf 84' lang='lat' dir='ltr'><strong>aede</strong></span> <span class='ocrx_word' id='word_1_294' title='bbox 3137 1852 3195 1908; x_wconf 94' lang='lat' dir='ltr'><strong>S.</strong></span> <span class='ocrx_word' id='word_1_295' title='bbox 3241 1853 3529 1924; x_wconf 72' lang='lat' dir='ltr'><strong>Stephani.</strong></span> <span class='ocrx_word' id='word_1_296' title='bbox 3578 1873 3598 1906; x_wconf 75' lang='grc' dir='ltr'><strong>ι</strong></span> 
     </span>
    </p>
   </div>
   <div class='ocr_carea' id='block_1_48' title="bbox 2023 1938 3607 2013">
    <p class='ocr_par' dir='ltr' id='par_1_48' title="bbox 2023 1938 3607 2013">
     <span class='ocr_line' id='line_1_48' title="bbox 2023 1938 3607 2013; baseline 0.003 -20"><span class='ocrx_word' id='word_1_297' title='bbox 2023 1938 2185 1994; x_wconf 81' lang='lat' dir='ltr'><strong>Plura</strong></span> <span class='ocrx_word' id='word_1_298' title='bbox 2215 1938 2285 1995; x_wconf 87' lang='lat' dir='ltr'><strong>de</strong></span> <span class='ocrx_word' id='word_1_299' title='bbox 2333 1940 2419 1995; x_wconf 83' lang='lat' dir='ltr'><strong>bis</strong></span> <span class='ocrx_word' id='word_1_300' title='bbox 2445 1941 2638 1996; x_wconf 88' lang='lat' dir='ltr'><strong>scribit</strong></span> <span class='ocrx_word' id='word_1_301' title='bbox 2683 1941 2995 1996; x_wconf 76' lang='lat' dir='ltr'><strong>Alexander</strong></span> <span class='ocrx_word' id='word_1_302' title='bbox 3031 1941 3335 1997; x_wconf 82' lang='lat' dir='ltr'><strong>monachus</strong></span> <span class='ocrx_word' id='word_1_303' title='bbox 3375 1941 3607 2013; x_wconf 82' lang='lat' dir='ltr'><strong>Cyprius</strong></span> 
     </span>
    </p>
   </div>
   <div class='ocr_carea' id='block_1_49' title="bbox 2022 2032 3601 2106">
    <p class='ocr_par' dir='ltr' id='par_1_49' title="bbox 2022 2032 3601 2106">
     <span class='ocr_line' id='line_1_49' title="bbox 2022 2032 3601 2106; baseline 0 -19"><span class='ocrx_word' id='word_1_304' title='bbox 2022 2032 2078 2087; x_wconf 91' lang='lat' dir='ltr'><strong>in</strong></span> <span class='ocrx_word' id='word_1_305' title='bbox 2113 2032 2268 2089; x_wconf 88' lang='lat' dir='ltr'><strong>Actis</strong></span> <span class='ocrx_word' id='word_1_306' title='bbox 2301 2035 2478 2090; x_wconf 87' lang='lat' dir='ltr'><strong>sancti</strong></span> <span class='ocrx_word' id='word_1_307' title='bbox 2534 2033 2817 2098; x_wconf 58' lang='lat' dir='ltr'><strong>Barnabas,</strong></span> <span class='ocrx_word' id='word_1_308' title='bbox 2868 2035 3011 2106; x_wconf 90' lang='lat' dir='ltr'><strong>apud</strong></span> <span class='ocrx_word' id='word_1_309' title='bbox 3049 2050 3152 2090; x_wconf 88' lang='lat' dir='ltr'><strong>nos</strong></span> <span class='ocrx_word' id='word_1_310' title='bbox 3200 2036 3364 2092; x_wconf 87' lang='lat' dir='ltr'><strong>editis</strong></span> <span class='ocrx_word' id='word_1_311' title='bbox 3413 2036 3481 2090; x_wconf 88' lang='lat' dir='ltr'><strong>ad</strong></span> <span class='ocrx_word' id='word_1_312' title='bbox 3541 2033 3601 2089; x_wconf 80' lang='lat' dir='ltr'><strong>lt</strong></span> 
     </span>
    </p>
   </div>
   <div class='ocr_carea' id='block_1_50' title="bbox 2024 2124 3613 2199">
    <p class='ocr_par' dir='ltr' id='par_1_50' title="bbox 2024 2124 3613 2199">
     <span class='ocr_line' id='line_1_50' title="bbox 2024 2124 3613 2199; baseline 0.003 -20"><span class='ocrx_word' id='word_1_313' title='bbox 2024 2124 2198 2181; x_wconf 75' lang='lat' dir='ltr'><strong>Junii.</strong></span> <span class='ocrx_word' id='word_1_314' title='bbox 2248 2125 2385 2181; x_wconf 90' lang='lat' dir='ltr'><strong>Nam</strong></span> <span class='ocrx_word' id='word_1_315' title='bbox 2441 2142 2565 2199; x_wconf 86' lang='lat' dir='ltr'><strong>pag.</strong></span> <span class='ocrx_word' id='word_1_316' title='bbox 2630 2127 2754 2191; x_wconf 65' lang='lat'><strong>‘50,</strong></span> <span class='ocrx_word' id='word_1_317' title='bbox 2797 2136 3021 2184; x_wconf 86' lang='lat' dir='ltr'><strong>sanctus</strong></span> <span class='ocrx_word' id='word_1_318' title='bbox 3073 2129 3355 2183; x_wconf 86' lang='lat' dir='ltr'><strong>Barnabas</strong></span> <span class='ocrx_word' id='word_1_319' title='bbox 3408 2128 3613 2185; x_wconf 84' lang='lat' dir='ltr'><strong>dicitur</strong></span> 
     </span>
    </p>
   </div>
   <div class='ocr_carea' id='block_1_51' title="bbox 2027 2220 3614 2293">
    <p class='ocr_par' dir='ltr' id='par_1_51' title="bbox 2027 2220 3614 2293">
     <span class='ocr_line' id='line_1_51' title="bbox 2027 2220 3614 2293; baseline 0.003 -21"><span class='ocrx_word' id='word_1_320' title='bbox 2027 2220 2350 2289; x_wconf 80' lang='lat' dir='ltr'><strong>apparuisse</strong></span> <span class='ocrx_word' id='word_1_321' title='bbox 2398 2221 2698 2276; x_wconf 84' lang='lat' dir='ltr'><strong>Anthemio</strong></span> <span class='ocrx_word' id='word_1_322' title='bbox 2761 2221 3051 2276; x_wconf 72' lang='lat' dir='ltr'><strong>Salamina:</strong></span> <span class='ocrx_word' id='word_1_323' title='bbox 3103 2221 3384 2293; x_wconf 89' lang='lat' dir='ltr'><strong>episc0po,</strong></span> <span class='ocrx_word' id='word_1_324' title='bbox 3453 2222 3614 2292; x_wconf 91' lang='lat' dir='ltr'><strong>eique</strong></span> 
     </span>
    </p>
   </div>
   <div class='ocr_carea' id='block_1_52' title="bbox 2024 2312 3613 2384">
    <p class='ocr_par' dir='ltr' id='par_1_52' title="bbox 2024 2312 3613 2384">
     <span class='ocr_line' id='line_1_52' title="bbox 2024 2312 3613 2384; baseline 0.002 -19"><span class='ocrx_word' id='word_1_325' title='bbox 2024 2312 2305 2368; x_wconf 89' lang='lat' dir='ltr'><strong>indicasse</strong></span> <span class='ocrx_word' id='word_1_326' title='bbox 2341 2312 2437 2368; x_wconf 92' lang='lat' dir='ltr'><strong>ubi</strong></span> <span class='ocrx_word' id='word_1_327' title='bbox 2488 2313 2796 2383; x_wconf 84' lang='lat' dir='ltr'><strong>depositum</strong></span> <span class='ocrx_word' id='word_1_328' title='bbox 2831 2323 2980 2370; x_wconf 86' lang='lat' dir='ltr'><strong>esset</strong></span> <span class='ocrx_word' id='word_1_329' title='bbox 3020 2328 3221 2384; x_wconf 89' lang='lat' dir='ltr'><strong>corpus</strong></span> <span class='ocrx_word' id='word_1_330' title='bbox 3281 2328 3441 2369; x_wconf 91' lang='lat' dir='ltr'><strong>suum</strong></span> <span class='ocrx_word' id='word_1_331' title='bbox 3488 2328 3613 2369; x_wconf 89' lang='lat' dir='ltr'><strong>cum</strong></span> 
     </span>
    </p>
   </div>
   <div class='ocr_carea' id='block_1_53' title="bbox 2026 2402 3618 2476">
    <p class='ocr_par' dir='ltr' id='par_1_53' title="bbox 2026 2402 3618 2476">
     <span class='ocr_line' id='line_1_53' title="bbox 2026 2402 3618 2476; baseline 0.004 -21"><span class='ocrx_word' id='word_1_332' title='bbox 2026 2402 2321 2473; x_wconf 83' lang='lat' dir='ltr'><strong>Evangelio</strong></span> <span class='ocrx_word' id='word_1_333' title='bbox 2379 2402 2556 2459; x_wconf 85' lang='lat' dir='ltr'><strong>sancti</strong></span> <span class='ocrx_word' id='word_1_334' title='bbox 2601 2402 2865 2459; x_wconf 73' lang='lat' dir='ltr'><strong>Mattbtei.</strong></span> <span class='ocrx_word' id='word_1_335' title='bbox 2928 2405 3109 2459; x_wconf 77' lang='lat' dir='ltr'><strong>Verba</strong></span> <span class='ocrx_word' id='word_1_336' title='bbox 3158 2404 3442 2473; x_wconf 89' lang='lat' dir='ltr'><strong>nonnulla,</strong></span> <span class='ocrx_word' id='word_1_337' title='bbox 3490 2408 3618 2476; x_wconf 67' lang='lat' dir='ltr'><strong>quae</strong></span> 
     </span>
    </p>
   </div>
   <div class='ocr_carea' id='block_1_54' title="bbox 2027 2495 3619 2565">
    <p class='ocr_par' dir='ltr' id='par_1_54' title="bbox 2027 2495 3619 2565">
     <span class='ocr_line' id='line_1_54' title="bbox 2027 2495 3619 2565; baseline 0.001 -15"><span class='ocrx_word' id='word_1_338' title='bbox 2027 2503 2258 2552; x_wconf 84' lang='lat' dir='ltr'><strong>sanctus</strong></span> <span class='ocrx_word' id='word_1_339' title='bbox 2286 2495 2565 2552; x_wconf 82' lang='lat' dir='ltr'><strong>Barnabas</strong></span> <span class='ocrx_word' id='word_1_340' title='bbox 2594 2496 2895 2552; x_wconf 80' lang='lat' dir='ltr'><strong>Anthemio</strong></span> <span class='ocrx_word' id='word_1_341' title='bbox 2918 2497 3123 2552; x_wconf 81' lang='lat' dir='ltr'><strong>dixisse</strong></span> <span class='ocrx_word' id='word_1_342' title='bbox 3169 2498 3453 2565; x_wconf 88' lang='lat' dir='ltr'><strong>scribitur,</strong></span> <span class='ocrx_word' id='word_1_343' title='bbox 3512 2499 3619 2552; x_wconf 92' lang='lat' dir='ltr'><strong>huc</strong></span> 
     </span>
    </p>
   </div>
   <div class='ocr_carea' id='block_1_55' title="bbox 2030 2586 3617 2659">
    <p class='ocr_par' dir='ltr' id='par_1_55' title="bbox 2030 2586 3617 2659">
     <span class='ocr_line' id='line_1_55' title="bbox 2030 2586 3617 2659; baseline 0.003 -18"><span class='ocrx_word' id='word_1_344' title='bbox 2030 2586 2302 2641; x_wconf 85' lang='lat' dir='ltr'><strong>transfero</strong></span> <span class='ocrx_word' id='word_1_345' title='bbox 2335 2601 2351 2639; x_wconf 70' lang='grc' dir='ltr'><strong>ι</strong></span> <span class='ocrx_word' id='word_1_346' title='bbox 2376 2603 2397 2638; x_wconf 79' lang='grc' dir='ltr'><strong>ι</strong></span> <span class='ocrx_word' id='word_1_347' title='bbox 2439 2587 2552 2642; x_wconf 89' lang='lat' dir='ltr'><strong>Sub</strong></span> <span class='ocrx_word' id='word_1_348' title='bbox 2580 2587 2778 2643; x_wconf 85' lang='lat' dir='ltr'><strong>arbore</strong></span> <span class='ocrx_word' id='word_1_349' title='bbox 2795 2588 2991 2659; x_wconf 86' lang='lat' dir='ltr'><strong>siliqua</strong></span> <span class='ocrx_word' id='word_1_350' title='bbox 3011 2588 3239 2645; x_wconf 85' lang='lat' dir='ltr'><strong>ellodias</strong></span> <span class='ocrx_word' id='word_1_351' title='bbox 3265 2590 3617 2659; x_wconf 86' lang='lat' dir='ltr'><strong>:speluncam</strong></span> 
     </span>
    </p>
   </div>
   <div class='ocr_carea' id='block_1_56' title="bbox 2028 2679 3617 2751">
    <p class='ocr_par' dir='ltr' id='par_1_56' title="bbox 2028 2679 3617 2751">
     <span class='ocr_line' id='line_1_56' title="bbox 2028 2679 3617 2751; baseline 0 -17"><span class='ocrx_word' id='word_1_352' title='bbox 2028 2680 2175 2734; x_wconf 81' lang='lat' dir='ltr'><strong>enim</strong></span> <span class='ocrx_word' id='word_1_353' title='bbox 2220 2689 2386 2749; x_wconf 90' lang='lat' dir='ltr'><strong>atque</strong></span> <span class='ocrx_word' id='word_1_354' title='bbox 2421 2679 2910 2744; x_wconf 84' lang='lat' dir='ltr'><strong>arcaminvenies,</strong></span> <span class='ocrx_word' id='word_1_355' title='bbox 2957 2679 3214 2751; x_wconf 80' lang='lat' dir='ltr'><strong>quoniam</strong></span> <span class='ocrx_word' id='word_1_356' title='bbox 3263 2680 3377 2735; x_wconf 91' lang='lat' dir='ltr'><strong>illic</strong></span> <span class='ocrx_word' id='word_1_357' title='bbox 3443 2690 3617 2735; x_wconf 90' lang='lat' dir='ltr'><strong>totum</strong></span> 
     </span>
    </p>
   </div>
   <div class='ocr_carea' id='block_1_57' title="bbox 2028 2772 3618 2845">
    <p class='ocr_par' dir='ltr' id='par_1_57' title="bbox 2028 2772 3618 2845">
     <span class='ocr_line' id='line_1_57' title="bbox 2028 2772 3618 2845; baseline 0.002 -18"><span class='ocrx_word' id='word_1_358' title='bbox 2028 2788 2229 2843; x_wconf 83' lang='lat' dir='ltr'><strong>corpus</strong></span> <span class='ocrx_word' id='word_1_359' title='bbox 2258 2788 2444 2828; x_wconf 89' lang='lat' dir='ltr'><strong>meum</strong></span> <span class='ocrx_word' id='word_1_360' title='bbox 2475 2772 2759 2828; x_wconf 89' lang='lat' dir='ltr'><strong>conditum</strong></span> <span class='ocrx_word' id='word_1_361' title='bbox 2789 2782 2894 2840; x_wconf 87' lang='lat' dir='ltr'><strong>est,</strong></span> <span class='ocrx_word' id='word_1_362' title='bbox 2942 2781 2999 2827; x_wconf 88' lang='lat' dir='ltr'><strong>et</strong></span> <span class='ocrx_word' id='word_1_363' title='bbox 3052 2773 3410 2845; x_wconf 80' lang='lat' dir='ltr'><strong>Evangelium</strong></span> <span class='ocrx_word' id='word_1_364' title='bbox 3452 2790 3618 2830; x_wconf 84' lang='lat' dir='ltr'><strong>manu</strong></span> 
     </span>
    </p>
   </div>
   <div class='ocr_carea' id='block_1_58' title="bbox 2029 2865 3618 2938">
    <p class='ocr_par' dir='ltr' id='par_1_58' title="bbox 2029 2865 3618 2938">
     <span class='ocr_line' id='line_1_58' title="bbox 2029 2865 3618 2938; baseline 0.003 -21"><span class='ocrx_word' id='word_1_365' title='bbox 2029 2866 2253 2936; x_wconf 85' lang='lat' dir='ltr'><strong>propria</strong></span> <span class='ocrx_word' id='word_1_366' title='bbox 2295 2865 2586 2936; x_wconf 86' lang='lat' dir='ltr'><strong>scriptum,</strong></span> <span class='ocrx_word' id='word_1_367' title='bbox 2621 2866 2765 2935; x_wconf 89' lang='lat' dir='ltr'><strong>quod</strong></span> <span class='ocrx_word' id='word_1_368' title='bbox 2810 2882 2841 2922; x_wconf 89' lang='lat' dir='ltr'><strong>a</strong></span> <span class='ocrx_word' id='word_1_369' title='bbox 2877 2876 3068 2922; x_wconf 83' lang='lat' dir='ltr'><strong>sancto</strong></span> <span class='ocrx_word' id='word_1_370' title='bbox 3089 2868 3425 2938; x_wconf 75' lang='lat' dir='ltr'><strong>apostoloet</strong></span> <span class='ocrx_word' id='word_1_371' title='bbox 3448 2885 3618 2924; x_wconf 84' lang='lat' dir='ltr'><strong>evan-</strong></span> 
     </span>
    </p>
   </div>
   <div class='ocr_carea' id='block_1_59' title="bbox 2032 2945 3617 3029">
    <p class='ocr_par' dir='ltr' id='par_1_59' title="bbox 2032 2945 3617 3029">
     <span class='ocr_line' id='line_1_59' title="bbox 2032 2945 3617 3029; baseline 0.007 -23"><span class='ocrx_word' id='word_1_372' title='bbox 2032 2957 2222 3025; x_wconf 68' lang='lat' dir='ltr'><strong>grlista</strong></span> <span class='ocrx_word' id='word_1_373' title='bbox 2244 2956 2501 3013; x_wconf 82' lang='lat' dir='ltr'><strong>Matthan</strong></span> <span class='ocrx_word' id='word_1_374' title='bbox 2538 2957 2750 3028; x_wconf 84' lang='lat' dir='ltr'><strong>excepi.</strong></span> <span class='ocrx_word' id='word_1_375' title='bbox 2792 2977 2808 3010; x_wconf 72' lang='grc' dir='ltr'><strong>ι</strong></span> <span class='ocrx_word' id='word_1_376' title='bbox 2839 2957 2903 3013; x_wconf 82' lang='grc' dir='ltr'><strong>Ει</strong></span> <span class='ocrx_word' id='word_1_377' title='bbox 2938 2945 3083 3014; x_wconf 28' lang='lat' dir='ltr'><strong>mox.</strong></span> <span class='ocrx_word' id='word_1_378' title='bbox 3105 2960 3617 3029; x_wconf 84' lang='lat' dir='ltr'><strong>corporisinventio</strong></span> 
     </span>
    </p>
   </div>
   <div class='ocr_carea' id='block_1_60' title="bbox 2032 3050 3621 3123">
    <p class='ocr_par' dir='ltr' id='par_1_60' title="bbox 2032 3050 3621 3123">
     <span class='ocr_line' id='line_1_60' title="bbox 2032 3050 3621 3123; baseline 0.004 -20"><span class='ocrx_word' id='word_1_379' title='bbox 2032 3050 2295 3113; x_wconf 79' lang='lat' dir='ltr'><strong>refertur,</strong></span> <span class='ocrx_word' id='word_1_380' title='bbox 2351 3058 2410 3105; x_wconf 90' lang='lat' dir='ltr'><strong>et</strong></span> <span class='ocrx_word' id='word_1_381' title='bbox 2454 3050 2524 3106; x_wconf 93' lang='lat' dir='ltr'><strong>de</strong></span> <span class='ocrx_word' id='word_1_382' title='bbox 2557 3050 2859 3123; x_wconf 74' lang='lat' dir='ltr'><strong>Evangelia</strong></span> <span class='ocrx_word' id='word_1_383' title='bbox 2901 3053 3171 3109; x_wconf 88' lang='lat' dir='ltr'><strong>additur:</strong></span> <span class='ocrx_word' id='word_1_384' title='bbox 3227 3072 3245 3104; x_wconf 72' lang='grc' dir='ltr'><strong>ι</strong></span> <span class='ocrx_word' id='word_1_385' title='bbox 3285 3053 3621 3110; x_wconf 81' lang='lat' dir='ltr'><strong>Invenerunt</strong></span> 
     </span>
    </p>
   </div>
   <div class='ocr_carea' id='block_1_61' title="bbox 335 3142 3622 3220">
    <p class='ocr_par' dir='ltr' id='par_1_61' title="bbox 335 3142 3622 3220">
     <span class='ocr_line' id='line_1_61' title="bbox 335 3142 3622 3220; baseline 0.001 -19"><span class='ocrx_word' id='word_1_386' title='bbox 335 3160 583 3209; x_wconf 82' lang='lat' dir='ltr'><strong>carnem,</strong></span> <span class='ocrx_word' id='word_1_387' title='bbox 627 3147 722 3215; x_wconf 86' lang='lat' dir='ltr'><strong>qui</strong></span> <span class='ocrx_word' id='word_1_388' title='bbox 753 3154 811 3200; x_wconf 88' lang='lat' dir='ltr'><strong>et</strong></span> <span class='ocrx_word' id='word_1_389' title='bbox 842 3145 1052 3214; x_wconf 88' lang='lat' dir='ltr'><strong>primus</strong></span> <span class='ocrx_word' id='word_1_390' title='bbox 1098 3142 1603 3214; x_wconf 80' lang='lat' dir='ltr'><strong>Hierosolymorum</strong></span> <span class='ocrx_word' id='word_1_391' title='bbox 1634 3144 1926 3213; x_wconf 87' lang='lat' dir='ltr'><strong>episcopus</strong></span> <span class='ocrx_word' id='word_1_392' title='bbox 1955 3159 1996 3214; x_wconf 71' lang='grc' dir='ltr'>ε</span> <span class='ocrx_word' id='word_1_393' title='bbox 2031 3145 2195 3199; x_wconf 90' lang='lat' dir='ltr'><strong>etiam</strong></span> <span class='ocrx_word' id='word_1_394' title='bbox 2244 3143 2601 3216; x_wconf 85' lang='lat' dir='ltr'><strong>Evangellum</strong></span> <span class='ocrx_word' id='word_1_395' title='bbox 2638 3160 2806 3215; x_wconf 85' lang='lat' dir='ltr'><strong>supra</strong></span> <span class='ocrx_word' id='word_1_396' title='bbox 2864 3145 3131 3203; x_wconf 65' lang='lat' dir='ltr'><strong>Barnabas</strong></span> <span class='ocrx_word' id='word_1_397' title='bbox 3186 3159 3383 3218; x_wconf 85' lang='lat' dir='ltr'><strong>pectus</strong></span> <span class='ocrx_word' id='word_1_398' title='bbox 3443 3149 3622 3220; x_wconf 87' lang='lat' dir='ltr'><strong>impo-</strong></span> 
     </span>
    </p>
   </div>
   <div class='ocr_carea' id='block_1_62' title="bbox 333 3234 1924 3308">
    <p class='ocr_par' dir='ltr' id='par_1_62' title="bbox 333 3234 1924 3308">
     <span class='ocr_line' id='line_1_62' title="bbox 333 3234 1924 3308; baseline -0.003 -16"><span class='ocrx_word' id='word_1_399' title='bbox 333 3239 674 3293; x_wconf 89' lang='lat' dir='ltr'><strong>constitutus</strong></span> <span class='ocrx_word' id='word_1_400' title='bbox 703 3247 786 3293; x_wconf 86' lang='lat' dir='ltr'><strong>est</strong></span> <span class='ocrx_word' id='word_1_401' title='bbox 822 3255 850 3290; x_wconf 84' lang='grc' dir='ltr'><strong>ιι</strong></span> <span class='ocrx_word' id='word_1_402' title='bbox 875 3237 1080 3293; x_wconf 87' lang='lat' dir='ltr'><strong>sanctis</strong></span> <span class='ocrx_word' id='word_1_403' title='bbox 1108 3236 1394 3308; x_wconf 87' lang='lat' dir='ltr'><strong>apostolis.</strong></span> <span class='ocrx_word' id='word_1_404' title='bbox 1431 3235 1550 3290; x_wconf 84' lang='lat' dir='ltr'><strong>Non</strong></span> <span class='ocrx_word' id='word_1_405' title='bbox 1600 3234 1780 3305; x_wconf 88' lang='lat' dir='ltr'><strong>placet</strong></span> <span class='ocrx_word' id='word_1_406' title='bbox 1808 3235 1924 3289; x_wconf 69' lang='lat' dir='ltr'><strong>haec</strong></span> 
     </span>
    </p>
   </div>
   <div class='ocr_carea' id='block_1_63' title="bbox 334 3324 1926 3385">
    <p class='ocr_par' dir='ltr' id='par_1_63' title="bbox 334 3324 1926 3385">
     <span class='ocr_line' id='line_1_63' title="bbox 334 3324 1926 3385; baseline -0.004 0"><span class='ocrx_word' id='word_1_407' title='bbox 334 3329 613 3385; x_wconf 73' lang='lat' dir='ltr'><strong>sententia</strong></span> <span class='ocrx_word' id='word_1_408' title='bbox 648 3328 1000 3385; x_wconf 81' lang='lat' dir='ltr'><strong>Tillemontio</strong></span> <span class='ocrx_word' id='word_1_409' title='bbox 1019 3336 1149 3384; x_wconf 89' lang='lat' dir='ltr'><strong>nota</strong></span> <span class='ocrx_word' id='word_1_410' title='bbox 1187 3328 1223 3381; x_wconf 70' lang='grc'><strong>2</strong></span> <span class='ocrx_word' id='word_1_411' title='bbox 1256 3328 1314 3382; x_wconf 88' lang='lat' dir='ltr'><strong>in</strong></span> <span class='ocrx_word' id='word_1_412' title='bbox 1357 3325 1703 3382; x_wconf 68' lang='lat' dir='ltr'><strong>Matthaeum.</strong></span> <span class='ocrx_word' id='word_1_413' title='bbox 1739 3324 1926 3380; x_wconf 87' lang='lat' dir='ltr'><strong>Primo</strong></span> 
     </span>
    </p>
   </div>
   <div class='ocr_carea' id='block_1_64' title="bbox 333 3419 1929 3494">
    <p class='ocr_par' dir='ltr' id='par_1_64' title="bbox 333 3419 1929 3494">
     <span class='ocr_line' id='line_1_64' title="bbox 333 3419 1929 3494; baseline -0.002 -16"><span class='ocrx_word' id='word_1_414' title='bbox 333 3423 431 3487; x_wconf 85' lang='lat' dir='ltr'><strong>ait,</strong></span> <span class='ocrx_word' id='word_1_415' title='bbox 455 3424 574 3478; x_wconf 77' lang='lat' dir='ltr'><strong>haec</strong></span> <span class='ocrx_word' id='word_1_416' title='bbox 603 3422 782 3478; x_wconf 88' lang='lat' dir='ltr'><strong>solum</strong></span> <span class='ocrx_word' id='word_1_417' title='bbox 799 3421 903 3494; x_wconf 90' lang='lat' dir='ltr'><strong>legi</strong></span> <span class='ocrx_word' id='word_1_418' title='bbox 936 3421 988 3476; x_wconf 88' lang='lat' dir='ltr'><strong>in</strong></span> <span class='ocrx_word' id='word_1_419' title='bbox 1013 3420 1297 3476; x_wconf 87' lang='lat' dir='ltr'><strong>additione</strong></span> <span class='ocrx_word' id='word_1_420' title='bbox 1328 3419 1564 3493; x_wconf 81' lang='lat' dir='ltr'><strong>Synopsi</strong></span> <span class='ocrx_word' id='word_1_421' title='bbox 1589 3419 1825 3492; x_wconf 85' lang='lat' dir='ltr'><strong>adjecta.</strong></span> <span class='ocrx_word' id='word_1_422' title='bbox 1856 3422 1929 3475; x_wconf 85' lang='lat' dir='ltr'><strong>At</strong></span> 
     </span>
    </p>
   </div>
   <div class='ocr_carea' id='block_1_65' title="bbox 334 3513 1928 3587">
    <p class='ocr_par' dir='ltr' id='par_1_65' title="bbox 334 3513 1928 3587">
     <span class='ocr_line' id='line_1_65' title="bbox 334 3513 1928 3587; baseline -0.003 -14"><span class='ocrx_word' id='word_1_423' title='bbox 334 3518 549 3573; x_wconf 85' lang='lat' dir='ltr'><strong>nullam</strong></span> <span class='ocrx_word' id='word_1_424' title='bbox 568 3516 767 3587; x_wconf 80' lang='lat' dir='ltr'><strong>allegat</strong></span> <span class='ocrx_word' id='word_1_425' title='bbox 792 3515 1088 3576; x_wconf 84' lang='lat' dir='ltr'><strong>rationem,</strong></span> <span class='ocrx_word' id='word_1_426' title='bbox 1109 3528 1211 3569; x_wconf 91' lang='lat' dir='ltr'><strong>cur</strong></span> <span class='ocrx_word' id='word_1_427' title='bbox 1223 3513 1519 3577; x_wconf 80' lang='lat' dir='ltr'><strong>existimet,</strong></span> <span class='ocrx_word' id='word_1_428' title='bbox 1541 3513 1630 3567; x_wconf 86' lang='lat' dir='ltr'><strong>illa</strong></span> <span class='ocrx_word' id='word_1_429' title='bbox 1664 3529 1775 3568; x_wconf 92' lang='lat' dir='ltr'><strong>non</strong></span> <span class='ocrx_word' id='word_1_430' title='bbox 1807 3527 1928 3568; x_wconf 88' lang='lat' dir='ltr'><strong>esse</strong></span> 
     </span>
    </p>
   </div>
   <div class='ocr_carea' id='block_1_66' title="bbox 331 3601 1929 3676">
    <p class='ocr_par' dir='ltr' id='par_1_66' title="bbox 331 3601 1929 3676">
     <span class='ocr_line' id='line_1_66' title="bbox 331 3601 1929 3676; baseline -0.003 -14"><span class='ocrx_word' id='word_1_431' title='bbox 331 3607 590 3676; x_wconf 80' lang='lat' dir='ltr'><strong>ejusdem</strong></span> <span class='ocrx_word' id='word_1_432' title='bbox 604 3604 919 3676; x_wconf 85' lang='lat' dir='ltr'><strong>Synopseos</strong></span> <span class='ocrx_word' id='word_1_433' title='bbox 936 3612 1184 3676; x_wconf 88' lang='lat' dir='ltr'><strong>partem:</strong></span> <span class='ocrx_word' id='word_1_434' title='bbox 1226 3617 1332 3658; x_wconf 91' lang='lat' dir='ltr'><strong>nec</strong></span> <span class='ocrx_word' id='word_1_435' title='bbox 1366 3618 1468 3674; x_wconf 91' lang='lat' dir='ltr'><strong>ego</strong></span> <span class='ocrx_word' id='word_1_436' title='bbox 1498 3602 1666 3656; x_wconf 87' lang='lat' dir='ltr'><strong>ullam</strong></span> <span class='ocrx_word' id='word_1_437' title='bbox 1704 3601 1929 3658; x_wconf 86' lang='lat' dir='ltr'><strong>invenio</strong></span> 
     </span>
    </p>
   </div>
   <div class='ocr_carea' id='block_1_67' title="bbox 333 3693 1927 3763">
    <p class='ocr_par' dir='ltr' id='par_1_67' title="bbox 333 3693 1927 3763">
     <span class='ocr_line' id='line_1_67' title="bbox 333 3693 1927 3763; baseline -0.003 -9"><span class='ocrx_word' id='word_1_438' title='bbox 333 3699 487 3763; x_wconf 80' lang='lat' dir='ltr'><strong>apud</strong></span> <span class='ocrx_word' id='word_1_439' title='bbox 518 3697 997 3755; x_wconf 73' lang='lat' dir='ltr'><strong>Montfauconum.</strong></span> <span class='ocrx_word' id='word_1_440' title='bbox 1020 3696 1273 3763; x_wconf 79' lang='lat' dir='ltr'><strong>Secundo</strong></span> <span class='ocrx_word' id='word_1_441' title='bbox 1317 3693 1412 3762; x_wconf 86' lang='lat' dir='ltr'><strong>ait,</strong></span> <span class='ocrx_word' id='word_1_442' title='bbox 1462 3708 1650 3751; x_wconf 88' lang='lat' dir='ltr'><strong>vocem</strong></span> <span class='ocrx_word' id='word_1_443' title='bbox 1682 3693 1927 3751; x_wconf 74' lang='lat' dir='ltr'><strong>Graecan-</strong></span> 
     </span>
    </p>
   </div>
   <div class='ocr_carea' id='block_1_68' title="bbox 333 3787 1930 3864">
    <p class='ocr_par' dir='ltr' id='par_1_68' title="bbox 333 3787 1930 3864">
     <span class='ocr_line' id='line_1_68' title="bbox 333 3787 1930 3864; baseline -0.001 -19"><span class='ocrx_word' id='word_1_444' title='bbox 333 3789 672 3864; x_wconf 72' lang='grc' dir='ltr'><strong>ἠρμηνεύθη</strong></span> <span class='ocrx_word' id='word_1_445' title='bbox 731 3805 894 3861; x_wconf 84' lang='lat' dir='ltr'><strong>posse</strong></span> <span class='ocrx_word' id='word_1_446' title='bbox 927 3789 1133 3861; x_wconf 81' lang='lat' dir='ltr'><strong>exponi</strong></span> <span class='ocrx_word' id='word_1_447' title='bbox 1185 3803 1342 3859; x_wconf 75' lang='lat' dir='ltr'><strong>aeque</strong></span> <span class='ocrx_word' id='word_1_448' title='bbox 1398 3787 1469 3842; x_wconf 90' lang='lat' dir='ltr'><strong>de</strong></span> <span class='ocrx_word' id='word_1_449' title='bbox 1502 3790 1648 3843; x_wconf 87' lang='lat' dir='ltr'><strong>nuda</strong></span> <span class='ocrx_word' id='word_1_450' title='bbox 1694 3788 1930 3859; x_wconf 74' lang='lat' dir='ltr'><strong>explica-</strong></span> 
     </span>
    </p>
   </div>
   <div class='ocr_carea' id='block_1_69' title="bbox 335 3878 1933 3954">
    <p class='ocr_par' dir='ltr' id='par_1_69' title="bbox 335 3878 1933 3954">
     <span class='ocr_line' id='line_1_69' title="bbox 335 3878 1933 3954; baseline -0.002 -15"><span class='ocrx_word' id='word_1_451' title='bbox 335 3886 515 3947; x_wconf 87' lang='lat' dir='ltr'><strong>tione,</strong></span> <span class='ocrx_word' id='word_1_452' title='bbox 549 3899 713 3954; x_wconf 83' lang='lat' dir='ltr'><strong>quam</strong></span> <span class='ocrx_word' id='word_1_453' title='bbox 749 3883 819 3939; x_wconf 90' lang='lat' dir='ltr'><strong>de</strong></span> <span class='ocrx_word' id='word_1_454' title='bbox 839 3882 1203 3938; x_wconf 81' lang='lat' dir='ltr'><strong>translatione</strong></span> <span class='ocrx_word' id='word_1_455' title='bbox 1220 3883 1275 3937; x_wconf 89' lang='lat' dir='ltr'><strong>in</strong></span> <span class='ocrx_word' id='word_1_456' title='bbox 1311 3881 1476 3936; x_wconf 89' lang='lat' dir='ltr'><strong>aliam</strong></span> <span class='ocrx_word' id='word_1_457' title='bbox 1502 3881 1768 3952; x_wconf 77' lang='lat' dir='ltr'><strong>linguam.</strong></span> <span class='ocrx_word' id='word_1_458' title='bbox 1794 3878 1933 3936; x_wconf 83' lang='lat' dir='ltr'><strong>Vere</strong></span> 
     </span>
    </p>
   </div>
   <div class='ocr_carea' id='block_1_70' title="bbox 335 3974 1932 4046">
    <p class='ocr_par' dir='ltr' id='par_1_70' title="bbox 335 3974 1932 4046">
     <span class='ocr_line' id='line_1_70' title="bbox 335 3974 1932 4046; baseline -0.003 -13"><span class='ocrx_word' id='word_1_459' title='bbox 335 3977 449 4033; x_wconf 84' lang='lat' dir='ltr'><strong>hoc</strong></span> <span class='ocrx_word' id='word_1_460' title='bbox 476 3977 587 4032; x_wconf 89' lang='lat' dir='ltr'><strong>dici</strong></span> <span class='ocrx_word' id='word_1_461' title='bbox 615 3977 684 4032; x_wconf 91' lang='lat' dir='ltr'><strong>de</strong></span> <span class='ocrx_word' id='word_1_462' title='bbox 722 3990 855 4032; x_wconf 91' lang='lat' dir='ltr'><strong>voce</strong></span> <span class='ocrx_word' id='word_1_463' title='bbox 882 3974 1072 4031; x_wconf 65' lang='lat' dir='ltr'><strong>Graca</strong></span> <span class='ocrx_word' id='word_1_464' title='bbox 1126 3975 1308 4030; x_wconf 89' lang='lat' dir='ltr'><strong>libens</strong></span> <span class='ocrx_word' id='word_1_465' title='bbox 1350 3990 1625 4046; x_wconf 87' lang='lat' dir='ltr'><strong>agnosco;</strong></span> <span class='ocrx_word' id='word_1_466' title='bbox 1681 3975 1776 4030; x_wconf 89' lang='lat' dir='ltr'><strong>sed</strong></span> <span class='ocrx_word' id='word_1_467' title='bbox 1806 3989 1932 4029; x_wconf 89' lang='lat' dir='ltr'><strong>cum</strong></span> 
     </span>
    </p>
   </div>
   <div class='ocr_carea' id='block_1_71' title="bbox 333 4068 1931 4141">
    <p class='ocr_par' dir='ltr' id='par_1_71' title="bbox 333 4068 1931 4141">
     <span class='ocr_line' id='line_1_71' title="bbox 333 4068 1931 4141; baseline -0.002 -16"><span class='ocrx_word' id='word_1_468' title='bbox 333 4072 605 4141; x_wconf 83' lang='lat' dir='ltr'><strong>adjuncta</strong></span> <span class='ocrx_word' id='word_1_469' title='bbox 641 4070 827 4125; x_wconf 86' lang='lat' dir='ltr'><strong>omnia</strong></span> <span class='ocrx_word' id='word_1_470' title='bbox 871 4078 929 4124; x_wconf 92' lang='lat' dir='ltr'><strong>et</strong></span> <span class='ocrx_word' id='word_1_471' title='bbox 953 4071 1116 4140; x_wconf 92' lang='lat' dir='ltr'><strong>paulo</strong></span> <span class='ocrx_word' id='word_1_472' title='bbox 1150 4078 1276 4140; x_wconf 80' lang='lat' dir='ltr'><strong>post</strong></span> <span class='ocrx_word' id='word_1_473' title='bbox 1306 4068 1591 4139; x_wconf 86' lang='lat' dir='ltr'><strong>sequentia</strong></span> <span class='ocrx_word' id='word_1_474' title='bbox 1615 4068 1931 4130; x_wconf 87' lang='lat' dir='ltr'><strong>ostendant,</strong></span> 
     </span>
    </p>
   </div>
   <div class='ocr_carea' id='block_1_72' title="bbox 334 4162 1935 4235">
    <p class='ocr_par' dir='ltr' id='par_1_72' title="bbox 334 4162 1935 4235">
     <span class='ocr_line' id='line_1_72' title="bbox 334 4162 1935 4235; baseline -0.002 -18"><span class='ocrx_word' id='word_1_475' title='bbox 334 4165 422 4235; x_wconf 78' lang='lat' dir='ltr'><strong>agi</strong></span> <span class='ocrx_word' id='word_1_476' title='bbox 450 4166 520 4219; x_wconf 85' lang='lat' dir='ltr'><strong>de</strong></span> <span class='ocrx_word' id='word_1_477' title='bbox 570 4164 930 4219; x_wconf 85' lang='lat' dir='ltr'><strong>translatione</strong></span> <span class='ocrx_word' id='word_1_478' title='bbox 997 4163 1052 4218; x_wconf 92' lang='lat' dir='ltr'><strong>in</strong></span> <span class='ocrx_word' id='word_1_479' title='bbox 1110 4163 1352 4235; x_wconf 84' lang='lat' dir='ltr'><strong>linguam</strong></span> <span class='ocrx_word' id='word_1_480' title='bbox 1396 4162 1664 4226; x_wconf 76' lang='lat' dir='ltr'><strong>Grrecam,</strong></span> <span class='ocrx_word' id='word_1_481' title='bbox 1702 4177 1812 4216; x_wconf 89' lang='lat' dir='ltr'><strong>non</strong></span> <span class='ocrx_word' id='word_1_482' title='bbox 1853 4169 1935 4216; x_wconf 86' lang='lat' dir='ltr'><strong>est</strong></span> 
     </span>
    </p>
   </div>
   <div class='ocr_carea' id='block_1_73' title="bbox 336 4253 1933 4326">
    <p class='ocr_par' dir='ltr' id='par_1_73' title="bbox 336 4253 1933 4326">
     <span class='ocr_line' id='line_1_73' title="bbox 336 4253 1933 4326; baseline -0.004 -14"><span class='ocrx_word' id='word_1_483' title='bbox 336 4258 482 4312; x_wconf 80' lang='lat' dir='ltr'><strong>satis</strong></span> <span class='ocrx_word' id='word_1_484' title='bbox 504 4254 733 4311; x_wconf 88' lang='lat' dir='ltr'><strong>fundata</strong></span> <span class='ocrx_word' id='word_1_485' title='bbox 756 4254 846 4309; x_wconf 87' lang='lat' dir='ltr'><strong>illa</strong></span> <span class='ocrx_word' id='word_1_486' title='bbox 869 4254 1129 4326; x_wconf 85' lang='lat' dir='ltr'><strong>objectio,</strong></span> <span class='ocrx_word' id='word_1_487' title='bbox 1158 4263 1255 4308; x_wconf 90' lang='lat' dir='ltr'><strong>aut</strong></span> <span class='ocrx_word' id='word_1_488' title='bbox 1280 4254 1428 4325; x_wconf 86' lang='lat' dir='ltr'><strong>justa</strong></span> <span class='ocrx_word' id='word_1_489' title='bbox 1456 4253 1933 4324; x_wconf 87' lang='lat' dir='ltr'><strong>suspicio,vocem</strong></span> 
     </span>
    </p>
   </div>
   <div class='ocr_carea' id='block_1_74' title="bbox 339 4347 1936 4420">
    <p class='ocr_par' dir='ltr' id='par_1_74' title="bbox 339 4347 1936 4420">
     <span class='ocr_line' id='line_1_74' title="bbox 339 4347 1936 4420; baseline -0.003 -16"><span class='ocrx_word' id='word_1_490' title='bbox 339 4350 439 4406; x_wconf 76' lang='lat' dir='ltr'><strong>hic</strong></span> <span class='ocrx_word' id='word_1_491' title='bbox 480 4350 558 4404; x_wconf 82' lang='lat' dir='ltr'><strong>ita</strong></span> <span class='ocrx_word' id='word_1_492' title='bbox 590 4347 1043 4420; x_wconf 84' lang='lat' dir='ltr'><strong>intelligendam:</strong></span> <span class='ocrx_word' id='word_1_493' title='bbox 1077 4363 1201 4401; x_wconf 89' lang='lat' dir='ltr'><strong>nam</strong></span> <span class='ocrx_word' id='word_1_494' title='bbox 1226 4348 1421 4403; x_wconf 88' lang='lat' dir='ltr'><strong>eadem</strong></span> <span class='ocrx_word' id='word_1_495' title='bbox 1466 4361 1573 4403; x_wconf 81' lang='lat' dir='ltr'><strong>vox</strong></span> <span class='ocrx_word' id='word_1_496' title='bbox 1618 4347 1936 4417; x_wconf 85' lang='lat' dir='ltr'><strong>frequenter</strong></span> 
     </span>
    </p>
   </div>
   <div class='ocr_carea' id='block_1_75' title="bbox 338 4440 1937 4512">
    <p class='ocr_par' dir='ltr' id='par_1_75' title="bbox 338 4440 1937 4512">
     <span class='ocr_line' id='line_1_75' title="bbox 338 4440 1937 4512; baseline -0.001 -15"><span class='ocrx_word' id='word_1_497' title='bbox 338 4443 582 4499; x_wconf 81' lang='lat' dir='ltr'><strong>recurrit</strong></span> <span class='ocrx_word' id='word_1_498' title='bbox 605 4442 674 4497; x_wconf 90' lang='lat' dir='ltr'><strong>de</strong></span> <span class='ocrx_word' id='word_1_499' title='bbox 696 4441 1055 4497; x_wconf 85' lang='lat' dir='ltr'><strong>translatione</strong></span> <span class='ocrx_word' id='word_1_500' title='bbox 1081 4443 1133 4496; x_wconf 91' lang='lat' dir='ltr'><strong>in</strong></span> <span class='ocrx_word' id='word_1_501' title='bbox 1170 4442 1333 4496; x_wconf 88' lang='lat' dir='ltr'><strong>aliam</strong></span> <span class='ocrx_word' id='word_1_502' title='bbox 1367 4443 1632 4512; x_wconf 82' lang='lat' dir='ltr'><strong>linguam,</strong></span> <span class='ocrx_word' id='word_1_503' title='bbox 1652 4440 1722 4497; x_wconf 84' lang='lat' dir='ltr'><strong>de.</strong></span> <span class='ocrx_word' id='word_1_504' title='bbox 1761 4455 1937 4510; x_wconf 79' lang='lat' dir='ltr'><strong>eaque</strong></span> 
     </span>
    </p>
   </div>
   <div class='ocr_carea' id='block_1_76' title="bbox 356 4531 1940 4604">
    <p class='ocr_par' dir='ltr' id='par_1_76' title="bbox 356 4531 1940 4604">
     <span class='ocr_line' id='line_1_76' title="bbox 356 4531 1940 4604; baseline 0 -18"><span class='ocrx_word' id='word_1_505' title='bbox 356 4534 435 4588; x_wconf 88' lang='lat' dir='ltr'><strong>ibi</strong></span> <span class='ocrx_word' id='word_1_506' title='bbox 465 4534 633 4588; x_wconf 86' lang='lat' dir='ltr'><strong>unice</strong></span> <span class='ocrx_word' id='word_1_507' title='bbox 656 4533 858 4604; x_wconf 87' lang='lat' dir='ltr'><strong>agitur.</strong></span> <span class='ocrx_word' id='word_1_508' title='bbox 898 4531 1090 4589; x_wconf 85' lang='lat' dir='ltr'><strong>Tertio</strong></span> <span class='ocrx_word' id='word_1_509' title='bbox 1135 4534 1216 4587; x_wconf 90' lang='lat' dir='ltr'><strong>ait</strong></span> <span class='ocrx_word' id='word_1_510' title='bbox 1256 4532 1645 4589; x_wconf 85' lang='lat' dir='ltr'><strong>Tillemontius</strong></span> <span class='ocrx_word' id='word_1_511' title='bbox 1678 4550 1694 4588; x_wconf 89' lang='lat'><strong>:</strong></span> <span class='ocrx_word' id='word_1_512' title='bbox 1735 4549 1755 4585; x_wconf 76' lang='grc' dir='ltr'><strong>ι</strong></span> <span class='ocrx_word' id='word_1_513' title='bbox 1796 4532 1940 4588; x_wconf 83' lang='lat' dir='ltr'><strong>San-</strong></span> 
     </span>
    </p>
   </div>
   <div class='ocr_carea' id='block_1_77' title="bbox 345 4622 1938 4695">
    <p class='ocr_par' dir='ltr' id='par_1_77' title="bbox 345 4622 1938 4695">
     <span class='ocr_line' id='line_1_77' title="bbox 345 4622 1938 4695; baseline -0.003 -15"><span class='ocrx_word' id='word_1_514' title='bbox 345 4634 475 4681; x_wconf 83' lang='lat' dir='ltr'><strong>ctus</strong></span> <span class='ocrx_word' id='word_1_515' title='bbox 498 4622 767 4689; x_wconf 62' lang='lat' dir='ltr'><strong>Iacobus,</strong></span> <span class='ocrx_word' id='word_1_516' title='bbox 799 4624 888 4678; x_wconf 82' lang='lat' dir='ltr'><strong>cui</strong></span> <span class='ocrx_word' id='word_1_517' title='bbox 921 4639 1054 4679; x_wconf 90' lang='lat' dir='ltr'><strong>cura</strong></span> <span class='ocrx_word' id='word_1_518' title='bbox 1093 4624 1161 4680; x_wconf 89' lang='lat' dir='ltr'><strong>de</strong></span> <span class='ocrx_word' id='word_1_519' title='bbox 1187 4622 1393 4680; x_wconf 69' lang='lat' dir='ltr'><strong>ludatis</strong></span> <span class='ocrx_word' id='word_1_520' title='bbox 1424 4623 1938 4695; x_wconf 81' lang='lat' dir='ltr'><strong>Hierosolymitanis</strong></span> 
     </span>
    </p>
   </div>
   <div class='ocr_carea' id='block_1_78' title="bbox 343 4715 1937 4785">
    <p class='ocr_par' dir='ltr' id='par_1_78' title="bbox 343 4715 1937 4785">
     <span class='ocr_line' id='line_1_78' title="bbox 343 4715 1937 4785; baseline -0.004 -12"><span class='ocrx_word' id='word_1_521' title='bbox 343 4727 470 4773; x_wconf 83' lang='lat' dir='ltr'><strong>erat</strong></span> <span class='ocrx_word' id='word_1_522' title='bbox 514 4716 834 4781; x_wconf 84' lang='lat' dir='ltr'><strong>commissa,</strong></span> <span class='ocrx_word' id='word_1_523' title='bbox 868 4716 918 4772; x_wconf 90' lang='lat' dir='ltr'><strong>is</strong></span> <span class='ocrx_word' id='word_1_524' title='bbox 946 4725 1068 4771; x_wconf 91' lang='lat' dir='ltr'><strong>erat</strong></span> <span class='ocrx_word' id='word_1_525' title='bbox 1103 4716 1252 4771; x_wconf 87' lang='lat' dir='ltr'><strong>inter</strong></span> <span class='ocrx_word' id='word_1_526' title='bbox 1280 4730 1476 4771; x_wconf 90' lang='lat' dir='ltr'><strong>omnes</strong></span> <span class='ocrx_word' id='word_1_527' title='bbox 1516 4715 1815 4785; x_wconf 86' lang='lat' dir='ltr'><strong>apostolos,</strong></span> <span class='ocrx_word' id='word_1_528' title='bbox 1848 4715 1937 4769; x_wconf 90' lang='lat' dir='ltr'><strong>cui</strong></span> 
     </span>
    </p>
   </div>
   <div class='ocr_carea' id='block_1_79' title="bbox 344 4801 1937 4880">
    <p class='ocr_par' dir='ltr' id='par_1_79' title="bbox 344 4801 1937 4880">
     <span class='ocr_line' id='line_1_79' title="bbox 344 4801 1937 4880; baseline -0.003 -17"><span class='ocrx_word' id='word_1_529' title='bbox 344 4801 534 4864; x_wconf 73' lang='lat' dir='ltr'><strong>minor</strong></span> <span class='ocrx_word' id='word_1_530' title='bbox 570 4816 692 4863; x_wconf 87' lang='lat' dir='ltr'><strong>erat</strong></span> <span class='ocrx_word' id='word_1_531' title='bbox 724 4808 1117 4880; x_wconf 87' lang='lat' dir='ltr'><strong>opportunitas</strong></span> <span class='ocrx_word' id='word_1_532' title='bbox 1136 4818 1194 4863; x_wconf 86' lang='lat' dir='ltr'><strong>et</strong></span> <span class='ocrx_word' id='word_1_533' title='bbox 1220 4807 1525 4862; x_wconf 81' lang='lat' dir='ltr'><strong>necessitas</strong></span> <span class='ocrx_word' id='word_1_534' title='bbox 1564 4804 1937 4860; x_wconf 86' lang='lat' dir='ltr'><strong>transferendi</strong></span> 
     </span>
    </p>
   </div>
   <div class='ocr_carea' id='block_1_80' title="bbox 343 4897 1935 4973">
    <p class='ocr_par' dir='ltr' id='par_1_80' title="bbox 343 4897 1935 4973">
     <span class='ocr_line' id='line_1_80' title="bbox 343 4897 1935 4973; baseline -0.004 -17"><span class='ocrx_word' id='word_1_535' title='bbox 343 4901 706 4973; x_wconf 81' lang='lat' dir='ltr'><strong>Evangeliutn</strong></span> <span class='ocrx_word' id='word_1_536' title='bbox 757 4900 937 4956; x_wconf 87' lang='lat' dir='ltr'><strong>sancti</strong></span> <span class='ocrx_word' id='word_1_537' title='bbox 984 4899 1226 4956; x_wconf 62' lang='grc' dir='ltr'><strong>Μειωωί</strong></span> <span class='ocrx_word' id='word_1_538' title='bbox 1268 4900 1326 4954; x_wconf 89' lang='lat' dir='ltr'><strong>in</strong></span> <span class='ocrx_word' id='word_1_539' title='bbox 1375 4899 1541 4953; x_wconf 86' lang='lat' dir='ltr'><strong>aliam</strong></span> <span class='ocrx_word' id='word_1_540' title='bbox 1600 4897 1864 4968; x_wconf 87' lang='lat' dir='ltr'><strong>linguam.</strong></span> <span class='ocrx_word' id='word_1_541' title='bbox 1915 4915 1935 4949; x_wconf 71' lang='grc' dir='ltr'><strong>ι</strong></span> 
     </span>
    </p>
   </div>
   <div class='ocr_carea' id='block_1_81' title="bbox 344 4991 1940 5065">
    <p class='ocr_par' dir='ltr' id='par_1_81' title="bbox 344 4991 1940 5065">
     <span class='ocr_line' id='line_1_81' title="bbox 344 4991 1940 5065; baseline -0.004 -16"><span class='ocrx_word' id='word_1_542' title='bbox 344 4993 417 5049; x_wconf 88' lang='lat' dir='ltr'><strong>At</strong></span> <span class='ocrx_word' id='word_1_543' title='bbox 450 5009 554 5065; x_wconf 89' lang='lat' dir='ltr'><strong>ego</strong></span> <span class='ocrx_word' id='word_1_544' title='bbox 606 5009 719 5049; x_wconf 91' lang='lat' dir='ltr'><strong>non</strong></span> <span class='ocrx_word' id='word_1_545' title='bbox 762 4994 944 5060; x_wconf 88' lang='lat' dir='ltr'><strong>video,</strong></span> <span class='ocrx_word' id='word_1_546' title='bbox 1003 4994 1130 5064; x_wconf 77' lang='lat' dir='ltr'><strong>quis</strong></span> <span class='ocrx_word' id='word_1_547' title='bbox 1177 4993 1551 5063; x_wconf 89' lang='lat' dir='ltr'><strong>apostolorum</strong></span> <span class='ocrx_word' id='word_1_548' title='bbox 1604 4991 1657 5047; x_wconf 88' lang='lat' dir='ltr'><strong>id</strong></span> <span class='ocrx_word' id='word_1_549' title='bbox 1702 4991 1940 5046; x_wconf 78' lang='lat' dir='ltr'><strong>cilicium</strong></span> 
     </span>
    </p>
   </div>
   <div class='ocr_carea' id='block_1_82' title="bbox 347 5082 1939 5158">
    <p class='ocr_par' dir='ltr' id='par_1_82' title="bbox 347 5082 1939 5158">
     <span class='ocr_line' id='line_1_82' title="bbox 347 5082 1939 5158; baseline -0.002 -18"><span class='ocrx_word' id='word_1_550' title='bbox 347 5087 524 5158; x_wconf 87' lang='lat' dir='ltr'><strong>magis</strong></span> <span class='ocrx_word' id='word_1_551' title='bbox 547 5095 861 5158; x_wconf 86' lang='lat' dir='ltr'><strong>opportune</strong></span> <span class='ocrx_word' id='word_1_552' title='bbox 896 5095 955 5142; x_wconf 90' lang='lat' dir='ltr'><strong>ct</strong></span> <span class='ocrx_word' id='word_1_553' title='bbox 982 5086 1271 5142; x_wconf 87' lang='lat' dir='ltr'><strong>commode</strong></span> <span class='ocrx_word' id='word_1_554' title='bbox 1300 5085 1463 5140; x_wconf 90' lang='lat' dir='ltr'><strong>obire</strong></span> <span class='ocrx_word' id='word_1_555' title='bbox 1505 5083 1766 5154; x_wconf 87' lang='lat' dir='ltr'><strong>potuerit.</strong></span> <span class='ocrx_word' id='word_1_556' title='bbox 1805 5082 1939 5138; x_wconf 84' lang='lat' dir='ltr'><strong>Nam</strong></span> 
     </span>
    </p>
   </div>
   <div class='ocr_carea' id='block_1_83' title="bbox 345 5175 1943 5250">
    <p class='ocr_par' dir='ltr' id='par_1_83' title="bbox 345 5175 1943 5250">
     <span class='ocr_line' id='line_1_83' title="bbox 345 5175 1943 5250; baseline -0.004 -14"><span class='ocrx_word' id='word_1_557' title='bbox 345 5180 587 5236; x_wconf 64' lang='lat' dir='ltr'><strong>Iacobus</strong></span> <span class='ocrx_word' id='word_1_558' title='bbox 650 5180 913 5234; x_wconf 80' lang='lat' dir='ltr'><strong>manebat</strong></span> <span class='ocrx_word' id='word_1_559' title='bbox 974 5178 1418 5250; x_wconf 81' lang='lat' dir='ltr'><strong>Hierosolymis;</strong></span> <span class='ocrx_word' id='word_1_560' title='bbox 1466 5175 1700 5246; x_wconf 84' lang='lat' dir='ltr'><strong>apostoli</strong></span> <span class='ocrx_word' id='word_1_561' title='bbox 1750 5189 1943 5230; x_wconf 90' lang='lat' dir='ltr'><strong>omnes</strong></span> 
     </span>
    </p>
   </div>
   <div class='ocr_carea' id='block_1_84' title="bbox 346 5270 1941 5345">
    <p class='ocr_par' dir='ltr' id='par_1_84' title="bbox 346 5270 1941 5345">
     <span class='ocr_line' id='line_1_84' title="bbox 346 5270 1941 5345; baseline -0.003 -17"><span class='ocrx_word' id='word_1_562' title='bbox 346 5272 415 5328; x_wconf 88' lang='lat' dir='ltr'><strong>ad</strong></span> <span class='ocrx_word' id='word_1_563' title='bbox 444 5274 584 5328; x_wconf 83' lang='lat' dir='ltr'><strong>alias</strong></span> <span class='ocrx_word' id='word_1_564' title='bbox 610 5270 1472 5345; x_wconf 75' lang='lat' dir='ltr'><strong>proﬁciscebanturprovincias,</strong></span> <span class='ocrx_word' id='word_1_565' title='bbox 1509 5286 1615 5327; x_wconf 87' lang='lat' dir='ltr'><strong>nec</strong></span> <span class='ocrx_word' id='word_1_566' title='bbox 1667 5271 1813 5326; x_wconf 84' lang='lat' dir='ltr'><strong>scire</strong></span> <span class='ocrx_word' id='word_1_567' title='bbox 1837 5284 1941 5340; x_wconf 88' lang='lat' dir='ltr'><strong>po—</strong></span> 
     </span>
    </p>
   </div>
   <div class='ocr_carea' id='block_1_85' title="bbox 351 5365 1940 5438">
    <p class='ocr_par' dir='ltr' id='par_1_85' title="bbox 351 5365 1940 5438">
     <span class='ocr_line' id='line_1_85' title="bbox 351 5365 1940 5438; baseline -0.003 -15"><span class='ocrx_word' id='word_1_568' title='bbox 351 5376 558 5433; x_wconf 86' lang='lat' dir='ltr'><strong>terant,</strong></span> <span class='ocrx_word' id='word_1_569' title='bbox 590 5367 834 5436; x_wconf 88' lang='lat' dir='ltr'><strong>quandiu</strong></span> <span class='ocrx_word' id='word_1_570' title='bbox 872 5368 929 5422; x_wconf 92' lang='lat' dir='ltr'><strong>in</strong></span> <span class='ocrx_word' id='word_1_571' title='bbox 966 5367 1201 5438; x_wconf 88' lang='lat' dir='ltr'><strong>singulis</strong></span> <span class='ocrx_word' id='word_1_572' title='bbox 1248 5365 1570 5422; x_wconf 84' lang='lat' dir='ltr'><strong>civitatibus</strong></span> <span class='ocrx_word' id='word_1_573' title='bbox 1628 5372 1725 5420; x_wconf 93' lang='lat' dir='ltr'><strong>aut</strong></span> <span class='ocrx_word' id='word_1_574' title='bbox 1776 5366 1940 5420; x_wconf 85' lang='lat' dir='ltr'><strong>etiam</strong></span> 
     </span>
    </p>
   </div>
   <div class='ocr_carea' id='block_1_86' title="bbox 348 5456 1943 5531">
    <p class='ocr_par' dir='ltr' id='par_1_86' title="bbox 348 5456 1943 5531">
     <span class='ocr_line' id='line_1_86' title="bbox 348 5456 1943 5531; baseline -0.003 -16"><span class='ocrx_word' id='word_1_575' title='bbox 348 5458 657 5531; x_wconf 85' lang='lat' dir='ltr'><strong>provinciis</strong></span> <span class='ocrx_word' id='word_1_576' title='bbox 677 5466 988 5514; x_wconf 69' lang='lat' dir='ltr'><strong>manerent.</strong></span> <span class='ocrx_word' id='word_1_577' title='bbox 1038 5457 1319 5514; x_wconf 81' lang='lat' dir='ltr'><strong>Habitanti</strong></span> <span class='ocrx_word' id='word_1_578' title='bbox 1350 5466 1535 5512; x_wconf 86' lang='lat' dir='ltr'><strong>autem</strong></span> <span class='ocrx_word' id='word_1_579' title='bbox 1562 5456 1617 5511; x_wconf 90' lang='lat' dir='ltr'><strong>in</strong></span> <span class='ocrx_word' id='word_1_580' title='bbox 1649 5472 1754 5512; x_wconf 87' lang='lat' dir='ltr'><strong>una</strong></span> <span class='ocrx_word' id='word_1_581' title='bbox 1805 5473 1943 5512; x_wconf 90' lang='lat' dir='ltr'><strong>con-</strong></span> 
     </span>
    </p>
   </div>
   <div class='ocr_carea' id='block_1_87' title="bbox 350 5550 1945 5607">
    <p class='ocr_par' dir='ltr' id='par_1_87' title="bbox 350 5550 1945 5607">
     <span class='ocr_line' id='line_1_87' title="bbox 350 5550 1945 5607; baseline -0.002 0"><span class='ocrx_word' id='word_1_582' title='bbox 350 5559 563 5607; x_wconf 80' lang='lat' dir='ltr'><strong>stanter</strong></span> <span class='ocrx_word' id='word_1_583' title='bbox 589 5551 815 5605; x_wconf 76' lang='lat' dir='ltr'><strong>civitate</strong></span> <span class='ocrx_word' id='word_1_584' title='bbox 837 5553 1183 5606; x_wconf 89' lang='lat' dir='ltr'><strong>commodius</strong></span> <span class='ocrx_word' id='word_1_585' title='bbox 1208 5562 1293 5606; x_wconf 88' lang='lat' dir='ltr'><strong>est</strong></span> <span class='ocrx_word' id='word_1_586' title='bbox 1342 5550 1543 5606; x_wconf 88' lang='lat' dir='ltr'><strong>librum</strong></span> <span class='ocrx_word' id='word_1_587' title='bbox 1575 5550 1819 5605; x_wconf 88' lang='lat' dir='ltr'><strong>scribere</strong></span> <span class='ocrx_word' id='word_1_588' title='bbox 1850 5559 1945 5604; x_wconf 88' lang='lat' dir='ltr'><strong>aut</strong></span> 
     </span>
    </p>
   </div>
   <div class='ocr_carea' id='block_1_88' title="bbox 352 5642 1946 5714">
    <p class='ocr_par' dir='ltr' id='par_1_88' title="bbox 352 5642 1946 5714">
     <span class='ocr_line' id='line_1_88' title="bbox 352 5642 1946 5714; baseline -0.001 -17"><span class='ocrx_word' id='word_1_589' title='bbox 352 5642 733 5713; x_wconf 85' lang='lat' dir='ltr'><strong>interpretari,</strong></span> <span class='ocrx_word' id='word_1_590' title='bbox 764 5658 929 5714; x_wconf 90' lang='lat' dir='ltr'><strong>quam</strong></span> <span class='ocrx_word' id='word_1_591' title='bbox 954 5646 1025 5700; x_wconf 87' lang='lat' dir='ltr'><strong>de</strong></span> <span class='ocrx_word' id='word_1_592' title='bbox 1056 5644 1280 5699; x_wconf 79' lang='lat' dir='ltr'><strong>civitate</strong></span> <span class='ocrx_word' id='word_1_593' title='bbox 1319 5645 1375 5697; x_wconf 92' lang='lat' dir='ltr'><strong>in</strong></span> <span class='ocrx_word' id='word_1_594' title='bbox 1423 5642 1703 5698; x_wconf 84' lang='lat' dir='ltr'><strong>civitatem</strong></span> <span class='ocrx_word' id='word_1_595' title='bbox 1760 5652 1946 5696; x_wconf 87' lang='lat' dir='ltr'><strong>trans-</strong></span> 
     </span>
    </p>
   </div>
   <div class='ocr_carea' id='block_1_89' title="bbox 352 5737 1944 5810">
    <p class='ocr_par' dir='ltr' id='par_1_89' title="bbox 352 5737 1944 5810">
     <span class='ocr_line' id='line_1_89' title="bbox 352 5737 1944 5810; baseline -0.001 -19"><span class='ocrx_word' id='word_1_596' title='bbox 352 5738 508 5792; x_wconf 89' lang='lat' dir='ltr'><strong>eunti</strong></span> <span class='ocrx_word' id='word_1_597' title='bbox 543 5745 599 5792; x_wconf 90' lang='lat' dir='ltr'><strong>et</strong></span> <span class='ocrx_word' id='word_1_598' title='bbox 634 5746 906 5807; x_wconf 90' lang='lat' dir='ltr'><strong>perpetuo</strong></span> <span class='ocrx_word' id='word_1_599' title='bbox 956 5738 1359 5810; x_wconf 82' lang='lat' dir='ltr'><strong>peregrinanti.</strong></span> <span class='ocrx_word' id='word_1_600' title='bbox 1387 5737 1573 5808; x_wconf 89' lang='lat' dir='ltr'><strong>Itaque</strong></span> <span class='ocrx_word' id='word_1_601' title='bbox 1598 5737 1689 5792; x_wconf 91' lang='lat' dir='ltr'><strong>illa</strong></span> <span class='ocrx_word' id='word_1_602' title='bbox 1717 5746 1944 5792; x_wconf 86' lang='lat' dir='ltr'><strong>senten-</strong></span> 
     </span>
    </p>
   </div>
   <div class='ocr_carea' id='block_1_90' title="bbox 354 5830 1944 5901">
    <p class='ocr_par' dir='ltr' id='par_1_90' title="bbox 354 5830 1944 5901">
     <span class='ocr_line' id='line_1_90' title="bbox 354 5830 1944 5901; baseline -0.001 -14"><span class='ocrx_word' id='word_1_603' title='bbox 354 5831 427 5887; x_wconf 79' lang='lat' dir='ltr'><strong>tia</strong></span> <span class='ocrx_word' id='word_1_604' title='bbox 457 5830 654 5886; x_wconf 87' lang='lat' dir='ltr'><strong>saltem</strong></span> <span class='ocrx_word' id='word_1_605' title='bbox 684 5844 795 5884; x_wconf 91' lang='lat' dir='ltr'><strong>non</strong></span> <span class='ocrx_word' id='word_1_606' title='bbox 833 5830 1016 5887; x_wconf 87' lang='lat' dir='ltr'><strong>minus</strong></span> <span class='ocrx_word' id='word_1_607' title='bbox 1072 5831 1389 5885; x_wconf 77' lang='lat' dir='ltr'><strong>verisimilis</strong></span> <span class='ocrx_word' id='word_1_608' title='bbox 1453 5841 1560 5897; x_wconf 91' lang='lat' dir='ltr'><strong>est,</strong></span> <span class='ocrx_word' id='word_1_609' title='bbox 1598 5845 1760 5901; x_wconf 88' lang='lat' dir='ltr'><strong>quam</strong></span> <span class='ocrx_word' id='word_1_610' title='bbox 1809 5830 1944 5885; x_wconf 91' lang='lat' dir='ltr'><strong>alio-</strong></span> 
     </span>
    </p>
   </div>
   <div class='ocr_carea' id='block_1_91' title="bbox 685 5923 1347 5988">
    <p class='ocr_par' dir='ltr' id='par_1_91' title="bbox 685 5923 1347 5988">
     <span class='ocr_line' id='line_1_91' title="bbox 685 5923 1347 5988; baseline 0.005 -5"><span class='ocrx_word' id='word_1_611' title='bbox 685 5923 955 5987; x_wconf 72' lang='lat' dir='ltr'><strong>PATROL.</strong></span> <span class='ocrx_word' id='word_1_612' title='bbox 1010 5928 1126 5986; x_wconf 80' lang='lat' dir='ltr'><strong>Gn.</strong></span> <span class='ocrx_word' id='word_1_613' title='bbox 1168 5925 1347 5988; x_wconf 65' lang='lat' dir='ltr'><strong>CXV.</strong></span> 
     </span>
    </p>
   </div>
   <div class='ocr_carea' id='block_1_92' title="bbox 2035 3238 3620 3316">
    <p class='ocr_par' dir='ltr' id='par_1_92' title="bbox 2035 3238 3620 3316">
     <span class='ocr_line' id='line_1_92' title="bbox 2035 3238 3620 3316; baseline 0.004 -23"><span class='ocrx_word' id='word_1_614' title='bbox 2035 3238 2222 3293; x_wconf 91' lang='lat' dir='ltr'><strong>situm.</strong></span> <span class='ocrx_word' id='word_1_615' title='bbox 2265 3257 2285 3291; x_wconf 71' lang='grc' dir='ltr'><strong>ι</strong></span> <span class='ocrx_word' id='word_1_616' title='bbox 2327 3239 2534 3296; x_wconf 87' lang='lat' dir='ltr'><strong>Deinde</strong></span> <span class='ocrx_word' id='word_1_617' title='bbox 2565 3255 2718 3308; x_wconf 89' lang='lat' dir='ltr'><strong>vero,</strong></span> <span class='ocrx_word' id='word_1_618' title='bbox 2744 3249 2869 3296; x_wconf 88' lang='lat' dir='ltr'><strong>cum</strong></span> <span class='ocrx_word' id='word_1_619' title='bbox 2901 3239 3236 3298; x_wconf 86' lang='lat' dir='ltr'><strong>Anthemius</strong></span> <span class='ocrx_word' id='word_1_620' title='bbox 3272 3259 3387 3299; x_wconf 89' lang='lat' dir='ltr'><strong>rem</strong></span> <span class='ocrx_word' id='word_1_621' title='bbox 3410 3255 3620 3316; x_wconf 86' lang='lat' dir='ltr'><strong>gestam</strong></span> 
     </span>
    </p>
   </div>
   <div class='ocr_carea' id='block_1_93' title="bbox 2034 3330 3626 3404">
    <p class='ocr_par' dir='ltr' id='par_1_93' title="bbox 2034 3330 3626 3404">
     <span class='ocr_line' id='line_1_93' title="bbox 2034 3330 3626 3404; baseline 0.005 -19"><span class='ocrx_word' id='word_1_622' title='bbox 2034 3331 2382 3401; x_wconf 70' lang='lat' dir='ltr'><strong>exposuisset</strong></span> <span class='ocrx_word' id='word_1_623' title='bbox 2412 3330 2622 3389; x_wconf 80' lang='lat' dir='ltr'><strong>Zenoni</strong></span> <span class='ocrx_word' id='word_1_624' title='bbox 2665 3334 3005 3404; x_wconf 84' lang='lat' dir='ltr'><strong>imperatori,</strong></span> <span class='ocrx_word' id='word_1_625' title='bbox 3068 3343 3124 3390; x_wconf 92' lang='lat' dir='ltr'><strong>et</strong></span> <span class='ocrx_word' id='word_1_626' title='bbox 3175 3336 3526 3403; x_wconf 87' lang='lat' dir='ltr'><strong>obtinuisset,</strong></span> <span class='ocrx_word' id='word_1_627' title='bbox 3565 3347 3626 3393; x_wconf 90' lang='lat' dir='ltr'><strong>ut</strong></span> 
     </span>
    </p>
   </div>
   <div class='ocr_carea' id='block_1_94' title="bbox 2035 3423 3626 3499">
    <p class='ocr_par' dir='ltr' id='par_1_94' title="bbox 2035 3423 3626 3499">
     <span class='ocr_line' id='line_1_94' title="bbox 2035 3423 3626 3499; baseline 0.006 -21"><span class='ocrx_word' id='word_1_628' title='bbox 2035 3423 2250 3495; x_wconf 80' lang='lat' dir='ltr'><strong>Cyprus</strong></span> <span class='ocrx_word' id='word_1_629' title='bbox 2280 3439 2391 3478; x_wconf 90' lang='lat' dir='ltr'><strong>non</strong></span> <span class='ocrx_word' id='word_1_630' title='bbox 2421 3425 2673 3491; x_wconf 77' lang='lat' dir='ltr'><strong>subesset</strong></span> <span class='ocrx_word' id='word_1_631' title='bbox 2706 3424 3034 3495; x_wconf 75' lang='lat' dir='ltr'><strong>patriarcha:</strong></span> <span class='ocrx_word' id='word_1_632' title='bbox 3081 3428 3430 3483; x_wconf 83' lang='lat' dir='ltr'><strong>Antioelieno</strong></span> <span class='ocrx_word' id='word_1_633' title='bbox 3451 3469 3466 3495; x_wconf 87' lang='lat'><strong>,</strong></span> <span class='ocrx_word' id='word_1_634' title='bbox 3525 3446 3626 3499; x_wconf 87' lang='lat' dir='ltr'><strong>pe-</strong></span> 
     </span>
    </p>
   </div>
   <div class='ocr_carea' id='block_1_95' title="bbox 2038 3514 3626 3581">
    <p class='ocr_par' dir='ltr' id='par_1_95' title="bbox 2038 3514 3626 3581">
     <span class='ocr_line' id='line_1_95' title="bbox 2038 3514 3626 3581; baseline 0.006 -14"><span class='ocrx_word' id='word_1_635' title='bbox 2038 3516 2126 3569; x_wconf 91' lang='lat' dir='ltr'><strong>tiit</strong></span> <span class='ocrx_word' id='word_1_636' title='bbox 2160 3515 2400 3570; x_wconf 88' lang='lat' dir='ltr'><strong>vicissim</strong></span> <span class='ocrx_word' id='word_1_637' title='bbox 2443 3514 2612 3581; x_wconf 84' lang='lat' dir='ltr'><strong>Zeno,</strong></span> <span class='ocrx_word' id='word_1_638' title='bbox 2649 3525 2709 3571; x_wconf 87' lang='lat' dir='ltr'><strong>ut</strong></span> <span class='ocrx_word' id='word_1_639' title='bbox 2745 3517 2813 3571; x_wconf 86' lang='lat' dir='ltr'><strong>ad</strong></span> <span class='ocrx_word' id='word_1_640' title='bbox 2866 3526 2928 3572; x_wconf 86' lang='lat' dir='ltr'><strong>se</strong></span> <span class='ocrx_word' id='word_1_641' title='bbox 2969 3518 3289 3574; x_wconf 75' lang='lat' dir='ltr'><strong>mitteretur</strong></span> <span class='ocrx_word' id='word_1_642' title='bbox 3338 3519 3626 3577; x_wconf 85' lang='lat' dir='ltr'><strong>inventum</strong></span> 
     </span>
    </p>
   </div>
   <div class='ocr_carea' id='block_1_96' title="bbox 2038 3607 3624 3685">
    <p class='ocr_par' dir='ltr' id='par_1_96' title="bbox 2038 3607 3624 3685">
     <span class='ocr_line' id='line_1_96' title="bbox 2038 3607 3624 3685; baseline 0.006 -23"><span class='ocrx_word' id='word_1_643' title='bbox 2038 3607 2276 3662; x_wconf 80' lang='lat' dir='ltr'><strong>Mattbaei</strong></span> <span class='ocrx_word' id='word_1_644' title='bbox 2305 3609 2679 3678; x_wconf 80' lang='lat' dir='ltr'><strong>Evangelium.</strong></span> <span class='ocrx_word' id='word_1_645' title='bbox 2721 3629 2738 3661; x_wconf 77' lang='grc' dir='ltr'><strong>ι</strong></span> <span class='ocrx_word' id='word_1_646' title='bbox 2771 3609 3049 3666; x_wconf 73' lang='lat' dir='ltr'><strong>Assensus</strong></span> <span class='ocrx_word' id='word_1_647' title='bbox 3080 3620 3166 3667; x_wconf 85' lang='lat' dir='ltr'><strong>est</strong></span> <span class='ocrx_word' id='word_1_648' title='bbox 3219 3614 3339 3684; x_wconf 85' lang='lat' dir='ltr'><strong>ejus</strong></span> <span class='ocrx_word' id='word_1_649' title='bbox 3371 3615 3624 3685; x_wconf 87' lang='lat' dir='ltr'><strong>petitioni</strong></span> 
     </span>
    </p>
   </div>
   <div class='ocr_carea' id='block_1_97' title="bbox 2037 3701 3625 3778">
    <p class='ocr_par' dir='ltr' id='par_1_97' title="bbox 2037 3701 3625 3778">
     <span class='ocr_line' id='line_1_97' title="bbox 2037 3701 3625 3778; baseline 0.004 -20"><span class='ocrx_word' id='word_1_650' title='bbox 2037 3701 2354 3773; x_wconf 72' lang='lat' dir='ltr'><strong>episcopos,</strong></span> <span class='ocrx_word' id='word_1_651' title='bbox 2406 3703 2482 3755; x_wconf 87' lang='lat' dir='ltr'><strong>ait</strong></span> <span class='ocrx_word' id='word_1_652' title='bbox 2526 3703 2860 3767; x_wconf 74' lang='lat' dir='ltr'><strong>Alexander,</strong></span> <span class='ocrx_word' id='word_1_653' title='bbox 2914 3720 3067 3759; x_wconf 90' lang='lat' dir='ltr'><strong>num.</strong></span> <span class='ocrx_word' id='word_1_654' title='bbox 3113 3705 3203 3767; x_wconf 67' lang='lat'><strong>44,</strong></span> <span class='ocrx_word' id='word_1_655' title='bbox 3247 3714 3303 3760; x_wconf 88' lang='lat' dir='ltr'><strong>et</strong></span> <span class='ocrx_word' id='word_1_656' title='bbox 3333 3708 3625 3778; x_wconf 84' lang='lat' dir='ltr'><strong>quemdam</strong></span> 
     </span>
    </p>
   </div>
   <div class='ocr_carea' id='block_1_98' title="bbox 2038 3791 3629 3868">
    <p class='ocr_par' dir='ltr' id='par_1_98' title="bbox 2038 3791 3629 3868">
     <span class='ocr_line' id='line_1_98' title="bbox 2038 3791 3629 3868; baseline 0.003 -21"><span class='ocrx_word' id='word_1_657' title='bbox 2038 3808 2104 3847; x_wconf 82' lang='lat' dir='ltr'><strong>ex</strong></span> <span class='ocrx_word' id='word_1_658' title='bbox 2136 3791 2223 3857; x_wconf 89' lang='lat' dir='ltr'><strong>iis,</strong></span> <span class='ocrx_word' id='word_1_659' title='bbox 2256 3807 2396 3860; x_wconf 91' lang='lat' dir='ltr'><strong>quos</strong></span> <span class='ocrx_word' id='word_1_660' title='bbox 2438 3805 2627 3846; x_wconf 82' lang='lat' dir='ltr'><strong>secum</strong></span> <span class='ocrx_word' id='word_1_661' title='bbox 2660 3791 2895 3847; x_wconf 88' lang='lat' dir='ltr'><strong>habebat</strong></span> <span class='ocrx_word' id='word_1_662' title='bbox 2926 3792 3471 3868; x_wconf 87' lang='lat' dir='ltr'><strong>(Constantinopoli),</strong></span> <span class='ocrx_word' id='word_1_663' title='bbox 3520 3813 3629 3853; x_wconf 83' lang='lat' dir='ltr'><strong>una</strong></span> 
     </span>
    </p>
   </div>
   <div class='ocr_carea' id='block_1_99' title="bbox 2039 3881 3628 3957">
    <p class='ocr_par' dir='ltr' id='par_1_99' title="bbox 2039 3881 3628 3957">
     <span class='ocr_line' id='line_1_99' title="bbox 2039 3881 3628 3957; baseline 0.003 -20"><span class='ocrx_word' id='word_1_664' title='bbox 2039 3898 2163 3938; x_wconf 89' lang='lat' dir='ltr'><strong>cum</strong></span> <span class='ocrx_word' id='word_1_665' title='bbox 2208 3881 2530 3936; x_wconf 77' lang='lat' dir='ltr'><strong>ﬁdelissimo</strong></span> <span class='ocrx_word' id='word_1_666' title='bbox 2582 3881 2938 3951; x_wconf 83' lang='lat' dir='ltr'><strong>imperatoris</strong></span> <span class='ocrx_word' id='word_1_667' title='bbox 2991 3884 3245 3940; x_wconf 85' lang='lat' dir='ltr'><strong>ministro</strong></span> <span class='ocrx_word' id='word_1_668' title='bbox 3305 3885 3628 3957; x_wconf 88' lang='lat' dir='ltr'><strong>episcopum</strong></span> 
     </span>
    </p>
   </div>
   <div class='ocr_carea' id='block_1_100' title="bbox 2042 3972 3633 4048">
    <p class='ocr_par' dir='ltr' id='par_1_100' title="bbox 2042 3972 3633 4048">
     <span class='ocr_line' id='line_1_100' title="bbox 2042 3972 3633 4048; baseline 0.004 -19"><span class='ocrx_word' id='word_1_669' title='bbox 2042 3975 2217 4039; x_wconf 86' lang='lat' dir='ltr'><strong>misit,</strong></span> <span class='ocrx_word' id='word_1_670' title='bbox 2257 3976 2348 4044; x_wconf 91' lang='lat' dir='ltr'><strong>qui</strong></span> <span class='ocrx_word' id='word_1_671' title='bbox 2381 3972 2740 4048; x_wconf 87' lang='lat' dir='ltr'><strong>Evangelium</strong></span> <span class='ocrx_word' id='word_1_672' title='bbox 2799 3975 2937 4031; x_wconf 90' lang='lat' dir='ltr'><strong>illud</strong></span> <span class='ocrx_word' id='word_1_673' title='bbox 2972 3975 3025 4031; x_wconf 94' lang='lat' dir='ltr'><strong>in</strong></span> <span class='ocrx_word' id='word_1_674' title='bbox 3070 3978 3263 4034; x_wconf 90' lang='lat' dir='ltr'><strong>urbem</strong></span> <span class='ocrx_word' id='word_1_675' title='bbox 3313 3977 3633 4035; x_wconf 80' lang='lat' dir='ltr'><strong>Constanti-</strong></span> 
     </span>
    </p>
   </div>
   <div class='ocr_carea' id='block_1_101' title="bbox 2044 4058 3633 4137">
    <p class='ocr_par' dir='ltr' id='par_1_101' title="bbox 2044 4058 3633 4137">
     <span class='ocr_line' id='line_1_101' title="bbox 2044 4058 3633 4137; baseline 0.005 -17"><span class='ocrx_word' id='word_1_676' title='bbox 2044 4066 2292 4137; x_wconf 86' lang='lat' dir='ltr'><strong>nopolim</strong></span> <span class='ocrx_word' id='word_1_677' title='bbox 2359 4068 2687 4124; x_wconf 89' lang='lat' dir='ltr'><strong>attulerunt.</strong></span> <span class='ocrx_word' id='word_1_678' title='bbox 2760 4058 2932 4124; x_wconf 86' lang='lat' dir='ltr'><strong>Erant</strong></span> <span class='ocrx_word' id='word_1_679' title='bbox 3001 4080 3186 4126; x_wconf 84' lang='lat' dir='ltr'><strong>autem</strong></span> <span class='ocrx_word' id='word_1_680' title='bbox 3244 4072 3366 4127; x_wconf 88' lang='lat' dir='ltr'><strong>libri</strong></span> <span class='ocrx_word' id='word_1_681' title='bbox 3421 4075 3633 4131; x_wconf 65' lang='lat' dir='ltr'><strong>tabella:</strong></span> 
     </span>
    </p>
   </div>
   <div class='ocr_carea' id='block_1_102' title="bbox 2047 4161 3633 4241">
    <p class='ocr_par' dir='ltr' id='par_1_102' title="bbox 2047 4161 3633 4241">
     <span class='ocr_line' id='line_1_102' title="bbox 2047 4161 3633 4241; baseline 0.007 -26"><span class='ocrx_word' id='word_1_682' title='bbox 2047 4161 2252 4231; x_wconf 76' lang='lat' dir='ltr'><strong>thyinis</strong></span> <span class='ocrx_word' id='word_1_683' title='bbox 2283 4161 2441 4233; x_wconf 88' lang='lat' dir='ltr'><strong>lignis</strong></span> <span class='ocrx_word' id='word_1_684' title='bbox 2481 4163 2822 4234; x_wconf 65' lang='lat' dir='ltr'><strong>compositae.</strong></span> <span class='ocrx_word' id='word_1_685' title='bbox 2867 4164 3226 4236; x_wconf 84' lang='lat' dir='ltr'><strong>Evangelium</strong></span> <span class='ocrx_word' id='word_1_686' title='bbox 3277 4168 3412 4223; x_wconf 91' lang='lat' dir='ltr'><strong>illud</strong></span> <span class='ocrx_word' id='word_1_687' title='bbox 3459 4170 3633 4241; x_wconf 85' lang='lat' dir='ltr'><strong>impe-</strong></span> 
     </span>
    </p>
   </div>
   <div class='ocr_carea' id='block_1_103' title="bbox 2044 4254 3635 4327">
    <p class='ocr_par' dir='ltr' id='par_1_103' title="bbox 2044 4254 3635 4327">
     <span class='ocr_line' id='line_1_103' title="bbox 2044 4254 3635 4327; baseline 0.005 -18"><span class='ocrx_word' id='word_1_688' title='bbox 2044 4263 2195 4310; x_wconf 85' lang='lat' dir='ltr'><strong>rator</strong></span> <span class='ocrx_word' id='word_1_689' title='bbox 2228 4254 2286 4309; x_wconf 91' lang='lat' dir='ltr'><strong>in</strong></span> <span class='ocrx_word' id='word_1_690' title='bbox 2307 4271 2530 4311; x_wconf 89' lang='lat' dir='ltr'><strong>manum</strong></span> <span class='ocrx_word' id='word_1_691' title='bbox 2557 4256 2813 4327; x_wconf 86' lang='lat' dir='ltr'><strong>sumpsit,</strong></span> <span class='ocrx_word' id='word_1_692' title='bbox 2841 4266 2897 4312; x_wconf 92' lang='lat' dir='ltr'><strong>et</strong></span> <span class='ocrx_word' id='word_1_693' title='bbox 2932 4257 3282 4314; x_wconf 85' lang='lat' dir='ltr'><strong>deosculatus</strong></span> <span class='ocrx_word' id='word_1_694' title='bbox 3326 4269 3433 4327; x_wconf 91' lang='lat' dir='ltr'><strong>est,</strong></span> <span class='ocrx_word' id='word_1_695' title='bbox 3468 4276 3635 4318; x_wconf 85' lang='lat' dir='ltr'><strong>auro-</strong></span> 
     </span>
    </p>
   </div>
   <div class='ocr_carea' id='block_1_104' title="bbox 2049 4348 3634 4424">
    <p class='ocr_par' dir='ltr' id='par_1_104' title="bbox 2049 4348 3634 4424">
     <span class='ocr_line' id='line_1_104' title="bbox 2049 4348 3634 4424; baseline 0.004 -21"><span class='ocrx_word' id='word_1_696' title='bbox 2049 4363 2156 4419; x_wconf 89' lang='lat' dir='ltr'><strong>que</strong></span> <span class='ocrx_word' id='word_1_697' title='bbox 2178 4348 2354 4404; x_wconf 89' lang='lat' dir='ltr'><strong>multo</strong></span> <span class='ocrx_word' id='word_1_698' title='bbox 2388 4356 2718 4406; x_wconf 81' lang='lat' dir='ltr'><strong>exornatum</strong></span> <span class='ocrx_word' id='word_1_699' title='bbox 2747 4351 2802 4405; x_wconf 90' lang='lat' dir='ltr'><strong>in</strong></span> <span class='ocrx_word' id='word_1_700' title='bbox 2845 4351 3055 4423; x_wconf 89' lang='lat' dir='ltr'><strong>palatio</strong></span> <span class='ocrx_word' id='word_1_701' title='bbox 3104 4368 3203 4409; x_wconf 92' lang='lat' dir='ltr'><strong>suo</strong></span> <span class='ocrx_word' id='word_1_702' title='bbox 3238 4353 3508 4424; x_wconf 88' lang='lat' dir='ltr'><strong>reposuit,</strong></span> <span class='ocrx_word' id='word_1_703' title='bbox 3543 4355 3634 4412; x_wconf 91' lang='lat' dir='ltr'><strong>ubi</strong></span> 
     </span>
    </p>
   </div>
   <div class='ocr_carea' id='block_1_105' title="bbox 2048 4437 3635 4517">
    <p class='ocr_par' dir='ltr' id='par_1_105' title="bbox 2048 4437 3635 4517">
     <span class='ocr_line' id='line_1_105' title="bbox 2048 4437 3635 4517; baseline 0.004 -24"><span class='ocrx_word' id='word_1_704' title='bbox 2048 4440 2117 4495; x_wconf 86' lang='lat' dir='ltr'><strong>ad</strong></span> <span class='ocrx_word' id='word_1_705' title='bbox 2149 4437 2480 4495; x_wconf 79' lang='lat' dir='ltr'><strong>hodiernum</strong></span> <span class='ocrx_word' id='word_1_706' title='bbox 2526 4456 2700 4511; x_wconf 88' lang='lat' dir='ltr'><strong>usque</strong></span> <span class='ocrx_word' id='word_1_707' title='bbox 2723 4441 2868 4497; x_wconf 89' lang='lat' dir='ltr'><strong>diem</strong></span> <span class='ocrx_word' id='word_1_708' title='bbox 2927 4453 3198 4509; x_wconf 81' lang='lat' dir='ltr'><strong>servatur,</strong></span> <span class='ocrx_word' id='word_1_709' title='bbox 3246 4452 3300 4497; x_wconf 89' lang='lat' dir='ltr'><strong>et</strong></span> <span class='ocrx_word' id='word_1_710' title='bbox 3348 4443 3405 4499; x_wconf 91' lang='lat' dir='ltr'><strong>in</strong></span> <span class='ocrx_word' id='word_1_711' title='bbox 3439 4461 3635 4517; x_wconf 78' lang='lat' dir='ltr'><strong>magna</strong></span> 
     </span>
    </p>
   </div>
   <div class='ocr_carea' id='block_1_106' title="bbox 1977 4525 3636 4606">
    <p class='ocr_par' dir='ltr' id='par_1_106' title="bbox 1977 4525 3636 4606">
     <span class='ocr_line' id='line_1_106' title="bbox 1977 4525 3636 4606; baseline 0.009 -28"><span class='ocrx_word' id='word_1_712' title='bbox 1977 4525 2017 4578; x_wconf 74' lang='grc' dir='ltr'><strong>ιι</strong></span> <span class='ocrx_word' id='word_1_713' title='bbox 2050 4533 2239 4600; x_wconf 81' lang='lat' dir='ltr'><strong>quinta</strong></span> <span class='ocrx_word' id='word_1_714' title='bbox 2273 4531 2495 4588; x_wconf 72' lang='lat' dir='ltr'><strong>Paschtc</strong></span> <span class='ocrx_word' id='word_1_715' title='bbox 2528 4532 2662 4587; x_wconf 86' lang='lat' dir='ltr'><strong>feria</strong></span> <span class='ocrx_word' id='word_1_716' title='bbox 2703 4534 3002 4605; x_wconf 88' lang='lat' dir='ltr'><strong>quotannis</strong></span> <span class='ocrx_word' id='word_1_717' title='bbox 3046 4536 3100 4589; x_wconf 93' lang='lat' dir='ltr'><strong>in</strong></span> <span class='ocrx_word' id='word_1_718' title='bbox 3159 4536 3346 4606; x_wconf 87' lang='lat' dir='ltr'><strong>palatii</strong></span> <span class='ocrx_word' id='word_1_719' title='bbox 3390 4538 3636 4594; x_wconf 74' lang='lat' dir='ltr'><strong>oratorio</strong></span> 
     </span>
    </p>
   </div>
   <div class='ocr_carea' id='block_1_107' title="bbox 2048 4624 3638 4695">
    <p class='ocr_par' dir='ltr' id='par_1_107' title="bbox 2048 4624 3638 4695">
     <span class='ocr_line' id='line_1_107' title="bbox 2048 4624 3638 4695; baseline 0.007 -18"><span class='ocrx_word' id='word_1_720' title='bbox 2048 4624 2400 4695; x_wconf 78' lang='lat' dir='ltr'><strong>Evangelium</strong></span> <span class='ocrx_word' id='word_1_721' title='bbox 2448 4638 2514 4678; x_wconf 75' lang='lat' dir='ltr'><strong>ex</strong></span> <span class='ocrx_word' id='word_1_722' title='bbox 2556 4640 2625 4681; x_wconf 88' lang='lat' dir='ltr'><strong>eo</strong></span> <span class='ocrx_word' id='word_1_723' title='bbox 2691 4625 2832 4681; x_wconf 88' lang='lat' dir='ltr'><strong>libro</strong></span> <span class='ocrx_word' id='word_1_724' title='bbox 2888 4627 3173 4682; x_wconf 87' lang='lat' dir='ltr'><strong>recitatur.</strong></span> <span class='ocrx_word' id='word_1_725' title='bbox 3219 4646 3238 4679; x_wconf 79' lang='grc' dir='ltr'><strong>ι</strong></span> <span class='ocrx_word' id='word_1_726' title='bbox 3293 4626 3420 4684; x_wconf 76' lang='grc' dir='ltr'><strong>Πωο</strong></span> <span class='ocrx_word' id='word_1_727' title='bbox 3472 4629 3638 4688; x_wconf 88' lang='lat' dir='ltr'><strong>lectio</strong></span> 
     </span>
    </p>
   </div>
   <div class='ocr_carea' id='block_1_108' title="bbox 2044 4714 3634 4793">
    <p class='ocr_par' dir='ltr' id='par_1_108' title="bbox 2044 4714 3634 4793">
     <span class='ocr_line' id='line_1_108' title="bbox 2044 4714 3634 4793; baseline 0.005 -22"><span class='ocrx_word' id='word_1_728' title='bbox 2044 4719 2409 4781; x_wconf 84' lang='lat' dir='ltr'><strong>demonstrat,</strong></span> <span class='ocrx_word' id='word_1_729' title='bbox 2440 4714 2629 4772; x_wconf 81' lang='lat' dir='ltr'><strong>Graece</strong></span> <span class='ocrx_word' id='word_1_730' title='bbox 2649 4719 2913 4788; x_wconf 86' lang='lat' dir='ltr'><strong>scriptum</strong></span> <span class='ocrx_word' id='word_1_731' title='bbox 2938 4718 3111 4776; x_wconf 83' lang='lat' dir='ltr'><strong>fuisse</strong></span> <span class='ocrx_word' id='word_1_732' title='bbox 3145 4720 3291 4777; x_wconf 90' lang='lat' dir='ltr'><strong>istud</strong></span> <span class='ocrx_word' id='word_1_733' title='bbox 3329 4725 3634 4793; x_wconf 70' lang='lat' dir='ltr'><strong>exemplar,</strong></span> 
     </span>
    </p>
   </div>
   <div class='ocr_carea' id='block_1_109' title="bbox 2044 4808 3634 4883">
    <p class='ocr_par' dir='ltr' id='par_1_109' title="bbox 2044 4808 3634 4883">
     <span class='ocr_line' id='line_1_109' title="bbox 2044 4808 3634 4883; baseline 0.006 -23"><span class='ocrx_word' id='word_1_734' title='bbox 2044 4825 2169 4862; x_wconf 83' lang='lat' dir='ltr'><strong>cum</strong></span> <span class='ocrx_word' id='word_1_735' title='bbox 2220 4808 2542 4882; x_wconf 70' lang='lat' dir='ltr'><strong>soldlinguu</strong></span> <span class='ocrx_word' id='word_1_736' title='bbox 2570 4811 2757 4866; x_wconf 69' lang='lat' dir='ltr'><strong>Graeca</strong></span> <span class='ocrx_word' id='word_1_737' title='bbox 2800 4811 3276 4883; x_wconf 77' lang='lat' dir='ltr'><strong>Constantinopoli</strong></span> <span class='ocrx_word' id='word_1_738' title='bbox 3330 4826 3476 4871; x_wconf 78' lang='lat' dir='ltr'><strong>esset</strong></span> <span class='ocrx_word' id='word_1_739' title='bbox 3516 4817 3634 4870; x_wconf 82' lang='lat' dir='ltr'><strong>vul-</strong></span> 
     </span>
    </p>
   </div>
   <div class='ocr_carea' id='block_1_110' title="bbox 2045 4901 3632 4974">
    <p class='ocr_par' dir='ltr' id='par_1_110' title="bbox 2045 4901 3632 4974">
     <span class='ocr_line' id='line_1_110' title="bbox 2045 4901 3632 4974; baseline 0.005 -19"><span class='ocrx_word' id='word_1_740' title='bbox 2045 4901 2230 4973; x_wconf 84' lang='lat' dir='ltr'><strong>garis;</strong></span> <span class='ocrx_word' id='word_1_741' title='bbox 2287 4904 2524 4974; x_wconf 88' lang='lat' dir='ltr'><strong>indeque</strong></span> <span class='ocrx_word' id='word_1_742' title='bbox 2589 4904 2970 4969; x_wconf 81' lang='lat' dir='ltr'><strong>conﬁrmatur,</strong></span> <span class='ocrx_word' id='word_1_743' title='bbox 3032 4908 3341 4961; x_wconf 87' lang='lat' dir='ltr'><strong>versionem</strong></span> <span class='ocrx_word' id='word_1_744' title='bbox 3389 4907 3632 4964; x_wconf 74' lang='lat' dir='ltr'><strong>Grtt‘cam</strong></span> 
     </span>
    </p>
   </div>
   <div class='ocr_carea' id='block_1_111' title="bbox 2044 4995 3103 5067">
    <p class='ocr_par' dir='ltr' id='par_1_111' title="bbox 2044 4995 3103 5067">
     <span class='ocr_line' id='line_1_111' title="bbox 2044 4995 3103 5067; baseline 0.004 -18"><span class='ocrx_word' id='word_1_745' title='bbox 2044 4995 2423 5065; x_wconf 81' lang='lat' dir='ltr'><strong>apostolorum</strong></span> <span class='ocrx_word' id='word_1_746' title='bbox 2456 5005 2705 5067; x_wconf 85' lang='lat' dir='ltr'><strong>tempore</strong></span> <span class='ocrx_word' id='word_1_747' title='bbox 2737 4998 2935 5053; x_wconf 88' lang='lat' dir='ltr'><strong>factam</strong></span> <span class='ocrx_word' id='word_1_748' title='bbox 2956 5011 3103 5053; x_wconf 86' lang='lat' dir='ltr'><strong>esse.</strong></span> 
     </span>
    </p>
   </div>
   <div class='ocr_carea' id='block_1_112' title="bbox 2118 5086 3634 5161">
    <p class='ocr_par' dir='ltr' id='par_1_112' title="bbox 2118 5086 3634 5161">
     <span class='ocr_line' id='line_1_112' title="bbox 2118 5086 3634 5161; baseline 0.005 -18"><span class='ocrx_word' id='word_1_749' title='bbox 2118 5086 2212 5144; x_wconf 74' lang='grc'><strong>46.</strong></span> <span class='ocrx_word' id='word_1_750' title='bbox 2244 5087 2655 5161; x_wconf 83' lang='lat' dir='ltr'><strong>Papebrochius</strong></span> <span class='ocrx_word' id='word_1_751' title='bbox 2686 5100 2872 5147; x_wconf 89' lang='lat' dir='ltr'><strong>noster</strong></span> <span class='ocrx_word' id='word_1_752' title='bbox 2935 5090 2990 5145; x_wconf 92' lang='lat' dir='ltr'><strong>in</strong></span> <span class='ocrx_word' id='word_1_753' title='bbox 3028 5093 3320 5149; x_wconf 87' lang='lat' dir='ltr'><strong>Aduotatis</strong></span> <span class='ocrx_word' id='word_1_754' title='bbox 3348 5095 3415 5150; x_wconf 89' lang='lat' dir='ltr'><strong>ad</strong></span> <span class='ocrx_word' id='word_1_755' title='bbox 3469 5094 3634 5150; x_wconf 87' lang='lat' dir='ltr'><strong>verba</strong></span> 
     </span>
    </p>
   </div>
   <div class='ocr_carea' id='block_1_113' title="bbox 2041 5179 3631 5258">
    <p class='ocr_par' dir='ltr' id='par_1_113' title="bbox 2041 5179 3631 5258">
     <span class='ocr_line' id='line_1_113' title="bbox 2041 5179 3631 5258; baseline 0.005 -25"><span class='ocrx_word' id='word_1_756' title='bbox 2041 5179 2327 5249; x_wconf 80' lang='lat' dir='ltr'><strong>jam’data</strong></span> <span class='ocrx_word' id='word_1_757' title='bbox 2364 5183 2683 5253; x_wconf 84' lang='lat' dir='ltr'><strong>apparentis</strong></span> <span class='ocrx_word' id='word_1_758' title='bbox 2718 5182 2979 5239; x_wconf 72' lang='lat' dir='ltr'><strong>Barnabze</strong></span> <span class='ocrx_word' id='word_1_759' title='bbox 3009 5185 3267 5240; x_wconf 85' lang='lat' dir='ltr'><strong>observat</strong></span> <span class='ocrx_word' id='word_1_760' title='bbox 3297 5189 3580 5258; x_wconf 76' lang='lat' dir='ltr'><strong>sequentia</strong></span> <span class='ocrx_word' id='word_1_761' title='bbox 3618 5206 3631 5241; x_wconf 88' lang='lat'>:</span> 
     </span>
    </p>
   </div>
   <div class='ocr_carea' id='block_1_114' title="bbox 2055 5273 3636 5348">
    <p class='ocr_par' dir='ltr' id='par_1_114' title="bbox 2055 5273 3636 5348">
     <span class='ocr_line' id='line_1_114' title="bbox 2055 5273 3636 5348; baseline 0.005 -24"><span class='ocrx_word' id='word_1_762' title='bbox 2055 5294 2070 5324; x_wconf 84' lang='grc' dir='ltr'><strong>ι</strong></span> <span class='ocrx_word' id='word_1_763' title='bbox 2103 5273 2330 5331; x_wconf 87' lang='lat' dir='ltr'><strong>Nativus</strong></span> <span class='ocrx_word' id='word_1_764' title='bbox 2352 5275 2644 5331; x_wconf 81' lang='lat' dir='ltr'><strong>verborum</strong></span> <span class='ocrx_word' id='word_1_765' title='bbox 2679 5292 2880 5332; x_wconf 81' lang='lat' dir='ltr'><strong>sensus</strong></span> <span class='ocrx_word' id='word_1_766' title='bbox 2919 5277 3136 5333; x_wconf 84' lang='lat' dir='ltr'><strong>videtur</strong></span> <span class='ocrx_word' id='word_1_767' title='bbox 3173 5280 3482 5348; x_wconf 87' lang='lat' dir='ltr'><strong>esse,quod</strong></span> <span class='ocrx_word' id='word_1_768' title='bbox 3504 5279 3636 5333; x_wconf 65' lang='lat' dir='ltr'><strong>Baro</strong></span> 
     </span>
    </p>
   </div>
   <div class='ocr_carea' id='block_1_115' title="bbox 2048 5367 3632 5440">
    <p class='ocr_par' dir='ltr' id='par_1_115' title="bbox 2048 5367 3632 5440">
     <span class='ocr_line' id='line_1_115' title="bbox 2048 5367 3632 5440; baseline 0.003 -20"><span class='ocrx_word' id='word_1_769' title='bbox 2048 5368 2218 5423; x_wconf 83' lang='lat' dir='ltr'><strong>nabas</strong></span> <span class='ocrx_word' id='word_1_770' title='bbox 2270 5367 2655 5440; x_wconf 75' lang='lat' dir='ltr'><strong>Evangelium,</strong></span> <span class='ocrx_word' id='word_1_771' title='bbox 2727 5368 2985 5440; x_wconf 83' lang='lat' dir='ltr'><strong>primitus</strong></span> <span class='ocrx_word' id='word_1_772' title='bbox 3040 5369 3310 5425; x_wconf 82' lang='lat' dir='ltr'><strong>Hebraice</strong></span> <span class='ocrx_word' id='word_1_773' title='bbox 3393 5371 3632 5433; x_wconf 82' lang='lat' dir='ltr'><strong>editum,</strong></span> 
     </span>
    </p>
   </div>
   <div class='ocr_carea' id='block_1_116' title="bbox 2051 5461 3635 5534">
    <p class='ocr_par' dir='ltr' id='par_1_116' title="bbox 2051 5461 3635 5534">
     <span class='ocr_line' id='line_1_116' title="bbox 2051 5461 3635 5534; baseline 0.006 -23"><span class='ocrx_word' id='word_1_774' title='bbox 2051 5461 2268 5531; x_wconf 82' lang='lat' dir='ltr'><strong>propria</strong></span> <span class='ocrx_word' id='word_1_775' title='bbox 2309 5477 2474 5515; x_wconf 89' lang='lat' dir='ltr'><strong>manu</strong></span> <span class='ocrx_word' id='word_1_776' title='bbox 2509 5464 2794 5533; x_wconf 73' lang='lat' dir='ltr'><strong>exceperit</strong></span> <span class='ocrx_word' id='word_1_777' title='bbox 2853 5477 2925 5518; x_wconf 77' lang='lat' dir='ltr'><strong>ex</strong></span> <span class='ocrx_word' id='word_1_778' title='bbox 2971 5476 3068 5518; x_wconf 89' lang='lat' dir='ltr'><strong>ore</strong></span> <span class='ocrx_word' id='word_1_779' title='bbox 3121 5462 3412 5534; x_wconf 81' lang='lat' dir='ltr'><strong>ipsiusmet</strong></span> <span class='ocrx_word' id='word_1_780' title='bbox 3458 5465 3635 5520; x_wconf 89' lang='lat' dir='ltr'><strong>sancti</strong></span> 
     </span>
    </p>
   </div>
   <div class='ocr_carea' id='block_1_117' title="bbox 2047 5553 3632 5621">
    <p class='ocr_par' dir='ltr' id='par_1_117' title="bbox 2047 5553 3632 5621">
     <span class='ocr_line' id='line_1_117' title="bbox 2047 5553 3632 5621; baseline 0.003 -15"><span class='ocrx_word' id='word_1_781' title='bbox 2047 5554 2310 5618; x_wconf 69' lang='lat' dir='ltr'><strong>Matth-.ci,</strong></span> <span class='ocrx_word' id='word_1_782' title='bbox 2350 5553 2482 5609; x_wconf 89' lang='lat' dir='ltr'><strong>illud</strong></span> <span class='ocrx_word' id='word_1_783' title='bbox 2533 5553 2719 5609; x_wconf 68' lang='lat' dir='ltr'><strong>Graece</strong></span> <span class='ocrx_word' id='word_1_784' title='bbox 2771 5553 3053 5621; x_wconf 86' lang='lat' dir='ltr'><strong>dictantis,</strong></span> <span class='ocrx_word' id='word_1_785' title='bbox 3086 5564 3143 5610; x_wconf 91' lang='lat' dir='ltr'><strong>et</strong></span> <span class='ocrx_word' id='word_1_786' title='bbox 3182 5571 3368 5612; x_wconf 83' lang='lat' dir='ltr'><strong>secum</strong></span> <span class='ocrx_word' id='word_1_787' title='bbox 3422 5557 3632 5621; x_wconf 87' lang='lat' dir='ltr'><strong>tulerit,</strong></span> 
     </span>
    </p>
   </div>
   <div class='ocr_carea' id='block_1_118' title="bbox 2048 5645 3634 5705">
    <p class='ocr_par' dir='ltr' id='par_1_118' title="bbox 2048 5645 3634 5705">
     <span class='ocr_line' id='line_1_118' title="bbox 2048 5645 3634 5705; baseline 0.005 -8"><span class='ocrx_word' id='word_1_788' title='bbox 2048 5646 2191 5698; x_wconf 73' lang='lat' dir='ltr'><strong>sicut</strong></span> <span class='ocrx_word' id='word_1_789' title='bbox 2220 5648 2386 5700; x_wconf 86' lang='lat' dir='ltr'><strong>etiam</strong></span> <span class='ocrx_word' id='word_1_790' title='bbox 2424 5645 2626 5704; x_wconf 86' lang='lat' dir='ltr'><strong>fecisse</strong></span> <span class='ocrx_word' id='word_1_791' title='bbox 2652 5646 2858 5703; x_wconf 86' lang='lat' dir='ltr'><strong>dicitur</strong></span> <span class='ocrx_word' id='word_1_792' title='bbox 2904 5657 3131 5703; x_wconf 86' lang='lat' dir='ltr'><strong>sanctus</strong></span> <span class='ocrx_word' id='word_1_793' title='bbox 3198 5648 3634 5705; x_wconf 68' lang='lat' dir='ltr'><strong>Bartbolommus</strong></span> 
     </span>
    </p>
   </div>
   <div class='ocr_carea' id='block_1_119' title="bbox 2049 5736 3634 5810">
    <p class='ocr_par' dir='ltr' id='par_1_119' title="bbox 2049 5736 3634 5810">
     <span class='ocr_line' id='line_1_119' title="bbox 2049 5736 3634 5810; baseline 0.006 -22"><span class='ocrx_word' id='word_1_794' title='bbox 2049 5736 2139 5807; x_wconf 83' lang='lat' dir='ltr'><strong>(de</strong></span> <span class='ocrx_word' id='word_1_795' title='bbox 2170 5736 2440 5794; x_wconf 82' lang='lat' dir='ltr'><strong>llebraico</strong></span> <span class='ocrx_word' id='word_1_796' title='bbox 2469 5738 2786 5805; x_wconf 86' lang='lat' dir='ltr'><strong>nimirum),</strong></span> <span class='ocrx_word' id='word_1_797' title='bbox 2826 5741 3013 5810; x_wconf 85' lang='lat' dir='ltr'><strong>plures</strong></span> <span class='ocrx_word' id='word_1_798' title='bbox 3062 5741 3291 5798; x_wconf 83' lang='lat' dir='ltr'><strong>forsitan</strong></span> <span class='ocrx_word' id='word_1_799' title='bbox 3344 5744 3458 5809; x_wconf 88' lang='lat' dir='ltr'><strong>alii,</strong></span> <span class='ocrx_word' id='word_1_800' title='bbox 3524 5758 3634 5799; x_wconf 91' lang='lat' dir='ltr'><strong>uno</strong></span> 
     </span>
    </p>
   </div>
   <div class='ocr_carea' id='block_1_120' title="bbox 2049 5831 3635 5909">
    <p class='ocr_par' dir='ltr' id='par_1_120' title="bbox 2049 5831 3635 5909">
     <span class='ocr_line' id='line_1_120' title="bbox 2049 5831 3635 5909; baseline 0.003 -22"><span class='ocrx_word' id='word_1_801' title='bbox 2049 5831 2351 5904; x_wconf 89' lang='lat' dir='ltr'><strong>eodemque</strong></span> <span class='ocrx_word' id='word_1_802' title='bbox 2388 5842 2578 5892; x_wconf 90' lang='lat' dir='ltr'><strong>tenore</strong></span> <span class='ocrx_word' id='word_1_803' title='bbox 2606 5845 2662 5892; x_wconf 87' lang='lat' dir='ltr'><strong>et</strong></span> <span class='ocrx_word' id='word_1_804' title='bbox 2687 5845 2957 5909; x_wconf 83' lang='lat' dir='ltr'><strong>tempore,</strong></span> <span class='ocrx_word' id='word_1_805' title='bbox 2990 5838 3128 5895; x_wconf 84' lang='lat' dir='ltr'><strong>citra</strong></span> <span class='ocrx_word' id='word_1_806' title='bbox 3176 5839 3337 5893; x_wconf 86' lang='lat' dir='ltr'><strong>ullam</strong></span> <span class='ocrx_word' id='word_1_807' title='bbox 3369 5838 3635 5895; x_wconf 73' lang='lat' dir='ltr'><strong>dill‘eren-</strong></span> 
     </span>
    </p>
   </div>
   <div class='ocr_carea' id='block_1_121' title="bbox 3239 5931 3314 5993">
    <p class='ocr_par' dir='ltr' id='par_1_121' title="bbox 3239 5931 3314 5993">
     <span class='ocr_line' id='line_1_121' title="bbox 3239 5931 3314 5993; baseline 0 0"><span class='ocrx_word' id='word_1_808' title='bbox 3239 5931 3314 5993; x_wconf 68' lang='lat'><strong>2‘5</strong></span> 
     </span>
    </p>
   </div>
  </div>
