4002 6446
411 349 508 412 179

1632 343 1918 404 MENSIS
1959 339 2254 403 SEPTEM
2265 339 2438 403 BER.

3563 333 3674 400 780

405 467 577 530 tiam;
610 455 731 536 quae
764 461 1000 519 inveniri
1035 460 1282 527 deberet,
1313 460 1357 515 si
1391 458 1628 531 quisque
1651 475 1754 514 suo
1808 468 1983 513 marte
2014 461 2059 518 Α
2088 457 2189 523 dit,
2234 474 2426 528 parum
2465 463 2558 510 aut
2622 453 2760 510 nihil
2789 453 2888 509 .de
2965 453 3364 524 praedicatione
3432 451 3678 509 Matthaai

399 555 681 628 propriam
716 554 820 611 sibi
849 553 1167 610 versionem
1199 551 1444 616 fecisset,
1472 549 1632 620 cujus
1659 549 1986 604 dillcrentite

2090 558 2432 620 compertum
2473 547 2579 604 sibi
2643 547 2838 603 fuisse.
2900 546 3117 600 Etenim
3173 544 3380 600 nullam
3430 545 3681 600 nominat

400 635 609 698 nullum
635 642 845 712 uspiam
868 650 1047 696 exstat
1081 639 1370 695 indicium.
1403 641 1584 710 Atque
1616 639 1744 694 hinc
1779 640 1985 694 factum
2089 640 2431 711 provinciam
2461 648 2558 694 aut
2586 639 2802 702 urbem,
2836 638 2892 693 in
2928 653 3035 708 qua
3071 637 3233 693 ﬁdem
3291 636 3680 708 praedicaverit

407 736 488 800 sit,
521 743 580 790 ut
601 735 689 788 alii
722 732 1014 799 Jacobum,
1042 732 1132 786 alii
1154 732 1559 798 Joannem,alii
1583 733 1749 787 etiam
1781 733 1985 788 Lucam

405 828 485 883 vel
538 827 768 881 Paulum
834 827 1198 896 interpretem
1259 827 1514 893 fecerint,
1564 837 1730 897 prout
1778 825 1988 881 scilicet

401 932 626 985 qumque
659 915 907 970 Ecclesia
942 915 1299 988 Evangelium
1327 916 1542 986 legebat
1586 932 1653 970 ex
1701 916 1868 985 hujus
1900 918 1986 971 vel

400 1009 544 1063 illius
597 1009 831 1078 apostoli
897 1009 1260 1079 autographa.
1317 1027 1337 1060 ι
1397 1008 1718 1062 Verisimilis
1762 1009 1984 1078 quidem

399 1111 624 1171 apparet
662 1101 780 1156 haec
807 1101 1160 1170 conjectura;
1213 1101 1520 1171 praesertim
1576 1115 1700 1156 cum
1749 1099 1984 1170 apostoli

397 1211 507 1247 non
539 1194 826 1249 videantur
880 1195 1110 1264 profecti
1155 1194 1220 1247 ad
1285 1193 1612 1264 longinquas
1674 1192 1986 1262 provincias

389 1296 526 1341 ante
577 1287 844 1356 scriptum
890 1286 1130 1342 Mattliaei
1180 1287 1566 1358 Evangelium,
1632 1296 1694 1341 ut
1743 1285 1984 1342 dubitari

395 1381 485 1435 vix
532 1380 731 1452 possit,
801 1379 936 1448 quin
969 1379 1167 1450 singuli
1219 1379 1500 1449 exemplar
1554 1378 1774 1449 aliquod
1837 1377 1984 1432 illius

396 1472 674 1542 Evangelii
728 1486 917 1526 secum
957 1471 1207 1526 tulerint.
1241 1471 1380 1526 Cum
1429 1481 1612 1524 autem
1667 1487 1777 1524 non
1823 1468 1984 1539 pauci

388 1582 464 1620 ex
497 1565 601 1619 illis
645 1563 1125 1634 proliciscerentur
1179 1563 1246 1618 ad
1300 1563 1630 1633 provincias,
1683 1561 1737 1616 in
1785 1562 1983 1631 quibus

337 1671 352 1681 ί
398 1658 510 1713 fere
534 1658 648 1712 sola
683 1657 883 1711 usitata
913 1665 1032 1712 erat
1072 1656 1252 1728 lingua
1285 1654 1494 1721 Graeca,
1531 1655 1980 1710 verisimillimum

397 1760 503 1814 est,
536 1752 657 1806 illos
679 1749 930 1804 Grtecum
963 1750 1144 1820 potius
1177 1751 1477 1819 exemplar,
1533 1759 1592 1802 ut
1644 1758 1857 1803 constat
1915 1749 1983 1802 de

2089 733 2399 798 Matthzeus,
2431 741 2629 803 praeter
2678 731 3016 802 Hierapolim
3072 731 3265 803 Syriae,
3294 731 3350 785 in
3375 747 3484 802 qua
3512 747 3679 787 mar-

2090 824 2228 896 tyrio
2263 833 2586 880 coronatum
2635 824 2896 880 credidit.
2937 821 3054 879 llac
3104 823 3174 878 de
3218 837 3406 890 causa,
3459 825 3678 893 opinor,

2085 932 2212 988 pag.
2248 916 2357 971 404
2411 931 2476 970 ex
2543 916 2660 970 sola
2723 915 3101 971 verisimiliter
3154 915 3473 985 conjectura
3525 914 3678 980 dicit,

2088 1011 2268 1081 ipsum
2307 1025 2539 1080 corpore
2569 1011 2740 1066 fuisse
2770 1010 3154 1077 imbecilliore,
3205 1009 3676 1080 Evangeliumque

2086 1104 2397 1174 scripsisse,
2425 1105 2555 1159 dum
2576 1104 2666 1158 alii
2691 1104 2834 1174 apud
2861 1105 3041 1159 varias
3064 1111 3255 1175 gentes
3281 1102 3677 1174 praedicabant.

2085 1197 2343 1253 Pluribus
2368 1213 2503 1252 sane
2545 1197 2728 1252 verbis
2773 1197 2824 1252 id
2881 1197 3081 1252 Orator
3130 1198 3510 1267 prosequitur,
3575 1195 3678 1250 sed

2086 1307 2258 1361 pauca
2279 1289 2572 1353 sufﬁcient,
2603 1304 2732 1344 cum
2765 1298 2985 1344 constet
3017 1290 3084 1344 de
3103 1290 3311 1360 scripto
3339 1291 3672 1365 Evangelia.-

2086 1399 2112 1434 ι
2145 1381 2387 1450 Qua'que
2416 1381 2555 1436 adeo
2591 1381 2786 1450 reliqui
2835 1381 3114 1451 (apostoli)
3169 1382 3427 1453 gentibus
3474 1385 3677 1452 lingua

2088 1488 2319 1528 munere
2351 1487 2461 1527 non
2492 1472 2701 1541 scripta
2733 1472 3098 1538 tradiderant,
3119 1474 3246 1528 iure
3279 1490 3510 1546 magnus
3543 1476 3682 1532 Mat-

2086 1569 2262 1620 thaeus
2318 1564 2524 1634 scripta
2597 1565 3063 1620 commentatione
3147 1581 3361 1621 summa
3417 1568 3678 1638 colligens

2088 1667 2260 1712 totum
2319 1654 2483 1710 Verbi
2543 1655 2867 1726 mysterium
2939 1655 3112 1711 sacris
3189 1657 3676 1726 praedicationibus

2089 1749 2345 1804 intexuit.
2385 1766 2405 1800 ι
2448 1747 2524 1802 lta
2577 1747 2718 1817 ipse,
2773 1747 3078 1817 interprete
3131 1748 3484 1814 Combeﬁsio,
3533 1749 3677 1804 Mat-

399 1841 666 1907 Barnaba,
692 1839 1017 1910 sumpsisse,
1048 1855 1209 1910 quam
1273 1838 1624 1906 llrbraicum,
1663 1851 1720 1895 ut
1754 1840 1882 1894 illud
1926 1841 1978 1892 in
2010 1819 2058 1880 Β
2092 1842 2295 1895 tlimum
2357 1839 2566 1894 inducit
2599 1839 2957 1905 scribentem,
3011 1839 3141 1894 dum
3175 1839 3266 1894 alii
3312 1843 3544 1911 apostoli
3580 1859 3681 1913 per

388 1933 642 1988 ecclesiis
656 1932 928 2001 erigendis
957 1931 1242 2001 legendum
1274 1929 1406 1984 dare
1444 1942 1668 2000 possent
1696 1939 1750 1984 et
1779 1930 1981 1984 exscri-

397 2023 657 2079 bendum.
686 2023 1077 2077 Verumtamen
1109 2023 1439 2092 conjecturae
1465 2032 1674 2076 tantum
1706 2033 1834 2076 sunt
1865 2022 1979 2087 haz;

393 2128 578 2182 neque
616 2111 753 2168 certi
787 2110 996 2182 aliquid
1037 2109 1272 2182 proferri
1333 2119 1513 2181 potest
1560 2111 1628 2166 de
1675 2111 1840 2166 rebus
1897 2111 1982 2164 in-

386 2206 584 2262 certis.

467 2299 557 2353 47.
589 2293 734 2362 Quin
764 2302 820 2352 et
844 2296 1006 2352 verba
1041 2294 1244 2365 Papiae,
1265 2295 1390 2350 data
1414 2311 1568 2350 num.
1597 2296 1983 2360 50,contraria

395 2385 655 2440 videntur
689 2385 849 2440 dictis
878 2385 1230 2457 conjecturis,
1267 2384 1312 2439 si
1361 2385 1711 2455 intelligenda
1761 2385 1874 2440 sint
1915 2402 1983 2441 eo

397 2493 587 2543 sensu,
617 2492 726 2544 quo
746 2477 951 2547 passim
977 2484 1350 2547 exponuntur.
1386 2494 1404 2528 ι
1432 2476 1720 2532 Mattheus
1735 2478 1978 2550 quidem,

400 2569 598 2639 inquit,
625 2567 896 2624 llebraico
927 2583 1182 2624 sermone
1212 2569 1393 2624 divina
1456 2570 1678 2640 scripsit
1710 2571 1931 2627 oracula
1965 2589 1979 2625 :

397 2662 796 2731 interpretatus
825 2670 911 2716 est
967 2673 1153 2717 autem
1196 2661 1575 2733 unusquisque
1633 2663 1746 2728 illa,
1819 2675 1983 2734 prout

398 2754 596 2824 potuit.
629 2772 648 2805 ι
688 2752 814 2807 llaec
845 2753 1012 2808 verba
1037 2771 1066 2808 a
1091 2753 1256 2834 variis
1283 2753 1356 2808 ita
1387 2755 1631 2824 exposita
1663 2756 1847 2822 video,
1869 2757 1979 2812 acsi

395 2847 594 2918 Papias
651 2848 899 2914 dixisset,
954 2863 1398 2917 unumquemque
1446 2864 1545 2919 pro
1600 2866 1700 2904 suo
1759 2850 1980 2921 ingenio

395 2954 712 3010 aggressum
746 2954 866 2994 esse
906 2939 1411 3008 interpretationem
1469 2941 1737 2996 Griecam.
1805 2943 1876 2996 At
1916 2959 1980 2998 ea

396 3033 576 3101 Papiae
607 3032 896 3086 verbo-rum
923 3033 1194 3102 expositio
1225 3049 1574 3106 nequaquam
1608 3035 1743 3089 mihi
1779 3051 1977 3090 ncces-

401 3124 544 3177 saria
595 3121 830 3186 videtur,
879 3123 988 3179 imo
1024 3140 1090 3179 ne
1139 3126 1273 3180 satis
1323 3127 1542 3196 quidem
1602 3129 1902 3198 probabilis
1961 3148 1974 3183 :

393 3230 524 3269 nam
556 3229 661 3271 vox
715 3215 1073 3286 unusquisque
1137 3226 1348 3272 tantum
1391 3219 1634 3275 insinuat
1685 3237 1976 3276 numerum

395 3306 778 3374 interpretum,
814 3316 874 3359 ut
903 3321 1013 3360 non
1069 3307 1163 3361 ﬁat
1200 3309 1518 3376 verisimile,
1558 3309 1782 3381 Papiam
1823 3313 1979 3368 locu-

395 3403 511 3449 tum
543 3408 665 3450 esse
715 3394 782 3449 de
809 3395 1269 3466 interpretatione
1323 3400 1494 3454 totius
1546 3401 1824 3472 Evangelii
1861 3403 1979 3458 sive

394 3486 750 3544 translatione
803 3489 858 3543 in
914 3490 1155 3562 linguam
1237 3493 1502 3548 timeam.
1564 3493 1745 3560 Quare
1802 3496 1977 3551 solum

392 3578 549 3644 dicit,
586 3581 773 3635 divina
810 3580 1051 3651 lOraeula
1108 3599 1138 3638 a
1196 3583 1452 3640 hlattliaeo
1489 3589 1690 3656 scripto
1740 3589 1978 3652 tradita;

371 3671 461 3724 «ab
483 3671 604 3726 aliis
627 3687 758 3727 vero
785 3688 884 3742 pro
909 3675 1340 3746 uniuscujusque
1369 3677 1676 3746 capacitate
1703 3681 1870 3736 verbo
1887 3690 1981 3736 aut

381 3764 600 3834 scripto
627 3767 895 3833 exposita.
947 3765 1135 3834 Itaque
1160 3768 1314 3820 nullo
1366 3769 1530 3824 modo
1567 3771 1780 3825 videtur
1825 3773 1977 3842 loqui

378 3855 463 3908 .de
487 3855 848 3912 translatione
882 3857 1162 3927 Evangelii
1204 3859 1255 3912 iu
1303 3859 1544 3931 linguam
1582 3861 1848 3928 Grzerani,
1883 3867 1978 3921 sed

391 3947 474 4002 vel
506 3948 684 4003 solum
711 3948 778 4002 de
813 3948 1208 4018 prmdicatione
1240 3950 1546 4023 Evangelii,
1591 3955 1765 4011 vel-de
1795 3974 1973 4028 expo-

391 4040 596 4095 sitione
631 4056 849 4109 eorum,
873 4056 994 4111 qua:
1031 4041 1084 4096 in
1113 4042 1410 4115 Evangelio
1447 4045 1686 4102 Mattba'i
1717 4065 1978 4104 occurre-

381 4132 530 4187 bant
558 4132 893 4189 dilliciliora.
934 4133 1052 4190 Hoc
1096 4135 1293 4191 fecisse
1322 4154 1772 4211 unumquemque
1795 4146 1979 4200 docto~

381 4241 520 4280 ‘rum
572 4226 731 4280 facile
765 4225 1182 4282 credimuszat
1230 4244 1679 4300 unumquemque
1728 4249 1827 4303 pro
1877 4250 1979 4290 suo

391 4317 614 4390 ingenio
654 4317 1008 4390 Evangelium
1069 4318 1310 4374 Matthrei
1349 4319 1600 4376 Graecum
1638 4323 1820 4378 facere
1882 4342 1970 4382 vo-

389 4410 582 4476 luisse,
621 4425 724 4466 nec
754 4411 1052 4466 verisimile
1100 4419 1210 4479 est,
1251 4427 1355 4468 nec
1393 4412 1527 4469 dicit
1581 4414 1793 4486 Papias.
1848 4417 1976 4476 Sola

2007 3163 2048 3219 ϐ

2092 1933 2360 1989 mundum
2392 1932 2800 1997 discurrebant,
2829 1943 2884 1986 et
2915 1933 3160 2002 undique
3186 1949 3340 1988 sacra
3389 1933 3675 2006 Evangelii

2087 2028 2298 2081 semina
2326 2025 2628 2094 jaciebant.
2665 2025 2864 2081 Verum
2897 2040 3001 2080 nec
3063 2026 3499 2080 imbecillitatem
3551 2043 3679 2082 cor-

2088 2123 2259 2192 poris,
2294 2120 2363 2175 de
2391 2135 2496 2189 qua
2529 2119 2668 2173 nihil
2696 2119 2842 2188 apud
2865 2119 3217 2182 vetustiores,
3235 2118 3488 2174 Mattliteo
3504 2119 3677 2176 fuisse

2089 2211 2490 2282 impedimento
2517 2209 2738 2279 opinor,
2770 2225 2880 2278 quo
2912 2210 3094 2265 minus
3137 2211 3495 2282 Evangelium
3527 2228 3677 2282 prae-

2088 2303 2344 2367 dicaret;
2409 2316 2515 2355 nec
2556 2303 2839 2354 assentior
2870 2299 3097 2367 Nicette,
3149 2311 3278 2356 tunc
3335 2317 3366 2356 a
3420 2302 3679 2358 Matthteo

2087 2393 2357 2464 scriptum
2413 2391 2588 2447 fuisse
2627 2391 3008 2463 Evangelium,
3054 2395 3276 2463 quando
3299 2395 3397 2448 alii
3439 2395 3678 2464 apostoli

2085 2490 2153 2542 ad
2180 2475 2510 2559 longinquas
2538 2485 2772 2556 profecti
2808 2496 2966 2542 erant
2992 2487 3340 2558 provincias;
3391 2489 3507 2552 sed,
3539 2503 3668 2543 cum

2086 2579 2203 2649 ipse
2230 2578 2451 2636 Nicetas
2485 2594 2608 2649 pag.
2653 2579 2760 2634 406
2805 2579 2974 2645 dicat,
3009 2579 3263 2634 omittere
3301 2596 3361 2635 se
3408 2582 3676 2650 praclara

2085 2682 2260 2743 gesta,
2327 2670 2740 2742 pradicationis
2803 2671 3064 2726 nimirum
3141 2680 3198 2727 et
3261 2673 3676 2740 miraculorum,

2084 2766 2272 2820 malim
2298 2766 2548 2831 credere,
2582 2774 2858 2820 oratorem
2908 2765 3055 2820 nihil
3085 2766 3222 2821 certi
3266 2767 3334 2821 de
3366 2766 3472 2821 illis
3523 2766 3680 2821 inve-

2087 2861 2254 2924 nisse,
2313 2874 2476 2930 quam
2519 2857 2835 2914 Mattliaaum
2907 2875 3017 2914 non
3072 2859 3399 2929 praedicasse
3443 2875 3461 2911 :
3498 2873 3681 2928 neque

2084 2953 2232 3006 enim
2328 2953 2552 3022 scriptio
2627 2951 2902 3024 Evangelii
2987 2963 3142 3008 tanto
3235 2964 3482 3023 tempore
3553 2968 3678 3008 san-

2084 3057 2236 3100 ctum
2289 3045 2542 3100 detinere
2579 3044 2792 3108 debuit,
2817 3054 2874 3098 ut
2926 3059 3036 3098 non
3061 3046 3304 3114 potuerit
3325 3045 3519 3100 eodem
3549 3059 3680 3099 cum

2085 3138 2205 3192 aliis
2246 3146 2496 3207 tempore
2544 3136 2827 3206 proﬁcisci
2885 3136 2952 3190 ad
3009 3137 3352 3207 provinciam
3392 3135 3494 3192 sibi
3525 3136 3679 3192 assi-

2082 3236 2322 3298 gnatam.

2155 3318 2241 3373 49.
2279 3319 2567 3375 Provincia
2599 3331 2806 3386 autem,
2843 3336 2966 3390 qua:
2997 3320 3052 3374 in
3112 3320 3266 3375 Actis
3311 3320 3548 3376 edendis
3615 3329 3678 3377 et

2080 3412 2314 3466 aliorum
2352 3412 2670 3467 testimonio
2699 3414 2980 3484 assignata
3032 3413 3136 3467 fuit
3179 3423 3372 3468 salicto
3395 3413 3678 3480 Mattiaco,

2082 3519 2165 3565 est
2209 3505 2488 3577 IEthiOpia
2511 3548 2528 3576 ,
2559 3507 2885 3562 latissimum
2944 3506 3149 3562 Africae
3184 3523 3438 3580 regnum,
3488 3509 3532 3562 si
3570 3521 3679 3562 vox

2086 3599 2369 3671 [Ethiopia
2403 3599 2474 3655 sit
2498 3598 2862 3669 intelligenda
2881 3612 3050 3654 sensu
3083 3600 3323 3654 maxime
3345 3600 3532 3656 obvio.
3561 3599 3678 3653 Ru-

2084 3698 2250 3758 hnns,
2283 3695 2380 3750 lib.
2411 3710 2470 3761 x,
2494 3709 2620 3764 cap.
2654 3694 2710 3761 9,
2749 3693 2866 3748 hac
2896 3693 3133 3751 scribit:
3183 3695 3275 3748 «In
3311 3710 3375 3750 ea
3398 3693 3669 3748 divisione

2081 3788 2234 3842 orbis
2291 3796 2473 3851 terrae,
2519 3801 2642 3856 quae
2695 3786 2766 3841 ad
2825 3787 3239 3857 prmdicandum
3299 3789 3524 3842 verbum
3569 3785 3672 3840 Dei

2081 3888 2232 3936 sorte
2257 3894 2358 3950 per
2385 3879 2667 3949 apostolos
2697 3877 2979 3934 celebrata
3019 3887 3141 3944 est;
3195 3895 3321 3934 cum
3373 3879 3495 3933 aliae
3547 3878 3678 3934 aliis

2083 3972 2385 4044 provincia:
2407 3973 2790 4037 obvenissent,
2822 3971 3050 4027 Thomas
3069 3973 3311 4038 Parthia,
3336 3981 3392 4027 et
3413 3971 3676 4028 Matthzeo

2082 4063 2391 4133 Aithiopia,
2431 4064 2593 4133 eique
2619 4063 2912 4118 adlizerens
2941 4064 3168 4119 citerior
3193 4065 3348 4118 india
3379 4063 3679 4118 Bartholo-

2083 4166 2221 4205 IIle
2251 4151 2455 4205 dicitur
2489 4159 2641 4206 sorte
2667 4152 2912 4208 decreta.
2941 4171 2959 4204 ι
2995 4153 3198 4210 Eodem
3234 4155 3350 4210 fere
3388 4157 3552 4211 modo
3579 4153 3681 4210 So-

2083 4253 2288 4306 crates,
2323 4243 2421 4296 lib.
2444 4257 2484 4307 ι,
2517 4257 2640 4312 cap.
2691 4243 2758 4298 l9
2791 4259 2806 4298 :
2849 4262 2866 4296 ε
2895 4241 3034 4299 Cum
3064 4246 3298 4315 apostoli
3324 4247 3680 4316 praedicatio-

2083 4334 2170 4387 nis
2189 4348 2358 4388 causa
2384 4332 2452 4387 ad
2493 4341 2688 4404 gentes
2719 4333 3041 4404 profecturi,
3092 4351 3186 4390 eas
3213 4337 3360 4392 inter
3382 4353 3444 4393 se
3467 4343 3676 4395 sortito

2081 4422 2405 4489 dividerint,
2452 4423 2692 4478 Thomas
2766 4426 2990 4494 quidem
3055 4427 3317 4494 Parthiae,
3373 4429 3672 4489 Mattlimus

394 4502 801 4558 neotericorum
876 4501 1147 4571 expositio
1209 4503 1542 4560 sententiam
1595 4507 1741 4561 illam
1796 4507 1973 4580 Papia:

2087 4531 2217 4570 vero
2241 4515 2540 4586 Aitliiopite
2562 4516 2933 4586 apostolatum
2963 4518 3198 4574 sortitus
3223 4532 3329 4575 est.
3375 4521 3671 4580 Bai-tholo-

383 4595 663 4662 attribuit,
700 4593 828 4650 licet
854 4611 962 4651 vox
989 4593 1175 4650 Grzeca
1223 4594 1562 4668 ἡρμήνευσε,
1593 4600 1974 4671 interpretatus

391 4699 497 4756 est,
539 4689 686 4743 illam
713 4687 1115 4759 expositionem
1144 4687 1377 4745 minime
1422 4693 1689 4762 requirat,
1721 4695 1815 4750 sed
1842 4713 1974 4767 pro-

383 4788 517 4851 pter
577 4779 832 4850 adjuncta
884 4780 1067 4850 potius
1097 4791 1332 4837 renuat.
1361 4783 1583 4838 Certum
1636 4786 1802 4855 igitur
1852 4805 1976 4847 esse

391 4871 577 4938 debet,
609 4874 998 4944 apostolorum
1035 4885 1282 4946 tempore
1321 4879 1521 4934 factam
1587 4895 1711 4935 esse
1767 4885 1976 4939 versio-

382 4977 518 5019 nem
543 4963 818 5033 Graecam,
851 4966 1182 5037 unicamque
1209 4967 1379 5024 luisse
1432 4971 1818 5041 approbatam,
1845 4989 1973 5030 cum

408 5054 462 5111 le
483 5056 735 5124 pluribus
765 5059 950 5112 nullus
968 5059 1306 5114 meminerit.
1341 5059 1571 5130 Reliqua
1601 5065 1670 5118 ad
1723 5063 1974 5138 Evange-

390 5142 527 5197 lium
562 5143 800 5200 Matthaei
836 5147 1144 5216 spectantia
1191 5147 1585 5219 interpretibus
1627 5167 1796 5209 sacrae
1827 5155 1976 5211 Scri-

391 5247 565 5306 ptura:
596 5239 956 5295 examinanda
986 5241 1265 5312 relinquo,

379 5372 418 5444 ,δ
471 5372 562 5430 ιν.
602 5373 920 5430 Praidt'catio
965 5377 1143 5430 sancti
1198 5377 1443 5448 Matthtzi
1500 5391 1551 5435 et
1624 5381 1970 5452 Martyrium.

459 5511 554 5566 48.
572 5513 646 5567 De
668 5513 1054 5583 prtedieatione
1080 5516 1354 5586 Evangelii
1375 5517 1428 5571 in
1447 5517 1656 5582 Juda‘a,
1677 5527 1970 5588 antequam

385 5605 624 5671 apostoli
665 5605 720 5659 in
747 5606 1060 5676 designatas
1087 5607 1192 5660 sibi
1232 5609 1546 5677 provincias
1573 5610 1968 5678 discesserunt,

386 5695 604 5749 nullum
632 5707 716 5751 est
744 5697 995 5752 dubium.
1051 5699 1272 5755 Nicetes
1302 5701 1577 5771 Paphlago
1615 5705 1668 5755 in
1710 5702 1972 5760 Oratione

390 5789 804 5855 cncomiastica,
831 5793 970 5860 apud
1002 5793 1422 5862 Combetisium,
1464 5813 1584 5866 pag.
1608 5797 1734 5864 .iOl,
1769 5811 1968 5854 osten-

2084 4625 2221 4665 maeo
2256 4609 2427 4674 india,
2465 4624 2587 4678 quae
2614 4608 2911 4680 EthiOpiat
2945 4613 3181 4668 conﬁnis
3242 4622 3352 4681 est,
3388 4615 3603 4687 obtigit.
3645 4635 3670 4670 ι

2081 4702 2314 4757 Accedit
2335 4699 2844 4758 Fortunatusinfra
2867 4703 3182 4761 laudandus
3213 4722 3340 4762 cum
3389 4707 3516 4763 aliis
3545 4711 3677 4779 plu-

2083 4794 2261 4858 ribus,
2295 4793 2441 4847 inter
2469 4806 2613 4862 quos
2668 4791 2798 4848 Milo
2847 4797 3152 4851 monachus
3188 4796 3244 4852 in
3293 4798 3413 4852 Vita
3438 4799 3676 4855 metrica

2084 4887 2140 4940 S.
2174 4884 2433 4951 Amandi,
2463 4894 2597 4939 tom.
2643 4883 2662 4938 ι
2711 4885 3004 4943 Februarii
3066 4889 3216 4956 data,
3269 4905 3393 4960 pag.
3439 4889 3548 4946 87b
3596 4891 3676 4946 ita

2083 4980 2233 5035 canit
2259 4996 2272 5030 :

2083 5087 2370 5143 Mattheus
2402 5085 2684 5158 Ethiopat
2716 5097 2945 5144 torrente
2968 5093 3158 5147 ardore
3190 5106 3452 5150 crematos

2087 5159 2149 5213 Ut
2181 5159 2325 5214 Geon
2354 5159 2582 5211 eximius
2607 5174 2820 5214 sacrato
2851 5163 3010 5215 diluit
3044 5180 3224 5228 autne,

2084 5228 2149 5281 Et
2185 5232 2316 5298 facit
2354 5229 2409 5280 in
2443 5230 2665 5299 speciem
2693 5231 2827 5283 lotos
2863 5235 3088 5288 candere
3126 5236 3378 5292 nivalem.

2155 5343 2245 5396 50.
2280 5341 2657 5396 Florentinius
2696 5343 2752 5397 in
2785 5343 2941 5399 Notis
2974 5349 3041 5400 ad
3089 5346 3398 5405 lndiculum
3440 5363 3673 5422 aposto-

2080 5434 2260 5488 lorum
2317 5433 2372 5486 in
2424 5431 2683 5489 Matthazo
2712 5451 2834 5506 pag.
2903 5439 3008 5494 158
3073 5443 3202 5496 ait:
3247 5461 3267 5494 σ
3305 5441 3674 5501 Communior

2081 5535 2266 5579 autem
2291 5525 2514 5579 videtur
2543 5529 2842 5592 sententia,
2879 5528 3198 5588 Matthteum
3248 5536 3581 5605 praedicasse
3611 5541 3668 5593 in

2080 5617 2322 5670 citeriori
2347 5615 2650 5688 :Ethiopia,
2681 5635 2803 5689 qua:
2829 5623 3065 5679 vicinior
3093 5636 3178 5682 est
3206 5626 3442 5700 IEgypto
3471 5641 3670 5699 etquae

2083 5703 2300 5760 Sonnar
2370 5707 2533 5762 hodie
2582 5710 2806 5776 dicitur,
2870 5729 2939 5768 ac
3003 5725 3285 5772 tnortuum
3334 5721 3389 5772 in
3443 5722 3669 5776 civitate

2080 5797 2233 5852 Lucli
2273 5801 2435 5872 (apud
2465 5817 2494 5855 a
2538 5801 2738 5874 Lepide
2771 5803 2981 5878 Luacb)
3013 5809 3104 5864 ubi
3135 5812 3435 5867 etiamnum
3463 5815 3666 5884 tempia
