4002 6424
296 349 389 414 781

1558 345 1739 409 VITA
1779 345 1840 407 S.
1881 344 2275 408 MATER/EI.

3444 317 3552 418 7°82

296 470 347 523 in
375 468 642 523 honorem
668 464 848 522 sancti
877 462 1115 521 Matlbmi
1145 474 1364 520 exstare
1395 460 1566 518 habet
1595 477 1663 519 ex
1692 462 1867 518 tradi-
1902 466 1948 524 Α
1975 461 2262 520 Candaces
2290 465 2489 535 regina:
2518 465 2685 523 fuisse
2720 467 2958 541 Egypto
2988 470 3296 541 proximum
3334 481 3389 528 et
3422 487 3557 528 con-

300 558 545 616 tionibus
610 557 939 629 Ethiopum
1007 558 1086 628 (et
1136 557 1339 612 litteris
1398 557 1870 613 missionariorum

297 650 546 723 (utramvis
572 664 669 706 eas
690 666 803 705 non
837 650 1041 719 laudet)
1075 649 1367 704 Cornelius
1391 663 1423 703 a
1453 648 1663 718 Lapide
1686 662 1811 718 cap.
1837 648 1873 702 3

296 742 560 799 Pramo-ii
595 744 650 797 in
686 741 1026 799 Mattbtcum.
1078 743 1326 814 Regnum
1362 743 1495 798 illud
1553 741 1870 813 Ethiopian,

292 834 437 905 quod
470 834 543 888 illi
581 832 819 897 Sonnar,
863 833 956 888 alii
995 834 1208 889 Sennar
1244 835 1554 898 nominant,
1583 837 1747 892 situm
1780 843 1868 891 est

296 927 437 982 inter
474 924 769 997 Egyptum
793 935 849 982 et
891 940 1116 996 regnum
1145 926 1470 982 hodiernum
1507 928 1869 985 Habessinize.

293 1020 463 1076 Jobus
525 1017 812 1084 Ludolfus,
879 1019 934 1073 in
992 1018 1233 1075 Historia
1300 1019 1626 1091 zﬁ’tkiopica,
1687 1021 1782 1078 lib.
1829 1039 1872 1086 ι,

292 1128 415 1183 cap.
445 1111 506 1176 Ξ,
554 1113 630 1166 ait
681 1127 909 1183 regnum
960 1112 1176 1168 Sennar
1220 1129 1343 1169 esse
1390 1123 1603 1185 partem
1669 1114 1872 1171 veteris

297 1203 505 1259 Nubiae.
544 1202 859 1259 Martiniere
895 1203 952 1259 in
978 1203 1315 1260 Dictionario
1342 1205 1709 1278 geonraphico
1736 1207 1874 1262 Sen-

293 1311 395 1351 nar
417 1280 811 1367 regnum‘cum
852 1311 1023 1368 regno
1053 1295 1245 1352 Nabim
1288 1298 1433 1353 idem
1468 1298 1614 1354 facit.
1669 1298 1872 1354 Veram

296 1399 522 1441 necesse
554 1400 663 1441 non
713 1392 798 1440 est
829 1385 897 1441 ad
948 1386 1293 1456 propositum
1329 1398 1580 1441 nosuum
1630 1386 1794 1441 latius
1823 1387 1873 1441 id

296 1478 581 1547 indagare.
623 1474 769 1531 Satis
822 1486 910 1531 est
948 1476 1220 1532 indicasse
1248 1491 1472 1548 regnum
1506 1478 1719 1532 Sennar
1755 1492 1878 1533 esse

294 1568 349 1624 in
416 1576 571 1638 parte
647 1568 1065 1638 septentrionali
1139 1566 1433 1639 Ethiopian
1498 1579 1554 1625 et
1631 1571 1875 1639 proxima

297 1657 553 1730 Egypto.
590 1657 652 1712 In
686 1658 881 1714 eadem
901 1673 1122 1729 quoque
1145 1658 1445 1729 Ethiopia‘:
1477 1672 1631 1730 parte
1657 1670 1877 1731 aposto-

298 1749 474 1803 lorum
503 1748 844 1819 temporibus
872 1764 1133 1821 regnasse
1161 1748 1454 1806 Candacen
1482 1752 1746 1823 reginam,
1777 1769 1874 1806 cu-

295 1840 384 1910 jus
407 1840 698 1894 eunuchus
728 1855 757 1894 a
782 1851 977 1896 sancto
1002 1840 1261 1912 Philippo
1294 1842 1528 1898 diacono
1567 1846 1874 1913 baptizatus
1912 1827 1951 1878 η

294 1942 402 1995 est,
429 1933 649 1989 abunde
670 1932 943 2004 colligitur
979 1949 1044 1989 ex
1079 1934 1291 2005 dictis§
1324 1937 1369 2001 l;
1415 1946 1472 1988 at
1508 1951 1725 1989 rursum
1769 1951 1875 1990 nun

298 2024 519 2095 inquiro
559 2039 628 2079 an
683 2025 772 2079 illa
818 2024 986 2081 latius
1036 2035 1131 2081 aut
1200 2029 1381 2082 minus
1433 2028 1541 2082 late
1603 2038 1877 2099 regnaret.

296 2115 584 2171 Sententia
634 2127 821 2171 autem
870 2116 1110 2181 illorum,
1162 2119 1253 2188 qui
1303 2120 1626 2174 existimant
1673 2120 1726 2173 in
1792 2119 1880 2174 illa

300 2216 456 2277 parte
503 2206 801 2278 Aﬁthiopize
851 2207 1181 2278 praedicasse
1239 2222 1489 2264 sanctum
1542 2210 1880 2275 Matthmum,

302 2299 436 2356 mihi
482 2300 778 2356 admodum
832 2301 1127 2370 probabilis
1158 2311 1384 2373 apparet
1427 2312 1484 2357 et
1517 2303 1878 2359 verisimilis:

300 2410 425 2450 cum
456 2393 585 2463 quia
615 2394 863 2464 proxima
912 2403 1032 2448 erat
1063 2394 1309 2450 Romano
1343 2396 1574 2467 imperio
1601 2411 1665 2450 ex
1718 2406 1874 2467 parte

300 2483 543 2556 rEgypti,
576 2492 689 2539 tum
721 2485 850 2553 quia
882 2486 1177 2540 eunuchus
1230 2485 1432 2556 reginae
1461 2484 1743 2541 Candaces
1767 2495 1886 2540 erat

304 2594 629 2645 conversus,
661 2587 715 2635 et
747 2579 816 2633 de
844 2578 992 2637 illius
1030 2579 1395 2634 conversione
1425 2589 1577 2633 certo
1599 2586 1885 2633 constabat

303 2670 588 2742 apostolis,
619 2679 731 2723 tum
766 2668 892 2739 quia
922 2668 1168 2724 ecclesiae
1199 2669 1370 2725 sancti
1400 2668 1660 2734 Matthxi,
1684 2670 1884 2724 ibidem

305 2761 560 2824 inventae,
595 2759 877 2813 insinuant
908 2758 1097 2830 populi
1118 2760 1397 2829 antiquam
1429 2760 1799 2822 traditionem.
1824 2778 1887 2817 ac

304 2853 520 2908 demum
552 2853 678 2922 quia
706 2850 1006 2922 scriptores
1060 2860 1336 2907 testantur
1359 2855 1690 2925 A-Ltliiopiam
1721 2855 1890 2911 fuisse

308 2946 562 3001 Matthaeo
591 2945 924 3017 assignatam
950 2961 966 3012 ;
1003 2960 1106 3000 nec
1140 2945 1246 3000 ulla
1276 2947 1427 3016 regio
1471 2949 1644 3018 magis
1670 2949 1890 3019 proprie

309 3036 585 3108 Ethiopia
616 3036 719 3092 fuit
750 3048 963 3103 vocata,
994 3052 1157 3107 quam
1191 3037 1306 3100 illa,
1329 3038 1418 3093 cui
1449 3054 1651 3095 nomen
1674 3039 1893 3096 Ailthio-

313 3130 413 3201 pite
441 3130 715 3186 dederunt
744 3143 938 3184 omnes
967 3128 1262 3211 geographi
1300 3130 1533 3200 antiqui.

381 3223 470 3278 5t.
512 3222 903 3278 Verumtamen
945 3237 1010 3277 ea
1050 3222 1237 3291 opinio
1278 3223 1558 3292 displicuit
1589 3222 1888 3279 Tillemon-

316 3315 422 3370 tio:
448 3330 577 3369 nam
599 3314 712 3377 hic,
737 3323 866 3369 nota
892 3312 926 3368 2
950 3315 1003 3368 in
1024 3313 1358 3381 Matthmum,
1386 3314 1612 3387 alit-gata
1634 3316 1894 3386 opinione

314 3407 557 3475 Cornelii
582 3423 613 3460 a
650 3406 872 3478 Lapidc,
897 3423 1061 3479 quam
1090 3406 1461 3463 Florentinius
1479 3408 1666 3464 retulit
1689 3411 1892 3480 potius,

312 3515 475 3569 quam
506 3508 737 3555 secutus
762 3509 873 3560 est.
913 3500 1148 3556 rotunde
1193 3501 1360 3556 edicit
1411 3515 1518 3556 non
1572 3503 1897 3572 praedicasse

313 3602 562 3647 sanctum
610 3590 922 3646 Matthmum
993 3592 1047 3646 in
1101 3591 1383 3663 Ethiopia
1436 3593 1894 3664 septemtrionali.

314 3684 573 3741 Bailletus
601 3684 835 3742 ﬁdeliter
868 3694 1093 3743 secutus
1125 3696 1210 3741 est
1259 3685 1693 3742 Tillemontium.
1729 3687 1897 3742 Unica

316 3779 604 3849 utriusque
657 3778 821 3844 ratio,
876 3793 1049 3848 eaque
1097 3794 1162 3834 ex
1220 3794 1406 3834 errore
1448 3787 1600 3844 nata,
1648 3780 1763 3834 haec
1794 3789 1898 3844 est,

314 3872 458 3945 quod
481 3870 766 3941 EthiOpia
790 3870 1272 3941 septemtrionalis,
1299 3879 1352 3926 et
1375 3870 1606 3943 {Egypto
1631 3870 1898 3940 proxima,

315 3979 426 4020 non
457 3963 738 4034 exceperit
774 3962 932 4019 ﬁdem
956 3962 1350 4025 Christianam.
1375 3964 1481 4019 nisi
1511 3966 1714 4020 saeculo
1730 3981 1782 4020 tv
1806 3981 1902 4034 per

320 4057 384 4113 ὃ.
435 4056 838 4113 Frumentium.
888 4057 1167 4112 Promittit
1217 4066 1400 4111 autem
1457 4066 1684 4127 uterque
1734 4058 1789 4112 id
1843 4074 1901 4113 se

320 4161 669 4206 ostensurum
718 4150 775 4203 in
825 4148 948 4205 Vita
997 4149 1172 4206 sancti
1204 4148 1511 4205 Frumenti.
1558 4149 1758 4205 Verum
1791 4166 1899 4206 non

318 4241 509 4299 dubito
563 4242 754 4298 eadem
793 4240 1059 4297 brevitate
1099 4246 1458 4310 respondere,
1497 4258 1565 4299 ex
1599 4245 1716 4299 sola
1748 4243 1901 4314 igno-

323 4341 496 4396 rantia
531 4348 587 4395 et
612 4353 800 4395 errore
829 4337 1134 4409 profectam
1167 4350 1289 4392 esse
1323 4335 1610 4406 utriusque
1637 4335 1903 4404 objectio-

321 4448 472 4498 ncm,
517 4432 667 4503 quod
723 4446 951 4503 regnum
1008 4429 1346 4486 ilabessinia:
1394 4427 1743 4485 confuderiut
1777 4444 1903 4484 cum

323 4522 598 4596 Ethiopia
671 4523 1144 4596 septemtrionali;
1210 4522 1501 4580 historiam
1555 4538 1685 4579 vero
1728 4524 1901 4578 sancti
1935 4524 1985 4582 D

327 4613 630 4671 Frumentii
657 4616 796 4670 adeo
826 4628 935 4670 non
967 4615 1187 4670 obstare
1214 4614 1391 4669 sancti
1424 4613 1661 4670 Μαιώεεὶ
1706 4614 1903 4685 praedi-

327 4708 527 4764 cationi
559 4709 615 4764 in
647 4707 934 4779 Ethiopia
981 4705 1442 4778 septemtrionali,
1484 4714 1545 4762 ut
1577 4706 1758 4777 potius
1792 4705 1907 4760 hinc

328 4800 646 4869 praedicatio
692 4798 1045 4854 verisimilior
1076 4800 1171 4853 ﬁat
1200 4813 1265 4857 ex
1297 4797 1387 4854 il'la
1432 4797 1683 4853 historia.
1720 4796 1908 4851 Prius-

328 4908 489 4960 quam
529 4901 712 4948 tamcn
760 4899 1145 4964 argumentum
1177 4892 1353 4962 ipsius
1388 4890 1706 4953 discutiam,
1754 4890 1911 4944 lubet

332 4985 519 5052 paucis
546 4983 838 5039 ostendere
885 4999 1048 5054 quam
1079 4983 1219 5039 belle
1243 4996 1430 5040 secum
1461 4983 1580 5053 ipse
1612 4980 1908 5037 cohareat.

333 5072 735 5141 'l'illemontius,
764 5085 893 5132 tom.
921 5074 1051 5143 lLin
1083 5075 1142 5132 S.
1176 5074 1432 5146 Philippo
1456 5074 1712 5137 diacono,
1741 5086 1911 5142 expo-

331 5164 414 5220 nit
439 5175 592 5236 gesta
613 5164 855 5221 eunuchi
892 5165 1099 5236 reginae
1112 5166 1412 5233 Candaces,
1441 5180 1605 5236 quem
1627 5163 1913 5233 Philippus

330 5254 599 5311 diaconus
632 5255 791 5311 ﬁdem
837 5255 1206 5313 Christianam
1252 5257 1439 5313 docuit
1492 5265 1549 5311 et
1594 5254 1912 5325 baptizavit.

329 5348 456 5402 Act.
483 5348 539 5402 8.
561 5346 771 5403 Laudat
792 5349 866 5403 ibi
888 5359 1142 5405 sanctum
1175 5348 1563 5416 irenteumJib.
1593 5362 1802 5417 trt,cap.
1827 5346 1917 5411 li,

332 5447 591 5496 sanctum
624 5438 886 5513 Cyrillum
920 5441 1478 5513 Hierosolymitanum
1513 5441 1635 5497 Cat.
1668 5441 1759 5506 i7,
1788 5439 1916 5494 llic-

335 5546 652 5603 ronymum,
676 5533 971 5589 Eusebium
993 5534 1259 5603 aliosque,
1290 5534 1572 5597 docentes,
1600 5532 1918 5589 eunuchum

333 5623 492 5679 illum
531 5624 588 5680 in
608 5622 1142 5697 Ethiopiamtuisse
1165 5628 1392 5684 missum
1414 5627 1482 5683 ad
1512 5626 1922 5698 pra-dicandum

336 5712 735 5790 Evangelium;
767 5718 948 5790 iisque
979 5720 1304 5785 assentitur,
1342 5728 1440 5775 aut
1464 5728 1617 5777 certe
1641 5734 1754 5775 non
1785 5733 1925 5774 con-

339 5806 563 5864 tradicit
610 5803 1015 5866 Tillemontius.
1060 5811 1223 5883 Atqui
1282 5796 1491 5867 certum
1543 5820 1649 5879 est,
1693 5826 1924 5885 regnum

306 6057 343 6092 ρ

1976 554 2295 621 terminum,
2347 571 2472 611 cum
2521 558 2774 615 Candace
2818 560 3112 632 aliquando
3155 564 3274 620 sine
3322 564 3556 620 transitu

1975 646 2204 702 alterius
2240 646 2470 702 ditionis
2496 649 2550 702 in
2574 648 2876 723 Egyptum
2908 668 2975 708 ex
3011 669 3180 725 regno
3214 669 3315 711 suo
3341 656 3558 711 exerci-

1978 744 2092 791 tum
2120 737 2362 803 duxerit,
2395 746 2451 794 et
2480 754 2694 796 rursum
2743 742 2970 798 Romani
3007 746 3262 802 similiter
3291 747 3558 806 ditionem

1976 828 2152 891 ipsius
2203 830 2506 887 invaserint
2552 848 2622 887 ex
2668 833 2920 906 Egypto.
2959 837 3076 903 Qua
3124 839 3291 910 igitur
3338 852 3553 896 ratione

1977 934 2177 992 negare
2236 924 2415 992 potuit
2480 923 2640 980 ﬁdem
2692 926 2746 981 in
2795 927 3072 999 Ethiopia
3126 933 3558 1002 septemtrionali

1975 1009 2324 1080 praedicatam
2361 1011 2530 1068 fuisse
2559 1023 2686 1068 ante
2712 1017 2968 1072 steculutn
2996 1018 3088 1074 tv?

2049 1099 2139 1157 52.
2198 1102 2501 1158 Audiamus
2544 1106 2727 1172 modo,
2778 1123 2882 1179 qua
2932 1110 3140 1166 ratione
3182 1111 3558 1171 Tillemontius

1980 1193 2173 1263 probet
2213 1193 2267 1248 in
2312 1195 2651 1261 Frumentio,
2704 1207 2839 1254 tom.
2872 1201 2984 1268 ΥΠ,
3015 1214 3142 1257 nota
3171 1204 3410 1271 2,ﬁdem
3443 1222 3556 1262 non

1978 1284 2151 1340 fuisse
2184 1286 2533 1354 prtedicatam
2558 1288 2612 1342 in
2650 1287 2932 1360 AEthiopia
2971 1295 3405 1378 septemtrionali
3430 1306 3559 1352 ante

1979 1378 2238 1432 steculum
2264 1395 2338 1433 1v.
2377 1376 2612 1437 Sanctus
2629 1381 2982 1439 Frumentius
3004 1376 3201 1440 saeculo
3230 1401 3300 1450 tv,
3328 1388 3560 1443 testibus

1983 1469 2180 1524 Ruﬁno
2202 1471 2296 1526 lib.
2322 1486 2377 1537 ι,
2401 1488 2518 1542 cap.
2541 1473 2598 1540 9,
2631 1474 2856 1531 Socrate
2878 1476 3127 1547 aliisque,
3162 1476 3323 1533 ﬁdem
3348 1494 3563 1534 annun-

1981 1560 2136 1617 tiavit
2167 1563 2440 1641 gentibus,
2464 1579 2603 1635 quos
2642 1565 2716 1620 illi
2753 1576 2948 1623 vocant
2977 1567 3138 1623 Indos
3168 1570 3480 1636 ulteriores,
3506 1579 3564 1626 et

1982 1654 2182 1723 quibus
2249 1656 2406 1710 ﬁdem
2472 1667 2600 1712 ante
2658 1674 2934 1729 nunquam
2989 1662 3337 1732 praedicatum
3390 1663 3562 1719 fuisse

1988 1756 2282 1802 testantur.
2331 1749 2404 1803 Ex
2460 1750 2656 1805 litteris
2692 1766 2822 1806 vero
2871 1752 3177 1809 Constantii
3213 1755 3563 1826 imperatoris

1982 1841 2125 1911 apud
2152 1851 2403 1897 sanctum
2435 1842 2795 1899 Athanasium
2825 1845 2881 1899 in
2914 1847 3173 1918 Apologia
3195 1849 3263 1903 ad
3289 1850 3531 1904 (Ionstan

1982 1934 2139 1998 tium,
2194 1945 2324 1988 tom.
2376 1935 2418 1999 Ι,
2470 1952 2590 2006 pag.
2649 1937 2777 2004 315,
2832 1939 3136 1994 ostenditur
3186 1938 3555 1998 Frumentiun.

1984 2022 2153 2078 fuisse
2178 2026 2494 2095 episcopum
2540 2028 2969 2085 Auxumitanum
3019 2031 3131 2084 sive
3170 2033 3561 2089 Axumitanum

1984 2117 2040 2170 in
2095 2115 2395 2189 EthiOpia.
2445 2119 2552 2173 Per
2610 2120 2772 2176 Indos
2826 2123 2990 2192 igitur
3038 2122 3372 2198 intefligomli
3436 2138 3563 2182 sunt

1984 2206 2297 2277 Ethiopes,
2335 2218 2390 2264 ct
2418 2212 2797 2281 consequitur,
2844 2223 2903 2268 nt
2934 2214 3021 2270 his
3076 2216 3235 2272 ﬁdem
3283 2234 3563 2289 nunquan.

1984 2310 2115 2356 ante
2164 2304 2425 2358 saeculum
2454 2319 2506 2359 tv
2558 2305 2909 2375 prmdicatam
2956 2307 3125 2364 fuisse
3154 2308 3425 2367 dicamus.
3456 2310 3538 2369 Re

1987 2394 2236 2465 spondeo
2291 2402 2464 2449 totum
2489 2395 2590 2451 hoc
2615 2397 2963 2453 ratiocinium
2990 2398 3270 2456 tolerabile
3295 2403 3566 2465 futurum,

1988 2487 2032 2541 si
2055 2488 2263 2541 Anuma
2315 2497 2459 2543 esset
2495 2488 2547 2542 in
2573 2487 2855 2561 Ethinpia
2882 2495 3334 2562 septemtrionali.
3365 2496 3563 2549 \‘erum

1987 2583 2194 2637 Axnma
2254 2591 2337 2637 est
2391 2582 2445 2636 in
2482 2580 2830 2650 Habessinia,
2867 2586 3025 2655 cujus
3068 2587 3197 2641 olim
3235 2589 3336 2643 fuit
3364 2597 3567 2642 metro-

1989 2674 2152 2744 polis,
2179 2688 2281 2729 nec
2310 2682 2398 2729 est
2426 2674 2480 2728 in
2514 2683 2668 2745 parte
2699 2678 3130 2745 septemtrionali
3162 2674 3477 2750 .lEtliiopiai,
3502 2679 3572 2735 de

1989 2781 2094 2836 qua
2122 2766 2484 2836 disputamus.
2540 2765 2737 2822 Totum
2775 2784 2998 2837 regnum
3036 2770 3267 2835 Scnnar,
3309 2780 3369 2827 ut
3411 2772 3572 2828 hodie

1993 2865 2244 2920 vocatur,
2295 2857 2413 2913 sive
2460 2855 2739 2912 Nubiense
2772 2872 3022 2927 regnum,
3055 2869 3149 2914 aut
3199 2876 3423 2930 regnent
3456 2861 3571 2916 Meo

1994 2964 2139 3014 roes,
2171 2949 2263 3005 ubi
2297 2950 2428 3005 olim
2460 2951 2641 3023 regina
2663 2950 2915 3005 Candace
2940 2949 3047 3004 late
3075 2950 3396 3021 imperabat,
3431 2953 3575 3008 inter

1994 3042 2288 3114 Algyptum
2343 3050 2401 3098 et
2446 3044 2793 3097 Auxumense
2838 3042 2920 3095 vel
2976 3041 3290 3097 Axumense
3346 3058 3572 3114 regnum

1915 3167 1962 3229 Ο
1995 3140 2079 3186 cst
2115 3132 2528 3199 intermedium,
2564 3133 2705 3186 sicut
2746 3132 2908 3186 anulo
2955 3148 3181 3203 regnum
3214 3136 3424 3189 Sonlt’tt‘
3469 3136 3578 3190 Ha-

1996 3222 2295 3280 bessiniam
2326 3227 2474 3280 inter
2501 3235 2557 3279 et
2589 3224 2885 3295 Egyptum
2907 3225 3073 3294 jacet.
3097 3224 3443 3297 Quapropter
3472 3230 3576 3281 tate

1995 3324 2081 3371 est
2106 3317 2330 3370 omnino
2354 3326 2732 3387 argumentum
2758 3314 3113 3379 Tillemontii,
3141 3335 3201 3371 ac
3234 3319 3277 3372 si
3303 3318 3424 3388 quis
3453 3334 3576 3387 pro-

1998 3409 2179 3464 basset
2217 3409 2377 3462 tidem
2414 3424 2522 3462 non
2558 3407 2724 3462 fuisse
2758 3410 3105 3477 praedicatum
3160 3411 3212 3462 in
3246 3411 3415 3464 Frisia
3451 3421 3576 3464 ante

1998 3500 2256 3555 smculum
2282 3515 2395 3563 vtt,
2440 3498 2676 3570 indeque
2730 3500 2936 3555 inferre
2985 3503 3146 3556 vellet
3189 3503 3434 3558 eamdem
3467 3520 3575 3558 non

2002 3590 2171 3645 fuisse
2200 3599 2334 3644 {title
2367 3590 2573 3645 dictum
2621 3589 2883 3645 naculum
2910 3589 2964 3643 in
3000 3589 3169 3645 Callia
3202 3593 3572 3662 praedicatam.

2001 3681 2265 3750 Princeps
2294 3682 2580 3747 Anxumae,
2614 3679 2759 3750 apud
2805 3696 2969 3749 quem
2998 3691 3244 3753 tempore
3272 3685 3578 3741 Constantii

2001 3786 2057 3830 et
2095 3774 2381 3830 Athanasii
2415 3772 2574 3829 ﬁdem
2605 3773 2924 3843 praedicavit
2949 3786 3170 3831 sanctus
3201 3775 3578 3846 Frumentius,

2002 3876 2218 3937 poterat
2240 3867 2461 3937 quidem
2489 3882 2677 3938 pacem
2699 3883 2823 3923 cum
2860 3867 3119 3925 Romanis
3143 3881 3238 3924 aut
3266 3870 3582 3929 inimicitias

2004 3974 2283 4023 exercere,
2331 3959 2456 4031 quia
2493 3960 2878 4017 dominabatur
2924 3962 2992 4017 ad
3031 3962 3213 4018 sinum
3248 3964 3580 4031 Arabicum;

2004 4055 2099 4107 sed
2151 4052 2284 4107 alias
2327 4053 2486 4123 longe
2516 4052 2706 4108 aberat
2735 4068 2763 4107 a
2809 4053 3008 4110 ﬁnibus
3055 4055 3271 4125 imperii
3313 4057 3579 4119 Romani;

2005 4144 2100 4198 sed
2136 4143 2256 4198 haec
2299 4143 2466 4200 latius
2496 4144 2861 4200 examinanda
2888 4147 3111 4202 venient
3136 4147 3192 4202 in
3230 4157 3422 4205 sancto
3449 4150 3587 4207 Fru-

2007 4236 2214 4292 mentio
2262 4236 2330 4293 ad
2375 4236 2444 4292 27
2477 4237 2748 4305 Octobris,
2797 4238 2891 4294 ubi
2931 4237 3094 4294 simul
3137 4240 3465 4311 inquiretur,
3512 4258 3582 4300 an

2008 4335 2158 4383 recte
2215 4327 2366 4384 India
2411 4338 2605 4385 vocata
2642 4328 2811 4386 fuerit
2844 4329 2994 4403 regio
3034 4345 3134 4402 per
3167 4343 3415 4393 sanetum
3444 4334 3584 4390 Fru-

2009 4422 2272 4477 mentium
2307 4437 2589 4479 conversa.

2083 4513 2173 4569 53.
2215 4513 2372 4579 Quod
2435 4523 2817 4583 argumentum
2883 4515 3214 4574 Tillemontii
3290 4527 3588 4590 utcumque

2008 4604 2235 4669 evincit,
2267 4612 2323 4658 et
2351 4603 2513 4659 latius
2542 4604 2737 4673 probat
2760 4606 2931 4663 Jobus
2958 4607 3225 4664 Ludoll‘us
3256 4611 3309 4665 in
3349 4610 3586 4667 Historia

2008 4694 2320 4767 Ethiopian
2342 4697 2458 4752 sive
2491 4698 2643 4769 regni
2667 4698 3110 4768 Habessinorum,
3142 4702 3238 4758 lib.
3267 4716 3347 4769 tu,
3379 4718 3497 4776 cap.
3530 4705 3586 4773 3,

2010 4786 2169 4843 ﬁdem
2201 4788 2590 4859 Apostolorum
2619 4796 2865 4858 tempore
2892 4791 3247 4860 praedicatum
3276 4807 3385 4848 non
3417 4794 3589 4852 fuisse

2012 4880 2067 4934 in
2096 4895 2263 4952 regno
2304 4880 2726 4938 Auxuntitarum
2760 4884 2876 4940 sive
2919 4884 3370 4951 Habessinorum,
3416 4888 3590 4959 magis

2012 4975 2363 5032 verisimilem
2378 4975 2515 5035 facit
2527 4976 2969 5048 pradicationem
2986 4977 3045 5035 S.
3061 4978 3298 5037 Matthaei
3312 4983 3365 5036 in
3380 4980 3595 5038 Ethio-

2015 5070 2102 5139 pia
2126 5067 2362 5141 Δεξικριο
2405 5070 2771 5126 contermina.
2801 5070 2941 5128 liinc
2969 5072 3222 5130 laudatus
3247 5072 3508 5131 Ludoll‘us
3534 5075 3591 5130 in

2016 5159 2307 5216 Annotatis
2336 5161 2403 5217 ad
2457 5161 2553 5218 lib.
2586 5177 2670 5228 tu,
2704 5177 2829 5234 cap.
2858 5166 2913 5227 2,
2950 5179 3073 5235 pag.
3109 5164 3219 5221 εεο
3250 5180 3316 5221 ex
3356 5165 3591 5222 llistoria

2017 5252 2329 5325 Ethiopica
2377 5253 2712 5311 Baltbasaris
2762 5253 3007 5322 Tellezii,
3055 5270 3220 5327 quant
3259 5257 3594 5328 irequen'is-

2019 5348 2156 5403 sime
2188 5349 2397 5412 laudat,
2429 5348 2546 5405 haec
2567 5348 2786 5404 adducit
2814 5351 3145 5420 et-sequitur
3164 5350 3327 5405 verba
3357 5369 3373 5405 :
3411 5348 3598 5414 «Quod

2022 5441 2271 5498 nonnulli
2331 5442 2523 5498 dicunt
2571 5452 2816 5498 sanctum
2879 5441 3193 5498 Mattbteum
3240 5441 3597 5513 Evangelium

2022 5532 2348 5604 pradicasse
2373 5534 2426 5589 in
2455 5533 2757 5605 Ethiopia,
2792 5548 2881 5590 res
2907 5533 3051 5589 inter
3094 5532 3432 5589 Habessinos
3455 5546 3601 5587 nova

2023 5633 2130 5693 est,
2164 5634 2220 5681 et
2249 5624 2608 5683 fundamento
2634 5636 2805 5683 caret.
2835 5626 2972 5683 Cum
3006 5625 3242 5698 religiosi
3279 5623 3451 5681 nostri
3493 5622 3601 5678 illis

2025 5733 2095 5774 cx
2136 5718 2381 5774 historiis
2412 5719 2619 5775 nostris
2650 5719 2703 5776 id
2732 5726 3043 5785 narrarent,
3089 5716 3493 5788 responderunt
3523 5713 3605 5784 (et

2027 5813 2246 5886 quidem
2288 5821 2457 5881 recte,
2491 5811 2568 5869 ait
2592 5810 2877 5883 Ludoll‘us)
2908 5812 3013 5868 hoc
3042 5808 3459 5882 intelligendum
3480 5821 3603 5865 esse
