4002 6442
357 343 467 410 ’183

1604 345 1890 408 MENSIS
1926 345 2399 408 SEPTEMBER.

3531 347 3640 413 7‘8!

364 455 433 510 de
477 451 759 524 EthiOpia
793 452 1039 510 inferiori
1076 453 1312 523 (scilicet
1339 454 1559 526 proprie
1591 456 1760 523 dicta,
1795 456 1948 511 addit
1977 460 2024 519 Α
2055 454 2407 521 Fortunatus,
2436 454 2763 521 Eucherius,
2796 454 2935 518 Ado,
2968 454 3327 511 Usuarduset
3358 453 3639 519 Rabantts,

365 544 649 616 Lndoli'us)
700 560 822 615 qua:
863 544 1176 600 extenditur
1226 561 1257 600 a
1309 547 1599 617 Suaquena
1658 563 1832 618 usque
1891 548 1951 601 in

362 639 676 712 Egyptum.
702 637 1152 707 Quandoquidem
1176 638 1379 693 nullam
1408 653 1647 708 unquam
1694 637 1948 694 notitiam

363 733 593 798 habent,
618 731 764 800 quod
794 739 1016 785 sanctus
1046 729 1340 786 Matthteus
1374 741 1469 788 aut
1498 732 1780 803 apostolus
1808 732 1949 787 alius

362 823 736 880 ﬂabessiniam
763 823 1052 877 intraverit
1092 828 1242 890 (ante
1260 831 1511 878 sanctum
1543 822 1946 888 Frumentium,

360 933 422 973 ut
453 930 667 973 rursum
708 915 880 971 addit
923 914 1207 987 Ludolfus)
1249 915 1323 969 uti
1376 924 1526 970 certo
1569 916 1772 971 docent
1820 915 1946 971 libri

344 1010 585 1065 illorum
619 1016 784 1077 atque
813 1005 913 1059 viri
955 1006 1173 1061 illorum
1200 1006 1372 1072 docti,
1403 1007 1498 1077 qui
1527 1008 1766 1061 maxime
1791 1007 1946 1078 gnari

339 1078 461 1155 isibi
496 1099 753 1156 videntur
783 1113 910 1153 esse
938 1097 1303 1167 antiquitatis.
1337 1116 1356 1149 ι
1405 1099 1601 1154 Subdit
1631 1098 1896 1155 Ludoll‘us
1929 1116 1944 1153 :

362 1188 679 1247 {Proxime
725 1190 890 1261 igitur
935 1190 1004 1245 ad
1043 1190 1334 1246 veritatem
1371 1193 1636 1248 accedere
1686 1192 1949 1249 videntur

357 1286 417 1351 ii,
457 1283 760 1356 qui-Nuhia:
781 1283 1202 1340 conversionem
1238 1284 1500 1340 Matthan
1532 1286 1782 1357 apostolo
1805 1287 1946 1341 assi-

356 1384 684 1447 gnaverunt,
711 1390 831 1446 qua:
858 1374 1087 1430 indtthie
1119 1376 1417 1447 [Ethiopiae
1444 1377 1684 1447 antiqua:
1717 1387 1776 1433 et
1811 1393 1939 1448 pro-

356 1469 475 1539 prie
498 1468 659 1524 dictae
682 1482 807 1537 pars
826 1478 933 1523 est.
962 1487 981 1520 ι
1020 1469 1097 1523 Ex
1125 1470 1277 1524 hisce
1313 1469 1477 1540 igitur
1505 1470 1695 1540 liquet,
1726 1470 1946 1527 JEthio-

344 1560 503 1631 piam
558 1557 795 1630 Egypto
858 1557 1184 1628 proximam,
1244 1575 1365 1631 quae
1426 1560 1651 1617 nomine
1706 1568 1944 1619 maxime

357 1651 586 1721 pruprio
616 1649 897 1721 ASthiOpia
944 1648 1052 1706 fuit
1086 1651 1230 1707 dicta
1286 1661 1534 1722 tempore
1585 1655 1763 1708 sancti
1805 1653 1942 1709 Mat-

359 1742 510 1806 tbtei,
536 1751 591 1797 et
620 1742 710 1796 ubi
751 1741 946 1797 incolae
977 1743 1133 1813 nigro
1178 1752 1311 1797 sunt
1353 1745 1538 1798 colore
1571 1745 1746 1814 magis
1775 1762 1938 1815 quam

359 1834 413 1886 ia
452 1831 801 1897 llabessinia,
835 1833 988 1887 nullo
1035 1842 1360 1905 argumento
1396 1834 1675 1890 exclusam
1708 1836 1878 1893 fuisse
1898 1853 1940 1893 -a

360 1926 750 1997 praedicatione
796 1926 967 1981 sancti
1005 1925 1266 1981 Matthzei.

404 2004 519 2073 '54.
562 2017 734 2074 Porro
769 2018 1109 2089 JEthiopiam
1142 2018 1312 2074 fuisse
1353 2021 1791 2078 convcrsamdiu
1817 2032 1945 2078 ante

358 2111 656 2167 concilium
689 2111 997 2175 Nicaznum,
1034 2111 1502 2183 videturnprobari
1544 2130 1607 2168 cx
1642 2116 1946 2172 canonihus

361 2204 611 2259 Arabicis
646 2203 869 2258 concilii
894 2202 1126 2268 Niczeui,
1161 2219 1303 2274 quos
1338 2203 1610 2261 habemus
1641 2206 1786 2277 apud
1809 2206 1949 2261 Lab-

363 2296 526 2350 heum
584 2302 718 2348 tom.
756 2292 798 2346 11
830 2292 1240 2361 Conciliorum;
1284 2310 1410 2349 nam
1469 2294 1523 2349 in
1560 2296 1654 2351 .his
1690 2314 1812 2367 cap.
1855 2298 1943 2365 56,

362 2383 469 2440 col.
518 2383 645 2450 502,
684 2383 756 2437 ita
799 2383 1038 2455 legitur:
1083 2401 1101 2434 ι
1135 2383 1205 2439 Ut
1234 2399 1346 2438 non
1393 2386 1610 2455 possint
1654 2387 1948 2460 Aithiopes

355 2463 547 2533 creare
577 2491 679 2531 nec
713 2475 916 2547 eligere
940 2477 1310 2546 patriarcham
1334 2496 1346 2541 ;
1375 2478 1508 2547 quin
1540 2479 1722 2549 potius
1751 2496 1944 2535 eorum

356 2568 618 2639 praelatus
669 2568 773 2622 sub
819 2574 1094 2638 potestate
1139 2568 1260 2637 ejus
1295 2566 1389 2632 sit,
1431 2570 1521 2639 qui
1559 2579 1710 2625 tenet
1757 2572 1945 2627 sedem

353 2662 725 2720 Alexnndriat.
769 2660 851 2715 Sit
904 2669 1084 2714 tamen
1122 2662 1265 2731 apud
1302 2676 1397 2716 eos
1444 2662 1567 2719 loco
1592 2664 1943 2733 patriarchae,

356 2768 413 2813 et
456 2755 763 2828 appelletur
810 2753 1138 2809 catholicus.
1196 2754 1316 2810 Non
1379 2766 1560 2811 tamen
1602 2756 1696 2826 jus
1749 2756 1947 2813 habeat

355 2852 736 2909 constituendi
766 2849 1235 2920 archiepiscopus,
1277 2857 1333 2901 ut
1372 2847 1536 2902 habet
1575 2847 1892 2918 patriarcha
1927 2866 1941 2902 :

355 2946 624 3018 siquidem
661 2959 771 2999 non
809 2942 977 2998 habet
1023 2940 1351 3013 patriarcha:
1391 2941 1659 2994 honorem
1708 2953 1814 2994 nec
1842 2954 1944 3009 po-

355 3048 633 3096 testatem.
676 3038 831 3104 Quod
864 3035 909 3091 si
969 3033 1232 3089 acciderit
1276 3042 1334 3087 ut
1374 3031 1667 3087 concilium
1706 3031 1758 3086 in
1790 3031 1944 3087 Grae-

321 3136 441 3190 ~cia
503 3133 792 3197 habeatur,
861 3132 1137 3199 fueritque
1202 3142 1448 3216 praesens
1519 3126 1611 3183 hic
1684 3127 2011 3216 przelatusc

355 3229 701 3300 Aithiopum,
729 3225 929 3282 haheat
961 3223 1255 3293 septimum
1276 3208 1469 3276 locum
1500 3228 1625 3291 post
1658 3220 1941 3291 praelatum

358 3323 651 3379 Seleucia.
688 3319 754 3374 Et
794 3316 1020 3390 quando
1052 3316 1193 3371 iacta
1223 3313 1388 3369 fuerit
1426 3312 1477 3368 ei
1527 3320 1772 3383 potestas
1808 3327 1943 3368 con-

326 3405 624 3476 fstitucndi
655 3413 1099 3484 archiepiscopos
1132 3411 1188 3465 in
1214 3409 1501 3481 provincia
1532 3423 1652 3474 sua,
1678 3423 1787 3463 non
1820 3409 1946 3464 lice-

326 3513 439 3569 .bit
468 3510 543 3565 illi
568 3508 929 3564 constituere
961 3505 1201 3573 aliquem
1244 3517 1312 3557 ex
1339 3501 1447 3557 illis
1473 3518 1488 3556 :
1525 3511 1582 3557 et
1609 3502 1944 3574 quicumque

338 3620 469 3660 non
518 3601 781 3671 paruerit,
820 3597 1062 3669 synodus
1091 3609 1216 3651 eum
1266 3594 1729 3650 eseommunicat.
1771 3613 1790 3646 ›
1831 3593 1943 3649 No-

322 3736 329 3743 ι
356 3697 449 3751 lim
482 3704 664 3749 tamen
694 3690 1054 3755 contendere,
1081 3688 1230 3743 hunc
1247 3701 1517 3743 canonem
1541 3687 1713 3744 fuisse
1738 3688 1942 3744 factum

324 3828 331 3833 .
356 3804 388 3844 a
418 3787 653 3845 concilio
674 3784 930 3851 Niemno;
958 3797 1083 3837 cum
1111 3795 1223 3835 non
1252 3780 1520 3852 ignorem,
1544 3794 1788 3837 canones
1807 3781 1945 3836 Ara-

329 3856 511 3939 ihicos
543 3881 612 3936 ab
655 3877 888 3935 eruditis
918 3875 1123 3946 passim
1167 3873 1347 3945 rejici.
1382 3872 1441 3928 id
1471 3889 1641 3929 unum
1683 3877 1941 3940 observo,

328 3987 649 4038 -canonem,
678 3970 732 4024 si
783 3966 915 4038 quid
955 3965 1120 4031 valet,
1163 3965 1327 4020 unice
1374 3963 1557 4019 valere
1600 3979 1701 4035 pro
1743 3964 1942 4029 Nubia,

332 4068 608 4135 πεῖναι)το
646 4059 924 4129 Ethiopia
971 4055 1530 4112 inter-Habessiniant
1563 4064 1618 4110 et
1643 4054 1939 4127 Aigyptum

355 4158 560 4217 inedia.
590 4152 862 4210 Attulerat
891 4149 1147 4205 cumd3m
1178 4146 1447 4203 Ludolius
1485 4146 1542 4201 in
1572 4145 1811 4202 Historia
1841 4164 1940 4203 sua

353 4252 424 4307 ad
458 4244 877 4304 conversionem
910 4238 1256 4296 Habcssiniae
1301 4237 1684 4308 probandam;
1718 4240 1814 4294 sed
1840 4255 1942 4310 po-

357 4354 476 4400 stea
511 4342 569 4395 in
615 4335 904 4395 Adnotatis
926 4348 1071 4405 apag.
1101 4333 1210 4388 282
1242 4331 1379 4387 vidit
1410 4339 1466 4387 et
1509 4331 1772 4387 indicavit
1809 4348 1942 4387 ana-

356 4433 763 4491 chronismum,
789 4442 912 4483 cum
945 4424 1267 4480 llabessinia
1313 4421 1480 4478 fuerit
1523 4438 1790 4479 conversa
1818 4435 1941 4494 post

2056 545 2371 603 Matthaaum
2415 548 2469 602 in
2502 546 2781 617 Aﬂthiopia
2822 547 3150 617 praedicasse
3186 546 3433 611 tradunt,
3475 547 3643 617 idque

2057 637 2558 706 probabilissimum
2594 647 2749 709 puto,
2780 637 2825 691 si
2866 651 2980 691 non
3012 636 3177 692 etiam
3218 636 3480 693 historice
3514 654 3642 694 cer-

2054 733 2170 782 tum
2201 728 2384 785 dicere
2415 738 2684 799 oporteat.
2988 780 2999 789 ,

2125 822 2216 877 55.
2259 822 2652 880 Verumtamen
2686 824 3040 881 nominantur
3076 826 3289 882 'et'alite
3320 826 3637 897 provincia,

2052 916 2108 967 in
2134 914 2335 984 quibus
2373 916 2772 984 pmdicaverit,
2795 929 2890 972 aut
2921 927 3155 974 mortem
3182 919 3385 974 obierit
3407 928 3639 975 sanctus

2052 1003 2361 1062 Mattbzeus.
2393 1005 2453 1062 S.
2481 1007 2810 1065 Ambrosius
2838 1010 2895 1064 in
2919 1009 3195 1065 Psalmum
3220 1025 3344 1073 xtv,
3366 1027 3523 1066 num.
3547 1009 3630 1071 ΞΘ.

2048 1098 2147 1159 ait,
2187 1097 2444 1155 Matthaao
2475 1100 2716 1157 Persiam
2757 1102 3020 1172 patuisse,
3057 1110 3114 1158 et
3140 1102 3368 1157 Thema:
3399 1102 3633 1168 lndiam,

2048 1189 2335 1246 insinuans
2391 1190 2551 1248 (idem
2583 1210 2611 1248 a
2640 1205 2832 1250 sancto
2856 1193 3115 1252 Matthiae
3142 1196 3199 1250 in
3231 1195 3457 1253 Perside
3491 1212 3633 1267 pra:-

2047 1281 2302 1338 dicatam.
2334 1282 2571 1341 Sanetus
2601 1284 2861 1342 Paulinus
2898 1287 3142 1345 Nolanus
3190 1289 3246 1344 in
3279 1287 3535 1346 Poemate
3570 1292 3634 1348 i9

2045 1372 2158 1428 ait:
2209 1392 2227 1426 ‹
2264 1375 2489 1431 Parthia
2523 1376 2839 1435 Matthaum
2873 1381 3284 1451 complectitur.
3321 1400 3340 1433 ι
3379 1382 3636 1437 Consen-

2046 1466 2194 1521 tiunt
2219 1466 2598 1541 Martyrologia
2626 1470 3053 1541 Hieronymiana
3084 1472 3318 1528 inferius
3338 1473 3635 1539 laudanda,

2044 1555 2102 1610 in
2133 1556 2335 1626 quibus
2370 1574 2520 1614 mors
2549 1561 2725 1615 sancti
2759 1561 2812 1615 in
2839 1562 3063 1617 Perside
3097 1561 3296 1634 ﬁgitur.
3320 1561 3427 1617 Alii
3451 1562 3639 1617 viden-

2046 1658 2134 1703 tur
2171 1650 2356 1704 dicere
2393 1650 2450 1705 in
2490 1651 2712 1707 Parthia
2744 1662 2996 1709 sanctum
3042 1668 3167 1710 esse
3195 1663 3509 1717 mortuum;
3541 1653 3636 1709 sed

2044 1741 2306 1797 censendi
2338 1751 2467 1798 sunt
2495 1742 2774 1798 Parthiam
2806 1759 2915 1799 non
2942 1745 3260 1801 distinxisse
3282 1761 3313 1800 a
3341 1745 3636 1800 Persarum

1978 1817 2020 1871 Β
2054 1832 2308 1903 imperio,
2358 1835 2506 1904 quod
2559 1833 2750 1890 Parthi
2809 1843 3057 1906 tempore
3098 1835 3337 1890 Matthtei
3383 1835 3637 1891 domina-

2049 1938 2258 1984 rentur.
2290 1929 2569 1985 lndiculus
2597 1930 2871 2002 Hippolyti
2906 1930 3050 2001 apud
3078 1930 3467 1986 Combcilsium
3499 1939 3634 1985 tom.

2049 2021 2244 2079 lll.col.
2272 2022 2491 2087 83l,ita
2514 2022 2677 2077 habet
2704 2041 2719 2078 :
2753 2042 2771 2074 ι
2803 2023 3109 2089 Matthaaus,
3128 2038 3252 2077 cum
3274 2022 3637 2093 'Evangelium

2051 2109 2316 2165 llebraice
2349 2111 2681 2181 scripsisset,
2714 2112 3110 2185 Hierosolymis
3139 2114 3331 2181 edidit,
3365 2113 3640 2169 obdormi-

2048 2202 2235 2272 vitque
2262 2200 2470 2257 lliercae
2510 2201 2834 2259 Parthorum
2864 2206 3109 2263 civitate.
3145 2225 3163 2258 ι
3201 2207 3404 2262 Verum
3437 2206 3635 2277 exigua

2049 2300 2228 2361 potest
2259 2306 2379 2346 esse
2410 2293 2713 2348 auctoritas
2739 2294 2884 2349 illius
2915 2293 3167 2356 lndiculi.
3199 2295 3406 2365 apertis
3428 2295 3641 2365 aliquot

2047 2382 2335 2437 erroribus
2379 2383 2586 2451 fteJati,
2633 2385 2791 2455 cujus
2820 2394 3012 2440 auctor
3040 2396 3129 2442 est
3160 2387 3423 2442 incertus.
3468 2389 3640 2445 Addit

2047 2474 2407 2529 Comheiisius
2438 2474 2495 2529 in
2521 2476 2815 2531 Annotatis
2849 2494 2862 2530 :
2892 2496 2923 2529 -‹
2959 2478 3136 2531 Etiam
3169 2478 3480 2535 Dorotheus
3507 2478 3642 2535 llic-

2048 2567 2223 2639 ropoli
2242 2568 2484 2623 Parthia
2499 2568 2704 2624 obiisse
2735 2570 2920 2624 tradit.
2945 2589 2964 2622 ι
2999 2570 3071 2625 At
3094 2571 3640 2640 pseudo-Dorotheus

2046 2660 2224 2715 nihilo
2251 2660 2445 2717 melior
2474 2670 2560 2717 est
2605 2658 2923 2732 Hippolyto.
2972 2661 3330 2732 Freculphus,
3363 2663 3417 2717 in
3457 2662 3640 2719 Chro-

2046 2750 2196 2813 nico,
2223 2749 2319 2806 lib.
2353 2764 2418 2818 tt,
2437 2765 2561 2821 cap.
2585 2749 2639 2825 ι,
2668 2758 2792 2820 post
2816 2750 3052 2821 elogium
3084 2751 3320 2807 hiatu-aii
3349 2768 3416 2807 cx
3441 2764 3640 2809 saneto

2047 2842 2382 2915 Hieronymo
2410 2842 2597 2899 datum
2634 2842 2755 2898 haec
2786 2842 2941 2898 addit
2972 2859 2986 2897 :
3040 2861 3060 2894 ε
3086 2842 3146 2898 is
3185 2844 3419 2914 primum
3457 2846 3515 2901 in
3540 2847 3639 2902 Ju-

2046 2934 2162 2991 daza
2193 2935 2613 3008 evangelizavit,
2654 2936 3007 3005 p0stmodum
3044 2937 3097 2990 in
3118 2937 3454 2994 Macedonia
3488 2955 3642 3010 prato

2046 3028 2283 3095 dicavit;
2322 3028 2619 3099 requiescit
2652 3028 3013 3097 in;montihus
3046 3030 3393 3087 Panthorum.
3425 3051 3444 3086 ι
3477 3033 3640 3101 ρυοὰ

2047 3120 2114 3176 de
2138 3119 2457 3176 Macedonia
2486 3120 2709 3186 dicitur,
2738 3121 2877 3177 mihi
2909 3138 3021 3177 non
3053 3123 3189 3178 satis
3223 3122 3284 3179 ﬁt
3313 3124 3640 3191 verisimile,

2046 3213 2178 3285 quia
2213 3214 2399 3270 notius
2428 3214 2483 3270 id
2517 3212 2709 3271 fuisset
2738 3213 2967 3281 Graecis,
3008 3214 3052 3271 si
3085 3215 3288 3272 factum
3315 3227 3487 3274 esset.
3530 3221 3640 3275 Ea-

2045 3305 2172 3360 dem
2210 3304 2280 3360 de
2309 3320 2472 3361 causa
2512 3305 2723 3372 dubito,
2755 3322 2824 3360 an
2873 3308 3007 3363 satis
3053 3309 3351 3378 probabilis
3398 3311 3472 3366 sit
3497 3311 3645 3367 Mat-

2048 3397 2174 3452 thaei
2211 3398 2525 3467 praedicatio
2554 3396 2831 3468 Hierapoli
2866 3396 2921 3453 in
2970 3398 3149 3470 Syria,
3186 3416 3349 3471 quam
3397 3403 3643 3461 adstruit

2046 3488 2265 3543 Nicetas
2302 3487 2597 3562 Paphlago,
2640 3489 2696 3543 in
2728 3490 2921 3546 eadem
2952 3490 3117 3546 etiam
3152 3493 3288 3550 urbe
3311 3495 3640 3552 defunctum

2044 3582 2309 3637 scribens.

2118 3698 2207 3753 56.
2254 3697 2653 3769 Metaphrastes
2709 3699 2944 3756 Parthos
3008 3702 3388 3773 praedicationi
3461 3706 3629 3776 ipsius

2044 3790 2321 3854 attribuit,
2373 3791 2470 3847 sed
2515 3791 2852 3862 EthiOpiam
2903 3793 3147 3849 ultimam
3195 3794 3325 3852 facit
3373 3800 3634 3869 praedica-

2046 3879 2217 3936 tionis
2246 3878 2485 3937 Μαιηιωί
2523 3888 2582 3936 et
2632 3882 2877 3954 martyrii
2912 3883 3243 3953 palmstram.
3274 3885 3435 3957 Apud
3465 3890 3641 3945 Asse-

2047 3986 2272 4027 manutn
2327 3973 2383 4027 in
2433 3972 2762 4027 Bibliotheca
2792 3972 3073 4039 Orientali,
3108 3984 3239 4033 tom.
3271 3978 3363 4045 lll,
3393 3992 3529 4048 part.
3574 4000 3637 4050 n,

2047 4080 2170 4136 pag.
2194 4064 2247 4130 5,
2271 4064 2495 4129 Amrus,
2514 4068 2753 4136 scriptor
2774 4067 2955 4121 szeculi
2979 4083 3089 4134 xiv,
3113 4068 3180 4125 de
3202 4069 3456 4128 Mattlneo
3473 4077 3583 4129 ait:
3614 4095 3633 4128 ι

2054 4176 2073 4210 ‹
2104 4158 2313 4214 Ferunt
2344 4158 2658 4213 Matthmum
2691 4160 3083 4231 evangelistam
3130 4160 3337 4217 Indiam
3381 4166 3636 4234 petiisse,

2046 4252 2234 4322 ibique
2268 4251 2617 4322 praedicasse.
2659 4270 2678 4303 ι
2715 4246 2919 4306 Verum
2951 4269 3055 4309 nec
3081 4255 3231 4309 Amri
3261 4255 3404 4310 illius
3431 4270 3630 4313 aucto-

2049 4348 2184 4399 ritas
2214 4353 2362 4399 tanta
2392 4352 2499 4407 est,
2529 4352 2590 4398 ut
2617 4347 2947 4415 persuadere
2976 4347 3137 4404 nobis
3169 4349 3345 4419 possit
3376 4366 3551 4421 usque
3578 4356 3635 4409 in

2049 4436 2255 4491 lndiam
2274 4436 2489 4492 venisse
2508 4446 2757 4492 sanctum
2783 4437 3115 4494 Matthazum.
3135 4441 3467 4497 Assemanus
3492 4445 3505 4497 i
3513 4460 3636 4514 pse,

356 4526 654 4585 concilium
696 4522 1000 4585 Nicaenmn,
1036 4526 1096 4573 ut
1139 4517 1257 4588 ipse
1300 4517 1569 4587 agnoscit.
1602 4516 1938 4586 Lequicnus,

2050 4545 2173 4601 pag.
2210 4530 2266 4595 5,
2297 4529 2555 4583 observat
2588 4543 2617 4583 a
2651 4528 2800 4600 Syris
2833 4539 2889 4583 ct
2929 4531 3196 4586 Chaldaeis
3227 4534 3390 4588 etiam
3432 4503 3632 4592 nuine:

358 4632 492 4677 tom.
521 4618 565 4675 ll
597 4614 838 4673 Orientis
872 4611 1194 4677 Christiani,
1230 4626 1358 4682 pag.
1392 4609 1490 4664 641
1524 4610 1778 4665 eumdem
1812 4626 1941 4680 pro-

356 4718 509 4779 ducit
555 4726 824 4770 canonem
871 4724 967 4781 pro
1003 4707 1369 4763 conversione
1405 4703 1855 4765 llabessinorum,
1888 4714 1944 4760 et

356 4807 443 4860 vel
494 4806 575 4860 sic
609 4818 801 4859 eorum
842 4799 1260 4856 conversionem
1316 4795 1572 4852 attribuit
1621 4795 1944 4850 Frumentio

355 4905 481 4968 post
510 4893 802 4963 concilium
854 4891 1136 4946 Niczuutn
1170 4887 1441 4943 ordinato.
1501 4885 1698 4941 Verum
1751 4888 1944 4957 nequit

356 5008 456 5062 pro
489 4989 718 5045 aliorum
768 4983 1090 5053 jEthiOpum
1134 4978 1241 5035 fide
1273 4991 1453 5035 canon
1507 4978 1596 5032 ille
1639 4977 1860 5043 adduci,
1895 4980 1940 5034 si

355 5082 614 5140 Nicmnus
663 5078 939 5141 credatur,
972 5088 1135 5144 quam
1165 5087 1263 5143 pro
1293 5069 1659 5139 rEthiopihus
1705 5069 1943 5143 Egypto

361 5174 644 5247 proximis,
678 5182 732 5226 et
761 5184 829 5225 eo
859 5167 1082 5222 nomine
1127 5163 1365 5221 maxime
1411 5164 1555 5217 notis
1608 5165 1751 5235 apud
1800 5164 1941 5217 anti-

355 5284 519 5341 quos.
549 5266 657 5321 llos
688 5272 872 5320 autem
922 5261 1054 5318 olim
1102 5258 1273 5315 fuisse
1317 5256 1659 5314 Christianos
1698 5266 1935 5324 constat,

358 5377 461 5418 nec
489 5359 621 5415 satis
651 5358 915 5421 innotuit,
953 5370 983 5409 a
1029 5368 1141 5423 quo
1186 5352 1392 5406 iuerint
1438 5351 1711 5405 conversi.
1745 5351 1938 5406 Eunu-

358 5456 525 5510 chum
565 5452 766 5523 reginae
805 5448 1110 5509 Candaces,
1162 5460 1287 5515 quae
1340 5453 1494 5500 cetto
1550 5444 1605 5498 in
1663 5444 1749 5498 illa
1786 5454 1940 5513 parte

358 5544 650 5614 Ethiopian
688 5538 959 5615 regnavit,
1022 5539 1212 5595 Patres
1259 5537 1415 5591 multi
1470 5538 1672 5591 ibidem
1729 5536 1940 5591 faciunt

354 5637 664 5709 apostolum
695 5653 710 5690 :
748 5643 805 5688 at
853 5642 1004 5689 certe
1031 5630 1321 5687 eunuchus
1357 5629 1448 5683 ille
1478 5630 1648 5695 solus,
1685 5644 1808 5703 cum
1840 5629 1940 5683 lai-

354 5742 455 5782 cus
481 5735 650 5790 esset,
676 5725 941 5780 ecclesias
969 5722 1042 5776 ibi
1070 5722 1362 5775 instituere
1403 5734 1515 5774 non
1546 5719 1743 5788 potuit.
1783 5717 1938 5773 Ruti—

364 5833 470 5875 nus
503 5827 559 5872 et
610 5816 883 5882 Socrates,
911 5814 1110 5886 quibus
1153 5810 1505 5869 consentiunt
1634 5811 1928 5885 Gregorius

2050 4622 2155 4676 rari
2183 4620 2497 4675 Matthteum
2541 4621 2687 4675 inter
2739 4623 3019 4692 apostolos
3065 4625 3157 4695 qui
3186 4626 3549 4695 prtedicarunt
3579 4630 3634 4682 in

2049 4711 2199 4784 Syria
2223 4722 2276 4767 et
2305 4712 2591 4781 Cltaldtea;
2620 4729 2731 4769 non
2756 4722 2936 4770 tamen
2963 4719 3316 4773 annumerari
3341 4721 3639 4790 pracipuis

2046 4806 2263 4861 illarum
2319 4806 2728 4875 provinciarum
2760 4808 3042 4877 apostolis.
3089 4808 3248 4876 Quod
3283 4812 3638 4883 Nicephorus

2046 4910 2173 4950 cum
2204 4893 2426 4950 Menaeis
2468 4894 2783 4950 Matthaaum
2814 4894 3090 4951 Mira-eme
3121 4900 3265 4967 apud
3311 4900 3637 4974 Anthropo-

2046 4990 2254 5061 phagos
2273 4989 2350 5043 ait
2376 4988 2701 5058 pra'dieasse
2723 4996 2779 5044 et
2806 4990 3156 5056 occubuisse,
3182 4992 3271 5047 vix
3294 4994 3485 5049 referri
3515 5013 3638 5050 me-

2046 5090 2219 5144 retur,
2260 5094 2386 5135 cum
2418 5080 2627 5134 oriatur
2648 5096 2715 5134 ex
2743 5081 2972 5135 historia
3007 5081 3255 5138 fabulosa
3286 5093 3343 5140 et
3369 5084 3532 5155 plane
3563 5089 3633 5143 ri:

2044 5171 2244 5227 dicula.
2286 5171 2447 5226 Videt
2488 5172 2770 5227 studiosus
2818 5174 3013 5237 lector,
3046 5184 3312 5244 quantum
3349 5180 3629 5241 existimo.

2043 5264 2227 5318 omnia
2257 5264 2347 5319 illa
2379 5264 2449 5320 de
2483 5264 2719 5320 Matthxi
2767 5268 3158 5334 praedicatione
3192 5269 3361 5341 magis
3416 5272 3636 5329 incesta

2042 5371 2186 5421 esse,
2224 5371 2388 5425 quam
2423 5364 2482 5411 ut
2512 5357 2717 5428 aliquid
2750 5367 2869 5413 tuto
2904 5359 3160 5415 atﬁrmari
3197 5363 3407 5432 possit;
3446 5366 3636 5433 plures

2046 5460 2225 5505 tamen
2272 5452 2586 5505 consentire
2626 5452 2681 5505 in
2730 5450 3015 5508 Persidem
3052 5463 3147 5508 aut
3177 5454 3476 5525 Parthiam,
3507 5475 3636 5528 qua:

2041 5541 2358 5610 provinciae,
2401 5542 2527 5597 licet
2557 5542 2830 5597 distincta:
2875 5544 3009 5609 sint,
3041 5544 3198 5600 facile
3223 5546 3486 5601 confundi
3526 5566 3634 5618 po-

2042 5643 2287 5697 tuerunt,
2319 5649 2444 5688 cum
2470 5634 2616 5703 quod
2665 5634 2898 5688 invicem
2933 5635 3127 5690 vicinae
3168 5636 3300 5701 sint,
3334 5647 3446 5692 tum
3477 5644 3632 5707 quod

2046 5735 2294 5793 tempore
2324 5725 2502 5779 sancti
2546 5724 2786 5779 Matthxi
2819 5726 3112 5795 imperium
3146 5736 3293 5783 esset
3321 5732 3461 5799 apud
3494 5730 3632 5784 Par—

2042 5821 2184 5883 thos,
2216 5818 2360 5886 quod
2394 5825 2579 5881 postea
2611 5816 2787 5872 Persae
2809 5828 3159 5888 receperunt.
