4002 6432
356 397 461 460 785

1640 409 1810 469 VlTA
1849 407 1910 467 S.
1954 404 2344 465 ΜΑΤἸῊᾸζίε.

3502 397 3610 461 τω

426 513 514 566 57.
559 512 633 567 De
665 514 786 569 loco
812 517 1004 572 mortis
1032 526 1125 572 aut
1151 517 1397 589 martyrii
1427 534 1537 573 non
1573 521 1754 575 minus
1783 520 1931 576 varia
1960 520 2012 580 Α
2037 514 2266 588 Regum,
2299 517 2393 571 lib.
2415 532 2488 579 tv,
2516 530 2637 585 cap.
2663 515 2887 577 4,ηιιιηε
2908 514 2995 579 i3,
3023 518 3271 568 sanctum
3294 508 3609 564 Matthatutn

362 609 413 654 rt
450 601 684 657 invicem
721 603 999 658 contraria
1026 605 1400 673 reperiuntur.
1442 606 1503 660 In
1538 605 1933 677 Martyrologiis

359 689 788 762 llieronymianis
815 703 1048 765 quatuor
1072 696 1281 752 diebus
1311 700 1575 753 memoria
1606 697 1665 755 S.
1691 698 1931 753 Matthtei

358 783 746 851 anuuntiatur;
775 786 872 841 sed
902 786 1119 843 duobus
1143 789 1297 845 locus
1327 790 1620 857 omittitur,
1653 791 1773 846 aliis
1801 805 1932 846 vero

353 875 572 930 duobus
589 876 925 947 adiungitur.
961 879 1037 936 Ad
1060 885 1208 939 hunc
1230 884 1371 939 diem
1407 894 1585 941 textus
1610 885 1932 941 Florentiuii

354 970 436 1025 sic
483 971 693 1028 habet:
739 993 757 1025 ι
799 974 860 1029 In
905 974 1130 1032 Persida
1168 979 1387 1035 civitate
1423 980 1684 1035 Tarseum
1734 981 1932 1035 natalis

355 1060 531 1115 sancti
578 1061 817 1120 Matthrei
869 1068 1101 1137 apostoli
1152 1070 1598 1140 ctevangelistte.
1637 1090 1656 1123 ι
1706 1072 1765 1126 ιη
1801 1071 1936 1126 Cur-

358 1151 603 1207 beiensi:
642 1171 660 1205 ι
693 1154 753 1208 1η
789 1153 1010 1212 Persida
1037 1157 1258 1216 civitate
1286 1158 1560 1216 Tarrium.
1592 1180 1613 1215 ι
1648 1164 1707 1216 ln
1743 1162 1935 1230 Epter—

359 1242 585 1297 nacensi
638 1242 760 1298 aliis
815 1246 1123 1316 antiquiore
1169 1250 1344 1304 solum
1383 1250 1601 1321 legitur,
1653 1270 1672 1302 ι
1712 1250 1769 1305 In
1804 1251 1932 1306 Per-

356 1332 497 1399 sida,
538 1353 558 1386 ι
596 1336 795 1391 omissa
826 1337 1081 1405 civitate;
1114 1341 1191 1395 uti
1212 1341 1376 1397 etiam
1407 1343 1463 1397 fit
1491 1343 1544 1397 in
1575 1342 1934 1399 Rhinoviensi

357 1425 502 1495 apud
531 1441 654 1482 nos.
678 1425 1109 1486 ltichouoviensc
1135 1447 1267 1487 vero
1292 1443 1559 1489 consonat
1587 1433 1931 1501 Corbciensi,

362 1517 639 1587 habetque
669 1519 889 1575 civitate
926 1520 1198 1589 Tarrium,
1230 1525 1687 1595 quemadmodum
1719 1537 1774 1582 et
1797 1526 1935 1583 Cor-

361 1603 588 1661 beiense
626 1604 868 1663 brevius.
919 1608 1143 1681 Reliqua
1175 1611 1595 1687 Hieronymiana
1643 1626 1737 1672 aut
1764 1617 1933 1672 solam

360 1690 638 1749 Persidem
670 1694 941 1764 indicant,
962 1708 1056 1755 aut
1093 1700 1272 1757 locum
1299 1718 1522 1772 prorsus
1543 1706 1820 1762 omittunt.
1847 1706 1936 1763 Sic

362 1786 432 1840 ad
466 1802 515 1841 vt
547 1785 695 1853 Maii,
746 1787 817 1842 In
855 1788 1075 1847 Persida
1126 1797 1486 1852 annuntiatur
1527 1808 1753 1856 sanctus
1800 1801 1937 1857 Mat-

365 1877 564 1940 thteus,
600 1892 708 1933 non
749 1878 1034 1951 designato
1088 1884 1309 1953 propius
1358 1888 1604 1960 martyrii
1634 1889 1775 1945 loco.
1811 1891 1934 1946 Flo-

364 1968 637 2025 rentinius
662 1969 718 2025 in
750 1971 1042 2027 Annotatis
1069 1975 1138 2030 ad
1173 1976 1321 2033 hunc
1354 1978 1500 2033 diem
1535 1980 1629 2036 dat
1650 1982 1936 2052 conjectu-

366 2077 481 2116 ram
534 2071 902 2131 sequentem:
944 2084 964 2118 ι
995 2065 1253 2122 Tarsiana
1311 2070 1442 2126 urbs
1489 2069 1794 2129 Carmania:
1840 2089 1935 2131 seu

363 2151 565 2209 Persiae
612 2152 905 2211 Ptolemaeo
955 2166 1057 2224 est,
1113 2166 1170 2214 et
1212 2159 1463 2217 Tarsium
1505 2162 1810 2220 Carmaniae
1842 2181 1939 2222 seu

366 2244 565 2301 Persia:
584 2250 1038 2316 promontorium,
1059 2251 1126 2307 de
1146 2267 1256 2323 quo
1286 2254 1553 2312 Arrianus
1582 2256 1637 2312 in
1663 2256 1883 2314 Indicis.
1914 2277 1933 2311 ι

365 2335 461 2389 Est
486 2335 771 2392 Carmania
803 2337 1011 2395 Persidi
1059 2342 1280 2412 proprie
1315 2344 1474 2400 dictae
1508 2349 1847 2403 contermina
1872 2350 1940 2406 ad

364 2426 539 2479 sinum
575 2424 854 2484 Persicum
889 2446 1079 2488 versus
1124 2433 1354 2514 Indiam,
1399 2447 1626 2509 eratque.
1660 2441 1942 2510 provincia

366 2516 577 2586 imperii
612 2516 837 2583 Persici,
869 2522 1075 2579 habens
1098 2526 1163 2581 ad
1188 2526 1328 2582 latus
1349 2531 1790 2598 septemtrionale
1816 2532 1945 2589 Par—

368 2607 560 2675 thiam,
595 2609 668 2663 ita
721 2619 780 2665 ut
811 2612 969 2667 facile
1017 2614 1099 2670 sic
1137 2616 1394 2686 explicari
1428 2630 1649 2689 possent
1678 2621 1944 2695 Martyro—

365 2698 529 2771 logia,
558 2714 944 2772 quat~mortem
974 2706 1157 2763 Sancti
1189 2719 1399 2779 ponunt
1424 2711 1482 2766 in
1513 2711 1738 2770 Perside
1764 2726 1860 2772 aut
1889 2718 1944 2772 iu

365 2794 647 2850 montibus
674 2795 1024 2863 Parthorum,
1075 2815 1307 2869 quorum
1356 2812 1484 2861 tunc
1514 2817 1632 2863 erat
1658 2807 1942 2866 Persicum

366 2881 676 2951 imperium.
709 2886 901 2942 Posset
923 2888 1117 2945 similis
1145 2890 1260 2945 fieri
1283 2894 1599 2963 conjectura
1621 2899 1687 2952 de
1714 2898 1943 2955 Tariana

369 2982 463 3027 aut
488 2972 749 3030 Tarsiana
778 2977 1024 3044 civitate,
1056 2996 1217 3050 quam
1248 2986 1301 3037 in
1334 2984 1589 3054 Susiana,
1617 2989 1786 3048 altera
1818 2992 1942 3047 Per-

368 3064 460 3119 sici
486 3063 699 3137 imperii
727 3068 1023 3140 provincia,
1056 3086 1301 3129 recenset
1322 3075 1586 3137 Cellarius
1617 3081 1672 3135 in
1703 3080 1943 3153 Geogra.

2037 620 2194 665 vocat
2221 606 2514 678 Ethiopia:
2547 605 2986 677 praedicatorem.
3047 603 3105 659 S.
3149 600 3448 656 Venantius
3474 598 3610 657 For-

2038 709 2259 756 tunatus
2280 700 2541 772 Gregorio
2572 707 3088 768 eontemporaneus,
3109 696 3205 750 lib.
3231 710 3287 758 v,
3308 692 3501 765 cap.‘2,
3537 692 3612 748 ita

2037 795 2193 849 canit
2224 811 2237 845 :

2037 884 2326 939 Hatthcrus
2363 884 2630 953 Ethiopea
2663 891 2982 952 attemperat
3019 897 3109 936 ore
3138 894 3375 947 vapores,

2119 955 2348 1022 Vivaque
2372 958 2427 1010 in
2452 965 2632 1009 exusto
2652 956 2877 1024 ﬂumina
2909 953 3045 1021 fudit
3073 967 3223 1021 agro.

2108 1071 2256 1127 Idem
2296 1085 2539 1136 rursum,
2564 1068 2662 1124 lib.
2697 1070 2732 1123 8
2771 1068 2998 1123 carm.‘
3030 1084 3045 1122 ε

2039 1159 2176 1215 Inde
2208 1161 2617 1228 triumphantem
2651 1160 2750 1228 fert
2775 1158 2933 1213 India
2968 1157 3437 1220 Bartholomatunr,

2108 1230 2419 1286 Matthwum
2447 1229 2700 1284 eximium
2726 1228 2776 1283 Ν
2783 1230 3017 1283 addaver
3042 1228 3155 1283 ulta
3186 1230 3373 1283 uirum.

2039 1341 2100 1395 ln
2135 1338 2389 1411 sequenti
2420 1338 2665 1394 carmine
2699 1337 2774 1392 de
2798 1336 3085 1392 Naddaver
3113 1353 3335 1392 rursum
3365 1335 3614 1392 muniuit

2038 1431 2398 1494 Fortunatus,
2436 1429 2729 1497 insinuans
2768 1427 3081 1485 Matthtcum
3126 1428 3511 1483 ibivmortuum
3559 1436 3614 1482 et

2040 1522 2342 1593 sepultum,
2371 1520 2849 1592 quemadmodum.
2863 1520 3114 1576 Andreas
3138 1519 3334 1582 Patris,
3374 1520 3613 1575 Joannes

2037 1615 2240 1684 Ephesi
2309 1613 2530 1669 fuerunt
2586 1611 2829 1669 defuncti
2888 1620 2944 1667 ct
3001 1612 3220 1682 sepulti.
3285 1611 3599 1667 Versiculus

2040 1703 2131 1760 hic
2164 1714 2245 1760 est
2278 1723 2293 1760 :

2113 1796 2255 1862 Quos
2286 1796 2478 1862 Patro,
2511 1813 2640 1868 quos
2682 1796 2937 1867 Ephesus,
2974 1795 3262 1852 Naddarer
3279 1812 3400 1849 arce
3452 1802 3614 1849 tenet.

2039 1886 2165 1943 litec
2189 1887 2541 1952 Fortunatus,
2573 1888 2667 1957 qui
2705 1888 2894 1955 procul
2925 1888 3093 1943 dubio
3121 1886 3355 1942 credidit
3394 1885 3617 1941 Nadda-

2038 1996 2137 2036 ver
2161 1995 2282 2035 esse
2322 1981 2513 2036 urbem
2563 1979 2878 2048 Aztltiopiat,
2919 1994 3042 2034 cum
3073 1977 3191 2033 loco
3221 1978 3456 2048 primum
3486 1976 3617 2031 alle-

2039 2080 2166 2142 gato
2202 2086 2310 2125 non
2338 2071 2498 2138 alios,
2531 2087 2693 2142 quam
2713 2070 2999 2141 Ethiopes
3052 2069 3339 2125 docentem
3397 2066 3619 2123 inducat

2045 2162 2388 2218 Matthaeum.

2112 2256 2201 2308 59.
2232 2254 2489 2309 Attamen
2516 2254 2802 2310 contraria:
2849 2251 3126 2325 opinionis
3152 2260 3238 2307 est
3284 2250 3615 2309 Muratorius

2043 2350 2096 2404 iu
2123 2348 2417 2403 Annotatis
2446 2349 2511 2403 ad
2541 2348 2600 2403 S.
2634 2348 2917 2403 Paulinum
2950 2346 3060 2403 col.
3124 2345 3252 2409 451,
3292 2346 3382 2401 ubi
3429 2344 3614 2403 dicit:

2049 2457 2067 2490 ι
2106 2439 2306 2496 Urbem
2337 2438 2715 2495 Naddaverem
2762 2439 2816 2493 in
2849 2438 3067 2494 Parthia
3106 2437 3357 2508 positam.
3385 2435 3617 2490 arbitra.

2046 2548 2155 2594 rer,
2187 2546 2295 2601 quo
2342 2531 2517 2586 sancti
2556 2529 2793 2585 Matthaci
2822 2544 2944 2586 ossa
3001 2535 3380 2599 postrmortem
3414 2526 3618 2584 fuerint

2047 2623 2329 2678 translata.
2370 2640 2390 2674 ι
2436 2619 2550 2677 Hoc
2584 2620 2698 2688 ille,
2726 2629 2787 2676 ut
2819 2619 3393 2679 sanetumiPaulinum
3435 2616 3622 2673 conci:

2045 2715 2143 2770 liet
2180 2730 2304 2769 cum
2360 2714 2871 2771 sancto.Venautio.
2907 2712 3227 2778 Fortunato,
3282 2708 3514 2764 credens
3565 2707 3620 2761 in

2049 2815 2282 2877 utroque
2313 2822 2481 2878 regno
2513 2805 2835 2877 pradicasse
2853 2804 3188 2868 Mattliteum,
3216 2801 3313 2857 sed
3334 2802 3387 2855 in
3411 2797 3624 2855 Ethio-

2046 2897 2133 2969 pia
2169 2882 2509 2963 defunctum,
2541 2910 2848 2966 corpusque
2876 2909 2942 2950 ex
2962 2893 3242 2963 Ethiopia
3267 2892 3319 2946 in
3340 2889 3621 2945 Parthian

2048 2997 2143 3043 aut
2175 2987 2455 3046 Persidem
2492 3005 2529 3044 a
2558 2988 2846 3059 discipulis
2878 2986 3222 3042 translatum.
3257 2984 3459 3040 Verum
3497 2997 3622 3040 cum

2046 3079 2209 3135 venia
2240 3081 2338 3135 viri
2371 3080 2758 3143 eruditissimi,
2815 3095 2845 3135 a
2883 3078 3076 3150 paucis
3130 3075 3291 3133 annis
3356 3074 3622 3136 defuncti,

370 3157 494 3225 phia
518 3159 742 3231 antiqua
771 3175 891 3233 pag.
919 3161 1044 3219 488‘.
1072 3163 1260 3221 Neutri
1287 3169 1619 3239 conjecturae
1649 3173 1944 3231 obstabunt
1973 3184 2016 3245 ς
2049 3175 2375 3245 conjectura
2409 3175 2501 3228 illa
2544 3173 2678 3229 mihi
2708 3173 2860 3228 omni
2898 3168 3395 3228 verisimilitudinis
3442 3168 3626 3239 specie

373 3248 464 3314 illi,
498 3250 594 3320 qui
630 3251 887 3308 dixerunt
930 3253 1241 3311 Mattlueum
1288 3259 1615 3318 occubuisse
1648 3263 1701 3319 in
1738 3266 1940 3319 monti-

372 3342 470 3398 bus
500 3342 846 3412 Parthorum,
882 3354 943 3400 ut
973 3345 1316 3421 Frcculphus
1346 3352 1623 3423 superiuz,
1662 3366 1715 3412 et
1750 3356 1943 3415 Petrus

373 3435 438 3490 de
487 3433 769 3495 Natalibus
820 3439 916 3495 lib.
945 3456 1062 3506 viti,
1100 3458 1223 3512 Cap.
1265 3441 1386 3501 lOO.
1439 3446 1756 3519 Anonymus
1797 3452 1939 3522 apud

372 3526 797 3594 (Ecumenium,
856 3532 946 3601 qui
1009 3531 1321 3589 Matthaaum
1379 3537 1571 3592 srribit
1631 3540 1830 3596 obiissc
1888 3544 1940 3596 in

374 3616 534 3669 Iliera
559 3617 779 3673 civitate
808 3620 1067 3683 Parthiae,
1101 3630 1238 3679 teste
1269 3622 1630 3691 Florentinio.
1660 3645 1779 3702 pag.
1818 3633 1939 3696 l59,

373 3708 450 3760 u.i
498 3716 555 3763 et
593 3723 758 3779 supra
817 3709 1158 3784 Hippolytus,
1199 3708 1254 3769 et
1313 3715 1615 3774 Dorotheus
1666 3720 1940 3793 Ilieropoli

373 3798 628 3867 Pirthiaz,
659 3807 949 3860 nominant
991 3805 1175 3862 lot-um
1229 3808 1388 3879 plane
1439 3809 1682 3882 ignotum
1712 3811 1777 3870 in
1812 3815 1944 3870 Par-

376 3892 594 3946 thorum
654 3894 903 3963 imperio.
957 3895 1068 3953 Nec
1102 3915 1430 3971 inagitOpere
1472 3903 1771 3961 audiendos
1811 3918 1943 3975 puto

373 3981 514 4049 illos,
580 3983 672 4052 qui
724 3984 996 4062 Hierapoli
1048 3989 1103 4042 in
1164 3990 1317 4060 Syria
1384 4008 1553 4063 prope
1610 3993 1941 4064 Euphratem

376 4073 578 4130 abiisse
626 4077 878 4132 scribunt
911 4078 1246 4146 Matthteum,
1296 4091 1355 4136 ut
1399 4082 1614 4140 Nicctas
1652 4086 1942 4161 Paphlago,

375 4173 428 4219 et
455 4176 647 4222 auctor
675 4167 961 4240 Menologii
986 4170 1266 4227 Basiliani.
1297 4175 1512 4235 Etenim
1553 4193 1664 4231 non
1691 4181 1946 4237 videntur

375 4253 661 4323 Eusebius,
712 4259 1095 4332 Hieronymus,
1142 4263 1581 4336 Cbrysostomus,
1629 4267 1946 4328 Theodore-

377 4357 484 4415 tus,
513 4351 718 4421 aliique
756 4350 963 4419 Patres,
1014 4355 1106 4423 qui
1135 4354 1187 4409 iu
1216 4355 1371 4428 Syria
1402 4366 1496 4413 aut
1525 4358 1808 4416 Palaestina
1840 4362 1943 4419 ﬂo-

374 4451 622 4510 ruerunt,
658 4460 851 4501 omnes
884 4445 1181 4517 ignoraturi
1209 4456 1304 4503 aut
1327 4450 1541 4505 tacituri
1568 4451 1738 4507 fuisse
1763 4454 1942 4510 locum

378 4535 702 4592 mortualem
760 4538 932 4593 sancti
974 4537 1232 4606 Matthazi,
1288 4540 1333 4595 si
1382 4539 1651 4615 Hierapoli
1692 4545 1745 4600 in
1798 4546 1951 4620 Syria
1987 4540 2030 4594 ι)

379 4626 627 4684 obiisset.

447 4718 535 4774 58.
599 4721 734 4776 Acta
783 4722 994 4778 edenda
1065 4724 1263 4780 habent
1341 4737 1587 4783 sanctum
1640 4729 1950 4790 Matthteum

379 4812 642 4883 martyrio
672 4826 995 4870 coronatum
1028 4831 1151 4871 esse
1216 4817 1271 4872 in
1306 4817 1609 4890 EthiOpia,
1649 4821 1706 4876 in
1731 4825 1954 4880 civitate

379 4905 545 4977 regia,
577 4921 700 4976 qua:
726 4907 926 4963 ibidem
974 4908 1271 4976 Natdaber,
1302 4911 1437 4966 alias
1488 4911 1774 4969 Naddaber
1813 4917 1951 4971 scrio

356 4996 546 5071 .hitur.
601 4997 886 5055 Sententia
939 5010 1123 5055 autem
1165 5003 1281 5057 hac
1339 5003 1408 5058 de
1458 5004 1849 5074 praedicatione
1901 5016 1955 5063 et

379 5097 561 5143 morte
593 5091 773 5144 sancti
807 5089 1044 5147 Matthtei
1087 5092 1142 5148 in
1185 5092 1462 5165 Etltiopia
1509 5096 1693 5166 plures
1741 5097 1957 5153 videtur

380 5177 585 5235 habere
614 5190 874 5251 patronos
908 5194 963 5237 et
992 5184 1269 5249 meliores,
1311 5201 1476 5257 quam
1514 5188 1619 5243 ulla
1665 5190 1791 5243 alia.
1818 5190 1954 5245 Nam

379 5280 581 5340 praeter
619 5272 877 5329 Rufinum
946 5285 1004 5331 et
1060 5275 1363 5343 Socratem,
1397 5288 1621 5335 sanctus
1652 5280 1958 5338 Eucherius

379 5362 793 5433 Lugdunensis,
827 5367 1067 5437 scriptor
1100 5369 1282 5424 surculi
1326 5387 1378 5433 v,
1410 5369 1465 5424 in
1506 5386 1676 5440 opere
1709 5373 1782 5426 De
1809 5389 1955 5445 qure-

379 5456 635 5512 atiom‘bus
657 5459 772 5512 novi
809 5463 1127 5516 Testamenti
1151 5501 1166 5527 ,
1198 5470 1332 5518 tom.
1376 5463 1438 5518 Vl
1472 5462 1804 5520 Bibliotheca:
1849 5465 1959 5520 Pa-

380 5557 521 5602 trum
559 5548 695 5605 edit.
730 5550 976 5622 Lugdun.
1013 5568 1136 5623 pag.
1168 5554 1294 5620 852,
1330 5555 1401 5610 ita
1440 5557 1681 5626 loquitur
1710 5574 1725 5612 :
1760 5576 1779 5610 ι
1826 5557 1956 5612 Bar-

381 5640 710 5697 tholomteus
744 5643 797 5697 in
827 5642 1011 5708 ludos,
1040 5644 1283 5700 Thomas
1334 5647 1568 5703 tetendit
1603 5649 1657 5702 in
1694 5648 1955 5704 Parthos:

381 5727 673 5786 Mattheus
693 5731 1003 5805 1Etlti0pes,
1032 5736 1278 5791 Andreas
1300 5733 1535 5809 Scythas
1567 5738 1975 5809 praedicatione

380 5821 643 5890 mollivit,
681 5842 699 5877 ›
742 5834 847 5884 etc.
884 5824 942 5881 S.
1002 5826 1303 5907 Gregorius
1340 5827 1396 5884 in
1454 5826 1659 5890 librum
1720 5830 1979 5901 primum,

2050 3267 2313 3323 destituta
2343 3266 2578 3332 videtur,
2619 3265 2881 3335 omnique
2913 3280 3107 3319 carere
3155 3262 3533 3318 fundamento.
3567 3260 3626 3315 Si

2053 3360 2392 3416 Fortunatus
2414 3360 2610 3415 urbem
2667 3358 2956 3414 Naddaver
3009 3357 3065 3411 in
3116 3355 3335 3412 Parthia
3392 3354 3673 3425 positam.

2051 3450 2396 3514 credidisset,
2441 3460 2729 3521 postquam
2788 3449 3087 3503 docentem
3132 3445 3425 3517 Ethiopes
3471 3445 3625 3500 exhi-

2052 3543 2248 3598 buerat
2272 3541 2610 3608 Mattltaaum,
2643 3541 2889 3598 translati
2923 3540 3175 3610 corporis
3209 3539 3374 3595 etiam
3439 3538 3629 3592 memi-

2051 3632 2246 3698 nisset,
2279 3648 2347 3686 ne
2378 3632 2611 3688 lectores
2647 3648 2777 3687 suos
2813 3633 2867 3685 in
2894 3647 3142 3687 errorem
3181 3630 3489 3686 induceret.
3526 3627 3628 3683 Fa—

2052 3724 2211 3780 cilius
2244 3725 2429 3795 itaque
2465 3736 2519 3781 et
2577 3725 2931 3781 verisimilius
2975 3725 3081 3780 dici
3119 3732 3321 3794 potest,
3373 3732 3626 3779 sanctum

2054 3819 2339 3875 Paulinum
2373 3828 2468 3872 aut
2508 3819 2683 3880 solum
2720 3817 2864 3888 loqui
2893 3817 2960 3873 de
2989 3815 3372 3887 praedicatione
3391 3813 3630 3869 Matthxi

2053 3916 2197 3982 apud
2226 3910 2481 3977 Parthos,
2536 3909 2627 3964 ubi
2666 3908 2914 3978 ejusdem
2954 3906 3096 3977 apud
3131 3905 3327 3960 Persas
3365 3905 3629 3975 pradica-

2053 4004 2255 4058 tionem
2288 4000 2628 4057 solummodo
2655 3998 2886 4056 afﬁrmat
2904 4005 3127 4051 sanctus
3158 3996 3476 4050 Ambrosius
3497 4003 3627 4060 ;aut

2054 4095 2273 4167 utrique
2320 4095 2501 4149 minus
2556 4101 2865 4163 perspectas
2932 4089 3099 4146 fuisse
3147 4088 3399 4160 regiones
3470 4098 3629 4143 extra

2055 4187 2365 4245 Romanum
2413 4185 2703 4257 imperium
2756 4183 2990 4254 positas,
3031 4182 3268 4252 ideoque
3334 4190 3631 4250 utrumque

2054 4280 2284 4335 credere
2331 4277 2596 4348 potuisse,
2646 4273 2957 4331 Matthazum
3005 4272 3061 4328 in
3114 4272 3398 4343 provincia
3452 4271 3630 4340 aliqua

2054 4368 2414 4432 famosissimi
2478 4365 2695 4437 imperii
2766 4365 2972 4421 Persici
3013 4373 3107 4420 aut
3164 4362 3405 4419 Parthici
3465 4374 3632 4417 oecu-

2053 4463 2259 4520 buisse.
2292 4461 2406 4517 lloc
2434 4467 2641 4516 certum
2683 4468 2787 4523 est,
2851 4466 3111 4512 neutrum
3153 4456 3393 4519 edicere,
3435 4453 3490 4508 in
3523 4468 3633 4525 qua

2057 4564 2212 4626 parte
2253 4552 2507 4609 latissimi
2574 4550 2721 4605 illius
2764 4548 2981 4618 imperii
3029 4546 3439 4602 fueritsanctus
3498 4544 3635 4611 Mat.

2057 4647 2231 4702 thatus
2261 4661 2277 4698 :
2307 4643 2539 4712 ideoque
2572 4639 2787 4695 illorum
2811 4637 3195 4693 auctoritatem
3238 4652 3347 4691 non
3386 4650 3509 4701 esse
3540 4635 3649 4691 hic.

2056 4736 2193 4792 tanti
2218 4734 2552 4801 faciendam,
2574 4730 2764 4803 quanti
2790 4730 2957 4797 foret,
2988 4731 3031 4787 si
3068 4730 3410 4802 minusvage
3436 4727 3629 4798 loque:

2056 4834 2270 4879 rentur.

2130 4916 2358 4974 60.Ado
2394 4915 2448 4970 in
2490 4913 2678 4970 libello
2712 4912 2786 4968 De
2832 4914 3204 4986 festivitatibus
3249 4910 3632 4982 apostolorum,

2058 5020 2180 5076 pag.
2211 5004 2281 5060 54
2308 5002 2628 5075 martyrium
2656 5004 2829 5070 sancti
2853 5001 3088 5069 Matthxi
3126 5001 3379 5058 similiter
3403 4999 3633 5057 collocat

2057 5097 2114 5152 in
2144 5094 2449 5167 Ethiopia,
2479 5096 2669 5153 dicens
2700 5112 2713 5150 :
2749 5112 2769 5147 ε
2800 5093 2903 5163 Qui
2938 5093 3146 5165 primus
3168 5093 3230 5147 in
3252 5092 3435 5148 Iudaea
3452 5091 3633 5146 Evano

2058 5189 2262 5262 gelium
2298 5188 2500 5244 Christi
2531 5188 2762 5249 Hebrieo
2790 5202 3046 5247 sermone
3110 5184 3461 5256 conscripsit.
3503 5182 3635 5238 Post

2056 5268 2204 5336 vero’
2221 5280 2363 5351 apud
2387 5279 2724 5352 Ethiopiam
2749 5279 3072 5351 praedicans,
3098 5276 3418 5349 martyrium
3439 5289 3633 5346 passus

2060 5382 2161 5429 est.
2192 5390 2211 5426 ι
2254 5372 2624 5432 Consentiunt
2653 5373 2909 5428 Bahanus
2936 5380 2992 5427 et
3020 5368 3399 5436 Usuardusde
3431 5366 3632 5439 praedi-

2060 5465 2279 5521 catione
2342 5474 2398 5521 et
2435 5466 2696 5537 martyrio
2739 5466 2793 5520 in
2840 5463 3142 5535 lEthi0pia,
3186 5460 3633 5529 recentioresque

2060 5556 2303 5627 plurimi.
2332 5556 2599 5619 Omnibus
2626 5567 2806 5612 autem
2835 5554 3199 5611 consideratis
3254 5560 3310 5607 et
3350 5549 3627 5621 expensis,

2062 5648 2176 5703 hare
2199 5649 2332 5711 mihi
2358 5650 2628 5705 sententia
2674 5649 3005 5720 probabilior
3033 5647 3265 5710 videtur,
3300 5658 3461 5714 qnam
3497 5636 3633 5712 qiue'

2062 5741 2118 5795 in
2169 5740 2391 5797 Perside
2435 5749 2530 5805 aut
2581 5741 2799 5796 Parthia
2854 5741 3169 5805 defunctum
3243 5735 3426 5791 tradit.
3473 5732 3635 5795 Ratio

2064 5835 2236 5917 prima
2289 5842 2411 5911 est,_
2441 5834 2586 5916 quod
2628 5833 2902 5917 [Ethiopia
2942 5843 3083 5892 esset
3134 5828 3363 5907 {Egyplo
3419 5834 3639 5921 contere
