4002 6448
426 402 530 468 78⁸1

1667 375 1951 460 MENSIS
1988 390 2465 455 SEPTEMBER.

3589 395 3690 463 788

423 516 594 579 mina,
629 511 865 584 ideoque
893 528 1005 569 non
1039 511 1294 569 videatur
1332 508 1804 582 praetermittenda
1838 507 2012 562 fuisse
2042 507 2089 561 A
2124 521 2144 554 ι
2176 505 2348 569 Quem
2371 503 2697 576 (Christum)
2722 504 3000 560 imitantes
3033 502 3284 575 apostoli,
3317 503 3484 573 utqui
3505 519 3690 560 revera

424 607 492 661 ab
515 605 797 676 apostolis,
827 605 1130 674 praesertim
1164 620 1291 659 cum
1326 601 1565 659 eunuchi
1608 603 1810 673 regina:
1863 602 2008 657 Can-

425 700 593 757 daees
647 697 940 755 conversio
990 713 1143 768 spem
1207 711 1459 769 magnam
1510 695 1758 766 praebere
1821 705 2008 767 posset

426 793 726 864 xEthiopiae
758 791 1166 848 convertendae.
1198 790 1412 863 Itaque.
1463 805 1588 846 cum
1630 804 1743 845 non
1793 801 2010 845 constet

425 888 494 943 de
522 887 915 959 praedicatione
949 886 1114 942 ullius
1139 885 1370 941 alterius
1403 900 1468 939 ex
1497 882 1783 954 discipulis
1801 882 2008 939 Christi

420 982 478 1036 in
501 980 806 1052 Ethiopia,
823 981 1012 1037 Patres
1033 997 1162 1036 vero
1181 981 1364 1052 plures
1399 981 1713 1035 eunuchum
1735 980 1914 1051 ipsum
1935 978 2006 1034 ibi

421 1074 544 1128 fidei
588 1089 899 1144 praeconem
967 1073 1189 1138 faciant,
1244 1072 1464 1127 videtur
1520 1073 1751 1128 omnino
1812 1086 2006 1128 assen-

422 1167 672 1222 tiendum
707 1167 834 1231 illis,
879 1168 973 1238 qui
1006 1169 1326 1224 Mattbaeum
1350 1182 1418 1223 eo
1452 1165 1679 1222 missum
1711 1174 2004 1222 asserunt:

424 1256 597 1312 solius
620 1258 768 1312 enim
800 1259 1067 1325 eunuchi,
1125 1267 1320 1330 utpote
1358 1257 1508 1324 laici,
1537 1259 1667 1314 dum
1703 1272 1770 1313 eo
1820 1273 2010 1313 rever—

424 1361 522 1402 sus
560 1356 666 1410 est,
686 1359 916 1406 conatus
945 1366 1053 1405 nou
1086 1359 1302 1420 poterat
1331 1350 1583 1406 suﬁlcere
1626 1348 1692 1405 ad
1746 1350 2010 1406 ecclesias

420 1438 731 1510 erigendas,
795 1441 900 1498 nisi
952 1444 1242 1500 accederet
1294 1447 1613 1516 apostolus,
1667 1453 1764 1500 aut
1816 1445 2007 1500 saltem

420 1533 681 1588 sacerdos
711 1533 930 1604 aliquis.
981 1534 1139 1592 Hunc
1171 1552 1301 1592 vero
1332 1537 1502 1594 fuisse
1547 1537 1866 1594 Manlianum
1897 1547 2009 1591 tra-

421 1620 562 1677 dunt
611 1623 913 1694 scriptores
952 1627 1085 1682 satis
1137 1629 1346 1698 antiqui
1389 1638 1444 1684 et
1481 1646 1676 1702 graves
1729 1630 1794 1685 ad
1847 1628 2007 1683 ﬁdem

421 1709 526 1765 hac
554 1711 611 1765 in
636 1727 693 1767 re
715 1713 1097 1771 obtinendam.
1113 1715 1296 1773 Altera
1322 1721 1460 1774 ratio
1483 1730 1588 1784 est,
1611 1721 1754 1791 quod
1790 1719 2008 1776 Persica

2111 591 2631 663 essentcognitione
2659 593 2873 664 praediti
2903 602 2959 648 et
2993 594 3246 662 perfecti,
3281 609 3383 663 pro
3418 595 3692 660 ecclesiis,

2111 702 2250 756 quas
2291 686 2616 752 fundarunt,
2678 687 2823 759 passi
2873 697 3023 743 sunt.
3080 705 3099 740 ›
3169 687 3517 758 Quapropter
3559 687 3693 740 mihi

2113 781 2270 852 longe
2303 781 2640 851 probabilior
2667 789 2895 851 apparet
2928 785 3204 836 sententia
3235 781 3692 849 communis,qua

2113 881 2316 942 martyr
2364 872 2610 928 creditur
2658 872 2991 928 Matthazus:
3038 888 3164 926 nam
3197 887 3301 927 nec
3335 871 3699 940 Menologium

2109 965 2444 1020 Basilianqu
2482 965 2627 1020 clare
2661 966 3003 1021 contrarium
3058 963 3244 1029 habet,
3273 979 3375 1018 nec
3397 943 3700 1016 llerac‘ieon

2110 1058 2252 1127 apud
2283 1056 2629 1114 Clementem
2665 1075 2677 1111 :
2724 1072 2828 1111 nec
2860 1057 3058 1111 horum
3095 1054 3398 1109 auctoritas
3425 1068 3524 1122 par
3549 1061 3705 1107 esset

2114 1150 2341 1219 reliquis
2365 1150 2647 1214 omnibus,
2678 1151 2722 1205 si
2755 1149 2986 1204 omnino
3014 1147 3356 1203 contrarium
3404 1146 3703 1201 haberent.

2112 1245 2188 1300 De
2220 1255 2467 1315 tempore
2516 1245 2766 1316 martyrii
2807 1259 2918 1299 non
2975 1250 3214 1298 constat.
3275 1241 3706 1311 Chrysostomus

2113 1348 2297 1395 tamen
2374 1339 2523 1394 hom.
2602 1337 2670 1392 76
2734 1335 2827 1408 (al.
2913 1335 3006 1406 77)
3073 1335 3132 1388 in
3195 1334 3505 1389 Matt/neum
3559 1330 3702 1386 insi«

2113 1442 2272 1497 nuat,
2327 1430 2592 1486 Sanctum
2646 1430 2819 1486 luisse
2871 1428 3192 1484 defunctum
3251 1435 3379 1482 ante
3425 1424 3704 1480 excidium

2113 1526 2693 1602 Hierosolymitanum,
2728 1524 2874 1596 quod
2899 1524 3082 1595 ﬁgitur
3109 1537 3254 1578 anno
3278 1519 3348 1574 70
3377 1534 3501 1575 εγω
3533 1516 3704 1574 Chri-

2112 1621 2327 1677 stiauaa.

2184 1715 2272 1770 62.
2317 1714 2587 1770 Caeterum
2654 1713 2724 1769 de
2797 1712 2961 1767 modo
3015 1710 3236 1767 vivendi
3297 1718 3354 1763 et
3397 1703 3712 1761 virtutibus

420 1815 518 1859 aut
551 1803 810 1861 Parthica
841 1808 1020 1864 sancti
1068 1811 1384 1881 praedicatio
1441 1812 1618 1868 solum
1666 1813 1910 1868 breviter
1955 1825 2009 1867 et
2037 1847 2086 1907 Β
2116 1808 2174 1864 S.
2204 1805 2444 1862 Matthzei
2494 1821 2665 1877 pauca
2712 1804 3068 1875 reperiuntur
3117 1803 3261 1875 apud
3299 1812 3537 1857 veteres.
3573 1797 3712 1853 Cle-

421 1912 558 1968 vage
593 1898 666 1953 sit
691 1911 902 1956 asserta
929 1904 998 1958 ab
1018 1904 1311 1961 Ambrosio
1345 1915 1400 1961 et
1424 1906 1672 1974 Paulino,
1708 1922 1772 1962 ex
1806 1908 2006 1978 quibus

421 1990 479 2045 in
521 1988 715 2048 Fastos
775 1993 1236 2068 Hieronymianos
1287 1999 1524 2054 transire
1587 2002 1787 2070 potuit.
1822 2000 2008 2056 Potuit

419 2091 608 2140 tamen
648 2087 718 2142 ibi
751 2104 971 2159 quoque
994 2091 1316 2159 praedicare,
1354 2101 1410 2146 et
1447 2101 1639 2163 postea
1674 2093 1728 2146 in
1785 2092 1971 2150 Aithiv
2000 2123 2008 2135 -

421 2174 567 2243 piam
599 2178 879 2247 proﬁcisci
912 2197 925 2234 ε
961 2197 1089 2235 nam
1128 2183 1196 2238 de
1229 2193 1407 2238 morte
1455 2194 1550 2239 aut
1581 2187 1840 2256 martyrio
1885 2189 2006 2241 lau-

420 2267 536 2322 dati
566 2268 756 2326 Patres
786 2273 923 2329 nihil
975 2275 1272 2331 allirmant.
1305 2276 1461 2343 Quod
1499 2293 1628 2333 vero
1679 2289 1892 2349 spectat
1939 2280 2006 2335 ad

418 2360 728 2432 civitatem,
762 2381 884 2436 quae
911 2365 1202 2424 Naddavi-r
1229 2369 1286 2424 in
1341 2371 1492 2426 Actis
1536 2379 1589 2425 et
1637 2372 1778 2441 apud
1815 2372 2009 2428 Fortu-

419 2461 614 2509 natum
641 2468 890 2522 vocatur,
928 2461 1079 2515 nulla
1115 2462 1264 2518 illius
1303 2464 1737 2534 plane-nominis
1763 2477 1892 2522 uota
1925 2477 2008 2524 est

419 2541 478 2596 in
507 2543 812 2616 Ethiopia.
871 2548 1005 2604 Erat
1050 2560 1233 2607 tamen
1300 2554 1531 2626 Augusti
1579 2565 1822 2627 tempore
1877 2559 2007 2613 urbs

417 2633 627 2706 Napata
693 2638 837 2706 apud
899 2638 1224 2698 Strabonem
1291 2661 1416 2717 pag.
1470 2646 1574 2701 8‘20
1620 2649 1784 2712 dicta,
1844 2666 2004 2719 quam

418 2727 711 2786 Petronius
769 2731 1021 2788 Romano
1073 2735 1340 2793 exercitui
1399 2739 1692 2809 prrefeetns
1739 2743 1889 2812 cepit
1942 2759 2012 2798 ac

417 2820 587 2877 diruit
615 2824 670 2878 in
709 2825 852 2881 bello
880 2836 1072 2883 contra
1122 2831 1365 2902 reginam
1401 2833 1719 2892 Caudacen.
1755 2835 2004 2908 Napatis,

418 2921 562 2969 teste
603 2915 896 2984 Strabone,
927 2918 1214 2976 Candaces
1245 2924 1392 2996 regia
1424 2935 1566 2981 erat.
1589 2927 1710 2984 Jam
1741 2946 1874 2986 vero
1915 2931 2004 2986 alii

418 3007 797 3075 considerent,
833 3024 899 3065 au
929 3013 1061 3068 urbs
1087 3012 1430 3086 Ethiopica,
1463 3034 1627 3088 quam
1674 3017 1878 3091 Napata
1907 3039 2005 3078 vo-

419 3107 618 3154 carunt
653 3099 852 3170 Graeci,
903 3117 1018 3157 non
1051 3108 1296 3174 potuerit
1343 3108 1447 3163 alia
1479 3111 1826 3178 expositione
1857 3113 2004 3168 vocis

2115 1916 2269 1956 mens
2303 1900 2730 1966 Alexandrinus,
2759 1899 2858 1956 lib.
2887 1914 2922 1954 tt
2951 1897 3261 1968 Pa'dagogi,
3287 1911 3410 1966 cap.
3440 1897 3488 1955 l,
3522 1892 3710 1946 vietus

2110 1995 2465 2049 sobrietatem
2491 1993 2697 2058 laudat,
2739 1993 2810 2047 ita
2863 1991 3114 2047 scribens
3153 2005 3170 2048 :
3211 2008 3230 2041 ι
3272 1988 3561 2042 Matthaeus
3593 1984 3707 2039 ita-

2110 2104 2215 2159 que
2247 2085 2526 2156 apostolus
2559 2085 2884 2147 seminibus,
2916 2083 3106 2139 baecis
3128 2093 3184 2138 et
3213 2081 3457 2138 oleribus
3489 2081 3706 2148 absque

2111 2181 2373 2236 carnibus
2415 2179 2691 2233 utebatur.
2733 2198 2752 2231 ι
2811 2177 3261 2248 Chrysostomus,
3317 2175 3466 2229 hom.
3499 2173 3570 2226 47
3600 2172 3705 2243 (al.

2109 2273 2198 2346 48)
2235 2277 2285 2326 in
2327 2271 2521 2327 Matth.
2557 2286 2622 2325 ex
2667 2271 2838 2327 sacris
2868 2270 3091 2326 Litteris
3121 2268 3358 2339 elogium
3407 2267 3710 2322 collectum

2112 2368 2184 2423 ita
2231 2366 2550 2422 contexuit:
2593 2386 2610 2418 ι
2643 2365 2830 2436 Cugita
2867 2363 3002 2418 mihi
3055 2363 3279 2434 (inquit)
3320 2363 3466 2415 hunc
3519 2361 3708 2431 ipsum

2111 2460 2528 2530 evangelistam,
2584 2457 2798 2512 etiamsi
2847 2471 2956 2512 non
3013 2465 3180 2510 totam
3230 2455 3348 2526 ejus
3396 2453 3564 2509 vitam
3600 2453 3709 2508 de-

2110 2552 2369 2622 scriptam
2409 2549 2755 2604 habeamus:
2792 2557 3033 2602 attamen
3078 2561 3142 2602 ex
3182 2545 3395 2617 paucis.
3444 2559 3566 2614 quae
3613 2558 3709 2597 re-

2110 2655 2276 2708 stant,
2304 2645 2430 2700 licct
2450 2643 2744 2714 imaginem
2764 2644 2882 2713 ejus
2903 2642 3284 2712 splendentem
3310 2640 3511 2694 videre.
3539 2638 3709 2704 Quod

2113 2737 2334 2792 humilis
2383 2745 2440 2790 et
2469 2735 2742 2791 contritus
2791 2744 2959 2800 eSset,
2992 2733 3117 2788 audi
3152 2731 3328 2802 ipsum
3360 2732 3415 2784 in
3447 2729 3710 2798 Evange-

2110 2831 2183 2884 lio
2211 2846 2330 2885 sese
2355 2829 2708 2901 publicanum
2734 2837 3018 2882 vocantem
3045 2844 3059 2892 ;
3098 2825 3244 2896 quod
3269 2834 3451 2878 autem
3485 2822 3711 2877 miseri-

2109 2939 2233 2979 cors
2274 2931 2442 2988 esset,
2478 2921 2601 2978 vide
2641 2920 2794 2976 illum
2823 2919 3082 2974 omnibus
3109 2927 3337 2973 exutum
3367 2915 3556 2971 .lesum
3611 2931 3712 2970 se-

2110 3026 2393 3089 quentem.
2445 3015 2600 3081 Quod
2637 3014 2759 3086 pius
2791 3023 2960 3078 esset,
2998 3013 3176 3083 palam
3202 3019 3380 3066 estex
3421 3008 3711 3082 dogmati-

2110 3109 2233 3164 bus.
2271 3107 2688 3180 lutelligentiam
2724 3117 2779 3159 et
2811 3104 3138 3160 charitatem
3184 3103 3305 3173 ejus
3330 3117 3396 3157 ex
3431 3116 3519 3166 eo,
3551 3102 3709 3171 quod

417 3187 774 3261 Ethiopicae,
807 3203 898 3249 aut
949 3197 1142 3251 saltem
1173 3201 1531 3270 corruptione
1581 3201 1870 3257 Naddavcr
1913 3223 2006 3260 ex-
2035 3209 2076 3264 (ζ
2110 3203 2462 3273 conscripsit,
2516 3199 2813 3271 Evangelio
2868 3197 3055 3253 videre
3085 3213 3212 3252 eSt:
3262 3194 3506 3250 universi
3545 3195 3707 3249 enim

417 3281 608 3352 primi.
643 3283 902 3339 Eamdem
939 3285 1133 3341 urbem
1163 3287 1298 3343 alibi
1339 3288 1576 3362 Naggata
1619 3294 1785 3348 scribi
1819 3295 2007 3350 obser-

416 3383 512 3432 vat
542 3374 833 3444 Cellarius,
868 3377 921 3432 iu
955 3377 1556 3455 Geographie-antiqua,
1593 3384 1686 3443 lib.
1710 3403 1783 3456 tv,
1804 3403 1925 3461 cap.
1950 3390 2004 3459 8,

418 3480 544 3540 pag.
581 3468 700 3526 l56.

491 3561 582 3618 6i.
617 3561 772 3636 Quod
813 3575 1025 3637 Spectat
1060 3567 1128 3624 ad
1161 3573 1482 3642 martyrium
1525 3575 1700 3629 sancti
1738 3575 2004 3647 Matthxi,

415 3655 529 3712 hoc
556 3657 734 3727 ipsum
769 3659 986 3716 videtur
1023 3661 1272 3718 dubium.
1305 3664 1686 3738 Martyrologia
1733 3669 2006 3744 Hierony-

419 3747 603 3804 miana
633 3759 688 3806 et
754 3753 890 3808 Acta
920 3751 1115 3808 Latina
1167 3769 1290 3810 cum
1341 3761 1721 3832 martyrologis
1748 3763 2006 3821 omnibus

417 3839 582 3894 medii
620 3841 723 3897 aevi
759 3843 1060 3912 insinuant,
1095 3845 1408 3906 Mattlucum
1430 3852 1637 3909 obiisse
1675 3867 2002 3928 martyrem.

413 3931 487 3986 At
526 3933 892 4007 menologium
913 3936 1249 3995 Basilianum
1267 3942 1336 3996 ad
1356 3943 1421 3999 16
1444 3943 1768 4002 Novembris
1781 3949 1847 4005 de
1863 3967 2006 4005 mar-

417 4027 558 4097 tyrio
579 4027 730 4083 clare
761 4030 952 4086 saltem
989 4049 1098 4089 non
1128 4035 1396 4105 loquitur,
1428 4039 1523 4094 sed
1561 4044 1733 4098 utitur
1753 4061 1888 4100 voce
1905 4065 1999 4101 τε-

413 4116 682 4210 λειοῠτᾳι,
703 4134 1256 4198 consummatur,quo
1275 4139 1458 4186 tamen
1487 4134 1658 4189 verbo
1681 4140 2001 4210 martyrium

415 4209 570 4266 innui
635 4222 840 4282 potest,
895 4218 1134 4274 maxime
1189 4235 1313 4274 cum
1381 4226 1546 4293 paulo
1611 4236 1738 4283 ante
1788 4209 2004 4289 dicatur

416 4303 587 4358 multa
632 4314 902 4362 tormenta
961 4324 1257 4379 perpessus
1319 4313 1464 4383 apud
1520 4318 2000 4392 Antropophagos.

415 4395 475 4448 ln
509 4395 701 4451 eodem
725 4396 1033 4470 Menologio
1063 4401 1132 4457 ad
1160 4403 1229 4458 50
1275 4402 1427 4459 Junii
1487 4407 1689 4462 dicitur
1729 4411 2002 4480 lapidibus

415 4489 670 4546 obrutus.
702 4490 1111 4563 Mctapltrastes
1170 4506 1226 4551 ct
1273 4496 1492 4554 Nicelas
1541 4501 1817 4574 Paphlago
1857 4523 2000 4560 mar-

415 4582 611 4654 tyrium
649 4588 949 4656 generatim
1001 4599 1277 4643 asserunt.
1325 4590 1380 4644 ln
1416 4594 1639 4649 Menaeis
1691 4598 1756 4652 ad
1797 4599 1858 4654 l6
1890 4601 2002 4656 No—

414 4675 651 4732 vembris
669 4681 905 4747 primum
941 4683 1206 4737 asscritur
1228 4701 1323 4754 per
1352 4688 1530 4758 ignem
1565 4703 1999 4760 consummatus,

415 4769 612 4824 deinde
645 4770 806 4825 datur
833 4773 1068 4844 elogium
1113 4775 1472 4843 fabulosum,
1534 4780 1588 4834 in
1628 4797 1737 4851 quo
1800 4784 2002 4840 illaesus

414 4863 482 4915 ab
514 4862 639 4932 igne
670 4879 793 4919 mox
837 4864 892 4919 in
951 4868 1199 4924 oratione
1228 4870 1434 4927 obiisse
1485 4873 1707 4940 dicitur,
1746 4886 1805 4930 ut
1837 4877 2000 4933 etiam

414 4957 578 5012 habet
611 4956 984 5030 Nicephorus.
1041 4961 1368 5030 lieracleou,
1414 4967 1707 5027 haereticus
1761 4969 2002 5028 Valenti-

412 5050 648 5117 nianus,
697 5052 843 5124 apud
876 5053 1220 5112 Clementem
1264 5057 1738 5130 Alexandrinum,
1802 5063 1896 5120 lib.
1949 5081 2001 5121 tv

411 5141 770 5210 Stromatum,
797 5146 1015 5201 videtur
1043 5163 1241 5221 negare
1285 5153 1604 5222 martyrium
1654 5169 1764 5210 non
1821 5158 1996 5212 solum

413 5233 676 5301 Matthzci,
699 5237 796 5291 sed
830 5239 994 5293 etiam
1032 5239 1296 5311 Philippi,
1315 5240 1540 5300 Thema:
1557 5256 1613 5301 et
1641 5246 1996 5318 Levis,quem

412 5342 700 5397 perperam
733 5345 759 5381 a
782 5329 1039 5388 Mattiireo
1061 5333 1367 5406 distinguit,
1393 5336 1497 5391 nisi
1531 5337 1670 5394 forte
1703 5340 1995 5397 Lebhaeum

412 5417 884 5477 siveThaddmum
916 5437 983 5477 eo
1022 5424 1244 5481 nomine
1271 5425 1560 5498 designare
1603 5431 1791 5486 voluit.
1841 5433 1997 5488 Atta-
2046 5431 2052 5438 ’

413 5524 536 5566 men
568 5509 782 5580 phrasis
807 5521 892 5567 est
915 5512 1218 5580 obscurior,
1261 5516 1508 5588 mihique
1560 5519 1879 5590 ambiguum
1916 5531 1998 5576 est

412 5615 482 5658 an
537 5617 730 5660 revera
794 5605 1090 5662 Heracleou
1159 5624 1358 5678 negare
1423 5611 1676 5675 voluerit,
1731 5624 1995 5684 martyres

411 5694 586 5748 fuisse
618 5695 867 5751 laudatos
905 5701 1204 5768 apostolos.
1241 5701 1395 5768 Quod
1432 5703 1475 5756 si
1505 5721 1692 5758 revera
1724 5707 1775 5761 id
1809 5710 1994 5761 volue-

412 5779 509 5842 rit,
566 5783 772 5849 exiguae
822 5788 965 5856 apud
1012 5805 1208 5844 omnes
1260 5792 1419 5846 debet
1467 5809 1587 5848 esse
1647 5798 1989 5853 auctoritatis

417 5865 620 5923 dictum
655 5871 952 5939 illud,cum
989 5879 1245 5936 Clemens
1277 5882 1391 5954 ipse
1431 5885 1593 5954 paulo
1625 5899 1743 5958 post
1772 5889 1911 5947 dicat
1959 5910 1970 5945 :

2111 3300 2258 3356 orbis
2289 3312 2474 3353 curam
2512 3294 2696 3368 gessit.
2734 3293 3011 3348 Bonorum
3040 3307 3272 3362 operum
3305 3299 3708 3362 argumentum

2111 3393 2278 3447 habes
2313 3406 2379 3446 ex
2414 3389 2634 3454 throno,
2673 3388 2728 3442 in
2774 3401 2884 3456 quo
2928 3401 3186 3440 sessurus
3239 3392 3367 3439 est:
3419 3382 3711 3437 fortitudi-

2109 3499 2256 3547 nem,
2291 3481 2433 3554 quod
2463 3481 2709 3554 gaudens
2750 3495 3005 3536 reversus
3037 3479 3106 3533 sit
3137 3494 3168 3532 a
3209 3477 3349 3532 facie
3393 3476 3635 3531 concilii.
3675 3495 3700 3528 ι

2110 3575 2382 3631 llacteuus
2407 3573 2851 3644 Chrysostomus.
2878 3570 3358 3642 Emipeutissimus
3385 3567 3531 3623 Bona
3553 3569 3648 3621 lib.
3680 3585 3700 3624 ι

2108 3670 2310 3724 Rerum
2338 3668 2736 3739 liturgicarum,
2763 3682 2884 3736 cap.
2920 3663 2972 3728 8,
3013 3680 3165 3718 num.
3197 3662 3252 3728 2,
3288 3661 3451 3716 refert
3475 3671 3695 3716 exstare

2108 3764 2271 3819 etiam
2315 3761 2538 3816 nomine
2590 3759 2768 3813 sancti
2808 3756 3048 3812 Matthati
3085 3755 3384 3824 Liturgiam
3433 3755 3694 3822 aliquam,

2107 3873 2226 3926 qua:
2253 3854 2572 3924 :Ethioputn
2599 3867 2721 3906 esse
2755 3851 2975 3906 dicitur.
3002 3848 3301 3921 Liturgiam
3320 3847 3639 3916 Aithiopum
3665 3863 3702 3900 a

2107 3951 2274 4006 variis
2319 3949 2518 4003 editam
2573 3944 2832 4009 invenio;
2870 3943 2966 3999 sed
3008 3958 3120 3997 non
3168 3943 3322 4000 video
3373 3941 3705 3996 attributam

2107 4051 2297 4100 sancto
2322 4041 2599 4096 Matthaeo.
2629 4039 2788 4095 Certe
2815 4036 3188 4109 Raynodotius
3219 4036 3271 4090 in
3294 4033 3472 4106 Opere
3506 4033 3575 4090 de
3607 4033 3672 4088 Li
3692 4065 3706 4073 ς

2108 4135 2300 4206 turgiis
2343 4133 2716 4189 Orientalibus
2770 4131 2934 4184 etiam
2980 4127 3328 4199 Ethiopicas
3377 4127 3594 4181 edidit:
3645 4136 3708 4182 at

2105 4228 2312 4282 nullam
2343 4227 2415 4282 ibi
2451 4223 2674 4280 nomine
2710 4222 2950 4279 Matthxi
2983 4220 3300 4292 insignitam
3337 4218 3468 4273 vidi.
3511 4217 3705 4285 Quare

2105 4322 2359 4380 existimo
2416 4321 2562 4376 illaut
2619 4334 2726 4373 non
2779 4317 2872 4371 diu
2945 4313 3003 4371 S.
3056 4312 3316 4369 Matthan
3372 4313 3703 4369 attributam
3782 4327 3790 4331 ·

2105 4417 2294 4471 fuisse.

2107 4532 2132 4603 §
2175 4531 2238 4588 γ.
2291 4527 2826 4603 υενιταηδιαείοῃίὸηδ
2861 4525 3096 4603 corporis
3127 4520 3290 4592 quod,
3325 4522 3602 4603 inventuris
3639 4523 3702 4574 iis

2181 4602 2442 4659 Lucania,
2515 4601 2835 4667 transfrrtur
2904 4594 3207 4655 Salernum,
3280 4608 3345 4645 ac
3420 4593 3703 4645 brachium

2176 4672 2362 4727 deinde
2399 4671 2770 4725 Beneventum.

2177 4787 2272 4843 65.
2291 4784 2744 4857 Quandoquidem
2761 4799 2866 4838 non
2881 4782 3148 4839 habemus
3163 4783 3293 4836 Acta
3313 4779 3700 4834 translationis

2105 4880 2280 4936 sancti
2315 4877 2580 4943 Matthaei,
2623 4892 2744 4947 quae
2779 4877 2939 4931 tidem
2988 4882 3269 4929 merentur
3305 4873 3410 4927 viri
3452 4873 3690 4931 eruditi.

2103 4980 2199 5027 aut
2229 4986 2350 5027 eam
2393 4971 2641 5026 obtinere
2676 4977 2907 5040 possunt
2932 4967 3035 5022 hoc
3064 4976 3332 5036 tempore,
3367 4973 3423 5021 et
3451 4967 3698 5034 scripto-

2104 5079 2190 5119 res
2224 5061 2560 5132 antiquiores
2591 5076 2700 5116 non
2731 5059 2838 5115 nisi
2863 5074 3052 5132 vagam
3084 5056 3321 5128 aliquam
3349 5066 3403 5110 et
3425 5056 3695 5110 incertam

2103 5158 2374 5214 dederunt
2419 5155 2670 5209 notitiam
2723 5154 2790 5208 de
2829 5153 2972 5217 loco,
3025 5152 3078 5205 in
3124 5167 3232 5221 quo
3263 5164 3464 5220 corpus
3504 5165 3691 5204 serva-

2102 5249 2262 5304 batur
2307 5256 2434 5302 ante
2480 5248 2889 5302 translationem
2936 5245 2990 5298 in
3046 5241 3352 5312 Europam,
3397 5239 3693 5296 difﬁculter

2102 5341 2306 5412 aliquid
2352 5339 2488 5395 certi
2533 5338 2839 5408 reperietur
2881 5336 2948 5390 de
2992 5334 3285 5390 occasione
3323 5340 3380 5386 et
3413 5343 3691 5403 tempore,

2103 5451 2210 5502 quo
2245 5432 2482 5502 primum
2538 5429 2590 5483 in
2636 5429 2849 5483 Italiam
2887 5428 2988 5482 fuit
3021 5427 3390 5496 deportatum.
3426 5424 3687 5480 Illustris-

2103 5526 2275 5580 simus
2314 5523 2582 5580 Columna
2615 5523 2726 5592 jam
2759 5520 3034 5584 laudatus,
3077 5519 3169 5590 qui
3219 5519 3482 5588 majorem
3520 5518 3680 5574 ﬁdem

2101 5634 2261 5690 quam
2291 5617 2474 5672 crisim
2505 5614 2753 5670 adhibuit
2788 5614 2846 5668 in
2884 5613 3162 5683 sequendo
3190 5609 3504 5666 Relationes
3530 5610 3678 5673 3155.,

2102 5726 2237 5781 quas
2257 5708 2646 5779 improbabiles
2666 5722 2787 5761 esse
2804 5702 3062 5773 ostendi§
3095 5707 3143 5771 i,
3177 5704 3470 5758 Historiam
3502 5711 3678 5758 trans-

2105 5803 2329 5858 lationis
2362 5799 2514 5855 dedit
2553 5800 2778 5855 minime
2825 5797 3198 5854 verisimilem.
3234 5795 3450 5850 Etenim
3495 5811 3616 5866 cap.
3649 5797 3683 5850 ὅ

2094 5903 2283 5950 narrat
2317 5893 2489 5948 sancti
2533 5909 2735 5964 corpus
2788 5907 2854 5947 ex
2901 5890 3177 5962 .IEthiopia
3219 5889 3460 5944 delatum
3494 5887 3552 5944 in
3580 5887 3687 5942 Bri-
