4002 6458
410 397 520 458 789

1703 403 1882 465 VITA
1924 404 1987 464 S.
2029 402 2419 473 MATTHEEL

3568 409 3690 472 τθα

412 509 662 564 tanniam
697 509 1037 567 Armoricam
1063 527 1160 583 per
1192 522 1522 571 mercatores
1548 512 1837 568 Britannos
1866 524 1994 567 teme
2022 514 2072 572 Α
2100 516 2320 584 bentur,
2362 533 2493 576 tom.
2537 523 2578 577 ν
2606 523 2934 595 Scriptorum
2972 523 3174 591 ῙιαΙὶαν,
3203 538 3326 595 pag.
3362 522 3452 585 59..
3485 521 3686 577 eadem.

409 614 543 671 pore
590 598 747 670 regis.
781 599 1112 668 Salomonis,
1159 605 1254 675 qui
1302 604 1552 676 regnavit
1590 616 1717 674 post
1745 605 1988 659 medium

410 690 597 745 saeculi
625 705 708 755 ix;
739 689 887 762 (nam
919 707 1019 762 pro
1049 693 1239 749 ﬁctitio
1272 710 1422 750 nunc
1452 696 1689 751 habetur
1715 695 1857 751 alius
1889 694 1992 748 Sa-

411 781 620 846 lomon,
657 799 819 855 quem
873 785 1083 856 aliquot
1127 788 1342 843 saeculis
1394 789 1559 845 citius
1612 790 1670 844 in
1709 789 1990 844 Armorica

412 888 670 944 regnasse
707 874 875 946 aliqui
912 877 1046 931 olim
1076 877 1452 951 crediderunt)
1484 879 1906 951 depositumque
1936 878 1989 932 in

411 964 634 1020 civitate
665 964 1018 1038 Logionensi.
1047 969 1118 1024 At
1148 985 1255 1025 non
1287 970 1632 1043 ignei-essent
1655 969 1778 1033 hoc,
1814 986 1993 1041 neque

410 1057 713 1112 tacuissent
733 1074 925 1114 omnes
946 1060 1239 1132 scriptores
1257 1062 1397 1119 Galli
1425 1063 1638 1119 illorum
1665 1074 1989 1133 temporum,

407 1156 503 1203 aut
558 1149 729 1219 paulo
771 1151 1161 1221 posteriorum,
1220 1155 1264 1210 si
1312 1156 1514 1211 factum
1572 1166 1749 1212 esset-
1788 1155 1992 1212 Deinde

408 1255 541 1312 cap.
566 1241 598 1297 6
634 1241 800 1324 re_l'ert
856 1244 1207 1302 Salomonem
1238 1262 1421 1320 regem
1459 1264 1609 1303 anno
1647 1250 1989 1320 quinquage-

407 1329 551 1386 simo
582 1347 614 1387 a
644 1332 1002 1390 translatione
1036 1337 1286 1407 corporis
1316 1354 1347 1392 a
1391 1336 1668 1394 Britannis
1699 1338 1812 1395 suis
1843 1337 1989 1394 occi-

405 1435 571 1489 sum;
610 1437 785 1492 eaque
814 1423 883 1480 de
908 1439 1074 1481 causa
1104 1423 1548 1483 Valentinianum
1576 1416 1987 1499 imperatorem.

406 1510 501 1582 qui
533 1511 742 1582 aliquot
784 1513 998 1571 saeculis
1048 1524 1176 1572 ante
1208 1515 1554 1574 Salomonem
1586 1518 1687 1574 fuit
1718 1527 1988 1585 mortuus,

410 1619 476 1660 ex
509 1602 659 1659 Italia
685 1606 965 1678 ingentem
986 1608 1202 1666 misisse
1224 1609 1455 1667 classem
1479 1611 1548 1667 ad
1573 1612 1989 1685 expugnandam

410 1698 779 1765 Britanniam,
799 1709 855 1756 et
896 1700 997 1768 sic,
1027 1711 1186 1773 capta
1225 1702 1446 1758 civitate
1477 1701 1829 1774 Legionensi,
1861 1721 1988 1762 cor-

410 1805 515 1861 pus
549 1789 725 1845 sancti
753 1790 990 1847 Mattltaci
1028 1793 1081 1848 in
1130 1791 1423 1849 Lucaniam
1463 1795 1809 1852 translatum.
1862 1797 1989 1854 [hec

2095 607 2297 664 clarius
2324 623 2379 668 et
2412 614 2609 669 melius
2643 616 2925 687 leguntur.
2962 616 3135 673 Verba
3170 617 3401 686 accipe:
3439 634 3458 667 σ
3495 615 3553 669 lu
3600 617 3680 684 ip-

2093 701 2214 757 sius
2261 702 2523 772 principis
2569 707 2820 779 Gisulphi
2870 709 3210 779 temporibus
3260 707 3549 764 inventum
3596 717 3681 762 est

2094 792 2529 849 sacratissimum
2569 810 2770 867 corpus
2801 797 2864 852 B.
2899 797 3132 854 Mat-thai
3165 797 3220 852 in
3258 796 3516 852 Lucaniae
3550 795 3679 850 ﬁni-

2093 880 2219 945 bus,
2256 892 2420 953 atque
2467 898 2592 941 cum
2623 887 2808 942 debito
2844 889 3055 945 honore
3097 903 3193 956 per
3220 887 3524 958 iussionem
3565 884 3677 954 iam

2093 972 2186 1030 Fati
2239 974 2494 1047 Gisulphi
2540 978 2808 1049 principis
2859 980 3148 1037 Salemum
3207 979 3517 1035 deducitur.
3570 976 3677 1032 Sed

2093 1081 2229 1138 quot
2259 1072 2545 1129 evenerint
2571 1075 2726 1145 signa
2748 1085 2802 1132 et
2839 1075 3099 1131 miracula
3125 1085 3182 1131 et
3207 1073 3482 1145 quomodo
3508 1070 3683 1128 fuerit

2094 1172 2374 1233 repertum
2400 1205 2416 1230 ,
2470 1167 2791 1223 omnimodo
2832 1184 2981 1225 nunc
3027 1167 3271 1239 pandere
3320 1165 3624 1221 omittimus
3658 1182 3674 1218 :

2092 1257 2464 1326 postmodum,
2527 1259 2638 1314 Deo
2689 1268 2988 1326 annuente,
3053 1259 3471 1314 innotescemus
3512 1263 3677 1324 atque

2096 1341 2225 1398 huic
2294 1343 2548 1401 Historia:
2627 1346 2923 1403 adnectere
2980 1346 3264 1404 faciemus.
3314 1364 3333 1398 ι
3401 1344 3689 1399 Hactenus

2093 1442 2305 1497 auctor,
2333 1435 2665 1506 quicumque
2697 1435 2788 1501 sit,
2820 1435 2967 1506 quod
3007 1450 3114 1490 non
3148 1433 3387 1504 inquiro.

2169 1528 2261 1584 66.
2300 1529 2377 1585 De
2443 1546 2590 1587 anno
2629 1531 2987 1595 inventionis,
3021 1545 3187 1602 quem
3239 1528 3345 1587 954
3387 1526 3527 1602 dixit
3564 1523 3691 1580 Leo.

2092 1618 2383 1687 Ostiensis,
2416 1623 2630 1679 etiamsi
2653 1621 2792 1680 forte
2816 1639 2927 1680 non
2949 1624 3181 1678 omnino
3199 1621 3271 1677 sit
3295 1626 3503 1684 certus,
3523 1616 3677 1672 litem

2093 1712 2424 1768 movendam
2451 1728 2564 1768 non
2603 1728 2987 1782 censeo;cum
3028 1721 3180 1770 certe
3217 1712 3309 1767 illo
3348 1725 3496 1766 anno
3521 1707 3677 1779 prin-

2096 1805 2339 1876 cipatum
2382 1805 2791 1862 Salernitanum
2827 1807 3106 1863 obtineret
3152 1803 3457 1874 Gisulpbus
3513 1799 3687 1858 Guai—

410 1881 684 1947 retulisse,
710 1882 930 1939 omissis
960 1884 1123 1939 etiam
1152 1884 1993 1956 improbabilibustranslationis
2026 1868 2067 1923 Β
2100 1868 2257 1950 marii
2309 1896 2476 1960 ﬁlius,
2539 1898 2645 1952 sub
2688 1914 2796 1968 quo
2846 1897 3219 1952 inventionem
3260 1868 3556 1965 contigisse
3603 1891 3681 1945 ait

408 1972 703 2044 adiunctis,
744 1974 1011 2032 refutasse
1038 1987 1145 2033 est.

481 2068 572 2124 64.
611 2068 754 2136 Mox,
790 2085 911 2140 cap.
948 2070 998 2134 7,
1028 2070 1238 2129 fatetur
1280 2082 1493 2140 auctor,
1526 2088 1749 2129 omnem
1782 2090 1992 2129 memo-

414 2157 551 2213 riam
603 2159 671 2216 de
706 2172 925 2215 servato
980 2161 1031 2214 itt
1091 2162 1238 2217 Italia
1275 2178 1505 2234 corpore
1539 2165 1717 2221 sancti
1754 2163 1993 2221 Matthaei

405 2249 667 2319 paulatim
711 2249 1110 2319 intercedisse;
1144 2254 1635 2326 inventionemque
1686 2257 1764 2313 ait
1813 2259 1994 2314 conti-

405 2342 552 2411 gisse
582 2341 727 2397 circa
754 2345 1105 2400 millesimum
1140 2355 1197 2399 et
1240 2347 1755 2419 quinquagesimum
1788 2363 1992 2405 annum

405 2445 436 2485 a
468 2429 691 2488 Christo
725 2444 877 2492 nato.
909 2436 1068 2491 llisce
1100 2437 1168 2492 de
1199 2453 1435 2509 corpore
1465 2438 1559 2494 diu
1590 2438 1909 2495 abscondito
1941 2449 1995 2494 et

406 2523 626 2581 demum
672 2526 899 2583 invento
952 2530 1308 2586 consentiunt
1354 2530 1655 2603 scriptores
1688 2531 1793 2588 ﬁde
1824 2533 1993 2604 digni,

405 2616 503 2673 sed
538 2615 743 2674 factum
782 2620 923 2677 illud
956 2616 1132 2695 ﬁgunt
1178 2633 1293 2679 toto
1329 2623 1443 2680 fere
1475 2625 1673 2681 saeculo
1707 2626 1893 2692 citius,
1936 2634 1994 2680 ttt

403 2723 530 2764 mox
551 2712 861 2767 ostendam.
890 2712 1105 2769 Interea
1135 2714 1390 2783 observo,
1425 2717 1608 2786 priora
1636 2717 1841 2785 omnia,
1872 2734 1993 2786 qua:

402 2800 718 2859 referuntur
770 2803 839 2860 de
901 2807 1117 2877 gemina
1173 2808 1551 2874 translatione,
1610 2809 1870 2864 nimirum
1925 2827 1994 2865 ex

401 2890 680 2965 Ethiopia
713 2895 766 2950 in
796 2895 1158 2964 Britanniam,
1210 2909 1265 2953 et
1294 2914 1359 2953 ex
1414 2897 1694 2955 Britannia
1730 2901 1783 2955 in
1814 2900 1991 2956 Luca-

402 2984 573 3054 niam,
602 3003 667 3042 cx
692 2988 1032 3059 conjecturis
1063 2990 1289 3047 incertis
1316 2992 1565 3062 potuisse
1592 2992 1867 3066 conﬁngi;
1896 2995 1992 3050 sed

403 3083 513 3131 tam
545 3076 980 3148 improbabiliter
1008 3080 1180 3138 fuisse
1211 3083 1485 3152 exposita,
1523 3092 1587 3140 ut
1616 3084 1801 3139 malim
1835 3085 1990 3157 igno-

2094 1999 2400 2057 anonymus
2447 1986 2847 2042 Salernitanus.
2879 1984 3165 2057 Ugbellus,
3187 1993 3317 2038 tom.
3341 1981 3410 2043 X.
3432 1981 3537 2037 col.
3581 1979 3676 2035 l57

2095 2077 2149 2130 itt
2172 2077 2447 2148 episeOpis
2478 2077 2765 2143 Ptcstanis,
2807 2076 3161 2133 etAntonius
3190 2075 3372 2131 Mazza
3408 2073 3463 2128 in
3499 2072 3682 2131 llisto-

2096 2169 2178 2223 ria
2220 2170 2371 2224 urbis
2415 2170 2798 2230 Salernitattre.
2837 2184 2957 2237 cap.
2996 2168 3052 2231 5,
3092 2182 3248 2221 num.
3300 2167 3387 2229 15.
3417 2165 3486 2221 de
3533 2171 3689 2220 anno

2095 2261 2261 2324 etiam
2308 2261 2691 2318 consentiunt.
2722 2259 2812 2329 De
2865 2261 2986 2317 loco
3022 2261 3100 2316 ait
3145 2258 3426 2332 Ugltellus,
3477 2272 3685 2326 corpus

2094 2347 2379 2403 inventum
2403 2363 2524 2404 esse
2545 2348 2599 2403 in
2623 2364 2825 2406 eversae
2854 2349 3006 2405 urbis
3033 2346 3336 2420 (ﬁrmante)
3364 2346 3679 2405 ruderibus.

2093 2439 2273 2494 Μειηει
2307 2440 2485 2495 solum
2541 2440 2698 2507 dicit,
2729 2441 2782 2495 in
2837 2439 3094 2497 Luettttise
3123 2440 3323 2495 ﬁnibus
3370 2439 3678 2493 inventum.

2096 2529 2541 2584 Translationem
2566 2546 2696 2588 vero
2726 2531 3246 2586 enarratltisverbis
3278 2545 3292 2583 :
3326 2548 3345 2581 ι
3379 2526 3679 2599 Gisulpbus

2094 2618 2399 2676 Guaimarii
2460 2621 2602 2676 ﬁlius
2628 2622 2792 2677 etiam
2846 2622 3112 2693 parvulus
3144 2620 3283 2691 patri
3333 2619 3691 2676 succedendo

2093 2710 2364 2780 regnavit.
2433 2710 2583 2767 Beati
2607 2711 2867 2782 apostoli,
2896 2710 3251 2782 evangelistae
3302 2723 3367 2764 ac
3418 2706 3687 2781 martyris

2095 2800 2335 2859 Matthati
2378 2818 2599 2875 corpus,
2650 2803 2903 2860 Lucania:
2949 2802 3151 2857 ﬁnibus
3213 2801 3603 2863 inventum....
3646 2811 3685 2853 θ

2090 2895 2339 2950 Pacstana
2386 2895 2611 2950 civitate
2666 2910 2812 2950 anno
2843 2893 2993 2960 954,
3047 2903 3293 2963 tempore
3352 2891 3678 2963 praesulatus

2090 2987 2355 3044 Bernardi
2416 2989 2482 3053 ll,
2540 3004 2750 3044 summa
2790 3003 2915 3043 cum
2974 2987 3328 3043 veneratione
3378 2985 3433 3040 in
3483 2984 3677 3040 urbem

2095 3080 2503 3137 Salernitanam
2548 3080 2856 3147 transtulit,
2897 3081 3059 3152 cujus
3110 3079 3411 3134 adventum
3456 3085 3682 3132 sanctus

403 3183 527 3226 rare
579 3186 689 3241 quo
737 3172 902 3229 modo
926 3183 982 3230 et
1020 3189 1130 3245 quo
1163 3183 1409 3248 tempore
1438 3192 1652 3236 sacrum
1685 3177 1817 3233 illud
1864 3195 1990 3235 cor-
2018 3209 2059 3267 ο
2094 3170 2470 3226 Grammatius
2530 3171 2576 3226 ll
2632 3170 3013 3226 Salernitanus
3094 3170 3409 3241 episcopus,
3471 3169 3680 3225 ultimis

398 3274 506 3332 pus
537 3260 597 3316 in
643 3261 941 3320 Lucaniam
993 3267 1327 3336 pervenerit,
1377 3284 1541 3336 quam
1574 3269 1665 3325 vel
1695 3268 1982 3325 minimum

402 3365 470 3407 ex
508 3351 777 3409 relatione
816 3349 905 3410 illa
947 3355 1234 3426 adoptare.
1262 3355 1338 3411 De
1367 3358 1547 3427 capite
1578 3358 1783 3424 sancti,
1839 3360 1984 3429 quod

404 3443 508 3500 sibi
562 3446 875 3502 attribuunt
916 3447 1210 3515 Armorici,
1245 3457 1434 3519 postea
1478 3458 1671 3520 agetur
1709 3464 1811 3506 suo
1843 3451 1983 3506 loco.

404 3536 511 3594 Leo
531 3537 805 3596 Ostiensis
836 3541 890 3596 in
927 3541 1182 3597 Chronico
1215 3540 1518 3606 Catinensi.
1554 3542 1648 3598 lib.
1690 3559 1754 3608 ll,
1786 3559 1905 3615 cap.
1931 3547 1988 3611 5,

405 3632 471 3686 ad
504 3633 843 3703 propositum
884 3644 1134 3690 nostrum
1165 3635 1280 3690 haec
1310 3634 1536 3691 scribit:
1578 3633 1781 3702 Quinto
1821 3637 1986 3707 hujus

403 3723 615 3780 abbatis
643 3723 931 3796 (Aliger-ni)
954 3740 1122 3788 anno,
1150 3726 1244 3795 qui
1277 3734 1361 3781 est
1389 3740 1419 3780 a
1454 3724 1746 3782 Nativitate
1773 3727 1985 3782 Domini

404 3817 856 3890 nongentesimus
882 3817 1372 3888 quinquagesimus
1402 3828 1652 3890 quartus,
1682 3819 1986 3877 beatissimi

401 3908 634 3978 apostoii
660 3916 711 3961 et
742 3908 1089 3980 evangelistae
1111 3907 1346 3965 Matthaci
1386 3926 1605 3981 corpus,
1642 3914 1785 3983 quod
1809 3914 1993 3985 primo

402 4001 546 4070 apud
578 3998 941 4069 Ethiopian),
973 4000 1066 4057 ubi
1097 4011 1152 4057 et
1184 4017 1382 4072 passus
1403 4003 1605 4066 fuerat,
1639 4007 1986 4076 postmodum

404 4107 585 4150 autem
618 4094 763 4166 apud
792 4092 1134 4150 Britanniam
1169 4111 1266 4166 per
1300 4105 1548 4167 tempora
1586 4097 1806 4153 diversa
1832 4102 1999 4169 quies

404 4199 582 4256 verat,
621 4188 843 4244 tandem
890 4189 1141 4260 ejusdem
1176 4188 1348 4245 sancti
1378 4191 1727 4263 evangelista:
1773 4195 1989 4249 revela-

403 4284 553 4338 tioue
578 4291 880 4352 repertum,
919 4291 1084 4352 atque
1115 4282 1172 4336 in
1203 4281 1490 4339 Salernum
1526 4284 1851 4340 translatum
1881 4297 1984 4343 est.

404 4376 694 4443 Baronius,
743 4375 838 4446 qui
890 4374 1014 4431 data
1048 4372 1250 4432 Leonis
1281 4377 1448 4432 verba
1500 4377 1753 4449 allegavit
1788 4380 1856 4435 ad
1890 4397 1989 4435 an-

402 4484 532 4525 num
562 4468 689 4535 954,
710 4483 865 4523 num.
896 4468 952 4532 2,
975 4467 1297 4543 inzmargine
1334 4470 1565 4534 notavit,
1598 4485 1700 4541 pro
1732 4472 1987 4541 vocibus,

405 4563 545 4633 apud
573 4560 937 4624 Britanniam,
971 4559 1108 4615 alias
1133 4559 1261 4631 legi,
1294 4560 1437 4629 apud
1472 4558 1804 4633 Bithyniam.

473 4654 563 4710 65.
598 4655 921 4721 Anonymus
945 4649 1321 4706 Salernitanus
1341 4651 1395 4705 in
1415 4650 1690 4707 Chronico
1713 4668 1835 4724 cap.
1860 4652 1982 4717 145,

403 4745 517 4801 sive
551 4755 683 4799 tom.
714 4739 759 4797 ll
811 4740 1145 4809 Scriptorum
1186 4739 1385 4807 ltaliaz,
1433 4751 1577 4811 part.
1613 4759 1672 4806 tt,
1707 4744 1812 4798 col.
1854 4743 1982 4810 280,

402 4840 470 4895 de
501 4837 821 4893 inventione
849 4835 919 4889 ita
967 4833 1246 4903 loquitur:
1286 4850 1305 4884 ι
1349 4832 1405 4886 In
1440 4833 1610 4903 ipsius
1641 4835 1985 4905 temporibus

403 4932 685 4987 inventum
716 4939 801 4985 est
829 4925 1265 4984 sacratissimum
1313 4941 1517 4995 corpus
1550 4924 1610 4978 Β.
1647 4924 1887 4982 Mattlttei
1929 4927 1986 4982 in

402 5024 658 5080 Lucania:
687 5020 911 5086 ﬁnibus,
939 5027 1105 5090 atque
1125 5033 1250 5074 cum
1281 5018 1468 5074 debito
1492 5017 1708 5075 honore
1737 5036 1837 5090 per
1866 5020 1985 5092 ius-

402 5118 619 5175 sionem
651 5116 761 5187 jam
786 5113 882 5169 fati
919 5111 1187 5184 principis
1217 5110 1509 5166 Salernum
1535 5111 1847 5167 deducitur.
1875 5112 1982 5169 Sed

336 5278 349 5287 _
401 5218 539 5283 quot
565 5207 722 5279 signa
770 5216 829 5263 et
860 5204 1140 5270 miracula,
1182 5212 1236 5257 et
1280 5205 1557 5274 quomodo
1600 5203 1767 5260 fuerit
1796 5220 1986 5275 reper-

401 5314 547 5369 tum,
568 5300 884 5358 omnimodo
904 5315 1054 5356 nunc
1102 5297 1342 5370 pandere
1372 5298 1695 5354 omittimus.
1730 5297 1982 5355 Postmo-

404 5395 574 5462 dum,
601 5394 711 5449 Deo
745 5401 1048 5455 annuente,
1090 5390 1325 5446 ﬁdeliter
1358 5389 1792 5454 innotescamus,
1822 5400 1984 5460 atque

400 5487 534 5542 huic
560 5484 811 5541 Historia:
840 5493 1137 5540 annectere
1173 5483 1436 5540 faciamus
1462 5501 1474 5537 :
1506 5482 1634 5539 Haec
1657 5498 2006 5555 anonymusp.

385 5578 506 5634 sub
536 5576 804 5648 Gisulpbo
853 5576 1105 5647 principe
1154 5575 1507 5632 Salernitano
1543 5589 1858 5630 memorans
1896 5575 1984 5631 in-

402 5666 738 5731 ventionem,
770 5666 899 5723 licet
929 5666 980 5722 id
1014 5681 1122 5721 non
1147 5674 1407 5737 appareat
1430 5665 1550 5721 loco
1573 5665 1828 5737 allegato,
1856 5667 1987 5736 quia

406 5767 580 5817 totum
612 5770 796 5830 caput,
820 5758 873 5813 in
908 5773 1018 5826 quo
1049 5757 1117 5813 de
1139 5757 1408 5829 Gisulpho
1433 5756 1634 5830 agitur,
1661 5769 1749 5813 eet
1774 5772 1840 5812 co
1862 5758 1983 5813 loco

403 5850 692 5908 omissum.
726 5850 785 5906 In
814 5850 1103 5923 Excerptis
1129 5864 1249 5923 quae
1274 5848 1616 5921 ﬂeremperti
1642 5847 1865 5906 nomine
1890 5848 1984 5906 ba-

2093 3262 2215 3334 ejus
2245 3264 2369 3318 vita:
2405 3263 2558 3318 horis
2600 3262 2686 3319 his
2733 3263 2987 3334 praedixit
3022 3264 3206 3320 verbis
3260 3280 3277 3320 :
3344 3281 3364 3315 ο
3403 3264 3526 3319 Non
3555 3270 3709 3333 post.

2090 3354 2264 3409 multa
2299 3364 2545 3424 tempora
2593 3355 2823 3412 ecclesia
2880 3353 3225 3411 Salernitana
3290 3354 3503 3411 scelesti
3561 3352 3687 3409 the-

2088 3462 2254 3502 sauro
2327 3448 2699 3513 decorabitur,
2764 3456 2930 3518 atque
2988 3448 3056 3502 ad
3128 3463 3403 3527 summum
3458 3448 3680 3503 honoris

2090 3540 2305 3610 apicem
2339 3540 2596 3597 ducetur.
2650 3541 2873 3597 Festum
2932 3557 3066 3596 vero
3103 3540 3263 3597 dictae
3305 3541 3702 3597 translat‘onis.

2090 3630 2318 3703 singulis
2348 3633 2658 3702 quibusque
2702 3633 2867 3690 annis
2886 3633 3068 3704 pridie
3100 3630 3284 3688 Nonas
3315 3633 3440 3688 Maii
3473 3634 3677 3690 solem-

2089 3725 2236 3779 niter
2270 3740 2366 3795 per
2385 3733 2510 3779 octo
2527 3725 2645 3781 dies
2673 3725 2922 3797 hymnis,
2983 3725 3124 3780 rosis
3165 3735 3223 3781 et
3256 3724 3507 3793 ﬁoribus,
3563 3739 3685 3783 nas.

2090 3816 2240 3870 ximo
2275 3817 2462 3887 populi
2512 3832 2786 3874 concursu
2841 3816 3155 3872 celebratur
3209 3834 3225 3873 :
3274 3818 3680 3887 universusque.

2091 3908 2295 3975 clerus,
2333 3908 2578 3974 abbates,
2602 3925 2667 3966 ac
2696 3910 3195 3981 comprovinciales
3225 3910 3408 3965 cuncti
3429 3910 3677 3981 episcopi
3706 3942 3707 3945 η

2090 4000 2285 4071 primis
2315 4003 2581 4071 vesperis,
2609 4017 2714 4058 nec
2751 4017 2864 4057 non
2909 4002 3087 4057 missae
3122 4002 3359 4057 solemni
3405 4003 3679 4058 interesse

2093 4094 2522 4163 compelluntur.
2557 4113 2574 4146 ι
2614 4095 2743 4150 llaec
2790 4093 2995 4149 Mazza.
3048 4093 3204 4161 Quod
3232 4105 3417 4150 autem
3468 4105 3687 4166 spectat

2094 4190 2160 4246 ad
2219 4189 2633 4264 praedictionem
2687 4189 2864 4244 sancti
2931 4189 3280 4252 brammatii,
3347 4203 3466 4243 eam
3513 4188 3680 4243 etiam

2095 4285 2261 4341 refert
2302 4282 2585 4355 Ugliellus,
2631 4284 2686 4337 in
2709 4282 3121 4353 Are/tiepiscopis
3158 4279 3538 4347 Salernitmtis,
3563 4283 3679 4336 sive

2094 4388 2229 4434 tom.
2253 4375 2364 4438 VII,
2391 4374 2496 4431 col.
2528 4374 2635 4430 352
2657 4374 2712 4429 in
2745 4383 2935 4428 sancto
2971 4373 3326 4433 Grammatio.
3362 4374 3455 4443 qui
3477 4372 3677 4428 ibidem

2095 4469 2297 4525 dicitur
2321 4467 2533 4523 colidie
2561 4466 2616 4520 11
2655 4465 2952 4528 Octobris;
2986 4465 3052 4518 ad
3122 4479 3285 4534 quem
3321 4463 3467 4518 diem
3518 4464 3680 4519 latius

2016 4569 2063 4624 ι)
2092 4559 2235 4630 apud
2278 4573 2384 4613 nos
2415 4556 2720 4611 examinari
2750 4556 2978 4626 poterit.
3035 4555 3112 4610 De
3159 4555 3387 4626 reliquis
3423 4555 3680 4611 similiter

2097 4651 2291 4704 Mante
2316 4647 2617 4703 assentitur
2649 4645 2918 4713 Ughellus
2943 4646 3000 4699 in
3027 4646 3312 4701 Bcrnardo
3344 4644 3412 4711 ll,
3435 4646 3673 4708 col.56‘.’,

2095 4741 2357 4810 additque
2384 4754 2586 4808 corpus
2627 4737 2870 4793 delatum
2904 4752 3026 4793 esse
3060 4738 3115 4792 in
3146 4735 3441 4792 ecclesiam
3499 4737 3679 4807 majo-

2093 4848 2209 4887 rem
2251 4840 2455 4886 sauct-ae
2482 4830 2684 4885 Mariae.
2744 4828 2953 4898 Gaspar
2999 4828 3181 4884 Musca
3223 4827 3286 4881 in
3329 4827 3675 4898 Compendio

2094 4926 2232 4982 Vitae
2260 4926 2437 4984 sancti
2480 4922 2722 4980 Matthxi
2751 4924 2819 4981 de
2863 4922 2949 4977 his
2981 4921 3056 4977 ait
3098 4939 3112 4977 :
3147 4940 3166 4974 ι
3213 4921 3374 4977 Anno
3410 4936 3540 4977 vero
3568 4921 3697 4978 95t-

2095 5020 2198 5073 sub
2232 5019 2459 5089 Agapito
2494 5016 2735 5071 secundo
2762 5018 2971 5086 tpapa),
3029 5012 3346 5068 Bcrnardus
3397 5014 3677 5069 secundus

2096 5111 2261 5183 hujus
2293 5109 2534 5166 nominis
2563 5108 2873 5178 episcopus,
2922 5121 2986 5162 ac
3047 5104 3349 5176 Gisulpbus
3415 5105 3688 5178 princeps

2095 5203 2568 5259 Salernitanorum
2601 5199 2689 5255 die
2718 5206 2870 5254 sexta
2896 5195 3047 5263 Maii,
3076 5211 3295 5268 corpus
3339 5196 3580 5268 apostoli
3603 5212 3701 5253 ex.

2096 5296 2359 5352 Paestana-
2384 5292 2609 5348 civitate
2654 5287 2969 5354 Salernum,
3002 5286 3058 5342 in
3085 5285 3458 5342 cathedralem
3496 5286 3674 5344 eccle-

2096 5389 2233 5445 siam
2282 5383 2386 5441 sub
2447 5380 2715 5440 vocabule
2794 5379 3012 5434 Sanctae
3078 5376 3261 5433 Mariae
3337 5377 3673 5449 Angelorum

2099 5475 2704 5539 transferricurarunt,
2731 5471 2786 5526 in
2818 5487 2926 5543 qua
2955 5469 3228 5540 requievit
3282 5484 3457 5525 annos
3482 5466 3609 5522 HI.
3649 5487 3668 5511 ι

2093 5573 2175 5630 De
2216 5572 2319 5627 bac
2367 5565 2724 5623 translatione
2760 5567 2944 5635 itaque
3002 5580 3112 5621 non
3163 5562 3381 5619 videtur
3412 5561 3671 5617 dubitan-

2094 5666 2245 5722 dunL

2166 5755 2257 5811 67.
2293 5753 2545 5808 Attamen
2593 5751 2698 5807 alia
2744 5748 3008 5805 nonnulla
3031 5744 3669 5810 veniuntexaminanda,

2098 5864 2218 5920 quae.
2255 5845 2310 5903 in
2349 5842 2598 5917 corporis
2661 5839 2989 5902 inventione
3019 5850 3071 5898 et
3107 5849 3231 5897 ante
3256 5836 3672 5894 translationem
