4002 6496
348 420 446 481 791

1606 416 1892 481 MENSIS
1928 414 2397 477 SEPTEMB‘ER.

3500 409 3605 473 792

350 534 762 591 Salernitanam
792 547 977 592 narrat
1005 536 1299 599 Marsilius,
1333 545 1387 591 et
1414 536 1651 591 breviter
1681 534 2002 591 laudatusA
2036 533 2270 600 aliquot,
2305 533 2508 601 quibus
2558 533 2699 586 facta
2754 532 2810 585 in
2870 547 2972 586 ms.
3032 529 3197 584 relata
3254 526 3427 598 magis
3471 527 3606 583 tium

352 629 533 684 Musca
558 631 876 699 perstringit
926 631 1009 684 his
1033 631 1211 685 verbis
1247 647 1261 683 :
1299 649 1320 682 ι
1361 629 1481 697 Quo
1511 638 1758 699 tempore
1792 629 1923 683 bea-

349 720 596 774 tissimus
641 720 919 790 apostolus
958 719 1185 792 Pelagiae
1214 722 1434 776 cuidam
1473 720 1696 776 moniali
1727 719 1924 773 vetule

346 812 406 865 in
457 813 665 866 somnis
736 826 934 880 corpus
983 827 1144 866 suum
1208 813 1601 876 manifestans,
1640 812 1758 882 ipsa
1814 810 1926 867 lilio

350 903 644 959 Athanasio
670 904 963 969 monacho,
995 905 1088 975 qui
1116 906 1166 959 in
1193 906 1351 959 altari
1397 906 1633 976 quodam
1658 920 1690 960 a
1732 904 1929 959 barbata

351 998 427 1049 ris
448 997 650 1060 diruto,
668 1006 721 1052 et
738 999 996 1067 vepribus
1018 998 1383 1069 undequaque
1414 1008 1686 1064 contecto,
1707 1013 1924 1055 sacrum

352 1101 559 1156 corpus
614 1089 919 1158 reperiens,
970 1090 1172 1145 exinde
1224 1091 1293 1145 ad
1358 1105 1581 1160 parvam
1637 1089 1929 1146 ecclesiam

355 1192 529 1248 prope
561 1180 868 1234 Paestanam
898 1181 1179 1237 civitatem
1209 1184 1431 1239 locavit.
1457 1183 1744 1239 Hinevero
1759 1181 1927 1238 Joan-

354 1285 455 1324 nes
479 1269 762 1327 Pcestanus
787 1272 1077 1344 episcOpus
1114 1275 1183 1330 ad
1243 1274 1616 1331 cathedraiem
1667 1274 1930 1329 vocabulo

354 1362 569 1419 Sancta
609 1363 790 1419 Maria;
839 1355 1042 1421 eximia
1095 1383 1294 1437 pompa
1351 1366 1680 1438 deportavit.
1722 1384 1740 1417 ι
1790 1365 1931 1419 Mar-

359 1454 518 1510 silius
570 1472 692 1527 cap.
742 1457 775 1510 7
818 1473 928 1525 una
959 1475 1085 1514 cum
1128 1461 1397 1516 relatione
1441 1476 1549 1515 ms.
1592 1459 1779 1522 habet,
1830 1457 1930 1512 Pe-

357 1547 516 1617 lagia:
541 1549 873 1618 apparuisse
890 1559 1140 1605 sanctum
1175 1551 1491 1606 Matthazum
1528 1551 1709 1605 tribus
1738 1566 1933 1606 conse-

352 1633 594 1708 quenter
673 1641 951 1705 noctibus,
1003 1643 1165 1712 eique
1228 1626 1377 1697 varia
1436 1643 1710 1699 indicasse
1758 1646 1933 1715 signa,

358 1731 563 1802 quibus
579 1746 797 1788 sacrum
818 1750 1019 1805 corpus
1051 1737 1408 1806 reperiretur,
1432 1738 1774 1808 iussisseque
1818 1753 1936 1790 om-

2025 623 2430 693 improbabilia,
2451 633 2508 679 et
2531 624 2727 697 magis,
2749 639 2909 694 quam
2940 635 3165 677 necesse
3182 629 3287 680 est.
3316 630 3606 675 accusatur

2026 716 2389 777 Athanasius.

2098 828 2187 883 69.
2236 827 2415 894 Quare
2483 829 2587 889 ista
2629 842 2844 899 quoque
2908 842 2972 882 ex
3011 842 3116 882 ms.
3155 826 3266 880 huc
3316 823 3551 878 traduce
3594 840 3610 879 :

2034 937 2053 968 ι
2093 919 2305 971 interea
2335 918 2472 976 clam
2504 916 2914 972 sanctissimum
2965 929 3169 986 corpus
3217 912 3616 973 Consmntino-

2029 1010 2222 1080 poleos
2253 1009 2472 1065 deferre
2500 1009 2871 1069 meditabatur
2903 1008 2969 1063 ad
2995 1006 3213 1068 urbem.
3248 1020 3442 1060 revera
3500 1018 3614 1065 non

2030 1098 2310 1170 religionis
2379 1100 2578 1171 gratia,
2635 1098 2730 1154 sed
2791 1097 2929 1153 lucri
3003 1096 3307 1168 cupiditate
3372 1094 3614 1155 illectus.

2033 1189 2328 1261 lgnerante
2364 1189 2546 1259 itaque
2581 1196 2784 1253 matre,
2840 1188 3042 1243 tollens
3081 1185 3318 1257 apostoli
3382 1197 3620 1253 corpus.

2032 1280 2380 1351 Amalphiam
2446 1281 2599 1334 adire
2631 1279 2886 1345 tentavit,
2935 1294 3164 1350 sperans
3192 1293 3251 1337 se
3284 1275 3356 1332 ibi
3395 1274 3624 1351 aliquod

2037 1375 2393 1428 inventurum
2426 1386 2549 1426 esse
2578 1371 2884 1443 navigium,
2932 1385 3043 1439 quo
3076 1366 3617 1436 ConstantinOpolin)

2034 1473 2378 1537 properaret.
2437 1464 2687 1534 Cumque
2739 1462 2973 1518 festinus
3017 1461 3262 1516 lembum
3334 1459 3619 1519 intrasset.

2035 1558 2160 1614 velo
2206 1571 2472 1627 remoque
2526 1556 2833 1611 nitentibus
2869 1555 3073 1616 nautis.
3129 1553 3197 1608 ad
3251 1553 3456 1617 locum,
3508 1568 3623 1622 quo

2038 1649 2408 1718 disposuerat,
2440 1648 2618 1718 pergit
2674 1648 2772 1701 ire.
2819 1645 2926 1700 Sed
2969 1653 3027 1699 ut
3064 1644 3218 1698 navis
3260 1642 3543 1714 paululum
3584 1657 3625 1706 β

2041 1749 2187 1800 terra
2225 1740 2595 1802 discessisset,
2630 1746 2799 1793 ruunt
2847 1735 3063 1807 agmina
3094 1743 3403 1798 ventorum,
3436 1732 3624 1804 pluvia

361 1825 457 1878 nia
495 1841 615 1880 eam
644 1827 886 1928 indicare
903 1830 1205 1885 Athanasio
1226 1830 1358 1896 ﬁlio,
1390 1844 1447 1887 et
1475 1847 1599 1886 cum
1633 1847 1699 1887 eo
1729 1847 1935 1901 corpus
1967 1869 2013 1928 Β
2041 1840 2097 1885 et
2129 1838 2429 1899 tempestas
2455 1838 2644 1887 exorta
2675 1837 2782 1893 est,
2818 1827 2874 1881 in
2930 1835 3146 1881 tantum
3212 1824 3497 1895 equidem,
3562 1832 3632 1878 ut

359 1931 627 1986 quaerere.
664 1915 847 1972 Tertia
877 1929 1059 1973 autem
1089 1929 1271 1981 nocte,
1297 1921 1342 1974 si
1363 1935 1477 1975 rem
1528 1930 1675 1974 recte
1711 1935 1938 1973 enarra-

360 2008 439 2063 vit
474 2019 689 2075 auctor,
718 2011 912 2065 eadem
967 2011 1110 2067 visio
1144 2013 1396 2082 apparuit
1433 2013 1597 2066 etiam
1640 2013 1941 2065 Athanasio

363 2101 656 2165 monacho,
687 2109 742 2156 et
775 2102 993 2171 utrique
1011 2118 1229 2173 poenam
1258 2103 1542 2158 minitatus
1566 2112 1649 2157 est
1670 2117 1942 2172 apparens

363 2190 672 2258 apostolus,
706 2190 809 2245 nisi
843 2191 908 2245 ad
947 2206 1163 2246 sacrum
1203 2208 1407 2262 corpus
1462 2193 1813 2258 qnazrendum
1881 2208 1941 2246 se

364 2280 737 2349 accingerent.
787 2280 1132 2354 Quapmpter
1171 2299 1334 2339 mane
1373 2285 1535 2340 simul
1585 2284 1944 2355 egrediuntur

364 2388 463 2441 per
498 2375 639 2427 viam
674 2373 994 2433 indicatam.
1024 2387 1278 2445 quiuerunt
1329 2378 1451 2432 data
1488 2377 1712 2447 indicia,
1750 2384 1805 2430 et
1830 2376 1941 2430 cito

366 2466 673 2534 reperiunt.
707 2465 988 2522 Fodiendo
1028 2467 1191 2537 igitur
1221 2468 1392 2523 altare
1417 2470 1701 2538 detegunt,
1726 2475 1941 2521 amota-

365 2573 472 2627 que
529 2573 717 2614 mensa
754 2574 1083 2626 marmorea,
1131 2577 1344 2617 sacrum
1390 2576 1592 2632 corpus
1628 2559 1939 2616 inveniunt.

371 2648 485 2706 lloc
519 2667 649 2706 vero
680 2652 858 2708 defert
877 2652 1211 2709 Athanasius
1235 2653 1305 2710 ad
1333 2654 1523 2710 matris
1552 2655 1796 2716 domum,
1833 2651 1942 2708 ibi—

371 2761 478 2814 que
523 2748 793 2802 asservari
827 2747 1004 2818 jubet,
1062 2749 1241 2820 inquit
1298 2749 1592 2816 lilarsilius,
1645 2770 1663 2803 α
1702 2755 1943 2821 quandiu

369 2837 555 2892 divina
583 2838 837 2908 quapiam
882 2840 1220 2900 revelatione
1262 2850 1572 2905 moneatur,
1600 2843 1731 2914 quid
1755 2847 1821 2899 de
1878 2863 1944 2902 co

367 2926 438 2980 sit
501 2925 761 2998 deinceps
815 2928 883 2983 ab
925 2930 1058 3000 ipsis
1114 2932 1411 3001 agendum.
1461 2951 1481 2985 ι
1524 2932 1671 2990 Nihil
1729 2936 1783 2990 in
1838 2954 1943 2994 ms.

368 3016 566 3088 legitur
591 3017 657 3073 de
686 3028 1005 3089 exspectata
1033 3021 1135 3077 hac
1174 3023 1529 3090 revelatione,
1563 3027 1700 3082 nihil
1728 3045 1944 3100 quoque

367 3109 436 3163 de
468 3110 729 3164 mandato
758 3113 1174 3183 apostoli,quod
1210 3115 1483 3173 Marsilius
1507 3122 1724 3188 astruit,
1746 3138 1865 3193 cap.
1888 3124 1941 3180 8.

371 3208 432 3253 ut
455 3214 657 3269 corpus
681 3201 1072 3259 transferretur
1101 3207 1416 3266 Salernum.

439 3290 528 3346 68.
560 3291 690 3347 Post
709 3294 1082 3363 apparitiones
1108 3298 1339 3372 Pelagia:
1364 3313 1417 3357 et
1434 3305 1733 3363 Athanasio
1752 3308 1942 3375 factas,

369 3381 427 3434 in
457 3397 689 3452 quarum
718 3384 906 3439 ultima
940 3388 1098 3443 mina:
1120 3400 1280 3446 erant
1317 3393 1607 3464 adiunctaa,
1640 3397 1695 3452 in
1715 3415 1818 3455 ms.
1863 3401 1947 3454 in-

369 3474 557 3529 ventio
610 3476 693 3530 sic
723 3478 962 3531 refertur
1010 3496 1024 3533 :
1073 3499 1092 3532 c
1150 3480 1266 3549 Qua
1324 3488 1752 3546 comminatione
1799 3508 1949 3548 com-

370 3567 561 3635 pulsus
639 3570 995 3636 Athanasius,
1091 3573 1406 3631 faieastrum
1500 3579 1947 3651 (instrumentum

342 3660 532 3729 .l‘aleis
591 3661 767 3718 instar
788 3664 855 3719 ad
908 3668 1335 3727 reseindendum
1376 3676 1593 3747 vepres)
1654 3679 1947 3749 arripiens.

370 3755 692 3822 praedictum
743 3757 846 3812 sibi
896 3759 1074 3816 locum
1140 3763 1352 3820 curiosa
1394 3765 1743 3839 indagatione
1786 3773 1952 3841 coepit

371 3847 670 3917 inquirere.
708 3847 815 3905 Sed
858 3852 905 3907 is
954 3854 1109 3909 locus
1165 3864 1315 3913 tanta
1356 3870 1473 3915 erat
1519 3862 1767 3932 veprium
1819 3867 1949 3921 deuo

371 3940 543 3996 sitate
583 3954 892 4005 conlectus.
945 3955 1006 4001 ut
1057 3948 1261 4018 nullus,
1310 3966 1416 4019 qua
1459 3952 1671 4024 ingredi
1741 3968 1946 4027 posset,

372 4041 589 4102 pateret
619 4034 819 4090 aditus.
843 4036 913 4090 Et
967 4052 1090 4090 curn
1156 4041 1403 4109 veprium
1450 4043 1778 4102 densitatem
1840 4057 1952 4103 toto

373 4122 502 4177 nisu
532 4125 863 4191 succideret,
907 4128 1124 4181 tandem
1171 4145 1364 4186 eversa
1428 4135 1688 4202 ecclesia,
1752 4147 1812 4193 ut
1848 4140 1950 4195 sibi

379 4231 480 4285 per
526 4217 922 4274 revelationem
963 4236 1183 4277 oswnsa
1215 4222 1413 4293 fuerat,
1448 4229 1621 4285 oculis
1652 4230 1796 4288 illius
1853 4249 1951 4305 ap-

376 4316 528 4377 paret
575 4309 719 4363 :sed
753 4308 945 4376 altare,
972 4312 1095 4379 quia
1142 4315 1396 4385 congerie
1447 4316 1730 4389 spinarum
1787 4333 1950 4391 atque

375 4400 678 4454 urticarum
721 4402 1016 4457 admodum
1050 4415 1161 4460 erat
1198 4417 1535 4474 contectum,
1593 4411 1819 4464 minime
1858 4429 1953 4483 po-

377 4498 518 4545 tet-‘at
549 4492 771 4546 intueri.
810 4491 964 4548 Tunc
1013 4498 1188 4561 «esis,
1226 4514 1345 4567 qua:
1390 4512 1736 4569 supererant,
1778 4504 1951 4574 spinis

375 4602 439 4639 ac
470 4586 741 4652 sentibus,
772 4585 838 4641 ad
864 4587 1010 4656 quod
1031 4588 1140 4657 iam
1163 4588 1426 4661 ﬂagrandi
1459 4591 1736 4648 desiderio
1767 4597 1947 4649 inlen-

375 4680 560 4743 tiehat,
587 4679 763 4750 ipsum
806 4681 969 4734 etiam
1000 4681 1171 4737 altare
1200 4683 1408 4738 invenit
1444 4700 1459 4738 :
1507 4687 1790 4742 inventum
1827 4705 1948 4745 cum

378 4789 568 4842 magna
599 4773 813 4828 cautela
852 4789 1097 4829 reserare
1136 4777 1408 4832 tentavit:
1464 4787 1518 4832 et
1573 4790 1630 4834 ut
1687 4796 1950 4849 marmor,

375 4882 483 4931 quo
518 4867 660 4919 idem
689 4867 858 4920 altare
895 4877 1015 4921 erat
1044 4863 1319 4938 opertum,
1357 4885 1421 4924 ex
1453 4886 1554 4925 suo
1601 4872 1724 4927 loco
1750 4877 1953 4930 movis-

376 4970 480 5023 set,
540 4959 684 5014 illico
730 4959 883 5014 locus
935 4962 1162 5037 quadris
1217 4971 1509 5018 contextus
1561 4965 1848 5029 lateribus,
1899 4970 1951 5022 in

377 5064 489 5119 quo
543 5066 747 5121 corpus
808 5052 1143 5108 sanctissimi
1191 5055 1420 5124 apostoli
1488 5066 1539 5111 et
1613 5061 1957 5129 evangelista:

375 5142 715 5211 quiescebat,
742 5144 1015 5214 apparuit.
1047 5144 1177 5207 inde
1203 5147 1538 5202 Athanasius
1562 5151 1956 5206 tremebundus

378 5248 582 5305 corpus
609 5236 842 5307 apostoli
871 5237 1155 5308 detegens,
1190 5254 1314 5301 cum
1364 5242 1530 5296 multa
1563 5243 1844 5315 diligentia
1901 5246 1954 5299 in

379 5329 612 5385 sindone
641 5330 842 5385 munda
869 5331 1114 5396 involvit,
1141 5331 1364 5402 suisque
1396 5333 1682 5411 imponens
1713 5336 1956 5391 humeris

380 5422 446 5476 ad
505 5422 790 5497 preprium
820 5422 1192 5478 habitaculum
1227 5425 1511 5485 remeavit.
1544 5435 1596 5480 et
1653 5428 1954 5496 pretiomnn

379 5512 699 5577 theSaurum
739 5515 895 5573 matri
941 5514 1359 5570 custodiendum
1420 5517 1587 5572 dedit.
1632 5538 1652 5570 ο
1708 5517 1827 5572 Mox
1901 5520 1956 5573 in

380 5619 483 5657 ms.
507 5606 777 5675 sequitur,
804 5606 1048 5662 voluisse
1072 5608 1436 5663 Athanasium
1481 5610 1658 5680 primo
1682 5608 1954 5665 Constan-

380 5698 686 5765 tinopolim,
758 5700 959 5756 deinde
1024 5700 1272 5767 Romam,
1324 5719 1448 5764 cum
1509 5718 1664 5758 sacro
1728 5718 1957 5773 corpore

381 5786 672 5855 navigare;
707 5791 800 5845 sed
821 5791 889 5847 ab
911 5802 1143 5862 utroque
1172 5793 1367 5849 itinere
1390 5794 1731 5863 impeditum.
1754 5795 1954 5851 Eadem

386 5887 594 5940 narrat,
624 5889 743 5955 cap.
771 5881 827 5948 8,
860 5881 1154 5953 Mat-silius,
1213 5886 1308 5944 sed
1359 5900 1471 5940 non
1505 5884 1624 5942 sine
1676 5886 1945 5957 adiunctis

2045 1922 2133 1975 vix
2156 1921 2222 1976 ad
2248 1929 2489 1990 portum,
2555 1934 2716 1989 quem
2782 1917 3111 1986 reliquerat,
3166 1923 3455 1971 remearet.
3507 1914 3633 1969 Hoc

2044 2015 2136 2070 ille
2188 2012 2488 2068 frustratus
2534 2010 2788 2074 consilio,
2837 2007 3038 2064 iterum
3094 2021 3281 2062 secum
3325 2006 3630 2076 cogitabat,

2043 2102 2285 2175 qualiter
2306 2117 2431 2156 cum
2460 2099 2812 2155 sanctissimo
2865 2112 3101 2167 corpore
3156 2095 3387 2150 Romam
3424 2110 3632 2165 prope-

2044 2204 2193 2273 raret
2224 2212 2238 2249 :
2271 2194 2368 2251 sed
2412 2207 2758 2263 nequaquam
2793 2189 2885 2245 Dei
2919 2188 3091 2244 valuit
3135 2187 3404 2245 obsistere
3432 2186 3636 2240 volun-

2046 2289 2164 2354 tati,
2194 2286 2285 2359 qui
2316 2286 2425 2341 tale
2453 2286 2508 2339 in
2523 2285 2622 2339 has
2660 2289 2843 2353 partes
2867 2281 3124 2353 dignatus
3146 2289 3231 2335 est
3252 2278 3636 2333 transmittere

2044 2381 2274 2436 donum.
2311 2377 2447 2433 Nam
2481 2376 2665 2432 denuo
2690 2374 2909 2445 navigio
2940 2381 3271 2444 praeparato,
3325 2371 3637 2441 assumptis

2046 2472 2242 2529 validis
2305 2471 2363 2525 in
2412 2469 2733 2540 remigando
2791 2466 2950 2530 viris,
3007 2464 3218 2535 placida
3274 2477 3496 2532 aequora
3551 2470 3638 2514 est

2049 2564 2353 2638 ingressus.
2387 2560 2494 2615 Sed
2529 2568 2825 2629 antequam
2861 2557 3017 2612 littus
3042 2557 3128 2611 vix
3164 2553 3343 2610 oculis
3377 2552 3640 2622 reliquis-

2047 2668 2153 2724 set,
2187 2657 2382 2728 ingens
2406 2652 2647 2724 procella
2680 2650 2863 2707 subito
2894 2650 3097 2719 erupit,
3117 2649 3193 2703 ita
3233 2656 3296 2703 ut
3355 2646 3446 2701 vix
3473 2659 3639 2701 vora-

2046 2752 2227 2824 ginem
2259 2748 2560 2803 evaderent
2629 2743 2826 2815 pelagi.
2882 2740 3150 2805 Tandem,
3203 2739 3450 2810 quamvis
3506 2752 3639 2791 cum

2047 2857 2242 2914 magna
2282 2838 2569 2901 maestitia,
2621 2835 2923 2891 semivivus
2955 2848 3083 2889 suos
3129 2831 3272 2887 redit
3305 2830 3373 2886 ad
3443 2830 3583 2884 lines
3616 2844 3634 2881 :

2047 2945 2280 3002 cumque
2311 2927 2659 3001 cognovisset
2686 2926 2978 2989 veraciter,
3001 2923 3103 2979 sibi
3136 2921 3307 2976 Deum
3335 2920 3638 2985 obsistere,

2048 3030 2102 3077 et
2132 3020 2271 3075 adeo
2322 3027 2516 3073 contra
2566 3031 2625 3071 se
2654 3011 2996 3069 insensibilia
3033 3011 3311 3067 elementa
3360 3020 3637 3078 pugnare,

2048 3113 2103 3169 in
2130 3110 2385 3175 ecclesia,
2425 3125 2545 3178 qua:
2600 3121 2712 3162 non
2745 3106 2907 3176 longe
2943 3119 2972 3158 a
3001 3103 3139 3158 cella
3176 3102 3324 3156 illius
3363 3100 3469 3154 sita
3491 3109 3639 3164 erat,

1974 3227 2021 3290 ε
2052 3203 2483 3262 sacratissimum
2518 3199 2811 3257 abscondit
2839 3199 3181 3252 thesaurum.
3214 3214 3232 3246 ι
3271 3194 3397 3249 lla‘c
3429 3193 3484 3247 in
3504 3207 3639 3255 ms.,

2052 3313 2117 3353 ex
2149 3312 2258 3367 quo
2296 3296 2487 3364 nequit
2527 3303 2680 3364 certo
2711 3289 2922 3362 colligi,
2968 3287 3322 3344 Athanasiqu
3358 3286 3643 3339 Constant-

2051 3389 2283 3460 tinopoli
2341 3397 2436 3441 aut
2472 3387 2656 3441 Romae
2716 3398 2931 3437 sacrum
2993 3395 3195 3451 corpus
3246 3380 3486 3433 vendere
3538 3392 3643 3431 vo-

2051 3485 2242 3548 luisse,
2276 3490 2338 3537 ut
2366 3480 2557 3535 scribit
2590 3477 2883 3532 Marsilius.
2935 3475 3173 3529 Lucrum
3226 3465 3371 3528 enim
3409 3480 3641 3542 sperare

2051 3583 2288 3648 poterat,
2314 3574 2525 3628 etiamsi
2556 3587 2755 3641 corpus
2791 3586 2898 3624 non
2942 3567 3238 3627 venderet,
3292 3581 3358 3618 ex
3394 3563 3642 3619 benevo—

2052 3669 2221 3723 lentia
2246 3676 2300 3723 et
2334 3665 2660 3721 liberalitate
2688 3679 2904 3727 eorum,
2948 3663 3148 3733 quibus
3185 3660 3316 3715 illud
3374 3660 3629 3714 donaret.

2058 3762 2174 3816 Alia
2219 3760 2441 3815 Marsilii
2476 3757 2738 3827 adiuncta
2761 3757 2941 3811 mitto.

2126 3875 2193 3930 70
2258 3872 2386 3926 Post
2425 3872 2550 3926 data
2593 3870 2755 3932 verba
2801 3879 2992 3925 auctor
3047 3881 3149 3925 ms.
3207 3876 3418 3934 narrat,
3468 3865 3631 3922 inno-

2057 3969 2225 4023 tuisse
2254 3965 2449 4021 Joanni
2498 3963 2757 4033 episcopo
2785 3961 3032 4021 Paestano
3100 3959 3475 4015 inventionem
3504 3973 3639 4014 cor-

2056 4058 2203 4133 poris
2230 4056 2405 4112 sancti
2439 4052 2709 4119 Matth-sei;
2742 4066 2980 4120 eumque
3014 4065 3140 4105 eum
3169 4048 3384 4104 clericis
3423 4048 3641 4117 aliquot

2028 4137 2364 4221 'perrcxisse
2392 4161 2488 4215 per
2516 4158 2703 4199 auram
2767 4141 3001 4212 pluviam
3054 4148 3107 4195 et
3140 4151 3418 4194 ventosam
3445 4140 3512 4192 ad
3552 4139 3642 4191 lo-

2053 4255 2201 4304 cum,
2258 4236 2346 4290 ubi
2395 4232 2702 4303 depositum
2758 4240 2908 4296 erat;
2954 4245 3131 4299 coque
3178 4227 3358 4283 vocari
3404 4227 3646 4298 iussisse

2056 4327 2432 4386 Athanasium.
2466 4323 2644 4388 llunc,
2674 4322 2765 4376 ubi
2799 4320 3120 4382 advenerat,
3150 4319 3215 4377 de
3249 4318 3473 4372 invento
3508 4334 3642 4372 cor-

2056 4438 2187 4493 pore
2232 4420 2552 4485 interrogat.
2587 4430 2648 4469 ae
2688 4413 3135 4484 tergiversantem
3188 4410 3349 4465 minis
3377 4418 3553 4480 urget,
3588 4420 3649 4462 et

2060 4516 2137 4571 sic
2166 4512 2394 4572 obtinet,
2445 4519 2505 4563 ut
2535 4509 2604 4563 ad
2636 4506 2931 4562 videndum
2968 4520 3182 4559 sacrum
3236 4518 3438 4572 corpus
3464 4503 3648 4555 duca-

2063 4615 2170 4671 tur,
2203 4603 2441 4672 illudque
2467 4616 2590 4655 cum
2624 4597 2838 4654 clericis
2863 4598 3064 4653 videat.
3103 4613 3121 4647 ι
3154 4595 3454 4665 Episcopus
3483 4609 3645 4655 vero,

2059 4698 2134 4751 ait
2164 4702 2374 4758 auctor,
2413 4706 2630 4746 sacrum
2660 4703 2860 4758 corpus
2887 4686 3014 4757 (iam
3043 4682 3243 4753 vi'sum)
3275 4685 3507 4738 sindone
3538 4686 3649 4739 ite-

2059 4802 2178 4840 rum
2214 4783 2516 4837 involutum
2555 4780 2741 4834 annuli
2765 4778 2846 4834 sui
2873 4776 3233 4848 impressione
3267 4773 3521 4845 signavit,
3557 4774 3634 4827 si-

2060 4887 2283 4949 gnatum
2313 4875 2365 4928 in
2397 4890 2522 4927 arca
2558 4871 2698 4926 seris
2732 4871 2962 4933 munita,
2994 4868 3185 4939 sigillis
3216 4866 3473 4921 similiter
3501 4879 3641 4918 conc

2060 4971 2291 5042 signata,
2323 4965 2587 5037 reposuit.
2634 4984 2650 5017 ι
2685 4964 2780 5018 liis
2810 4962 2987 5023 factis.
3020 4961 3063 5016 si
3099 4959 3375 5015 credimus
3401 4958 3643 5025 auctori,

2060 5062 2217 5133 petiit
2246 5060 2559 5131 episcopus,
2590 5066 2645 5110 ut
2688 5054 3021 5110 Athanasius
3054 5050 3358 5107 monachus
3385 5049 3645 5104 esurien-

2064 5155 2211 5208 tibus
2244 5151 2425 5205 cibnm
2462 5158 2734 5219 quaereret
2788 5156 2842 5201 et
2874 5153 3197 5216 apponeret.
3230 5142 3300 5197 At
3347 5142 3440 5197 ille
3488 5139 3648 5196 cibos

2059 5245 2278 5314 quidem
2311 5242 2570 5307 habebat,
2598 5240 2693 5294 sed
2727 5238 2856 5293 vino
2886 5252 3112 5307 prorsus
3141 5234 3384 5290 carebat.
3415 5233 3646 5302 Episco-

2060 5352 2162 5409 pus
2197 5335 2359 5406 igitur
2387 5335 2529 5388 inter
2563 5331 2962 5388 comedendum
3004 5328 3186 5383 aﬂ'erri
3209 5329 3375 5400 jussit
3404 5341 3641 5381 vacuum

2059 5431 2372 5492 vasculum,
2414 5427 2560 5495 quod
2601 5426 2858 5481 omnibus
2886 5423 3166 5479 sufﬁciens
3195 5421 3384 5477 vinum
3418 5419 3638 5485 cﬂ‘udit,

2059 5525 2103 5577 si
2134 5510 2263 5575 vera
2306 5528 2495 5573 narrat
2523 5532 2845 5589 anonymns,
2885 5515 2980 5586 qui
3014 5530 3076 5570 ea
3108 5513 3357 5585 pluribus
3388 5510 3637 5580 exponit.

2061 5611 2329 5668 Manilius
2358 5626 2487 5664 vero
2510 5611 2660 5679 plura
2683 5608 2847 5663 etiam
2877 5607 3144 5678 adiungit.
3171 5604 3323 5671 Mihi,
3350 5613 3412 5659 ut
3439 5603 3640 5666 fatear,

2059 5702 2243 5755 Omnia
2284 5702 2371 5754 illa
2402 5700 2575 5770 magis
2609 5705 2861 5767 suspecta
2908 5704 3034 5751 sunt
3071 5694 3342 5761 falsitatis,
3384 5705 3549 5763 quam
3579 5699 3639 5745 ut

2060 5794 2174 5863 ipsa
2206 5792 2365 5845 verba
2393 5791 2499 5845 huc.
2526 5790 2823 5845 transferre
2854 5787 3056 5841 lubeat.
3090 5783 3349 5855 Apertius
3377 5790 3461 5836 cst
3487 5796 3639 5836 com-

2061 5896 2330 5951 mentum,
2360 5886 2505 5959 quod
2536 5882 2804 5961 sequitur,
2843 5898 2903 5935 ac
2936 5880 2981 5937 si
3012 5892 3178 5934 noetu
3208 5892 3304 5948 per
3334 5876 3639 5935 fenestram
