4002 6442
476 416 586 479 195

1712 400 1997 464 MENSIS
2037 394 2329 457 SEPTEM
2343 393 2514 457 BER.

3649 381 3755 446 706

474 529 760 590 enarravit
801 526 1094 590 Nlarsilius,
1145 527 1253 596 cap'
1298 523 1400 578 l0:
1459 542 1475 573 ι
1514 521 1651 576 Eum
1702 529 1888 574 autem
1924 514 2068 569 fama
2097 510 2146 569 A
2173 510 2351 576 Quam
2382 507 2545 564 facile
2580 517 2763 562 autem
2811 503 2960 559 illius
3017 498 3265 572 corporis
3305 497 3573 555 memoria
3613 497 3760 552 inte-

476 625 651 697 signis
696 621 1086 691 miraculisque
1138 618 1303 689 longe
1346 616 1569 684 lateque
1623 610 1962 676 vulgaretur,
2011 613 2066 661 et

481 713 837 784 Landulphus
879 711 1298 766 Beneventanus
1319 708 1575 777 princeps
1597 703 1861 766 audisset,
1890 700 2069 753 Saler-

481 808 731 863 nitauum
750 803 1011 874 populum
1033 799 1336 857 beatissimi
1353 795 1591 855 Matthzei
1610 809 1832 865 corpus,
1852 792 2069 847 Christo

481 899 745 960 donante,
796 893 1103 964 possidere,
1156 905 1469 947 convocans
1511 902 1640 944 suos
1685 894 1965 958 magnates
2016 893 2071 940 et

482 987 781 1056 sapientes,
831 984 1065 1049 Scitote,
1103 982 1306 1053 inquit,
1342 996 1381 1038 a.
1408 979 1517 1035 Deo
1545 980 1798 1035 donatam
1834 976 2068 1033 salutem

485 1078 853 1133 Salernitanis
885 1076 1201 1139 advenisse,
1259 1087 1461 1143 eosque
1494 1087 1697 1142 corpus
1735 1065 2073 1125 sanctissimi

485 1169 719 1240 apostoli
745 1178 802 1224 et
833 1166 1185 1238 evangelista;
1221 1138 1485 1229 Matthxi,
1530 1138 1650 1235 ipso
1682 1162 1981 1219 revelante.
2015 1138 2101 1212 in]

487 1258 740 1316 Lucaniae
770 1259 974 1316 ﬁnibus
1003 1267 1304 1329 repertum,
1335 1271 1461 1311 cum
1497 1255 1716 1328 hymnis
1743 1263 1797 1309 et
1819 1251 2075 1309 laudibus

488 1350 632 1405 intra
673 1351 828 1407 urbis
863 1366 978 1407 suae
1007 1348 1214 1406 moenia
1240 1348 1559 1404 collocasse.
1595 1344 1770 1411 Unde,
1799 1344 1845 1400 si
1872 1344 2072 1415 placet,

486 1442 895 1498 Salernitanum
940 1441 1249 1512 principem
1300 1449 1465 1509 atque
1512 1436 1827 1509 pontiﬁcem
1872 1435 2076 1506 pariter

487 1533 831 1589 obsecrando
866 1533 1210 1598 mandemus,
1246 1540 1307 1587 ut
1336 1531 1406 1586 ad
1441 1530 1667 1585 tutelam
1693 1536 1900 1584 nostrae
1932 1539 2073 1597 quo-

488 1640 598 1696 que
628 1625 868 1681 civitatis
897 1641 964 1680 ex
1010 1625 1202 1681 eodem
1230 1622 1580 1679 sanctissimo
1611 1636 1838 1692 corpore
1868 1628 2079 1692 partem

488 1717 723 1785 aliquam
751 1716 929 1788 largiri
955 1717 1269 1790 dignentur.
1298 1716 1607 1771 lllisautem
1635 1713 1906 1784 principis
1927 1712 2072 1767 dicta

490 1807 877 1879 probantibus,
918 1808 1069 1865 missi
1097 1817 1229 1865 sunt
1259 1808 1511 1878 protinus
1559 1808 1803 1863 illustres
1840 1805 1941 1862 viri
1975 1805 2078 1860 Sa-

488 1900 729 1968 lernum,
781 1903 964 1974 magni
1009 1903 1259 1958 muneris
1310 1917 1500 1975 preces
1548 1902 1883 1957 humillimas
1932 1899 2080 1955 defe-

490 2000 699 2048 rentes.
746 1992 896 2059 Quos
945 1993 1205 2064 princeps
1248 2002 1304 2049 et
1346 1991 1594 2065 pontifex
1630 1992 1864 2064 benigne
1909 1992 2083 2048 susci-

493 2084 739 2153 pientes,
766 2093 930 2154 atque
962 2099 1152 2139 eorum
1190 2084 1548 2153 petitionibus
1593 2092 1926 2149 annuentes,
1962 2083 2091 2137 bra-

492 2175 680 2230 chiutu
728 2175 837 2229 illis
887 2176 1031 2232 sacri
1066 2177 1325 2246 corporis
1362 2191 1583 2232 summa
1612 2191 1738 2232 cum
1774 2176 2085 2230 reverentia

494 2268 721 2323 tradunt
751 2270 867 2324 suis
918 2270 1238 2325 concivibus
1264 2269 1653 2330 deferendum.
1683 2273 1804 2336 Quo
1835 2280 2083 2340 accepto.

494 2359 795 2431 plurimum
867 2361 1231 2432 gratulantes,
1281 2361 1692 2433 immensasque
1738 2363 1853 2418 Deo
1921 2372 2087 2432 atque

497 2455 747 2522 apostolo
765 2451 967 2509 Christi
989 2454 1193 2525 gratias
1211 2454 1539 2518 referentes.
1561 2455 2087 2525 incomparabilique

498 2543 646 2596 dono
677 2544 1066 2614 tripudiantes,
1117 2545 1496 2604 Beneventum
1544 2549 1765 2603 concito
1797 2549 1969 2619 gradu
2001 2564 2090 2603 re-

494 2633 669 2704 gressi
717 2643 869 2691 sunt.
921 2634 1032 2692 Sed
1077 2645 1378 2707 antequam
1414 2638 1564 2694 urbis
1608 2639 1885 2695 moenibus
1914 2640 2089 2711 appli-

496 2724 764 2789 cuissent,
793 2727 935 2782 idem
971 2729 1227 2800 princeps
1270 2740 1325 2786 et
1353 2730 1672 2803 episcopus.
1718 2733 1811 2802 qui
1848 2741 1979 2787 tunc
2003 2733 2089 2787 ei-

498 2816 624 2871 dem
656 2816 864 2874 civitati
895 2831 1192 2890 praeerant,
1224 2838 1349 2878 cum
1377 2824 1528 2883 omni
1564 2825 1769 2895 popqu
1797 2825 2089 2895 utriusque

500 2923 666 2966 sexus
716 2920 774 2966 et
819 2912 999 2969 astatis
1032 2915 1114 2969 eis
1162 2915 1381 2971 obviam
1427 2917 1703 2982 exierunt,
1753 2927 1919 2987 atque
1965 2935 2088 2973 cum

504 3002 727 3073 hymnis
754 3014 811 3060 et
850 3006 1105 3063 laudibus
1135 3008 1278 3063 sacri
1307 3010 1559 3078 corporis
1583 3008 1874 3064 brachium
1916 3010 2091 3065 hono-

501 3097 747 3154 rabiliter
773 3101 1194 3167 transtulerunt,
1227 3110 1394 3173 atque
1419 3102 1563 3158 intra
1588 3102 1746 3161 urbis
1767 3105 1971 3160 mcenia
2002 3122 2090 3160 rc-

501 3200 761 3246 vcrenter
788 3192 1147 3248 collocarunt.
1182 3213 1201 3247 ι

579 3281 667 3338 76.
709 3283 803 3343 His
823 3285 1043 3341 additur
1067 3287 1417 3356 beneﬁcium,
1451 3289 1596 3360 quod
1628 3291 1912 3360 accepisse
1945 3307 2096 3346 asse-

507 3373 646 3429 ritur
683 3375 1043 3448 Landulphus
1074 3395 1444 3453 cognomento
1491 3382 1739 3446 Graecus,
1785 3384 1881 3454 qui
1915 3383 2090 3439 Bene-

509 3468 655 3523 venti
688 3484 908 3526 carcere
938 3482 1055 3526 erat
1087 3472 1354 3538 reclusus,
1386 3485 1443 3529 et
1468 3466 1726 3531 manibus
1755 3467 2095 3546 pedibusque

508 3558 748 3614 vinctus.
785 3561 919 3615 Dum
951 3566 1098 3616 cnim
1125 3565 1384 3621 audiebat
1408 3554 1627 3627 sonitus
1654 3567 1911 3637 feSIivos,
1939 3569 2099 3624 intel-

509 3648 819 3722 ligebatque
844 3669 940 3709 eos
975 3655 1063 3709 edi
1110 3656 1182 3711 ob
1210 3657 1436 3713 allatum
1473 3661 1650 3719 sancti
1699 3662 1938 3719 Mattbzei
1975 3663 2101 3719 bra-

511 3738 722 3804 chium,
791 3741 969 3798 eidem
1019 3756 1212 3800 sancto
1270 3761 1330 3803 se
1379 3750 1811 3815 commendavit.
1869 3760 1926 3807 et
1973 3768 2098 3807 mox

512 3833 695 3886 omnia
731 3833 944 3891 vincula
977 3851 1076 3892 sua
1121 3838 1342 3912 dirupta
1378 3840 1535 3907 vidit,
1581 3843 1910 3899 mirantibus
1952 3859 2099 3900 cun.

514 3922 640 3983 etis.
687 3924 781 3994 qui
829 3927 1081 3985 aderant.
1138 3948 1158 3981 ε
1196 3930 1445 4000 Cumque
1493 3932 1598 3990 hoc
1635 3934 1870 4004 principi
1910 3935 2106 3992 luisset

515 4015 771 4078 relatum,
801 4017 981 4087 inquit
1004 4030 1222 4085 auctor,
1254 4038 1381 4077 eum
1412 4024 1569 4082 ocius
1592 4026 1661 4081 de
1692 4041 1915 4083 carcere
1944 4027 2103 4084 educi

517 4107 818 4171 mandavit,
869 4119 1033 4181 atque
1075 4121 1206 4169 ante
1250 4130 1413 4170 suum
1448 4127 1807 4187 conspectum
1853 4121 2050 4178 adduci
2088 4138 2104 4177 :

514 4216 679 4270 quem
726 4203 943 4273 placitis
975 4217 1291 4278 correptum
1331 4212 1511 4268 verbis
1538 4229 1641 4269 suo
1672 4214 1967 4270 confestim
2005 4218 2107 4272 ho-

518 4297 638 4349 nori
674 4299 929 4365 restituit,
953 4302 1351 4374 pristinamque
1377 4305 1453 4363 illi
1480 4307 1715 4377 gratiam
1740 4308 2049 4365 redonavit.
2081 4329 2101 4362 ι

518 4385 797 4477 Hactenus
814 4401 1006 4447 auctor
1032 4407 1361 4466 anonymus,
1393 4397 1486 4466 qui
1515 4397 1890 4454 verisimiliter
1919 4398 2109 4455 ﬂoruit

522 4483 725 4545 saeculo
757 4499 811 4547 χ.
867 4500 991 4540 cum
1029 4487 1168 4542 nihil
1224 4488 1402 4544 tradat
1433 4489 1501 4544 de
1547 4489 1636 4552 iis,
1684 4506 1806 4562 quae
1855 4494 2104 4563 sequenti

2174 603 2283 655 rire
2312 599 2551 671 potuerit
2582 598 2637 653 in
2668 595 2934 661 Lucania,
2971 593 3061 649 ubi
3104 593 3419 662 depositum
3468 590 3651 644 fuerat
3699 590 3759 642 in

2171 690 2405 746 ecclesia
2439 704 2610 761 prope
2668 690 2930 750 Paestum,
2965 683 3240 740 civitatem
3270 681 3482 737 bellicis
3516 678 3763 735 motibus

2172 797 2403 852 prorsus
2432 782 2693 843 dirutam,
2742 779 2888 833 clare
2944 775 3339 846 perSpiciemus
3376 788 3457 827 ιρι
3498 772 3581 838 iis,
3642 784 3766 840 qum

2174 873 2424 944 sequenti
2459 871 2659 927 saecqu
2686 869 3034 938 contigerunt
3057 866 3111 919 in
3148 864 3267 937 ipsa
3306 865 3527 919 civitate
3575 862 3767 917 Saler-

2174 966 2386 1028 nitana,
2415 963 2505 1018 ubi
2537 962 2790 1018 similiter
2811 959 2989 1029 primo
3023 956 3126 1012 l'uit
3152 955 3432 1012 oblivione
3457 954 3762 1025 perditum,

2174 1073 2237 1113 ac
2268 1068 2462 1128 postea.
2482 1054 2717 1110 feliciter
2752 1054 3057 1106 inventum.
3089 1048 3363 1104 Baronius
3420 1046 3488 1102 ad
3554 1062 3767 1100 annum

2178 1148 2319 1205 1080
2351 1164 2420 1203 ex
2451 1146 2772 1216 conjectura
2829 1142 3228 1199 vcrisimillima
3282 1140 3439 1205 dicit,
3494 1138 3566 1194 ob
3617 1139 3771 1194 varia

2176 1242 2446 1299 bellorum
2480 1239 2801 1297 discrimina
2827 1235 3164 1292 occultatum
3194 1231 3390 1298 fuisse,
3443 1238 3518 1296 et,
3552 1242 3607 1284 ut
3640 1244 3769 1284 crc-

2177 1336 2339 1400 didit,
2370 1351 2437 1390 ex
2496 1333 2781 1389 hominum
2822 1332 3086 1385 memoria
3152 1326 3260 1397 jam
3305 1325 3609 1388 clllnxerat,
3670 1321 3767 1378 sed

2182 1427 2302 1483 fere
2324 1427 2499 1482 solum
2525 1424 2745 1497 ignotus
2764 1431 2880 1477 erat
2914 1419 3090 1483 locus,
3111 1417 3200 1473 ubi
3228 1416 3408 1471 fuerat
3429 1415 3765 1485 depositum.

2182 1519 2296 1575 Hoc
2318 1527 2503 1572 autem
2559 1530 2665 1571 non
2689 1528 2815 1569 raro
2844 1510 3074 1582 contigit
3103 1509 3171 1564 de
3204 1507 3327 1563 aliis
3370 1520 3588 1577 quoque
3640 1520 3771 1558 san-

2181 1620 2393 1666 ctorum
2425 1607 2772 1678 corporibus,
2804 1618 2925 1674 qua:
2953 1602 3150 1657 timore
3178 1597 3453 1662 nimio,ne
3482 1595 3774 1651 auferren-

2184 1713 2275 1759 tur
2311 1718 2341 1761 a
2373 1715 2673 1772 quoquam,
2708 1697 2956 1769 deposita
2985 1694 3208 1750 fuerant
3263 1693 3385 1747 loco
3423 1691 3615 1763 paucis
3679 1706 3779 1745 cos

2183 1797 2357 1867 gnito,
2392 1804 2448 1850 et
2468 1794 2550 1850 sic
2564 1801 2667 1848 aut
2686 1791 2858 1847 multo
2890 1800 3138 1861 tempore
3161 1787 3438 1842 latuerunt
3469 1782 3777 1839 autetiam-

2186 1904 2316 1943 num
2345 1887 2538 1941 latent.

2257 1980 2346 2034 78.
2374 1978 2597 2033 Certum
2616 1990 2834 2046 quoque
2855 1983 2960 2038 est,
2983 1981 3230 2044 tempore
3257 1968 3315 2026 S.
3345 1965 3777 2041 GregoriiPape

2187 2070 2276 2127 VII
2310 2071 2593 2124 inventum
2635 2067 2808 2123 fuisse
2830 2065 3043 2121 Salerni
3076 2079 3279 2134 corpus
3302 2061 3479 2118 sancti
3511 2059 3778 2125 Matthxi,

2189 2172 2243 2219 ct
2276 2161 2574 2218 secundam
2617 2158 2761 2215 hanc
2819 2173 2941 2214 esse
3005 2155 3380 2212 inventionem
3438 2152 3580 2208 sacri
3630 2151 3781 2207 illius

2193 2256 2438 2312 thesauri
2504 2254 2557 2309 in
2624 2268 2793 2325 regno
2867 2249 3245 2321 Neapolitano,
3319 2248 3450 2301 licet
3506 2244 3781 2300 Marsilius

2190 2364 2313 2417 cap.
2343 2348 2375 2403 9
2409 2345 2707 2402 secundam
2743 2342 3124 2397 inventionem
3164 2354 3290 2395 cum
3324 2338 3500 2408 prima
3541 2335 3782 2391 confan-

2191 2440 2304 2495 dat.
2343 2441 2563 2493 Annum
2598 2435 2940 2491 inventionis
2996 2433 3254 2490 secundae
3309 2429 3506 2486 nullibi
3539 2430 3788 2500 assigna-

2192 2543 2305 2589 tum
2337 2532 2577 2587 invenio.
2613 2530 2686 2585 At
2716 2545 2870 2594 cum,
2911 2526 3251 2598 temporibus
3277 2523 3526 2595 Gregorii
3554 2520 3668 2587 VII,
3698 2520 3784 2575 Al-

2191 2625 2357 2697 phani
2375 2621 2773 2692 archiepiscopi
2793 2617 3145 2682 Salernitaui,
3173 2626 3229 2673 et
3249 2614 3541 2671 Salernum
3559 2623 3785 2670 tenente

2190 2717 2431 2772 Robt-rto
2462 2712 2783 2777 Guiscardo,
2830 2712 2971 2766 facta
2994 2708 3067 2764 sit
3095 2709 3184 2764 illa
3211 2707 3475 2773 inventio,
3504 2716 3563 2761 ut
3582 2707 3790 2776 colligit

2191 2826 2255 2865 ex
2294 2809 2493 2864 litteris
2544 2805 2877 2879 Gregoriiad
2913 2804 3228 2873 Alphanum
3267 2818 3393 2857 mox
3458 2801 3787 2866 recitandis,

2193 2918 2304 2957 nou
2338 2909 2520 2971 potest
2539 2900 2696 2970 longe
2725 2899 2917 2953 abesse
2945 2897 3016 2951 ab
3043 2911 3196 2951 anno
3226 2894 3386 2960 1080,
3406 2911 3516 2965 quo
3550 2894 3794 2949 refertur

2194 3010 2224 3049 a
2253 2993 2514 3047 Baronio.
2550 2991 2684 3046 Nam
2735 3006 2879 3045 anno
2928 2988 3067 3045 1077
3130 2986 3419 3044 Salernum
3467 3003 3499 3042 a
3549 2987 3797 3041 Rohcrto

2195 3087 2500 3145 Gu’scardo
2566 3098 2891 3155 occupatum
2967 3080 3244 3138 existimat
3319 3080 3674 3145 Muratorius,
3740 3080 3795 3135 in

2122 3198 2165 3255 ο
2200 3180 2502 3235 Annalibus
2536 3178 2737 3241 Italica,
2779 3176 2845 3230 ad
2889 3189 3094 3230 annum
3147 3174 3305 3228 1077.
3358 3171 3462 3226 Alii
3518 3171 3588 3225 ad
3656 3170 3801 3227 1075

2199 3284 2295 3328 aut
2340 3272 2482 3329 l076
2515 3271 2666 3326 illius
2715 3269 2955 3325 civitatis
3001 3266 3465 3339 expugnationem
3521 3262 3796 3317 referunt.

2201 3370 2355 3426 Obiit
2383 3381 2567 3423 autem
2624 3365 2882 3421 laudatus
2935 3364 3208 3418 Robertus
3239 3377 3384 3416 anno
3423 3359 3584 3418 lOSa‘i.
3621 3359 3700 3412 uti
3745 3367 3803 3412 ct

2199 3464 2498 3536 Gregorius
2558 3460 2674 3530 Vll,
2738 3461 2850 3517 imo
2902 3470 2959 3516 et
3002 3458 3294 3529 Aiphanus
3342 3455 3805 3525 archiepisconus

2202 3557 2510 3613 secundum
2545 3553 2860 3626 Ughellum.
2890 3553 3145 3608 Iuventio
3175 3551 3343 3624 igitur
3384 3557 3537 3604 certo
3561 3545 3803 3615 contigit

2203 3652 2346 3706 inter
2377 3664 2579 3703 annum
2616 3647 2751 3701 l075
2779 3658 2833 3702 ct
2869 3647 3031 3710 1085,
3065 3645 3322 3715 ideoque.
3358 3651 3418 3697 ut
3471 3641 3796 3701 minimum,

2205 3752 2426 3800 centum
2469 3751 2527 3795 et
2562 3741 2753 3812 viginti
2788 3741 2950 3796 annis
2991 3750 3115 3809 post
3147 3736 3406 3810 primam,
3437 3744 3491 3788 ut
3521 3731 3673 3785 nulla
3712 3747 3804 3785 ra-

2206 3837 2355 3892 tione
2383 3836 2618 3891 cumilla
2642 3833 2909 3890 confundi
2942 3833 3144 3887 valeat.
3178 3830 3347 3884 llecte
3408 3826 3570 3898 igitur
3603 3824 3811 3878 ambas

2207 3933 2559 3989 inventiones
2592 3926 2886 4001 distinguit
2914 3925 3124 3995 Gaspar
3153 3921 3336 3977 Musca
3373 3921 3425 3973 in
3457 3916 3811 3986 Compcudio

2207 4025 2275 4081 de
2309 4025 2432 4082 Vita
2498 4033 2554 4080 et
2602 4018 3062 4079 translationibus
3120 4014 3295 4072 sancti
3343 4010 3585 4067 Matthari
3629 4018 3688 4063 et
3748 4008 3809 4061 in

2208 4116 2649 4187 archiepiscopis
2677 4094 3071 4169 Salernitanis.

2282 4210 2373 4266 79.
2399 4207 2640 4279 Epistola
2667 4204 2728 4260 S.
2755 4201 3003 4274 Gregorii
3053 4197 3169 4265 VII,
3211 4212 3274 4252 ex
3334 4210 3439 4266 qua
3487 4193 3600 4265 jam
3656 4191 3811 4247 dicta

2211 4303 2568 4374 colliguntur,
2603 4297 2751 4369 apud
2779 4293 3075 4352 Baronium
3117 4291 3183 4344 ad
3215 4303 3422 4343 annum
3463 4284 3603 4341 1080
3665 4284 3815 4340 reci-

2215 4405 2363 4452 tatur
2396 4393 2501 4449 boc
2553 4389 2718 4445 modo
2773 4403 2787 4441 :
2834 4404 2855 4437 ‹
2919 4381 3216 4455 Gregorius
3267 4379 3562 4449 cpiscopus
3611 4391 3816 4432 servus

2215 4499 2502 4543 servorum
2535 4482 2629 4536 Dei
2656 4479 2815 4536 fratri
2845 4487 2903 4534 et
2936 4474 3270 4546 coepiscopo
3303 4469 3663 4526 Salernitano
3705 4458 3813 4522 Ᾱι-

523 4575 724 4630 szeculo
756 4577 895 4633 facta
922 4579 1265 4649 videbimus;
1297 4580 1409 4636 imo
1445 4557 1809 4640 vehementer
1838 4557 2108 4656 suspicor,
2140 4557 2186 4615 θ
2217 4583 2399 4654 phano
2422 4578 2652 4635 salutem
2694 4583 2751 4630 et
2784 4570 3144 4641 apostolicam
3205 4562 3680 4621 benedictionem.
3720 4559 3814 4613 Di-

520 4681 632 4722 non
669 4668 836 4724 alium
869 4685 992 4727 esse
1033 4674 1102 4728 ab
1130 4687 1406 4744 anonymo
1447 4673 1819 4740 Salernitano,
1854 4678 1947 4748 qui
1983 4694 2110 4734 ver-

523 4756 610 4812 bis
642 4774 798 4861 num.
830 4759 900 4815 65
930 4762 1073 4817 datis
1097 4767 1185 4832 ,αθ
1219 4763 1371 4820 hisce
1414 4766 1641 4823 uberius
1686 4784 1747 4826 se
1776 4766 2107 4840 scriptuFuin

525 4862 801 4918 promisit.

523 5006 551 5079 ᾖ
584 5009 670 5064 Vl.
700 5010 900 5082 Corpus
926 5014 1118 5067 iterant
1161 5015 1424 5069 inuentum
1453 5014 1692 5078 Salerni,
1728 5030 1777 5073 et
1806 5022 1878 5074 ad
1925 5039 2113 5077 novam

637 5082 913 5138 ecclesiam
940 5085 1283 5141 translatum.
1327 5084 1488 5141 Varia
1516 5086 1702 5142 Sancti
1732 5093 2004 5160 beneﬁcia.

610 5224 704 5279 77.
732 5224 1054 5295 Quanquam
1088 5241 1199 5282 non
1241 5226 1374 5282 satis
1411 5226 1685 5285 novimus.
1713 5243 1823 5296 quo
1874 5237 2118 5298 tempore

533 5324 630 5374 aut
657 5317 815 5387 cujus
835 5334 1001 5386 opera
1029 5333 1229 5389 corpus
1259 5318 1442 5375 sancti
1469 5318 1707 5377 Mattlnei
1739 5322 1791 5374 in
1819 5319 2117 5375 Lucaniam

535 5409 706 5465 fuerit
749 5410 1018 5475 delatum,
1056 5410 1192 5466 illud
1248 5418 1429 5466 tamen
1466 5410 1667 5467 ibidem
1719 5426 1865 5465 anno
1898 5409 2004 5464 954
2037 5410 2120 5462 in-

537 5512 787 5568 ventum,
820 5515 877 5561 et
927 5503 1218 5559 Salernum
1251 5519 1420 5575 opera
1472 5502 1723 5575 Gisulphi
1772 5503 2037 5574 principis
2066 5512 2121 5557 et

535 5597 830 5655 Bernardis
860 5598 1104 5669 episcopi
1124 5596 1455 5652 Salernitani
1478 5596 1798 5651 translatum
1820 5596 2120 5665 scriptores

536 5699 812 5747 testantur
849 5699 957 5746 tam
1009 5690 1242 5761 antiqui,
1272 5689 1533 5744 nimirum
1575 5686 1897 5758 Anonymus
1942 5688 2124 5742 Saler-

538 5784 779 5848 nitanus,
810 5785 904 5856 qui
938 5786 1048 5840 fere
1084 5785 1276 5841 eodem
1330 5784 1531 5840 vixisse
1588 5792 1833 5854 tempore
1884 5782 2118 5845 videtur,

544 5883 596 5927 et
635 5872 741 5930 Leo
772 5874 1060 5945 Ostiensis,
1121 5888 1181 5934 ut
1211 5877 1372 5933 ﬁdem
1402 5876 1469 5932 iis
1503 5892 1705 5949 negare
1758 5891 2115 5949 nequeamus.

2214 4653 2355 4730 vince
2384 4668 2606 4743 pietatis
2636 4662 2912 4736 respectui
2948 4662 3152 4734 gratias
3183 4659 3437 4728 ingentes
3485 4653 3815 4708 referimus.

2213 4765 2374 4834 cuius
2413 4759 2662 4833 dignatio
2694 4758 3016 4812 thesaurum
3058 4764 3319 4821 magnum
3345 4748 3557 4811 totique
3600 4747 3817 4799 mundo

2212 4856 2566 4931 profuturum
2600 4852 2807 4906 nostris
2843 4845 3187 4917 temporibus
3230 4839 3667 4898 misericorditer
3728 4853 3819 4892 re-

2213 4950 2438 5006 velavit.
2490 4944 2608 5002 Non
2636 4941 2914 4999 immerito
2944 4949 3055 4995 tua:
3099 4948 3322 5007 quoque
3351 4931 3637 4988 dilectioni
3678 4947 3814 4999 gra-

2216 5044 2478 5105 tulamur,
2505 5053 2629 5110 quae
2660 5029 3052 5091 tantalzetitize
3079 5028 3300 5085 emlitus
3343 5040 3537 5081 revera
3576 5033 3810 5078 ostensa:

2221 5133 2520 5205 participes
2555 5145 2655 5185 nos
2708 5126 2927 5183 eflicere
2957 5122 3195 5180 sollicite
3245 5118 3593 5192 procuravit.
3619 5116 3802 5172 Credi-

2220 5243 2342 5283 mus
2376 5222 2649 5296 siquidem
2698 5228 2754 5276 et
2784 5219 3169 5273 incunctanter
3197 5212 3521 5276 asserimus,
3572 5210 3641 5266 de
3667 5206 3809 5261 tanti

2220 5317 2470 5390 corporis
2504 5312 2824 5371 inventione
2854 5325 2967 5365 non
2998 5308 3176 5364 solum
3209 5306 3391 5377 ipsum
3421 5304 3649 5360 beatum
3677 5300 3822 5355 Mat-

2225 5415 2427 5468 thazum
2450 5408 2789 5480 apostolum,
2821 5418 3015 5460 verum
3049 5401 3216 5465 etiam
3258 5408 3494 5454 caeteros
3518 5404 3825 5477 coaposto-

2225 5506 2305 5559 los
2329 5519 2453 5559 cum
2482 5500 2701 5557 Sanctis
2735 5497 2994 5552 omnibus
3036 5494 3284 5565 ipsisque
3332 5488 3653 5545 caelestibus
3689 5486 3827 5555 spi—

2228 5598 2449 5659 ritibus,
2475 5603 2528 5650 et
2559 5591 2797 5663 gloriosa
2831 5588 2926 5642 Dei
2946 5587 3227 5642 Genitrice
3263 5582 3453 5646 hiaria,
3484 5579 3833 5637 mortalibus

2229 5688 2599 5759 cuugaudere,
2637 5691 2802 5751 atque
2829 5681 3073 5751 ipsorum
3120 5675 3366 5730 omnium
3424 5672 3608 5728 studia
3670 5670 3832 5725 circa

2229 5782 2530 5836 humanum
2566 5790 2738 5849 genus
2777 5776 2879 5828 hoc
2926 5782 3198 5841 tempore,
3229 5783 3392 5839 quam
3440 5766 3587 5829 aliis,
3642 5763 3835 5818 multo

2231 5872 2587 5946 propensiora
2654 5868 3000 5936 multumque
3090 5876 3211 5919 csse
3306 5858 3691 5915 uberuntiora.
3765 5854 3847 5909 Si.
