4002 6450
270 425 378 490 ’Ῑυτ

1580 421 1752 483 Vl'l‘A
1795 420 1856 482 S.
1891 422 2284 485 MATTHJZI.

3456 420 3573 490 798

268 537 422 597 enim
500 536 713 597 calet-is
784 535 1128 608 temporibus
1224 543 1540 593 sanctorum
1623 548 1728 589 nos
1779 547 1870 603 pa-
1904 539 1948 595 Α
1980 537 2175 590 venire
2202 551 2266 591 ac
2298 534 2492 607 primis
2522 534 2785 606 Vesperis
2809 548 2913 592 nec
2946 549 3065 591 non
3088 532 3273 591 missae.
3331 533 3573 593 solemni

268 631 509 690 succinis
557 630 648 702 pia
701 645 816 687 non
865 630 1165 696 deserunt;
1217 627 1529 687 certissime
1593 634 1730 682 tunc
1767 641 1865 695 p0-

270 724 549 785 tissimum
579 723 855 795 speranda
884 730 1017 779 sunt
1049 738 1245 779 eorum
1299 719 1524 786 auxilia,
1569 734 1697 775 cum
1734 732 1871 773 san-

268 817 525 875 ctissima
555 831 751 872 eorum
775 830 1010 886 corpora
1038 813 1200 871 nobis
1232 814 1390 885 quasi
1419 811 1666 869 rediviva
1682 811 1878 867 divino.

270 919 415 971 nam
454 908 918 967 manifestatur:
946 917 1006 965 et
1040 907 1187 963 sicut
1209 922 1311 978 per
1341 905 1591 978 corporei
1611 913 1873 976 aspectus

270 1001 544 1058 intuitum
592 1008 861 1070 tanquam
914 998 1053 1055 ﬁdes
1119 998 1394 1067 cernitur,
1448 1013 1578 1069 spes
1626 997 1739 1069 jam
1791 1007 1877 1053 te-

270 1104 483 1160 netur;
538 1093 615 1148 ita
659 1106 854 1148 eorum
925 1091 1195 1149 beneficia
1250 1100 1386 1148 tunc
1457 1105 1587 1161 erga
1645 1090 1873 1149 devotos

269 1188 558 1252 renovari,
602 1186 944 1258 uberiusque
998 1186 1312 1243 redundare
1377 1183 1716 1241 credendum
1762 1194 1875 1241 cat.

271 1279 433 1336 Unde
490 1277 660 1335 etiam
720 1289 914 1335 saneta
970 1278 1302 1336 universalis
1352 1277 1618 1342 Ecclesia,
1659 1277 1867 1335 dudum

279 1369 493 1441 magnis
518 1368 833 1427 turbinibus
863 1369 1139 1440 variisque
1165 1369 1426 1438 procellis
1455 1368 1716 1439 impulsa.
1751 1367 1869 1424 cla-

280 1478 490 1519 morem
514 1477 676 1519 suum
704 1479 738 1518 a
769 1461 1005 1519 Domino
1027 1463 1346 1519 exauditum
1370 1478 1481 1517 non
1511 1460 1748 1527 dubitet,
1768 1444 1868 1519 sed

273 1558 343 1611 ad
373 1555 549 1627 quieti
579 1555 784 1611 littoris
816 1555 1173 1611 securitatem
1203 1556 1418 1612 alacres
1473 1555 1668 1612 oculos
1728 1570 1761 1611 e
1788 1554 1870 1611 vi-

272 1650 402 1704 cino
436 1649 753 1712 intendens,
782 1649 926 1704 beati
959 1648 1198 1704 Matthaei
1263 1649 1497 1720 apostoli
1548 1648 1868 1720 praesidium

266 1741 427 1814 juxta
464 1743 909 1813 contempletur:
937 1741 1200 1813 quoniam
1232 1742 1345 1812 jam
1383 1757 1533 1798 nunc
1559 1756 1672 1797 non
1704 1741 1871 1799 dubie

269 1834 387 1906 agit
424 1835 481 1889 in
511 1842 695 1907 portu,
724 1836 810 1890 cui
844 1849 999 1890 suam
1027 1835 1378 1906 praesentiam
1405 1835 1645 1893 ostendit
1666 1836 1869 1908 guber-

1978 627 2387 701 pnntilicalibus
2444 628 2622 685 induti
2676 630 2966 694 interesse,
3053 637 3202 684 certa
3286 627 3569 699 proposita

1977 736 2139 793 pinna
2171 731 2454 778 tenentur.
2492 720 2652 787 Quod
2686 732 2742 777 et
2762 722 2886 778 sine
2913 721 3346 791 ,intermissione
3373 721 3570 778 hacte-

1980 828 2088 869 nus
2115 813 2537 883 diligentissime
2571 822 2850 869 servatum
2882 823 2994 878 est,
3027 821 3084 870 et
3111 813 3336 869 assidue
3378 827 3570 869 serva.

1977 916 2087 965 tur.
2135 928 2155 962 ι
2186 907 2313 965 Post
2337 907 2454 963 haec
2489 907 2745 963 laudatus
2773 917 2969 964 auctor
2999 908 3179 976 vergit
3232 907 3300 963 ad
3350 906 3568 963 descri-

1977 1000 2223 1071 ptionem
2247 998 2488 1071 regionis
2526 998 2960 1063 Picentinorum,
2990 1007 3046 1054 et
3072 997 3227 1053 urbis
3262 996 3577 1053 Salernita-r

1976 1105 2084 1157 nat,
2122 1106 2243 1161 quae
2264 1089 2391 1161 ejus,
2412 1097 2495 1144 est
2529 1088 2853 1159 metropolis
2885 1089 2953 1144 ad
3011 1103 3164 1144 mare
3214 1086 3565 1159 Tyrrhenum

1974 1190 2032 1236 et
2064 1181 2248 1237 sinunt
2293 1179 2708 1234 Salernitanum
2758 1178 2883 1234 sita.
2937 1178 3076 1234 Tum
3141 1176 3404 1248 templum
3448 1176 3566 1248 jam

1973 1273 2208 1337 dictum,
2238 1270 2390 1343 quod
2436 1269 2923 1341 metropolitanum
2964 1277 3072 1336 est,
3124 1268 3236 1324 late
3280 1267 3564 1337 describit,

1973 1366 2221 1435 illudque
2246 1365 2468 1420 aitesse
2514 1361 2873 1433 longitudinis
2922 1376 3183 1434 passuum
3243 1360 3571 1441 nonaginta,

1972 1457 2282 1515 latitudinis
2337 1470 2470 1513 vero
2527 1453 2776 1527 triginta,
2813 1463 2870 1511 et
2912 1453 3076 1526 justas
3135 1452 3330 1510 itidem
3381 1452 3575 1507 abitu--

1973 1554 2142 1611 diuis.

2044 1646 2137 1704 8i.
2169 1646 2427 1720 Cryptam
2458 1646 2649 1718 templi
2688 1645 3136 1709 subterraneam,
3164 1642 3224 1699 in
3258 1655 3363 1711 qua
3391 1638 3576 1710 depo-.

1973 1741 2140 1798 situm
2171 1752 2256 1798 est
2281 1756 2486 1811 corpus
2537 1739 2715 1797 sancti
2755 1738 3017 1804 Mattlttei,
3073 1735 3328 1792 similiter
3357 1732 3577 1789 descria

1973 1835 2076 1900 bit,
2107 1834 2252 1890 etde
2275 1847 2509 1904 corpore
2528 1831 2603 1887 ibi
2631 1830 2950 1889 servatoita
3006 1828 3273 1898 loquitur,
3306 1840 3430 1896 pag.
3470 1822 3561 1879 80:

273 1938 439 1984 nator
465 1926 751 1997 antiquus.
780 1924 1131 1997 Quapropter
1157 1927 1226 1983 de
1256 1927 1393 1983 tanti
1428 1927 1678 1984 thesauri
1708 1943 1863 1985 reve-
1900 1922 1940 1978 B
1978 1947 1997 1982 ι
2035 1926 2142 1983 Sed
2184 1916 2334 1997 quod
2382 1935 2468 1982 est
2499 1925 2556 1980 in
2585 1924 2702 1994 ipsa
2735 1929 2925 1993 crypta
2966 1916 3357 1979 venerabilius,
3393 1922 3451 1971 et
3495 1928 3563 1968 ex

272 2019 485 2076 latione
517 2030 613 2076 tua
653 2019 970 2077 fraternitas
1009 2018 1247 2077 exsultet
1274 2024 1328 2076 in
1363 2020 1615 2087 Domino,
1650 2032 1708 2077 et
1739 2023 1869 2078 bea-

274 2111 528 2169 tissimas
591 2110 857 2183 reliquias
895 2112 1097 2169 debitas
1147 2113 1523 2191 venerationis
1580 2114 1867 2185 obsequiis

274 2204 464 2277 dignis
521 2205 884 2276 amplectens,
927 2205 1231 2277 gloriosum
1292 2204 1490 2261 ducem
1541 2205 1866 2276 Robertum,

275 2299 569 2370 ipsiusque
587 2294 986 2354 nobilissimam
1039 2299 1327 2369 coniugem
1378 2298 1628 2356 hortetur
1663 2310 1868 2358 etmo-

276 2398 429 2453 neat,
469 2399 749 2459 quatenus
817 2399 925 2444 tam
983 2389 1188 2463 insigni
1237 2399 1492 2461 patrono,
1540 2393 1631 2463 qui
1689 2409 1747 2450 se
1789 2395 1870 2452 eis

274 2483 661 2540 demonstrare
685 2482 940 2553 dignatus
966 2491 1073 2550 est,
1104 2484 1469 2540 reverentiam
1513 2494 1570 2541 et
1602 2486 1867 2544 honorem

276 2573 913 2641 dcccnterexhibentes,
972 2576 1147 2646 ipsius
1211 2579 1445 2648 gratiam
1500 2588 1559 2633 et
1606 2580 1867 2635 auxilium

277 2669 386 2725 sibi
419 2667 651 2741 suisque
681 2669 986 2741 promereri
1036 2669 1252 2725 nisibus
1299 2685 1530 2726 summa:
1561 2672 1870 2728 devotionis

276 2761 643 2818 contendant.
708 2762 829 2818 Dat.
857 2762 1046 2819 Romae
1100 2778 1199 2818 xm
1234 2761 1357 2821 Kal.
1395 2760 1591 2820 Octob.
1628 2783 1647 2816 ι
1673 2764 1873 2820 ﬂante-

275 2870 384 2910 nus
416 2852 737 2926 Gregorius,
796 2854 955 2925 cujus
1009 2853 1253 2924 Epistula
1312 2857 1506 2925 procul
1552 2855 1719 2911 dubio
1747 2857 1870 2912 data

274 2954 382 3006 est.
423 2953 716 3014 postquam
766 2958 960 3016 pacem
1018 2944 1219 3001 inierat
1273 2960 1398 3002 cum
1452 2946 1695 3005 Roberto
1740 2949 1874 3006 Gui-

273 3036 499 3103 scardo,
532 3037 677 3108 quod
713 3038 913 3094 factum
940 3047 1023 3094 est
1047 3054 1195 3094 anno
1249 3037 1409 3106 i078,
1440 3049 1500 3096 ut
1532 3043 1750 3099 ostendi
1803 3045 1870 3099 atl

278 3130 347 3186 16
379 3129 728 3201 Septembris
760 3131 827 3185 in’
851 3132 913 3186 B.
952 3129 1181 3188 Victore
1237 3131 1330 3197 lll,
1356 3132 1383 3206 §
1409 3132 1471 3201 8;
1499 3148 1627 3190 cum
1690 3133 1871 3192 hono-

274 3220 492 3277 riﬁcam
559 3220 630 3277 de
681 3219 925 3276 Roberto
973 3220 1143 3275 faciat
1208 3223 1573 3277 mentionem.
1630 3219 1871 3278 Rursum

270 3313 484 3386 scripta
507 3321 660 3370 certo
676 3321 762 3369 est
793 3314 1022 3383 epistola
1050 3312 1323 3387 Gregorii,
1373 3324 1669 3386 antequam
1695 3316 1871 3371 Roma

273 3424 433 3465 anno
468 3405 611 3464 1084
654 3407 985 3472 discederet,
1016 3409 1472 3465 etverisimiliter
1511 3418 1640 3465 ante
1678 3408 1874 3465 condi-

276 3513 392 3558 tam
424 3516 456 3556 a
482 3499 734 3557 Roberto
777 3501 957 3556 sancti
1019 3500 1258 3557 Matthasi
1294 3501 1608 3567 ecclesiam,
1650 3501 1719 3558 de
1764 3518 1871 3572 qua

276 3609 405 3651 mox
447 3609 628 3668 agam,
663 3601 726 3650 ut
765 3608 996 3650 necesse
1022 3594 1116 3660 sit,
1154 3603 1262 3649 tam
1288 3593 1871 3665 inv‘entionem,quam

272 3686 639 3759 scriptionem
680 3686 933 3758 Epistolas
959 3684 1210 3758 Gregorii
1259 3685 1428 3757 ﬁgere
1455 3686 1603 3742 circa
1662 3701 1869 3740 annum

273 3780 608 3837 1080:hoc
642 3780 790 3836 enim
849 3779 971 3850 ipso
1034 3794 1180 3835 anno
1232 3779 1546 3851 contigerit,
1604 3790 1700 3838 aut
1762 3797 1872 3837 uno

270 3872 525 3929 alterove
547 3887 694 3928 anno
727 3871 892 3927 citius
930 3879 1024 3925 aut
1046 3871 1248 3927 serius.

351 3964 447 4021 80.
481 3963 561 4019 De
592 3972 914 4020 constructo
945 3963 1121 4018 sancti
1179 3961 1420 4018 Mattha-i
1483 3966 1686 4036 templo
1749 3978 1872 4036 post

271 4064 656 4130 expugnatum
676 4055 967 4112 Salernum
985 4055 1040 4111 in
1063 4055 1320 4113 Chronico
1338 4055 1622 4113 Catinensi
1669 4058 1763 4113 lib.
1787 4077 1819 4113 tl
1833 4077 1869 4124 l,

276 4165 409 4221 cap.
447 4148 539 4213 45,
568 4150 836 4222 leguntur
858 4150 1145 4221 sequentia
1176 4166 1192 4205 :
1227 4169 1247 4202 ι
1288 4149 1525 4206 Civitate
1541 4160 1725 4205 autem
1773 4167 1840 4220 po

276 4243 402 4309 tita,
446 4243 720 4299 Robertus
760 4242 1053 4300 ecclesiam
1086 4242 1261 4299 sancti
1326 4242 1562 4312 apostoli
1600 4253 1657 4297 et
1701 4257 1869 4297 eran-

274 4333 490 4407 gelistte
511 4332 750 4390 Matthati
790 4332 924 4389 inibi
951 4333 1407 4403 eonstruijussit,
1445 4333 1503 4388 in
1556 4350 1662 4404 qua
1707 4334 1870 4389 etiam

275 4443 504 4484 sacrum
556 4426 809 4500 ejusdem
847 4422 1083 4498 apestoli
1127 4441 1329 4498 corpus
1377 4441 1587 4481 summa
1619 4441 1744 4481 cum
1775 4442 1870 4482 ve-

275 4519 568 4576 neratione
594 4519 821 4585 locavit,
854 4534 918 4576 os
939 4520 1215 4592 integrum
1252 4520 1466 4577 brachii
1497 4521 1642 4590 ejus,
1670 4535 1871 4593 argen-

1968 2019 2105 2075 orbe
2135 2025 2249 2073 toto
2278 2015 2626 2072 Christianos
2654 2014 2911 2069 homines
2934 2010 3104 2068 allicit
3134 2025 3152 2075 ;
3180 2007 3419 2080 quiescit
3456 2005 3571 2060 ibi-

1972 2110 2099 2166 dum
2133 2108 2549 2166 sanctissimum
2571 2114 2628 2163 et
2662 2104 3122 2180 gloriosissimum
3151 2101 3395 2159 Matthtei
3423 2114 3562 2169 apo-

1969 2205 2094 2260 stoli
2130 2215 2187 2259 et
2215 2202 2568 2274 evangelista:
2607 2215 2812 2272 corpus
2850 2196 3263 2269 religiosissime
3325 2193 3565 2250 colloca-

1973 2306 2086 2353 tum
2123 2316 2139 2353 :
2175 2295 2449 2368 siquidem
2504 2294 2834 2366 quadratum
2891 2299 2977 2348 est
3029 2290 3086 2346 in
3143 2288 3324 2347 media
3376 2293 3571 2358 crypta

1956 2391 2230 2461 spatium,
2258 2390 2409 2461 quod
2447 2388 2649 2460 lapidei
2711 2386 3109 2456 cancellatique
3139 2383 3380 2457 parietes
3408 2380 3563 2437 bicu-

1956 2483 2173 2539 -bit.iles
2208 2483 2461 2539 ambiunt
2482 2483 2550 2537 ad
2588 2480 2749 2537 ulnas
2778 2496 2845 2536 ex
2864 2479 3015 2535 omni
3040 2479 3214 2533 latere
3247 2473 3573 2539 duodecim,

1971 2591 2085 2646 quo
2110 2576 2281 2631 veluti
2312 2585 2472 2646 septo
2510 2574 2685 2631 altare
2707 2573 2949 2647 cingitur
2975 2570 3440 2630 vetustissimum,
3458 2565 3571 2622 sub.

1970 2683 2082 2739 quo
2106 2668 2416 2725 thesaurus
2447 2667 2541 2723 ille
2576 2652 2857 2738 repositus
2881 2674 2989 2730 est,
3018 2665 3094 2720 ita
3146 2672 3206 2719 ut
3237 2663 3393 2718 locus
3441 2661 3566 2731 ipse

1970 2775 2072 2832 per
2097 2759 2310 2817 ferreos
2340 2758 2620 2817 cancellos
2648 2757 2941 2815 commode
2960 2756 3134 2813 videri
3171 2754 3364 2826 possit.
3387 2752 3569 2811 Tanta

1972 2853 2077 2909 iuit
2106 2863 2289 2909 autem
2313 2853 2447 2907 olim
2476 2860 2534 2907 et
2557 2860 2646 2908 est
2680 2850 2845 2907 hodie
2870 2865 3090 2921 quoque
3134 2847 3425 2904 celebritas
3452 2845 3565 2900 loci

1973 2945 2158 3018 hujus,
2187 2953 2386 3000 utnon
2443 2941 2776 2999 Salernitani
2814 2941 3001 3006 modo,
3032 2939 3130 2996 sed
3154 2938 3402 2993 omnium
3455 2936 3566 2992 cir-

1973 3053 2328 3109 cumquaque
2358 3036 2767 3109 provinciarum
2817 3034 3011 3091 incolae
3063 3032 3287 3089 assidue
3325 3047 3567 3088 concur-

1976 3143 2100 3186 rant
2128 3147 2146 3198 ;
2175 3135 2289 3185 imo
2349 3144 2484 3185 vero
2508 3138 2566 3184 et
2597 3127 2989 3185 remotissima:
3017 3139 3241 3196 quoque
3273 3132 3466 3196 gentes
3498 3138 3569 3181 ex

1975 3221 2197 3295 Europa
2226 3231 2340 3280 tota
2374 3222 2696 3295 frequenter
2722 3220 3028 3288 conﬂuant,
3064 3227 3122 3275 et
3146 3227 3258 3274 tam
3286 3217 3569 3292 ingentem

1977 3314 2180 3372 visuras
2227 3314 2645 3381 beatitudinem,
2694 3323 2750 3370 et
2788 3330 2819 3371 a
2853 3314 2963 3370 Deo
2992 3312 3226 3370 Domino
3286 3328 3353 3369 ex
3405 3311 3574 3381 huius

1977 3408 2206 3479 apostoli
2240 3407 2453 3465 meritis
2503 3408 2758 3479 petitura:
2804 3407 3051 3473 divitias,
3100 3402 3401 3472 honorem,
3435 3406 3569 3461 vita:

1978 3502 2431 3567 diuturnitatem,
2481 3512 2722 3573 optatam
2753 3502 2995 3572 denique
3031 3500 3349 3556 felicitatem
3372 3500 3431 3556 in
3464 3499 3573 3555 hoc

1977 3592 2203 3657 sacculo,
2231 3601 2287 3648 et
2311 3592 2610 3663 (praecipue
2633 3593 2882 3663 quidem,
2929 3592 2977 3649 si
3041 3595 3287 3664 sapiunt,
3334 3590 3568 3662 gratiam

1976 3683 2091 3742 Deo
2115 3684 2257 3741 bene
2285 3686 2584 3753 serviendi,
2610 3685 3032 3757 obtinendiqne)
3059 3683 3287 3758 gloriam
3308 3685 3364 3740 in
3382 3685 3575 3740 futuro.

1977 3785 2323 3848 perpetuam.
2358 3780 2680 3849 Augetcum
2702 3777 3066 3834 admiratione
3090 3778 3351 3848 pietatem
3382 3776 3571 3847 liquor

1975 3872 2255 3940 pretiosus
2295 3878 2350 3925 et
2373 3881 2600 3927 sanctus
2639 3870 2865 3943 (manna
2918 3872 3083 3942 vulgo
3115 3870 3336 3941 dicitur)
3384 3872 3474 3940 qui
3502 3887 3570 3925 ex

1976 3964 2294 4018 beatissimo
2336 3980 2565 4035 corpore
2598 3973 2806 4033 manat,
2845 3965 2914 4021 ad
2938 3966 3078 4020 mala
3140 3965 3325 4021 omnia
3352 3966 3569 4036 prept-l-

1977 4053 2134 4108 lenda
2206 4055 2492 4112 antidotus
2577 4056 3032 4126 praesentissima,
3100 4056 3567 4127 quemadmodum

1976 4143 2233 4215 frequens
2261 4147 2450 4201 docuit
2508 4149 2848 4217 experientia
2909 4149 3147 4219 plurium
3217 4148 3575 4206 saeculorum.

1978 4235 2106 4293 llaec
2138 4239 2206 4292 de
2235 4253 2390 4294 sacra
2416 4240 2665 4311 corporis
2697 4241 2995 4297 novissima
3019 4241 3381 4297 translatione
3415 4242 3568 4298 Sllm-

1979 4335 2152 4397 ciant,
2200 4349 2218 4383 ›
2281 4332 2464 4402 inquit
2518 4343 2735 4400 auctor,
2793 4335 2887 4405 qui
2950 4335 3146 4391 transit
3188 4335 3254 4389 ad
3304 4335 3572 4389 miracula

1975 4425 2228 4494 quaedam
2286 4427 2637 4497 exponenda.
2687 4429 2757 4482 At
2829 4428 3119 4485 nonnullla
3186 4443 3253 4484 ex
3302 4429 3408 4485 illis
3453 4429 3564 4499 jam

1976 4519 2227 4588 exposui,
2251 4518 2355 4572 alia
2379 4518 2625 4588 quietiam
2662 4520 2730 4574 ad
2759 4520 2899 4576 alios
2930 4521 3114 4591 potius
3132 4531 3377 4586 sanctos,
3403 4537 3565 4591 quam

273 4624 368 4670 tea
402 4613 564 4670 theca
597 4613 949 4670 reconditum
980 4614 1049 4671 ad
1074 4628 1230 4669 suam
1254 4612 1604 4685 ﬁliorumque
1638 4616 1865 4671 tutelam
1902 4622 1947 4680 ι)
1974 4610 2043 4664 ad
2078 4619 2331 4663 sanctum
2370 4608 2684 4664 Matthteum
2738 4623 2988 4683 spectare
3018 4614 3295 4669 videntur.
3319 4614 3569 4683 Quapro-

275 4718 598 4762 reservans.
633 4722 655 4756 ι
691 4703 768 4760 De
786 4704 953 4775 hujus
985 4704 1234 4762 ecclesia:
1285 4706 1717 4763 constructione‘
1748 4709 1872 4763 illu-

276 4796 595 4853 strissimus
631 4796 928 4863 Marsilius,
954 4812 1080 4869 cap.
1114 4797 1169 4866 9,
1197 4814 1327 4871 pag.
1372 4799 1467 4867 7i,
1505 4799 1609 4855 ista
1641 4800 1871 4856 scribit:

280 4907 301 4941 ι
345 4888 638 4962 Regnante
670 4890 837 4962 igitur
867 4889 1115 4948 Roberto
1160 4891 1489 4961 Guiscardo,
1547 4909 1612 4949 ac
1643 4896 1875 4951 sedente

274 4982 552 5054 Gregorio
581 4983 689 5049 Vll,
739 4984 960 5056 triginta
991 4986 1217 5041 circiter
1256 4987 1386 5042 anni
1421 4989 1492 5042 ab
1549 4987 1874 5044 inventione

277 5074 621 5132 transierant
650 5077 785 5147 (imo
811 5088 1038 5134 centum
1066 5086 1122 5134 et
1147 5077 1372 5135 circiter
1401 5080 1594 5151 viginti
1627 5081 1872 5151 quinque

272 5170 348 5225 ab
376 5169 704 5227 inventione
734 5171 849 5237 illa,
896 5171 966 5227 de
1017 5188 1124 5243 qua
1187 5172 1452 5244 loquitur,
1513 5173 1573 5229 in
1626 5176 1875 5245 partibus

273 5261 563 5335 Lucania)
592 5263 1202 5336 magniﬁcentissimum
1243 5265 1510 5336 templum
1542 5267 1671 5324 divo
1738 5284 1873 5339 apo-

274 5357 423 5413 stolo
454 5357 801 5413 construitur
823 5372 946 5414 terte
979 5357 1153 5429 ipsius
1203 5357 1430 5416 Roberti
1495 5360 1782 5431 peculiari,
1819 5361 1874 5416 in

277 5464 393 5520 quo
436 5464 539 5522 per
560 5463 763 5506 novam
780 5451 949 5507 veluti
984 5452 1406 5509 translationem
1430 5468 1605 5511 sacra:
1631 5454 1875 5525 reliquim

275 5542 503 5600 demum
528 5546 785 5616 reposita
814 5557 966 5615 sunt,
997 5558 1055 5604 et
1113 5548 1278 5604 hodie
1312 5565 1533 5621 quoque
1580 5550 1877 5622 religiosis-

275 5635 420 5689 sime
487 5646 867 5704 asservantur,
938 5647 995 5694 et
1043 5639 1275 5711 singulis
1337 5640 1646 5711 quibusque
1716 5642 1874 5695 annis

274 5724 459 5797 pridie
490 5723 678 5783 Nonas
701 5726 824 5784 Maii
861 5728 1063 5785 festum
1100 5731 1276 5802 ipsius
1300 5731 1501 5788 divina:
1557 5735 1872 5788 translatio-

276 5817 367 5874 nis
395 5817 723 5878 solemniter
771 5822 1114 5890 celebratur,
1174 5840 1284 5895 quo
1345 5827 1527 5881 clerus
1565 5827 1872 5891 universus,

278 5908 537 5998 abbates,
571 5919 630 5969 et
654 5913 1155 5987 comprovinciales
1220 5916 1466 5990 cpisc0pi
1517 5934 1709 5975 omnes
1741 5935 1873 5976 con-

1978 4713 2103 4773 ptcr
2150 4717 2211 4756 ea
2251 4710 2464 4756 tantum
2526 4703 2631 4757 huc
2674 4704 2905 4760 traduce
2975 4706 3235 4774 breviter,
3297 4720 3572 4778 quatenus

1979 4794 2156 4851 sancti
2191 4793 2432 4850 Matthxi
2455 4796 2763 4866 patrocinio
2799 4798 3105 4867 prudenter
3146 4801 3387 4858 adscribi
3444 4819 3573 4874 pos-

1979 4898 2135 4944 sunt.

2049 4985 2139 5040 82.
2165 4984 2321 5041 Mitto
2350 4986 2518 5058 igitur
2540 5002 2681 5058 qure,
2754 5001 2878 5057 cap.
2918 4990 3008 5055 Η,
3069 4988 3246 5045 refert
3289 4988 3572 5047 Marsilius

1977 5078 2045 5132 de
2073 5079 2348 5136 translatis
2372 5080 2440 5135 ad
2462 5079 2752 5136 ecclesiam
2775 5082 2948 5137 sancti
2978 5080 3216 5139 Matthaei
3238 5086 3571 5156 corporibus

1977 5170 2076 5228 SS.
2111 5170 2421 5240 Fortunati,
2464 5172 2583 5230 Caii
2629 5183 2685 5229 et
2730 5175 2943 5231 Anthea
2994 5184 3293 5248 martyrum
3344 5196 3571 5250 :ttequc

1977 5266 2124 5321 enim
2157 5276 2414 5338 spectant
2445 5268 2513 5324 ad
2544 5278 2797 5326 sanctum
2855 5269 3198 5340 Mattltteum,
3230 5282 3287 5329 et
3311 5273 3380 5330 de
3408 5274 3574 5328 dictis

1979 5359 2314 5431 martyribus
2370 5363 2516 5432 apud
2569 5378 2672 5418 nos
2723 5377 2905 5419 actum
2955 5372 3042 5419 est
3091 5364 3159 5420 ad
3207 5364 3280 5422 28
3314 5367 3568 5438 Augusti,

1978 5450 2072 5506 ubi
2127 5453 2414 5510 translatio
2469 5455 2576 5510 ulla
2606 5455 2918 5512 accuratius
2951 5465 3035 5513 est
3077 5457 3346 5529 exposita.
3414 5458 3571 5525 Quod

1981 5545 2268 5619 subiungit
2298 5547 2377 5602 de
2424 5548 2514 5620 pia
2566 5564 2700 5615 anu,
2737 5551 2825 5606 cui
2877 5566 3076 5608 nomen
3130 5562 3251 5608 erat
3295 5551 3569 5620 Polistna,

1982 5639 2176 5709 nequit
2241 5649 2395 5696 certo
2448 5642 2681 5697 attribui
2760 5644 3026 5700 beneficio
3077 5645 3251 5701 sancti
3303 5646 3568 5701 Mattltaei.

1986 5729 2161 5786 Verba
2197 5741 2377 5789 tamen
2416 5734 2677 5806 pleraque
2716 5739 2960 5794 auctoris
2988 5737 3097 5794 huc
3127 5738 3572 5795 transfero.Frc-

1932 5870 1944 5879 .
1982 5825 2284 5894 quentabat
2321 5826 2412 5881 illa
2458 5826 2904 5900 diligentissime,
2951 5840 3012 5887 ut
3076 5831 3328 5905 pluribus
3377 5833 3572 5897 refert,

1982 5916 2267 5976 ecclesiam
2302 5919 2492 5979 Sancti
2544 5922 2817 5992 Mattltzei,
2879 5926 3127 5997 quotidie
3170 5927 3439 5987 accedens
3489 5930 3560 5986 aii
