4002 6432
486 404 593 466 ἨΘ

1708 397 1992 471 MENSIS
2032 410 2507 470 SEPTEMBEll.

3633 403 3736 466 820

499 537 704 579 tacrum
735 525 1002 581 Officium.
1041 547 1059 578 r
1102 528 1326 582 Factum
1388 529 1510 596 fuit,
1569 530 1766 598 inquit,
1813 541 1890 593 ut,
1939 542 2061 580 cum
2095 527 2139 582 Α
2169 525 2385 594 quentis
2425 525 2575 588 anni,
2614 525 2828 580 licetile
2858 533 3084 594 peccato
3116 540 3216 579 suo
3243 524 3474 577 multum
3508 521 3732 577 doleret.

499 614 720 668 tolemui
755 618 988 685 quodam
1037 619 1124 672 die
1184 621 1368 689 templi
1421 621 1684 692 ingressa,
1745 629 1855 674 toto
1903 618 2067 673 corde

497 703 780 772 gloriosum
809 708 1113 776 apostolum
1139 709 1421 775 salutaret,
1452 720 1503 764 et
1538 711 1741 764 IuStrali
1768 725 1890 764 sese
1925 723 2066 777 aqua

496 797 863 864 perfunderet,
925 808 1090 868 gutta:
1148 815 1360 866 eutnes,
1430 815 1786 870 quaecumque
1847 798 2066 867 pallium

493 898 657 955 atque
695 889 950 944 linteolos
988 892 1300 961 tetigerant,
1351 892 1403 944 in
1469 907 1660 945 aurum
1719 889 2068 960 purissimum

499 990 864 1048 venerentur,
896 980 1040 1049 quod
1075 991 1127 1034 et
1155 983 1386 1051 populus
1422 983 1713 1036 universus
1737 997 1926 1051 magna
1945 996 2068 1034 cum

491 1070 854 1126 admiratione
884 1073 1176 1141 perspexit,
1226 1083 1279 1127 ct
1331 1071 1549 1126 familiae
1582 1089 1782 1127 nomen
1813 1087 1878 1126 ex
1927 1072 2071 1127 acci-

493 1160 642 1216 denti
679 1163 868 1227 edidit,
927 1180 1048 1232 quae
1079 1165 1145 1218 dc
1175 1163 1436 1219 Aurolino
1467 1164 1688 1228 dicitur,
1745 1173 1908 1233 prout
1973 1177 2071 1232 per
2115 1159 2117 1161 ’

493 1263 707 1320 patrum
747 1256 1069 1310 traditiones
1097 1257 1162 1310 ad
1196 1257 1334 1310 hanc
1372 1271 1542 1326 usque
1574 1257 1717 1310 diem
1762 1256 1904 1310 fama
1942 1271 2070 1326 per-

496 1345 656 1398 rexit.
701 1364 717 1396 ι
761 1343 958 1399 Verum
996 1363 1102 1401 non
1130 1356 1356 1416 apparet
1412 1348 1547 1401 mihi
1599 1347 1799 1402 factum
1833 1347 1974 1400 istud
2005 1361 2069 1400 ex

497 1437 610 1490 sola
675 1437 968 1490 traditione
1021 1438 1152 1492 satis
1189 1448 1424 1502 certum,
1482 1438 1678 1492 nedum
1715 1447 1862 1493 certo
1919 1437 2073 1490 attri-

499 1529 777 1583 bucnilum
820 1538 1008 1584 sancto
1037 1531 1309 1586 Matthmo.
1341 1531 1732 1600 Eﬁtraditione
1759 1531 1870 1585 sola
1903 1530 2066 1584 etiam

497 1620 729 1675 fortasse
761 1620 1292 1689 scripsitMarsilius,
1325 1622 1472 1690 quod
1524 1621 1799 1691 subjungit
1853 1620 1920 1674 de
1969 1619 2069 1674 Sa-

498 1710 656 1764 lerno
702 1710 964 1764 divinitus
997 1711 1224 1765 defenso
1265 1720 1456 1764 contra
1491 1710 1900 1766 Feralinandum
1929 1709 2069 1764 San-

499 1799 806 1854 severinum
840 1799 1140 1868 principem
1169 1800 1595 1856 Salernitanum.
1639 1801 1860 1856 Factum
1887 1811 2065 1855 tamen

2171 617 2349 672 Pridie
2387 618 2530 671 illius
2567 618 2697 682 diei,
2734 634 2856 670 cum
2891 617 2967 670 ad'
2998 617 3286 669 ecclesiam
3329 621 3595 685 pergeret,
3620 625 3740 664 mo-

2169 718 2379 762 netura
2416 709 2666 763 mendico
2711 708 2882 762 sancti
2927 707 3264 762 Germiniani
3311 704 3552 774 episcopi
3582 701 3739 756 Muti-

2171 800 2357 854 nensis
2381 815 2538 868 opem
2563 800 2875 868 implorare.
2905 798 3136 863 Quando
3167 807 3349 851 autem
3390 793 3652 866 postridie
3681 792 3742 846 in.

2169 893 2400 947 ecclesia
2459 893 2630 947 sancti
2665 890 2908 948 Matthxi
2943 893 3131 947 divino
3178 891 3402 946 servitio
3458 889 3736 952 intererat,

2171 983 2488 1054 proferente
2559 985 2816 1054 episeopo
2861 983 3024 1038 verba
3087 983 3228 1037 illa:
3283 1001 3300 1033 ι
3350 982 3492 1035 Ecce
3535 980 3747 1049 lignum

2169 1075 2370 1138 erucis,
2401 1074 2476 1128 ait
2525 1084 2737 1138 auctor,
2767 1075 3166 1138 Bernardinus,
3201 1075 3294 1143 qui
3329 1085 3542 1126 summa
3574 1070 3744 1126 devo-

2172 1163 2319 1218 tione
2355 1163 2675 1232 prociderat,
2723 1164 2906 1219 divino
2943 1163 3149 1234 Spiritu
3200 1161 3460 1233 agitante,
3491 1159 3746 1216 clamavit

2169 1270 2303 1310 voce
2343 1271 2537 1325 magna
2560 1274 2576 1313 :
2596 1255 2735 1311 Ecce
2773 1256 2978 1328 lignum
3005 1256 3209 1318 erucis,
3241 1263 3554 1324 cmteraque
3580 1253 3743 1308 verba

2169 1347 2382 1416 singula
2437 1348 2696 1415 deinceps
2755 1347 3035 1416 explicuit,
3111 1360 3234 1414 qua:
3298 1359 3394 1414 per
3447 1343 3747 1398 antiStitein

2171 1441 2311 1496 dicta
2345 1451 2491 1506 sunt,
2519 1450 2573 1494 ct
2604 1439 2786 1494 statim
2828 1439 2995 1494 veluti
3028 1448 3280 1492 mortuus
3316 1436 3538 1492 cecidit.
3587 1435 3747 1489 Tune

2172 1547 2325 1597 vero,
2351 1531 2475 1601 quia
2505 1541 2670 1585 notus
2700 1531 2915 1584 civibus
2959 1539 3099 1592 erat,
3137 1537 3192 1583 et
3220 1542 3382 1581 nemo
3439 1526 3742 1595 ignorabat,

2171 1623 2322 1676 illum
2351 1630 2508 1674 antea
2533 1619 2682 1689 loqui
2723 1634 2829 1672 non
2869 1618 3134 1687 potuisse,
3167 1613 3753 1684 acclamavitpOpulus

2173 1708 2521 1763 universus:
2571 1706 2924 1762 Miraculum!
2992 1704 3347 1760 miraculum!
3423 1715 3478 1759 et
3534 1704 3745 1758 tametsi

2173 1815 2272 1870 per
2300 1800 2354 1854 id
2389 1807 2604 1869 tempus
2660 1800 2842 1854 nullus
2871 1801 2944 1853 sit
2997 1798 3050 1851 in
3079 1798 3328 1852 ecclesiis
3358 1811 3748 1866 campanarmu

497 1890 737 1944 breviter
763 1890 1015 1960 subjicio.
1050 1890 1467 1947 Valdemoutius
1495 1891 1865 1961 Lotharingia:
1896 1894 2064 1961 reguli
2103 1876 2140 1928 Β
2175 1908 2328 1954 usus,
2368 1892 2462 1946 sed
2490 1907 2555 1946 ex
2593 1893 2764 1946 veteri
2799 1890 3058 1946 Ecclesiae
3091 1890 3195 1944 ritu
3222 1889 3416 1957 ligneis
3449 1889 3747 1942 indumen-

493 1982 683 2046 frater,
707 1982 904 2050 i-nqn't,
929 1981 1072 2036 facili
1109 1983 1329 2052 negotio
1352 1993 1720 2053 occupaverat
1753 1983 2062 2047 Salernum,

493 2081 554 2127 ut
583 2072 834 2143 pluribus
862 2085 1046 2127 narrat
1078 2072 1426 2138 bluratorius,
1447 2075 1504 2126 in
1538 2073 1836 2127 Annalibus
1867 2073 2062 2135 halitu,

492 2165 558 2217 ad
590 2180 790 2217 annum
827 2165 985 2219 1527.
1021 2165 1408 2219 Ferdinandus
1435 2164 1709 2234 princeps.
1759 2179 1818 2219 re
1856 2165 2070 2220 intelle-

498 2267 608 2317 cta.
647 2257 936 2310 confestim
975 2267 1212 2310 turmatu
1249 2256 1453 2326 colligit
1497 2256 1787 2310 militarem
1841 2263 1906 2310 ad
1933 2257 2069 2312 civi-

497 2357 662 2400 tatem
719 2348 1149 2417 recuperandam
1185 2355 1238 2402 et
1264 2347 1414 2402 cives
1447 2347 1756 2417 puniendos
1786 2365 1802 2406 :
1838 2365 1858 2398 ‹
1920 2347 2068 2402 Tan-

495 2447 608 2490 tum
637 2436 832 2503 abluit,
874 2438 1052 2506 inquit
1099 2447 1310 2502 auctor,
1338 2447 1396 2494 ut
1439 2439 1544 2493 voti
1570 2453 1801 2508 compos
1834 2440 2070 2494 exsiste-

496 2538 600 2596 ret,
654 2537 790 2584 utet
823 2530 1110 2585 confestim
1149 2533 1398 2599 repulsus
1461 2532 1645 2600 fuerit,
1700 2543 1756 2587 et
1807 2532 2071 2602 plurimos

452 2611 465 2620 ’
492 2638 560 2675 ex
593 2623 708 2676 suis
746 2623 1009 2678 militibus
1041 2624 1202 2678 unius
1231 2625 1379 2679 liora:
1417 2625 1594 2696 spatio
1647 2625 2062 2682 desideraverit.

491 2713 600 2767 Nec
626 2731 756 2770 vero
798 2724 905 2768 tam
943 2716 1152 2770 felicem
1183 2715 1488 2786 fortemque
1539 2731 1765 2786 operam
1812 2698 2070 2786 oppidani

493 2807 885 2876 prmstiterunt,
935 2809 1025 2876 qui
1062 2817 1117 2862 et
1174 2808 1488 2877 paucissimi
1547 2810 1785 2864 inermes
1843 2820 2001 2863 erant
2053 2827 2067 2864 :

493 2899 589 2952 sed
648 2907 772 2951 steti
794 2914 851 2951 re
921 2915 1118 2968 magno
1181 2899 1397 2968 quidem
1445 2915 1673 2956 nunteto
1727 2900 1781 2953 in
1834 2900 2071 2954 hostium

491 3001 791 3060 conspectu
821 3007 919 3060 pro
946 2992 1156 3047 civibus
1184 2991 1375 3061 galeati
1432 2994 1810 3062 tboracatique
1873 2994 2072 3048 milites

494 3084 736 3136 ctelcstis
768 3083 1040 3138 exercitus
1072 3086 1174 3138 sub
1213 3093 1450 3154 quatuor
1479 3084 1800 3140 ductoribus
1833 3085 2068 3150 eximiis,

493 3190 632 3242 quos
663 3174 826 3228 fuisse
861 3175 1308 3244 glorississimum
1335 3174 1643 3229 Matth-xum
1678 3186 1732 3230 ct
1759 3185 1870 3232 tres
1919 3186 2063 3230 tute-
2097 3202 2138 3260 ε

494 3266 634 3319 lares
707 3280 927 3320 sanctos
974 3267 1350 3332 {Fortunatam
1389 3276 1441 3320 et
1494 3266 1690 3337 socios)
1752 3267 1893 3322 baud
1937 3283 2068 3322 sane

496 3359 725 3413 dubiqu
792 3359 935 3421 fuit;
985 3376 1108 3414 cum
1163 3360 1426 3428 populare
1478 3359 1641 3413 fuerit
1679 3362 2066 3430 spectaculum,

494 3461 548 3505 et
578 3454 832 3520 princeps
864 3453 976 3520 ipse
1004 3451 1309 3520 singulique
1340 3451 1538 3506 milites
1560 3451 1611 3504 id
1644 3454 1845 3521 ipsum,
1867 3454 2070 3521 pacatis

494 3556 680 3616 postea
739 3547 922 3608 rebus,
989 3546 1431 3613 pru'dicaverint.
1481 3565 1498 3596 ι
1540 3544 1814 3599 Hactenus
1855 3557 2066 3606 auctor.

491 3639 582 3706 qui
615 3638 804 3691 eodem
840 3637 1040 3690 sacculo
1073 3638 1200 3705 scri,
1227 3637 1316 3700 sit,
1353 3637 1517 3692 rebus
1557 3647 1736 3692 tamen
1761 3640 1931 3708 gestis
1963 3655 2068 3698 non

493 3747 521 3785 a
549 3729 688 3794 lfuit,
722 3737 905 3796 ulpoze
929 3727 1158 3780 necdum
1201 3735 1384 3780 natus.

565 3824 656 3876 83.
715 3820 1182 3890 Subjungitaliud
1215 3819 1439 3884 faelunt,
1477 3820 1622 3888 quod
1665 3819 1740 3874 ait
1779 3819 2069 3891 contigisse

494 3917 636 3971 circa
667 3913 804 3968 idem
837 3914 948 3967 fere
976 3923 1208 3980 tempus.
1247 3911 1420 3965 Pauca
1469 3914 1625 3966 nobis
1688 3913 1755 3966 de
1799 3913 1892 3972 illo
1924 3914 2071 3972 δυω-

490 4004 661 4057 cient.
697 4002 804 4054 Fur
856 4002 1155 4070 sacrilegus
1196 4003 1374 4057 locum
1441 4003 1674 4071 sepulcri
1716 4004 1886 4058 sancti
1931 4003 2070 4059 Mat-

497 4096 623 4151 tlz'Iei
677 4095 958 4163 expilavit.
1010 4096 1455 4163 Compt'cltensus
1529 4095 1618 4149 illc
1683 4095 1784 4149 fuit
1851 4097 1955 4150 alia
2001 4098 2070 4152 de

497 4203 683 4251 causa,
718 4202 889 4255 caque
919 4188 1206 4241 occasione
1248 4188 1393 4241 istud
1442 4203 1658 4258 quoque
1682 4188 1890 4242 crimen
1929 4191 2070 4243 ultro

497 4279 804 4332 tonfessns.
860 4299 876 4330 ι
919 4280 983 4333 Ει
1039 4290 1158 4348 post
1210 4281 1328 4334 dics
1380 4279 1608 4349 aliquot,
1677 4280 1871 4348 inquit,
1923 4291 2071 4336 tanto

496 4380 576 4425 es:
608 4370 812 4424 [ωιιοτρ
851 4375 1088 4441 (fictore,
1124 4373 1340 4440 Opinor)
1363 4387 1427 4426 ac
1474 4387 1710 4428 mcerore
1762 4383 2066 4442 correptus,

496 4473 556 4517 ut
580 4471 861 4517 contracta
900 4463 1136 4532 propriae
1168 4465 1349 4518 carnis
1379 4465 1661 4534 corruptio
1707 4465 1759 4517 in
1785 4466 2066 4534 pediculos

2171 1985 2242 2040 tis
2282 1987 2453 2039 soleat
2475 1983 2735 2053 strepitus
2758 1982 2984 2037 excitari
3013 1982 3282 2052 lugubris,
3305 1978 3752 2050 quamdiujacuit

2171 2075 2228 2129 in
2271 2075 2527 2144 sepulcro
2584 2075 2856 2137 Salvator,
2892 2089 2993 2143 pro
3038 2073 3290 2128 miraculi
3341 2081 3526 2127 tamen
3585 2071 3752 2140 hujus

2169 2165 2412 2220 novitate
2437 2181 2630 2220 omnes
2654 2181 2932 2234 campana:
2987 2164 3278 2219 confestim
3324 2163 3552 2234 pulsatae
3591 2172 3751 2226 sunt,

2172 2265 2481 2323 catteraque
2536 2256 2902 2308 instrumenta
2951 2252 3157 2316 omnia,
3214 2265 3337 2321 qua:
3377 2249 3648 2304 habentur
3699 2248 3752 2304 in

2170 2347 2415 2402 ecclesiis
2443 2346 2507 2402 ad
2531 2345 2896 2415 psallendum.

2242 2435 2581 2489 84.1nterim
2633 2433 2699 2488 ad
2737 2449 2796 2488 se
2829 2447 3079 2487 reversus
3133 2428 3505 2486 Beruardiuus
3571 2429 3754 2498 palam

2172 2525 2300 2582 fecit
2345 2526 2622 2589 omnibus,
2683 2524 2826 2594 quod
2899 2526 3165 2579 hactenus
3216 2522 3518 2592 agitaverat
3581 2519 3758 2576 corde

2175 2624 2413 2682 tantum,
2447 2632 2644 2687 nempe
2675 2627 2803 2671 ante
2835 2630 3038 2671 annum
3079 2630 3142 2670 ca
3195 2613 3313 2684 ipsa
3379 2613 3465 2666 die
3520 2610 3755 2679 impium

2173 2725 2231 2764 se
2257 2708 2642 2777 intidclemque
2673 2706 2864 2770 fuisse,
2919 2705 3066 2775 quod
3127 2701 3509 2758 sacratissima:
3569 2701 3760 2756 crucis

2173 2798 2490 2869 particulam
2544 2796 2904 2852 adulteriuam
2935 2804 2988 2849 et
3025 2793 3455 2848 commentitiam
3501 2792 3762 2846 credide-

2173 2892 2548 2960 rit;ideoque
2607 2888 2860 2960 loquendi
2915 2887 3172 2941 facultate
3229 2886 3429 2939 merito
3477 2883 3759 2953 privatmn

2173 2982 2341 3038 fuisse
2377 2997 2392 3036 :
2425 2996 2571 3036 nunc
2626 2995 2758 3036 vero
2783 2979 3112 3049 pmcedcnti
3148 2977 3239 3031 illa
3285 2987 3445 3030 nocte
3473 2989 3669 3028 secum
3705 2976 3762 3027 it:

2173 3073 2402 3129 somniis
2433 3073 2676 3129 locutum
2711 3071 2884 3126 fuisse
2909 3071 3127 3125 beatum
3168 3068 3556 3124 Geminianum
3589 3066 3763 3121 illati-

2175 3181 2422 3228 ucnsem.
2486 3165 2892 3233 monuisseque,
2929 3171 2988 3216 ut
3044 3173 3233 3218 eadem
3273 3161 3384 3229 ipsa
3435 3159 3594 3224 liora,
3634 3175 3765 3228 qua:

2175 3267 2303 3310 tunc
2353 3271 2498 3310 anno
2561 3265 2874 3310 rccurrcute
2921 3253 3141 3322 jamjam
3197 3251 3506 3321 appetebat,
3557 3250 3760 3304 eodem

2177 3351 2296 3402 loco
2325 3364 2484 3401 suum
2546 3348 2860 3416 deploraret
2919 3354 3203 3414 peccatum
3245 3357 3424 3396 coram
3470 3341 3764 3412 gloriosis-

2172 3439 2309 3488 simo
2340 3434 2584 3502 aposmlo
2615 3431 2909 3497 Matthmo;
2955 3442 3009 3486 et
3080 3432 3327 3485 crederet
3364 3445 3546 3484 veram
3607 3431 3758 3483 illam

2171 3529 2352 3582 crucis
2383 3542 2504 3581 esse
2537 3526 2866 3596 portionem,
2905 3525 2960 3578 in
2991 3539 3097 3592 quo
3148 3524 3397 3585 Salvator
3445 3522 3606 3582 Jesus
3655 3539 3760 3594 pro

2175 3620 2406 3673 humana
2469 3626 2628 3687 gente
2665 3619 2920 3687 pependit
2965 3635 2978 3671 :
3016 3619 3207 3675 fecisse
3261 3633 3322 3672 se
3385 3617 3541 3691 paulo
3595 3629 3757 3682 ante,

2171 3706 2432 3778 quidquid
2455 3708 2535 3759 vir
2562 3705 2647 3760 ille
2678 3719 2898 3762 sanctus
2923 3719 3224 3774 monuerat,
3261 3718 3313 3762 et
3347 3707 3754 3764 sanctissimum

2173 3799 2483 3855 Millllltl‘lllll
2517 3814 2800 3864 exorasse,
2843 3810 2902 3854 ut
2945 3800 3064 3853 fidei
3123 3816 3234 3854 sua:
3301 3799 3761 3870 protestationem

2172 3895 2392 3949 Christo
2430 3895 2660 3950 Domino
2691 3895 3010 3964 dignaretur
3047 3893 3267 3958 olIerrc,
3332 3910 3396 3950 ac
3431 3892 3616 3946 statim
3671 3891 3762 3944 lo-

2174 3989 2378 4056 quendi
2449 3990 2555 4042 vim
2623 3988 2880 4041 amissam
2953 4001 3328 4056 recuperasse.
3384 3986 3508 4040 llaec
3568 3985 3762 4039 omnia

2174 4080 2350 4134 fusius
2381 4081 2496 4150 ipse
2533 4080 2957 4150 perquctnultos
2990 4089 3225 4150 gemitus
3262 4077 3435 4147 palam
3468 4078 3758 4146 exposuit;

2176 4174 2490 4243 rogavitque
2522 4172 2833 4242 praesulem,
2882 4181 2939 4224 ut
3002 4171 3328 4224 miraculum
3380 4169 3526 4223 istud
3590 4184 3763 4222 cura-

2174 4277 2256 4320 ret
2312 4267 2362 4317 in
2393 4273 2510 4320 acta
2555 4264 2742 4317 referri
2785 4264 2852 4316 ad
2897 4273 3215 4332 perpetuam
3254 4261 3327 4314 rei
3385 4261 3737 4315 memoriam.

2175 4358 2538 4430 Quamobrem
2598 4354 2830 4426 publicis
2892 4353 3240 4408 docutnentis
3297 4353 3460 4424 jussit
3503 4356 3609 4407 hoc
3667 4353 3756 4406 di-

2177 4449 2408 4520 ligenter
2481 4448 2919 4516 comprehendi:
2975 4448 3122 4516 quod
3187 4456 3299 4501 tum
3381 4445 3558 4514 ipsius
3627 4444 3763 4498 Ber-

494 4554 662 4611 fuerit
692 4555 949 4623 paulatim
976 4571 1260 4618 conversa,
1309 4570 1539 4623 quorum
1601 4565 1752 4612 “mm
1815 4558 2070 4626 opunuja.
2098 4535 2146 4593 D
2179 4541 2390 4596 uardini
2439 4539 2824 4610 jttrejurando,
2891 4547 3002 4592 tum
3042 4539 3436 4592 canonicorum
3481 4539 3762 4604 omnium,

493 4646 586 4702 bat
613 4647 715 4709 vis,
749 4656 808 4698 ut
866 4663 974 4700 non
1013 4646 1175 4702 modo
1220 4645 1435 4701 tunicas
1477 4648 1596 4715 ejus
1634 4663 1825 4701 omnes
1883 4650 2071 4718 imple-

495 4746 596 4801 ret,
633 4737 725 4792 sed
759 4747 928 4791 totum
961 4738 1120 4807 plane
1137 4752 1337 4806 corpus
1359 4739 1555 4806 passim
1577 4739 1848 4795 crederet.
1869 4739 2071 4804 Quam-

493 4835 681 4886 obrem
734 4820 1208 4886 ftedissimis'illis
1265 4831 1545 4885 vermibus
1566 4831 2068 4900 celeriter-putruit,

494 4936 551 4979 et
596 4927 745 4995 justa
777 4925 946 4980 divini
999 4924 1251 4979 Numinis
1314 4925 1392 4978 ira
1445 4923 1923 4993 (quemadmodum
1957 4925 2072 4992 ipse

496 5018 673 5090 palam
699 5018 954 5071 omnibus
1002 5017 1296 5086 fatebatur)
1330 5033 1396 5070 eo
1421 5018 1540 5086 ipso
1581 5017 1778 5074 morbo
1811 5019 2069 5071 miseram

500 5107 745 5162 evomuit
773 5108 1034 5161 animam.
1093 5125 1114 5160 ι
1145 5107 1202 5160 in
1237 5123 1404 5177 pauca
1441 5107 1692 5165 similiter
1722 5111 2068 5173 contraham,

499 5201 647 5269 quod
675 5215 819 5254 anno
852 5200 993 5254 £525
1031 5212 1084 5254 et
1115 5201 1253 5253 l5'26
1281 5198 1573 5269 contigisse
1599 5209 1789 5255 auctor
1821 5199 2068 5254 affirmat.

501 5291 877 5348 Bernardinus
907 5293 1125 5362 quidam
1157 5306 1187 5344 e
1209 5290 1644 5344 Namarellorum
1688 5291 1912 5354 familia,
1945 5291 2072 5344 dum

502 5383 641 5440 feria
668 5394 820 5437 sexta
859 5383 911 5435 in
944 5397 1235 5450 parasceve
1263 5381 1458 5450 prioris
1492 5382 1619 5435 anni
1641 5396 1757 5434 erat
1783 5381 1835 5436 in
1897 5383 2074 5437 eccle-

502 5477 580 5529 sia
607 5475 780 5528 saneti
825 5473 1088 5534 Matthxi,
1148 5471 1430 5525 dubitabat
1478 5471 1543 5524 de
1574 5471 1840 5540 particula
1887 5487 2072 5525 sacro-

502 5575 703 5620 sancta:
730 5563 933 5627 cruris,
971 5561 1317 5617 venerationi
1357 5561 1658 5630 proposita,
1690 5571 1744 5615 et
1773 5562 1935 5631 impia
1963 5564 2075 5617 haec

505 5657 665 5708 verba
694 5657 918 5724 protulit
952 5673 965 5708 :
1007 5675 1024 5706 ‹
1052 5657 1237 5710 Eheu!
1278 5656 1405 5724 quid
1441 5657 1480 5707 si
1510 5654 1709 5707 Christi
1750 5671 1880 5708 crux
1921 5673 2075 5711 mons

508 5745 622 5810 ipse
653 5747 917 5801 Vesuvius
975 5747 1205 5802 fuisset?
1263 5766 1278 5797 ι
1337 5747 1429 5800 llis
1461 5747 1636 5808 dictis,
1680 5746 1859 5799 statim
1883 5747 2075 5801 obmu-

511 5837 633 5904 luit,
663 5848 951 5908 mutasque
994 5843 1193 5896 mansit
1228 5855 1399 5908 usque
1432 5839 1495 5893 ad
1523 5838 1772 5895 emudcm
1800 5839 1937 5895 diem
1986 5857 2074 5895 se-

2173 4635 2264 4704 qui
2296 4645 2592 4703 praescntes
2625 4631 2862 4700 fuerant,
2878 4629 3112 4685 solemni
3147 4629 3367 4684 fuerant
3401 4629 3763 4689 attestatioue

2174 4727 2408 4780 firmata.
2459 4745 2477 4776 ι

2246 4839 2332 4893 85.
2381 4839 2503 4893 l’ost
2530 4837 2646 4893 haec
2673 4835 2848 4909 pergit
2869 4843 3060 4892 auctor
3090 4835 3154 4890 ad
3175 4833 3503 4890 beneficium
3543 4833 3762 4892 defensi

2173 4929 2432 4984 divinitus
2458 4941 2652 4988 contra
2701 4930 2929 4984 classem
2976 4927 3276 4983 Turcarum
3357 4926 3590 4981 Salerni.
3650 4926 3764 4982 lloc

2175 5022 2403 5086 accidit,
2440 5022 2560 5092 ipso
2589 5024 2780 5078 saltem
2817 5024 3061 5089 vivente,
3099 5022 3195 5076 scd
3249 5022 3488 5075 necdum
3543 5020 3758 5074 Salerni

2179 5114 2435 5183 degente.
2490 5115 2808 5168 Secundum
2849 5114 3093 5175 Annales
3141 5111 3426 5166 Muratorii
3487 5127 3577 5167 res
3623 5112 3749 5166 facta

2176 5214 2261 5262 est.
2286 5221 2430 5257 anno
2472 5205 2629 5259 15η.
2665 5205 2968 5260 Audiamus
3011 5203 3332 5265 Marsilium,
3385 5203 3753 5256 resciscis-ta-

2178 5311 2304 5351 men
2383 5297 2654 5367 adjunctis
2711 5297 2918 5366 aliquot
2970 5311 3081 5350 non
3147 5294 3526 5352 necessariis:
3571 5313 3590 5345 α
3643 5293 3763 5358 Qus

2179 5398 2494 5457 tempore...
2531 5387 2761 5448 Carolus
2821 5386 2862 5441 V
2903 5387 3272 5447 Romanorum
3323 5386 3639 5456 imperator,
3710 5393 3772 5437 et

2179 5475 2550 5531 Franciscusl
2601 5477 2876 5530 Gallorum
2942 5492 3035 5529 rex
3095 5475 3162 5529 de
3204 5474 3372 5528 totius
3431 5472 3544 5526 fere
3598 5473 3769 5525 llalizr.

2179 5568 2416 5636 primatu
2443 5567 2868 5625 contendebant,
2890 5564 3198 5634 impetravit
3221 5563 3406 5618 Gallus
3422 5580 3448 5616 a
3461 5561 3767 5630 Solvmano

2181 5659 2481 5712 Turcarum
2516 5658 2763 5727 principe
2783 5659 3011 5712 classem
3037 5657 3267 5710 validam
3299 5665 3352 5709 et
3378 5668 3764 5717 numerosam,

2181 5750 2487 5804 llaradieno
2513 5749 2841 5803 llarliarussa
2883 5748 3160 5818 praefecto,
3199 5757 3255 5801 ut
3283 5746 3583 5801 maritimas
3613 5761 3768 5810 oras,

2186 5859 2303 5912 qiue
2326 5857 2575 5898 czcsarcae
2617 5840 2874 5897 factionis
2909 5848 3084 5908 crant,
3115 5847 3338 5896 vexaret
3363 5847 3526 5908 atque
3554 5836 3770 5914 diripe-
