4002 6428
224 357 322 424 801

1520 363 1560 423 \'
1575 364 1695 423 [TA
1737 363 1795 422 S.
1832 362 1887 422 Μ
1894 362 2220 426 ΑΤἹἩᾹΞῘ.

3393 369 3502 431 802

223 483 330 531 ret.
373 493 393 527 ι
422 471 649 532 Factum
685 474 794 533 hoc
842 488 989 532 anno
1026 475 1182 532 1543.
1225 479 1314 541 At,
1370 491 1495 532 cum
1559 476 1809 548 sequenti
1838 476 1891 539 Α
1918 476 2047 533 Diva
2079 477 2336 551 Divteque
2354 496 2549 538 omnes
2567 484 2957 553 propitiantur.
2985 493 3040 540 et
3069 498 3286 543 sacrum
3322 493 3503 545 missa:

219 582 366 622 anno
389 567 718 625 Franciscus
774 568 796 625 l
856 568 1157 625 terribilem
1196 568 1345 625 illam
1384 570 1635 634 classem,
1687 585 1811 640 quae

221 659 354 715 nihil
374 658 626 714 utilitatis
645 660 924 724 attulerat,
959 660 1170 716 meliori
1199 662 1435 717 consilio
1465 663 1805 728 remitteret;

220 752 555 806 Barbarussa
586 752 642 805 in
669 751 902 809 transitu
956 750 1137 808 varias
1199 751 1454 808 civitates
1504 752 1808 808 maritimas

217 855 272 898 et
300 845 509 898 insulas
533 843 734 914 partim
771 842 980 898 frustra
1022 844 1273 909 tentavit,
1307 852 1365 899 et
1424 843 1621 913 partim
1663 843 1808 914 cepit

218 952 270 993 et
299 939 552 1009 diripuit,
601 947 661 993 ut
687 938 937 1010 pluribus
971 940 1203 1010 exponit
1233 948 1455 996 auctor.
1516 940 1804 994 Salernum

217 1031 475 1087 similiter
504 1031 770 1087 invadere
799 1032 995 1087 voluit.
1042 1050 1064 1083 ι
1103 1023 1272 1087 Plane
1310 1033 1406 1087 ubi
1445 1030 1499 1085 in
1528 1029 1652 1102 ejus
1671 1042 1808 1086 con-

219 1134 467 1194 spectum
498 1124 743 1189 devenit,
819 1124 999 1195 inquit
1036 1123 1335 1190 Marsilius,
1395 1139 1671 1180 armorum
1700 1122 1806 1178 ful-

220 1232 348 1288 gare
368 1226 436 1271 et
483 1227 741 1287 aspectus
773 1215 996 1272 feritate
1027 1217 1311 1280 terribilis,
1346 1217 1557 1272 civibus
1588 1214 1807 1271 cunctis

222 1317 444 1363 catenas
478 1318 545 1363 et
570 1310 889 1380 compedes,
915 1309 1034 1364 urbi
1068 1318 1254 1363 autem
1292 1308 1583 1364 barbaram
1617 1316 1803 1364 vastae

229 1402 425 1454 tionem
461 1399 845 1456 denuntiabat.
881 1386 1151 1467 Quocirca
1179 1400 1247 1455 ad
1286 1408 1493 1455 trucem
1517 1408 1803 1470 tympano-

226 1508 338 1547 rum
367 1492 612 1547 sonitum
655 1501 709 1548 et
737 1493 981 1549 minaces
1009 1493 1268 1548 tibiarum
1311 1491 1594 1556 modulos,
1628 1504 1801 1562 usque

222 1585 359 1641 adeo
390 1585 629 1655 pepulus
682 1586 982 1642 universus
1038 1586 1283 1656 expavit.
1326 1593 1388 1640 ut
1437 1586 1805 1657 demigrantes

220 1677 416 1734 incolae
448 1678 636 1733 animo
666 1686 1043 1744 consternato,
1074 1689 1132 1735 et
1191 1693 1403 1733 summa
1463 1692 1588 1734 cum
1630 1678 1802 1747 trepi-

220 1770 445 1826 datione
471 1769 595 1825 fere
619 1783 817 1826 omnes
848 1770 914 1825 ad
942 1782 1202 1826 montana
1234 1770 1619 1841 confugerent.
1667 1769 1802 1825 Fer-

220 1863 381 1917 vebat
423 1871 538 1917 tum
565 1862 806 1918 maxime
841 1872 1003 1919 aestas
1028 1863 1132 1918 sub
1190 1863 1483 1933 septimum
1536 1862 1806 1917 Kalendas

219 1954 552 2022 Quinctiles,
570 1963 637 2011 et
661 1964 810 2011 tanta
834 1963 954 2012 erat
982 1956 1107 2011 coeli
1166 1957 1449 2025 marisque
1497 1955 1809 2025 tranquilii-

215 2059 322 2118 tas,
363 2061 426 2106 ut
454 2050 735 2105 immobile
765 2050 928 2120 plane
963 2050 1247 2105 videretur
1298 2049 1522 2120 pelagus
1556 2063 1570 2100 :
1607 2046 1809 2104 Barba-

220 2157 382 2197 russa
446 2152 628 2198 autem
672 2142 958 2213 praedensa
1012 2142 1351 2214 navigiorum
1406 2142 1524 2197 acie
1580 2141 1803 2212 jamjam

217 2232 516 2300 accedens,
579 2234 874 2289 tormentis
909 2235 963 2288 in
1001 2232 1189 2288 fronte
1221 2233 1525 2296 collocatis,
1562 2247 1808 2303 pronun-

217 2326 395 2393 tiavit,
435 2335 498 2383 ut
520 2327 724 2383 milites
758 2327 1178 2384 descensionem
1217 2326 1489 2391 facerent,
1518 2336 1573 2382 et
1611 2325 1808 2396 praedm

209 2428 380 2489 atque
420 2420 694 2475 incendiis
718 2419 1105 2475 incumberent
1141 2436 1155 2473 :
1189 2434 1312 2474 cum
1347 2434 1476 2475 ecce
1507 2428 1806 2490 tempestas

213 2513 693 2568 turbulentissima
752 2523 983 2584 repente
1013 2512 1284 2580 exoritur,
1328 2521 1384 2567 et
1413 2511 1580 2566 veluti
1613 2512 1805 2582 prodi-

209 2605 368 2677 gioso
398 2621 462 2661 ac
485 2605 736 2661 horribili
764 2615 923 2661 terra:
954 2613 1105 2673 motu
1131 2620 1281 2660 mare
1314 2605 1632 2660 concutitur
1662 2604 1808 2660 inter

208 2698 557 2768 Amalpbiam
596 2706 762 2768 atque
810 2697 1101 2754 Salernum
1157 2714 1171 2753 :
1237 2698 1498 2753 inusitata
1542 2708 1804 2768 praeterea

210 2790 561 2846 diversorum
622 2801 911 2847 ventorum
990 2790 1370 2859 conjuratione
1431 2804 1604 2860 usque
1669 2788 1807 2844 adeo

211 2892 557 2939 commotum
614 2883 880 2947 intimuit,
962 2891 1021 2938 ut
1088 2882 1374 2938 immensis
1420 2880 1674 2937 ﬂuctibus
1716 2881 1806 2952 ja-

208 2985 355 3032 ctata
409 2977 603 3032 classis
661 2977 715 3031 in
764 2977 920 3031 littus
989 2977 1329 3047 adigeretur.
1366 2988 1654 3047 naveSque
1682 2992 1806 3032 om-

208 3084 313 3125 nes
361 3070 686 3124 nutantibus
738 3069 916 3134 malis,
979 3078 1143 3139 atque
1196 3069 1341 3124 inter
1386 3084 1446 3123 se
1483 3070 1664 3139 proris
1711 3069 1806 3125 ad-

204 3163 390 3219 versis
459 3177 522 3218 ac
593 3162 869 3234 puppibus
928 3171 1345 3226 concurrentes,
1398 3162 1603 3234 ingenti
1663 3162 1875 3241 cala-c

205 3255 404 3310 mitate
464 3253 669 3311 collisae
739 3271 804 3311 ac
850 3255 1142 3325 diffracta},
1221 3258 1473 3313 luctuoso
1520 3257 1807 3328 naufragio

200 3355 617 3415 mergerentur.
656 3367 676 3399 ι

275 3436 372 3492 86.
416 3453 438 3489 ι
476 3437 726 3494 Accessit
779 3453 998 3511 quoque
1055 3439 1319 3498 miraculo
1353 3442 1507 3498 visus
1553 3442 1606 3497 in
1666 3443 1807 3499 caelo

201 3544 382 3587 senex
410 3545 647 3587 summas
674 3533 1025 3603 proceritatis
1045 3574 1060 3601 ,
1080 3534 1306 3606 ipsaque
1341 3536 1566 3606 prolixm
1625 3537 1807 3592 barba:

201 3621 515 3691 spectanda
547 3623 754 3677 canitie
793 3622 1151 3694 conspicuus,
1194 3624 1287 3696 qui
1332 3625 1625 3681 videbatur
1658 3627 1804 3681 illam

198 3712 458 3768 excitare
492 3712 811 3783 procellam,
845 3722 899 3769 et
945 3728 1047 3786 pro
1086 3731 1182 3771 sua
1232 3717 1385 3787 quasi
1443 3718 1663 3775 civitate
1704 3738 1805 3790 pu-

200 3819 383 3876 gnare.
425 3806 601 3862 :visre
633 3816 760 3861 sunt
829 3808 995 3863 etiam
1049 3808 1403 3865 validissima:
1451 3813 1805 3884 promptissi:

201 3915 432 3977 morum
485 3900 720 3956 militum
767 3910 823 3956 et
886 3902 1089 3957 civium
1128 3905 1404 3971 cohortes,
1472 3905 1807 3979 fulgentibus

200 4010 310 4067 per
339 3994 486 4048 muri
513 4009 773 4048 coronam
823 3994 992 4065 galeis
1024 4004 1195 4066 atque
1222 3996 1575 4061 thoracibus,
1612 3999 1804 4055 urbem

201 4094 485 4156 perpetua
519 4087 677 4155 quasi
707 4086 944 4141 statione
973 4085 1292 4141 defendere.
1362 4086 1516 4143 Unde
1568 4099 1804 4157 ροηειειῐ,

206 4180 519 4235 immanem
576 4180 731 4233 illum
789 4179 1082 4235 barbarum
1135 4196 1201 4236 ea
1238 4181 1325 4237 die
1379 4184 1804 4250 contremuisse,

204 4281 261 4328 et
291 4271 651 4343 paucissimis
684 4272 1022 4339 triremibus,
1062 4287 1185 4344 quae
1210 4274 1295 4328 vix
1324 4285 1623 4331 evaserunt
1657 4277 1809 4334 inco-

205 4363 412 4431 lumes,
481 4363 625 4419 ultra
678 4364 1021 4431 Palinurum,
1087 4366 1554 4424 invalescentibus
1602 4371 1803 4440 ventis,

208 4470 433 4527 raptum
460 4456 654 4511 fuisse.
678 4456 892 4514 Caetera
915 4459 1132 4532 navigia
1155 4461 1555 4532 cujuscumque
1590 4465 1806 4535 generis

1910 570 2158 627 solemne
2210 573 2524 631 conﬁcitur.
2578 593 2597 627 ι
2665 575 2943 633 Hactenus
3005 573 3281 635 Marsilius
3342 585 3503 637 annis

1912 662 2139 717 circiter
2208 665 2428 736 triginta
2498 666 2746 738 quinque
2815 678 2940 739 post
3007 685 3120 726 rem
3195 682 3500 740 peractam,

1908 756 2131 824 quando
2177 755 2332 810 multi
2365 757 2557 825 procul
2611 757 2779 815 dubio
2816 761 3078 815 vivebant
3139 759 3502 820 Salernitani.

1909 846 2004 917 qui
2039 845 2244 901 factum
2284 847 2417 904 illud
2451 851 2725 912 viderant.
2752 862 2803 906 et
2835 852 2905 906 de
2939 853 3214 919 adiunctis
3243 856 3502 908 omnibus

1907 939 2458 1008 poterantjudicare.
2500 941 2701 996 Eadem
2733 943 2957 999 brevius
3003 946 3254 1000 referunt
3289 944 3495 1008 Musca,

1908 1027 2265 1098 quiMarsilio
2309 1032 2571 1097 convixit,
2620 1033 2675 1088 in
2716 1035 3153 1106 archiepiscopis
3194 1037 3499 1091 Salernita-

1909 1120 2015 1184 nis,
2050 1137 2175 1192 pag.
2203 1123 2291 1189 56,
2325 1123 2531 1186 Mans,
2555 1126 2608 1179 in
2630 1124 2876 1181 Historia
2898 1126 3268 1191 Salernitana,
3289 1146 3408 1199 cap.
3439 1130 3494 1195 ϐ,

1908 1220 1964 1268 et
1996 1214 2283 1284 Ughellus.
2307 1226 2437 1271 tom.
2473 1216 2561 1271 VII
2588 1218 2642 1272 in
2668 1220 3086 1290 Arrht'ept'scopt's
3116 1219 3494 1284 Salernitnnis,

1909 1305 1965 1359 in
1996 1304 2227 1362 Nicolao
2267 1308 2581 1379 Rodulpho,
2601 1310 2692 1376 qui
2720 1319 2849 1366 tunc
2880 1312 3500 1382 prmeratSalernitanre

1907 1394 2173 1452 ecclesize.
2207 1396 2392 1453 Redeo
2409 1400 2482 1454 ad
2516 1400 2842 1455 Marsilium.

1976 1488 2069 1544 87.
2113 1509 2133 1543 ι
2172 1489 2482 1547 Novissime
2500 1492 2681 1559 placet
2713 1494 2843 1548 illud
2870 1507 2980 1549 non
3016 1495 3271 1559 reticere,
3293 1494 3497 1565 inquit,

1907 1579 2057 1648 quod
2095 1581 2257 1637 nobis
2296 1582 2429 1652 ipsis
2472 1583 2527 1637 in
2559 1583 2662 1640 hac
2710 1585 2945 1639 ecclesia
2998 1586 3319 1641 sedentibus
3372 1596 3500 1641 ante

1910 1668 2199 1725 biennium
2230 1672 2477 1744 contigit.
2519 1673 2769 1729 Tametsi
2809 1676 2959 1729 enim
3018 1675 3087 1730 ab
3112 1690 3180 1731 eo
3238 1676 3348 1739 die,
3390 1688 3504 1748 quo

1912 1759 2064 1815 locus
2107 1762 2195 1816 ille
2228 1761 2331 1816 fuit
2358 1778 2457 1833 per
2512 1766 2863 1836 sacrilegium
2895 1764 3325 1835 contaminatus,
3406 1769 3499 1825 ubi

1908 1854 2333 1924 gloriosissimus
2383 1857 2667 1927 apostolus
2689 1858 2858 1928 jacet,
2904 1859 3126 1914 divinus
3162 1861 3341 1930 liquor
3370 1877 3500 1931 pera

1909 1946 2140 2019 exiguus
2176 1963 2398 2017 semper
2423 1951 2733 2011 emerserit,
2767 1950 2906 2005 adeo
2962 1961 3020 2005 ut
3080 1952 3166 2006 vix
3199 1953 3497 2008 multorum

1910 2037 2125 2093 dierum
2156 2038 2336 2109 spatio
2374 2038 2588 2095 modica
2625 2044 2867 2110 potuerit
2919 2041 3169 2110 ejusdem
3222 2043 3501 2112 quantitas

1911 2126 2157 2194 hauriri;
2200 2128 2625 2185 advenientibus
2674 2141 2856 2186 tamen
2894 2133 3206 2189 illustribus
3266 2151 3333 2189 ex
3366 2134 3499 2190 Sarc

1910 2219 2076 2273 matia
2112 2220 2246 2275 viris
2271 2219 2511 2292 Georgio
2536 2219 2834 2286 Radziroil,
2872 2228 3225 2293 episcopatus
3248 2225 3502 2280 deen-

1913 2308 1990 2364 sis
2021 2309 2366 2379 coadjutore,
2401 2320 2455 2365 et
2482 2312 2712 2367 Alberto
2748 2312 3030 2368 Radziroil
3054 2314 3246 2379 fratre,
3281 2325 3338 2370 et
3359 2316 3501 2370 duca

1907 2397 1963 2452 in
1995 2395 2167 2466 Olica;
2209 2414 2273 2455 ac
2310 2399 2507 2456 devote
2536 2403 2893 2472 petentibus,
2935 2413 2996 2458 ut
3029 2413 3085 2459 et
3133 2406 3241 2461 loci
3270 2407 3499 2462 videndi

1910 2498 1967 2545 et
2002 2507 2217 2547 manna!
2246 2492 2420 2563 ipsius
2463 2494 2515 2549 in
2543 2496 2779 2565 patriam
2812 2497 3123 2553 deferendae
3171 2501 3386 2569 capiam
3420 2499 3502 2556 fa-

1909 2593 2184 2648 ceremus,
2216 2582 2455 2639 libenter
2504 2594 2801 2655 utrumque
2854 2589 3230 2646 concessimus
3290 2609 3305 2647 :
3354 2592 3501 2663 lage-

1911 2687 2151 2742 namque
2186 2677 2388 2745 ipsam,
2425 2692 2548 2746 qua:
2580 2674 2757 2746 pridie
2784 2678 2938 2734 arida
2984 2697 3128 2751 pene
3161 2683 3361 2749 fuerat,
3404 2699 3497 2738 sa-

1911 2779 2007 2820 cro
2039 2765 2273 2821 humore
2306 2767 2444 2823 adeo
2495 2768 2762 2839 repletam
2817 2770 3231 2843 undantemque
3289 2774 3501 2844 reperi-

1908 2873 2054 2926 mus,
2108 2868 2167 2914 ut
2205 2860 2504 2916 liberaliter
2527 2862 2876 2935 principibus
2913 2865 3052 2935 ipsis
3104 2866 3241 2921 viris
3279 2880 3501 2922 eorum-

1908 2970 2018 3024 que
2050 2953 2349 3009 comitibus
2384 2956 2730 3024 potuerimus
2789 2957 2965 3027 ipsam
2998 2958 3355 3014 distribuere.
3383 2961 3500 3016 lmo

1912 3063 2041 3102 vero
2071 3056 2128 3105 et
2161 3047 2298 3102 duas
2360 3047 2629 3117 ampullas
2662 3048 2854 3104 eodem
2924 3049 3136 3120 liquore
3194 3052 3385 3122 plenas
3428 3054 3499 3109 ad

1910 3137 2242 3213 Gregorium
2307 3139 2427 3195 Xlll
2465 3141 2527 3195 P.
2589 3139 2661 3196 Μ.
2732 3141 2938 3198 deferri
2975 3144 3313 3208 curavimus,
3362 3159 3503 3215 quas

1908 3249 1957 3290 et
1999 3236 2343 3307 gratissimas
2393 3236 2676 3293 exstitisse
2738 3251 2838 3307 per
2898 3236 3110 3292 litteras
3163 3239 3498 3309 accepimus.

1910 3328 2103 3386 Tanta:
2129 3330 2295 3401 igitur
2328 3328 2406 3384 rei
2437 3330 2745 3385 novitatem
2770 3330 2926 3385 valde
2965 3330 3219 3385 admirati
3255 3345 3448 3387 sumus
3481 3349 3500 3400 ;

1909 3432 1966 3477 et
2014 3422 2198 3486 veriti,
2253 3435 2325 3477 ne
2376 3420 2736 3477 beatissimus
2788 3423 3072 3492 apostolus
3112 3422 3242 3478 huic
3299 3425 3501 3494 populo

1908 3514 1980 3568 ob
2028 3513 2238 3569 scelera
2299 3514 2474 3568 multa
2533 3524 2880 3581 succenseat,
2935 3515 3152 3586 precari
3195 3531 3497 3582 numquam

1908 3605 2233 3661 desistimus
2308 3605 2487 3668 illum,
2578 3615 2640 3661 ut
2689 3606 2973 3662 civitatein
3019 3609 3181 3661 istam
3241 3611 3498 3678 civesque

1908 3712 2104 3753 omnes
2168 3697 2423 3769 dignetur
2455 3713 2557 3768 pro
2609 3713 2708 3753 sua
2739 3709 3007 3754 consueta
3042 3700 3290 3757 bonitate
3311 3711 3502 3771 prote—

1909 3806 2057 3863 gere.
2107 3808 2127 3842 ι

1979 3882 2069 3938 88.
2104 3899 2125 3933 ι
2180 3879 2424 3938 Tandem
2474 3891 2529 3938 et
2579 3883 2714 3938 illud
2774 3884 2957 3954 placet
3033 3886 3177 3942 inter
3232 3886 3498 3944 miracula

1908 3990 2227 4040 recensere,
2267 3976 2412 4046 quod
2436 3993 2504 4031 ex
2549 3978 2806 4032 universa
2838 3979 3127 4049 provincia
3172 3980 3501 4052 frequentis-

1908 4069 2049 4123 sime
2080 4066 2391 4122 afIcruntur
2419 4067 2674 4124 homines
2707 4070 2997 4141 utriusque
3043 4086 3233 4136 sexus,
3269 4074 3358 4144 qui
3383 4090 3500 4129 nia-

1909 4167 1977 4220 lis
2000 4164 2290 4236 spiritibus
2330 4166 2597 4221 acerrime
2627 4166 2979 4223 'divexantur
3028 4186 3043 4223 :
3083 4178 3140 4225 et
3164 4185 3261 4226 eos
3305 4187 3501 4228 omnes

1909 4266 2039 4314 ante
2078 4257 2260 4329 ipsum
2291 4256 2359 4312 D.
2396 4257 2634 4313 Mattbaei
2667 4260 2843 4315 altare
2875 4261 3210 4317 constitutos
3242 4265 3501 4319 sacerdos

1912 4365 2059 4406 unus
2112 4350 2374 4422 imposita
2407 4369 2571 4408 manu
2613 4353 2827 4412 liberat.
2872 4353 3032 4422 Quod
3070 4370 3225 4423 sane,
3282 4356 3500 4412 tametsi

1909 4449 1978 4503 ab
2005 4449 2128 4519 ipso
2166 4450 2546 4507 translationis
2579 4450 2734 4506 initio
2759 4451 3070 4507 factitatum
3116 4453 3495 4527 assiduefuit,

207 4551 292 4605 vel
314 4550 497 4619 plane
530 4561 785 4619 quassata
816 4550 1020 4607 sensim
1051 4553 1308 4623 absorpta
1357 4565 1512 4615 sunt,
1540 4555 1624 4609 vel
1655 4556 1805 4612 fatali

1914 4544 2038 4612 quia
2074 4551 2260 4600 tamen
2296 4544 2363 4598 ad
2397 4543 2514 4597 haec
2549 4558 2722 4612 usque
2766 4552 3018 4615 tempora
3059 4555 3398 4617 perseverat,
3444 4560 3502 4601 et

210 4644 267 4697 in
301 4644 496 4699 littore
518 4643 877 4710 desederunt,
916 4646 1208 4717 prmdaque
1245 4648 1455 4714 omnia,
1487 4663 1652 4721 quam
1704 4666 1808 4722 per

211 4738 295 4793 fas
355 4747 414 4793 et
486 4737 643 4793 nefas
698 4738 971 4795 barbarus
1032 4741 1420 4811 undecumque
1492 4743 1806 4815 collegerat,

210 4833 277 4884 a4
311 4828 725 4884 Salernitanum
750 4829 909 4885 littus
952 4829 1152 4900 ejecta,
1188 4830 1385 4887 incolis
1406 4834 1810 4902 occupantibus

211 4930 298 4972 est
330 4919 587 4989 quaesita.
619 4917 759 4973 Cum
810 4920 977 4990 igitur
1016 4919 1398 4977 imminentem
1440 4921 1652 4977 cladem
1700 4932 1807 4977 tam

215 5014 364 5067 felici
416 5022 645 5076 eventu,
674 5026 784 5066 non
815 5013 1069 5067 humana:
1123 5013 1287 5079 vires,
1324 5014 1418 5067 sed
1482 5015 1623 5068 Deus
1684 5017 1808 5086 Upt.

220 5109 362 5159 Max.
404 5104 741 5168 avertisset,
768 5113 1060 5175 acceptum
1104 5104 1160 5160 id
1187 5105 1523 5161 Salernitani
1562 5108 1813 5161 tulerunt

220 5200 486 5267 precibus
526 5206 582 5250 et
619 5195 832 5250 meritis
886 5195 1126 5251 Μαιηιωὶ
1158 5205 1215 5251 et
1265 5198 1499 5253 Andrea:
1533 5201 1813 5270 apostolo-

221 5307 375 5344 rum:
415 5289 505 5344 hic
536 5288 1002 5359 Atnalpbitanam,
1040 5289 1128 5344 ille
1164 5289 1569 5346 Salernitanan:
1598 5293 1811 5363 plagam

220 5378 570 5438 defenderat.
595 5379 968 5445 Quamobrem
997 5383 1248 5451 sequenti
1308 5382 1398 5437 die
1428 5381 1813 5439 Salernitnnns

222 5475 464 5548 populus
525 5476 641 5530 Deo
683 5475 942 5546 ingentes
985 5474 1189 5545 gratias
1240 5475 1353 5546 egit
1390 5492 1403 5527 :
1439 5483 1494 5529 et
1556 5477 1814 5546 deinceps

224 5567 526 5639 quotannis
552 5581 617 5621 ea
649 5566 763 5637 ipsa
797 5567 886 5620 die
917 5565 1167 5621 miraculi
1197 5565 1463 5620 memoria
1496 5574 1811 5629 renovatur,

226 5662 352 5731 quia
420 5671 478 5716 et
538 5659 823 5730 proprium
879 5659 951 5715 ob
1012 5658 1061 5713 id
1099 5656 1350 5713 Ollicium
1398 5660 1711 5713 celebratur
1758 5658 1812 5711 in

225 5758 397 5811 choro
450 5754 682 5823 majoris
706 5753 978 5817 ecclesias,
1029 5760 1084 5807 et
1114 5768 1213 5822 per
1244 5752 1524 5808 civitatem
1580 5750 1814 5806 Solemni

228 5848 588 5919 processione
619 5848 965 5915 discurritur,
1010 5847 1065 5901 in
1121 5862 1227 5918 qua
1279 5845 1509 5901 alternis
1562 5844 1817 5914 precibus

1913 4635 2075 4690 nobis
2116 4636 2281 4688 etiam
2314 4632 2635 4687 videntibus
2671 4634 3006 4704 quandoque
3066 4646 3350 4705 peractum
3386 4647 3498 4702 est,

1914 4730 2157 4785 nonfuit
2195 4724 2307 4784 ulla
2343 4729 2559 4784 ratione
2588 4732 3040 4800 praetereundum
3081 4731 3327 4787 silentio.
3364 4750 3383 4782 ι
3423 4732 3499 4786 Ita

1912 4831 2128 4878 auctor.
2175 4821 2255 4876 Ex
2308 4821 2518 4876 ultimis
2574 4822 2761 4877 verbis
2809 4821 3029 4893 colligo,
3102 4824 3274 4877 multa
3324 4824 3497 4879 sancti

1914 4915 2154 4970 Mattlirei
2200 4915 2466 4970 beneficia
2528 4915 2752 4986 scriptis
2805 4916 3126 4987 consignata
3160 4930 3268 4971 non
3304 4915 3495 4972 fuisse:

1915 5022 2094 5077 neque
2122 5008 2273 5061 enim
2310 5022 2815 5080 encrgumenorum
2868 5007 3226 5064 liberationes
3275 5008 3499 5064 invenio

1915 5101 2170 5170 scriptas.
2548 5112 2557 5117 ‘

1985 5192 2075 5246 89.
2118 5191 2193 5245 Ex
2226 5191 2330 5246 illis
2362 5206 2530 5247 unum
2558 5191 2741 5247 Sancti
2774 5190 3096 5247 beneficium
3133 5192 3499 5248 Salernitanis
3579 5172 3589 5180 ’

1915 5287 2218 5356 praestitum
2246 5284 2481 5340 refertur
2505 5300 2534 5339 a
2558 5284 2863 5340 Romualdo
2888 5284 2932 5339 ll
2960 5285 3375 5356 archiepiscopo
3405 5285 3504 5339 Sa-

1917 5378 2218 5436 lernitano.
2255 5377 2348 5447 qui
2383 5377 2567 5432 omnia
2616 5392 2859 5448 praesens
2909 5379 3095 5434 videre
3147 5379 3346 5448 potuit,
3375 5392 3500 5432 cum

1920 5474 2097 5545 patria
2153 5472 2324 5527 fuerit
2371 5471 2771 5535 Salernitanus,
2824 5481 2879 5526 et
2934 5472 3236 5527 secundum
3292 5470 3502 5541 Ughelli

1918 5566 2298 5622 cbronotaxim
2325 5566 2436 5635 jam
2468 5564 2659 5633 patria:
2703 5579 2815 5619 sua:
2842 5578 3094 5635 praeesset
3137 5565 3505 5635 archiepisco—

1917 5674 2041 5729 pus,
2074 5657 2293 5729 qnando
2328 5673 2415 5711 res
2450 5667 2667 5726 peracta
2698 5667 2801 5723 est,
2848 5666 2944 5711 aut
2969 5657 3331 5727 quadriennio
3378 5664 3502 5726 post

1920 5752 2369 5822 archiepisc0pus
2394 5750 2554 5803 fuerit
2587 5750 2763 5805 fac‘us
2792 5767 2858 5807 ex
2894 5751 3211 5806 cbronotaxi
3246 5750 3505 5819 Gasparis

1922 5845 2125 5901 Musca.
2163 5842 2387 5898 Factum
2438 5856 2468 5896 a
2518 5841 2837 5910 Muratorio,
2892 5845 2943 5899 in
2981 5845 3271 5900 Annalibus
3304 5842 3499 5911 Ιιαιὶιιο,
