4002 6452
481 367 592 430 803

1725 362 2015 426 MENSIS
2050 362 2339 422 SEPTEM
2352 362 2522 422 BER.

3652 361 3810 434 80S,

483 483 723 540 refertur
749 480 815 536 ad
849 495 1054 536 annum
1091 479 1248 545 “62,
1287 479 1552 550 atqueita
1583 478 1878 548 exponitur
1907 491 1938 532 a
1971 476 2081 531 Ro—
2109 491 2152 540 Α
2182 476 2305 532 silia
2350 485 2542 530 neuter
2581 476 2718 530 scire
2771 475 2980 544 potuit;
3018 484 3067 528 at
3121 475 3251 529 mihi
3300 475 3620 542 conjettura
3651 476 3754 531 llo-

496 573 728 639 inualdo,
764 581 893 626 tom.
929 570 1016 624 Vll
1045 568 1376 639 Scriptorum
1412 569 1611 633 Italia,
1651 568 1758 624 col.
1787 568 1914 624 205.
1940 566 2072 622 Gui-

486 669 512 726 -l
532 671 705 724 elmus
736 663 756 718 Ι
784 663 988 720 Siciliae
1017 678 1112 717 rex
1151 669 1516 733 cognomento
1551 659 1741 724 Malus,
1771 667 1896 730 post
1923 675 2076 715 com-

493 776 711 833 pressos
737 757 1056 814 rebellionis
1079 767 1260 811 motus
1283 757 1338 810 in
1368 769 1538 824 regno
1566 751 1942 824 Neapolitano,
1971 771 1994 804 ~¢
2021 763 2076 807 et

480 856 569 909 sic
606 858 922 920 recuperata
957 857 1099 902 terra
1136 855 1244 902 tota
1279 849 1425 918 (cum
1449 845 1739 914 exercitu),
1778 843 2070 899 Salernum

490 944 661 999 Venit.
693 942 760 996 Et
799 942 926 1012 quia
962 940 1277 1010 indignatus
1305 948 1425 994 erat
1454 937 1813 992 Salernitanis
1840 937 2073 1002 civibus,

492 1034 681 1088 urbem
731 1033 936 1086 intrare
966 1031 1161 1093 noluit,
1195 1029 1291 1084 sed
1318 1028 1471 1097 juxta
1503 1043 1622 1083 eam
1672 1028 1907 1083 tentoria
1941 1027 2074 1081 fixit.

490 1124 673 1194 Coepit
709 1133 894 1178 autem
941 1138 974 1177 a
1009 1121 1224 1178 civibus
1261 1136 1515 1192 magnam
1546 1121 1834 1190 pecuniam
1867 1128 2076 1190 petere.

495 1217 665 1284 Quam
693 1232 860 1287 quum
895 1215 969 1269 illi
995 1215 1177 1271 statim
1201 1214 1414 1270 solvere
1439 1229 1546 1269 non
1574 1220 1820 1283 possent,
1854 1212 2076 1268 inventa

477 1312 780 1368 occasione
835 1310 1125 1379 plurimum
1180 1308 1518 1381 indignatus,
1569 1307 1834 1378 quosdam
1878 1323 1944 1361 ex
1997 1305 2080 1362 eis

478 1405 754 1476 suspendi
783 1404 932 1467 fecit,
979 1402 1341 1458 comminatus
1388 1401 1531 1466 aliis,
1571 1401 1741 1473 quod,
1770 1401 1876 1457 nisi
1909 1416 2080 1471 pecu-

487 1498 642 1552 niam
673 1496 786 1554 cito
817 1495 1114 1559 solverent,
1148 1494 1342 1549 urbem
1378 1493 1710 1548 destrueret.
1747 1491 1948 1546 Beatus
1977 1507 2080 1546 au-

487 1597 606 1642 tem
645 1586 926 1656 apostolus
959 1585 1264 1650 Matthaaus,
1296 1584 1390 1654 qui
1432 1581 1794 1638 Salernitante
1816 1583 2020 1638 civitati
2051 1598 2080 1637 a

498 1677 609 1733 Deo
638 1686 903 1748 patronus
930 1677 1090 1732 datus
1117 1686 1201 1732 est
1227 1685 1282 1732 et
1308 1676 1585 1737 defensor,
1618 1675 1897 1729 civitatem
1925 1691 2078 1730 suam

487 1767 553 1822 ~in
591 1775 742 1824 tanto
774 1769 1089 1825 discrimine
1126 1785 1232 1824 non
1265 1767 1504 1838 reliquit.
1535 1766 1670 1821 Nam
1712 1781 1878 1834 quum
1907 1783 1999 1821 rex
2025 1768 2080 1822 in

2175 569 2380 624 mualdi
2417 568 2750 639 praeferenda
2784 570 3020 632 videtur,
3044 569 3170 637 quia
3193 568 3454 624 terribilis
3486 569 3578 624 ille
3602 570 3757 626 turbo

2175 678 2303 717 eum
2341 677 2532 717 revera
2565 661 2821 717 effectum
2855 661 3139 732 produxit,
3177 671 3235 716 ut
3267 663 3480 717 nullum
3505 671 3762 733 praeterea

2176 755 2438 810 damnum
2474 754 2838 810 Salernitanis
2862 755 2934 810 sit
2964 755 3172 809 illatum
3198 772 3214 820 ;
3254 757 3351 812 sed
3385 755 3552 811 vitam
3579 756 3762 812 occiso

2177 859 2286 898 non
2317 843 2577 899 reddidit.

2179 1004 2210 1078 ᾗ
2243 1004 2357 1060 VII.
2396 1002 2648 1073 Refiquia:
2680 1004 2999 1078 variistocis
3065 1015 3290 1060 servata:
3327 1022 3346 1059 :
3383 1005 3498 1059 loca
3559 1005 3765 1075 aliquot

2567 1091 2725 1128 sacra
2759 1076 2816 1128 S.
2843 1075 3090 1132 Matt/two
3107 1079 3306 1131 dicata.

2247 1190 2342 1246 91.
2394 1189 2622 1245 Restant
2670 1189 2936 1244 nonnulla
2987 1188 3220 1243 dicenda
3275 1187 3344 1243 de
3399 1186 3644 1258 reliquiis
3713 1185 3773 1242 S.

2181 1282 2441 1345 Matthxi,
2464 1298 2583 1352 quae
2601 1297 2630 1336 a
2664 1282 2878 1348 reliquo
2899 1296 3132 1350 corpore
3153 1291 3420 1349 separata:
3451 1288 3769 1334 servantur.

2180 1375 2362 1429 Mazza
2390 1375 2632 1444 quidem,
2662 1374 2715 1428 in
2743 1373 2974 1428 Historia
3026 1373 3392 1436 Saterm'tana,
3426 1387 3550 1440 cap.
3579 1371 3773 1426 6dicit

2183 1467 2353 1522 sancti
2396 1466 2633 1522 Matthzei
2669 1467 2901 1537 apostoli
2961 1482 3159 1537 ctrpus
3213 1466 3504 1536 integrum,
3539 1475 3776 1532 excepto

2183 1561 2347 1615 dente
2371 1559 2701 1625 acbrachio,
2748 1559 2954 1614 servari
3020 1561 3072 1612 in
3125 1559 3276 1613 altari
3331 1557 3508 1612 eidem
3569 1557 3775 1624 dicato,

2183 1655 2252 1709 de
2289 1669 2397 1724 quo
2453 1655 2538 1724 egi
2573 1671 2726 1709 num.
2775 1655 2862 1710 81.
2898 1651 2966 1708 A‘t
3009 1651 3140 1706 illud
3193 1650 3416 1706 certiori
3457 1647 3778 1704 testimonio

2184 1750 2299 1805 sive
2330 1748 2532 1804 ossium
2567 1749 2913 1818 inspectione
2944 1748 3236 1818 probatum
3269 1745 3487 1806 vellent,
3530 1751 3587 1798 et
3619 1755 3776 1798 certe

485 1875 564 1914 eo
619 1868 769 1915 esset
817 1861 1118 1930 preposito,
1153 1861 1296 1931 quod
1345 1835 1510 1916 multa
1541 1862 1682 1916 mala
1724 1860 2081 1915 Salernitanis

2194 1854 2296 1898 tam
2332 1841 2519 1898 stricte
2557 1841 2885 1897 sumendum
2910 1856 3019 1894 non
3053 1846 3158 1899 est,
3217 1847 3276 1892 ut
3306 1837 3641 1893 credendum
3681 1835 3774 1902 sit,

497 1956 746 2020 inferret,
798 1956 976 2010 media
1022 1955 1134 2019 die,
1181 1963 1352 2024 quum
1397 1963 1546 2008 tanta
1598 1966 1745 2010 esset
1790 1953 2081 2020 serenitas,

484 2050 640 2120 «quod
670 2050 816 2103 nulla
846 2048 906 2102 in
948 2063 1079 2103 aere
1110 2049 1283 2104 nubes
1323 2057 1632 2119 appareret,
1681 2048 1866 2102 subito
1909 2063 1937 2101 a
1989 2046 2086 2102 Se-

487 2143 827 2214 ptemtrione
867 2151 1064 2196 ventus
1115 2141 1325 2196 validus
1356 2156 1482 2196 cum
1535 2140 1740 2212 ingenti
1788 2139 1991 2210 pluria,
2031 2147 2086 2195 et

501 2235 660 2288 turbo
701 2233 1042 2302 impetuosus
1083 2229 1286 2303 erupit,
1329 2233 1423 2302 qui
1455 2231 1623 2287 totius
1655 2232 1928 2287 exercitus
1966 2243 2088 2287 ten-

490 2326 639 2380 toria
671 2325 924 2379 universa
955 2324 1173 2396 dejecit,
1211 2333 1265 2379 et
1297 2325 1593 2380 tentorium
1625 2324 1835 2394 regium
1862 2325 1914 2379 in
1949 2324 2089 2380 emi-

408 2418 426 2428 ‘
490 2418 648 2474 neuti
683 2418 921 2487 positum
959 2417 1037 2472 sic
1071 2433 1102 2473 a
1135 2417 1279 2480 loco,
1306 2417 1358 2470 in
1399 2433 1510 2488 quo
1551 2417 1715 2473 fixum
1749 2419 1948 2484 fuerat,
1985 2417 2088 2472 im-

494 2508 635 2578 pulit
662 2515 718 2562 et
750 2507 1068 2572 commovit,
1113 2506 1258 2576 quod
1299 2521 1480 2578 regem
1529 2505 1896 2562 dormientem
1943 2519 2086 2577 pene

494 2601 809 2674 prostravit.
845 2599 1273 2672 Expergefactus
1306 2616 1429 2666 rex,
1457 2608 1515 2655 et
1545 2609 1690 2655 tanta
1724 2599 2088 2655 inundatione

509 2693 800 2757 attonitus,
838 2697 998 2763 coepit
1031 2693 1240 2764 fugere,
1265 2699 1318 2745 et
1350 2691 1597 2762 Apostoli
1627 2693 1889 2745 auxilium
1929 2691 2088 2746 invo-

494 2799 645 2846 care,
675 2793 730 2839 et
761 2783 849 2838 vix
891 2784 941 2836 in
980 2783 1217 2854 quodam
1270 2797 1442 2852 parvo
1489 2783 1724 2836 tentorio
1772 2781 1985 2853 fugiens
2028 2797 2090 2837 se

497 2877 727 2946 recepit.

569 2966 662 3022 90.
705 2967 769 3021 Et
801 2967 929 3022 licet
961 2983 1054 3022 rex
1103 2966 1270 3020 animi
1323 2967 1406 3022 sui
1460 2968 1712 3023 timorem
1763 2981 1928 3037 super
1985 2966 2092 3022 hoc

498 3058 644 3114 facto
673 3059 1066 3123 dissimularet,
1111 3047 1394 3130 magnates
1438 3071 1620 3114 tamen
1673 3061 1839 3114 curiae
1893 3069 1947 3115 et
1984 3059 2088 3114 viri

511 3150 814 3220 prudentes
843 3150 1133 3205 manifeste
1166 3159 1452 3216 noverunt,
1483 3152 1585 3204 hoc
1621 3151 1945 3205 miraculum
1980 3151 2090 3205 vir-

502 3250 618 3296 tute
656 3258 705 3310 a;
726 3241 957 3296 ostulica
986 3252 1380 3312 perpetratum.
1403 3243 1698 3312 Apostolus
1723 3243 1871 3298 enim
1902 3244 1956 3297 in
1984 3244 2088 3298 hoc

502 3334 646 3388 facto
672 3343 728 3388 et
748 3334 1043 3389 commisso
1073 3334 1176 3388 sibi
1206 3336 1408 3405 pepulo
1428 3344 1484 3389 et
1515 3335 1623 3407 regi
1649 3336 1939 3392 manifeste
1959 3352 2090 3392 con-

503 3428 657 3492 sulit,
695 3427 826 3481 dum
855 3435 914 3481 et
949 3427 1303 3482 commissum
1334 3427 1438 3482 sibi
1468 3430 1728 3498 populum
1767 3445 1798 3483 a
1844 3430 2090 3498 periculo

505 3519 674 3585 eruit,
701 3529 754 3574 et
804 3535 1006 3590 regem,
1039 3535 1109 3575 ne
1141 3521 1478 3591 propositum
1527 3522 1731 3576 malum
1777 3520 2086 3592 perliceret,

509 3611 813 3681 impedivit.
840 3610 955 3666 Rex
986 3625 1136 3680 ergo,
1169 3613 1316 3681 quod
1337 3611 1538 3668 factum
1570 3612 1763 3677 fuerat,
1797 3629 1980 3668 secum
2008 3629 2091 3668 rc-

501 3705 770 3774 cogitans,
824 3714 878 3759 et
928 3705 1353 3776 indignationem
1417 3706 1770 3775 apostolicam
1834 3706 2090 3774 pertime-

503 3810 684 3860 scens,
717 3812 886 3866 quum
915 3812 973 3852 se
999 3806 1338 3852 moraturum
1366 3797 1510 3852 circa
1535 3797 1820 3852 Salernum
1845 3798 2091 3870 aliquan-

502 3887 678 3942 tulum
727 3887 1116 3957 disposuisset,
1164 3895 1374 3943 mutato
1425 3889 1725 3959 proposito,
1779 3891 1952 3945 altera
2001 3891 2092 3946 die

503 3977 686 4048 galeas
723 3977 800 4047 (id
846 3985 932 4030 est
985 3976 1256 4046 triremes)
1292 3979 1536 4045 intravit,
1581 3987 1637 4033 et
1666 3979 1995 4036 festinanter
2033 3981 2090 4036 in

506 4067 753 4122 Siciliam
785 4067 968 4123 rediit.
1002 4086 1021 4118 ι
1055 4067 1208 4138 llugo
1236 4067 1568 4134 Falcandus,
1593 4071 1686 4139 qui
1712 4071 1904 4125 eodem
1925 4072 2089 4126 etiam

504 4161 708 4215 sxculo
761 4160 999 4230 scripsit,
1058 4160 1115 4214 in
1167 4159 1409 4214 Historia
1461 4161 1669 4228 Siculo,
1718 4163 1918 4218 ibidem
1966 4173 2092 4234 post

508 4251 793 4306 ltomualdi
817 4251 1119 4307 chronicon
1145 4251 1315 4318 edita,
1337 4251 1403 4306 de
1433 4252 1576 4307 facto
1601 4253 1907 4324 prodigiose
1930 4254 2091 4324 plane

506 4343 818 4410 consentit;
860 4342 953 4398 sed
993 4358 1213 4398 causam
1255 4343 1486 4414 prodigii
1521 4345 1771 4400 attribuit
1805 4347 1963 4402 morti
1995 4347 2093 4402 ali-

507 4437 667 4504 cujus
694 4435 899 4490 innoxii
932 4435 1284 4501 Salernitani,
1315 4440 1408 4506 qui
1441 4437 1588 4506 regis
1613 4438 1770 4508 jussu
1803 4454 1930 4493 cum
1970 4440 2091 4495 aliis

509 4521 687 4581 fuerat
732 4542 1057 4597 suspensus.
1110 4526 1186 4581 De
1234 4527 1451 4581 turbine
1497 4529 1662 4588 hanc.
1694 4538 1753 4583 ut
1799 4529 1992 4594 credit,
2020 4532 2090 4586 ob

507 4633 729 4672 causam
759 4627 971 4682 exorto,
1013 4618 1085 4672 ita
1118 4618 1359 4688 loquitur
1387 4620 1494 4674 col.
1521 4619 1662 4676 299:
1721 4640 1740 4672 ‹
1774 4622 1909 4677 Cum
1941 4623 2089 4679 enim

506 4708 646 4760 adeo
677 4721 906 4762 serenus
942 4718 1086 4763 esset
1111 4723 1222 4774 aer,
1250 4718 1307 4764 ut
1331 4709 1541 4764 nullum
1563 4726 1788 4780 prorsus
1817 4712 1871 4766 in
1901 4726 1968 4766 eo
1990 4728 2095 4767 nu-

510 4801 595 4853 bis
631 4801 924 4871 vestigium
969 4811 1280 4871 appareret,
1342 4813 1488 4857 tanta
1539 4812 1766 4874 repente
1803 4815 2096 4876 tempestas

508 4903 699 4947 exorta
754 4903 858 4959 est,
915 4894 1177 4960 tonitrua,
1249 4896 1678 4962 coruscationes,
1729 4905 1786 4952 et
1840 4899 2094 4953 imbrium

511 4983 795 5038 inundatio
830 4986 1144 5048 subsecuta,
1173 4995 1231 5039 ut
1262 5002 1359 5056 per
1395 4995 1568 5042 totum
1599 4989 1898 5044 exercitum
1924 4991 2097 5044 instar

513 5076 844 5146 rapidiSsimi
876 5078 1136 5134 torrentis
1165 5094 1306 5149 aqua
1335 5080 1672 5145 decurreret,
1705 5090 1760 5136 et
1785 5092 1892 5136 tam
1927 5083 2098 5153 ipsius

511 5169 676 5239 regis,
717 5184 876 5238 quam
908 5181 1229 5224 caaterorum
1276 5171 1521 5226 omnium
1575 5174 1835 5240 tentoria,
1879 5176 2098 5244 paxillis

511 5261 714 5314 avulsis
774 5263 1060 5333 ruptisque
1115 5262 1358 5328 funibus,
1416 5266 1653 5334 procella
1726 5268 2097 5336 subverteret,

513 5363 808 5424 tantusque
837 5371 1018 5427 regem
1050 5364 1106 5412 et
1139 5357 1456 5413 universum
1487 5362 1786 5416 exercitum
1816 5370 1992 5418 terror
2018 5363 2101 5418 in-

509 5444 671 5508 vasit,
708 5453 784 5510 ut,
819 5461 1001 5500 rerum
1035 5447 1285 5502 omnium
1319 5449 1535 5519 jactura
1574 5451 1910 5520 posthabita,
1940 5468 2100 5524 coge-

511 5546 704 5591 rentur
736 5539 804 5593 de
830 5542 1004 5595 salute
1049 5542 1270 5613 propria
1320 5545 1669 5616 desperare.»
1725 5545 1840 5602 Hoc
1891 5547 2002 5615 ille,
2044 5557 2102 5603 ut

514 5628 648 5692 dixi,
697 5632 942 5687 evenisse
993 5643 1148 5704 putat
1208 5636 1278 5691 ob
1329 5639 1532 5694 cazdem
1577 5640 1714 5694 civis
1767 5641 2098 5707 innocentis,

514 5719 853 5778 Romualdus
903 5727 970 5780 ad
1027 5731 1497 5785 conservationem
1546 5733 1696 5786 urbis
1753 5741 1809 5788 et
1861 5734 2099 5803 plurium

516 5809 892 5873 innocentium
921 5833 950 5872 a
974 5819 1187 5877 damnis
1218 5821 1541 5882 inferendis.
1585 5823 1810 5883 Occulta
1843 5827 1937 5883 Dei
1968 5844 2102 5884 con-

2116 4563 2170 4622 D

2186 1936 2321 1990 nihil
2377 1934 2727 2004 reliquiarum
2762 1933 2937 1988 sancti
2973 1931 3206 1986 Matthxi
3259 1930 3327 1985 ad
3387 1931 3490 1984 alia
3552 1943 3778 1998 quoque

2185 2025 2300 2081 loca
2330 2026 2670 2096 pervenisse.
2710 2024 2933 2080 Interim
2996 2025 3245 2078 laudatus
3286 2029 3478 2078 auctor
3518 2031 3776 2084 testatur,

2187 2117 2407 2171 dentem
2444 2132 2614 2174 unum
2667 2125 2724 2170 et
2758 2114 3040 2170 brachium
3085 2115 3272 2170 Sancti
3311 2115 3362 2169 in
3391 2114 3664 2172 superiori
3693 2129 3782 2168 sa-

2188 2207 2369 2262 crario
2397 2207 2646 2276 ejusdem
2697 2208 2942 2262 ecclesiae
2996 2209 3332 2263 conservari.
3397 2219 3478 2262 De
3539 2218 3784 2278 utroque

2189 2299 2354 2354 etiam
2381 2300 2626 2370 loquitur
2657 2301 2944 2367 Marsilius,
2968 2316 3092 2372 cap.
3129 2300 3180 2358 9.
3211 2317 3332 2371 pag.
3369 2300 3460 2361 79,
3490 2300 3582 2355 ubi
3610 2316 3786 2371 expo-

2193 2392 2278 2444 nit
2309 2401 2524 2446 servata
2553 2391 2606 2445 in
2638 2395 2900 2454 sacrario,
2921 2404 3085 2464 atque
3111 2393 3329 2448 dentem
3358 2393 3508 2446 illum
3541 2394 3782 2462 positum

2187 2497 2314 2538 esse
2351 2487 2405 2537 in
2435 2500 2598 2539 cruce
2646 2495 2902 2555 argentea
2944 2485 3110 2539 variis
3150 2485 3394 2554 reliquiis
3426 2483 3624 2538 dilata.
3668 2503 3688 2536 ι
3727 2485 3781 2538 ln

2191 2575 2380 2630 dextra
2417 2575 2595 2644 (parte
2650 2574 2852 2645 crucis)
2913 2574 3288 2646 gloriosissitni
3343 2573 3584 2630 Matthxi
3643 2575 3786 2630 dens

2189 2667 2354 2728 alius,
2387 2667 2456 2721 de
2483 2683 2592 2735 quo
2631 2675 2686 2721 et
2713 2683 2838 2730 nos,
2879 2666 3076 2737 inquit,
3109 2683 3211 2738 sup
3235 2683 3274 2722 'a
3302 2667 3472 2722 locuti
3504 2683 3730 2723 sumus.
3763 2686 3779 2716 ι

2193 2758 2440 2813 lnsinuat
2473 2757 2659 2828 igitur,
2701 2774 2824 2815 esse
2851 2758 3001 2812 illum
3037 2760 3214 2829 ipsum
3253 2759 3502 2823 dentem,
3531 2761 3627 2829 qui
3653 2776 3788 2814 cou-

2193 2865 2382 2906 cessus
2413 2851 2594 2905 fuerat
2639 2850 2941 2907 Athanasio
2981 2851 3252 2906 monacho
3306 2851 3559 2921 corporis
3590 2851 3789 2907 inreu-

2195 2943 2321 3007 tori,
2361 2952 2422 2998 ut
2488 2942 2699 2998 dictum
2750 2959 2904 2998 num.
2945 2944 3049 3012 74;
3099 2943 3303 3013 quique
3344 2944 3520 2998 eidem
3570 2943 3789 2998 ablatus

2194 3033 2393 3088 deinde
2432 3043 2538 3098 est,
2567 3035 3030 3104 quemadmodum
3062 3035 3367 3105 expositum
3409 3042 3493 3098 est
3514 3050 3674 3090 num.
3700 3036 3786 3090 74.

2197 3125 2272 3179 De
2330 3125 2553 3180 brachio
2597 3127 2851 3182 laudatus
2890 3127 3163 3182 Marsilius
3195 3131 3266 3182 ita
3305 3127 3549 3198 loquitur
3583 3146 3599 3184 :
3635 3147 3654 3180 ι
3697 3129 3792 3183 Est

2114 3207 2157 3265 (ἶ
2192 3229 2246 3274 ct
2273 3219 2338 3272 Ι).
2376 3219 2616 3274 Matthzei
2678 3219 2964 3275 brachium
3008 3221 3161 3284 illud,
3187 3221 3330 3290 quod
3360 3219 3791 3274 Beneventanus

2191 3314 2464 3384 quondam
2493 3315 2751 3384 princeps
2782 3331 2810 3367 a
2850 3314 3114 3382 Gisulpho
3155 3314 3410 3384 precibus
3452 3314 3792 3384 impetrave-

2191 3415 2276 3461 rat
2308 3422 2321 3458 :
2354 3416 2410 3460 et
2449 3407 2702 3474 quamvis
2745 3415 2976 3474 argento
3019 3407 3392 3470 concluditur,
3423 3422 3488 3461 ex
3519 3408 3789 3462 cancellis

2193 3509 2376 3555 tamen
2402 3501 2581 3554 carnis
2607 3509 2662 3554 et
2690 3501 2894 3555 ossium
2924 3511 3179 3570 aspectus
3214 3501 3786 3571 iutuentibuspateta

2195 3593 2320 3648 llmc
2364 3593 2660 3658 lllarsilius,
2689 3609 2798 3648 non
2828 3593 3135 3664 explicans,
3167 3611 3274 3666 qua
3333 3596 3625 3650 occasione
3653 3596 3792 3649 bra-

2200 3684 2411 3749 chimu,
2473 3686 2619 3755 quod
2677 3686 2878 3740 saeculo
2924 3685 2969 3740 Χ
3021 3687 3394 3743 Beneventum
3455 3688 3788 3744 translatum

2192 3779 2483 3844 asset-itur,
2518 3789 2707 3850 postea
2749 3781 2982 3836 relatum
3019 3780 3184 3835 fuerit
3213 3781 3524 3835 Salernum.
3568 3780 3786 3836 Verum

2192 3869 2336 3925 sicut
2367 3887 2565 3942 corpus
2599 3871 2659 3928 S.
2687 3871 2933 3928 Januarii
2969 3874 3170 3928 sazculo
3203 3890 3254 3928 Ix
3297 3874 3620 3929 translatum
3682 3874 3793 3930 fuit

2191 3961 2414 4035 Neapoli
2439 3965 2834 4030 Beneventum,
2861 3967 3099 4037 indeque
3129 3984 3344 4022 rursum
3378 3968 3486 4022 alio
3514 3967 3792 4025 delatum:

2192 4056 2522 4128 demumque
2609 4059 2891 4130 Neapolim
2947 4061 3200 4124 relatum,
3275 4063 3366 4116 tali
3439 4073 3534 4116 aut
3617 4063 3793 4119 simili

2192 4150 2356 4204 modo
2393 4151 2678 4205 brachium
2746 4153 2919 4207 sancti
2973 4151 3212 4208 Matthazi
3260 4154 3548 4209 Salernum
3602 4157 3794 4212 redire

2193 4243 2390 4312 potuit.
2449 4240 2611 4298 Certe
2635 4242 2768 4298 illud
2805 4245 2966 4300 modo
3004 4243 3217 4302 Salerni
3257 4261 3399 4308 esse,
3437 4248 3513 4302 uti
3544 4257 3603 4301 et
3650 4248 3797 4303 den-

2196 4341 2331 4398 tem,
2382 4336 2552 4388 etiam
2580 4335 2778 4390 asserit
2805 4335 2988 4391 Musca
3049 4336 3106 4391 in
3131 4336 3469 4408 Compendio
3515 4338 3631 4408 jam
3670 4340 3797 4396 lau-

2193 4424 2340 4480 dato.

2269 4538 2359 4594 92.
2418 4538 2476 4594 Si
2509 4549 2692 4595 autem
2731 4540 2864 4596 illud
2937 4543 3116 4611 ipsum
3164 4541 3238 4596 sit
3284 4542 3594 4607 brachium,
3641 4544 3797 4615 quod

2199 4634 2299 4686 fuit
2327 4635 2530 4688 saeculo
2571 4650 2601 4688 x
2654 4633 2969 4701 Beneventi,
3032 4636 3245 4690 videtur
3275 4647 3332 4692 et
3387 4638 3623 4693 alterum
3663 4640 3796 4694 bra-

2196 4726 2379 4780 chium
2402 4742 2433 4780 a
2463 4725 2672 4795 reliquo
2694 4741 2924 4795 corpore
2950 4737 3258 4798 separatum
3292 4730 3463 4786 fuisse
3491 4733 3698 4788 saeculo
3715 4749 3792 4789 xt.

2198 4815 2413 4885 Quippe
2449 4815 2722 4872 Robcrtus
2773 4817 3110 4873 Guiscardus
3165 4836 3228 4874 ex
3293 4823 3518 4878 invento
3555 4839 3793 4894 corpore

2201 4909 2468 4979 integrum
2493 4924 2554 4962 os
2580 4909 2791 4964 brachii
2818 4927 2916 4980 pro
2941 4926 3000 4966 se
3021 4913 3268 4978 retinuit,
3295 4924 3353 4968 ut
3373 4915 3611 4971 vidimus
3631 4933 3792 4975 num.

2199 4999 2288 5056 80.
2367 4999 2443 5055 De
2487 5001 2582 5055 illo
2627 5017 2749 5056 osse
2801 5002 2853 5056 in
2899 5002 3152 5058 Chronico
3201 5003 3493 5073 Catinensi,
3543 5009 3643 5066 lib.
3705 5026 3784 5078 tu,

2199 5107 2320 5162 cap.
2356 5091 2448 5158 57,
2475 5091 2643 5146 relata
2663 5090 2885 5148 Roberti
2913 5104 3113 5160 morte,
3149 5097 3265 5152 haec
3293 5098 3555 5170 leguntur
3595 5121 3608 5156 ε
3644 5122 3661 5154 ι
3683 5100 3778 5156 llic

2201 5183 2411 5236 interea
2467 5181 2782 5253 (itobertus)
2813 5184 2880 5239 ad
2936 5185 3081 5240 diem
3134 5187 3318 5242 obitus
3378 5191 3462 5244 sui
3497 5190 3780 5248 brachium

2200 5275 2377 5329 sancti
2420 5274 2651 5344 apostoli
2693 5287 2744 5331 et
2799 5280 3149 5349 evangelista:
3201 5280 3440 5336 Matthaei
3491 5285 3792 5352 capellauis

2201 5367 2338 5433 suis,
2370 5367 2481 5422 lilio
2512 5383 2635 5433 suo,
2673 5368 2884 5425 Salerni
2925 5377 3338 5443 reportandum,
3367 5384 3531 5444 atque
3559 5379 3800 5432 redden-

2202 5462 2331 5518 dum
2354 5464 2594 5534 reliquit.
2627 5463 2734 5519 Sed
2772 5465 2849 5519 illi
2899 5467 3203 5524 substantia
3258 5485 3547 5540 pauperes,
3588 5487 3653 5526 ac
3690 5473 3800 5526 fide

2202 5557 2580 5626 pauperiores,
2619 5558 2836 5612 thecam
2877 5571 3215 5630 argenteam,
3259 5563 3314 5615 in
3366 5578 3472 5631 qua
3539 5575 3795 5640 sanctum

2203 5647 2490 5702 brachium
2526 5658 2646 5704 erat
2673 5651 3038 5714 reconditum,
3067 5654 3210 5708 inter
3243 5670 3304 5709 se
3334 5655 3607 5721 dividunt,
3633 5658 3763 5711 inde
3783 5685 3801 5697 -

2204 5753 2312 5807 que
2374 5738 2806 5812 Hierosolymam
2873 5756 3186 5814 pergentes,
3257 5751 3491 5802 sanctas
3530 5751 3803 5819 reliquias

2206 5847 2380 5902 usque
2404 5832 2470 5888 ad
2494 5833 2638 5888 diem
2689 5835 2875 5891 obitus
2915 5839 3000 5892 sui
3050 5838 3195 5909 apud
3223 5854 3282 5896 se
3307 5840 3584 5898 retinuere
3639 5844 3798 5898 ccla-
3825 5897 3827 5899 .
