4002 6460
239 364 336 427 805

1515 362 1690 424 lr'lTA
1731 365 1791 424 S.
1840 364 2226 426 ΜΑΤἸΠΕῘ.

3391 367 3498 430 806

243 484 336 531 tas.
388 475 471 532 Ad
495 486 724 531 mortem
763 486 947 532 autem
978 475 1287 543 venientes,
1320 475 1664 546 supradictas
1689 474 1814 530 reli-
1838 477 1890 536 Α
1919 477 2084 534 habet
2107 478 2522 544 monasterium,
2553 487 2630 542 et,
2674 487 2735 534 ut
2758 479 3014 536 laudatus
3066 490 3261 537 auctor
3313 483 3503 540 obser-

240 571 407 641 quias,
451 570 642 626 insciis
691 570 880 633 sociis,
928 571 1113 640 pueris
1145 569 1262 625 suis
1309 568 1661 633 contradunt,
1717 567 1810 637 qui

243 663 464 733 qualiter
492 670 744 717 sanctum
775 662 1060 717 brachium
1090 659 1434 730 temporibus
1461 657 1678 713 Girardi
1717 657 1814 711 ab-

245 756 377 813 batis
416 755 484 810 ad
538 756 688 810 hunc
737 756 922 809 locum
968 754 1284 817 detulerint,
1325 753 1454 808 loco
1483 766 1582 806 suo
1611 749 1817 806 scribe-

244 863 377 903 mus.
415 865 435 899 ι
476 846 682 902 Deinde
709 847 802 902 lib.
827 861 1054 914 -iv,-cap.
1088 846 1177 910 7'5,
1200 844 1455 899 laudatus
1489 851 1681 900 auctor
1699 843 1816 896 haec

245 941 425 995 scribit
463 957 477 994 :
514 958 537 991 ί
577 938 676 994 llic
709 941 919 995 interea
951 940 1124 994 abbas
1148 937 1489 1007 (Casinensis
1519 935 1816 1004 Girardus)

243 1050 358 1089 cum
402 1034 544 1103 apud
576 1033 950 1088 Beneventum
997 1034 1051 1088 in
1094 1031 1408 1102 Apostolieo
1436 1028 1658 1084 servitio
1696 1041 1819 1097 per-

245 1137 505 1191 maneret,
535 1135 596 1180 et
625 1133 778 1179 certe
805 1125 1010 1180 certius
1065 1124 1347 1178 brachium
1376 1120 1550 1176 sancti
1587 1117 1818 1190 apostoli

244 1229 294 1273 et
319 1217 664 1289 evangelisue
704 1216 942 1272 Matthaei
983 1219 1038 1272 in
1081 1217 1269 1272 eadem
1305 1215 1525 1271 civitate
1573 1213 1822 1268 recondi-

1916 574 2022 634 vat,
2067 568 2195 623 olim
2228 576 2347 625 erat
2382 569 2658 635 Fratrum,
2689 571 2784 641 qui
2837 572 3184 642 appellantur
3208 573 3500 642 Cruciferi,

1914 675 2062 715 nunc
2099 670 2186 716 est
2220 661 2324 717 sub
2363 675 2490 718 cura
2519 661 2770 718 Fratrum
2820 664 2876 719 S.
2904 664 3212 735 Augustini,
3243 667 3503 722 nimirum

1917 749 2328 820 Byhernorum,
2360 758 2423 805 ut
2462 751 2610 807 addit
2655 761 2846 807 auctor
2902 753 3337 809 recentissimus.
3397 756 3508 812 01)-

1915 851 2141 896 servant
2180 850 2448 910 praterea
2502 851 2783 906 auctores,
2815 846 3103 900 ecclesiam
3134 847 3281 900 illam
3311 862 3508 902 recen-

1917 933 2026 987 seri
2067 937 2214 988 inter
2281 934 2468 990 titulos
2515 934 2920 1002 Cardinalitios,
2977 948 3032 994 et
3085 940 3306 1010 quidem
3365 940 3507 994 inter

1919 1023 2277 1093 antiquiores,
2346 1033 2407 1079 ut
2456 1025 2702 1097 plerique
2761 1027 2990 1083 addunt.
3039 1027 3296 1083 Nonnulli
3342 1029 3508 1084 etiam

1920 1123 2200 1180 asserunt,
2235 1127 2604 1173 constructam
2632 1119 2804 1174 fuisse
2833 1122 2980 1178 circa
3005 1137 3209 1176 annum
3231 1122 3508 1194 600,quo'd

1917 1221 2031 1260 non
2096 1206 2246 1261 lubet
2279 1207 2617 1262 examinare.
2671 1209 2785 1264 Hoc
2820 1211 3026 1265 certius
3063 1220 3168 1276 est,
3197 1213 3507 1268 dedicatam

247 1323 352 1366 tum
386 1326 510 1366 esse
532 1311 833 1374 didicisset,
867 1311 932 1365 ad
964 1325 1022 1366 se
1047 1311 1157 1380 jam
1184 1310 1315 1364 dicti
1342 1306 1820 1363 brachiicustodes
1915 1291 2095 1348 ’Ῐυῖεεθ
2138 1310 2168 1347 a
2210 1293 2475 1350 P86011816
2527 1295 2596 1362 ll.
2653 1298 2768 1352 sive
2828 1299 2878 1353 id
2920 1301 3124 1356 factum
3169 1301 3334 1357 fuerit
3387 1312 3510 1374 post

249 1419 567 1466 convocans,
597 1403 850 1472 qualiter,
871 1402 952 1457 vel
999 1418 1109 1472 quo
1153 1402 1344 1457 ordine
1367 1401 1611 1472 ejusdem
1641 1397 1817 1453 sancti

249 1497 471 1567 apostoli
510 1496 793 1550 brachium
837 1496 1174 1558 habuissent,
1217 1493 1566 1564 pereunt-tari
1614 1491 1822 1546 Studio-

243 1587 456 1642 sissiine
503 1586 690 1655 cmpit.
732 1585 834 1650 Qui
871 1586 999 1639 dum
1049 1585 1386 1649 retulissutt,
1422 1585 1655 1654 qualiter
1693 1583 1818 1638 illud

245 1693 424 1734 secum
488 1676 771 1732 'Robertus
831 1679 938 1733 dux
990 1679 1280 1733 detulisset
1350 1680 1403 1733 in
1450 1678 1818 1747 expeditione,

241 1785 400 1840 quam
431 1781 621 1824 contra
654 1770 906 1824 Alexium
966 1770 1352 1840 imperatorem
1417 1767 1702 1833 habuerat,
1754 1784 1817 1824 ac

239 1865 457 1920 demum
480 1864 781 1934 capellauis
820 1865 938 1919 suis
977 1866 1042 1918 ad
1068 1872 1298 1918 mortem
1347 1864 1664 1933 reliquerat,
1691 1864 1822 1932 ipsi-

237 1972 344 2027 que
382 1957 806 2027 postiuodumin
841 1956 929 2011 die
969 1957 1152 2011 obitus
1181 1957 1264 2011 sui
1315 1955 1419 2011 sibi
1475 1955 1818 2021 dimiserant,

229 2049 408 2104 :abbas
451 2063 676 2104 monere
701 2049 823 2104 illos
883 2049 1148 2103 attentius
1195 2048 1384 2118 erepit,
1433 2056 1496 2101 ut
1545 2056 1695 2101 tanta
1742 2047 1826 2102 di-

239 2140 426 2212 gniora
453 2139 741 2195 Casinensi
768 2140 1024 2195 cuinobio
1047 2139 1382 2195 conferrent.

307 2233 398 2288 93.
431 2250 459 2284 ‹
490 2231 577 2287 -ιιιί
603 2241 786 2287 autem
809 2231 966 2287 ocius
985 2247 1044 2286 se
1075 2231 1191 2286 haec
1225 2231 1526 2302 adimplere
1556 2229 1821 2296 fatentur,

238 2330 284 2384 si
332 2320 502 2383 abbas
549 2328 674 2382 illos
721 2341 1067 2397 quacumque
1115 2327 1249 2381 hora
1282 2325 1349 2381 ad
1401 2325 1824 2381 conversionem

235 2421 428 2475 venire
455 2417 681 2485 vellent,
725 2418 935 2488 absque
978 2417 1164 2487 aliquo
1208 2417 1388 2488 pretio
1440 2415 1560 2470 illos
1620 2415 1672 2468 in
1720 2415 1827 2469 hoc

237 2511 578 2567 monasterio
594 2511 887 2581 reciperet.
919 2509 1076 2576 Quod
1107 2524 1232 2563 cum
1257 2508 1432 2563 abbas
1463 2508 1826 2564 libentissime

235 2619 298 2661 Se
327 2605 681 2675 impleturum
703 2604 1117 2675 spopondisset,
1163 2603 1239 2658 illi
1275 2600 1564 2659 confestim
1608 2613 1828 2658 sanctas

235 2699 506 2768 reliquias
537 2698 602 2753 ad
668 2697 817 2752 hunc
858 2697 1041 2751 locum
1100 2697 1352 2752 ferendas
1411 2695 1588 2750 eidem
1644 2694 1825 2748 abbati

227 2791 596 2846 contradunt.
652 2788 969 2860 Suscipiens
991 2789 1157 2860 igitur
1185 2788 1328 2842 idem
1374 2787 1545 2841 abbas
1605 2795 1826 2840 sanctas

236 2885 527 2954 reliquias,
593 2882 801 2952 diuque
843 2881 1202 2945 deosculans,
1263 2896 1364 2952 per
1424 2880 1586 2950 hujus
1629 2891 1829 2934 nostrae

228 2976 688 3047 congregationis
731 2975 930 3029 fratres
965 2977 1032 3030 ad
1065 2975 1170 3030 hoc
1198 2973 1594 3029 monasterium
1650 2982 1830 3026 trans-

234 3073 464 3127 mittere
494 3071 726 3125 studuit.
772 3069 853 3124 Ad
909 3070 1068 3139 cujus
1132 3068 1428 3123 adventum
1481 3082 1673 3122 omnes
1721 3073 1831 3118 ter-

236 3179 384 3226 ram,
419 3163 528 3238 qui,
547 3162 688 3214 hanc
723 3160 1123 3224 inhabitabant,
1159 3158 1512 3231 cumingenti
1535 3158 1826 3213 devotione
1855 3171 1896 3228 ο

235 3265 294 3309 et
328 3255 556 3326 gaudio,
585 3253 800 3308 obviam
837 3261 1248 3323 processerunt.
1288 3253 1434 3306 Sane
1466 3267 1590 3308 eum
1612 3251 1731 3305 lucc
1762 3251 1829 3305 ad

233 3350 414 3418 huius
442 3356 645 3401 nostra:
679 3345 1121 3417 congregationis
1151 3345 1402 3399 notitiam
1424 3344 1827 3413 pervenissent,

232 3438 616 3494 itmstimabili
675 3438 1052 3510 exsultatione
1099 3437 1312 3507 repleti,
1376 3452 1440 3491 ac
1491 3437 1833 3492 solemnibus

234 3530 595 3585 vestimentis
646 3528 864 3596 induti,
923 3545 1044 3583 cum
1079 3527 1427 3598 lampadibus
1491 3538 1547 3582 et
1600 3529 1834 3598 thymia-

234 3623 487 3676 mat'bus
552 3636 726 3690 usque
758 3622 822 3674 ad
881 3630 1094 3690 portam
1149 3629 1389 3674 veterem
1443 3619 1715 3682 exierunt,
1769 3635 1833 3674 ac

236 3729 404 3772 terrae
434 3715 696 3787 prostrati
724 3724 973 3768 sanetum
1012 3713 1406 3791 evangelistam
1432 3711 1827 3766 adoraverunt:

234 3819 652 3882 surgentesque
677 3826 800 3864 cum
833 3809 1070 3864 maxima
1125 3806 1441 3862 reverentia
1473 3806 1834 3861 deosculave—

238 3911 397 3970 runt,
433 3911 490 3956 et
524 3916 648 3955 cum
686 3899 900 3971 hymnis
927 3907 981 3954 et
1004 3897 1256 3953 laudibus
1289 3896 1420 3951 illud
1475 3895 1528 3949 in
1559 3903 1836 3950 monaste-

237 3995 387 4049 rium
444 3993 874 4058 introducentes,
908 3989 1071 4061 atque
1109 3991 1165 4044 in
1212 4003 1473 4061 argentea
1507 4005 1693 4060 capsa,
1720 3999 1832 4044 tur-

239 4088 389 4140 rium
422 4086 600 4140 instar
631 4093 834 4152 aptata,
880 4095 1129 4138 sanctum
1195 4082 1480 4138 brachium
1544 4084 1836 4138 recluden—

240 4187 346 4245 tcs,
377 4179 432 4232 in
458 4187 716 4250 argentea
745 4177 897 4232 trabe
928 4189 1056 4230 ante
1097 4176 1239 4230 beati
1281 4174 1560 4230 Benedicti
1580 4175 1834 4230 altarium

241 4271 683 4342 suspenderunt,
720 4285 867 4322 anno
925 4268 1223 4322 Dominica:
1272 4267 1678 4322 incarnationis
1711 4268 1834 4321 mil—

241 4364 444 4418 lesimo
472 4361 778 4416 centesimo
814 4360 1075 4415 vicesimo
1112 4359 1378 4414 secundo.
1417 4377 1437 4410 ι
1489 4359 1546 4412 in
1591 4359 1837 4414 Adnota-

244 4453 316 4506 tis
352 4451 545 4522 Augeli
581 4451 649 4504 de
681 4449 830 4504 Nuce
863 4449 1090 4504 editoris
1119 4449 1344 4504 additur
1395 4449 1679 4504 brachium
1704 4451 1835 4504 illtid

245 4546 414 4600 modo
437 4541 668 4609 servari,
726 4541 783 4596 in
845 4541 1005 4597 theca
1063 4552 1340 4612 argentea,
1389 4542 1596 4597 brachii
1640 4541 1834 4600 forma.

244 4633 664 4707 Papebrochius
711 4642 897 4687 noster
957 4632 1011 4685 in
1083 4631 1371 4687 Itinerario
1425 4631 1550 4698 Ms.,
1613 4634 1758 4702 quod
1807 4649 1837 4688 a

246 4743 407 4782 mora
442 4728 689 4782 Romana
754 4738 932 4794 usque
964 4725 1033 4778 ad
1065 4723 1300 4778 reditum
1330 4724 1384 4778 in
1434 4721 1680 4795 Belgium
1707 4739 1839 4779 con-

246 4820 497 4888 scripsit,
532 4831 658 4887 pag.
697 4813 822 4877 108,
857 4813 1002 4868 inter
1047 4812 1326 4883 reliquias,
1371 4826 1510 4881 quas
1579 4811 1715 4866 vidit
1783 4814 1836 4866 in

248 4912 497 4970 sacrario
517 4905 977 4974 Casinensi,illud
1007 4921 1069 4962 os
1102 4905 1316 4961 brachii
1363 4905 1542 4960 sancti
1594 4905 1836 4960 Matth-.ei

249 5013 533 5062 recenset.

321 5100 418 5155 94.
456 5097 631 5152 Roma
675 5095 729 5150 in
760 5093 928 5150 variis
979 5092 1228 5150 ecclesiis
1254 5092 1514 5163 reliquias
1537 5093 1838 5148 nonnullas

248 5190 432 5244 sancti
470 5187 711 5242 Matthsei
763 5186 1010 5240 exhibet.
1071 5183 1220 5238 Inter
1265 5197 1588 5237 numerosas
1656 5192 1838 5236 autem

249 5282 422 5338 Urbis
457 5281 721 5337 ecclesias
777 5293 883 5334 una
931 5288 1015 5333 est
1063 5286 1254 5333 sancto
1321 5276 1576 5331 Matthaco
1634 5275 1837 5341 dicata,

252 5392 376 5446 quae
401 5375 823 5446 cognominatur
853 5374 908 5426 in
945 5371 1260 5437 Marulana,
1313 5385 1413 5441 pro
1467 5371 1523 5424 in
1567 5370 1836 5434 Mariana,

253 5468 382 5538 quia
404 5465 712 5539 propinqua
744 5474 830 5520 est
875 5464 1095 5534 tropaeis
1141 5461 1321 5527 Marii,
1357 5472 1416 5517 ut
1440 5462 1573 5516 varii
1606 5463 1841 5532 scripto—

255 5579 346 5619 res
375 5571 658 5618 asserunt.
694 5561 1051 5624 Martincllus,
1078 5559 1133 5614 in
1161 5559 1329 5614 Roma
1353 5576 1534 5624 sacra,
1570 5559 1839 5631 pag.257,

253 5657 367 5728 agit
389 5659 457 5710 de
490 5656 595 5709 hac
664 5654 842 5709 sancti
870 5653 1106 5708 Matthasi
1148 5652 1379 5707 ecclesia
1430 5653 1484 5706 in
1531 5652 1840 5714 Merulana,

251 5749 388 5803 alias
421 5746 699 5813 Mariana,
736 5748 793 5800 in
844 5747 1067 5816 regione
1095 5747 1390 5812 montium,
1420 5746 1604 5801 eundo
1629 5761 1658 5799 a
1691 5744 1843 5800 Basi-

249 5844 356 5898 lica
409 5840 466 5895 S.
503 5838 686 5892 Mariae
741 5837 962 5909 Majoris
1011 5836 1078 5893 ad
1132 5836 1481 5893 Lateranum.
1542 5837 1833 5905 Annexum

1926 1387 2391 1442 constructionem
2428 1389 2683 1458 primam,
2715 1391 2831 1445 sive
2876 1401 2998 1461 post
3031 1393 3508 1450 instaurationem.

1922 1475 2140 1528 Etenim
2169 1477 2424 1532 laudatus
2448 1478 2791 1535 Martinellus
2816 1481 3034 1551 longam
3066 1482 3262 1539 recitat
3313 1484 3512 1538 inscri-

1928 1568 2198 1635 ptionem,
2234 1585 2356 1638 quin
2392 1573 2737 1628 consecratio
2787 1574 2877 1628 illa
2940 1574 3208 1629 asseritur
3253 1574 3306 1628 in
3367 1575 3514 1629 hunc

1927 1662 2174 1714 modum.
2221 1680 2240 1712 ε
2284 1664 2339 1716 In
2375 1665 2599 1719 nomine
2638 1666 2849 1720 Domini
2885 1668 3060 1721 nostri
3117 1666 3510 1722 Jesu‘Christi.

1925 1755 2120 1808 Anien.
2161 1756 2322 1810 Anno
2368 1755 2768 1813 lncarnatiouis
2821 1757 3117 1815 Dominicae
3163 1761 3320 1827 HIO,
3368 1760 3515 1814 indi-

1925 1847 2110 1901 ctione
2145 1865 2224 1913 tu,
2266 1848 2400 1903 feria
2441 1866 2490 1903 νι
2520 1861 2730 1918 quartis
2761 1851 3060 1906 Dominicre
3107 1853 3160 1906 in
3201 1829 3517 1924 Quadrage-

1926 1939 2087 2004 siina,
2123 1939 2212 1994 die
2241 1940 2643 1996 incarnationis-
2677 1943 2925 2011 ejusdem
2962 1943 3021 1999 υ.
3065 1944 3129 1998 Ν.
3161 1945 3294 2002 Jesu
3347 1947 3513 2000 Chri-

1924 2029 2016 2095 sti,
2076 2032 2431 2101 pontificatus
2495 2033 2556 2089 D.
2617 2033 2898 2088 Paschalis
2950 2036 3110 2104 Papae
3153 2037 3198 2090 ll
3255 2053 3400 2093 anno
3447 2039 3510 2094 ll

1925 2120 2143 2189 (omnes
2167 2129 2314 2176 notat
2358 2122 2704 2177 concordant
2746 2139 2893 2178 anno
2935 2123 3090 2194 1110)
3141 2125 3392 2180 dedicata
3431 2135 3520 2184 est

1925 2213 2252 2268 venerabilis
2279 2213 2397 2268 haec
2433 2215 2668 2269 ecclesia
2705 2217 2758 2268 in
2795 2215 3062 2270 honorem
3103 2216 3218 2283 Dei,
3250 2217 3310 2273 Β.
3339 2219 3519 2275 Marias

1926 2315 2149 2376 semper
2179 2305 2438 2378 Virginis,
2490 2316 2547 2362 et
2599 2307 2742 2364 beati
2765 2311 3003 2382 apostoli
3059 2319 3117 2366 et
3169 2313 3520 2383 evangelista:

1928 2398 2188 2464 Matthaei,
2227 2415 2353 2454 cum
2385 2410 2622 2469 quatuor
2659 2402 2950 2470 altaribus,
2978 2418 3100 2473 quae
3147 2414 3278 2459 sunt
3320 2406 3372 2458 in
3426 2420 3515 2461 ea.

1927 2491 2060 2558 Quae
2087 2492 2431 2547 consecratio
2461 2493 2605 2547 facta
2629 2503 2716 2547 est
2736 2509 2764 2546 a
2793 2494 3024 2563 priefuto
3055 2496 3304 2563 domino,
3347 2505 3403 2552 et
3427 2515 3520 2552 ve-

1934 2582 2346 2638 nerabilissimo
2380 2582 2640 2638 Pontifice
2671 2584 2920 2639 Paschali
2952 2585 3000 2640 ll
3031 2601 3187 2657 papa.
3237 2587 3296 2642 lu
3329 2588 3522 2660 majori

1929 2673 2201 2742 siquidem
2237 2675 2396 2728 altari
2425 2675 2727 2730 celebravit
2756 2676 2900 2731 idem
2926 2676 2988 2732 D.
3019 2693 3160 2749 papa
3203 2681 3424 2734 missam
3464 2680 3522 2735 in

1933 2767 2198 2822 honorem
2231 2767 2291 2823 Β.
2321 2767 2974 2840 Matthaci.Co:idjutores
3005 2787 3136 2828 vero
3163 2773 3280 2844 ejus
3297 2772 3524 2828 fuerunt

1931 2868 2143 2927 septem
2174 2875 2189 2921 ;
2225 2858 2485 2913 videlicet
2517 2857 2826 2929 Raynerius
2882 2863 2949 2915 de
2987 2860 3164 2926 Ostia,
3224 2861 3525 2918 Riccardus

1930 2952 1999 3006 de
2033 2951 2220 3016 Portu,
2258 2951 2454 3006 Petrus
2475 2954 2542 3008 de
2579 2953 2808 3019 Tibure,
2830 2954 3081 3010 Julianus
3111 2959 3176 3010 de
3202 2956 3524 3024 Ferentino,

1930 3045 2258 3100 Anastasius
2291 3047 2358 3101 de
2388 3046 2549 3110 Alba,
2571 3048 2768 3102 Petrus
2800 3048 2868 3102 de
2886 3049 3227 3114 Tusculano,
3254 3050 3527 3105 Antonius

1932 3136 2001 3190 de
2031 3137 2262 3200 Aine-lia,
2288 3140 2652 3207 praesentibus
2687 3141 2946 3195 omnibus
2972 3140 3031 3195 S.
3074 3143 3140 3197 Il.
3176 3139 3240 3194 E.
3266 3141 3529 3196 Cardina-

1936 3230 2100 3296 libus,
2133 3232 2490 3301 presbyteris,
2515 3242 2573 3287 et
2597 3233 2944 3298 diaeonibus,
2971 3247 3074 3288 nec
3095 3249 3206 3288 non
3227 3235 3524 3289 innumera

1932 3323 2064 3378 olori
2093 3335 2149 3379 et
2169 3328 2360 3396 populi
2385 3327 2616 3382 Romani
2645 3327 3021 3382 multitudine.

2005 3439 2095 3494 95.
2136 3438 2192 3492 In
2227 3440 2414 3512 majori
2449 3451 2632 3496 autem
2660 3443 2835 3508 altari,
2874 3453 3199 3498 consecrato
3233 3460 3262 3499 a
3297 3445 3528 3516 praefato

1937 3531 1999 3586 D.
2037 3547 2196 3601 papa,
2225 3533 2315 3586 cui
2352 3535 2517 3588 etiam
2554 3535 2762 3605 praefati
2789 3537 3034 3608 episcopi
3061 3539 3374 3605 astiterunt,
3408 3541 3530 3596 fue-

1937 3633 2064 3678 runt
2089 3625 2169 3678 ha:
2190 3625 2430 3694 reliquis:
2465 3627 2776 3682 collocatae:
2802 3639 2855 3684 et
2875 3630 3051 3699 primo
3070 3631 3137 3685 de
3157 3631 3306 3702 ligno
3326 3643 3530 3688 sanctae

1935 3707 2148 3783 Crucis,
2187 3718 2474 3772 brachium
2515 3721 2689 3774 sancti
2723 3721 2983 3786 Matthari,
3026 3723 3095 3777 de
3135 3723 3314 3792 lapide
3343 3726 3528 3795 sepul—

1937 3811 2018 3866 cri
2051 3811 2256 3865 Christi
2287 3821 2444 3866 etc...
2480 3813 2547 3866 Et
2571 3829 2670 3883 ego
2710 3812 2989 3868 Paschalis
3024 3831 3162 3885 papa
3199 3817 3529 3873 universalis

1938 3902 2201 3957 Ecclesia:
2230 3919 2352 3958 cum
2379 3901 2622 3974 praefatis
2653 3905 2922 3975 episcopis
2961 3907 3060 3962 has
3092 3920 3408 3965 sanctorum
3442 3928 3528 3968 re-

1938 3992 2132 4063 liquias
2178 3995 2349 4048 oculis
2393 3997 2631 4066 propriis
2665 4000 2794 4062 vidi,
2847 4000 3212 4072 manibusque
3247 4003 3387 4057 meis
3435 4013 3525 4058 at-

1942 4085 2192 4149 trectari,
2251 4095 2306 4140 et
2335 4089 2612 4143 recondidi
2669 4104 2792 4144 cum
2847 4091 3075 4162 antiquo
3129 4094 3285 4150 titulo
3315 4095 3370 4150 in
3403 4113 3531 4153 arca

1940 4195 2248 4235 marmorea
2291 4181 2392 4236 sub
2436 4183 2592 4236 altari
2640 4185 2859 4255 majori.
2901 4207 2919 4239 ι
2954 4188 3121 4244 Addit
3165 4189 3533 4263 indulgentias

1940 4273 2293 4328 visitantibus
2323 4275 2609 4330 ecclesiam
2645 4279 2790 4332 illam
2826 4297 2856 4333 a
2876 4281 2967 4335 dic
3001 4285 3433 4340 consecrationis
3463 4287 3534 4343 25

1942 4364 2120 4420 Martii
2149 4382 2324 4436 usque
2363 4369 2430 4421 ad
2469 4367 2733 4424 Octavam
2787 4370 3174 4443 Pentecostes;
3211 4386 3265 4432 et
3308 4377 3535 4434 infesto

1943 4457 2120 4511 sancti
2167 4457 2406 4512 Matthaei
2451 4460 2514 4513 21
2568 4459 2929 4532 Septembris.
2968 4465 3242 4522 Caeterum
3270 4485 3366 4540 per
3404 4471 3535 4527 brae

1943 4545 2128 4601 chium
2157 4550 2332 4604 sancti
2383 4549 2641 4614 Matthxi,
2678 4555 2908 4622 quodin
2956 4559 3112 4613 altari
3163 4563 3529 4629 reconditum,

1941 4637 2157 4706 aliquod
2184 4655 2246 4694 os
2286 4641 2499 4696 brachii
2543 4643 2957 4716 intelligendum
3007 4662 3161 4718 puto,
3204 4669 3314 4707 non
3354 4664 3528 4710 totum

1941 4727 2248 4784 brachium.
2286 4729 2602 4788 I‘ancirolus
2632 4735 2682 4789 in
2709 4751 2875 4807 opere
2899 4737 3089 4794 italico
3126 4741 3203 4794 De
3246 4743 3530 4801 Thesauri:

1942 4820 2286 4888 absconditis,
2353 4823 2540 4881 Romae
2611 4828 2665 4880 in
2739 4832 2969 4887 ecclesia
3050 4835 3224 4890 sancti
3292 4837 3531 4894 Matthxi

1942 4930 2064 4985 pag.
2122 4915 2222 4971 157
2269 4919 2487 4984 asserit,
2538 4921 2686 4977 aliud
2737 4923 3024 4981 brachium
3072 4929 3247 4984 sancti
3295 4930 3532 4989 Matthxi

1943 5011 2147 5068 servari
2186 5011 2239 5064 in
2269 5011 2491 5067 basilica
2521 5025 2724 5070 sanctae
2761 5016 2943 5072 Maria:
2967 5019 3206 5090 Majoris,
3241 5023 3387 5080 aliud
3411 5042 3534 5081 rur-

1942 5114 2061 5154 sum
2100 5099 2153 5154 in
2201 5103 2432 5159 ecclesia
2475 5108 2651 5162 sancti
2680 5107 2918 5165 Marcelli
2957 5128 3150 5182 papm:
3182 5123 3236 5170 et
3265 5117 3320 5170 in
3353 5119 3532 5176 indice

1945 5192 2296 5261 reliquiarum
2340 5197 2587 5270 adjungit
2622 5203 2797 5257 sancti
2837 5203 3072 5260 Matthati
3105 5219 3310 5263 costam
3343 5210 3532 5267 haberi

1943 5281 1996 5336 in
2027 5285 2255 5340 ecclesia
2278 5286 2344 5343 ,S.
2376 5287 2585 5346 Nicolai
2617 5293 2670 5346 in
2700 5293 2952 5352 Carcere.
2987 5299 3085 5355 His
3114 5303 3369 5358 omnibus
3398 5319 3534 5359 cen-

1943 5377 2112 5431 sentit
2141 5378 2334 5434 Piazza
2367 5381 2422 5436 in
2462 5383 2842 5458 lleiuerologio
2880 5405 3040 5447 sacro
3070 5393 3136 5448 ad
3185 5394 3333 5449 hunc
3365 5396 3528 5459 diem,

1945 5465 2037 5528 ubi
2063 5471 2232 5540 addit,
2266 5474 2516 5528 nonnihil
2553 5476 2718 5532 etiam
2771 5481 3126 5550 reliquiarum
3177 5488 3350 5542 sancti
3395 5489 3534 5544 Mat-

1946 5566 2070 5620 thiei
2101 5566 2306 5621 servari
2342 5566 2397 5619 in
2426 5566 2649 5622 basilica
2682 5567 2941 5627 Vaticana
2973 5576 3146 5630 sancti
3191 5577 3359 5646 Petri,
3388 5590 3442 5636 et
3473 5582 3531 5638 in

1945 5657 2192 5712 ccclesiis
2237 5668 2550 5714 sanctorum
2615 5663 2986 5730 apostolorum
3039 5677 3092 5721 et
3149 5670 3211 5724 ὃ.
3265 5672 3530 5741 Caeciliae;

1947 5750 2202 5818 variaque
2251 5761 2538 5806 enumerat
2582 5750 2769 5810 Romae
2797 5758 2969 5813 sancti
3013 5757 3254 5818 Matthtei
3304 5767 3530 5834 sacella,

1945 5857 2068 5913 qua:
2096 5841 2376 5900 brevitatis
2404 5858 2570 5900 causa
2607 5846 2786 5903 mitto.
