4002 6454
512 349 629 412 807

1754 341 2038 400 MENSIS
2071 338 2542 398 SEi‘TEMBER.

3657 338 3753 403 838

589 457 678 514 96.
727 455 967 511 Μηεῖηυ,
1016 456 1070 510 in
1124 455 1362 528 Βοηοηία
1404 454 1757 522 perium-am,
1815 470 1939 526 pag,
1994 450 2159 511 412οΑ
2193 449 2437 519 catalogo
2489 447 2839 518 reliquiarum
2894 446 3180 516 atriusque
3223 447 3540 502 monasterii
3586 449 3753 503 nullas

519 558 768 610 testatur,
803 545 1058 602 Bononiae
1082 560 1200 600 esse
1218 547 1506 600 ecclesiam
1532 545 1879 616 parcecialem
1902 553 2095 599 sancto

516 633 773 693 Matthazo
802 637 1058 700 dicatam,
1085 636 1146 689 in
1185 651 1291 706 qua
1321 636 1494 706 ipsius
1524 637 1795 692 festivitas
1822 636 2097 706 praecipue

518 728 860 790 celebratur,
894 726 1080 795 in‘alia
1126 743 1257 781 vero
1286 727 1516 783 ecclesia
1562 724 1877 795 parochiali,
1911 734 2098 778 sancto

513 807 741 871 'Nicolao
788 834 963 883 sacra,
992 819 1234 888 ejusdem
1287 818 1517 888 apostoli
1551 817 1836 870 brachium
1879 813 2097 885 aliquod

512 909 850 972 τριήρη-ατί,
885 909 1069 978 ibique
1094 909 1493 964 solemnitatem
1528 906 1645 976 ejus
1678 905 1940 960 celebrari
1969 919 2097 958 cum

519 1001 869 1070 indulgentiis
943 1000 1230 1071 plenariis.
1292 999 1616 1054 Laurentius
1656 994 1992 1068 Beyerlinck,
2043 996 2099 1049 in

524 1092 743 1144 Theatra
774 1093 892 1146 vita:
920 1093 1184 1157 humanm,
1221 1101 1353 1146 tom.
1389 1091 1475 1154 Vl,
1509 1092 1575 1145 ad
1609 1105 1794 1146 vocem
1818 1090 2095 1160 Reliquiae,

519 1193 771 1237 recenset
805 1201 926 1254 pag.
963 1186 1068 1238 505
1120 1185 1374 1253 reliquias
1409 1184 1609 1238 multas
1639 1183 1858 1252 Neapoli
1907 1197 2098 1236 serva-

516 1289 619 1338 tas,
666 1279 914 1346 interque
953 1295 1045 1330 eas
1089 1278 1266 1331 sancti
1320 1276 1556 1330 Mattltari
1594 1276 1851 1345 reliquias
1905 1275 2098 1328 tribuit

517 1369 762 1424 ecclesia:
809 1369 865 1422 S.
931 1369 1108 1423 Mariae
1153 1371 1220 1423 de
1270 1369 1570 1438 Sapientia,
1612 1377 1665 1420 ct
1695 1382 1813 1436 pag.
1848 1367 1951 1421 504
1974 1380 2095 1420 ossa

511 1462 686 1515 sancti
716 1461 953 1516 Matthzei
981 1461 1038 1516 S.
1073 1461 1253 1515 Maria:
1289 1462 1355 1514 de
1401 1460 1717 1528 virginibus.
1749 1459 1893 1512 inter
1921 1458 2096 1512 cccle-

508 1551 626 1604 sias
660 1550 920 1620 plurimas
952 1553 1103 1606 urbis
1143 1551 1383 1607 Venetiae
1421 1567 1528 1604 una
1560 1563 1778 1618 quoque
1823 1557 1906 1602 est
1941 1563 2100 1618 paro-

511 1644 704 1698 chtalis
740 1654 930 1698 sancto
974 1643 1228 1697 Mattltaao
1264 1659 1437 1707 sacra;
1489 1652 1546 1695 ut
1572 1651 1828 1696 accurate
1869 1640 2091 1709 exponit

513 1730 912 1792 illustrissimus
942 1736 1178 1806 scriptor
1229 1736 1498 1805 nobisque
1531 1735 1916 1796 amicissimus,
1970 1733 2090 1786 Fla-

507 1827 712 1880 minius
771 1825 1076 1892 Cornelius,
1142 1836 1363 1880 senator
1418 1826 1676 1890 Venetus,
1735 1825 1790 1878 in
1852 1824 2084 1894 eleganti

508 1936 676 1990 Opere
729 1919 803 1973 De
837 1919 1064 1973 ecclesiis
1125 1917 1349 1980 Venetis,
1401 1919 1519 1974 dec.
1553 1933 1624 1982 tv,
1672 1933 1792 1987 pag.
1844 1917 1965 1984 173,
1997 1915 2086 1969 ubi

507 2011 702 2065 recitat
735 2010 1074 2064 fundationis
1125 2009 1338 2064 litteras
1383 2023 1451 2060 ex
1499 2007 1858 2079 autograpbo.
1894 2006 1970 2059 Ex
2003 2006 2088 2060 his

509 2111 663 2156 recte
717 2101 958 2164 deducit,
1003 2101 1378 2154 fundationem
1429 2100 1598 2154 fuisse
1649 2101 1868 2161 factam,
1900 2116 2087 2154 mense

510 2183 806 2245 Februario
841 2192 967 2244 anni
1005 2191 1142 2245 1155
1169 2207 1320 2244 more
1355 2191 1560 2244 Veneto
1601 2199 1653 2244 et
1684 2191 1912 2244 aliorum
1944 2192 2089 2244 illius

511 2284 794 2353 temporis,
839 2292 897 2337 ut
927 2283 1097 2352 liquet
1128 2299 1192 2337 ex
1242 2283 1541 2336 indictione
1577 2300 1626 2337 tv
1655 2283 1709 2336 in
1752 2282 1948 2336 litteris
1993 2284 2090 2336 ad-

507 2376 671 2444 jecta,
705 2393 811 2445 qua
851 2376 1168 2445 designatur
1219 2391 1396 2428 annus
1435 2374 1603 2441 1156;
1636 2375 1728 2428 sed
1766 2390 1952 2428 mense
1985 2373 2088 2428 Fe-

510 2466 732 2525 bruario
782 2469 1039 2538 pergebat
1095 2478 1225 2523 tunc
1261 2482 1482 2522 currere
1523 2483 1702 2521 auttus
1752 2466 1888 2521 1156
1917 2482 2089 2536 usque

510 2564 576 2618 ad
605 2557 828 2625 Pascha,
872 2571 964 2616 aut
1011 2571 1161 2617 certe
1206 2577 1375 2631 usque
1418 2561 1485 2615 ad
1537 2560 1736 2614 festum
1776 2561 2088 2614 Annuntia-

511 2659 697 2721 tionis,
732 2658 847 2712 sive
877 2655 1022 2712 diem
1051 2657 1122 2711 25
1155 2655 1352 2710 Martii.
1388 2653 1664 2708 Fundator
1713 2653 1958 2709 ecclesia:
1988 2651 2091 2707 fuit

512 2745 829 2805 Leonardus
893 2748 1213 2813 Cornarius,
1284 2747 1444 2816 cujus
1507 2747 1707 2800 littera:
1766 2745 2088 2808 recitantur,

509 2844 965 2913 quemadmodum
1005 2850 1060 2898 et
1091 2842 1194 2896 alia
1226 2840 1472 2904 donatio,
1516 2855 1637 2908 quae
1667 2854 1812 2893 anno
1851 2839 1986 2893 1166
2023 2839 2088 2892 ad

511 2925 738 3004 primam
772 2935 1024 2990 accessit.
1054 2933 1258 2987 Deinde
1287 2948 1351 2986 ex
1380 2940 1651 2986 vetustate
1673 2931 1931 2985 fatiscens
1955 2939 2090 2985 tem-

511 3033 660 3099 plum
697 3029 1033 3083 instauratur
1059 3042 1204 3082 anno
1238 3025 1454 3080 Domini
1499 3025 1658 3092 ltil5,
1689 3033 1750 3079 ut
1799 3041 1862 3080 ex
1896 3025 2090 3078 inseri.

2191 541 2358 594 sancti
2392 540 2629 595 Matthzei
2663 541 2906 595 invenio.
2957 539 3026 593 At
3057 542 3231 596 sancti
3265 539 3498 594 Matthxi
3526 541 3758 610 reliquie:

2189 649 2332 686 anno
2361 633 2500 687 1554
2529 633 2753 688 inclusae
2780 633 3004 706 fuerunt
3035 633 3088 686 in
3135 630 3292 686 altari
3321 635 3495 687 sancti
3531 633 3758 690 Abundii

2188 725 2331 794 quod
2367 725 2583 780 Sublaci
2640 726 2698 779 in
2747 725 2902 779 Latio
2947 732 3078 780 tunc
3120 726 3466 780 consecravit
3513 725 3760 781 Andreas

2190 816 2415 870 Crucius
2442 817 2736 888 episcopus
2767 817 3110 880 Tiburtinus,
3144 829 3203 870 ut
3253 816 3418 870 habet
3459 815 3760 885 inscriptio,

2191 909 2314 963 data
2351 918 2484 964 tom.
2516 910 2580 963 Vl
2609 909 2839 980 Augusti
2882 924 3006 979 pag.
3033 909 3156 963 055.
3205 908 3458 962 Bocchus
3490 909 3680 962 Pirrus
3714 909 3768 963 in

2193 1000 2375 1056 Sicilia
2401 1019 2584 1064 sacra,
2616 1012 2748 1056 tom.
2783 1003 2848 1067 ll,
2883 1019 3008 1072 pag.
3044 1003 3170 1064 4η,
3201 1003 3291 1056 ubi
3322 1013 3610 1056 enumerat
3637 1003 3766 1056 reli-

2191 1096 2346 1163 quias
2375 1093 2620 1147 ecclesiae
2669 1092 2998 1146 cath‘edralis
3032 1091 3509 1161 Cephalzeditanaa,
3537 1093 3611 1146 ait
3650 1107 3771 1146 eam

2191 1184 2426 1253 gaudere
2462 1184 2596 1252 pede
2625 1183 2840 1250 integro
2871 1199 2995 1238 cum
3030 1185 3170 1252 pelle
3200 1184 3262 1237 Β.
3300 1183 3558 1238 Matthai.
3589 1183 3772 1239 Sicilis

2194 1273 2400 1344 insigne
2425 1273 2685 1342 oppidum
2713 1272 2928 1335 Siciliae,
2959 1274 3010 1326 in
3053 1275 3188 1328 valle
3223 1273 3418 1328 Netina
3455 1284 3510 1328 et
3543 1275 3774 1329 dimcesi

2195 1365 2559 1433 Syracusana,
2599 1379 2706 1416 non
2743 1364 2934 1432 procul
2962 1379 2990 1416 a
3028 1363 3219 1417 thina
3247 1365 3489 1428 civitate,
3519 1375 3774 1418 sanetum

2195 1455 2509 1509 Mattlneum
2538 1465 2832 1508 veneratur
2862 1464 3153 1524 patronum
3180 1455 3476 1516 titularcm,
3502 1458 3588 1509 cui
3621 1456 3780 1510 dedi-

2193 1555 2310 1600 cata
2339 1555 2421 1599 est
2451 1546 2709 1614 primaria
2743 1546 2969 1601 ecclesia
3017 1547 3370 1615 parochialis.
3411 1545 3526 1600 Non
3558 1548 3776 1612 dubito,

2193 1639 2322 1706 quin
2355 1645 2409 1690 et
2436 1639 2555 1691 alia:
2595 1647 2886 1691 serventur
2907 1638 3187 1707 particulae
3214 1639 3566 1708 reliquiarum
3599 1642 3778 1694 sancti

2195 1730 2434 1784 llatthrei
2465 1731 2518 1784 in
2550 1731 2701 1785 italia
2731 1740 2786 1784 ct
2819 1730 3041 1796 Sicilia;
3091 1731 3185 1785 sed
3212 1745 3406 1784 omnes
3449 1746 3781 1785 enumerare

2197 1839 2302 1876 non
2331 1831 2415 1876 est
2451 1831 2614 1877 tanta:
2647 1823 3011 1890 necessitatis,
3038 1831 3257 1893 quanta:
3281 1821 3642 1877 dillieultatis.
3672 1822 3779 1877 Ita-

2195 1930 2298 1984 que
2335 1914 2387 1968 in
2419 1913 2765 1968 Germaniam
2800 1925 3040 1981 transeo,
3095 1914 3388 1969 nonnullas
3427 1923 3482 1968 et
3527 1915 3602 1968 ibi
3644 1916 3786 1970 assis

2196 2016 2481 2076 gnaturus.

2268 2099 2354 2172 98_.
2397 2088 2693 2168 Pt'agenscs
2735 2097 2788 2152 in
2827 2098 3086 2153 Bohemia
3137 2099 3335 2154 multas
3368 2099 3614 2154 ecclesia:
3669 2116 3785 2155 suae

2194 2191 2499 2244 attribuunt
2534 2190 2708 2244 sancti
2744 2190 2980 2244 Matthaai
3011 2191 3289 2260 reliquias.
3325 2191 3564 2244 Thomas
3608 2191 3783 2244 Joan-

2196 2299 2295 2338 nes
2333 2282 2578 2347 Pessina,
2628 2283 2682 2336 in
2737 2283 3044 2353 Phosphoro
3091 2283 3366 2354 Pragensi,
3399 2299 3521 2355 pag.
3554 2283 3662 2338 518
3691 2300 3784 2339 eas

2198 2377 2276 2430 sic
2307 2383 2594 2430 enumerat
2622 2393 2636 2430 :
2675 2375 2895 2430 «Sancti
2937 2375 3172 2430 Mattbtei
3197 2375 3425 2446 apostoli
3462 2384 3518 2429 et
3541 2391 3785 2447 evange-

2198 2469 2331 2522 lislze
2357 2485 2454 2538 pes
2510 2471 2739 2538 integer,
2771 2478 2828 2524 et
2877 2469 3162 2524 brachium
3213 2483 3337 2522 cum
3401 2469 3584 2537 pelle:
3631 2480 3788 2524 costa

2197 2575 2422 2634 argento
2469 2563 2830 2627 circumdata,
2888 2573 2944 2617 et
2991 2565 3149 2618 dens.
3203 2563 3335 2618 Item
3393 2563 3498 2618 alia
3543 2573 3786 2633 quatuor

2199 2671 2348 2721 ossa,
2389 2655 2550 2709 simul
2586 2657 2636 2708 in
2662 2665 2918 2729 argentea
2951 2656 3106 2710 theca
3151 2658 3492 2726 composita:
3529 2656 3637 2710 alia
3686 2658 3787 2711 itc-

2197 2765 2318 2803 rttm
2353 2749 2606 2804 notabilis
2633 2764 2780 2818 pars.
2821 2768 2838 2800 ι
2879 2748 3005 2803 llaze
3048 2749 3246 2804 dicitur
3277 2766 3401 2818 pars
3439 2750 3507 2805 de
3552 2753 3789 2805 humero

2199 2840 2253 2894 in
2281 2841 2536 2911 Catalogo
2568 2843 2834 2910 impresso
2868 2840 3222 2910 reliquiarum
3249 2841 3630 2912 Pragensium,
3667 2856 3790 2910 quae

2199 2948 2342 2987 anno
2379 2934 2512 2988 1615
2539 2951 2603 2988 ex
2630 2948 2758 2988 arce
2787 2933 2930 3004 regia
2976 2932 3282 2988 Carlsteina
3330 2934 3382 2988 in
3427 2935 3784 3004 metropolim

2199 3035 2328 3080 sunt
2360 3026 2652 3091 translatae,
2682 3027 2738 3080 in
2761 3042 2861 3096 qut
2893 3035 2948 3080 et
2973 3026 3198 3094 reliquae
3232 3036 3614 3082 recensentur.
3639 3027 3790 3092 Quin

512 3123 699 3192 ptionc
735 3135 1041 3174 marmorea
1075 3119 1370 3173 edoccmur
1408 3117 1603 3188 parieti
1630 3116 1807 3180 aiiixa,
1848 3135 1868 3170 ι
1913 3116 2091 3185 inquit
2116 3147 2160 3209 ρ
2199 3127 2254 3172 et
2279 3118 2351 3172 ibi
2383 3118 2614 3187 septimo
2641 3115 2836 3173 ordine
2885 3132 3035 3171 nttm.
3069 3117 3138 3171 56
3164 3115 3441 3172 adduntur
3469 3118 3786 3187 sequentia,

509 3212 820 3275 Cornelius,
878 3211 1024 3265 illam
1083 3211 1341 3265 recitans.
1395 3207 1541 3263 idem
1587 3209 1747 3278 paulo
1796 3216 1922 3278 post
1966 3208 2088 3262 ait:

519 3321 538 3353 c
566 3305 850 3357 Postremo
885 3315 1007 3355 cum
1035 3300 1235 3354 nostris
1263 3299 1414 3354 hisee
1439 3299 1775 3369 temporibus
1807 3301 1872 3354 ad
1905 3301 2092 3354 ruinas

512 3403 778 3466 vergeret,
830 3393 1034 3447 Nicolai
1083 3391 1274 3447 Milesii
1328 3392 1544 3462 plebani
1590 3391 1772 3446 studio
1825 3408 1855 3445 a
1898 3391 2092 3463 funda-

511 3489 709 3542 mentis
740 3488 793 3539 in
825 3485 1218 3556 elegantiorem
1266 3483 1496 3537 formam
1541 3480 1874 3546 restituitur,
1911 3497 2090 3536 sacrae

509 3596 616 3645 que
667 3578 1004 3649 supellectile
1049 3587 1102 3630 et
1148 3575 1486 3630 ornamentis
1539 3573 1756 3643 copiose
1802 3573 2093 3627 instruitur

510 3685 655 3724 anno
683 3668 896 3723 Domini
931 3667 1070 3721 1755
1102 3683 1198 3737 per
1231 3666 1508 3738 Aloysium
1539 3661 1833 3719 Foscarum
1864 3665 2094 3733 patriar-

509 3765 670 3820 cham
706 3761 974 3816 Venatum
1007 3769 1379 3815 consecratur.
1415 3778 1432 3810 ι
1470 3758 1543 3814 De
1577 3757 1820 3826 reliquiis
1847 3757 2092 3827 ejusdem

510 3854 754 3910 ecclesia:
786 3861 980 3908 auctor
1007 3868 1127 3922 pag.
1165 3851 1264 3905 175
1305 3851 1499 3904 scribit
1527 3867 1539 3903 :
1580 3867 1597 3899 t
1635 3845 1920 3902 Nonnullis
1951 3848 2092 3900 dita-

513 3956 602 4002 tur
651 3946 906 4001 Divorum
965 3944 1209 4013 lipsanis,
1267 3958 1466 4010 nempe
1517 3957 1581 3995 ex
1635 3942 1854 3995 ossibus
1918 3937 2092 3994 sancti

511 4037 743 4107 apostoli
781 4035 1073 4099 Tutelaris,
1107 4053 1125 4085 ι
1159 4043 1266 4087 etc.
1304 4033 1464 4086 Plura
1496 4032 1562 4086 de
1612 4032 1699 4085 illa
1743 4027 1973 4085 ecclesia
2007 4030 2095 4086 di-

516 4133 746 4201 ligenter
773 4129 975 4183 ibidem
1009 4130 1296 4181 observata
1330 4125 1503 4180 videri
1536 4133 1788 4194 possunt.

585 4203 676 4274 97.
716 4218 1003 4272 Cornelius
1057 4226 1238 4271 autem
1282 4217 1336 4269 in
1384 4215 1662 4285 Opuseulo
1712 4216 1780 4270 de
1834 4215 2092 4282 Ecclesiis

513 4310 870 4373 Torceilanis,
905 4309 1046 4379 quod
1082 4310 1246 4379 priori
1283 4309 1510 4374 addidit,
1565 4309 1673 4362 duo
1708 4309 1945 4379 assignat
1979 4325 2098 4362 moo-

512 4405 754 4460 nasteria
802 4402 1123 4456 monialinm
1178 4413 1367 4456 sancto
1401 4401 1656 4454 Matth-ato
1701 4409 1928 4455 sacrata.
1979 4398 2096 4453 Pri-

2196 3209 2399 3273 uescio,
2432 3225 2500 3262 an
2540 3210 2674 3264 satis
2703 3218 2893 3265 recte:
2952 3228 2969 3260 ι
3013 3209 3200 3265 Sancti
3243 3209 3482 3263 Matthxi
3543 3209 3788 3280 apostoli

2192 3311 2246 3355 et
2294 3300 2639 3371 evangelistae
2686 3300 2971 3354 brachium
3031 3312 3324 3371 utrumque
3363 3317 3487 3355 cum
3531 3302 3684 3370 pelle
3737 3310 3789 3355 et

2195 3408 2379 3448 carne.
2419 3412 2438 3444 ›
2471 3399 2541 3448 At
2568 3393 2622 3446 in
2653 3392 2900 3463 catalogo
2921 3409 3024 3447 ms.
3065 3394 3445 3463 reliquiarum,
3487 3410 3555 3447 ex
3587 3394 3787 3449 Calen-

2194 3483 2346 3538 dario
2373 3483 2656 3555 Pragensis
2685 3483 2933 3540 ecclesiae
2965 3495 3236 3552 extracto,
3264 3501 3423 3555 quem
3452 3501 3602 3541 anno
3640 3486 3785 3540 1647

2197 3578 2302 3632 huc
2336 3577 2481 3631 misit
2504 3577 2568 3632 P.
2601 3576 2923 3632 Theodorus
2957 3577 3214 3643 Mor-etus,
3251 3579 3367 3633 haec
3385 3578 3560 3635 solum
3589 3579 3790 3648 legun-

2197 3677 2285 3723 tur
2313 3669 2379 3722 ad
2419 3668 2482 3722 21
2519 3667 2894 3737 Septembris:
2929 3687 2947 3720 ‹
2982 3668 3166 3723 Sancti
3202 3670 3439 3726 Mattbad
3466 3671 3702 3740 apostoli
3727 3681 3788 3725 et

2196 3758 2558 3828 exaugelistte,
2588 3759 2680 3824 qui
2713 3759 2856 3826 apud
2881 3757 3216 3830 Ethiopian]
3249 3761 3548 3830 praedicans
3572 3769 3785 3832 marty-

2199 3851 2337 3904 rium
2371 3867 2559 3921 passus
2591 3860 2692 3904 est.
2717 3850 2886 3920 Cujus
2907 3850 3180 3922 reliquias,
3204 3851 3455 3908 videlicet
3487 3851 3791 3922 imaginem

2195 3959 2445 4013 magnam
2480 3959 2601 3996 cum
2637 3951 2863 4014 argento
2892 3950 2946 3997 et
2975 3958 3110 3998 auro
3134 3941 3468 4009 decoratam,
3504 3953 3792 3999 tenentem

2195 4045 2406 4090 costam
2453 4038 2573 4102 ejus
2629 4035 2685 4088 in
2733 4035 3006 4101 manibus,
3065 4051 3199 4106 quas
3257 4036 3465 4090 invenit
3501 4035 3793 4106 piissimus

2195 4129 2450 4199 princeps
2483 4129 2711 4184 Carolus
2735 4127 2825 4192 IV,
2850 4138 2956 4184 etc.
2987 4128 3209 4183 donavit
3233 4129 3475 4184 ecclesia:
3499 4127 3792 4199 Pragensi.

2199 4219 2321 4277 "ch
2354 4223 2468 4276 ibi:
2510 4233 2564 4275 at
2619 4237 2720 4294 ego
2771 4223 2966 4277 lubens
3015 4220 3144 4292 ipsis
3181 4220 3546 4292 Pragensi‘bus
3580 4221 3797 4276 exami-

2198 4312 2436 4365 nandum
2483 4312 2806 4380 relinquam,
2840 4320 3102 4381 quantum
3153 4311 3390 4366 habeant
3420 4311 3790 4380 reliquiarum

2199 4406 2370 4460 sancti
2413 4404 2670 4459 Mattlnei.
2721 4404 3013 4460 Bueelinus
3057 4405 3113 4458 in
3142 4405 3382 4460 sacrario
3417 4405 3792 4461 Beuedietino

517 4511 666 4550 mum
700 4504 786 4549 est
815 4493 1205 4548 monasterium
1240 4494 1410 4547 sancti
1447 4491 1680 4546 Matthaci
1716 4492 1784 4546 de
1825 4490 2092 4560 Majurbio
2123 4491 2173 4552 D
2199 4498 2344 4568 quod
2386 4497 2558 4552 edidit
2590 4513 2734 4551 anno
2763 4496 3030 4561 msctad
3063 4496 3128 4552 21
3181 4495 3516 4566 Septembris
3554 4497 3626 4553 de
3661 4499 3799 4553 reli-

513 4589 721 4642 ordinis
756 4586 1158 4651 Cistereiensis,
1187 4585 1332 4654 quod
1366 4594 1525 4639 antea
1555 4585 1609 4639 in
1640 4585 1743 4638 alia
1777 4584 1951 4638 insula
1977 4583 2095 4638 fue—

515 4693 598 4736 rat
627 4689 1024 4742 constructum,
1048 4679 1313 4734 videlicet
1339 4679 1390 4732 in
1419 4678 1825 4743 Constantiaco,
1858 4678 2093 4747 indeque

514 4774 580 4828 de
615 4787 891 4826 consensu
930 4771 1171 4842 episc0pi
1201 4769 1509 4824 Torcellani
1537 4770 1591 4822 in
1634 4769 1959 4838 Majurbium
2010 4768 2094 4822 in-

515 4865 689 4918 sulam
748 4862 852 4917 fuit
901 4862 1247 4921 translatum.
1297 4869 1358 4915 ut
1399 4861 1505 4914 late
1557 4859 1849 4929 exponitur
1897 4868 2094 4928 part.t

514 4956 658 5010 illius
688 4954 948 5024 Opnseuli
979 4969 1101 5025 pag.
1127 4952 1233 5007 299
1254 4962 1306 5007 et
1339 4967 1492 5021 seqq.
1517 4950 1697 5004 Prima
1731 4949 1975 5004 fundatio
1995 4965 2094 5002 no-

516 5055 660 5100 tatur
695 5045 834 5099 facta
860 5061 1006 5099 anno
1035 5045 1195 5109 1218,
1233 5045 1287 5098 in
1339 5042 1750 5104 Constantiaco,
1790 5057 1911 5113 pag.
1945 5041 2090 5106 5H3;

516 5139 612 5192 sed
644 5146 770 5192 ante
797 5138 960 5191 tinem
994 5137 1238 5205 ejusdem
1281 5135 1464 5190 saeculi
1510 5134 1903 5189 monasterium
1932 5149 2090 5189 suum

515 5229 580 5283 ad
612 5218 848 5283 insulam
879 5228 1205 5298 Majurbiutn
1241 5228 1639 5281 transtulerunt
1680 5226 1968 5280 moniales.
2003 5226 2096 5277 Al—

518 5331 692 5375 terum
719 5331 803 5376 est
831 5321 1221 5374 monasterium
1257 5319 1571 5373 monialium
1600 5317 1806 5372 ordinis
1830 5317 1886 5370 S.
1920 5316 2093 5370 Bene.

516 5414 643 5469 dicti
681 5415 734 5468 in
790 5415 964 5469 insula
999 5412 1243 5468 Muriana
1289 5413 1534 5483 ejusdem
1587 5409 1837 5466 dimcesis
1871 5409 2094 5463 Torcil-

517 5507 676 5569 lanae.
717 5517 776 5562 ut
823 5507 1046 5578 exponit
1105 5507 1408 5571 Cornelius,
1449 5515 1590 5576 part.
1640 5521 1675 5558 ιι
1721 5519 1749 5556 a
1795 5519 1915 5574 pag.
1967 5503 2092 5558 9.0L

519 5598 784 5653 Fundatio
804 5616 925 5671 pag.
957 5601 1057 5655 101
1092 5609 1314 5654 notatur
1353 5601 1492 5653 facta
1519 5613 1664 5652 anno
1688 5597 1845 5656 1280,
1879 5597 2094 5650 datum-

519 5706 626 5758 que
659 5701 786 5746 tunc
813 5702 897 5746 est
919 5693 1250 5747 monialibus
1275 5700 1552 5747 vetustum
1580 5690 1876 5744 oratorium
1903 5702 2092 5741 sancto

523 5780 775 5837 Matthzeo
809 5784 1070 5850 dicatum,
1102 5794 1162 5840 ut
1193 5786 1394 5841 ibidem
1424 5785 1584 5837 latius
1612 5781 1777 5836 \ideri
1806 5788 2005 5851 potest.
2033 5779 2088 5833 In

2198 4590 2342 4660 quiis
2372 4590 2429 4643 S.
2462 4589 2699 4645 Matthzei
2743 4591 2856 4645 lucc
2885 4588 3090 4644 tradit:
3132 4606 3152 4640 ί
3197 4587 3370 4658 llujus
3397 4587 3581 4655 magni
3612 4603 3793 4643 evan-

2201 4683 2408 4752 gelista;
2451 4682 2681 4754 insignis
2714 4682 2888 4752 portio
2921 4689 3232 4736 asservatur
3266 4680 3320 4734 in
3349 4679 3608 4734 Andechs
3642 4680 3794 4750 (mo-

2199 4776 2440 4832 nasterio
2477 4775 2757 4844 Bavariae),
2808 4776 2896 4830 ubi
2925 4784 2981 4829 et
3011 4774 3132 4830 aliae
3168 4774 3290 4828 duae
3319 4771 3564 4842 ejusdem
3601 4784 3793 4843 partes

2199 4873 2582 4934 ostenduntur,
2612 4871 2768 4926 Dens-
2790 4871 2998 4925 Elnone
3041 4869 3195 4940 (alias
3230 4868 3288 4924 S.
3326 4869 3557 4923 Amandi
3593 4885 3791 4924 mona-

2199 4963 2425 5016 sterium
2469 4971 2692 5016 vocatur
2729 4962 2782 5014 in
2820 4960 3120 5030 Flandria),
3163 4961 3273 5015 duo
3319 4959 3551 5014 molares
3591 4955 3789 5016 dentes

2200 5063 2253 5108 et
2308 5055 2410 5124 alia
2467 5053 2729 5108 nonnulla
2780 5055 2831 5107 in
2877 5052 3260 5123 Weingarten;
3306 5070 3326 5104 ι
3376 5052 3523 5121 quod
3569 5050 3780 5106 Suevia:

2201 5155 2284 5200 est
2307 5148 2698 5200 monasterium
2735 5159 2857 5198 cum
2905 5145 3104 5214 Oppido
3131 5145 3475 5214 cognomine.
3513 5143 3775 5198 Plut-imas

2199 5251 2415 5304 quoque
2464 5235 2638 5289 sancti
2672 5233 2906 5288 Matthrei
2958 5235 3214 5303 reliquias
3253 5233 3495 5287 Colonia:
3532 5231 3782 5289 attribuit

2201 5323 2255 5376 in
2289 5324 2462 5392 Opere
2493 5339 2592 5378 suo
2625 5323 2900 5388 Gelenius,
2931 5323 3186 5377 nimirum
3209 5338 3330 5394 pag.
3355 5322 3460 5375 εὶῧᾶ
3494 5322 3635 5376 duas
3665 5325 3793 5390 pat-

2201 5415 2392 5469 ticulas
2442 5415 2687 5469 ecclesia:
2720 5415 3015 5485 collegiate:
3064 5416 3121 5468 S.
3163 5413 3466 5470 Gereonis:
3503 5429 3625 5484 pag.
3659 5414 3787 5473 ὅτε.

2201 5505 2265 5558 de
2297 5505 2471 5574 capite
2502 5509 2671 5559 sancti
2705 5506 2940 5560 Matthaei
2982 5506 3186 5576 aliquid
3233 5504 3475 5561 ecclesite
3522 5503 3791 5559 abbatiali

2203 5597 2260 5652 S.
2289 5597 2708 5660 Panthalcmiis;
2737 5615 2856 5669 pag.
2899 5598 3023 5660 412,
3056 5596 3259 5667 aliquid
3303 5596 3655 5666 reliquiarum
3688 5610 3791 5663 pa-

2201 5690 2424 5743 rochiali
2469 5691 2716 5745 ecclesia
2750 5690 2804 5744 S.
2843 5691 3003 5760 Lupi,
3041 5691 3116 5744 uti
3147 5700 3199 5744 et
3240 5706 3360 5760 pag.
3398 5690 3502 5744 41⁵2
3534 5690 3792 5745 ecclesia:

2199 5782 2254 5836 S.
2289 5782 2594 5839 Camarina:
2631 5783 2850 5842 Ordinis
2898 5783 3346 5848 Tcutonicerum,
3394 5800 3512 5854 pag.
3548 5783 3657 5839 156
3686 5797 3782 5836 cc-
