4002 6442
306 336 416 402 009

1606 326 1784 388 ὛῘΤΑ
1827 325 1891 385 ει.
1935 322 2323 387 ΜᾹΤΤΗᾸΞῙ.

3456 326 3565 394 8ἷο

310 448 492 504 desitae
531 442 1005 509 Cartusianorum,
1045 456 1168 513 pag.
1201 441 1308 496 £85
1338 439 1582 495 ecclesia:
1626 437 1891 495 Carmeli-
1916 443 1963 499 Α
1995 438 2164 494 tensis
2196 437 2247 491 in
2282 437 2574 493 Brabantla
2605 453 2774 511 prope
2798 439 3123 498 lovanium.
3153 440 3282 513 Haec
3309 440 3564 497 laudatus

314 549 517 600 tarum,
553 550 676 606 pag.
707 535 809 590 547
839 534 1082 590 ecclesiae
1131 530 1190 588 S.
1231 530 1511 585 Maximini
1568 529 1887 585 monlalium

311 628 525 685 ordinis
556 626 962 698 Augustiniani,
990 642 1113 697 pag.
1147 623 1259 680 660
1287 621 1535 678 ecclesia:
1572 620 1888 677 monialium

313 722 560 793 ejusdem
581 719 790 776 ordinis
814 720 870 773 in
898 719 1104 789 majore
1125 715 1415 779 Nazareth,
1442 731 1570 786 pag.
1592 714 1697 769 584
1718 713 1895 769 eccle-

321 813 416 870 sia:
445 812 506 868 S.
542 811 815 866 Vincentii
851 813 1021 865 tertia:
1051 810 1273 881 Regulae
1294 809 1353 864 S.
1393 807 1691 871 Francisci,
1714 815 1770 861 et
1796 806 1892 861 dc-

318 921 472 961 mum
500 920 624 975 pag.
653 904 757 958 621
785 904 985 959 sacello
1013 903 1071 959 S.
1105 903 1433 972 Margaritae.
1464 904 1535 956 At
1561 915 1755 956 omnes
1780 899 1896 953 ista;

320 996 553 1052 modica
599 996 855 1052 videntur
901 1010 1022 1050 esse
1068 994 1369 1066 particulis,
1416 1001 1478 1048 ut
1528 991 1893 1048 diﬂicultatcm

316 1100 587 1140 numerus
619 1082 823 1137 nullam
857 1082 1046 1152 pariat.

393 1174 485 1229 99.
528 1176 586 1229 ln
618 1173 801 1244 Belgio
834 1180 1022 1228 nostro
1064 1172 1311 1243 plurimis
1342 1171 1509 1227 etiam
1541 1168 1676 1227 locis
1706 1177 1895 1222 ostcn-

320 1267 532 1323 duntur
560 1266 735 1321 sancti
784 1263 1024 1319 Matthxi
1073 1264 1340 1334 reliquiae,
1388 1264 1638 1333 interque
1666 1276 1759 1316 eas
1792 1275 1896 1313 una

319 1359 481 1414 valde
500 1356 782 1414 notabilis.
808 1355 875 1411 Et
902 1370 1036 1413 sane
1069 1356 1382 1412 mirandum
1417 1354 1625 1410 nemini
1652 1362 1820 1416 esset,
1850 1350 1898 1404 si

319 1453 388 1509 de
420 1452 586 1522 hujus
631 1450 860 1517 apostoli
899 1448 1145 1517 reliquiis
1197 1449 1316 1517 plus
1358 1446 1642 1518 obtigisset
1691 1443 1897 1513 Belgio,

319 1558 487 1615 quam
517 1544 638 1597 aliis
678 1540 997 1612 provinciis,
1023 1556 1148 1595 cum
1184 1540 1412 1595 Carolus
1441 1538 1479 1593 γ
1516 1540 1815 1607 imperator
1846 1537 1900 1589 in

320 1634 510 1707 Belgio
539 1643 702 1688 natus
721 1642 777 1688 et
804 1647 947 1701 saepe
972 1633 1169 1702 degere
1191 1632 1384 1686 solitus
1409 1631 1497 1694 sit,
1532 1629 1785 1699 idemque
1807 1627 1904 1681 ali-

1995 527 2275 599 Bayssius.
2305 529 2397 600 qui
2430 539 2486 585 et
2516 530 2734 587 dentem
2764 532 2993 602 Elnone,
3024 535 3140 590 sive
3170 534 3225 589 in
3253 532 3309 589 S.
3332 533 3566 589 Amandi

1994 620 2268 685 ccenubio,
2286 623 2396 691 jam
2419 638 2582 693 supra
2614 636 2997 693 memoratum,
3021 626 3266 696 reliquiis
3291 637 3567 683 accenset.

2068 713 2191 768 100.
2232 711 2476 770 Transeo
2523 715 2578 769 in
2626 716 2878 785 Galliam,
2921 719 3010 773 ubi
3045 718 3211 774 variis
3261 719 3398 774 locis
3441 734 3571 774 cre-

1996 804 2133 859 dunt
2163 821 2223 860 se
2256 806 2456 861 habere
2501 818 2665 879 caput
2715 811 2889 865 sancti
2942 810 3200 866 Matthzei.
3234 811 3492 866 Δῶρι-ωε
3522 811 3571 865 le

1997 896 2179 951 Grand
2209 898 2264 951 in
2292 912 2454 968 Opere
2476 898 2682 955 Gallico
2721 901 2789 955 de
2820 902 3026 955 sanctis
3054 900 3350 956 Britanniae
3379 903 3573 956 Armo-

1999 988 2125 1043 ricae
2161 1004 2283 1061 pag.
2314 990 2420 1044 600
2466 991 2521 1044 in
2559 990 2674 1046 Vita
2721 996 2779 1046 S.
2816 992 3085 1063 Tanguidi
3136 993 3348 1049 abbatis
3381 994 3569 1058 refert,

1996 1090 2165 1150 caput
2198 1083 2369 1138 sancti
2400 1082 2637 1139 Matthaei
2668 1085 2870 1139 saeculo
2901 1101 2950 1140 vt
2978 1099 3078 1155 per
3108 1094 3443 1141 mercatores
3469 1087 3571 1140 Ar-

2001 1174 2239 1229 moricos
2296 1176 2601 1231 clanculum
2670 1176 2837 1233 finisse
2892 1178 3131 1234 ablatum
3192 1193 3258 1233 ex
3317 1178 3573 1249 Algypto,

2000 1267 2437 1336 translatumque
2468 1268 2520 1321 in
2549 1267 2881 1322 Britanniam
2919 1270 3276 1336 Armoricam,
3310 1269 3497 1339 ibique
3518 1269 3573 1322 in

2000 1357 2226 1412 dioecesi
2254 1356 2522 1412 Leonensi
2550 1370 2924 1415 constructum
2953 1363 3364 1428 monasterium,
3387 1362 3445 1416 in
3466 1377 3577 1431 quo

2005 1447 2174 1501 sancti
2207 1456 2371 1517 caput
2410 1449 2572 1527 fuerit
2592 1450 2922 1520 depositum.
2955 1451 3119 1506 Addit
3146 1452 3420 1523 geminum
3445 1468 3578 1523 pro-

2003 1539 2228 1611 digium,
2294 1539 2548 1596 videlicet
2606 1542 2889 1612 scopulum
2941 1540 2996 1596 in
3061 1542 3198 1597 mari
3273 1550 3578 1597 exstantem

2004 1630 2176 1687 fuisse
2230 1649 2260 1686 a
2314 1633 2439 1688 navi
2506 1642 2850 1705 perruptum,
2921 1632 3052 1687 dum
3120 1640 3282 1702 caput
3340 1632 3581 1688 advehe-

316 1726 547 1798 quando
579 1724 793 1780 Salerni
833 1723 1014 1788 fuerit,
1049 1723 1140 1778 ubi
1186 1738 1283 1777 eas
1330 1723 1576 1792 accipere
1622 1720 1815 1789 potuit,
1848 1730 1904 1773 et
1928 1786 1975 1798 _
2005 1725 2206 1790 batur;
2244 1725 2471 1780 alterum
2508 1725 2562 1780 in
2604 1728 3014 1782 constructione
3042 1724 3359 1780 monasterii
3399 1733 3582 1795 patra-

318 1817 453 1872 inde
472 1818 530 1873 in
559 1814 802 1886 Belgium
828 1824 1047 1883 portare
1071 1821 1168 1867 aut
1194 1814 1581 1875 transmittere.
1617 1813 1747 1866 Aliis
1768 1828 1902 1882 quo-
1928 1786 1978 1845 Β
2006 1827 2119 1872 tum
2146 1836 2162 1885 ;
2194 1818 2288 1873 sed
2325 1830 2614 1889 uirumque
2645 1818 2852 1889 indiget
2874 1817 3216 1873 documentis
3243 1786 3414 1870 mum;
3439 1816 3580 1870 am}-

327 1921 437 1976 que
464 1904 640 1961 modis
670 1903 915 1973 reliquiae
944 1902 1120 1957 sancti
1169 1902 1404 1957 Matthaii
1445 1904 1497 1955 in
1533 1901 1771 1973 Belgium
1808 1905 1899 1957 diu

322 2010 455 2053 ante
483 1996 764 2051 transferri
799 2004 1113 2065 potuerunt.
1146 1997 1216 2049 At
1260 1997 1536 2062 quomodo
1578 1994 1756 2049 allata:
1785 1994 1905 2049 fue-

318 2090 458 2154 rint,
493 2102 605 2142 non
638 2085 861 2141 invenio
892 2085 1034 2154 apud
1072 2083 1376 2155 llayssium,
1406 2083 1499 2152 qui
1539 2097 1632 2137 cas
1657 2092 1906 2137 recenset

324 2184 382 2237 in
422 2177 975 2250 llierogamphylacio
1007 2175 1239 2247 Belgieo.
1275 2175 1513 2229 Primum
1545 2183 1695 2230 certe
1725 2176 1903 2229 locum

326 2283 570 2329 tueretur
594 2282 757 2341 caput
778 2270 989 2335 Sancti,
1022 2272 1165 2339 quod
1200 2284 1321 2339 pag.
1353 2268 1459 2322 594
1492 2268 1741 2322 attribuit
1775 2283 1905 2320 ora-

322 2368 471 2423 torio
494 2365 634 2421 aula:
673 2362 1044 2418 Bruxeliensis
1091 2361 1177 2416 his
1208 2361 1425 2416 verbis:
1460 2379 1479 2411 ι
1522 2359 1723 2414 Locum
1761 2359 1906 2414 hunc

314 2469 593 2531 praetcrea
637 2457 835 2512 mirum
884 2456 942 2509 in
988 2453 1207 2509 modum
1242 2460 1502 2507 venustat
1542 2468 1724 2506 rarum
1776 2452 1906 2505 illud

327 2553 551 2624 pignus,
579 2547 910 2606 sanctissimi
943 2545 1194 2600 videlicet
1222 2544 1452 2615 apostoli
1482 2552 1537 2596 et
1561 2543 1908 2613 evangelista:

329 2645 762 2713 Matthasicaput
791 2641 1083 2710 integrum,
1121 2647 1340 2706 sumptu
1376 2646 1427 2689 et
1464 2636 1644 2689 valere
1676 2635 1909 2689 maximo

331 2738 611 2795 reclusum
638 2735 691 2788 in
725 2742 981 2803 argentea
1009 2728 1267 2800 imagine,
1305 2726 1575 2803 eumdem,
1601 2727 1908 2796 apostolum

328 2838 553 2899 pectore
585 2837 764 2893 tenus,
794 2802 1098 2878 naturalem
1124 2820 1359 2875 hominis
1384 2802 1726 2872 altitudinem
1752 2832 1913 2872 exce-

330 2926 556 2977 dentem
596 2919 892 2980 rel'erente,
927 2915 1073 2969 circa
1114 2912 1272 2981 cujus
1308 2911 1565 2966 humeros
1597 2910 1909 2967 circumvo-

328 3013 497 3066 litans
517 3007 746 3080 angelus
771 3001 1225 3060 atramentarium
1252 2999 1327 3053 illi
1359 2998 1631 3054 vasculum
1659 2998 1908 3069 porrigit.

2006 1910 2309 1980 quioribus,
2333 1927 2494 1983 quam
2518 1910 2747 1982 proferri
2780 1911 3010 1981 possint,
3043 1919 3105 1964 ut
3126 1909 3285 1964 iidem
3318 1908 3578 1962 inveniat.

2006 2004 2128 2073 Ipsa
2157 2019 2374 2075 quoque
2405 2004 2587 2059 allatio
2616 2003 2812 2071 capitis
2841 2018 2907 2056 ex
2943 2002 3174 2072 Egypto
3206 2016 3315 2055 non
3362 1999 3583 2053 videtur

2008 2095 2209 2152 certior
2254 2111 2416 2164 quam
2449 2104 2576 2149 ante
2607 2102 2906 2149 memorata
2934 2093 3179 2162 corporis
3202 2107 3270 2146 ex
3306 2090 3582 2160 Ethiopian

2004 2189 2313 2244 translatio.
2337 2186 2722 2242 Verumtamen
2746 2187 2942 2242 dictam
2965 2184 3156 2255 capitis
3177 2184 3584 2238 translationem

2009 2290 2239 2335 narrant
2272 2280 2435 2335 etiam
2464 2278 2691 2335 Carolus
2724 2279 2773 2333 le
2799 2277 2992 2334 Cointe
3026 2276 3079 2330 in
3103 2275 3397 2331 Annalibus
3426 2273 3587 2328 eccle-

2009 2374 2236 2428 siasticis
2273 2372 2620 2436 Francorum,
2654 2372 2720 2425 ad
2762 2386 2966 2425 annum
3010 2354 3133 2436 555,
3168 2384 3323 2423 num.
3358 2368 3445 2434 21,
3477 2365 3588 2420 Lu-

2011 2466 2237 2522 dovicus
2286 2464 2517 2519 Bulteau
2572 2463 2625 2516 in
2673 2463 2995 2531 Compendio
3059 2460 3326 2515 lliston'co
3388 2459 3587 2512 ordinis

2012 2556 2070 2611 S.
2110 2556 2398 2619 Benedicti,
2435 2555 2529 2608 lib.
2587 2570 2643 2617 ιι,
2673 2569 2794 2623 cap.
2826 2554 2917 2618 28,
2948 2568 3099 2607 ηυιη.
3126 2552 3184 2615 2,
3233 2551 3310 2604 uti
3357 2559 3412 2604 et
3452 2565 3588 2604 con-

2014 2649 2369 2703 structionem
2407 2635 2746 2707 monasterii,
2782 2653 2973 2699 sancto
3007 2645 3255 2700 Matthaao
3287 2643 3473 2705 dicati,
3520 2642 3589 2695 de

2013 2754 2119 2809 qua
2152 2738 2345 2808 nequit
2373 2737 2629 2791 dubitari.
2659 2735 3027 2798 Mahillonius,
3065 2736 3120 2790 in
3156 2733 3450 2790 Annalibus
3484 2732 3591 2787 Be-

2015 2832 2314 2894 nedictiuis,
2347 2838 2477 2882 tom.
2515 2828 2558 2895 l,
2588 2843 2711 2899 pag.
2743 2828 2840 2881 152
2861 2829 2926 2882 ad
2950 2842 3155 2882 annum
3184 2827 3288 2883 563
3317 2825 3594 2881 fundatio-

2015 2936 2140 2976 nem
2166 2919 2478 2974 monasterii
2508 2918 2748 2987 exponit,
2772 2918 2838 2972 de
2871 2917 3220 2972 translatione
3244 2930 3371 2971 vero
3395 2914 3590 2983 capitis

2017 3013 2192 3068 sancti
2246 3011 2483 3066 Matthaei
2541 3010 2857 3064 dubitanter
2923 3010 3161 3079 loquitur
3208 3007 3312 3061 hoc
3370 3007 3590 3061 modo:

338 3100 578 3170 Erigitur
608 3098 664 3152 in
701 3092 971 3166 praediviti
1000 3106 1063 3147 ex
1094 3090 1275 3144 ebeno
1300 3097 1547 3158 pegmate
1575 3084 1913 3141 artiﬁciosis-

2026 3122 2045 3155 ‹
2079 3102 2214 3157 Dein
2271 3100 2603 3156 monasteria
2646 3116 2676 3152 a
2707 3098 2874 3153 Paulo
2923 3099 3201 3170 (episcopo
3248 3096 3592 3168 Legionensi,

328 3195 473 3249 sime
496 3191 800 3250 elaborato,
829 3188 881 3241 in
909 3200 1018 3256 quo
1051 3182 1325 3254 praecipua
1358 3179 1490 3234 dicti
1531 3178 1766 3249 apostoli
1807 3177 1914 3231 mi-

332 3284 518 3341 racula
549 3280 824 3352 argenteis
858 3277 1062 3333 crustis
1094 3283 1150 3329 et
1174 3271 1393 3328 laminis
1419 3271 1618 3336 incisa,
1654 3270 1915 3338 variaque

332 3378 467 3433 artis
496 3373 770 3445 elegantia
813 3369 1177 3425 condecorata
1225 3364 1688 3434 complectuntur.
1743 3361 1916 3422 Idem,

332 3486 459 3542 pag.
494 3467 622 3530 465,
650 3463 911 3520 adscribit
937 3476 1061 3516 ossa
1095 3457 1270 3515 sancti
1301 3457 1567 3520 Matthaei,
1602 3456 1655 3510 id
1685 3463 1790 3520 est,
1823 3454 1921 3507 ali-
2000 3465 2005 3473 '

332 3563 467 3633 quid
511 3576 582 3616 ex
616 3558 854 3623 ossibus,
901 3554 1148 3610 ecclesia:
1192 3550 1488 3621 collegiatze
1519 3547 1576 3602 S.
1619 3545 1918 3601 Salvatoris

332 3654 532 3724 Brugis
562 3653 619 3706 in
664 3648 957 3707 Flaudria;
991 3658 1209 3699 rursum
1244 3657 1365 3712 pag.
1396 3641 1522 3705 514,
1548 3638 1794 3693 ecclesia:
1825 3652 1919 3691 ca-

337 3744 575 3803 thedrali
606 3738 945 3797 Tornaeensi
968 3738 1036 3794 de
1070 3743 1261 3792 sancto
1291 3733 1547 3787 Matthceo
1588 3728 1836 3799 apostolo
1865 3738 1922 3782 et

335 3835 673 3908 evangelista
717 3833 826 3887 duo
857 3845 1004 3894 ossa,
1042 3843 1211 3882 unum
1260 3824 1486 3895 grande,
1524 3822 1672 3877 aliud
1712 3820 1923 3875 medio-

335 3945 469 3996 cre;
523 3946 545 3981 ι
603 3942 729 3997 pag.
784 3924 910 3984 451,
956 3919 1225 3975 Rutilensi
1273 3916 1542 3971 Cartusiae
1592 3913 1661 3968 ad
1715 3910 1920 3966 Mosam

340 4021 480 4093 (lege
506 4015 811 4087 Mosellam)
848 4016 902 4069 in
938 4015 1141 4068 ducatu
1196 4007 1660 4078 Luxemburgensi
1691 4023 1710 4056 ι
1748 4002 1923 4059 sancti

344 4107 580 4165 Matthati
631 4105 863 4177 apostoli
928 4112 984 4158 et
1038 4099 1389 4170 evangelista:
1449 4114 1512 4151 os
1560 4111 1839 4167 magnum,
1898 4114 1915 4144 ι

344 4219 464 4274 pag.
506 4200 615 4256 450
660 4197 892 4253 abbatiae
938 4193 1379 4264 Phalempinensi
1430 4190 1640 4245 ordinis
1693 4189 1752 4243 S.
1810 4191 1925 4242 Au-

341 4291 548 4364 gustini
596 4291 650 4343 in
705 4286 959 4342 Flandria
1001 4297 1321 4355 argenteum
1377 4279 1682 4345 brachium,
1737 4298 1756 4330 ι
1796 4277 1920 4341 Ubi,

348 4382 548 4453 inquit,
591 4398 611 4432 ι
666 4378 867 4433 eximia
905 4391 1033 4445 pars
1062 4373 1268 4429 brachii
1317 4370 1373 4426 S.
1405 4370 1718 4425 Matthaei...
1744 4384 1924 4424 asser-

2021 3196 2090 3250 de
2120 3210 2229 3264 quo
2253 3194 2393 3264 apud
2432 3207 2531 3247 nos
2554 3201 2733 3247 actum
2766 3201 2897 3245 tom.
2931 3189 3002 3254 ll,
3044 3187 3222 3243 Martii
3250 3203 3277 3240 a
3314 3202 3440 3258 pag.
3468 3186 3593 3253 108)

2019 3277 2352 3355 constructa,
2402 3288 2457 3341 in
2503 3286 2691 3357 primis
2732 3284 3095 3348 Gerberense,
3140 3282 3229 3339 cui
3280 3280 3597 3354 Tanguidus

2019 3382 2191 3437 abbas
2222 3379 2528 3451 praefectus,
2560 3378 2606 3432 is
2642 3377 2734 3447 qui
2770 3376 2826 3430 S.
2855 3376 3089 3431 Matthaci
3122 3374 3513 3430 monasterium
3539 3375 3594 3426 in

2021 3482 2269 3525 extremo
2324 3468 2622 3524 Armoricae
2665 3467 2809 3537 apud
2858 3466 3173 3521 Leonenses
3225 3465 3597 3533 promontorio

2023 3567 2124 3619 sub
2168 3562 2403 3617 medium
2451 3561 2706 3615 saeculum
2758 3568 2967 3613 sextum
3014 3556 3379 3612 construxisse
3414 3554 3599 3626 perhi-

2019 3656 2201 3719 betur,
2234 3653 2304 3709 ob
2334 3652 2387 3706 id
2427 3652 2482 3706 in
2520 3650 2962 3705 Finibus-Terra:
3001 3646 3465 3716 cOgnominatum.
3494 3643 3599 3700 0c—

2025 3746 2302 3801 casionem
2332 3741 2552 3797 tradunt
2584 3743 2755 3796 sancti
2788 3736 3019 3808 apostoli
3047 3745 3214 3806 caput
3265 3751 3331 3789 ex
3362 3735 3599 3807 Egypto

2025 3856 2053 3893 a
2102 3836 2429 3908 quihusdam
2478 3832 2873 3889 mercatoribus
2921 3829 3296 3885 Leonensibus
3351 3829 3598 3884 allatum.

2025 3930 2234 3984 Novum
2264 3925 2584 3981 asceterium
2614 3923 2952 3979 consecravit
2985 3923 3205 3985 Paulus,
3249 3935 3427 3991 eoque
3453 3920 3600 3975 Tan-

2025 4021 2220 4093 guidus
2241 4035 2272 4074 e
2299 4016 2629 4074 Gerberensi
2657 4015 3009 4079 monasterio,
3037 4013 3123 4068 cui
3154 4013 3450 4067 ltelecense
3477 4027 3602 4068 suc-

2027 4114 2211 4174 cessit,
2245 4110 2514 4167 coloniam
2541 4110 2719 4163 duxit.
2753 4106 2969 4161 Perstat
3000 4105 3071 4174 ad
3106 4113 3355 4160 nostrum
3389 4112 3602 4174 tempus

2029 4205 2085 4259 S.
2135 4202 2371 4257 Mattlraei
2426 4197 2818 4254 monasterium
2847 4199 2948 4251 sub
2998 4197 3055 4250 S.
3103 4194 3275 4248 Mauri
3309 4210 3605 4267 congrega-

2029 4299 2199 4362 tione,
2234 4296 2418 4361 situm,
2447 4304 2509 4350 ut
2534 4309 2656 4349 mox
2683 4292 2949 4357 dicebam,
2984 4292 3035 4345 in
3065 4288 3288 4345 diceccsi
3313 4288 3602 4350 Leonensi.

2030 4389 2178 4446 haud
2210 4389 2454 4459 procula
2479 4386 2794 4457 Conquitto,
2836 4384 2999 4457 paulo
3028 4384 3241 4455 longius
3272 4399 3300 4437 a
3329 4382 3604 4442 Brestensi

341 4487 535 4541 vatur;
576 4491 598 4526 ι
642 4484 697 4527 et
729 4486 856 4541 pag.
901 4466 1007 4522 216
1053 4464 1307 4521 nonnihil
1342 4464 1412 4518 de
1455 4461 1702 4532 reliquiis
1749 4462 1913 4516 sancti

2030 4485 2386 4542 celeberrimo
2425 4491 2605 4552 portu.
2646 4481 2803 4536 Nulla
2852 4479 2965 4536 fere
3015 4481 3083 4535 de
3117 4482 3222 4535 hoc
3270 4481 3608 4535 monasterio

272 4638 281 4643 -
343 4566 604 4627 Matthxi.
645 4565 933 4619 obtentum
955 4560 1100 4616 dono
1126 4559 1427 4628 Margaritae
1462 4555 1729 4626 principis
1763 4555 1919 4609 Flan'

343 4664 500 4728 dri-2e,
552 4660 743 4715 haberi
794 4657 934 4713 dicit
982 4655 1039 4710 in
1083 4653 1301 4710 abbatia
1356 4650 1600 4706 Flincnsi
1654 4650 1926 4720 virginum

346 4751 818 4811 Cistcrciensium.
855 4746 1141 4802 Lentiensis
1169 4755 1223 4799 et
1256 4743 1644 4799 Maricollensis
1670 4741 1924 4806 abbatiac,

348 4844 521 4899 amba:
568 4838 932 4895 Benedictinae
969 4836 1023 4890 in
1067 4835 1379 4896 Hannonia,
1429 4832 1635 4902 aliquid
1676 4831 1929 4886 similiter

348 4937 418 4990 de
455 4933 676 4989 ossibus
724 4928 898 4983 sancti
952 4927 1187 4981 Matthaci
1234 4926 1514 4994 possidere
1571 4939 1632 4978 se
1669 4924 1925 4978 credunt.

348 5026 522 5081 Priori
550 5038 672 5093 pag.
695 5020 801 5074 279
833 5017 1090 5091 Rayssius
1123 5018 1316 5071 tribuit
1337 5028 1547 5085 partem
1575 5012 1726 5084 digiti
1752 5013 1930 5067 sancti

347 5120 588 5175 Matthaei
625 5114 858 5186 apostoli
893 5121 950 5167 et
991 5110 1339 5181 evangelista:
1391 5123 1498 5161 una
1548 5121 1674 5161 cum
1728 5121 1927 5171 carne;

345 5211 503 5268 alteri
540 5224 662 5281 pag.
703 5204 811 5260 296
837 5204 1039 5273 aliquid
1067 5203 1137 5258 de
1184 5209 1334 5257 costa
1362 5199 1631 5269 ejusdem.
1664 5198 1930 5254 Canonici

348 5302 562 5360 ordinis
593 5300 652 5356 S.
685 5296 971 5367 Augustini
1022 5295 1079 5349 in
1125 5294 1341 5349 abbatia
1380 5293 1439 5347 S.
1469 5290 1681 5346 Nicolai
1726 5290 1931 5360 Ognia-

348 5394 535 5452 censis
561 5392 629 5447 ad
665 5390 850 5445 Sabim
886 5387 1117 5447 habens,
1153 5385 1347 5440 eodem
1376 5391 1515 5438 teste
1536 5398 1661 5454 pag.
1692 5382 1817 5446 587,
1852 5382 1932 5435 al-

354 5497 471 5541 tare
522 5480 776 5553 portatile
820 5477 1013 5533 Jacobi
1062 5476 1132 5530 de
1187 5473 1426 5530 Vitriaco
1460 5474 1520 5528 S.
1550 5473 1615 5526 ll.
1658 5474 1721 5527 Ε.
1751 5471 1932 5526 cardi-

352 5575 519 5645 nalis,
577 5574 633 5624 in
701 5585 876 5632 eoque
928 5583 1055 5622 cum
1106 5567 1231 5621 aliis
1288 5564 1531 5634 reliquiis
1599 5563 1803 5633 aliquid
1863 5562 1934 5617 de

352 5670 414 5722 S.
479 5662 767 5729 Matthaeo;
830 5663 900 5717 de
941 5677 1051 5730 quo
1104 5659 1358 5715 nonnihil
1415 5659 1635 5714 demum
1685 5656 1935 5710 attribuit

351 5773 475 5839 pag.
534 5756 632 5811 401
697 5755 927 5809 abbatis:
971 5752 1227 5807 Parcensi
1276 5751 1486 5806 ordinis
1534 5749 1934 5805 Praemonstra-

765 5855 1037 5917 Persen.
1082 5852 1201 5914 Gn.
1244 5851 1432 5918 CXV.
1530 5912 1539 5919 .

2033 4585 2212 4631 vetera
2246 4581 2599 4629 monumenta
2633 4582 2921 4640 supersunt
2972 4579 3094 4640 post
3123 4568 3297 4624 varias
3326 4571 3393 4624 ab
3418 4569 3607 4641 Anglis

2030 4668 2206 4721 illatas
2238 4666 2458 4731 clades;
2494 4663 2710 4717 tametsi
2759 4661 3042 4731 antiquum
3089 4662 3208 4731 ejus
3254 4661 3603 4731 splendorem

2030 4759 2209 4828 arguit
2232 4755 2465 4827 insignis
2495 4752 2743 4815 basilica,
2783 4767 2903 4822 quae
2934 4752 3099 4806 variis
3134 4760 3447 4806 sanctorum
3479 4751 3607 4806 rcli~

2031 4849 2174 4919 quiis
2208 4856 2401 4902 ornata
2451 4854 2556 4901 est.
2601 4864 2620 4896 ι
2662 4844 2933 4898 Creterum
2990 4842 3271 4912 persuasio
3317 4844 3386 4897 de
3434 4843 3608 4913 capite

2033 4940 2207 4995 sancti
2242 4938 2478 4993 Matthxi
2511 4945 2726 4992 servato
2751 4937 2804 4989 in
2842 4936 2934 4989 illo
2956 4934 3288 4990 monasterio
3319 4935 3484 5006 viguit
3503 4937 3610 4990 sal-

2034 5043 2141 5087 tem
2190 5047 2221 5085 a
2270 5031 2469 5085 sacculo
2497 5044 2591 5083 xm
2626 5045 2639 5082 :
2691 5043 2816 5082 nam
2860 5026 3145 5082 Mattliaeus
3175 5025 3608 5081 Westmonaste-

2035 5122 2233 5177 riensis
2256 5122 2321 5175 ad
2355 5136 2559 5175 annum
2595 5118 2735 5174 1295
2765 5119 2833 5173 de
2861 5119 3033 5174 classe
3062 5117 3358 5189 Anglorum
3391 5132 3457 5171 eo
3486 5132 3609 5189 per-

2037 5214 2166 5276 lata,
2209 5212 2541 5282 fugientibus
2591 5209 2784 5265 incolis
2823 5209 3157 5273 monasterii,
3210 5210 3326 5263 haec
3372 5209 3605 5263 scribit:

2040 5318 2059 5352 ι
2083 5300 2211 5355 Post
2230 5304 2343 5354 haec
2359 5300 2625 5353 ahbatiam
2649 5299 2705 5354 S.
2733 5297 2968 5353 Matthaei
2992 5298 3342 5369 quamplures
3359 5297 3609 5370 ingressi.

2034 5391 2401 5446 ecclesiastica
2448 5389 2699 5444 utensilia
2749 5404 2871 5444 cum
2916 5390 3095 5459 capite
3145 5389 3387 5459 ejusdem
3436 5390 3609 5443 sancti

2036 5483 2217 5538 ablato
2249 5482 2315 5536 ad
2350 5481 2630 5536 dominum
2682 5481 3059 5537 Eadmundum
3096 5480 3291 5535 ducem
3337 5479 3610 5536 exercitus

1969 5625 1981 5635 ,
2037 5573 2406 5628 contulerunt.
2438 5571 2569 5637 Quae
2617 5574 2798 5626 omnia
2828 5580 3163 5643 sequestrata
3194 5570 3327 5627 fecit
3357 5570 3612 5625 dominus

2037 5665 2392 5721 Eadmundus
2428 5665 2556 5718 viris
2586 5664 2970 5721 ecclesiasticis
2998 5665 3313 5721 restaurari.
3349 5681 3369 5715 ι
3413 5661 3491 5716 Ex
3526 5661 3612 5716 his

2043 5768 2408 5833 tamen_recte
2440 5757 2654 5831 deduci
2698 5758 2905 5829 nequit,
2952 5756 3223 5829 integrum
3261 5770 3383 5811 esse
3422 5763 3606 5825 caput,

3215 5849 3289 5911 26
