4002 6512
435 353 534 418 811

1662 339 1949 402 ΜΕΝδίζό
1989 338 2282 400 SEPTEM
2294 336 2466 400 BER.

3574 342 3689 404 812

438 469 580 541 quod
631 467 831 524 ibidem
869 464 1101 521 habetur
1150 475 1251 534 pro
1302 460 1482 531 capite
1530 457 1700 515 sancti
1737 454 2014 519 Matthai;
2046 457 2091 512 A
2121 468 2274 507 num.
2340 453 2514 523 llugo,
2572 453 2624 505 in
2694 426 2989 506 Annalibus
3062 450 3696 522 Pramonatratensitm,

438 576 617 632 neque
643 561 787 615 enim
824 558 876 613 id
904 558 1099 612 asserit
1124 550 1750 608 Westmonasteriensis.
1780 548 1863 602 An
1885 560 2014 602 vero

441 664 600 724 caput
634 650 786 718 illud,
817 647 960 719 quod
1008 646 1082 702 ibi
1129 644 1385 709 habetur,
1433 642 1504 698 sit
1533 641 1707 697 sancti
1754 637 2013 701 Matthaei,

439 761 547 799 non
571 742 810 813 inquiro.

511 836 632 890 101.
692 831 941 886 Andreas
976 828 1279 900 Saussayus
1326 826 1383 881 in
1437 820 1817 895 MarterIOgio
1849 818 2013 873 Galli-

440 938 577 981 cano
602 922 669 976 ad
690 921 754 975 21
782 916 1118 989 Septembris
1147 913 1423 970 consentit
1450 927 1574 966 eum
1605 906 1878 966 sententia
1902 905 2020 959 fere

441 1011 712 1070 communi
766 1010 833 1065 de
870 1022 1097 1079 corpore
1154 1005 1327 1061 sancti
1381 1004 1665 1058 Salernum
1723 998 2016 1061 translato;

441 1104 700 1173 additque
733 1117 746 1154 :
790 1119 808 1152 ε
848 1100 890 1154 Ε
924 1116 1033 1169 quo
1085 1099 1357 1170 (corpore)
1405 1102 1720 1161 excerptum
1754 1104 2021 1144 veneran-

442 1196 569 1250 dum
602 1200 786 1262 caput.
823 1190 1031 1261 pridem
1063 1187 1116 1241 in
1140 1185 1366 1241 Galliam
1399 1184 1636 1238 delatum
1669 1180 1792 1243 fuit,
1830 1194 2022 1232 recon-

441 1285 728 1354 ditumque
775 1283 826 1336 in
875 1294 1089 1335 summa
1136 1277 1360 1331 basilica
1396 1271 1785 1335 Bellovacrnsi,
1829 1271 1885 1324 in
1915 1282 2021 1337 qua

444 1376 659 1448 egregio
686 1376 833 1429 cultu
866 1378 1241 1433 conservatur,
1276 1367 1494 1434 dempto
1520 1363 1740 1427 vertice,
1772 1360 1861 1429 qui
1886 1358 2017 1415 Car—

445 1470 564 1522 nuti
600 1468 654 1520 in
683 1464 923 1520 sacrario
965 1461 1164 1516 nobilis
1194 1459 1324 1514 tedis
1358 1456 1599 1527 Virginis
1631 1454 1871 1522 Deiparae
1906 1465 2023 1503 ma-

447 1575 550 1631 gna
584 1574 706 1613 cum
740 1555 1086 1611 veneratione
1118 1553 1367 1608 habetur.
1408 1570 1426 1603 ι
1462 1552 1520 1603 ln
1555 1544 1873 1615 Necrologio
1906 1540 2027 1597 Bel-

446 1650 745 1713 lovacensi,
767 1649 909 1719 quod
933 1647 1186 1702 laudatur
1208 1655 1337 1699 tom.
1386 1641 1455 1699 1X
1479 1640 1661 1695 Gallice
1680 1635 2023 1699 Christiana},

449 1744 552 1799 col.
591 1743 714 1798 742.
769 1741 823 1795 in
860 1740 1056 1794 Milone
1092 1737 1110 1791 l
1171 1737 1430 1806 episeopo
1466 1730 1838 1789 Bellovacensi
1881 1728 2025 1782 inter

449 1838 552 1888 alia
611 1835 864 1903 leguntur
910 1802 1239 1900 sequentia—z
1293 1845 1313 1879 ι
1359 1802 1521 1880 bedit
1561 1822 1728 1894 (Milo)
1762 1828 1927 1891 caput
1961 1818 2020 1872 Β.
2058 1802 2099 1855 Β

453 1926 685 1981 Mattbari
718 1923 947 1994 apostoli
985 1931 1040 1977 et
1080 1920 1284 1990 virgam
1311 1919 1510 1973 Aaron.
1551 1935 1570 1968 ι
1617 1917 1684 1970 At
1720 1915 1861 1969 unde
1891 1910 2025 1966 illud

453 2028 613 2088 caput
669 2014 964 2084 aeccpcrit,
995 2028 1104 2067 non
1147 2011 1457 2081 adjungitur
1515 2010 1569 2063 in
1606 2007 1822 2062 laudata
1858 2005 2028 2061 Gallia

453 2109 783 2166 Christiana.
820 2107 942 2160 Fuit
966 2105 1089 2158 Milo
1120 2104 1173 2158 in
1199 2103 1431 2173 Aigypto
1460 2116 1583 2155 cum
1613 2097 2030 2167 crucesignatis,

455 2204 559 2256 fuit
597 2199 848 2253 similiter
887 2194 1116 2251 notabili
1169 2203 1414 2263 tempore
1460 2192 1513 2245 in
1564 2190 1733 2245 italia.
1781 2190 1865 2242 An
1904 2203 2032 2243 vero

456 2293 618 2346 etiam
658 2288 819 2342 fuerit
846 2284 1339 2353 ConstantinOpoli,
1375 2282 1555 2351 ibique
1588 2289 1750 2349 caput
1776 2279 1904 2333 illud
1942 2294 2032 2334 ac-

456 2378 681 2450 ceperit,
714 2386 771 2431 ut
801 2376 966 2431 rel‘ert
1001 2374 1259 2429 Bailletus
1300 2373 1367 2427 ad
1400 2374 1543 2426 hunc
1575 2372 1720 2426 diem
1751 2371 1805 2425 in
1839 2379 2033 2424 sancto

461 2472 737 2532 Matthaco,
793 2478 848 2524 et
906 2468 1123 2537 quidem
1188 2476 1429 2536 tempore
1484 2463 1721 2533 Philippi
1780 2462 2033 2532 Augusti,

460 2578 606 2618 anno
638 2562 776 2617 1225
822 2559 1090 2625 defuncti,
1120 2558 1374 2627 nuspiam
1420 2556 1662 2612 invenio.
1702 2554 1773 2610 At
1820 2555 2037 2609 videtur

460 2655 719 2709 Bailletus
788 2651 1172 2721 Necrologium
1245 2647 1538 2703 c‘onciliare
1607 2646 1844 2701 voluisse
1910 2661 2035 2699 cum

461 2747 679 2818 scriptis
714 2763 743 2800 a
774 2744 1001 2815 Cangio,
1042 2753 1096 2796 et
1146 2742 1225 2797 sic
1253 2742 1473 2806 dixisse,
1513 2740 1658 2808 quod
1707 2753 1868 2792 nemo
1913 2747 2039 2792 ante

460 2840 691 2895 dixerat.
712 2838 871 2893 Certe
901 2837 1160 2906 Cangius,
1189 2849 1349 2903 quem
1374 2833 1533 2886 etiatn
1560 2831 1742 2884 laudat
1768 2831 1822 2884 in
1854 2831 2037 2884 llisto-

463 2932 577 2986 rico
611 2938 842 2985 tractatu
873 2930 939 2982 de
973 2929 1149 2997 capite
1181 2927 1353 2982 sancti
1385 2925 1609 2979 Joannis
1641 2923 1910 2992 Baptistae.
1935 2920 2037 2974 alia

463 3021 688 3078 omnino
710 3020 864 3082 dicit,
897 3031 1189 3073 recensens
1218 3032 1338 3085 pag.
1370 3014 1471 3067 101
1502 3013 1760 3081 reliquias
1782 3027 1812 3064 a
1836 3010 2039 3063 Latinis

2121 553 2253 599 tom.
2284 544 2349 607 ll,
2385 546 2490 599 col.
2518 544 2640 608 659,
2679 543 2748 598 de
2788 543 2881 598 illo
2909 543 3089 612 capite
3107 543 3301 599 scribit
3326 547 3610 612 sequentia
3629 548 3697 599 in

2118 636 2333 690 abbatis
2354 633 2745 704 Regnis-vallis
2783 650 2799 688 :
2841 651 2858 685 ι
2891 632 3077 688 Sancti
3103 631 3343 688 Matthxi
3399 642 3563 703 eaput
3605 650 3705 688 ar-

2116 736 2310 796 gentea
2385 725 2654 780 inclusum
2725 739 2913 794 capsa,
2956 725 3283 795 populorum
3346 740 3617 779 concursu
3666 741 3704 779 a

2119 821 2318 877 steculo
2351 836 2442 874 xiv
2471 818 2689 874 celebre
2724 835 2739 871 :
2784 832 2965 887 neque
3012 817 3159 871 enim
3188 817 3425 870 antehac
3451 817 3507 870 in
3543 826 3707 871 vete-

2120 915 2273 970 ribus
2296 910 2667 968 monumentis
2713 909 2946 979 legimus
2981 907 3303 976 quidquam,
3356 906 3503 961 unde
3550 908 3709 960 ulte-

2122 1010 2230 1064 rior
2271 1008 2318 1060 ei
2344 1005 2509 1074 possit
2535 1002 2834 1070 antiquitas
2896 998 3217 1068 adjudicari.
3263 1016 3286 1051 ι
3341 998 3487 1053 Satis
3517 997 3710 1051 anim-

2121 1105 2369 1158 advertet
2398 1097 2675 1151 studiosus
2709 1095 2899 1158 lector,
2929 1106 3040 1145 non
3072 1106 3233 1161 posse
3260 1092 3445 1146 omnia
3468 1091 3560 1145 illa
3578 1106 3714 1146 esse

2122 1195 2299 1265 capita
2337 1195 2512 1247 sancti
2545 1191 2807 1253 Matthasi,
2849 1192 2897 1244 si
2938 1191 3172 1256 integra,
3202 1197 3297 1241 aut
3335 1187 3449 1241 fere
3487 1187 3714 1255 integra

2123 1286 2252 1339 sint.
2286 1282 2628 1352 Quapropter
2654 1277 2760 1351 ipsi
2801 1280 3116 1337 examinare
3151 1286 3432 1348 poterunt,
3454 1291 3524 1329 an
3558 1275 3716 1329 forte

2128 1378 2367 1432 habeant
2400 1377 2665 1431 modicam
2692 1375 2888 1445 capitis
2922 1372 3244 1443 particulam
3292 1369 3509 1424 faetitio
3533 1366 3713 1436 capiti

2126 1470 2463 1542 impositam,
2515 1467 2676 1535 eique
2707 1465 2904 1535 capitis
2939 1479 3142 1517 nomen
3172 1462 3337 1516 fuerit
3360 1460 3713 1529 impositum,

2126 1558 2204 1611 uti
2256 1558 2389 1612 alias
2442 1558 2645 1611 factum
2702 1571 2824 1611 esse
2865 1553 3258 1625 experimentis
3319 1552 3480 1621 plane
3533 1549 3718 1604 certis

2128 1652 2334 1715 didici;
2384 1666 2453 1704 an
2513 1666 2640 1705 vero
2681 1649 2917 1704 habeant
2975 1645 3241 1715 reliquias
3276 1644 3466 1698 Sancti
3528 1642 3717 1696 alicu-

2126 1746 2216 1813 jus
2288 1744 2505 1807 incerti,
2560 1757 2680 1811 quae
2767 1756 2862 1810 per
2904 1752 3148 1793 errorem
3219 1737 3393 1791 sancti
3463 1733 3718 1789 Matthati

2129 1837 2355 1891 fuerunt
2398 1834 2644 1896 creditze,
2692 1830 3151 1901 quemadmodum
3202 1831 3369 1883 etiam
3416 1841 3528 1880 non
3578 1840 3719 1879 raro

2132 1931 2413 2001 contingit.

2204 2024 2326 2078 105.
2362 2021 2735 2075 Memorantur
2769 2025 2823 2072 et
2856 2016 2974 2070 alite
3021 2015 3378 2083 reliquiarum
3422 2011 3719 2081 particula:

2132 2116 2255 2169 aliis
2274 2114 2428 2168 locis.
2459 2113 2604 2167 Inter
2655 2109 2915 2179 reliquias
2968 2108 3175 2177 plures,
3209 2120 3334 2175 qua:
3386 2120 3539 2158 anno
3604 2103 3721 2158 894

2133 2207 2326 2262 delatae
2381 2212 2511 2257 sunt
2565 2203 2750 2256 Remis
2797 2201 2849 2253 in
2896 2214 3089 2269 pagum
3145 2197 3722 2258 Veromanduensem,

2135 2298 2505 2365 depositteque
2529 2292 2582 2345 in
2616 2291 2734 2346 vico
2766 2289 3033 2343 Memnieo
3092 2288 3145 2341 in
3195 2286 3428 2341 ecclesia
3465 2284 3527 2338 S.
3570 2283 3725 2337 Mar-

2086 2430 2091 2435 .
2137 2391 2253 2442 tino
2287 2387 2486 2450 dicata,
2513 2392 2835 2438 recensetur
2881 2381 3045 2433 etiam
3088 2378 3294 2449 aliquid
3355 2376 3723 2446 reliquiarum

2136 2480 2309 2534 sancti
2344 2476 2606 2540 Mattbtei,
2650 2484 2711 2528 ut
2753 2472 2929 2526 videri
2972 2480 3173 2540 potest,
3224 2481 3355 2524 tom.
3387 2472 3405 2522 l
3436 2468 3724 2534 Januarii,

2137 2589 2259 2643 pag.
2284 2571 2407 2634 180,
2441 2579 2572 2623 tum.
2622 2566 2688 2620 III
2745 2563 3049 2619 Februarii.
3084 2577 3207 2632 pag.
3241 2561 3329 2615 99.
3364 2559 3420 2614 In
3475 2560 3599 2615 Vita
3661 2559 3725 2614 S.

2137 2665 2459 2735 Augilbcrti,
2489 2660 2702 2716 abbatis
2756 2656 3106 2714 Centulcnsis
3161 2656 3215 2709 in
3274 2652 3502 2707 [’outivo
3546 2656 3731 2722 (nunc

2139 2756 2354 2811 abbatia
2420 2752 2481 2821 δ.
2516 2752 2761 2808 Richarii
2816 2749 3020 2821 passim
3075 2754 3322 2815 vocatur)
3374 2745 3470 2814 qui
3534 2742 3729 2796 ﬂoruit

2141 2820 2599 2916 tetupore‘Caroli
2637 2842 2835 2913 Magni,
2872 2842 3114 2903 refertur
3137 2838 3475 2892 constructio
3514 2848 3574 2891 et
3622 2836 3731 2889 de-

2141 2941 2342 2993 dicatio
2388 2937 2572 3006 templi
2619 2932 2965 2989 Centulensis
2992 2931 3054 2985 Β.
3077 2930 3260 2985 Mariae
3292 2944 3414 2984 eum
3453 2928 3728 2983 tredecim

2144 3029 2407 3081 altaribus
2436 3035 2491 3080 et
2518 3025 2783 3096 reliquiis,
2819 3039 2939 3089 qua:
2973 3022 3031 3076 in
3054 3022 3283 3091 singulis
3316 3027 3447 3073 sunt
3500 3020 3726 3089 positas.

464 3120 591 3181 post
640 3117 960 3179 occupatam
1003 3104 1531 3173 Constantinopolim
1584 3104 1637 3156 in
1687 3100 2036 3156 Occidentem

2143 3121 2223 3174 Ad
2251 3118 2590 3187 propositum
2613 3124 2793 3170 autem
2827 3122 3077 3169 nostrum
3109 3113 3183 3166 ibi
3210 3115 3329 3166 haec
3382 3113 3651 3181 leguntur
3713 3126 3727 3163 :

464 3205 685 3262 missas.
720 3200 852 3255 Nam
881 3201 948 3254 de
974 3199 1152 3269 capite
1178 3200 1361 3259 sancti
1382 3195 1617 3249 Μαιηιωί
1651 3196 1729 3249 sic
1754 3194 1998 3263 loquitur
2022 3209 2036 3247 :

474 3314 492 3348 ι
536 3291 830 3349 Cervasius
883 3290 950 3344 de
1000 3285 1435 3347 Chatcau-Neul'.
1486 3287 1783 3339 canonicus
1821 3283 2042 3339 Carno-

465 3385 657 3451 tensis,
705 3393 761 3438 et
808 3391 994 3452 postea
1050 3380 1342 3449 episcopus
1393 3375 1768 3439 Nivernensis,
1817 3373 2042 3428 donavit

467 3473 709 3530 ecclesia:
739 3470 1063 3527 Carnotensi
1119 3477 1282 3538 caput
1313 3467 1489 3522 sancti
1529 3465 1795 3520 Matthaei.
1833 3484 1853 3517 ι
1899 3465 2043 3519 Con-

468 3566 639 3621 senti'.
664 3562 1017 3619 Sebastianus
1043 3559 1340 3623 llouillard,
1371 3560 1426 3613 in
1455 3557 1691 3611 Historia
1713 3555 2039 3621 Carnotensi,

468 3674 589 3728 cap.
625 3658 677 3722 8,
717 3672 837 3727 pag.
867 3655 994 3711 207.
1039 3655 1224 3725 Itaque
1268 3652 1635 3707 Carnotcnses
1667 3648 2039 3711 crediderunt,

468 3748 748 3820 accepisse
778 3763 838 3804 se
882 3734 1046 3818 caput
1090 3744 1219 3799 illud
1252 3741 1759 3810 Constantinopoli;
1794 3739 1887 3795 sed
1918 3753 2045 3808 pro-

467 3841 600 3895 bare
628 3846 928 3909 nequeunt,
957 3846 1121 3905 caput
1152 3835 1325 3889 sancti
1359 3832 1597 3886 Matth-sei
1629 3846 1867 3900 unquam
1895 3832 2038 3884 Con-

469 3929 819 3999 stantinopoli
858 3929 1047 3993 fuisse,
1099 3936 1159 3981 ut
1190 3926 1542 3980 Carnotensis
1571 3938 1725 3992 atque
1757 3938 1822 3976 ac
1863 3920 2041 3975 Bello~

469 4020 719 4074 vacensis
766 4019 1012 4073 ecclesiae
1065 4016 1281 4072 traditio
1324 4014 1615 4070 admodum
1668 4013 1913 4069 videatur
1959 4012 2042 4066 in—

470 4121 641 4166 certa.

544 4201 669 4255 40’2.
711 4198 828 4255 Jam
884 4200 1144 4266 vidimus,
1204 4202 1379 4256 tribus
1450 4200 1586 4256 locis
1638 4205 1802 4267 caput
1866 4197 2041 4252 sancti

472 4291 713 4347 Matthtei
744 4292 1010 4363 assignari
1043 4291 1097 4345 in
1125 4292 1316 4345 Gallia.
1348 4292 1575 4345 Accedit
1614 4300 1670 4344 et
1713 4298 1940 4358 quartus
1987 4288 2045 4343 in

470 4382 844 4454 Lotltariugia,
914 4383 1173 4437 nimirum
1233 4382 1450 4437 abbatia
1502 4380 2045 4436 Pratmonstratensis

2151 3230 2170 3263 ι
2205 3211 2388 3265 Altare
2423 3210 2597 3263 sancti
2631 3206 2896 3270 Matthzei,
2944 3208 3002 3261 in
3053 3221 3162 3275 quo
3190 3204 3433 3273 reliquis:
3459 3205 3607 3272 ejus,
3670 3214 3731 3258 et

2145 3297 2309 3351 Marci
2363 3307 2418 3349 et
2471 3295 2650 3352 Luem.
2693 3314 2711 3347 ι
2748 3296 3009 3360 Rursum,
3059 3309 3179 3364 pag.
3232 3293 3355 3359 105,
3408 3293 3501 3347 ubi
3560 3294 3732 3348 datur

2145 3392 2407 3456 scriptum
2436 3388 2661 3442 nomine
2680 3386 3001 3457 Angilberti,
3037 3387 3411 3441 enumerantis
3437 3386 3731 3455 reli.;uias,

2143 3496 2280 3552 quas
2307 3497 2412 3552 ope
2440 3482 2619 3537 Caroli
2672 3482 2847 3552 Magni
2877 3490 2934 3537 et
2962 3481 3195 3536 aliorum
3229 3496 3294 3534 ex
3331 3480 3498 3534 variis
3541 3480 3732 3549 regio-

2144 3575 2306 3628 nibus
2333 3574 2667 3636 obtinuerat,
2704 3588 2826 3628 eum
2889 3574 3140 3644 plurimis
3172 3574 3294 3628 aliis
3357 3584 3730 3628 recensentur

2144 3669 2320 3722 sancti
2349 3665 2585 3721 Matthaei
2623 3666 2880 3736 reliquiae.
2903 3666 3020 3722 Non
3056 3667 3273 3722 additur
3306 3675 3506 3731 tamen,
3535 3674 3724 3718 utrum

2144 3757 2309 3813 fuerit
2338 3756 2540 3827 aliquid
2565 3772 2629 3812 ex
2653 3758 2870 3812 ossibus
2900 3757 3108 3823 Sancti,
3138 3773 3209 3811 an
3240 3758 3416 3812 solum
3451 3756 3518 3810 de
3550 3756 3727 3811 vesti-

2145 3850 2368 3905 mentis.
2418 3851 2477 3904 lu
2550 3849 2806 3920 Catalogo
2872 3851 3085 3919 prolixo
3174 3850 3545 3919 reliquiarum,
3601 3862 3734 3918 quae

2146 3957 2293 3996 anno
2335 3942 2474 3996 1585
2513 3940 2894 4012 Ulyssiponem
2927 3942 3199 3995 translata:
3226 3953 3376 4005 sunt,
3411 3941 3734 4010 ibidemque

2145 4035 2359 4089 donatae
2385 4034 2568 4087 domui
2600 4033 2858 4102 professae
2885 4033 3170 4087 Soeietatis
3206 4031 3356 4096 Jesu,
3393 4047 3734 4087 enumeran-

2149 4133 2236 4177 tur
2275 4122 2436 4177 etiam
2472 4122 2715 4191 reliquiae
2765 4123 2939 4177 sancti
2981 4118 3220 4176 Matthaei
3278 4123 3532 4191 apostoli,
3577 4123 3732 4191 apud

2145 4230 2247 4269 nos
2280 4225 2413 4271 tom.
2452 4214 2493 4268 ll
2542 4213 2807 4280 Januarii,
2866 4230 2990 4285 pag.
3050 4215 3174 4269 612.
3232 4213 3435 4268 Verum
3488 4214 3731 4271 sutiiciat

2148 4305 2267 4360 haec
2292 4305 2657 4371 enumeratio,
2685 4319 2809 4359 eum
2828 4313 3108 4375 nequeant
3138 4305 3246 4359 ulla
3278 4306 3517 4358 humana
3561 4306 3733 4359 indu-

2148 4396 2279 4450 stria
2317 4396 2628 4450 enumerari
2660 4410 2852 4451 omnes
2882 4395 3243 4465 reliquiarum
3269 4397 3571 4465 particulm,
3588 4413 3736 4467 quas

472 4474 528 4528 in
558 4474 783 4527 ditBt'eSi
817 4470 1081 4533 Tullensi,
1145 4471 1533 4543 Iiegnis-vallis
1567 4473 1731 4537 dicta,
1762 4486 1874 4526 non
1914 4486 2046 4525 con-
2078 4503 2121 4558 Β
2152 4488 2357 4541 habem
2397 4487 2642 4541 ecclesia;
2672 4494 2770 4541 aut
2802 4502 3049 4556 persona;
3103 4487 3351 4556 privatm,
3419 4490 3733 4556 praesertim

471 4567 750 4624 fundenda
801 4580 923 4621 cum
977 4567 1165 4630 altera,
1208 4579 1327 4633 qua:
1379 4563 1545 4632 Regia
1605 4562 1758 4617 vallis
1820 4561 2043 4628 dicitur,

471 4660 827 4730 ejusdemque
857 4655 1188 4718 cstordinis,
1221 4666 1275 4709 ct
1299 4656 1352 4707 in
1380 4655 1568 4709 eadem
1600 4654 1847 4707 dioecesi.
1879 4653 2048 4707 Saus-

472 4765 634 4821 sayus
680 4751 735 4803 in
795 4747 1190 4818 Supplemento
1239 4746 1608 4817 martyrologii
1664 4745 1925 4800 Gallicani
1979 4746 2045 4799 ad

469 4843 533 4896 2i
578 4841 917 4911 Septembris
956 4838 1684 4900 annuntiatvenerationem
1710 4837 1886 4892 sancti
1907 4836 2048 4891 Mat-

477 4936 599 4990 Ibmi
632 4933 882 4988 hodierni
909 4934 962 4987 in
994 4933 1243 4987 etenobio
1272 4931 1434 5000 Regis
1458 4931 1629 4993 vallis,
1666 4934 1725 4982 ut
1755 4929 2047 4997 aliquando

472 5029 638 5084 etiam
681 5035 929 5091 vocatur,
968 5034 1025 5080 et
1069 5024 1318 5095 adjungit
1353 5040 1367 5077 :
1409 5042 1426 5075 ι
1462 5021 1699 5092 Cujus...
1732 5037 1858 5092 pars
1892 5023 2047 5091 capi-

474 5123 545 5177 tis
590 5119 914 5185 laureati,...
939 5118 1088 5173 dlClO
1121 5116 1177 5171 in
1208 5116 1541 5171 monasterio
1600 5115 2046 5169 bonorilicentis-

475 5216 611 5270 sime
658 5220 991 5277 asservatur,
1055 5203 1109 5265 et
1163 5209 1327 5263 bodie
1380 5208 1606 5263 colenda
1645 5207 2048 5278 religiosissime

480 5303 791 5360 exhibetur.
847 5322 866 5356 ι
925 5305 1143 5359 Partem
1175 5302 1370 5373 capitis
1406 5301 1559 5367 dicit,
1610 5302 1841 5371 opinor;
1918 5300 2046 5369 quia

478 5399 583 5466 iam
617 5406 781 5466 caput
820 5390 1106 5449 Bellovaco
1130 5403 1184 5448 et
1214 5395 1453 5449 Cat-noto
1498 5400 1830 5447 asscrucrat.
1887 5390 2047 5445 Certe

475 5482 771 5555 Catmelus,
798 5488 851 5542 in
885 5488 1121 5542 Historia
1173 5486 1547 5556 Latltaringiw,
1592 5494 1724 5541 tom.
1761 5484 1805 5538 ll
1858 5485 2048 5554 prima:

478 5584 732 5639 editionis
759 5581 862 5637 col.
897 5581 968 5634 22
991 5586 1157 5652 caput
1188 5580 1362 5635 sancti
1391 5579 1632 5635 Matthaei
1673 5577 1907 5631 abbatiae
1938 5580 2045 5631 lle-

475 5675 737 5749 3is-vallis
785 5672 1056 5735 attribuit,
1116 5680 1170 5726 et
1196 5672 1302 5726 col.
1350 5671 1458 5725 265
1489 5669 1584 5737 ait,
1637 5684 1704 5724 ex
1756 5667 2045 5724 “Palaestina

478 5766 692 5820 allatum
728 5763 892 5819 fuisse
921 5777 1019 5834 per
1059 5761 1358 5821 Gobcrtum
1409 5761 1603 5831 Asperi
1640 5759 1835 5816 Montis
1870 5761 2042 5817 domi-

2150 4594 2272 4633 Clllll
2311 4593 2409 4646 per
2453 4577 2776 4632 donationes
2840 4578 3157 4647 frequenter
3205 4579 3274 4632 ab
3329 4593 3437 4631 uno
3489 4581 3610 4634 loco
3659 4582 3734 4634 ad

2151 4672 2382 4724 alterum
2417 4669 2839 4727 transferantur.
2871 4669 3148 4736 Ejusmodi
3188 4670 3510 4738 particulam
3553 4687 3733 4740 penes

2152 4775 2241 4815 me
2282 4758 2474 4823 habeo,
2501 4758 2629 4812 dum
2668 4759 2784 4811 haec
2830 4756 3030 4821 scribo,
3065 4768 3348 4827 acceptam
3402 4774 3550 4812 anno
3590 4759 3734 4815 1755

2152 4850 2392 4905 Venetiis
2421 4850 2492 4904 ab
2526 4849 2983 4903 excellentissimo
3008 4849 3237 4921 domino
3291 4848 3562 4904 Flaminio
3591 4851 3732 4905 Cor—

2151 4943 2316 5007 nelio,
2345 4953 2601 4995 senatore
2654 4939 2884 5006 Veneto,
2922 4941 3181 5011 superius
3234 4939 3476 5005 laud-ato,
3525 4945 3622 5013 qui
3675 4954 3730 4999 et

2149 5030 2309 5082 aliam
2344 5030 2447 5082 sibi
2481 5029 2722 5083 retinuit.

2224 5120 2345 5175 104.
2376 5120 2515 5175 Loca
2535 5132 2723 5177 sancto
2749 5121 3006 5179 Matthan
3029 5141 3206 5190 sacra,
3264 5139 3462 5197 praeter
3513 5144 3717 5184 memo-

2151 5224 2263 5267 rata
2318 5215 2579 5269 hactenus
2611 5216 2666 5269 in
2696 5215 3012 5282 Occidente,
3040 5230 3198 5275 certo
3237 5220 3394 5291 plura
3424 5232 3721 5277 exstantet

2148 5305 2330 5369 aliqua
2362 5306 2526 5359 etiam
2558 5306 2616 5360 in
2647 5308 2943 5376 provinciis
2997 5311 3373 5367 orientalibus.
3407 5312 3483 5368 De
3514 5316 3719 5370 celebri

2148 5395 2483 5450 monasterio
2516 5395 2574 5451 S.
2611 5397 2846 5451 Matthaei
2903 5399 2956 5451 in
3003 5400 3728 5473 MeSOpot.mtia,quaenunc

2148 5486 2466 5540 Diarbeehia
2488 5487 2709 5551 dicitur,
2745 5491 2888 5558 apud
2919 5492 3111 5547 urbem
3148 5493 3322 5548 Mosul
3363 5506 3458 5550 aut
3490 5497 3727 5553 Nniven

2147 5595 2368 5641 novam,
2411 5578 2730 5647 frequenter
2776 5582 3024 5637 meminit
3053 5586 3404 5651 Assemanus,
3436 5588 3488 5640 in
3519 5587 3721 5642 Biblio-

2151 5678 2298 5726 theca
2334 5671 2616 5737 Orientali,
2654 5683 2785 5727 t0m.
2811 5672 2877 5728 ll.
2904 5674 2983 5728 Ex
3004 5677 3069 5729 iis
3098 5688 3301 5743 autem,
3328 5695 3447 5744 qua:
3470 5695 3593 5752 pag.
3618 5681 3727 5736 408

2149 5763 2317 5819 refert
2347 5764 2413 5818 de
2441 5763 2536 5819 illo
2586 5765 2940 5831 monasterio,
2974 5766 3120 5822 clare
3155 5766 3348 5838 liquet,
3395 5769 3589 5825 saltem
3620 5785 3724 5826 ex-
