4002 6430
278 316 388 379 8Ξ3

274 518 440 573 minit
485 534 503 568 ι
554 514 793 570 εωηοῦίἰ
833 514 1095 578 Chuchm,
1147 515 1293 583 quod
1367 514 1761 567 monasterium
1793 514 1851 569 S.

274 607 516 663 llatthcei
544 607 747 662 dicitur
781 606 835 660 in
865 614 1051 659 monte
1088 604 1359 675 Elphcpb.
1401 625 1417 658 ι
1457 607 1532 660 Ex
1557 608 1646 661 illo
1670 616 1851 661 autem

272 700 612 755 monasterio
644 696 933 752 duodecim
986 699 1401 751 monachicum
1452 703 1709 768 episcopo
1760 697 1853 751 Ni-

272 792 427 845 nires
465 790 631 844 occisi
673 789 932 843 dicuntur
961 790 1116 856 jussu
1158 789 1418 844 Pberozis
1447 790 1730 843 Persarum
1765 805 1853 844 re-

272 881 352 950 gis
374 878 432 933 in
472 881 606 933 urbe
630 878 821 932 Ninive
852 879 967 933 sive
1002 880 1195 933 Mosul.
1229 881 1428 934 Eadem
1458 881 1692 934 historia
1726 898 1854 935 nar-

273 980 426 1024 ratur
474 970 615 1039 apud
647 968 1033 1032 Assemauum,
1079 979 1211 1023 tom.
1259 969 1349 1032 Ill,
1405 986 1530 1039 pag.
1580 971 1702 1033 595,
1764 971 1855 1025 ubi

272 1070 505 1115 vocatur
531 1060 778 1112 similiter
808 1077 826 1109 ι
861 1060 1171 1113 εωιιιὼίιιιιι
1196 1058 1437 1123 Ουοιιιιιξ,
1470 1079 1488 1111 ι
1521 1061 1622 1114 hoc
1647 1068 1752 1125 est,
1794 1062 1850 1115 ὃ.

269 1151 511 1208 Matthxi
548 1152 606 1207 in
638 1161 826 1205 monte
891 1151 1231 1222 Elphepbio;
1267 1153 1638 1222 monachique
1678 1152 1732 1206 iu
1764 1152 1856 1208 illo

271 1243 611 1298 monasterio
642 1241 904 1297 dicuntur
927 1258 1051 1297 cum
1087 1242 1427 1314 Metropolita
1461 1242 1687 1297 Ninich
1702 1258 1853 1297 com-

1552 313 1724 373 VI'I‘A
1767 314 1825 373 S.
1868 311 2262 376 ΜΑΤΤΗΛΞῙ.

277 429 484 483 stitisse
516 440 545 479 a
581 423 780 480 sarculo
810 438 883 477 tv.
917 420 1087 484 idem,
1143 430 1273 478 tom.
1302 421 1369 487 ll,
1411 437 1534 492 pag.
1575 423 1702 486 405,
1737 437 1853 476 me-
1883 429 1930 483 Α
1959 423 2240 489 prehensi,

2322 424 2584 495 ductique
2648 423 2904 494 Niniven,
2965 428 3057 484 ubi
3114 440 3300 500 postea
3360 438 3528 492 occisi

1960 524 2111 579 sunt,
2146 514 2292 583 quod
2325 517 2639 571 consentire
2668 517 2943 577 nollentin
2973 520 3222 576 ἣξει-θείη]
3249 523 3533 582 Nestoriu-

1963 621 2110 658 nam.
2140 606 2216 659 Ex
2246 622 2310 661 eo
2354 619 2558 672 autem,
2614 610 2757 677 quod
2797 614 3143 682 metropolita
3187 616 3415 674 Ninives
3475 620 3529 673 in

1961 698 2294 752 monasterio
2317 700 2751 769 comprehensus
2774 713 2878 766 est,
2906 706 3169 776 quodque
3212 724 3408 765 omnes
3434 712 3530 764 Ni-

1960 787 2140 839 nivvm
2168 786 2395 841 fuerunt
2431 790 2602 855 ducti,
2635 792 2766 846 satis
2806 802 2957 849 certo
3026 797 3325 867 colligitur,
3389 800 3529 855 idem

1961 878 2067 931 hoc
2085 895 2205 934 esse
2242 884 2636 937 monasterium
2697 900 2820 938 cum
2875 889 3220 955 prsncedente
3243 892 3387 958 apud
3419 891 3534 947 Mo-

1957 970 2041 1021 sul
2088 982 2178 1023 aut
2212 972 2467 1027 Ninivcn.
2519 975 2623 1028 Pro
2679 978 2870 1031 eodem
2923 979 3091 1033 etiam
3140 978 3532 1039 liabuit’Asse-

1958 1078 2173 1125 manus,
2204 1065 2347 1131 apud
2379 1081 2540 1134 quem
2566 1068 2718 1136 plura
2751 1068 2819 1123 de
2856 1068 2950 1124 illo
2988 1075 3323 1128 monasterio
3356 1075 3529 1130 videri

1955 1163 2236 1222 poterunt,
2273 1158 2512 1213 cumiila
2550 1160 2615 1214 ad
2668 1172 2922 1219 sanctum
2970 1162 3283 1221 Matthaaum
3343 1168 3530 1224 minus

1956 1255 2290 1314 pertineant.

1705 1605 2083 1718 ACTA

1209 1828 1480 1888 Auctore
1511 1823 1931 1906 Metaphraste
1964 1826 2315 1907 interprete
2351 1827 2603 1890 Sir-leto.

701 1993 953 2057 (Graecum
978 1996 1170 2044 textum
1192 1993 1577 2047 exscribeudum
1604 1996 1885 2047 curavimus
1910 2005 1974 2042 et
1999 1992 2110 2042 cod.
2146 2006 2235 2041 ms.
2271 1993 2423 2041 Paris.
2460 2006 2509 2041 u.
2544 1992 2685 2044 Ηῦθ.
2725 1994 2859 2045 Eutr.
2897 1994 3072 2060 Pun.)

326 2335 410 2386 A'.
452 2328 590 2396 Ἤδη
634 2326 731 2393 μὲν
768 2325 863 2397 τὴν
902 2325 1054 2397 παρὰ
1088 2323 1179 2379 τοῦ
1215 2324 1516 2387 πλάσαντος
1558 2322 1709 2392 ἡμᾶς
1752 2322 1839 2375 δο-

2015 2321 2058 2375 l.
2106 2320 2163 2375 Si
2220 2328 2549 2392 praeceptum
2605 2318 2758 2385 illud,
2810 2320 2956 2390 quod
3010 2320 3082 2377 ab
3135 2335 3222 2386 eo,
3279 2322 3370 2392 qui
3430 2340 3529 2381 nos

254 2422 451 2475 θεῖσαν
482 2418 842 2487 φυλάττοντες
873 2416 1115 2489 ἐντολὴν,
1137 2417 1237 2487 τῆς
1271 2414 1551 2486 μακαρίας
1581 2416 1639 2467 ἐν
1674 2430 1849 2485 παρα-

258 2515 428 2584 δείσῳ
454 2508 720 2581 οἰκήσεώς
747 2525 805 2561 τε
834 2511 926 2562 καὶ
955 2509 1226 2576 διαγωγῆς
1250 2507 1614 2576 ἀπελαύομεν,
1652 2505 1850 2569 παντὸς

256 2598 322 2658 οῦ
372 2619 521 2665 τινος
576 2599 671 2654 οῦν
704 2599 811 2653 τῶν
844 2601 971 2671 περὶ
1015 2598 1075 2652 τὸ
1123 2600 1283 2668 σῶμα
1352 2595 1845 2669 ὑπερφρονοῦντες,

262 2700 449 2770 μόνοις
496 2715 557 2751 τε
591 2698 703 2758 τοῖς
736 2695 902 2759 θείοις
951 2695 1368 2765 ὲνασχολοῦντες
1416 2694 1511 2747 τὸν
1565 2692 1710 2760 νοῦν,
1754 2692 1849 2745 καὶ⁸

256 2795 437 2847 ταῦτα
465 2791 724 2861 διηνεκῶς
760 2789 1175 2861 φανταζόμενοι,
1205 2790 1303 2859 ἤδη
1333 2789 1388 2843 δὲ
1418 2790 1509 2843 καὶ
1533 2790 1561 2841 ό
1582 2788 1681 2859 τῆς
1713 2787 1849 2858 πρὸς

255 2884 398 2935 θεὸν
431 2883 695 2954 πρότερον
724 2881 1057 2948 οἰκειότητος
1086 2880 1381 2949 ὀλισθήσας
1419 2879 1689 2943 διάϐολος,
1726 2878 1845 2948 ἅμα

259 2980 367 3046 μὲν
389 2975 509 3035 olor;
537 2973 885 3028 ἐκπεπτώκει
934 2972 1031 3043 τῆς
1064 2972 1223 3042 δόξης
1252 2969 1441 3035 είδώςν
1476 2972 1593 3041 ἅμα
1641 2970 1697 3024 δὲ
1751 2970 1846 3024 καὶ

258 3066 341 3138 τῷ
395 3065 723 3136 ἀνθρωπείῳ
785 3065 934 3132 γένει
987 3062 1464 3133 διαφθονούμενος.
1533 3062 1846 3117 Κάντεῦθεν

254 3157 423 3214 τοῦτο
451 3159 907 3226 συγκατενεγκεῖν
934 3155 1111 3225 ἑαυτῷ
1150 3158 1228 3218 εἰς
1265 3155 1537 3225 βάραθρον
1592 3153 1847 3225 μηχανὼ-

262 3269 452 3323 μενος,
485 3252 565 3313 είς
595 3249 766 3321 λήθην
795 3248 893 3318 τῆς
941 3247 1159 3317 ἐντολῆς
1188 3247 1278 3298 τὸν
1311 3245 1598 3316 ἄνθρωπον
1645 3245 1843 3315 ἤγαγε,

258 3346 356 3398 καὶ
400 3346 429 3397 ό
463 3343 678 3413 πρῶτος
713 3341 991 3403 πλασθεὶς,
1039 3338 1303 3409 ἐσυλήθη,
1338 3337 1463 3406 φεῦ,
1488 3337 1734 3401 ἐλεεινῶς
1755 3335 1847 3390 τὸν

260 3435 635 3502 παράδεισον*
663 3434 761 3486 οὐκ
814 3429 882 3503 ἦν
937 3433 992 3485 δὲ
1033 3432 1138 3500 ἄρα
1193 3431 1286 3484 τοῦ
1323 3428 1627 3493 πλάσαντος
1671 3430 1842 3499 ἡμᾶο,

256 3526 339 3587 είς
370 3525 531 3577 τοῦτο
575 3521 847 3584 ἀπωλείας
880 3519 1304 3589 κατενεχθέντας
1334 3519 1617 3590 περιϊδεῖν,
1647 3519 1741 3570 καὶ
1783 3518 1846 3569 τὸ

259 3616 480 3687 πρῶτον
524 3614 898 3676 ἀποϐαλόντας
932 3611 1173 3680 ἀξίωμα,
1208 3612 1267 3663 ἐν
1294 3610 1466 3671 οὕτως
1506 3609 1687 3679 ἀτίμῳ
1739 3626 1842 3661 κα-

1951 2412 2224 2481 formavit,
2265 2414 2570 2484 injunctum
2596 2414 2757 2469 nobis
2798 2413 2879 2486 (Ι)
2912 2414 3037 2480 fuit,
3084 2430 3302 2471 servare
3328 2412 3532 2474 voluis-

1950 2522 2153 2570 semus,
2213 2507 2372 2561 beata
2405 2507 2492 2561 illa
2527 2507 2764 2577 paradisi
2802 2507 3136 2563 habitatione
3172 2516 3230 2562 et
3278 2508 3384 2563 vita
3423 2511 3530 2565 l’rui

1948 2599 2111 2655 nobis
2135 2599 2400 2663 licuisset,
2426 2600 2720 2669 omniaque
2738 2614 3001 2670 corporea
3041 2601 3325 2656 commoda
3354 2603 3529 2672 negli-

1950 2703 2161 2764 gentes,
2194 2692 2327 2746 solis
2357 2692 2563 2747 divinis
2591 2696 2761 2747 rebus
2805 2700 3041 2747 mentem
3073 2706 3394 2765 occupatam
3431 2697 3529 2751 ha-

1952 2782 2232 2842 beremus,
2288 2796 2353 2834 ac
2403 2796 2500 2836 eas
2550 2782 2790 2836 assiduis
2840 2782 3265 2853 cogitationibus
3313 2799 3531 2855 semper

1948 2871 2363 2925 meditaremur.
2392 2870 2531 2927 Cum
2557 2872 2665 2939 ille,
2715 2873 2807 2943 qui
2868 2873 3105 2928 adivina
3161 2873 3529 2929 familiaritate

1948 2963 2114 3017 simul
2151 2972 2320 3034 atque
2350 2979 2380 3017 a
2408 2963 2578 3035 gloria
2611 2965 2832 3028 excidit,
2860 2965 2917 3018 in
2945 2980 3051 3035 qua
3080 2966 3232 3035 prius
3258 2974 3397 3028 erat,
3431 2982 3529 3036 ge-

1947 3055 2065 3109 neri
2100 3056 2341 3110 humano
2380 3057 2674 3121 invideret,
2715 3057 2785 3110 ob
2822 3056 2982 3128 idque
3010 3059 3077 3113 ad
3118 3074 3271 3113 suam
3307 3060 3525 3113 ruinam

1949 3160 2134 3200 secum
2158 3161 2266 3200 una
2293 3147 2550 3203 omnibus
2576 3148 2847 3202 machinis
2872 3149 3005 3204 illud
3043 3150 3382 3220 praecipitare
3416 3162 3531 3205 stu—

1924 3236 2126 3302 ‘deret,
2170 3247 2360 3291 auctor
2409 3237 2510 3291 fuit
2539 3238 2769 3304 homini,
2800 3250 2861 3293 ut
2890 3241 3050 3309 primi
3086 3240 3232 3294 illius
3270 3242 3528 3311 pracepti

1948 3328 2389 3383 oblivisceretur.
2451 3331 2638 3400 Itaque
2702 3331 2866 3385 homo
2924 3330 3061 3401 ipse,
3134 3333 3226 3401 qui
3281 3334 3528 3388 omnium

1946 3419 2215 3489 primusa
2271 3418 2383 3475 Deo
2434 3420 2703 3477 formatus
2778 3431 2882 3488 est,
2947 3424 3241 3479 miserabili
3290 3426 3527 3495 quodam

1947 3513 2132 3577 modo,
2166 3512 2304 3581 proh
2338 3512 2530 3567 dolor!
2584 3514 2840 3582 paradiso
2904 3515 3147 3583 privatus
3214 3516 3337 3571 iuit.
3405 3517 3528 3570 Non

1951 3610 2130 3657 tamen
2165 3604 2358 3673 ipsius,
2391 3606 2482 3675 qui
2515 3621 2616 3660 nos
2658 3606 2935 3671 formavit,
2976 3607 3283 3678 benignitas
3349 3609 3526 3678 patie-

256 3667 511 3761 τάλιπεῖν
559 3708 623 3775 τῇ
658 3667 925 3774 διαγωγή.
958 3667 1097 3755 νιλ).λ³
1138 3667 1299 3763 αὐτὸς
1327 3701 1356 3752 ό
1390 3667 1468 3768 τῶ
1502 3667 1678 3768 "arpi.
1719 3714 1844 3751 συν-

1949 3695 2131 3758 batur,
2263 3667 2574 3751 aii—tantam
2636 3697 2849 3750 ruinam
2921 3667 3159 3768 prolapsi
3217 3667 3531 3781 despicere-

257 3793 496 3864 ἁναρχος
523 3793 693 3861 Λόγος
722 3794 816 3845 καὶ
848 3791 1108 3852 cavato-.0;
1140 3789 1250 3842 τῶν
1293 3787 1574 3857 πατρικῶν
1604 3787 1848 3851 κενώσας

258 3885 480 3938 κόλπων
516 3884 710 3937 ἑαυτὸν
759 3883 853 3936 ἐπὶ
904 3881 1123 3953 μητέρα
1187 3879 1458 3953 παρθένον
1520 3879 1733 3932 κάτεισι
1779 3877 1850 3932 δι’

257 3977 360 4046 ἐμὲ
397 3977 492 4031 καὶ
519 3977 699 4045 σάρκα
732 3976 910 4044 φορεῖ,
959 3975 1056 4027 καὶ
1103 3972 1283 4025 πάντα
1333 3969 1473 4038 πλὴν
1531 3970 1698 4039 μόνης
1746 3968 1848 4038 τῆς

257 4067 542 4136 ἁμαρτίας
571 4065 872 4136 ὑπέρχεται
901 4064 971 4117 τὰ
1004 4064 1344 4137 ἀνθρώπινα,
1385 4063 1459 4124 ὡς
1491 4063 1558 4116 ἂν
1594 4063 1695 4133 τὴν
1748 4062 1847 4132 μὲν

259 4159 538 4230 ἁμαρτίαν
568 4158 736 4229 ἀνέλῃ
767 4156 963 4228 καινὴν
999 4156 1056 4209 δέ
1088 4173 1215 4209 τινα
1269 4156 1407 4228 πρὸς
1440 4154 1708 4223 οὐρανοὺς
1741 4157 1844 4206 ἑπ-

252 4253 443 4307 άνοδον
468 4253 581 4313 τοῖς
604 4250 697 4304 ἐπὶ
721 4253 823 4321 γῆς
852 4248 1130 4319 ὑποδείξῃ.
1178 4249 1332 4303 Ἐπεὶ
1360 4248 1417 4301 δὲ
1448 4247 1543 4302 καὶ
1569 4245 1849 4309 διακόνους

255 4346 398 4414 πρὸς
427 4342 587 4395 τοῦτο
621 4342 715 4395 καὶ
766 4342 1043 4411 ὑπηρέτας
1076 4341 1223 4410 ἔχειν
1250 4342 1443 4411 ἐχρῆν,
1474 4341 1543 4394 δι’
1585 4332 1664 4395 ὧν
1684 4356 1743 4392 τε
1778 4339 1848 4391 τὰ

255 4435 357 4500 τῆς
410 4431 726 4501 οἰκονομίαι,
782 4433 876 4484 καὶ
923 4430 1033 4483 τῶν
1089 4432 1405 4501 μυστηρίων
1453 4431 1846 4501 ἀνακαλύψειε,

256 4527 352 4578 καὶ
394 4524 531 4594 πρὸς
574 4523 845 4594 σωτηρίας
890 4523 1009 4575 ὁδὸν
1040 4524 1166 4585 τοὺς
1215 4523 1542 4594 ἀνθρώπους
1573 4540 1846 4593 χειραγωο

256 4618 474 4687 γήσειε,
534 4614 925 4686 προσκαλεῖται
989 4612 1088 4683 μὲν
1133 4614 1388 4683 Ἀνδρέας
1441 4616 1533 4666 καὶ
1591 4615 1839 4683 Πέτρος,

256 4703 399 4773 μετά
460 4696 527 4755 δι’
554 4702 779 4764 τούτους
843 4700 1096 4763 Ἱάκωὸός
1141 4716 1201 4753 τε
1246 4700 1341 4753 καὶ
1395 4700 1666 4771 Ἰωάννης,
1716 4697 1841 4753 ἐἶτα

254 4796 554 4857 ιιιατθαῖος,
597 4795 626 4845 ὁ
649 4791 744 4844 νῦν
770 4792 904 4861 ἡμῖν
932 4791 1183 4854 ὑπόθεσις
1219 4789 1317 4844 ῶν.

1946 3801 2095 3848 mur,
2132 3799 2312 3855 neque
2341 3795 2421 3851 ut,
2454 3787 2630 3855 prima
2685 3787 2774 3840 illa
2833 3788 3092 3858 dignitate
3138 3789 3359 3853 amissa,
3416 3799 3526 3843 tam

1946 3876 2173 3947 ignobili
2224 3886 2370 3933 statu
2401 3878 2753 3934 condemnati
2789 3879 3247 3949 relinquerernur.
3299 3879 3392 3932 ille
3423 3879 3524 3949 igi-

1947 3976 2036 4021 tur
2077 3968 2231 4039 ipse,
2288 3969 2381 4038 qui
2448 3970 2518 4023 ab
2554 3969 2708 4023 initio
2741 3983 2865 4024 cum
2919 3968 3079 4023 Patre
3138 3983 3356 4037 semper
3385 3965 3524 4035 'l‘uit,

1947 4061 2042 4131 qui
2088 4071 2393 4116 coaeternus
2418 4070 2524 4128 est,
2584 4077 2651 4116 ex
2702 4071 2934 4131 paterno
2981 4061 3108 4116 sinu
3162 4060 3527 4125 descendens,

1948 4152 2189 4219 seipsum
2236 4152 2563 4218 exinanivit,
2614 4162 2669 4207 et
2690 4163 2915 4224 propter
2945 4151 3171 4208 humani
3200 4152 3418 4223 generis
3434 4167 3526 4206 sa-

1945 4244 2114 4299 lutem
2164 4255 2395 4301 matrem
2438 4245 2717 4317 Virginem
2751 4248 2941 4310 subiit,
3001 4263 3222 4303 carnem
3276 4247 3523 4316 gestavit,

1947 4345 2005 4390 et
2034 4337 2274 4393 humana
2315 4339 2498 4393 omnia
2526 4340 2794 4395 sustinuit
2822 4351 3020 4407 praeter
3042 4351 3325 4411 pec-catum
3370 4360 3384 4398 :
3428 4344 3527 4396 hu—

1946 4443 2107 4482 mana
2134 4428 2281 4482 enim
2326 4433 2513 4484 omnia
2567 4432 2826 4499 suscepit,
2873 4442 2935 4490 ut
2995 4444 3278 4503 peccatum
3336 4435 3525 4490 mundi

1947 4519 2185 4583 tolleret,
2208 4530 2265 4574 et
2305 4518 2412 4585 his,
2441 4520 2534 4588 qui
2564 4529 2696 4575 sunt
2728 4522 2781 4575 in
2813 4531 2978 4588 terra,
3000 4540 3201 4580 novum
3231 4528 3523 4596 quemdam

1946 4612 2016 4665 ad
2054 4611 2223 4666 corios
2262 4608 2470 4662 aditum
2499 4621 2855 4686 praepararet.
2913 4612 3183 4679 Quoniam
3232 4632 3360 4670 vero
3403 4618 3525 4686 ejus

1947 4703 2025 4756 rei
2054 4701 2335 4755 ministros
2366 4700 2571 4755 habere
2601 4684 2865 4771 oportuit,
2891 4720 2990 4774 per
3018 4722 3158 4775 quos
3198 4707 3396 4761 divina:
3436 4684 3528 4762 di-

1946 4793 2312 4864 spensationis
2366 4802 2421 4848 et
2472 4795 2858 4864 mysteriorum
2897 4797 3240 4867 disciplinam
3291 4798 3433 4853 Deus
3469 4810 3527 4852 et

254 4884 614 4955 patefaceret,
658 4893 823 4952 atque
892 4882 1145 4937 homines
1185 4883 1334 4951 ipsos
1369 4882 1436 4937 ad
1505 4883 1697 4937 salutis
1732 4883 1874 4938 viam
1915 4874 2264 4954 perduceret,
2292 4884 2365 4939 ob
2426 4900 2547 4939 eam
2593 4901 2811 4941 causam
2862 4888 3040 4943 vocati
3084 4897 3211 4942 sunt
3255 4887 3522 4952 Andreas,

260 4979 478 5040 Petrus,
510 4975 769 5041 lacubus,
802 4975 1043 5030 Joannes
1077 4985 1134 5030 et
1169 4974 1479 5042 Matthaaus,
1511 4977 1576 5031 de
1594 4993 1702 5046 quo
1726 4981 2013 5036 nobishoc
2049 4981 2168 5036 loco
2198 4983 2488 5037 dicendum
2538 4994 2640 5039 est.

328 5069 407 5125 B'.
439 5062 607 5132 Οῦτος
629 5068 811 5122 τοίνυν
834 5068 862 5119 ό
898 5065 994 5120 τοῦ
1028 5067 1267 5138 Χριστοῦ
1303 5067 1554 5139 μαθητὴς
1597 5069 1844 5141 ὕστερον,

2026 5071 2090 5125 ll.
2121 5072 2737 5144 Hic,inquam,Christi
2797 5076 3120 5148 discipulus,
3174 5079 3302 5134 olim
3342 5080 3521 5137 fuerat

255 5163 499 5232 τελώνης
560 5159 668 5231 πρό

332 5296 347 5310 .
432 5293 446 5307 .
526 5292 543 5308 .
620 5291 636 5306 .
712 5266 828 5324 τωρ
858 5251 955 5305 καὶ
987 5249 1175 5317 λογιστ

255 5349 352 5403 καὶ
412 5353 598 5417 πάσης
647 5349 711 5401 ὲν

1312 5163 1407 5215 καὶ
1464 5163 1655 5233 χρημά
1730 5202 1746 5218 .
1827 5202 1841 5217 .

328 5528 406 5597 (Ι)
435 5526 625 5592 Nobis,
651 5525 706 5580 in
772 5525 963 5596 primo’
998 5524 1281 5597 nimirum
1311 5532 1553 5597 parente
1608 5522 1837 5597 A‘damo.

258 5592 601 5652 lloc'autem
650 5592 867 5652 initium
907 5598 1066 5652 modo
1095 5592 1349 5649 nonnihil
1381 5597 1602 5650 diverso
1645 5592 1839 5648 Latine

259 5682 580 5737 expressum
597 5682 719 5737 esse
752 5668 895 5735 apud
918 5667 1311 5737 Lipomanum,
1342 5675 1474 5720 tom.
1506 5662 1571 5725 V,
1596 5662 1836 5737 H.157,

263 5734 501 5806 indeque
529 5734 826 5793 credidisse
849 5734 1082 5806 aliquos,
1116 5735 1218 5789 alia
1253 5749 1375 5791 esse
1405 5737 1560 5800 Acta,
1589 5746 1710 5801 quae
1733 5734 1831 5787 de-

1943 5163 2289 5233 publicanus,
2344 5166 2705 5235 pecuniarum
2752 5175 2974 5222 exactor
3019 5178 3077 5222 et
3147 5169 3518 5235 ratiocinator,

1942 5256 2147 5325 quippe
2178 5254 2271 5325 qui
2300 5272 2494 5312 omnes
2538 5267 2783 5327 quazstus
2827 5258 3064 5315 faciendi
3106 5261 3223 5316 vias
3276 5273 3331 5316 et
3374 5273 3520 5318 artes

1457 5348 1669 5417 στήρης
1744 5351 1841 5401 καὶ
1936 5355 2186 5412 noverat,
2228 5348 2430 5404 mentis
2455 5349 2773 5418 acrimonia,
2828 5352 3109 5423 multoque
3164 5369 3349 5408 rerum
3413 5369 3517 5408 usu

1946 5528 2027 5602 dit
2066 5528 2421 5602 Lipomanus,
2453 5530 2706 5586 adnotavi
2741 5532 2795 5586 in
2829 5529 3237 5587 Commentario
3254 5550 3405 5589 num.
3428 5538 3516 5602 Η,

1945 5599 2391 5721 ῗὺίηιιθοειειιάἰ,
2420 5605 2553 5656 Acta
2593 5617 2717 5658 esse
2748 5602 2962 5667 eadem,
3004 5605 3249 5660 diversos
3272 5621 3403 5661 vero
3435 5599 3518 5661 iu-

1967 5681 2235 5739 erprctes.
