4002 6440
517 337 623 401 8i5

517 549 733 595 teneret
756 539 852 611 (Ξ).
889 539 1082 594 Postea
1117 554 1247 593 vero
1307 554 1470 608 quam
1522 554 1617 609 pro
1677 540 1850 594 salute.
1910 540 2096 594 mundi

518 631 771 687 Christus
817 631 1076 686 Dominus
1110 632 1162 684 in
1207 641 1347 685 terra
1402 632 1603 686 versari
1638 632 1807 701 ccepit
1856 632 2095 701 (videte,

517 740 720 794 quaeso,
758 726 1125 795 repentinam,
1161 724 1418 789 celerem,
1451 725 1821 780 admirabilem
1861 734 1914 778 et
1942 726 2102 795 plane

520 818 762 873 divinam
833 817 1075 872 hominis
1132 815 1599 880 conversionem),
1630 831 1751 870 cum
1800 817 2102 886 prmteriret

515 909 833 977 aliquando,
866 918 923 963 et
955 909 1179 963 intimas
1219 908 1401 963 cordis
1432 917 1616 979 partes
1661 909 1957 978 inspiceret
1997 910 2100 964 lio-

516 1001 683 1056 minis
727 1000 778 1052 in
817 999 1018 1054 telonio
1040 999 1302 1065 sedentis,
1338 1014 1572 1069 cumque
1608 1000 1828 1054 virtutis
1859 1002 2098 1054 studium

517 1101 681 1160 atque
723 1091 974 1147 ardorem
1026 1090 1077 1144 in
1119 1090 1239 1160 ejus
1270 1090 1454 1145 animo
1502 1089 1788 1150 latentem,
1825 1099 1883 1144 ut
1916 1105 2100 1145 rerum

520 1185 861 1241 occultarum
898 1184 1145 1254 cognitor
1189 1192 1244 1237 et
1302 1181 1484 1237 cordis
1521 1192 1919 1252 perscrutator,
1960 1183 2100 1237 bene

517 1286 895 1349 cognosceret,
932 1286 987 1329 et
1056 1274 1360 1345 qualisnam
1410 1289 1474 1327 ex
1516 1289 1603 1338 eo,
1650 1274 1741 1343 qui
1788 1282 1918 1328 tunc
1960 1283 2098 1338 erat,

517 1377 709 1440 postea
757 1366 974 1420 futurus
1047 1375 1212 1430 esset,
1255 1364 1460 1434 optime
1516 1364 1881 1435 prospiceret,
1950 1364 2098 1417 illum

518 1460 753 1525 vocavit,
782 1475 845 1514 ac
867 1458 1021 1528 sequi
1048 1474 1107 1512 se
1136 1458 1317 1528 jussit.
1348 1457 1437 1511 Sic
1461 1457 1605 1511 enim
1625 1457 1692 1511 de
1726 1457 1814 1510 illo
1841 1458 2099 1527 scriptum

517 1553 751 1622 legimus
785 1572 801 1607 :
835 1569 854 1605 ι
884 1552 1019 1605 Cum
1056 1550 1311 1605 transiret
1344 1538 1525 1614 Jesus,
1552 1549 1687 1603 vidit
1720 1549 2098 1619 publicanum,

521 1644 750 1698 nomine
781 1643 934 1708 Levi,
973 1643 1027 1697 in
1082 1642 1285 1697 telonio
1346 1642 1651 1705 sedentem,
1700 1644 1859 1712 eique
1908 1643 2041 1697 dixit
2083 1661 2098 1696 :

520 1735 761 1805 Sequere
795 1750 901 1789 me.
967 1753 984 1785 ι
1022 1733 1115 1787 llle
1151 1748 1278 1787 vero
1339 1749 1445 1787 non
1514 1734 1868 1802 pecuniarum
1923 1737 2098 1804 cepia,

1747 339 2033 400 MENSIS
2071 343 2549 404 SEPTEMBER.

517 452 590 505 ita
633 458 920 519 praestans,
963 457 1019 502 ut
1053 449 1196 503 inter
1228 447 1545 520 publicanos
1580 448 1885 519 principem
1908 450 2088 504 locum
2121 455 2166 513 Α
2194 454 2357 524 τέχνη

3576 374 3583 377 -
3674 334 3773 399 816

2439 493 2450 506 .
2532 491 2547 507 .
2629 491 2643 506 .
2721 491 2738 504 .
2818 491 2831 504 .
2911 445 3426 519 .μενος,καὶνο)ις
3502 483 3517 501 .
3600 485 3615 500 .
3691 488 3705 503 ,

2280 586 2293 599 .
2375 584 2389 599 .
2469 587 2482 600 .
2563 583 2578 598 .
2661 583 2675 598 .
2752 542 2844 596 καὶ
2892 539 3238 610 πραγμάτων
3273 538 3641 609 πολυπειρία,
3684 541 3781 612 τὴν

2204 616 2430 708 πρώτην
2461 636 2612 706 παρά
2639 633 2898 697 τελώναις
2943 633 3096 693 τάξιν
3135 632 3350 701 ἐπέχων
3381 646 3395 661 ·
3428 630 3549 682 ἐπεὶ
3578 628 3635 683 δὲ
3684 633 3784 695 τὰς

2204 730 2299 781 ἐπὶ
2350 728 2597 799 σωτηρίᾳ
2637 726 2731 781 τοῦ
2767 727 2977 796 κόσμου
3015 724 3294 795 διατριϐὰς
3337 722 3483 775 κατά
3506 724 3611 790 γῆν
3640 717 3787 791 εἶχεν

2204 822 2233 873 ὁ
2302 819 2509 890 Κύριος
2570 820 2753 891 (ὁρᾶτε
2804 818 2865 872 τδ
2937 817 3037 887 τῆς
3090 816 3391 884 μεταϐολῆς
3442 814 3537 867 τοῦ
3595 813 3791 883 ἀνδρδς

2204 911 2397 982 ἀθρόον
2421 910 2495 973 ὡς
2512 909 2784 980 ὑπερφυὲς
2806 908 2899 961 καὶ
2930 906 3274 974 παράδοξον),
3302 902 3362 957 Ὃ
3385 905 3482 974 μὲν
3507 904 3615 974 γὰρ
3647 910 3789 972 παρε

2206 1006 2356 1074 άγων
2408 1005 2485 1075 τῷ
2537 1003 2691 1075 βάθει
2759 1006 2859 1073 τῆς
2920 1002 3015 1054 τοῦ
3071 1000 3267 1069 ἀνδρὸς
3316 1001 3549 1069 καρδίας
3615 999 3787 1051 tua:

2210 1094 2361 1166 παρὰ
2410 1097 2473 1148 τδ
2530 1095 2787 1147 τελώνιον
2845 1092 3293 1162 προκαθημένου,
3354 1089 3447 1141 καὶ
3498 1088 3589 1140 τον
3649 1088 3787 1139 ὑπο-

2205 1184 2519 1255 καθήμενον
2579 1184 2678 1254 τῆς
2738 1184 2938 1254 ἀρετῆς
2990 1180 3139 1249 αὐτῷ
3197 1179 3361 1249 ζῆλον
3410 1171 3496 1231 οἶα
3532 1175 3791 1244 γνὼστης

2206 1276 2457 1345 κρυφίων
2486 1274 2583 1329 καὶ
2614 1272 2857 1344 καρδιῶν
2895 1273 3191 1341 ἐξεταστὴς
3228 1270 3479 1342 ἀκριϐῶς
3522 1267 3791 1336 ἐγνωκὼς

2204 1368 2299 1420 καὶ
2351 1362 2464 1430 οἶος
2518 1365 2584 1420 ἂν
2630 1366 2690 1431 ἐξ
2721 1365 2834 1418 οἴου
2881 1364 3090 1431 γένοιτο
3131 1361 3419 1433 προειδὼς,
3472 1360 3632 1414 καλεῖ
3688 1359 3793 1428 μὲν

2205 1459 2368 1511 αὑτὸν
2390 1456 2706 1510 ἀκολουθεῖν
2731 1454 3131 1524 ἐντελλόμενος.
3162 1472 3181 1503 ι
3211 1454 3483 1522 [παράγων
3513 1450 3648 1519 γὰρ,
3679 1467 3795 1518 φη-

2207 1549 2312 1616 σὶν,
2344 1549 2372 1601 ὁ
2414 1547 2622 1618 Ἰησοῦς
2653 1544 2791 1600 εἶδεν
2821 1545 2955 1599 Λευῒ
2987 1545 3078 1599 τὸν
3110 1543 3391 1598 Ματθαῖον
3415 1544 3507 1594 ἐπί
3533 1542 3594 1594 τὸ
3620 1541 3798 1593 τελῶ⁹

2207 1658 2319 1695 νιον
2350 1640 2686 1711 καθήμενον,
2731 1640 2827 1692 καὶ
2850 1638 3001 1706 λέγει
3036 1637 3217 1705 αὐτῷ·
3262 1634 3570 1689 ’Δκολούθει
3616 1650 3726 1702 μοι.
3776 1652 3794 1684 ι

2216 1732 2274 1785 ’0
2334 1732 2392 1785 δὲ
2452 1734 2511 1785 οὐ
2571 1731 2873 1803 χρημάτων
2928 1728 3164 1800 πληθὺν,
3215 1729 3275 1781 οὐ
3349 1727 3800 1797 περιεστηκότων

518 1844 627 1883 non
664 1845 877 1889 eorum,
921 1828 1013 1896 qui
1052 1826 1507 1890 circumstabant,
1567 1827 1944 1891 multitudine,
1988 1844 2098 1895 non

2207 1826 2383 1895 ὄχλον,
2420 1828 2480 1878 οὑ
2654 1794 2829 1895 χαμαὶ
2879 1794 3184 1895 συρομένην
3238 1820 3398 1885 δόξαν
3423 1794 3659 1889 *ταύτην
3692 1820 3799 1871 καὶ

522 1933 736 1976 terrena
772 1930 826 1975 et
869 1919 1043 1991 fragili
1076 1920 1240 1988 hujus
1273 1919 1463 1973 mundi
1495 1919 1666 1988 gloria
1702 1919 1957 1975 detentus
1979 1931 2058 1973 est
2087 1937 2101 1986 ;

521 2014 659 2069 nihil
682 2013 917 2083 denique
947 2012 1165 2066 illorum
1187 2010 1434 2066 omnium
1464 2011 1697 2074 curavit,
1721 2010 1913 2080 quinin
1943 2013 2103 2066 terris

522 2109 817 2161 humanam
876 2111 1119 2158 mentem
1177 2101 1424 2157 servituti
1478 2101 1770 2172 subjicere,
1835 2111 1890 2156 et
1927 2104 1993 2157 ad
2047 2118 2106 2157 se

522 2196 803 2251 attrahere
843 2194 1025 2248 solent
1067 2209 1079 2246 :
1110 2192 1206 2247 sed
1244 2193 1338 2259 ita,
1372 2199 1432 2245 ut
1463 2201 1601 2256 erat,
1630 2192 1815 2246 statim
1845 2194 2104 2257 surrexit,

520 2297 577 2341 et
602 2297 829 2341 secutus
854 2292 939 2339 est
989 2283 1302 2338 Dominum.
1354 2282 1476 2337 Non
1531 2283 1689 2353 longa
1745 2281 1994 2337 oratione
2029 2282 2106 2336 illi

521 2393 661 2449 opus
693 2376 817 2443 fuit,
850 2390 1032 2446 neque
1066 2374 1238 2429 multo
1270 2383 1536 2444 tempore,
1575 2388 1687 2429 non
1717 2373 2106 2430 miraculorum

523 2470 890 2541 spectatione,
923 2484 1034 2522 non
1084 2467 1320 2536 denique
1364 2467 1712 2537 diligentiore
1765 2477 1861 2522 aut
1900 2468 2109 2522 diutur-

521 2565 679 2619 niore
712 2562 1152 2625 consuetudine;
1184 2562 1278 2615 sed
1340 2575 1463 2614 cum
1508 2560 1749 2630 primum
1809 2560 2107 2629 optabilem

502 2655 665 2711 .iliam
692 2665 748 2710 et
776 2652 1075 2724 jucundam
1105 2668 1294 2708 vocem
1354 2654 1582 2716 audivit,
1621 2673 1639 2704 ι
1688 2654 1927 2723 Sequere
1955 2669 2096 2715 me,»

515 2748 704 2804 statim
756 2746 1018 2802 teloniuni
1062 2746 1373 2815 dereliquit,
1427 2755 1477 2800 et
1542 2745 1820 2815 exigende
1854 2745 2102 2815 pecuniae

518 2841 720 2906 socios,
800 2853 1134 2906 omnemque
1242 2838 1469 2892 honoris
1547 2837 1762 2908 pristini
1833 2836 2103 2906 cupidita-

2207 1921 2458 1992 ῥέουσαν,
2489 1920 2589 1989 οὐχ
2621 1919 2725 1972 ὅσα
2761 1919 2867 1971 τῶν
2898 1918 3027 1989 τῇδε
3072 1913 3541 1970 καταδουλοῦσθαι
3572 1929 3636 1966 τε
3687 1912 3792 1964 τον

2204 2014 2331 2067 νοῦν
2366 2012 2461 2065 καὶ
2498 2010 2921 2083 σφετερίζεσθαι
2969 2011 3183 2079 πέφυκε
3222 2008 3284 2061 τὸ
3317 2006 3586 2077 παράπαν
3637 2003 3801 2057 οὐδὲν

2206 2106 2695 2175 ὑπολογισάμενος,
2729 2103 2803 2166 ὡς
2838 2099 2985 2173 εἶχεν
3031 2101 3196 2164 εὐθὺς
3226 2100 3490 2163 ἀναστάς,
3521 2096 3649 2151 οὕτε
3684 2114 3800 2164 μα-

2207 2196 2356 2267 κρῶν
2393 2195 2588 2266 ἐδεήθη
2616 2194 2813 2262 λόγων,
2843 2193 2969 2246 οὔτε
3003 2193 3198 2264 χρόνου
3226 2191 3445 2261 συχνοῦ.
3499 2187 3645 2243 Ἀλλ’
3667 2187 3797 2240 οὐδὲ

2206 2289 2503 2360 θαυμάτων
2538 2287 2666 2351 θέας
2714 2287 2833 2341 οὐδὲ
2882 2286 3221 2356 τελεωτέρας
3255 2286 3357 2356 τῆς
3410 2282 3638 2353 ὁμιλίας
3694 2282 3799 2335 καὶ

2208 2381 2477 2445 πλείονος.
2511 2380 2649 2435 ἀλλὰ
2679 2380 2838 2450 μόνον
2870 2378 2944 2444 ὡς
2976 2379 3077 2450 τῆς
3108 2378 3367 2440 εὐκταίας
3394 2376 3611 2445 ἐκείνης
3641 2374 3800 2443 αὖτῷ

2208 2476 2390 2543 φωνῆς
2421 2473 2518 2526 καὶ
2537 2472 2717 2542 ἡδείας
2747 2473 3005 2542 ἤκουσεν,
3041 2490 3059 2522 ι
3083 2468 3395 2525 Ἀκολούθει
3429 2485 3545 2536 μοι,
3570 2486 3589 2517 ι
3614 2484 3796 2519 κατα-

2206 2565 2384 2617 λείπει
2425 2565 2525 2634 μὲν
2556 2564 2616 2616 τὸ
2646 2563 2908 2616 τελώνιον
2940 2561 3165 2624 αὐτίκα,
3199 2559 3533 2613 καταλείπει
3571 2558 3629 2610 δὲ
3662 2557 3797 2619 τοὺς

2213 2658 2668 2727 συμπράκτορας,
2703 2655 3130 2724 συγκαταλείπει
3162 2655 3216 2707 δὲ
3249 2654 3347 2707 καὶ
3379 2652 3482 2723 τὴν
3526 2653 3659 2722 περὶ
3690 2651 3796 2704 αὐ-

2211 2750 2302 2801 τον
2358 2752 2541 2800 πᾶσαν
2596 2748 2931 2817 φιλοτιμίαν,
2985 2748 3081 2800 καὶ
3129 2748 3377 2816 ἀργύρου
3418 2744 3627 2805 παντὸς
3695 2744 3798 2795 καὶ

2211 2838 2413 2907 χρυςοῦ
2444 2838 2534 2890 τὸν
2569 2837 2870 2907 πολύτιμον
2903 2837 3126 2890 ὠνεῖται
3161 2836 3534 2907 μαργαρίτην.

518 2944 630 2988 tem
685 2932 901 3002 alijecit,
956 2945 1019 2985 ac
1087 2938 1199 2984 toto
1255 2930 1343 2984 illo
1387 2939 1612 3000 argento
1651 2937 1705 2984 et
1738 2944 1893 2995 auro,
1935 2928 2080 2997 quod
2122 2938 2284 2984 antea
2345 2929 2685 2999 possidebat,
2753 2928 3052 2999 pretiosam
3096 2929 3444 3001 margaritam
3517 2938 3798 2983 mercatus

522 3038 628 3084 εει.

596 3117 690 3173 lll.
734 3117 817 3171 lta
862 3116 953 3186 qui
997 3112 1129 3168 Levi
1187 3122 1350 3167 antea
1385 3112 1701 3180 dicebatur,
1760 3128 1883 3167 cum
1921 3125 2098 3167 mores

2275 3107 2527 3165 Γ’.Οὖτω
2561 3110 2720 3174 Λευίς
2749 3110 2837 3164 τδν
2866 3110 3065 3183 τρόπον
3087 3112 3407 3182 θαυμασίως
3443 3114 3788 3181 μεταϐαλὼν·

520 3210 787 3284 pristinos
852 3205 1249 3263 admirabiliter
1326 3206 1670 3270 mutavisset,
1739 3203 2100 3275 appellatione

520 3317 741 3374 quoque
770 3300 1052 3370 superiore
1106 3306 1333 3362 mutata,
1371 3296 1656 3350 Matt'iaaus
1691 3296 1871 3350 dictus
1897 3304 1979 3350 est
1998 3293 2098 3364 (5),

512 3396 612 3468 .qui
643 3394 901 3461 deinceps
924 3407 1048 3447 cum
1097 3391 1217 3459 ipso
1244 3388 1373 3443 Jesu
1415 3388 1753 3453 versabatur,
1779 3390 1850 3442 ita
1875 3397 1952 3453 ut,
1973 3404 2099 3442 cum

522 3496 712 3557 postea
739 3484 991 3539 Christus
1024 3483 1138 3550 ipse
1173 3482 1223 3533 in
1260 3481 1379 3549 ejus
1411 3480 1574 3535 domo
1613 3479 2097 3541 recumberetmna

520 3596 647 3635 cum
678 3579 769 3632 illo
803 3587 860 3631 et
910 3575 1199 3629 Matthazus
1247 3573 1608 3628 discubuerit.
1645 3572 1758 3637 Qua
1786 3573 1852 3628 de
1890 3588 1946 3626 re
1974 3588 2098 3627 cum

524 3666 780 3722 Pharisaei
816 3665 1154 3728 dubitarent,
1209 3672 1261 3715 et
1309 3663 1375 3715 ab
1405 3661 1522 3730 ejus
1570 3660 1848 3730 discipulis
1892 3675 2099 3729 qumrc-

520 3772 667 3826 rent,
723 3775 954 3814 curnam
1025 3773 1215 3811 eorum
1271 3754 1526 3824 Magister
1602 3768 1727 3807 cum
1793 3752 2099 3822 publicanis

519 3856 702 3912 cibum
732 3862 975 3909 sumeret
1008 3864 1024 3903 :
1054 3850 1165 3913 ille,
1199 3850 1281 3903 his
1313 3847 1539 3912 auditis,
1571 3846 1886 3916 respondit:
1928 3864 1945 3895 ι
1979 3844 2096 3899 Noii

518 3963 658 4016 opus
732 3945 939 3998 habent
991 3942 1229 4005 medico,
1278 3941 1368 4008 qui
1428 3941 1566 3993 bene
1619 3938 1822 4001 valent,
1874 3938 1967 3990 sed
2007 3936 2099 4005 qui

520 4038 660 4091 male
686 4050 745 4089 se
790 4035 1015 4088 habent.
1067 4050 1084 4082 ι
1150 4030 1282 4084 item
1325 4030 1453 4082 iliud
1494 4045 1507 4080 :
1563 4047 1580 4079 ι
1625 4029 1831 4082 Euntes
1885 4026 2097 4091 discite,

520 4128 650 4196 quid
692 4130 783 4193 sit,
821 4124 1249 4180 Misericordiam
1282 4122 1426 4185 volo,
1462 4130 1517 4175 ct
1543 4138 1651 4175 non
1682 4119 2032 4175 sacrilicium.
2077 4138 2094 4170 ι

520 4224 637 4286 Qua
672 4234 728 4273 re
783 4217 1104 4279 declaravit,
1136 4230 1194 4268 se
1234 4216 1470 4275 venisse,
1522 4229 1631 4266 non
1668 4220 1723 4265 ut
1773 4213 1953 4283 justos
1984 4226 2102 4265 om-

520 4318 676 4375 nino,
722 4310 815 4365 sed
868 4319 927 4363 ut
956 4316 1278 4377 peccatores
1312 4307 1376 4358 ad
1398 4305 1773 4374 pwnitcntiam
1821 4304 2097 4358 invitaret.

520 4405 601 4457 L‘x
654 4405 749 4456 illo
775 4411 1021 4470 tempore
1049 4397 1335 4452 Matthmus
1372 4399 1445 4451 ita
1480 4396 1745 4449 mundum
1782 4396 2093 4464 dereliquit,

2206 3204 2284 3266 είς
2318 3202 2601 3257 Ματθαῖον
2635 3205 2731 3256 καὶ
2752 3204 2849 3274 τὴν
2875 3205 3250 3275 προσηγορίαν
3286 3206 3584 3274 ἠλλάξατο,
3645 3207 3790 3263 ὥστε

2206 3293 2299 3348 καὶ
2336 3294 2683 3364 ἀνακειμένῳ
2705 3296 2844 3365 μετά
2875 3296 3049 3348 ταῦτα
3091 3300 3150 3348 ἐν
3183 3301 3248 3369 τῇ
3284 3298 3432 3369 οἰκίᾳ
3476 3300 3552 3369 τῷ
3583 3299 3787 3372 Ἰησοῦ,

2207 3386 2631 3440 συνανακείσθαι
2656 3389 2803 3458 αὑτῴ
2839 3390 2931 3441 καὶ
2980 3389 3278 3454 Ματθαῖον,
3329 3389 3415 3459 ἐρ’
3444 3386 3488 3459 ᾧ
3514 3393 3795 3464 διαπορεῖ-

2206 3482 2327 3535 σθαι
2362 3485 2487 3541 τοὺς
2516 3482 2873 3550 Φαρισαίους,
2908 3482 3003 3533 καὶ
3032 3480 3505 3537 ἀναπυνθάνεσθαι
3536 3485 3648 3539 τῶν
3675 3505 3786 3556 μα-

2205 3572 2384 3641 θητῶν
2440 3591 2452 3604 ·
2489 3575 2531 3625 Τ
2539 3575 2553 3626 ί
2582 3572 2723 3641 δῆτα
2763 3574 2901 3643 μετά
2929 3572 3178 3627 τελωνῶν
3220 3576 3248 3626 ὁ
3278 3575 3596 3641 διδάσκαλος
3629 3579 3790 3649 ὑμῶν

2204 3666 2404 3730 ἐσθίει;
2432 3665 2523 3718 τὸν
2556 3665 2611 3718 δὲ
2641 3667 2951 3721 ἀκούσαντα
2983 3668 3169 3734 φάναι,
3206 3686 3224 3719 ι
3256 3670 3331 3721 Οὐ
3360 3670 3543 3739 χρείαν
3564 3669 3787 3739 ἔχουσιν

2203 3762 2253 3811 oi
2291 3759 2567 3829 ἰσχύοντες
2604 3757 2813 3829 ἰατροῦ,
2868 3759 2987 3813 ἀλλ’
3014 3761 3064 3814 οί
3102 3762 3291 3825 κακῶς
3320 3762 3552 3834 ἔχοντες.
3589 3783 3607 3815 ι
3646 3765 3784 3830 Καὶ,

2211 3872 2227 3902 ι
2257 3852 2620 3924 Πορευθέντες
2648 3854 2847 3922 μάθετε
2871 3853 2923 3905 τί
2945 3854 3312 3909 ἐστινοἚλεοι
3332 3857 3471 3910 θέλω
3494 3859 3588 3911 καὶ
3605 3858 3667 3911 οὐ
3691 3858 3783 3913 θυ-

2206 3947 2348 3999 σίαν.
2378 3965 2396 3997 ι
2428 3946 2491 3997 Τί
2526 3946 2682 3998 τοῦτο
2712 3946 3005 4016 δηλῶν,ὼς
3038 3948 3097 3999 οὐ
3128 3948 3371 4013 δικαίους
3392 3946 3524 4021 ἦλθε
3557 3954 3786 4007 καλέσαι

2206 4037 2445 4100 πάντως,
2467 4036 2601 4090 ἀλλά
2626 4038 2989 4107 ἁμαρτωλοὺς
3014 4041 3091 4104 είς
3133 4043 3445 4107 μετάνοιαν.
3495 4044 3780 4098 Ἐντεῦθεν

2207 4129 2537 4201 σταυροῦται
2571 4131 2670 4199 μὲν
2701 4132 2728 4183 ὁ
2757 4131 3039 4194 Ματθαῖος
3072 4132 3149 4202 τῷ
3179 4137 3370 4205 κόσμῳ
3400 4138 3587 4200 παντὶ,
3619 4155 3781 4193 σταυ-

2209 4219 2396 4289 ροῦται
2427 4219 2485 4271 δὲ
2509 4222 2631 4281 ταῖς
2664 4223 2953 4289 κοσμικαῖς
2989 4221 3236 4285 ἀπάσαις
3262 4223 3609 4292 ἐπιθυμίαις,
3642 4228 3789 4300 μόνῳ

2202 4329 2260 4363 τε
2294 4310 2366 4379 τῷ
2397 4310 2515 4384 Θεῷ
2548 4312 2677 4375 ζῶν,
2717 4314 2812 4366 καὶ
2860 4314 3035 4383 τούτῳ
3057 4315 3178 4369 κατ’
3203 4314 3348 4385 ίχνος
3380 4318 3672 4389 ἑπόμενος,
3697 4326 3789 4375 καὶ

2207 4404 2427 4456 πάντων
2458 4403 2623 4456 αὐτοῦ
2648 4404 2757 4457 τῶν
2790 4407 3038 4476 σημείων
3077 4424 3138 4460 τε
3165 4410 3259 4462 καὶ
3299 4408 3601 4477 θαυμάτων
3627 4412 3788 4467 αὐτό-

523 4504 660 4550 utet
704 4494 802 4563 ipsi
842 4491 1067 4554 mundo,
1133 4499 1192 4543 et
1235 4489 1495 4543 omnibus
1542 4487 1837 4541 mundanis
1886 4486 2097 4554 cupidi-

2208 4511 2350 4562 πιης
2378 4497 2475 4548 καὶ
2501 4498 2759 4559 κοινωνὸς
2790 4496 2888 4563 ὢν,
2919 4498 3013 4552 ἇτε
3046 4499 3176 4571 παρ’
3208 4500 3330 4555 ὅλον
3366 4502 3458 4553 τὸν
3490 4504 3592 4571 τῆς
3638 4507 3786 4558 οίκο-

521 4586 745 4653 tatibus,
792 4598 953 4638 cruce
1029 4592 1307 4651 suscepta,
1359 4580 1778 4641 renuntiaverit,
1846 4578 1946 4631 soli
1990 4578 2099 4631 Deo

518 4681 731 4742 vivens,
761 4685 815 4730 et
836 4676 957 4745 ejus
1000 4674 1224 4744 vestigia
1255 4687 1513 4742 sequens,
1536 4670 1897 4738 omniumque
1915 4668 2098 4737 signo-

522 4787 642 4824 rum
681 4784 745 4823 ac
795 4767 1185 4821 miraculorum
1226 4765 1399 4835 ipsius
1428 4772 1708 4834 spectator
1736 4771 1792 4817 ct
1827 4762 2100 4833 particeps

515 4860 697 4917 factus
733 4874 748 4912 :
790 4857 994 4927 quippe
1034 4856 1123 4925 qui
1181 4840 1277 4925 per
1312 4862 1490 4908 totum
1527 4852 1959 4921 dispensationis
2014 4850 2098 4904 di-

518 4955 658 5005 vina:
701 4960 919 5018 tempus
979 4963 1083 5001 una
1132 4962 1255 5001 cum
1313 4945 1441 5000 Jcsu
1488 4954 1736 5000 versatus
1793 4944 1915 5006 fuit,
1973 4957 2097 4996 cum

518 5040 748 5095 summis
780 5040 899 5109 ejus
922 5035 1205 5105 discipulis
1237 5044 1687 5100 connumemtus,
1721 5044 1775 5087 et
1800 5048 1924 5087 cum
1957 5042 2097 5084 tem-

519 5135 672 5206 poris
735 5146 1026 5202 pr03ressu
1079 5130 1286 5184 iaciens
1348 5128 1564 5180 virtutis
1633 5125 2093 5198 progressionem.

518 5228 656 5283 Cum
685 5240 813 5279 vero
854 5233 1073 5295 tempus
1133 5221 1265 5276 illud
1324 5220 1563 5274 salutare
1604 5219 1935 5284 advenisset,
1989 5232 2097 5288 quo

593 5360 671 5426 (θ)
712 5360 786 5411 Dc
821 5359 924 5411 hoc
956 5359 1098 5411 inter
1122 5357 1440 5423 publicanos
1502 5355 1811 5423 principatu
1857 5351 2092 5426 dubitari

515 5423 712 5485 merito
736 5438 933 5497 potest,
971 5428 1186 5481 etiamsi
1212 5429 1384 5480 solum
1419 5429 1733 5485 credamus,
1781 5423 2009 5497 ingenio
2041 5432 2095 5475 et

517 5493 842 5557 desteiiiate
880 5499 1178 5567 principem
1221 5497 1414 5563 asseri,
1456 5506 1513 5549 ut
1547 5497 1698 5548 locus
1748 5493 1896 5547 clare
1923 5508 2094 5562 expo-

515 5574 662 5626 nitur
695 5571 837 5639 apud
873 5568 1256 5638 Lipomauum.

590 5644 665 5710 (ὃ)
696 5631 1040 5693 Existimavit
1068 5646 1285 5710 auctor,
1318 5652 1450 5710 non
1480 5635 1648 5710 fuisse
1709 5635 1915 5710 dictum
1958 5631 2094 5709 Mai-

517 5706 716 5763 tum".
758 5720 885 5762 ante
954 5708 1321 5773 vocatiOriem,
1361 5708 1455 5761 sed
1505 5706 1654 5761 Levi.
1719 5706 2091 5768 Cettum‘est,

517 5797 713 5833 nomen
754 5779 877 5832 Levi
909 5779 1082 5833 eidem
1112 5780 1281 5832 fuisse
1314 5780 1478 5832 etiam
1519 5786 1646 5831 ante
1699 5777 2040 5833 vocationem
2074 5793 2088 5840 ;

2206 4587 2396 4657 τομίας
2431 4590 2623 4659 χρόνον
2677 4591 2826 4661 αὐτῷ
2858 4593 3277 4663 συγγινόμενος,
3311 4597 3425 4658 τοῖς
3458 4596 3569 4648 τῶν
3605 4598 3787 4669 μαθη-

2204 4670 2311 4722 τῶν
2339 4688 2395 4723 τε
2430 4673 2753 4742 κορυφαίοις
2788 4676 3317 4751 συναριθμούμενος,
3353 4678 3448 4731 καὶ
3476 4678 3558 4749 τῷ
3595 4682 3781 4751 χρόνῳ

2209 4764 2627 4830 συμπροῖοῦσαν
2658 4764 2798 4834 ἔχων
2831 4765 2928 4835 τὴν
2957 4768 3183 4837 ἀρετήν.
3234 4769 3385 4820 Ἐπεὶ
3414 4770 3469 4821 δὲ
3515 4773 3613 4822 καὶ
3641 4774 3670 4824 ὁ
3696 4772 3787 4825 τοῦ

2206 4858 2476 4921 σωτηρίου
2511 4855 2715 4917 πάθους
2750 4858 3065 4928 ἐφειστήκει
3096 4859 3307 4928 καιρὸς,
3339 4860 3433 4912 καὶ
3460 4864 3612 4931 ταφῇ
3651 4868 3790 4932 μετὰ

2201 4940 2293 4990 τὸν
2327 4945 2559 5009 σταυρὸν
2584 4943 2642 4994 τὸ
2671 4942 2766 4995 τοῦ
2799 4943 3005 5014 Κυρίου
3039 4945 3310 5015 παρεδόθη
3341 4946 3524 5016 σῶμα,
3557 4952 3657 5001 καὶ
3694 4949 3788 5002 νῦν

2206 5028 2305 5095 μὲν
2336 5030 2449 5089 τοῖς
2483 5027 2754 5098 μαθηταῖς
2782 5031 2921 5100 μετά
2954 5030 3050 5102 τὴν
3078 5032 3377 5086 ἀνάστασιν
3404 5035 3779 5104 ἐπιφαίνεται,

2201 5122 2295 5175 νῦν
2319 5122 2374 5173 δὲ
2400 5120 2628 5185 ἀθέατος
2670 5118 2738 5193 ἦν
2789 5123 2972 5187 αὐτοῖς
3018 5124 3083 5177 τὰ
3130 5126 3321 5190 πολλὰ,
3384 5128 3544 5190 τέλος
3594 5131 3675 5190 είς
3693 5131 3781 5179 0'3-

2214 5215 2414 5282 ρανοὺς
2464 5216 2744 5286 ἀνελήφθη
2783 5218 2876 5269 καὶ
2924 5218 3017 5272 τὸν
3047 5219 3407 5291 Παράκλητον
3456 5222 3679 5273 ἐκεῖθεν
3720 5223 3778 5273 ὲν

2199 5362 2255 5407 at
2286 5368 2483 5407 nomen
2521 5351 2760 5429 Matthaai
2799 5363 2985 5423 postea
3039 5365 3251 5429 tantum
3294 5356 3362 5410 ab
3393 5357 3514 5425 ipso
3551 5372 3800 5429 usurpa-

2202 5433 2337 5484 tum,
2400 5439 2512 5497 non
2562 5427 2841 5489 existimo,
2879 5442 3002 5479 curn
3056 5427 3340 5479 Matuta-us
3395 5430 3511 5497 ipse
3556 5427 3709 5497 cap.‘
3739 5431 3798 5490 9.

2199 5510 2340 5547 \ers.
2396 5494 2427 5545 9
2483 5506 2821 5549 contrarium
2874 5499 3085 5553 iunoni.
3156 5498 3244 5549 tibi
3300 5494 3432 5550 dieit
3491 5514 3504 5549 :
3561 5516 3579 5547 ι
3632 5494 3801 5553 Ὺίιῑίι

2201 5563 2407 5631 (Jesns)
2444 5564 2719 5618 hominem
2764 5568 3049 5620 sedentem
3096 5569 3148 5618 in
3189 5568 3424 5631 teloneo,
3461 5567 3798 5623 iilatthteum

2200 5637 2444 5688 nomine.
2487 5654 2503 5687 ι
2555 5635 2746 5706 Itaque
2775 5638 2887 5705 jam
2936 5646 3051 5690 tuin
3095 5636 3331 5692 habebat
3371 5639 3659 5708 geminum
3689 5655 3800 5695 no-

2176 5700 2346 5761 'nicn.
