4002 6430
285 404 386 468 Sl'l

1578 406 1754 466 VlTA
1797 408 1856 468 S.
1897 412 2285 473 M.\TT[I.EI.
3462 421 3566 482 89'.

286 526 416 577 εῖδει
453 520 700 592 πυρίνων
744 519 1009 590 γλωσσῶν
1044 521 1158 584 τοῖς
1215 520 1537 583 ἀποστόλοις
1587 520 1868 588 ἐκπέμπει

2004 539 2131 578 esus
2172 540 2391 581 crucem
2421 543 2614 597 passus
2662 539 2765 596 est,
2837 542 2893 588 et
2935 533 3155 587 Domini
3202 547 3404 603 carpas
3446 543 3569 602 post

284 616 434 679 ὅπως
471 617 536 685 τῇ
584 604 782 668 ἓούτου
814 615 1118 683 ὲμπνεύσει
1172 614 1269 683 τὴν
1324 615 1484 684 χάριν
1517 616 1630 676 τοῖς
1657 612 1870 664 ἔθνεσιν

284 707 726 777 ἀπαγγείλωσιν,
755 706 919 769 ἄλλος
947 724 1006 759 τε
1037 706 1148 759 τῶν
1181 706 1444 776 μαθητῶν
1471 703 1706 774 ἀλλαχοῦ
1742 706 1873 756 ἐπο-

291 800 480 874 ρεύθη,
531 801 626 855 ἐπὶ
657 802 766 854 πᾶν
813 800 914 870 τῆς
937 802 1267 871 οἰκουμένης
1315 798 1467 863 ἔθνος
1508 798 1584 862 ὡς
1637 798 1873 859 ἕκαστος

286 894 382 949 ὑπ’
405 895 621 948 ἐκείνου
652 893 832 964 λάχοι.

1984 628 2204 670 crucem
2263 616 2432 686 ipsam
2494 621 2790 691 sepultura:
2857 625 3113 680 traditum
3170 626 3292 690 fuit,
3351 635 3407 681 et
3479 626 3569 680 ille

1985 715 2111 775 post
2145 712 2610 768 resurtectionem
2640 716 2945 786 aliquando
2979 718 3271 788 discipulis
3310 718 3426 773 suis
3462 735 3563 786 ap-

1984 800 2276 867 paruisset.
2354 806 2553 875 saepius
2600 823 2731 862 vero
2793 810 3015 865 illorum
3058 811 3246 866 oculos
3293 810 3565 874 latuisset,

1984 901 2265 957 postremo
2305 894 2358 949 in
2401 899 2605 953 coelum
2656 911 2975 972 assumptus
3029 913 3137 969 est,
3192 911 3247 956 et
3297 900 3563 972 Spiritum

289 990 627 1060 paraelctum
669 989 824 1045 illinc
862 988 966 1045 sub
1021 990 1178 1060 ignea
1216 988 1527 1059 linguarum
1570 984 1754 1055 specie
1803 980 1869 1036 ad
1913 986 2191 1050 apostolos
2241 1002 2372 1044 suos
2426 992 2601 1058 misit,
2657 1002 2719 1048 ut
2784 1012 2883 1067 per
2938 998 3060 1065 ejus
3121 996 3301 1068 ipsius
3327 995 3568 1065 Spiritus

281 1083 527 1139 aﬂlatum
593 1084 852 1156 gentibus
895 1083 1124 1155 gratiam
1182 1083 1504 1140 nuntiaret.
1545 1088 1677 1134 tunc
1733 1074 2018 1144 Discipuli,
2087 1078 2199 1133 alio
2229 1082 2341 1148 alii,
2404 1085 2637 1155 profecti
2698 1098 2828 1145 sunt
2877 1091 2943 1146 ad
3008 1091 3176 1145 totius
3208 1089 3361 1146 orbis
3389 1097 3567 1145 terra-

281 1191 404 1232 rum
447 1177 761 1248 gentes(4),
820 1186 985 1247 prout
1036 1175 1417 1247 unusquisque
1469 1173 1540 1230 ab
1574 1175 1666 1228 illo
1721 1171 1842 1241 ipso
1881 1166 2088 1238 Spiritu
2122 1174 2445 1237 ducebatur.

350 1274 428 1325 A'.
472 1270 627 1324 Ἐπεὶ
667 1264 762 1324 οὖν
817 1268 961 1323 οὕτω
1032 1270 1228 1335 ταῦτα,
1274 1267 1372 1323 καὶ⁸
1402 1268 1452 1321 oi
1487 1265 1731 1337 μαθηταὶ
1779 1262 1879 1326 τὰς

285 1364 468 1436 χώρας
508 1362 777 1428 διέλαϐον,
809 1363 928 1415 τότε
982 1361 1079 1415 καὶ
1104 1364 1133 1416 ό
1159 1360 1477 1431 θαυμαστὸς
1529 1353 1688 1421 οὗτος
1722 1358 1876 1411 Matr-

287 1458 433 1519 θαίος
464 1457 561 1511 καὶ
592 1457 767 1527 μέγας
823 1456 1125 1519 ἀπόστολος
1179 1457 1282 1509 οὐκ
1318 1455 1483 1516 αὐτὸς
1550 1453 1718 1523 μόνος
1772 1451 1873 1505 τοῦ

283 1546 495 1617 ἀγαθοῦ
535 1546 845 1619 μετασχὼν,
867 1547 1079 1616 ἑτέροις
1109 1545 1470 1617 ἀπεκρύψατο
1489 1546 1590 1615 τὴν
1631 1545 1872 1615 μετάλη-

279 1641 398 1711 ψιν,
425 1641 566 1695 ἀλλὰ
611 1641 709 1697 καὶ
740 1641 856 1705 τοῖς
890 1641 1072 1704 ἄλλοις
1107 1639 1387 1695 κοινοῦται
1416 1639 1476 1691 τὸ
1501 1638 1731 1712 ἀγαθόν.
1765 1638 1876 1692 Καὶ

277 1737 400 1789 ὅλον
448 1736 642 1791 ἑαυτὸν
695 1730 809 1789 οἷον
862 1735 1192 1803 συναγαγών
1239 1750 1300 1787 τε
1347 1734 1440 1787 καὶ
1495 1735 1878 1804 συγκροτήσας

2050 1268 2137 1327 IV.
2173 1272 2309 1329 Cum
2349 1277 2514 1348 igitur
2540 1276 2657 1334 inec
2696 1282 2767 1335 ita
2805 1297 2864 1336 se
2900 1282 3189 1342 haberent,
3226 1291 3278 1335 et
3311 1275 3564 1352 discipuli

1977 1366 2230 1438 regiones
2255 1368 2390 1425 alias
2421 1371 2511 1426 alii
2541 1374 2782 1443 aggressi
2813 1373 3073 1437 fuissent,
3098 1382 3231 1428 tunc
3262 1372 3567 1427 admirabi-

1977 1458 2041 1513 lis
2070 1468 2125 1515 et
2150 1476 2378 1532 magnus
2405 1465 2688 1533 apostolus
2711 1466 3024 1529 Matthmus,
3084 1474 3358 1520 tantarum
3395 1465 3564 1519 bona-

1978 1570 2097 1608 rum
2130 1571 2313 1610 rerum
2370 1558 2522 1613 solus
2558 1562 2834 1629 particeps
2884 1576 3006 1616 esse
3054 1560 3251 1624 noluit,
3299 1560 3394 1614 sed
3446 1560 3565 1613 aliis

1978 1649 2143 1703 etiam
2180 1650 2506 1706 beneficium
2543 1654 2865 1722 impertivit.
2901 1653 3088 1724 Itaque
3133 1670 3256 1708 cum
3294 1670 3352 1709 se
3390 1662 3559 1708 totum

1980 1742 2317 1811 collegisset,
2356 1745 2710 1815 Evangelium
2745 1763 2929 1813 suum,
2958 1757 3015 1803 et
3055 1747 3333 1817 religionis
3364 1763 3428 1801 ac.
3444 1745 3559 1817 pie-

280 1827 639 1897 διαχαράττει
666 1826 727 1879 τὸ
763 1828 884 1880 κατ’
908 1826 1076 1880 αὑτὸν
1111 1825 1447 1893 Εὑαγγέλιον
1483 1826 1577 1880 καὶ
1606 1826 1873 1897 λογαγρα·

1997 1833 2114 1888 .atis
2155 1835 2484 1902 doctrinam,
2524 1839 2829 1893 litterarum
2879 1849 3252 1894 monumentis
3275 1838 3569 1908 consigna-

280 1920 373 1987 φεῖ
396 1919 498 1989 τὴν
517 1917 822 1980 εὐσέϐειαν,
846 1918 911 1972 ἶν’
943 1919 1089 1989 ἅπερ
1117 1920 1167 1971 οἱ
1189 1918 1340 1971 ἄλλοι
1374 1918 1462 1972 διὰ
1494 1917 1743 1987 γλώττης
1770 1920 1877 1972 ἐδτι

276 2013 501 2077 δασκον,
536 2010 713 2066 ταῦτα
744 2005 902 2075 οὗτος
938 2012 1304 2082 ὲγγράμμασι
1357 2011 1604 2083 παραδῷ.
1636 2012 1878 2066 Ἀνωοεν

276 2106 337 2161 δὲ
384 2107 483 2161 καὶ
537 2107 646 2161 ἀπὸ
689 2107 945 2179 Ἀϐραὰμ
995 2109 1096 2176 τῆς
1159 2106 1512 2176 γενεαλογίας
1546 2103 1876 2177 ἀρξάμενος,

280 2199 377 2253 καὶ
433 2197 583 2253 οὕτω
635 2199 880 2271 καθεξῆς
935 2204 1165 2271 προῖὼν,
1223 2199 1411 2269 πρῶτα
1449 2199 1548 2268 μὲν
1596 2200 1697 2268 τὴν
1733 2198 1875 2251 κατὰ

279 2290 467 2361 σάρκα
483 2290 578 2345 τοῦ
605 2289 843 2362 Χριστοῦ
872 2289 1130 2360 γέννησιν
1158 2290 1603 2359 εὐαγγελίζεται,
1622 2292 1720 2360 τὴν
1740 2291 1875 2345 ἀνά·

274 2382 469 2449 δειξιν,
504 2375 625 2436 εἶτα
658 2383 759 2450 τὴν
793 2382 1072 2452 βάπτισιν,
1097 2382 1198 2454 τὴν
1218 2382 1336 2436 ⁴τῶν
1364 2384 1685 2437 ἀποστόλων
1715 2385 1875 2437 ἐκλοο

281 2477 408 2546 γὴν,
430 2477 560 2539 τοὺς
591 2479 949 2545 πειρασμοὺς,
981 2477 1153 2548 αὑτήν
1194 2494 1251 2529 τε
1289 2476 1484 2530 ἑαυτοῦ
1512 2477 1620 2546 πρό
1634 2478 1759 2543 nom,
1773 2496 1875 2542 σιν,

282 2574 381 2627 καὶ
409 2571 510 2636 τὰς
542 2572 695 2643 ἱερὰς
725 2572 1145 2642 μυσταγωγίας,
1175 2572 1309 2635 ὅσας
1342 2588 1401 2623 τε
1427 2571 1513 2625 διὰ
1548 2571 1880 2642 παραϐολῶν

278 2671 307 2719 ὁ
335 2666 595 2736 Χριστος,
619 2665 714 2718 καὶ
739 2666 871 2729 ὅσας
904 2666 963 2725 ὲν
999 2662 1286 2736 παρρησία
1314 2666 1427 2727 τοῖς
1481 2664 1751 2734 μαθηταῖς
1781 2665 1881 2718 σὺν

276 2761 394 2821 τοῖς
424 2756 605 2828 ὄχλοις
657 2756 879 2826 ὡμίλει,
933 2756 1032 2819 τὰς
1072 2757 1377 2826 ὑπερφυεῖς
1414 2754 1877 2824 θαυματοποιίας,

276 2852 380 2914 τὰς
406 2849 519 2905 τῶν
534 2848 834 2903 νοσούντων
856 2848 1178 2919 θεραπείας,
1205 2848 1301 2910 τὰς
1332 2847 1441 2900 τῶν
1469 2847 1878 2917 δαιμονῶντων,

278 2947 394 3000 τῶν
435 2945 807 3018 ἐνοχλούντων
846 2945 1197 3013 ἀπαλλαγὰς,
1244 2943 1343 3015 τὴν
1374 2943 1480 2996 τῶν
1511 2943 1693 3013 ἄρτων
1726 2940 1882 2995 εὐλό-

279 3054 473 3109 γησιν,
523 3040 617 3091 τὸν
664 3040 722 3091 ἐν
764 3037 1013 3110 θαλάσσῃ
1079 3035 1409 3108 περίπατον,
1463 3036 1556 3088 καὶ
1585 3034 1684 3102 τὴν
1718 3036 1776 3086 ὲν
1804 3033 1883 3101 τῷ

279 3132 399 3201 ὄρει
432 3129 529 3184 τοῦ
562 3129 762 3200 Θαὸὼρ
798 3128 1251 3201 μεταμόρφωσιν.
1299 3128 1534 3181 Ἔπειτα
1564 3127 1663 3181 καὶ
1695 3126 1763 3179 τὰ
1786 3127 1884 3193 τῆς

1980 1928 2079 1991 vit,
2127 1936 2186 1983 ut
2210 1929 2482 1993 videlicet,
2520 1947 2639 2000 qua:
2662 1931 2753 1985 alii
2796 1947 2887 1985 ore
2918 1947 2981 1987 ac
3017 1931 3200 2002 lingua
3223 1930 3566 1990 docuissent.

1980 2037 2042 2075 ea
2085 2022 2201 2091 ipse
2223 2023 2447 2092 scriptis
2477 2024 2784 2079 mandaret.
2819 2025 2999 2079 Altius
3035 2023 3201 2095 igitur
3233 2022 3359 2077 inde
3397 2034 3575 2090 usque

1980 2114 2049 2169 ab
2085 2113 2202 2183 ipso
2237 2115 2510 2170 Abraham
2540 2116 2744 2172 Christi
2782 2116 3049 2187 originem
3103 2130 3354 2178 exorsus,
3408 2122 3572 2183 atque

1984 2209 2053 2261 ita
2092 2207 2355 2278 deinceps
2378 2225 2723 2280 progressus,
2778 2211 3018 2280 primmn
3066 2207 3268 2264 Christi
3304 2206 3571 2279 originem

1982 2303 2285 2356 secundum
2341 2318 2563 2358 carnem
2600 2304 2761 2357 nobis
2806 2292 3108 2364 nuntiavit,
3146 2301 3346 2357 deinde
3380 2314 3572 2371 quem-

1983 2393 2278 2450 admodum
2312 2396 2622 2465 baptizatus
2654 2395 2779 2461 l'uit,
2828 2396 3128 2467 discipulos
3160 2393 3342 2464 elegit,
3393 2401 3576 2449 tenta—

1983 2489 2161 2542 tiones
2193 2488 2495 2558 superarit,
2543 2497 2597 2542 et
2630 2488 2747 2558 ipse
2779 2503 2806 2541 a
2836 2488 2967 2544 Jesu
3007 2498 3237 2542 vocatus
3256 2495 3361 2551 est,
3382 2501 3577 2556 quem-

1982 2580 2279 2633 admodum
2323 2581 2487 2635 etiam
2534 2595 2685 2634 saera
2739 2580 3047 2634 divinarum
3099 2593 3283 2633 rerum
3322 2575 3574 2648 mysteria

1984 2670 2232 2729 edocuit.
2276 2672 2475 2740 partim
2510 2672 2809 2741 parabolis,
2845 2671 3044 2740 partim
3065 2679 3255 2739 aperte
3288 2666 3579 2737 discipulis

1983 2770 2035 2816 et
2098 2763 2273 2818 turbis
2327 2778 2388 2818 ea
2424 2764 2804 2833 pronuntians.
2856 2761 3087 2832 Seripsit
3130 2761 3272 2817 idem
3313 2759 3573 2814 miracula

1984 2871 2150 2926 supra
2190 2857 2445 2911 humanae
2476 2871 2685 2911 naturae
2722 2865 2942 2926 captum
2979 2856 3047 2910 ab
3077 2853 3272 2909 eodem
3305 2852 3432 2907 Jesu
3488 2849 3572 2906 fa-

1986 2954 2098 3010 cta,
2140 2945 2269 3000 item
2319 2947 2703 3018 :egrotantium
2741 2948 3082 3008 curationes,
3147 2959 3361 3006 eorum,
3406 2943 3499 3013 qui
3545 2959 3574 2997 a

1986 3036 2331 3092 daemonibus
2363 3039 2725 3102 vexabantur,
2758 3038 3146 3103 liherationes,
3202 3051 3379 3107 panes
3432 3036 3578 3094 illos.

1989 3130 2190 3199 quibus
2223 3131 2340 3201 ipse
2364 3130 2668 3196 benedixit,
2699 3140 2755 3186 et
2785 3131 2983 3187 mullos
3023 3129 3192 3200 pavit,
3226 3126 3582 3199 quemadmo-

279 3225 547 3296 δευτέρας
580 3224 748 3279 αὐτοῦ
784 3223 1092 3295 παρουσίας
1145 3222 1393 3293 ἀκριϐῶς
1440 3220 1519 3291 τῷ
1574 3221 1717 3289 λόγῳ
1747 3237 1881 3290 προ-

1997 3223 2122 3277 dum
2159 3238 2259 3292 per
2319 3238 2471 3279 mare
2528 3223 2761 3294 pedibus
2825 3223 3141 3289 ambularit,
3199 3229 3256 3277 et
3308 3221 3361 3274 in
3398 3226 3583 3273 monte,

280 3317 778 3388 διαζωγραφήσας,
819 3315 943 3369 τότε
986 3316 1114 3386 περὶ
1179 3313 1274 3367 τοῦ
1337 3311 1606 3384 μυστικοῦ
1666 3311 1885 3367 δείπνου

251 3412 380 3464 -καὶ
435 3410 541 3464 ὅσα
595 3408 728 3479 περὶ
766 3407 867 3479 τὴν
906 3410 963 3461 ὲν
1018 3407 1172 3480 αὐτῷ
1218 3405 1515 3478 προδοσίαν
1577 3404 1885 3475 συνηνέχθη

282 3500 598 3568 διεξελθὼν,
628 3502 729 3568 τὴν
782 3499 1233 3571 ὑποκεκριμένην
1256 3515 1317 3551 τε
1344 3496 1441 3550 τοῦ
1493 3494 1730 3551 Πιλάτου
1765 3499 1888 3566 κρί-

285 3612 393 3663 σιν,
415 3594 515 3649 καὶ
550 3594 651 3666 τὴν
679 3592 775 3647 τοῦ
831 3591 1064 3655 δικαίως
1100 3591 1351 3654 ἐλθόντος
1404 3591 1590 3659 κρῖναι
1616 3589 1886 3659 κατάκρι-

287 3706 395 3752 σιν,
420 3682 545 3741 εἶτα
565 3686 665 3756 τὴν
696 3686 897 3756 ταφὴν,
922 3686 1023 3755 τὴν
1052 3685 1376 3750 ἀνάστασιν,
1407 3683 1509 3754 τὴν
1533 3682 1627 3735 ἐπὶ
1656 3682 1755 3751 τῆς
1781 3682 1889 3736 Γα-

288 3780 507 3843 λιλαίας
536 3780 652 3842 τοῖς
680 3778 1006 3840 ἀποστόλοις
1038 3778 1366 3847 ἐμφάνειαν,
1391 3777 1480 3830 ὅτε
1530 3776 1625 3830 καὶ
1670 3775 1892 3846 δοθῆναι

295 3875 486 3928 πᾶσαν
511 3872 761 3941 ἑξουσίαν
787 3870 938 3940 αὐτῷ
968 3872 1025 3923 ὲν
1052 3870 1269 3943 οὐρανῷ
1302 3870 1397 3924 καὶ
1418 3870 1511 3923 ἐπὶ
1533 3870 1637 3940 γῆς
1668 3869 1890 3941 εἴρηκε.

374 4172 451 4228 E'.
481 4170 589 4225 Καὶ
616 4171 717 4242 τὴν
741 4170 1060 4241 οἰκονομίαν
1090 4168 1372 4238 συντόμως
1408 4167 1576 4236 φάναι
1612 4166 1706 4220 τοῦ
1732 4166 1891 4234 λόγου

299 4266 485 4319 πᾶσαν
508 4262 826 4332 ἐκθέμενος.
854 4261 997 4316 οὕτω
1024 4260 1359 4332 Παρθυαίοις
1387 4260 1554 4331 μήπω
1575 4263 1641 4330 τῇ
1668 4246 1907 4330 Περσῶν

297 4356 443 4427 ἀρχῇ
505 4353 905 4425 προσθεμένας
974 4352 1074 4422 τὴν
1130 4350 1409 4422 σωτηρίαν
1472 4349 1890 4419 εὐηγγελίσατο,

300 4449 397 4501 καὶ
434 4445 505 4500 τά
548 4447 690 4501 κατὰ
718 4445 821 4516 τὴν
853 4442 1221 4513 Παλαιστίνην
1275 4442 1577 4513 περιελθὼν
1626 4441 1892 4512 κλίματα,

1990 3313 2213 3369 Thabor
2246 3314 2297 3369 in
2340 3315 2500 3370 aliam
2534 3316 2827 3397 quamdam
2867 3315 3094 3371 formam
3123 3330 3182 3370 se
3214 3311 3579 3368 transtulerit.

1993 3407 2199 3463 Deinde
2228 3409 2460 3464 alterum
2490 3409 2611 3479 ejus
2643 3409 2939 3465 adventum
2965 3406 3296 3479 diligentiori
3332 3403 3583 3461 oratione

1990 3498 2360 3568 conscripsit:
2402 3516 2633 3571 quaeque
2690 3501 2758 3555 de
2826 3500 3055 3572 mystica
3123 3498 3244 3566 ejus
3304 3511 3483 3560 caena,
3529 3504 3585 3550 et

1990 3592 2058 3646 de
2086 3591 2259 3661 ipsius
2314 3591 2625 3660 proditione
2685 3590 2825 3647 facta
2864 3600 3043 3656 erant,
3086 3590 3431 3662 perstrinxit.
3500 3588 3582 3643 Ad

1994 3686 2110 3740 hate
2143 3684 2341 3740 falsum
2373 3684 2504 3739 illud
2541 3684 2695 3739 Pilati
2723 3684 3016 3755 judicium,
3055 3695 3107 3738 et
3136 3683 3279 3751 eius,
3300 3671 3581 3752 quivcnit,

1994 3773 2219 3842 utjuste
2251 3772 2712 3842 aliosjudicaret,
2754 3773 3001 3842 iniquam
3038 3771 3579 3833 condemnationem,

1995 3863 2358 3932 sepulturam,
2391 3865 2971 3933 resurrectionemque
2996 3904 3011 3929 ,
3038 3873 3091 3919 et
3113 3862 3587 3931 quemadmodum

1996 3955 2141 4024 apud
2168 3952 2442 4009 Galilmam
2477 3955 2726 4025 apparuit
2760 3956 3041 4025 apostolis,
3078 3971 3185 4022 quo
3212 3964 3458 4024 tempore
3486 3952 3550 4007 da
3570 3981 3585 3992 -

2000 4057 2106 4104 tam
2127 4049 2232 4104 sibi
2256 4049 2390 4105 dixit
2417 4064 2636 4104 onmem
2660 4057 2988 4120 potestatem
3013 4049 3065 4103 in
3090 4049 3227 4104 C(BIO
3252 4059 3307 4103 et
3335 4049 3389 4103 in
3413 4056 3581 4103 terra.

2076 4164 2139 4220 V.
2164 4165 2300 4220 Cum
2334 4165 2520 4237 igitur,
2558 4174 2618 4220 ut
2653 4164 2967 4220 summatim
2997 4165 3197 4228 dicam,
3235 4173 3409 4220 totam
3428 4162 3585 4219 Citri-

2000 4258 2070 4315 sti
2145 4258 2618 4328 dispensationem
2670 4255 3080 4326 explicavisset,
3124 4255 3360 4311 Parthos
3428 4253 3585 4321 adiit,

2000 4353 2093 4423 qui
2133 4351 2376 4408 nondum
2407 4350 2699 4406 Persarum
2734 4350 2969 4419 imperio
3004 4350 3245 4419 adjuncti
3295 4358 3457 4405 erant
3482 4348 3585 4422 (5),

2002 4445 2242 4517 ipsisque
2279 4444 2455 4499 salute
2494 4442 2763 4506 nuntiata,
2803 4441 3112 4496 Paltestinar
3156 4441 3396 4512 regionis
3450 4439 3587 4496 lines

300 4538 534 4611 πλήθεσι
570 4556 633 4592 τε
668 4536 1016 4607 συμπλακεὶς
1048 4536 1482 4604 πολυγλώσσοις,
1523 4536 1670 4607 λιμῷ
1702 4552 1761 4588 τε
1796 4537 1889 4589 καὶ

2003 4536 2334 4609 peragravit,
2374 4534 2465 4589 ubi
2500 4549 2626 4589 cum
2659 4534 2868 4602 ingenti
2914 4533 3270 4588 multitudine
3296 4534 3464 4588 variis
3482 4533 3593 4587 lin-

299 4634 449 4701 δίψει
481 4632 577 4686 καὶ
610 4634 836 4702 συχναῖς
870 4630 1296 4701 προσπαλαίσας
1345 4629 1623 4683 κακώσεσι
1650 4629 1746 4684 καὶ
1774 4647 1891 4684 κιν-

299 4726 504 4790 δύνοις,
528 4726 642 4788 τοῖς
701 4724 803 4795 μὲν
840 4725 905 4777 ὲκ
938 4722 1049 4777 τῶν
1104 4722 1205 4792 τῆς
1226 4722 1479 4786 ἀσεϐείας
1534 4723 1899 4795 προεστώτων

301 4818 696 4888 ἐπαγομένοις,
755 4818 867 4882 τοῖς
900 4816 959 4870 δὲ
1014 4816 1109 4869 καὶ
1169 4817 1279 4870 ἀπὸ
1331 4816 1443 4868 τῶν
1491 4816 1895 4885 χαλεπωτάτων

301 4913 512 4968 τούτων
538 4912 916 4983 δημαγωγῶν,
950 4910 1043 4966 τὸν
1072 4910 1305 4983 Σωτῆρα
1343 4909 1581 4982 Χριστὸν
1616 4910 1899 4983 θαρραλέᾳ

380 5052 609 5123 (ἐὴΝοη
643 5060 758 5108 tam
805 5051 915 5106 cito
962 5049 1151 5123 Judvea
1207 5057 1573 5123 excesserunt
1623 5050 1897 5123 Apostoli,

306 5121 475 5195 quam
516 5123 607 5195 hic
657 5132 852 5195 auctor
883 5121 1129 5195 insinuat
1160 5136 1175 5177 :
1220 5136 1397 5195 neque
1430 5121 1714 5195 Mat_thaeus
1742 5121 1902 5195 ride-

309 5190 399 5251 tur
423 5193 695 5249 mansisse
733 5194 788 5248 in
821 5192 1013 5249 Iudaea
1042 5194 1108 5248 ad
1139 5190 1498 5248 scribendum
1520 5190 1902 5261 Evangelium,

306 5265 531 5336 quando
563 5264 652 5318 alii
680 5264 797 5333 jam
827 5262 1323 5336 proﬁciscebantur
1354 5262 1420 5316 ad
1453 5262 1789 5336 longinquas
1814 5277 1901 5336 re-

308 5331 525 5407 giones,
562 5343 635 5407 ut
660 5331 785 5390 mox
837 5331 1074 5407 innuit_;
1115 5333 1211 5388 sed
1274 5331 1623 5407 [Qrangelitim
1655 5331 1911 5407 _'scﬁpsit

311 5400 444 5461 ante
476 5404 807 5460 divisionem
840 5404 1244 5472 apostolorum.
1282 5400 1613 5460 Vide'dicta
1654 5403 1706 5457 in
1750 5400 1913 5457 Com-

314 5473 607 5535 mentario.
639 5489 794 5529 num.
817 5475 888 5530 42
922 5481 979 5529 et
1008 5475 1099 5529 45.

384 5549 465 5617 (5)
496 5546 657 5614 Apud
698 5545 1065 5617 Lipomanum
1096 5560 1195 5614 pro
1226 5562 1238 5597 :
1273 5543 1507 5617 Parthos
1530 5543 1689 5617 _adii_t.
1716 5543 1915 5604 dicitur

313 5613 643 5687 praedicasse
666 5634 684 5668 ι
711 5613 855 5686 apud
889 5613 1198 5687 Thebanos,
1228 5614 1319 5684 qui
1342 5613 1583 5687 imperio
1629 5614 1915 5673 Persarum

315 5685 565 5743 nondum
614 5685 989 5741 accesserant.
1030 5705 1049 5739 ι
1096 5685 1231 5740 Uter
1282 5685 1491 5739 rectius
1522 5693 1729 5739 textum
1762 5688 1916 5744 Grat-

314 5773 444 5815 eum
499 5756 862 5827 expresserit,
902 5764 1056 5812 certo
1102 5756 1248 5811 scire
1308 5770 1544 5824 nequeo.
1605 5770 1729 5810 cum
1785 5758 1919 5814 Acta

318 5830 509 5885 Gratca
550 5826 864 5899 prteoculis
884 5842 994 5881 non
1029 5827 1287 5899 habeam.
1337 5826 1595 5881 Attamen
1652 5830 1917 5899 coniicio,

323 5896 623 5957 lectionem
663 5896 811 5955 Surii
842 5913 965 5955 esse
994 5897 1444 5971 probabiliorem,
1477 5911 1600 5952 cum
1632 5899 1721 5956 alii
1748 5896 1912 5958 etiam

2002 4630 2124 4702 guis
2180 4627 2406 4697 praedita
2437 4640 2771 4696 congressus
2819 4633 2927 4688 cst,
2992 4640 3115 4680 cum
3157 4625 3319 4691 fame,
3385 4625 3476 4680 siti
3536 4633 3591 4680 et

2002 4722 2213 4778 crebris
2254 4718 2518 4774 atrumuis
2572 4732 2637 4771 ac
2716 4716 2977 4787 periculis
3033 4718 3295 4780 luctatus,
3353 4733 3589 4787 quorum

2005 4820 2107 4873 alia
2170 4812 2566 4884 superstitiosze
2599 4810 2898 4880 impietatis
2951 4810 3238 4880 praesides,
3282 4812 3384 4865 alia
3439 4827 3594 4866 acer-

2010 4908 2218 4966 bissimi
2259 4906 2585 4978 populorum
2622 4901 2827 4958 tribuni
2850 4903 3234 4959 crudelissime
3265 4903 3588 4962 aﬂ'erebant.

2007 5048 2215 5108 dicant,
2249 5042 2396 5114 apud
2420 5038 3012 5114 Parthosprredicasse
3047 5037 3407 5114 llattlueuiu,
3461 5042 3590 5114 Par-

2012 5119 2225 5186 thique,
2246 5109 2346 5186 qui
2366 5122 2612 5181 tempore
2636 5109 2873 5164 Matthtei
2900 5110 3177 5186 habebant
3199 5110 3589 5186 in__illis_par_ti-

2014 5180 2126 5244 bus"
2179 5180 2568 5256 principatum,
2628 5192 2813 5256 postea
2867 5181 3054 5256 multis
3111 5180 3325 5256 szeculis
3390 5180 3595 5256 fuerint

2013 5259 2117 5315 sub
2150 5251 2383 5325 imperio
2430 5251 2846 5325 Persarnm.__At
2884 5252 2977 5325 _de
3018 5252 3412 5325 praedicatione
3456 5251 3597 5305 Mat-

2016 5329 2140 5385 thaei
2167 5320 2313 5397 apud
2347 5324 2640 5397 Thebanos
2669 5320 2853 5397 nullus
2884 5322 3146 5397 loquitur,
3174 5322 3366 5397 necilli
3398 5332 3593 5397 postea

2016 5391 2239 5457 fuerunt
2281 5396 2384 5451 sub
2417 5393 2705 5448 Persarum
2742 5391 2994 5461 imperio.
3029 5391 3213 5461 Itaque
3249 5391 3466 5446 videtur
3483 5392 3597 5445 Me-

2019 5471 2332 5542 taphrastes
2363 5464 2692 5542 credidisse,
2739 5462 3078 5542 ﬂanimeum.
3120 5463 3305 5542 aliquo
3349 5474 3598 5532 tempore

2021 5530 2349 5615 praedicasse
2389 5535 2472 5615 iIL
2476 5532 2706 5615 imperio
2751 5530 3103 5615 Parthorum,
3140 5531 3336 5615 deinde
3378 5530 3594 5615 regres-

2020 5602 2141 5667 sum
2166 5624 2286 5665 esse
2324 5609 2380 5660 in
2411 5603 2799 5679 Palaestinam,
2827 5617 2892 5679 ες
2924 5604 3144 5679 deum",
3195 5602 3593 5679 moi-gnum“

2021 5672 2732 5749 EthiOpiam'.llicautem
2778 5672 2914 5749 ordo
2962 5672 3369 5749 praedira—tionis
3426 5674 3599 5743 ipsius

2023 5769 2135 5808 non
2172 5743 2257 5805 est
2278 5745 2678 5815 improbabilis,
2701 5753 2761 5799 ut
2786 5743 3025 5815 colliget
3055 5744 3299 5815 prudens
3325 5744 3498 5799 lector
3530 5760 3598 5797 es

2028 5812 2408 5961 tlisputatis§df
2433 5816 2820 5890 praedicatione
2852 5812 3032 5873 sancti
3057 5812 3300 5873 Μαῑιιιιοί
3333 5815 3386 5871 in
3426 5816 3594 5873 Ceiu-

2028 5904 2291 5951 mentarto
2405 5927 2419 5944 .

2025 5904 2291 5951 tuentarto
2318 5904 2345 5951 ἓ
2366 5904 2419 5944 ιι.
