4002 6436
438 389 545 456 823

1680 390 1969 453 MENSIS
2004 390 2469 461 SEPTEMBER.

3582 392 3685 458 825

439 504 555 561 Hoc
592 507 732 573 ideo,
785 507 986 579 inquit,
1026 524 1055 563 a
1086 524 1171 563 me
1221 518 1424 563 .actum
1455 518 1560 570 est,
1592 507 1735 577 quod
1764 523 1872 562 non
1912 508 1999 561 de-

2117 514 2326 580 καρπδν
2347 512 2538 564 οὐδένα
2558 507 2907 577 δικαιοσύνης
2928 522 2941 534 ·
2966 507 3077 561 οὐδ’
3104 501 3201 560 οὖν
3241 505 3378 561 ἀλλὰ
3407 505 3499 559 καὶ
3531 507 3687 579 ὑμεῖς

441 594 777 660 prehendam
813 596 865 649 in
902 596 1053 651 vobis
1097 595 1265 651 ullum
1290 594 1513 667 iustitiae
1547 593 1782 649 fructum
1824 595 2010 648 :nihi-

440 684 678 741 [ominus
703 694 883 744 tamen
924 703 1022 742 vos
1056 702 1273 758 quoque
1313 687 1535 743 domum
1582 702 1758 742 meam
1809 686 2010 753 venite,

438 786 492 832 et
534 779 586 832 in
613 795 675 833 ea
719 780 1066 849 requiescite.

507 869 573 923 ll.
628 871 832 927 Paulus
882 873 1047 942 igitur
1100 887 1167 928 eo
1209 872 1508 944 ingressus,
1566 881 1721 943 capta
1778 872 2009 943 primum

437 961 641 1031 quiete,
674 963 871 1018 deinde
899 973 1118 1035 sumpto
1152 964 1296 1030 cibo,
1339 966 1500 1021 verba
1529 966 1708 1021 facere
1751 966 2008 1031 instituit,

437 1062 493 1108 et
526 1054 747 1124 pietatis
767 1055 1072 1110 doctrinam
1114 1057 1313 1112 animis
1354 1073 1564 1122 eorum,
1599 1058 1689 1127 qui
1732 1073 2008 1112 convene-

438 1156 585 1208 rant,
613 1145 997 1202 disseminare.
1051 1148 1221 1218 Cujus
1274 1150 1536 1204 doctrina:
1575 1149 1905 1219 principium
1948 1165 2011 1202 ac

436 1233 849 1289 fundamentum
894 1235 971 1290 illi
1019 1237 1141 1301 fuit,
1184 1236 1559 1292 Beatitudines
1596 1253 1625 1291 a
1669 1237 1889 1291 Christo
1914 1238 2010 1312 de-

434 1325 761 1394 prazdicaue.
824 1326 970 1382 Beati
1004 1329 1174 1392 enim,
1216 1329 1410 1400 inquit,
1464 1345 1737 1400 pauperes
1776 1331 2005 1399 spiritu:

435 1417 695 1487 quoniam
725 1418 967 1488 ipsorum
987 1429 1069 1474 est
1094 1436 1315 1491 regnum
1334 1422 1596 1477 caelorum
1615 1423 1652 1476 ί.
1680 1420 1831 1475 Beati
1852 1437 2010 1476 mun-

438 1509 510 1564 do
536 1510 701 1565 corde
727 1527 741 1563 :
771 1511 1029 1580 quoniam
1063 1511 1164 1582 ipsi
1194 1512 1359 1567 Deum
1394 1513 1676 1567 videbunt.
1711 1513 1857 1567 Beati
1881 1527 2011 1567 con-

436 1601 696 1666 tiuentes,
731 1610 787 1656 et
834 1602 1004 1657 stulto
1038 1602 1163 1658 huic
1191 1604 1398 1658 mundo
1447 1604 1828 1671 valedicentes,
1881 1604 2009 1673 quia

438 1690 547 1745 Deo
597 1690 871 1761 imprimis
914 1693 1229 1762 placebunt.
1290 1693 1437 1749 Beati
1495 1696 1745 1751 timorem
1806 1693 1903 1750 Dei
1956 1696 2008 1748 in

433 1780 614 1835 cordis
658 1781 806 1837 velut
852 1792 1006 1838 utero
1042 1785 1428 1854 parturientes,
1475 1787 1752 1857 ipsiusque
1790 1788 2008 1842 oracula

2118 602 2342 673 ἔρχεσθε
2381 606 2462 666 είς
2495 602 2584 656 τὸν
2610 600 2743 671 ἐμὸν
2768 596 2940 666 οἷκον,
2959 599 3054 652 καὶ
3083 596 3455 653 ἀναπαύεσθε.

2185 859 2262 920 B'.
2296 865 2354 917 Ὀ
2390 859 2599 928 Παῦλος
2649 858 2743 917 οὖν
2793 860 2972 915 ἐκεῖσε
3025 860 3334 930 γενόμενος,
3352 856 3448 912 καὶ
3492 858 3685 930 πρῶτα

2116 958 2214 1028 μὲν
2243 957 2625 1019 ἀναπαύσεως,
2658 955 2851 1007 ἔπειτα
2894 954 2951 1006 δέ
2990 952 3085 1006 καὶ
3119 949 3400 1022 τραπέζης
3458 950 3690 1020 μεταλα-

2113 1049 2245 1120 χὼν,
2269 1048 2428 1115 λόγον
2454 1049 2679 1118 ἥπτετο,
2702 1046 2795 1099 καὶ
2846 1047 2966 1107 ταῖς
3015 1043 3216 1113 ψυχαῖς
3251 1041 3360 1095 τῶν
3404 1041 3688 1106 συνειλεγ-

2116 1144 2295 1213 μένων
2328 1141 2390 1194 τδ
2423 1141 2525 1210 τῆς
2562 1140 2841 1202 εὖσεδείας
2862 1139 3040 1207 δόγμα
3073 1137 3470 1205 κατασπείρειν
3510 1136 3691 1201 ἀπήρο

2111 1247 2258 1304 χετο.
2276 1232 2523 1287 Γίνονται
2550 1232 2606 1286 δὲ
2639 1233 2788 1303 αὐτῷ
2820 1232 2960 1301 ἀρχὴ
2995 1232 3092 1284 καὶ
3120 1228 3392 1294 καταϐολὴ
3412 1226 3515 1296 τῆς
3540 1225 3690 1280 mea.

2113 1326 2343 1390 σκαλίας
2372 1327 2421 1378 οἱ
2458 1324 2802 1396 μακαρισμοὶ
2823 1323 2919 1377 τοῦ
2958 1318 3219 1392 Χριστοῦ.
3245 1318 3524 1389 Μακάριοι
3554 1316 3687 1385 γὰρ,

2110 1414 2283 1483 εἶπεν,
2308 1419 2356 1472 oi
2380 1422 2585 1488 πτωχοὶ
2614 1416 2689 1482 τῷ
2721 1415 3017 1484 πνεύματι,
3040 1414 3120 1467 ὅτι
3151 1413 3333 1466 αὐτῶν
3368 1414 3512 1462 ἐστιν
3536 1409 3570 1478 ή
3596 1408 3693 1476 βα-

2111 1510 2288 1563 σιλεία
2321 1509 2430 1562 τῶν
2462 1510 2730 1577 οὐρανῶν.
2780 1508 3060 1577 Μακάριοι
3094 1507 3141 1559 οἱ
3171 1504 3487 1573 ἐγκρατεῖς,
3519 1501 3615 1552 καὶ
3640 1499 3692 1551 οἱ

2109 1598 2188 1669 τῷ
2240 1600 2454 1670 ματαίῳ
2511 1599 2687 1668 τούτῳ
2748 1598 2939 1668 κόσμῳ
2999 1593 3440 1664 ἀποταξάμενοι,
3500 1592 3584 1644 ὅτι
3610 1589 3692 1657 τῷ

2110 1691 2228 1761 Θεῷ
2280 1689 2704 1757 εὐαρεστοῦντες
2756 1691 2994 1743 ἔσονται.
3043 1685 3322 1757 Μακάριοι
3371 1685 3420 1735 οἱ
3469 1685 3563 1737 τὸν
3593 1682 3695 1734 τοῦ

2109 1782 2242 1835 Θεοῦ
2278 1782 2442 1852 φόϐον
2509 1784 2566 1833 ἐν
2617 1781 2825 1851 γαστρὶ
2881 1779 3108 1850 καρδίας
3155 1777 3462 1841 ὼδίνοντες,
3491 1774 3589 1827 καὶ
3621 1775 3693 1825 τα

433 1876 734 1927 trementes
764 1889 778 1927 :
812 1873 1069 1942 quoniam
1107 1875 1283 1944 ipsum
1319 1876 1601 1943 videbunt,
1640 1889 1695 1933 et
1746 1891 1999 1949 tanquam

2109 1876 2274 1929 αὑτοῦ
2304 1877 2600 1948 τρέμοντες
2651 1875 2808 1942 λόγια
2830 1916 2846 1940 ,
2877 1874 2961 1928 ὅτι
3011 1872 3177 1926 αὑτὸν
3221 1870 3466 1940 δψονται,
3489 1867 3584 1920 καὶ
3614 1866 3695 1928 ὡς

334 1987 351 2002 ς
431 1963 609 2034 angeli
641 1976 906 2034 perpetuo
945 1981 1070 2021 cum
1103 1970 1222 2038 ipso
1268 1968 1487 2038 degent.
1530 1970 1612 2025 Ad
1641 1984 1802 2040 quem
1834 1974 2003 2036 enim,

433 2053 610 2124 inquit
634 2056 743 2121 ille,
774 2056 1097 2127 adspiciam,
1143 2059 1251 2114 nisi
1276 2060 1344 2114 ad
1373 2060 1584 2127 mitem,
1615 2071 1670 2117 et
1696 2062 1922 2117 tacitum
1951 2070 2007 2116 et

433 2160 763 2206 trementem
817 2160 1104 2208 sermones
1134 2153 1328 2210 meos?
1375 2155 1528 2211 Beati
1571 2157 1663 2227 qui
1716 2166 2002 2228 postquam

430 2239 526 2295 Dei
559 2242 833 2296 lavacrum
864 2254 1247 2315 susceperunt,
1284 2261 1513 2316 corpora
1550 2263 1646 2302 sua
1683 2264 1817 2318 pura
1844 2249 2004 2305 dein-

428 2346 558 2402 ceps
588 2333 657 2387 ab
685 2332 829 2387 omni
862 2334 1022 2389 sorde
1071 2335 1466 2401 custodientes,
1512 2338 1767 2407 pacificos
1796 2340 2005 2409 seipsos

429 2426 538 2479 vita
585 2440 651 2480 ac
684 2426 928 2482 mori-bus
962 2428 1229 2483 exhibent
1261 2446 1273 2482 :
1321 2430 1580 2499 quoniam
1605 2430 1696 2485 lilii
1741 2432 2003 2488 Altissimi

425 2516 791 2572 vocabuntur.
839 2519 990 2573 Beati
1028 2518 1412 2577 misericordes
1454 2525 1748 2590 :quoniam
1785 2524 2003 2579 iniseri-

426 2608 669 2663 cordiam
725 2622 1159 2681 consequentur,
1211 2621 1266 2666 et
1314 2613 1371 2667 in
1425 2614 1514 2671 die
1565 2617 1755 2686 judieii
1826 2617 2003 2673 nullas

425 2700 680 2769 supplicii
712 2717 902 2770 poenas
931 2705 1306 2771 experientur.
1343 2705 1491 2762 Beati
1518 2724 1746 2777 quorum
1772 2726 2002 2781 corpora

422 2792 631 2860 pariter
685 2802 849 2864 atque
915 2796 1142 2859 animae,
1204 2806 1412 2863 castae,
1468 2797 1640 2853 instar
1707 2800 1996 2871 virginum,

424 2895 660 2939 servatae
707 2884 914 2940 fuerint
949 2907 963 2941 :
1005 2888 1264 2957 quoniam
1304 2887 1418 2943 Deo
1467 2891 1675 2960 accepti
1726 2902 1908 2957 erunt,
1946 2903 2001 2947 et

419 2974 651 3040 justitiae
711 2978 1073 3048 puritatisque
1145 2995 1256 3035 suae
1302 2983 1609 3036 mercedem
1648 2985 1788 3053 apud
1823 2985 2002 3053 ipsum

421 3061 743 3129 invenient,
808 3067 1044 3136 quietem
1120 3073 1507 3140 sempiternam
1569 3074 1885 3143 adepturi‘.
1937 3077 2002 3131 Et

2106 1967 2328 2036 ἄγγελοι
2351 1966 2524 2038 τούτῳ
2553 1967 2641 2020 διὰ
2670 1965 2871 2029 παντὸς
2899 1964 3233 2016 συνέσονται.
3264 1960 3388 2013 Ἐπὶ
3412 1958 3534 2010 τίνα
3556 1956 3695 2027 γὰρ,

2108 2060 2273 2130 φησιν
2304 2059 2488 2125 αὐτὸς,
2539 2056 2842 2126 emacem,
2885 2054 3001 2108 ἀλλ’
3032 2054 3064 2124 ἢ
3098 2054 3189 2106 ἐπὶ
3222 2051 3313 2105 τὸν
3369 2050 3547 2120 πρᾶον
3596 2050 3699 2106 καὶ

2104 2150 2330 2221 ἡσύχιον
2366 2152 2481 2225 xui.“
2500 2147 2774 2219 τρέμοντά
2833 2163 2934 2213 μου
2967 2138 3093 2208 τοῦς
3151 2143 3379 2211 λόγους;
3407 2138 3699 2206 Μακάριοι

2105 2243 2154 2297 οἱ
2190 2242 2249 2294 τὸ
2284 2242 2426 2296 θεῖον
2462 2241 2747 2307 δεξάμενοι
2774 2232 3223 2310 βάπτισμα,εἷτα
3253 2233 3424 2305 ῥύπου
3468 2230 3697 2300 καθαρὰ

2104 2335 2172 2387 τὰ
2195 2332 2402 2386 ἑαυτῶν
2431 2333 2768 2402 τηρήσαντες
2809 2328 3057 2400 σώματα,
3085 2325 3276 2396 καὶτῷ
3298 2325 3485 2394 τρόπω
3511 2321 3700 2392 τούτῳ

2105 2423 2439 2492 εἰρηνοποιοί
2496 2421 2868 2483 καταστάντες
2891 2435 2906 2451 ⁸
2941 2419 3022 2472 ὅτι
3078 2417 3234 2471 αὐτοὶ
3267 2415 3375 2469 υἱοὶ
3417 2412 3695 2483 Ὑψίστου

2107 2514 2492 2585 κληθήσονται.
2512 2513 2793 2582 Μακάριοι
2813 2513 2863 2562 ot
2890 2511 3182 2578 ἐλεήμονες
3201 2523 3215 2538 ·
3242 2507 3325 2559 ὃτι
3347 2504 3506 2558 αὐτοὶ
3529 2505 3698 2573 ἐλεη·

2106 2608 2383 2676 θήσονται,
2409 2606 2506 2658 καὶ
2547 2603 2824 2667 κολάσεως
2855 2603 2954 2673 οὐχ
2986 2601 3170 2665 ἕξουσι
3201 2602 3397 2670 πεῖραν
3423 2599 3482 2650 ἐν
3502 2597 3698 2667 ἡμέρα

2106 2700 2363 2769 κρίσεως.
2393 2698 2672 2764 Μακάριοι
2711 2687 2785 2749 ὧν
2836 2697 2932 2749 καὶ
2966 2695 3032 2747 τά
3075 2691 3305 2762 σώματα
3357 2692 3451 2744 καὶ
3487 2688 3544 2744 αί
3580 2689 3697 2758 ψυ-

2105 2793 2199 2861 χαὶ
2244 2791 2503 2861 παρθένοι
2538 2788 2973 2859 διετηρήθησαν’
3016 2787 3100 2839 ὅτι
3145 2784 3581 2855 εὐαρεστήσουσι
3609 2779 3702 2852 τῷ

2104 2881 2247 2952 Θεῷ,
2277 2883 2370 2934 καὶ
2419 2882 2512 2935 τὸν
2551 2881 2647 2950 τῆς
2685 2880 3032 2949 δικαιοσύνης
3088 2878 3184 2932 καὶ
3233 2877 3455 2947 ἁγνείας
3494 2874 3699 2945 μισθὸν

2110 2972 2242 3043 παρ’
2268 2973 2417 3042 αὐτῷ
2480 2973 2798 3043 εὑρήσουσι,
2839 2969 2934 3024 καὶ
2992 2970 3300 3025 ἀνάπαυσιν
3346 2970 3425 3029 είς
3482 2967 3700 3030 αἰῶνας

2105 3069 2307 3133 ἕξουσι.
2335 3069 2573 3123 Τοιαῦτα
2607 3069 2701 3122 τοῦ
2734 3067 2970 3133 Παύλου,
3005 3070 3147 3120 κατὰ
3179 3064 3272 3118 τὸν
3326 3064 3698 3135 Ὀνησιφόρου

426 3156 593 3212 Paulo
670 3158 888 3228 quidem
952 3162 1220 3233 ejusmodi
1289 3165 1452 3221 verba
1502 3166 1554 3220 in
1610 3167 1771 3222 domo
1805 3168 1999 3224 Onesi-

2106 3157 2273 3219 οἷκον.
2306 3164 2419 3224 τοῖς
2483 3160 2846 3230 προσελθοῦσι
2896 3160 3311 3229 διαλεγομένου,
3365 3159 3461 3212 καί
3520 3175 3698 3212 τινων

422 3249 583 3319 phori
625 3265 808 3305 coram
843 3252 967 3318 illis,
1012 3255 1102 3324 qui
1144 3257 1209 3309 ad
1253 3272 1311 3310 se
1344 3269 1629 3323 venerant,
1663 3260 1993 3327 disserente,

423 3349 481 3395 et
544 3342 822 3396 nonnullis
874 3344 1094 3413 quidem
1158 3348 1395 3403 libenter
1469 3349 1786 3420 placideque
1848 3354 1996 3409 illum

421 3430 793 3497 audientibus,
850 3435 970 3491 aliis
1013 3449 1194 3492 autem
1271 3441 1786 3498 sermocinationem
1856 3446 1999 3502 hanc

422 3519 757 3590 negligenter
789 3523 1204 3593 accipientibus,
1233 3538 1286 3583 et
1311 3530 1599 3585 surdorum
1636 3531 1807 3588 instar
1831 3535 1998 3591 aﬂ‘ec-

422 3611 510 3675 tis,
564 3611 686 3667 aliis
732 3613 985 3685 denique,
1061 3632 1172 3672 non
1225 3619 1401 3675 solum
1463 3623 1531 3677 ad
1574 3622 1689 3683 haec
1743 3626 2000 3680 attentio-

422 3717 547 3757 nem
588 3720 699 3760 non
731 3708 1143 3777 praestantibus,
1190 3712 1287 3766 sed
1323 3713 1464 3768 mala
1501 3714 1801 3786 insuperiu
1834 3720 1997 3771 corde

419 3794 777 3865 agitantibus,
822 3798 1042 3866 Thecla,
1079 3799 1229 3872 virgo
1273 3804 1519 3872 quaadam
1568 3806 1788 3869 nobilis,
1821 3807 2000 3862 Theo-

421 3888 552 3944 ciete
585 3888 713 3953 filia,
744 3889 864 3945 viro
897 3891 1192 3961 desponsa,
1240 3895 1328 3950 cui
1362 3911 1561 3952 nomen
1606 3897 1913 3969 Thamyris,
1939 3900 1993 3955 in

418 3974 620 4034 vicinia
650 3982 979 4052 Onesiphori
1016 3984 1293 4048 habitans,
1327 4002 1423 4056 per
1472 3987 1770 4044 fenestram
1805 4007 1994 4046 aurem

417 4072 633 4126 aridam
667 4074 923 4128 audiendi
972 4078 1279 4146 porrigens,
1311 4079 1461 4134 Pauli
1512 4080 1674 4136 verba
1718 4083 1993 4137 ausculta—

416 4163 513 4216 bat
545 4180 558 4215 :
590 4162 747 4232 cujus
762 4166 1110 4233 quantumvis
1135 4167 1328 4223 faciem
1353 4170 1888 4241 minimeaspiceret,
1920 4175 1994 4227 ita

416 4260 602 4309 tamen
634 4269 701 4309 ex
736 4257 857 4325 ejus
900 4271 1158 4313 sermone
1209 4262 1503 4328 pendebat,
1537 4273 1598 4317 ut
1655 4265 1991 4333 reliquarqu

419 4360 604 4399 rerum
633 4347 879 4401 omnium
915 4363 1045 4404 cura
1089 4351 1347 4419 demissa,
1375 4355 1443 4409 ad
1487 4355 1664 4424 ipsum
1708 4360 1881 4410 solum
1907 4367 1991 4412 at-

417 4437 691 4504 tenderet,
737 4448 792 4493 et
828 4455 926 4509 per
963 4440 1140 4510 ipsum
1183 4442 1404 4499 Christo
1436 4456 1802 4515 eoaptaretur.
1828 4448 1994 4502 Cum-

2108 3252 2207 3322 μέν
2260 3253 2432 3320 ἡδέως
2490 3253 2585 3305 καὶ
2653 3251 2942 3322 προσηνῶς
2994 3251 3094 3321 τὴν
3138 3253 3308 3322 ἀκοὴν
3348 3250 3694 3320 ὑπεχόντων,

2103 3344 2262 3397 ἐνίων
2310 3343 2367 3396 δὲ
2421 3343 2935 3414 κατολιγωρούντων
2985 3342 3079 3397 τοῦ
3129 3344 3309 3412 λόγου,
3347 3342 3443 3397 καὶ
3480 3344 3699 3411 κωφοῖς

2102 3438 2300 3508 ἐπίσης
2328 3434 2711 3506 διακειμένων,
2737 3435 2912 3488 ἄλλων
2943 3434 3001 3488 δὲ
3031 3435 3167 3506 πρὸς
3188 3435 3266 3505 τῷ
3292 3435 3371 3505 μὴ
3391 3436 3692 3505 προσέχειν

2101 3529 2182 3581 ἔτι
2209 3528 2302 3580 καὶ
2329 3526 2541 3597 πονηρὰ
2579 3524 2952 3594 λογιζομένων
2988 3526 3048 3577 ἐν
3099 3527 3221 3588 ταῖς
3250 3525 3504 3596 καρδίαις
3530 3541 3546 3556 ·
3578 3524 3687 3577 Θέ-

2102 3617 2206 3672 κλα
2237 3634 2321 3681 τις
2352 3615 2581 3685 εὐγενὴς
2614 3612 2903 3684 παρθένος,
2933 3613 3225 3676 Θεοκλείας
3271 3613 3540 3683 θυγάτηρ,
3584 3631 3688 3684 με·

2104 3706 2492 3779 μνηστευμένη
2518 3705 2670 3775 ἀνδρὶ
2702 3698 2764 3758 οὗ
2789 3704 2851 3756 τὸ
2889 3703 3060 3773 ὄνομα
3096 3704 3342 3774 Θάμυρις
3369 3699 3461 3774 ἦν,
3489 3705 3543 3755 ἐν
3568 3720 3684 3771 γει-

2098 3800 2269 3853 τόνων
2304 3796 2381 3866 τῷ
2424 3795 2765 3866 Ὁνησιφόρῳ
2797 3794 2896 3869 τᾲς
2935 3795 3183 3863 οἰκήσεις
3234 3793 3564 3864 ποιουμένη,
3591 3794 3685 3846 διὰ.

2097 3890 2197 3962 τῆς
2244 3888 2458 3960 θυρίδος
2518 3878 2779 3957 φιλήκοον
2812 3882 2904 3950 οὖς
2939 3886 3272 3956 ὑποσχοῦσα,
3300 3886 3407 3939 τῶν
3463 3886 3685 3940 Παύλου

2096 3982 2273 4050 λόγων
2321 3982 2664 4051 ἐπηκροᾶτο·
2710 3981 2805 4032 καὶ
2860 3979 3156 4048 πρόσωπον
3201 3977 3301 4046 μὲν
3340 3976 3551 4031 ἐκείνου
3581 3979 3689 4032 οὐκ

2097 4070 2244 4142 εἶχεν
2289 4073 2445 4142 όρᾷν,
2484 4069 2724 4123 οῦτω²δὲ
2778 4069 2891 4122 τῶν
2928 4066 3092 4121 αὐτοῦ
3159 4068 3333 4135 λόγων
3385 4068 3685 4140 ἐξήρτητο,

2095 4168 2237 4218 ὣστε
2287 4165 2505 4217 πάντων
2558 4161 2820 4233 ἀμέλειαν
2876 4160 3258 4229 καταγνοῦσαν
3316 4161 3425 4214 τῶν
3474 4162 3685 4226 ἄλλων,

2096 4256 2246 4326 αὐτῷ
2283 4255 2432 4327 μό·.ῳ
2466 4255 2850 4326 προσκεῖσθαι,
2885 4255 2981 4308 καὶ
3020 4254 3089 4307 δι’
3111 4254 3278 4308 αὐτοῦ
3309 4254 3534 4325 Χριστῷ
3566 4271 3689 4307 συν-

2095 4347 2454 4418 αρμόζεσθαι.
2524 4346 2744 4415 Ὀρῶσα
2776 4346 2832 4399 δὲ
2883 4344 3086 4409 πολλὰς
3118 4344 3226 4398 τῶν
3255 4347 3536 4413 γυναικῶν
3584 4350 3687 4400 καὶ

2097 4440 2385 4510 παρθένων
2419 4437 2556 4508 πρὸς
2606 4438 2818 4492 Παῦλον
2873 4437 3172 4503 εἰσιούσας,
3200 4436 3386 4491 ἐπόθει
3428 4438 3530 4508 μὲν
3582 4441 3685 4493 καὶ

417 4538 528 4598 que
598 4530 812 4586 videret
860 4528 1060 4587 multas
1098 4543 1208 4589 tam
1258 4537 1605 4594 matrimonio
1647 4540 1989 4609 eonjunctas,

2104 4531 2235 4601 αύτὴ
2271 4530 2393 4600 ὄψιν
2436 4532 2582 4593 ἰδεῖν,
2605 4522 2668 4584 οῦ
2705 4530 2948 4583 τοιοῦτον
2982 4530 3226 4584 ἀπέλαϐε
3246 4530 3354 4583 τῶν
3376 4534 3644 4602 ῥημάτων
3664 4571 3679 4586 .

420 4638 581 4691 quam
618 4623 849 4694 \irgines
875 4624 943 4680 ad
971 4625 1198 4681 l’aulum
1231 4630 1619 4699 ingredientes,
1646 4633 1994 4689 desiderabat

414 4715 635 4782 quidem
687 4724 742 4769 et
796 4715 908 4782 ipsa
972 4715 1074 4770 viri
1126 4728 1405 4786 aspectum
1455 4719 1681 4783 intueri,
1736 4738 1803 4775 ex
1835 4721 1992 4791 cujus

415 4814 673 4858 sermone
739 4814 950 4859 tantum
1011 4806 1248 4862 fructum
1328 4797 1635 4873 hauriebat,
1705 4822 1988 4878 caeterum,

416 4897 562 4964 quod
593 4896 693 4967 ipsi
728 4906 840 4952 tum
894 4901 1158 4968 temporis
1213 4899 1263 4954 id
1297 4900 1477 4956 facere
1530 4902 1754 4958 minime
1780 4905 2025 4979 liceret,_

416 4986 656 5043 fervidos
699 4995 948 5044 amantes
980 4990 1210 5056 imitata,
1248 4992 1301 5045 in
1340 4994 1452 5046 sola
1509 4994 1748 5048 fenestra
1774 4997 1967 5065 acquie

412 5080 621 5146 scebat,
681 5081 841 5150 eique
891 5074 1153 5137 continuo
1216 5084 1546 5148 adhaerebat,
1616 5085 1766 5140 Pauli
1814 5088 1994 5143 verbis

413 5169 804 5237 indesinenter,
860 5179 1115 5243 tanquam
1147 5175 1353 5245 lignum
1406 5177 1558 5244 juxta
1612 5193 1802 5247 aquas,
1860 5195 1994 5247 quae

412 5278 532 5315 rum
566 5262 618 5315 in
655 5258 884 5317 Psalmis
929 5265 1136 5319 mentio
1182 5278 1288 5327 est,
1364 5267 1686 5334 plautatum,
1742 5269 1985 5338 irrigata.

410 5354 579 5419 Quam
618 5355 709 5409 ubi
758 5360 932 5410 mater
981 5357 1234 5422 advertit,
1275 5367 1425 5412 tanto
1452 5360 1561 5428 jam
1620 5371 1864 5429 tempore
1902 5361 1986 5414 fe-

410 5458 609 5501 nestrae
642 5447 713 5501 illi
759 5446 1002 5515 allitatu,
1033 5447 1289 5519 ignorans
1320 5449 1529 5505 scilicet
1555 5467 1675 5520 qua:
1739 5451 1789 5504 in
1820 5452 1985 5505 corde

411 5538 487 5593 illi
550 5539 760 5595 inclusa
814 5540 1070 5604 laterent,
1154 5550 1463 5612 suspectam
1534 5551 1714 5596 tamen
1767 5542 1982 5600 interim

412 5645 730 5685 unmensam
779 5634 919 5687 hanc
966 5633 1030 5686 ad
1074 5634 1366 5687 fenestram
1408 5634 1709 5688 seSsionem
1752 5635 1978 5703 habens,

482 5806 496 5836 ¹
528 5804 719 5860 Matth.
760 5825 810 5872 γ,
840 5808 891 5861 5.

2104 4624 2257 4676 Ἐπεὶ
2287 4623 2343 4677 δὲ
2374 4623 2516 4677 κατὰ
2543 4623 2603 4676 τὸ
2626 4624 2801 4694 παρὸν
2822 4623 2976 4677 τοῦτο
2997 4623 3259 4677 ἀδύνατον
3290 4619 3377 4694 ἦν,
3404 4625 3529 4687 τοὺς
3551 4623 3684 4695 θερ-

2094 4720 2226 4785 μοῂς
2259 4715 2570 4785 μιμουμένη
2606 4714 2716 4766 τῶν
2742 4715 3012 4784 ἐραστῶν,
3039 4716 3264 4785 ἠρκεῖτο
3310 4718 3402 4766 καὶ
3438 4716 3583 4786 μόνῃ
3611 4721 3679 4788 τῇ

2092 4809 2290 4881 θυρίδι,
2317 4809 2413 4861 καὶ
2465 4807 2672 4875 ταύτης
2719 4807 3016 4869 διαπαντὸς
3056 4808 3260 4877 εἴχετο,
3302 4810 3419 4905 ςτοῖς
3460 4810 3678 4863 ἐκείνου

2091 4902 2272 4969 λόγοις
2330 4898 2692 4962 ἀδιαλείπτως
2742 4899 3106 4968 ἀρδευομένη,
3166 4898 3261 4953 καὶ
3304 4898 3468 4952 οἱονεὶ
3516 4900 3681 4963 ξύλον

2093 4993 2228 5045 οὖσα
2266 4990 2674 5060 πεφυτευμένον
2743 4991 2895 5058 παρὰ
2954 4991 3065 5050 τοῖς
3097 4988 3396 5058 ψαλμικοῖς
3458 4988 3675 5047 ὕδασιν,

2103 5086 2169 5139 Ἦ
2207 5085 2390 5152 μέντοι
2423 5085 2610 5153 μήτηρ
2653 5082 2823 5150 αὐτῆς
2873 5083 2967 5134 ἐπὶ
3026 5081 3220 5152 χρόνον
3274 5080 3418 5133 οὕτω
3476 5083 3675 5151 συχνὸν

2090 5177 2274 5248 ὁρῶσα
2321 5174 2529 5245 ταύτην
2575 5177 2639 5241 τῇ
2694 5174 2871 5246 θυρίδι
2925 5172 3382 5244 προσηλωμένην,
3435 5173 3672 5228 καὶτῶν

2095 5271 2193 5340 μὲν
2224 5271 2304 5328 εἰς
2338 5267 2565 5336 καρδίαν
2599 5268 2737 5329 ὅλως
2764 5268 2986 5336 ἀμαθὴς
3021 5262 3178 5329 οὖσα,
3228 5266 3369 5333 πλὴν
3399 5265 3541 5318 ἀλλὰ
3580 5267 3679 5319 καὶ

2091 5363 2260 5433 αὐτὴν
2286 5362 2383 5431 τὴν
2406 5361 2645 5429 ἄμετρον
2662 5358 3043 5413 ὑποπτεύουσα
3069 5358 3417 5429 προσεδρίαν,
3443 5359 3680 5421 ἁπαλοῖς

2094 5456 2383 5525 πρότερον,
2403 5454 2495 5505 καὶ
2524 5451 2670 5505 τοῦτ’
2696 5452 2828 5504 am
2853 5453 3064 5522 ῥήμασι
3084 5452 3378 5522 μητρικοῖς
3410 5453 3678 5520 ἐπειρᾶτο

2095 5545 2357 5600 κωλύειν·
2389 5545 2619 5609 Τέκνον,
2673 5544 2933 5613 λέγουσα,
2977 5543 3177 5609 Θὲκλα,
3234 5543 3286 5597 τί
3347 5544 3431 5596 σοὶ
3465 5546 3561 5596 καὶ
3596 5545 3677 5611 τῷ

2093 5641 2230 5710 ξένῳ
2257 5638 2434 5710 τούτῳ
2467 5636 2560 5691 καὶ
2585 5636 2766 5708 γόητι,
2808 5629 2852 5704 ᾧ
2888 5636 3179 5709 προσέχεις
3231 5637 3551 5702 διαπαντὸς,
3576 5637 3680 5691 καὶ
