4002 6426
362 393 476 461 825

1523 414 1996 482 MARTYRIUM
2035 425 2099 485 S.
2138 419 2479 491 THECLE.

3512 437 3619 497 826

358 511 532 620 οὔτ-ξος
560 514 679 586 ἥλω
704 520 817 582 τοῖς
848 521 1014 576 αὐτοῦ
1044 519 1293 595 ῥήμασις
1322 526 1517 598 βλέψον
1550 531 1649 601 ήδη
1678 533 1774 586 ml
1802 536 1933 605 πρὸς

2047 539 2258 596 blandis
2294 543 2552 611 primum,
2586 543 2690 599 hoc
2711 552 2798 600 est
2832 546 3096 602 maternis
3127 547 3328 612 verbis,
3346 548 3521 620 ipsam
3550 552 3620 606 ab

359 604 529 672 ἡμᾶς.
555 607 648 658 ml
710 608 869 676 λόγου
924 613 1174 681 μετάδος,
1222 617 1316 669 ml
1378 623 1672 690 μετασχεῖν
1731 604 1939 692 τροφῆς

361 698 770 770 προθυμήθητι.
805 702 956 757 Ἐπεὶ
994 704 1051 758 δὲ
1076 704 1220 761 οὕτω
1261 707 1498 776 λέγουσα
1552 713 1715 781 μηδὲν
1751 714 1936 784 ἤνυεν,

355 787 492 842 ἀλλά
530 791 594 843 τὸ
630 791 724 845 τοῦ
772 794 954 864 λόγου,
978 798 1158 871 νεκρῷ
1188 801 1323 870 πρὸς
1352 801 1446 866 οὓς
1477 803 1767 873 διελέγετο.
1796 810 1828 879 ή
1878 807 1935 861 δὲ

355 878 451 933 ml
478 879 898 954 αύστηροτέρων
925 886 1135 957 ἥπτετο
1178 892 1440 960 ῥημάτων
1466 908 1481 922 ο
1509 896 1628 949 Ἵνα
1651 897 1704 949 τί
1731 896 1809 960 ὥς
1829 914 1935 963 τις,

352 967 614 1058 λέγουσα,
643 972 743 1043 μία
771 976 881 1029 τῶν
918 979 1170 1049 ἀφρόνων
1195 983 1288 1035 ml
1318 983 1419 1047 τὰς
1459 986 1742 1058 αἰσθήσεις
1766 989 1937 1056 αὐτὰς

352 1057 760 1131 ἀπολωλεκυῖα,
779 1065 939 1137 ἀνδρὶ
991 1070 1198 1138 ἀγνῶτι
1239 1072 1446 1146 mete“
1487 1057 1695 1139 ἀτενῶς
1733 1080 1936 1149 προσέ-

352 1167 560 1222 χουσα;
591 1155 876 1228 αἰδέσθητι
923 1166 1243 1230 συγγενεῖςο
1278 1166 1559 1237 αἱδέσθητι
1600 1170 1810 1238 φίλους,
1825 1173 1938 1240 ἡλι-

352 1244 614 1313 κιώτιδας
640 1264 656 1281 ⁶
684 1249 849 1318 φύσιν
876 1253 1046 1324 αὐτὴν
1070 1257 1446 1330 δυσωπήθητι.
1477 1263 1585 1316 Kal
1606 1265 1756 1327 ὅπως
1782 1266 1936 1319 ὲλευ-

350 1336 490 1411 θέρα
542 1342 889 1412 τυγχάνουσα
928 1346 1125 1419 δούλην
1163 1348 1310 1419 ἔχεις
1363 1350 1543 1422 ψυχὴν
1566 1396 1581 1419 ,
1610 1355 1707 1407 καὶ
1763 1357 1936 1410 ταῦτα

350 1428 601 1501 θυγάτηρ
651 1433 751 1502 μὲν
799 1433 1091 1502 Θεοκλείας
1142 1436 1279 1493 οὖσα
1302 1483 1317 1504 ,
1374 1444 1585 1515 μνηστὴ
1636 1443 1693 1497 δὲ
1749 1445 1938 1518 Θαμύ-

348 1518 536 1589 ριδοςς
579 1520 765 1577 Ταῦτα
797 1523 1048 1594 λέγουσα,
1119 1530 1214 1583 καὶ
1273 1531 1366 1584 τὸν
1422 1535 1711 1604 μνηστῆρα
1773 1552 1934 1605 μετε-

349 1612 592 1680 καλεῖτο,
632 1616 725 1670 ml
778 1617 838 1681 ὃς
875 1620 1079 1692 παρῄει
1137 1625 1360 1694 πτηνὸς,
1394 1626 1504 1680 τῶν
1534 1628 1730 1698 γάμων
1770 1629 1935 1683 ἕνεκα

345 1702 448 1774 τὴν
479 1703 675 1774 κλῆσιν
712 1708 980 1777 οἰόμενος.
1014 1711 1104 1776 Ὠς
1129 1713 1225 1768 οῦν
1248 1716 1417 1787 ἤκουε
1441 1720 1573 1790 παρ’
1597 1720 1769 1790 αὐτῆς
1785 1722 1935 1786 ὅπως

351 1797 386 1865 ἠ
418 1795 620 1861 Θέκλα,
650 1800 747 1854 καὶ
775 1802 858 1855 ὃτι
886 1806 1036 1870 τρεῖς
1060 1807 1266 1876 ἡμέραι
1287 1809 1379 1862 καὶ
1407 1809 1602 1873 νύκτες
1639 1812 1762 1864 ἶσαι
1789 1829 1931 1879 παρ-

2043 630 2128 685 illa
2184 632 2474 700 prohibere
2519 636 2803 691 contendit
2846 655 2861 690 :
2914 635 3078 701 Filia,
3141 639 3420 708 inquiens,
3497 657 3619 696 mea

2042 719 2267 783 Thecla,
2306 721 2438 791 quid
2468 722 2565 776 tibi
2626 738 2752 779 cum
2805 734 3070 780 extraneo
3103 727 3196 781 illo
3228 729 3619 799 praestigiatore

2040 812 2138 879 rei,
2172 828 2336 882 quem
2394 814 2467 868 ita
2501 815 2721 884 assidue
2766 817 3060 883 auscultas,
3112 820 3377 888 cujusque
3440 820 3619 876 verbis

2041 919 2220 975 usque
2285 906 2423 959 adeo
2474 916 2630 976 capta
2697 909 2942 963 teneris?
2984 925 3085 964 nos
3119 927 3334 980 quoque
3374 913 3483 980 jam
3525 913 3623 967 ad-

2040 996 2210 1065 spice,
2238 1004 2292 1051 et
2322 997 2573 1067 colloquii
2622 999 2699 1052 tui
2746 999 3038 1069 participes
3067 1001 3254 1065 redde,
3302 1016 3366 1055 ac
3391 1004 3457 1057 de
3489 1003 3615 1056 cibo

2039 1087 2307 1142 sumendo
2356 1088 2560 1158 cogita.
2588 1087 2708 1154 Quo
2748 1090 2836 1143 illa
2884 1106 3139 1146 sermone
3170 1107 3289 1156 usa,
3325 1109 3447 1147 eum
3481 1094 3621 1148 nihil

2039 1176 2350 1243 proﬁceret,
2407 1178 2503 1232 sed
2554 1186 2615 1232 ut
2671 1179 2778 1233 diei
2834 1181 2995 1247 solet,
3056 1193 3273 1236 mortuo
3324 1183 3380 1237 in
3428 1200 3618 1238 aurem

2039 1270 2205 1324 verba
2230 1270 2456 1337 faceret,
2484 1271 2750 1340 asperiori
2782 1272 3041 1342 loquendi
3069 1289 3273 1342 genere
3299 1276 3373 1329 uti
3399 1291 3619 1346 aggres-

2039 1374 2148 1415 sa:
2188 1360 2255 1413 Et
2288 1360 2442 1430 quid,
2493 1360 2689 1431 inquit,
2745 1360 2919 1415 instar
2980 1362 3206 1428 insanae,
3265 1372 3319 1418 et
3369 1365 3622 1420 sensibus

2038 1451 2172 1522 ipsis
2224 1452 2489 1521 spoliatae,
2542 1455 2822 1509 continuo
2864 1454 2954 1510 hic
3014 1457 3286 1522 assidens,
3333 1458 3399 1512 ad
3445 1456 3620 1511 virum

2037 1541 2282 1613 ignotum
2316 1529 2392 1599 ita
2453 1545 2739 1600 atlendis?
2770 1560 3024 1602 reverere
3054 1557 3335 1618 cognatos,
3373 1564 3624 1604 reverere

2039 1633 2276 1698 amicos,
2333 1651 2590 1691 reverere
2644 1636 2906 1706 aequales,
2953 1647 3206 1692 naturam
3240 1638 3414 1708 ipsam
3465 1653 3625 1693 reve-

2039 1740 2181 1789 rere,
2219 1740 2314 1781 cur
2342 1726 2512 1781 libera
2573 1744 2696 1783 cum
2748 1728 2846 1795 sis,
2880 1729 3127 1783 animum
3165 1730 3420 1785 servilem
3454 1729 3622 1799 geris.

2038 1814 2201 1885 idque
2249 1815 2355 1870 ﬁlia
2410 1816 2736 1885 Theoclea),
2798 1834 3000 1890 sponsa
3070 1818 3450 1891 Thamyridis?
3505 1820 3625 1886 Quo

352 1887 587 1956 ἐλθοιεν,
641 1893 739 1947 καὶ
789 1895 931 1967 αὐτὴ
986 1897 1087 1966 τῆς
1145 1899 1364 1970 θυρίδος
1404 1903 1465 1955 τὸ
1507 1902 1769 1974 παράπαν
1820 1904 1922 1958 οὐκ

2038 1906 2204 1969 dicto,
2240 1907 2417 1977 ipsum
2478 1922 2745 1979 sponsum
2801 1887 3058 1975 arcessit,
3094 1913 3191 1981 qui
3246 1887 3308 1966 et
3363 1910 3622 1976 festinus,

348 1983 646 2055 ἀποσταίη,
684 1986 893 2058 βρωτοῦ
934 1990 1036 2059 μὲν
1068 1993 1164 2045 καὶ¹
1194 1992 1359 2046 ποτοῦ
1396 1995 1534 2065 μηδὲ
1585 1994 1760 2066 βραχὺ
1795 2013 1931 2068 μνη-

349 2075 690 2145 μονεύσασα,
719 2078 829 2132 τῶν
862 2082 1081 2135 Παύλου
1114 2084 1172 2138 δὲ
1206 2086 1371 2154 μόνου
1430 2085 1608 2154 λόγων
1651 2089 1929 2158 ἐκκρεμα-

349 2166 488 2238 μὲνη
516 2184 531 2199 ·
560 2169 684 2224 ἐπεὶ
719 2172 895 2226 ταῦτα
932 2176 962 2228 ό
986 2175 1238 2248 Θάμυρις
1298 2179 1498 2249 ἤκουεν
1533 2180 1639 2233 ἀπὸ
1672 2181 1774 2250 τῆς
1826 2199 1930 2253 μη·

343 2260 496 2330 τρὺς,
521 2255 640 2317 εἶτα
656 2264 753 2318 καὶ
784 2267 1195 2338 προστιθείσης,
1211 2270 1284 2324 Σὺ
1304 2271 1386 2334 δὲ,
1406 2273 1657 2345 μνηστὴρ
1696 2275 1808 2345 γὰρ
1854 2270 1929 2339 εἴ,

345 2352 619 2422 πρόσελθε
656 2357 851 2429 ταύτῃ,
872 2360 967 2412 καὶ
996 2362 1303 2433 ἀποστῆναι
1326 2367 1442 2429 τοῖς
1472 2369 1586 2430 σοῖς
1612 2367 1795 2435 λόγοις
1827 2367 1928 2439 τῆς

344 2440 566 2516 θυρίδος
611 2448 783 2518 αὐτὴν
819 2454 1281 2521 παρασκεύασον·
1330 2458 1622 2526 πρόσεισιν
1660 2459 1864 2523 εὐθέως
1900 2461 1931 2513 ό

344 2537 617 2609 Θάμυρις,
638 2540 730 2594 ml
760 2545 1106 2607 παντοδαπὸς
1143 2548 1357 2615 γίνεται
1382 2553 1496 2614 τοῖς
1527 2551 1738 2618 λόγοις,
1761 2551 1925 2628 τοῦτο

2037 2006 2088 2052 et
2127 1999 2275 2054 velut
2299 2000 2475 2055 alatus
2515 2002 2759 2069 advenit,
2806 2004 3127 2073 nuptiarum
3161 2019 3221 2058 se
3264 2018 3426 2058 causa
3455 2003 3627 2057 advo-

2039 2089 2150 2144 cari
2181 2090 2529 2148 existimans.
2563 2093 2840 2149 Caeterum
2870 2095 2965 2149 ubi
3011 2111 3078 2149 ex
3119 2111 3203 2159 ea,
3237 2110 3344 2165 quo
3380 2097 3501 2149 locu
3536 2110 3625 2150 res

2038 2177 2256 2235 Thecla:
2284 2191 2490 2251 essent,
2516 2183 2869 2255 intelligeret,
2917 2188 3170 2256 quodque
3233 2197 3354 2257 post
3402 2197 3625 2241 exactos

2033 2272 2145 2340 jam
2182 2281 2292 2328 tres
2325 2274 2464 2340 dies,
2537 2283 2593 2331 et
2621 2276 2846 2332 totidem
2918 2284 3133 2344 noctes,
3180 2278 3271 2333 illa
3312 2280 3538 2333 omnino
3593 2294 3624 2334 a

2028 2362 2274 2420 fenestra
2306 2381 2417 2420 non
2471 2367 2818 2430 recessisset,
2849 2366 2952 2421 cibi
3000 2378 3269 2437 potusque
3325 2383 3396 2423 ne
3439 2369 3626 2423 tantil-

2036 2453 2152 2509 lum
2191 2456 2411 2524 quidem
2446 2471 2680 2521 memor,
2711 2466 2921 2511 tantum
2983 2472 3049 2510 ex
3093 2456 3242 2511 Pauli
3289 2457 3471 2513 verbis
3501 2473 3625 2512 sus-

2040 2563 2212 2617 pensa
2267 2565 2281 2601 :
2344 2532 2484 2614 haec,
2524 2548 2769 2618 inquam,
2815 2563 2939 2602 cum
2997 2548 3286 2618 Thamyris
3336 2565 3402 2604 ex
3453 2560 3626 2604 matre

348 2630 452 2699 μὲν
486 2631 826 2696 κολακεύων,
855 2636 1016 2691 τοῦτο
1068 2639 1126 2693 δὲ
1167 2643 1476 2711 παραινῶν,
1509 2644 1669 2698 τοῦτο
1718 2646 1773 2699 δὲ
1801 2626 1809 2628 ὴ
1834 2648 1928 2701 καὶ

2038 2639 2386 2711 intelligeret,
2421 2640 2642 2709 illaque,
2668 2626 2934 2693 adderet:
2971 2638 3074 2694 Adi
3117 2649 3172 2692 tu
3209 2638 3357 2693 illam
3399 2639 3626 2708 (quippe

344 2720 815 2798 πληκτικωτέροις
843 2729 1017 2802 αὐτὴν
1049 2732 1302 2803 ῥήμασιν
1339 2736 1697 2807 ἐπιστρέφειν
1721 2736 1929 2810 πειρώ-

2042 2748 2283 2804 sponsus
2341 2733 2466 2802 ejus
2506 2740 2590 2799 es)
2624 2739 2681 2785 et
2714 2730 2900 2785 verbis
2942 2745 2970 2782 a
3004 2730 3246 2784 fenestra
3297 2740 3357 2784 ut
3397 2731 3626 2787 absistat

348 2828 533 2881 μενος,
567 2816 664 2868 καὶ
684 2832 697 2847 ι
732 2818 797 2870 Τί
822 2817 900 2890 μὴ
938 2820 1077 2891 πρὸς
1112 2825 1208 2876 τὸν
1238 2822 1492 2895 Θάμυριν
1529 2827 1623 2879 τὸν
1650 2827 1742 2880 σὺν
1771 2829 1926 2900 ὁρᾷς,

2041 2824 2264 2879 efﬁcere
2331 2821 2627 2886 contende,
2701 2818 2916 2875 accedit
2982 2818 3232 2888 protinus
3312 2818 3622 2888 Thamyris,

343 2904 522 2973 ἔλεγε,
538 2908 633 2961 τὸν
657 2911 913 2980 νυμφίον,
942 2912 1198 2981 φιλτάτη,
1224 2916 1316 2970 τὸν
1341 2919 1467 2985 σόν;
1494 2920 1620 2974 τίνα
1649 2920 1706 2974 δὲ
1750 2921 1928 2988 φιλεῖς

2043 2917 2450 2987 omnigenoque
2482 2928 2762 2977 sermone,
2823 2926 2974 2966 nunc
3013 2912 3235 2980 quidem
3268 2912 3625 2977 assentando,

342 2994 527 3061 ἄλλον,
569 2999 700 3062 τοὺς
750 3002 918 3070 ἐμοὺς
964 3003 1178 3073 ἔρωτας
1228 3008 1588 3078 ἀτιμάσασα;
1641 3013 1694 3064 τί
1752 3011 1929 3075 οὕτως

2039 3025 2190 3065 nunc
2229 3009 2595 3070 admonendo,
2638 3021 2787 3060 nunc
2831 3005 3189 3073 increpando,
3236 3004 3384 3059 illam
3428 3021 3458 3059 a
3494 3021 3624 3075 pro-

342 3086 668 3158 ἐξέστηκας,
699 3092 751 3145 τί
773 3089 914 3146 οὕτω
939 3093 1172 3165 κάτοχος
1199 3092 1290 3163 el;
1323 3100 1396 3168 μή
1426 3117 1480 3152 τι
1514 3118 1596 3154 σοι
1637 3103 1733 3155 καὶ
1774 3103 1926 3157 ἄκων

2042 3102 2221 3169 posito
2250 3113 2508 3153 revocare
2541 3106 2792 3152 conatur.
2829 3096 2898 3149 Et
2953 3095 3106 3164 quid,
3154 3094 3354 3163 inquit,
3392 3095 3632 3166 Thamy-

342 3182 752 3251 προσέκρουσα,
781 3183 1011 3254 φιλτάτη
1037 3202 1054 3253 ;
1116 3187 1192 3258 μὴ
1235 3191 1350 3252 τοῖς
1400 3191 1543 3245 κατά
1575 3192 1674 3262 σὴν
1706 3194 1923 3266 θέλησιν

2038 3194 2141 3249 rim
2170 3208 2433 3262 Sponsum
2468 3201 2620 3246 tuum
2655 3205 2764 3244 non
2817 3188 3040 3259 aspicis,
3076 3188 3211 3243 mihi
3259 3188 3626 3244 charissima?

340 3270 670 3338 ἀγνοοῦντες
706 3274 805 3345 οὐχ
835 3252 1302 3350 ὑπουργήσαμεν;
1356 3282 1499 3353 τάχα
1539 3252 1928 3357 μέλ).ομενέίς

2038 3284 2305 3355 numquid
2339 3284 2480 3338 forte
2513 3283 2680 3339 alium
2740 3296 2914 3346 amas,
2967 3281 3019 3334 in
3055 3281 3379 3349 despectum
3421 3281 3628 3334 amoris

340 3365 469 3428 τοὺς
509 3364 746 3436 γάμους.
820 3369 1101 3438 Ὀψίζουσι
1143 3375 1256 3436 τοῖς
1304 3373 1523 3445 ᾠδικοῖς
1573 3380 1622 3431 οί
1653 3380 1926 3450 ὑμένιιοι.

2038 3395 2155 3451 erga
2189 3388 2241 3434 te
2280 3377 2424 3432 mei?
2476 3393 2575 3431 cur
2608 3377 2704 3439 ita,
2737 3375 2902 3430 veluti
2959 3375 3216 3439 attonita,
3254 3390 3284 3427 a
3321 3383 3373 3428 te
3406 3372 3626 3428 abiisti?

341 3457 456 3510 Καὶ
484 3458 535 3511 εί
575 3457 781 3528 βούλει,
801 3460 1166 3519 τελείσθωσαν
1224 3465 1428 3521 πάντα.
1488 3469 1559 3520 Ἦ
1594 3469 1690 3523 καὶ
1720 3469 1802 3524 ἔτι
1833 3488 1931 3523 πε-

342 3550 718 3621 ριμενοῦμενς
759 3552 851 3606 τοῦ
909 3553 1005 3608 σοῦ
1059 3555 1169 3624 γάρ
1201 3554 1530 3626 θελήματος,
1580 3559 1780 3623 Θέκλα,
1834 3565 1927 3615 καὶ

344 3643 511 3710 μόνου
566 3642 662 3697 τοῦ
730 3643 996 3714 νεύματος
1063 3648 1229 3710 αὐτὸς
1283 3649 1553 3721 ηρτημαι.
1618 3652 1806 3707 Ταῦτά
1872 3671 1932 3707 τε

340 3734 520 3804 ἔλεγε,
576 3738 674 3792 καὶ
721 3738 970 3809 σχήμασι
1022 3741 1457 3812 παρακλητικοῖς
1510 3742 1592 3796 ἔτι
1638 3743 1818 3799 ἕλκειν
1849 3745 1934 3810 εἰς

340 3827 536 3880 ἑαυτὸν
573 3826 853 3900 ἐπειρᾶτο,
897 3830 1081 3901 ἠρέμα
1118 3832 1176 3885 δὲ
1217 3833 1314 3887 ml
1363 3833 1554 3907 ὀθόνης
1600 3837 1931 3906 ἁπτόμενος,

354 3918 671 3990 ⁹Δνάστηθι,
720 3921 1008 3993 φάγωμεν,
1069 3924 1387 3994 ὑπεφώνειο
1436 3928 1727 4002 ἀνάστηθι,
1795 3931 1936 3985 πίωο

344 4026 473 4080 μεν.
515 4011 583 4063 Τί
617 4007 728 4084 γὰρ
755 4013 890 4085 ἡμῖν
912 4014 1008 4067 ml
1030 4014 1105 4068 τὸ-
1128 4015 1265 4071 πολὺ
1298 4017 1460 4071 τοῦτο
1516 4020 1615 4090 τῆς
1642 4020 1825 4085 αἰτίας
1854 4024 1935 4086 εἰς

2033 3486 2167 3525 num
2209 3484 2307 3539 per
2330 3467 2757 3537 imprudentiam
2800 3464 2943 3521 forte
2976 3476 3030 3521 te
3072 3466 3300 3532 oliendi,
3334 3464 3628 3520 dilectissi-

2034 3574 2121 3614 ma
2151 3559 2175 3613 ?
2211 3572 2342 3612 num
2382 3556 2646 3611 voluntati
2683 3565 2789 3610 tua:
2849 3556 3224 3627 obsequioque
3260 3556 3314 3610 in
3380 3566 3435 3611 te
3503 3572 3628 3611 meo

2034 3651 2247 3721 uspiam
2284 3648 2479 3704 defui?
2535 3648 2701 3703 nimis
2761 3647 2976 3703 fortean
3010 3648 3105 3704 diu
3176 3661 3395 3704 nosuas
3435 3650 3626 3703 hacte-

2031 3758 2141 3799 nus
2181 3757 2467 3797 moramur
2505 3740 2763 3810 nuptias:
2800 3740 2967 3796 nimis
2996 3740 3088 3795 diu
3133 3740 3405 3812 hymenaei
3452 3741 3628 3795 nostri

2030 3843 2230 3891 cantus
2261 3832 2491 3889 musicis
2518 3831 2792 3888 differtur.
2836 3832 3021 3897 Quare
3051 3832 3097 3887 si
3138 3832 3312 3894 lubet,
3349 3846 3468 3902 age,
3505 3845 3631 3884 om-

2031 3929 2124 3985 nia
2184 3927 2575 3984 conﬁciantur.
2619 3927 2705 3981 An
2744 3927 3046 3981 etiamnum
3093 3924 3516 3981 cunctabimur?
3555 3938 3628 3977 ex

2031 4022 2314 4077 voluntate
2362 4019 2511 4073 enim
2547 4028 2660 4085 tua,
2714 4034 2833 4073 mea
2884 4016 3113 4082 Thecla,
3166 4016 3391 4085 soloque
3479 4024 3621 4069 nutu

342 4102 567 4171 ὅνησινς
600 4101 766 4159 ’Λλλά
795 4105 968 4159 ταῦτα
1006 4105 1104 4176 μὲν
1135 4109 1345 4172 ἐκεῖνος
1374 4123 1391 4140 ⁸
1420 4110 1560 4179 πλὴν
1593 4112 1689 4165 ml
1716 4116 1828 4178 τοῖς
1868 4116 1928 4167 ἐν

2038 4112 2270 4185 pendeo.
2304 4110 2431 4166 Haec
2460 4121 2515 4166 et
2542 4111 2779 4176 dicebat,
2831 4119 2887 4164 et
2909 4119 3067 4181 gestu
3100 4109 3338 4179 quodam
3380 4106 3629 4175 corporis

222 4242 227 4245 λ
340 4192 421 4263 τῷ
454 4194 590 4264 οἴκῳ
620 4196 754 4249 πᾶσι
793 4199 973 4259 κοινὸς
1012 4196 1079 4270 ἦν
1133 4199 1163 4253 ὀ
1227 4199 1422 4270 Θρῆνος
1465 4217 1478 4231 °
1524 4203 1792 4275 Θαμύριδι
1829 4206 1929 4276 μὲν

2038 4205 2104 4259 ad
2147 4202 2582 4275 permovendum
2641 4201 2855 4256 efﬁcaci
2885 4201 3161 4256 ‘illam-in
3213 4215 3366 4253 suam
3408 4208 3631 4253 senten-

340 4285 603 4351 γυναικὸς
653 4288 972 4358 ἀστοχοῦντι
1008 4304 1023 4318 ⁸
1063 4289 1327 4363 Θεοκλείᾳ.
1386 4293 1466 4359 δὲ,
1511 4294 1706 4349 τέκνου
1751 4314 1766 4330 ο
1808 4300 1931 4361 ταῖς

2039 4299 2167 4353 tiam
2203 4297 2524 4366 pertrahere
2554 4293 2857 4356 nitebatur,
2888 4293 3019 4363 quin
3085 4301 3137 4346 et
3181 4301 3388 4346 vestem
3428 4291 3626 4343 lineam

341 4378 399 4431 δὲ
449 4379 789 4447 παιδίσκαις,
844 4383 1040 4453 κυρίας
1087 4400 1102 4417 ο
1150 4385 1245 4438 καὶ
1278 4384 1539 4456 σύγχυσις
1564 4383 1634 4458 ἦν
1667 4388 1727 4443 ὲν
1754 4388 1931 4460 τούτῳ

2040 4390 2214 4460 ipsius
2245 4387 2477 4442 remisse
2522 4395 2770 4456 tangens,
2821 4384 3017 4455 Surge,
3055 4385 3312 4455 subjecit.
3363 4385 3626 4449 edamus;

341 4473 537 4542 πολλὴ,
568 4474 665 4526 καὶ
706 4474 903 4539 πένθος
932 4477 1386 4549 ἀπαρηγόρητον.

2041 4496 2226 4553 surge,
2262 4480 2554 4535 bibamus:
2588 4478 2719 4546 quid
2748 4478 2895 4532 enim
2929 4487 3080 4532 tanta
3108 4478 3284 4531 inedia
3309 4477 3468 4530 nobis
3502 4489 3629 4545 pro-

342 4558 543 4618 fuerit?
619 4564 897 4620 Hactenus
936 4566 1048 4622 ille.
1107 4565 1313 4623 Omnes
1370 4567 1589 4624 interim
1632 4570 1966 4629 domesticos
2020 4569 2329 4629 communis
2382 4569 2568 4622 luctus
2620 4568 2842 4646 invasit,
2906 4568 3293 4637 Thamyridem
3383 4566 3625 4635 quidem,

341 4655 488 4722 quod
559 4671 731 4711 uxore
793 4656 1094 4719 excideret,
1173 4656 1527 4727 Theocieam,
1585 4661 1733 4730 quod
1789 4662 1920 4732 ﬁlia,
1962 4662 2186 4718 ancillas
2221 4658 2482 4726 denique,
2534 4655 2683 4726 quod
2740 4655 3006 4711 domina:
3068 4657 3321 4726 hincque,
3377 4655 3627 4711 confusio

342 4762 409 4802 ac
439 4764 641 4805 [ηκτοι-
665 4762 890 4804 exortus
913 4751 1063 4805 omni
1087 4751 1467 4808 consolatione
1498 4754 1694 4822 major.

419 4841 496 4895 ιη,
523 4840 686 4893 Ἀλλά
715 4843 783 4910 τῇ
820 4839 1023 4913 Θέκλᾳ,
1047 4842 1143 4895 καὶ
1180 4843 1387 4896 τούτων
1434 4845 1758 4915 γινομένων,
1781 4847 1940 4919 ὀλίγη

343 4933 571 5005 φροντίς
593 4950 608 4965 ·
637 4931 747 4986 τῶν
781 4932 961 4985 αὐτῶν
987 4932 1042 4984 δὲ
1078 4932 1283 5003 εἴχετο,
1329 4937 1426 4988 καὶ
1455 4936 1553 5004 τῆς
1593 4936 1813 5007 θυρίδος
1840 4939 1936 4991 οὐ·

342 5027 536 5100 δαμῶς
570 5025 856 5096 ἀφίστατο,
889 5026 983 5079 ml
1022 5025 1073 5079 ei.
1100 5024 1316 5080 Παύλου
1344 5027 1497 5097 λόγοι
1518 5029 1719 5100 μελέτη
1752 5029 1930 5103 ταύτῃ

340 5120 619 5192 διηνεκής.
653 5118 713 5173 '0
743 5118 994 5189 Θάμυρις
1029 5113 1147 5185 οὖν,
1174 5119 1331 5183 εἰδὼς
1394 5120 1471 5182 ὡς
1505 5122 1788 5193 ἀνονήτοις
1815 5125 1937 5176 ἐπι-

342 5215 545 5283 χειρεῖ,
562 5211 729 5281 ζήλου
756 5209 982 5281 πικροῦ,
1008 5209 1185 5280 θυμοῦ
1224 5228 1285 5264 τε
1319 5213 1414 5265 καὶ
1462 5212 1637 5284 ὀργῆς
1685 5213 1939 5268 ἐντεῦθεν

344 5304 747 5375 ὑποπλησθεὶς,
789 5306 1041 5376 πρόεισιν
1092 5304 1200 5373 ἔξω
1252 5309 1396 5361 κατά
1435 5307 1700 5379 ἄμφοδον,
1741 5310 1840 5364 καὶ
1869 5306 1936 5382 ἦν

342 5396 492 5450 οὕτω
534 5398 901 5468 παρατηρῶν,
944 5398 1031 5462 τίς
1074 5414 1135 5451 τε
1188 5397 1328 5469 πρὸς
1358 5400 1448 5452 τὸν
1483 5401 1695 5455 Παῦλον
1735 5404 1917 5467 είσίοι,

256 5524 263 5533 ι
344 5490 444 5544 καὶ
472 5489 559 5555 τίς
582 5489 879 5561 ἐξέρχοιτο.
905 5490 1015 5544 Καὶ
1040 5488 1106 5561 δὴ
1125 5489 1221 5544 δύο
1242 5492 1398 5555 τινὰς
1436 5492 1541 5564 ὁρᾷ
1583 5493 1934 5564 μαχομένους

343 5584 490 5655 πρὸς
527 5582 796 5655 ἀλλήλους
837 5600 899 5636 τε
943 5584 1037 5637 ml
1080 5583 1497 5650 στασιάζοντας.
1550 5587 1742 5657 Δημᾶς
1786 5580 1936 5641 οὗτοι

346 5681 442 5732 καὶ
486 5677 823 5748 Ἑρμογένης
853 5672 1024 5748 ἦσαν⁸
1062 5676 1157 5741 οὓς
1183 5680 1211 5732 ό
1236 5678 1395 5748 λόγος
1418 5679 1632 5747 φθάσας
1663 5681 1931 5751 ὲδήμησε,

347 5772 445 5823 καὶ
473 5770 622 5831 ὅπως
664 5770 859 5840 Παύλῳ
901 5769 999 5841 μὲν
1033 5770 1274 5837 εἵποντο,
1300 5771 1501 5843 ἥκιστα
1522 5772 1581 5826 δὲ
1620 5771 1696 5842 τῷ
1719 5772 1928 5826 ἐκείνου

352 5862 454 5929 βίῳ
525 5861 869 5915 συνείποντο·
902 5855 982 5926 οἷς
1022 5864 1114 5917 καὶ
1144 5864 1171 5916 ὁ
1209 5861 1462 5934 Θάμυρις
1528 5863 1785 5935 ἐντυχὼν,
1838 5865 1933 5919 ml

2042 4897 2046 4900 .
2111 4844 2200 4898 111.
2234 4844 2505 4897 Caeterum
2529 4839 2746 4896 Thecla:
2776 4854 2943 4909 parva
2966 4840 3130 4896 etiam
3163 4841 3623 4896 horumomnium

2041 4953 2190 4997 cura,
2221 4944 2278 4990 et
2308 4937 2362 4990 in
2397 4934 2482 4998 iis,
2510 4949 2632 5004 quae
2659 4941 2925 5004 ceperat,
2960 4947 3318 5003 perseverans
3338 4971 3352 4997 ,
3383 4933 3622 4988 fenestra

2038 5031 2353 5085 nullatenus
2414 5027 2748 5091 absistcbat,
2809 5025 2975 5080 unius
3046 5024 3200 5080 Pauli
3274 5027 3622 5080 sermonibus

2045 5132 2157 5179 tota
2213 5121 2382 5176 animi
2443 5119 2800 5175 contentione
2835 5119 3125 5187 studioque
3184 5117 3417 5173 intenta.
3465 5118 3621 5184 Quod

2043 5217 2135 5271 ubi
2191 5215 2480 5285 Thamyris
2528 5213 2697 5278 videt,
2748 5226 2919 5280 seque
2971 5212 3047 5265 rei
3096 5226 3439 5281 nequaquam
3494 5226 3624 5266 suc-

2039 5324 2277 5363 cessurae
2327 5322 2550 5376 operam
2609 5306 2763 5367 dare,
2808 5303 2922 5358 aeri
2974 5303 3241 5373 zelotypia
3284 5313 3451 5373 atque
3510 5302 3622 5358 ira-

2041 5401 2241 5455 cundia
2282 5399 2590 5468 perculsus,
2656 5396 2802 5452 foras
2853 5396 2908 5451 in
2965 5395 3198 5466 plateam
3257 5395 3621 5466 progreditur,

2037 5494 2162 5562 quis
2190 5490 2255 5544 ad
2288 5488 2520 5543 Paulum
2549 5488 2803 5549 intraret,
2828 5486 3018 5557 quisve
3057 5487 3181 5543 inde
3211 5487 3405 5548 exiret,
3430 5486 3624 5541 obser-

2038 5599 2176 5639 vans
2207 5600 2220 5637 :
2254 5597 2378 5637 cum
2421 5582 2560 5637 duos
2583 5580 2850 5648 quosdam
2898 5580 3044 5635 inter
3075 5595 3136 5635 se
3164 5580 3543 5650 depugnantes
3567 5588 3623 5633 et

2043 5678 2285 5731 rixantes
2342 5675 2529 5739 videt,
2597 5674 2818 5728 Demam
2868 5688 3066 5742 nempe
3126 5681 3182 5727 et
3229 5671 3623 5742 Hermogenem

2044 5771 2132 5838 (de
2155 5768 2354 5839 quibus
2400 5777 2554 5819 antea
2591 5765 2847 5829 diximus,
2899 5763 3053 5819 Pauli
3097 5764 3318 5832 quidem
3365 5762 3622 5829 asseclas,

2042 5878 2152 5916 non
2191 5862 2317 5916 item
2354 5863 2475 5915 vitae
2503 5860 2805 5915 imitatores
2836 5857 3051 5932 fuisse),
3077 5859 3130 5914 in
3159 5873 3299 5929 quos
3320 5855 3446 5914 cﬁm
3477 5854 3629 5910 Tha-v
