4002 6430
352 421 463 484 899

1529 429 2002 491 MARTYRIUM
2041 433 2104 494 S.
2147 435 2245 496 ΤΗ
2257 439 2491 504 Εεωε.
3147 444 3178 459 ”

3521 436 3628 500 830

353 550 473 598 σας,
495 533 712 590 κελεύει
737 534 963 608 δεθῆναι
1016 537 1108 590 τὸν
1163 537 1394 607 Παῦλον,
1427 545 1522 596 καὶ
1571 543 1716 598 οὓτω
1743 547 1810 614 τῇ
1841 562 1939 614 φυ-

2044 551 2153 606 lum
2191 551 2382 609 vinciri
2435 561 2490 610 et
2536 551 2592 608 in
2642 569 2915 610 carcerem
2967 551 3107 610 tradi
3163 553 3414 622 imperat,
3445 552 3626 622 quoad

348 625 488 696 λακῇ
520 625 766 698 δοθῆναι,
786 626 894 688 ἕως
929 629 997 682 ἂν
1040 629 1206 684 αὑτὸν
1246 630 1390 684 κατὰ
1448 634 1644 706 σχολὴν
1698 637 1934 706 γένηται

347 719 417 774 τὰ
443 717 660 774 ἐκείνου
693 719 954 792 ζητῆσαι.

419 813 511 878 (ζ’.
547 808 614 864 Ἦ
635 811 814 866 Θέκλα
842 812 900 866 δὲ
929 814 1105 870 ταῦτα
1131 815 1404 887 μαθοῦσα,
1437 821 1641 892 σπουδῇ
1679 823 1933 892 περιελο-

349 904 512 987 μένη.
548 905 688 977 ὅπερ
743 901 812 977 ἦν
846 907 986 978 αὐτῇ
1026 908 1227 962 ἐνώτιά
1277 928 1336 964 τε
1389 912 1487 966 καὶ
1543 913 1930 987 περιδέρῤαια,

348 986 445 1051 atat
467 996 752 1068 δρμίσκοι,
775 999 982 1071 χρυσοῦ
1027 1005 1543 1074 κατεσκευασμένα,
1581 1007 1659 1078 τῷ
1695 986 1934 1079 πυλωρῷ

343 1087 448 1156 τῆς
476 1087 658 1151 οἰκίας
686 1087 871 1142 δίδωσι
892 1105 908 1118 °
940 1091 1036 1144 καὶ
1064 1091 1239 1156 οὕτως
1291 1093 1576 1150 ἀκώλυτον
1603 1094 1808 1166 σχοῦσα
1832 1097 1934 1168 τὴν

343 1179 546 1247 ἔξοδον,
583 1183 690 1236 ὑπὸ
719 1181 892 1238 νύκτα
937 1186 1076 1256 πρὸς
1139 1188 1242 1256 τὴν
1291 1186 1545 1258 φυλακὴν
1590 1189 1930 1257 ἀφικνεῖται.

341 1267 482 1326 Εἶτα
519 1273 660 1344 πρὸς
703 1273 800 1328 τοῦ
868 1275 1285 1346 δεσμοφύλακος
1354 1281 1656 1350 κατόπτρῳ
1701 1279 1934 1352 ἀργυρῷ

344 1363 515 1418 πάλιν
541 1367 641 1437 τὴν
665 1364 876 1420 εἴσοδον
906 1369 1210 1440 πριαμένη,
1250 1372 1451 1424 ετσεισι
1501 1372 1641 1442 πρὸς
1678 1372 1771 1426 τὸν
1793 1372 1935 1426 Παῦ-

341 1455 470 1522 λον,
509 1457 606 1511 καὶ
636 1457 916 1513 καθίσασα
949 1463 1103 1532 παρὰ
1134 1463 1264 1527 τοὺς
1293 1461 1460 1516 αὐτοῦ
1498 1463 1688 1529 πόδας,
1713 1464 1932 1533 ἕτοιμον

342 1547 518 1620 ἀκοὴν
541 1549 727 1617 λόγοις
754 1551 950 1619 ἐδίδου,
981 1554 1178 1625 κηρίου
1207 1556 1409 1619 παντὸς
1433 1555 1528 1609 καὶ
1559 1556 1776 1626 μέλιτος
1799 1556 1931 1626 ἡδυ-

341 1640 550 1712 τὲροις,
584 1643 681 1696 καὶ
709 1640 837 1697 οὔτε
869 1644 948 1714 τῷ
976 1645 1176 1716 Παύλῳ
1212 1646 1334 1709 δέος
1360 1641 1430 1716 ἦν
1475 1648 1571 1700 τοῦ
1606 1647 1800 1702 παθεῖν
1832 1663 1932 1700 κα-

345 1734 498 1797 κῶς*
531 1734 750 1806 ἐκείνης
787 1755 848 1790 τε
907 1738 942 1808 ἡ
1007 1737 1197 1802 πίστις
1251 1737 1475 1808 ηὔξανε,
1519 1737 1932 1810 καταφιλούσης

345 1825 518 1879 αὑτοῦ
538 1827 608 1880 τὰ
638 1828 840 1899 δεσμά.
876 1827 1101 1902 Ἐπειδὴ
1177 1828 1236 1884 δέ
1297 1832 1414 1900 ἅμα
1465 1830 1612 1900 πρωῒ
1683 1833 1933 1902 ἐζητεῖτο

343 1917 524 1972 Θέκλα
551 1918 658 1973 ὑπὸ
677 1921 788 1975 τῶν
820 1921 1042 1976 οίκείων
1069 1939 1129 1976 τε
1170 1923 1264 1976 καὶ
1298 1923 1633 1996 Θαμύριδος,
1669 1920 1765 1980 an
1795 1927 1932 1980 ἀπο-

345 2009 576 2082 λομένη,
610 2011 874 2068 καὶκατὰ
898 2015 999 2078 τὰς
1025 2014 1180 2080 ὁδοὺς
1225 2015 1502 2082 ἐδιώκετο,
1533 2015 1630 2070 καί
1679 2035 1766 2080 τις
1816 2017 1930 2072 τῶν

339 2103 656 2174 ὁμοδούλων
685 2105 780 2160 τοῦ
808 2105 1073 2176 πυλωροῦ
1098 2108 1159 2162 τὸ
1193 2109 1418 2179 γεγονὸς
1465 2108 1688 2179 μηνύει,
1730 2110 1813 2164 ὅτι
1840 2111 1935 2163 νύ-

341 2211 498 2266 κτωρ
527 2195 760 2264 ἐξέλθοι,
793 2199 894 2253 καὶ
927 2201 954 2254 ὁ
1001 2199 1278 2270 πυλωρὸς,
1328 2199 1641 2266 ἐξετάσεως
1661 2201 1936 2271 ἀνάγκαις

341 2287 704 2358 παραδοθεὶς,
729 2289 956 2362 εἴρηκεν
978 2289 1062 2344 ὄτι
1086 2290 1224 2362 πρὸς
1247 2291 1341 2345 τὸν
1374 2291 1526 2357 ξένον
1570 2293 1781 2348 ἐκεῖνον
1824 2295 1936 2350 ἁπ-

339 2379 506 2446 ἕλθοι,
535 2383 628 2436 τδν
658 2383 716 2435 ἐν
748 2383 1024 2454 φυλακαῖς
1075 2385 1453 2456 τηρούμενον,
1491 2385 1722 2440 ἀπίασιν
1771 2387 1936 2451 εὐθὺς

345 2471 433 2534 είς
451 2469 515 2524 τὺ
532 2468 937 2543 δεσμωτήριον,
978 2475 1072 2528 καὶ
1134 2475 1456 2546 εὑρίσκουσι
1496 2477 1706 2547 ταύτην
1729 2479 1934 2550 τρόπον

341 2560 471 2615 τινὰ
501 2561 725 2632 δεσμοῖς
750 2562 921 2617 πόθου
974 2562 1056 2634 τῷ
1092 2565 1292 2636 Παύλῳ
1357 2567 1776 2638 συνδεδεμένην.
1825 2571 1936 2624 Καὶ

345 2653 518 2723 μηδὲν
549 2655 748 2709 τούτου
781 2654 950 2710 πλέον
977 2656 1251 2721 εἰπόντες,
1304 2658 1337 2728 ἢ
1372 2659 1696 2728 δράσαντες,
1754 2659 1933 2726 ἐξίασι

340 2744 510 2798 πάλιν
525 2761 543 2778 ⁸
579 2741 701 2800 εἶτα
725 2747 857 2812 τοὺς
879 2747 1073 2818 ὄχλους
1097 2749 1569 2819 ἐπισπασάμενοι,
1589 2751 1750 2822 δῆλον
1773 2752 1934 2806 τοῦτο

337 2835 423 2908 τῷ
485 2839 722 2908 ἡγεμόνι
748 2839 993 2906 ποιοῦσι,
1021 2841 1116 2894 καὶ
1161 2841 1222 2904 δς
1256 2842 1352 2895 ἐπὶ
1402 2822 1476 2894 ¹τὸ
1525 2841 1681 2914 βῆμα
1721 2843 1933 2898 κελεύει

337 2927 435 2980 τὸν
465 2927 681 2982 Παῦλον
702 2927 957 2998 ἄγεσθαι.
1001 2929 1066 2986 Ἦ
1088 2931 1270 2986 Θέκλα
1293 2931 1371 2996 δέ,
1412 2934 1488 2996 ὡς
1514 2933 1932 3004 ἀπολειφθεῖσα,

339 3019 620 3074 πενθοῦσα
653 3015 744 3095 ἦν,
771 3023 871 3077 καὶ
904 3022 1045 3094 πρὸς
1071 3023 1152 3094 τῷ
1197 3022 1354 3093 τόπῳ
1389 3023 1714 3097 κυλιομένη,
1751 3030 1810 3082 ἐν
1837 3021 1880 3096 ᾧ
1903 3030 1932 3082 ὀ

341 3110 558 3176 Παῦλος
584 3113 900 3184 καθήμενος
932 3115 1176 3168 ἐποιεῖτο
1230 3115 1333 3186 τὴν
1379 3117 1624 3189 διδαχὴν.
1693 3119 1932 3173 Ἔπειτα

2041 643 2214 698 otium
2249 643 2349 714 ipsi
2401 655 2566 710 esset,
2605 643 2676 700 de
2725 645 2876 700 hisce
2919 645 2986 700 ad
3047 643 3198 700 illum
3249 641 3626 714 spectantibus

2041 737 2278 806 amplius
2311 737 2648 806 inquirendi.

2114 827 2202 882 Vl.
2265 825 2476 894 Quibus
2535 825 2855 894 intellectis,
2918 823 3123 880 Thecla
3175 823 3384 894 ingenti
3439 819 3624 877 studio

2040 919 2284 984 incitata,
2318 935 2453 989 quas
2485 919 2724 975 habebat
2786 918 3009 974 inaures
3054 925 3110 971 et
3152 915 3396 980 collaria,
3432 929 3629 984 parva-

2039 1029 2146 1085 que
2205 1014 2426 1069 monilia
2458 1029 2524 1069 ex
2559 1029 2694 1069 auro
2729 1012 2999 1075 confecta,
3029 1011 3252 1082 janitori
3293 1011 3488 1064 domus
3513 1021 3627 1062 sua:

2039 1105 2188 1160 dono
2253 1105 2370 1171 dat,
2413 1113 2578 1175 alque
2621 1105 2696 1159 ita
2743 1103 2978 1159 liberum
3029 1103 3233 1157 exitum
3318 1107 3496 1161 nacta,
3557 1097 3641 1150 de-

2041 1208 2202 1253 nocte
2249 1199 2318 1254 ad
2363 1213 2639 1252 carcerem
2734 1197 2948 1252 accedit
3011 1213 3026 1252 :
3081 1193 3174 1249 ubi
3236 1207 3266 1246 a
3325 1189 3624 1261 praelecto,

2040 1299 2306 1358 argenteo
2354 1306 2552 1346 rursus
2601 1290 2828 1361 speculo
2865 1289 3074 1344 aditum
3125 1293 3510 1345 commercata,
3557 1279 3626 1334 ad

2040 1379 2270 1435 Paulum
2307 1377 2618 1449 ingreditur
2660 1397 2674 1434 :
2705 1379 2774 1434 ad
2805 1379 2964 1447 cujus
2991 1376 3160 1448 pedes
3187 1373 3406 1436 sedens,
3443 1369 3626 1424 verbis

2039 1473 2160 1544 ejus
2189 1471 2340 1530 omni
2369 1471 2492 1526 favo
2529 1479 2586 1526 et
2624 1469 2788 1526 melle
2829 1467 3172 1525 dulcioribus
3198 1472 3436 1520 attentas
3463 1476 3626 1516 aures

2040 1563 2340 1636 praebebat.
2396 1563 2586 1634 Neque
2617 1561 2790 1618 Paulo
2819 1562 3030 1616 interea
3073 1565 3253 1613 metus
3280 1562 3398 1609 erat
3434 1551 3628 1608 durius

2038 1657 2244 1730 aliquid
2293 1656 2659 1728 perpetiendi,
2693 1664 2747 1710 et
2793 1653 2958 1724 hujus
3011 1651 3172 1716 ﬁdes,
3234 1645 3449 1704 vincula
3489 1658 3628 1715 quo-

2041 1741 2150 1824 que
2181 1753 2306 1824 ejus
2358 1749 2754 1813 exosculantis,
2785 1748 2957 1820 magis
2991 1747 3274 1817 magisque
3300 1746 3624 1812 augebatur.

2041 1845 2178 1901 Cum
2237 1852 2422 1900 autem
2475 1843 2643 1898 simul
2689 1857 2758 1896 ac
2801 1841 2913 1911 jam
2970 1837 3276 1898 diluxisset,
3322 1849 3353 1887 a
3409 1827 3628 1886 fatimlis

2039 1938 2370 1994 domesticis
2423 1945 2480 1992 et
2537 1934 2876 2006 Thamyride
2914 1930 3140 1996 Thecla,
3191 1919 3454 1998 tanquam
3501 1937 3626 1992 per-

2038 2027 2170 2092 dita,
2200 2041 2300 2096 per
2329 2027 2444 2080 vias
2501 2032 2865 2095 quaereretur,
2911 2021 3243 2092 quidamque
3295 2032 3365 2072 ex
3397 2029 3625 2072 conser-

2039 2117 2402 2195 visjanitoris
2437 2117 2644 2174 factum
2697 2116 2989 2178 indicaret,
3045 2111 3192 2182 quod
3240 2109 3329 2164 illa
3363 2107 3626 2174 denocte

2039 2215 2330 2280 exivisset,
2377 2211 2586 2283 janitor
2649 2208 2942 2281 quaestioni
3003 2205 3258 2269 traditus,
3315 2201 3384 2257 ad
3435 2212 3625 2254 senem

2038 2309 2216 2372 illum,
2269 2306 2361 2377 qui
2406 2305 2462 2360 in
2517 2319 2744 2359 carcere
2799 2299 3155 2362 attinebatur,
3213 2295 3412 2351 adiisse
3463 2290 3623 2349 dixit.

2036 2399 2124 2454 llli
2183 2397 2434 2469 protinus
2495 2397 2566 2450 ad
2629 2408 2906 2450 carcerem
2961 2391 3248 2454 abeuntes,
3339 2382 3627 2440 inveniunt

2037 2489 2184 2546 illam
2219 2486 2480 2546 desiderii
2509 2484 2746 2542 vinculis
2809 2483 2979 2538 Paulo
3021 2477 3426 2552 quodammodo
3466 2473 3626 2530 colli-

2043 2591 2250 2654 gatam,
2295 2580 2546 2649 nihilque
2587 2586 2700 2632 tum
2737 2576 2974 2644 amplius
3000 2573 3250 2630 dicentes
3275 2577 3371 2624 aut
3414 2567 3622 2622 facien-

2041 2684 2142 2740 tes,
2175 2687 2394 2728 rursum
2441 2677 2664 2734 exeunt,
2692 2677 2748 2724 et
2792 2665 3140 2722 multitudine
3185 2662 3252 2718 ad
3285 2676 3344 2716 se
3370 2667 3626 2723 attracta,

2039 2785 2151 2822 rem
2179 2777 2348 2822 totam
2382 2764 2598 2835 praesidi
2625 2763 2872 2817 indicant
2916 2758 3044 2830 :qui
3087 2757 3322 2813 Paulum
3353 2755 3418 2809 ad
3446 2751 3622 2807 tribu-

2039 2860 2125 2914 nal
2173 2859 2259 2930 agi
2288 2857 2464 2927 jubet.
2519 2855 2728 2911 Thecla
2771 2852 2990 2908 interim
3030 2857 3286 2920 tanquam
3338 2843 3620 2905 derelicta,

2039 2951 2094 3004 in
2147 2965 2387 3006 mrerore
2437 2963 2578 3014 esse,
2635 2955 2690 3000 et
2741 2944 2795 3000 in
2837 2945 2980 3006 loco,
3043 2941 3134 2996 ubi
3189 2938 3389 2993 Paulus
3423 2934 3622 2991 sedens

2038 3045 2332 3105 docuerat,
2363 3039 2621 3096 volutari.
2654 3036 2868 3093 Deinde
2917 3050 3042 3090 cum
3089 3047 3290 3104 prmscs
3313 3029 3458 3082 illam
3483 3041 3622 3096 quo-

2037 3153 2142 3205 que
2192 3135 2388 3190 adduci
2443 3133 2726 3204 juSsisset,
2787 3143 2896 3183 non
2973 3127 3210 3197 aspexit,
3267 3121 3622 3176 celeberrima
3722 3159 3734 3168 .

339 3201 702 3268 κελεύσαντος
730 3205 826 3258 τοῦ
861 3206 1135 3278 ἡγεμόνος
1173 3209 1266 3260 καὶ
1309 3207 1480 3278 αὐτὴν
1522 3210 1783 3280 ἀχθῆναι,
1825 3212 1928 3264 οῦκ

2041 3229 2155 3283 iure
2191 3227 2366 3296 virgo,
2407 3226 2474 3280 ad
2504 3233 2778 3280 naturam.
2825 3222 2972 3290 quod
3011 3217 3212 3272 iemiua
3255 3221 3401 3269 esset
3463 3229 3478 3266 :
3525 3210 3622 3265 sed

339 3295 651 3367 ἀπέϐλεψεν
695 3299 730 3368 ἡ
771 3299 1020 3370 ἄοίδιμος
1061 3300 1202 3371 πρὸς
1254 3301 1357 3373 τὴν
1419 3302 1606 3370 φύσιν,
1663 3305 1749 3356 ὅτι
1789 3305 1928 3376 γυνὴ

337 3385 440 3462 ἦν*
475 3391 594 3445 ἀλλ’
631 3393 768 3446 αὑτὸ
793 3393 855 3446 τὸ
886 3396 1026 3464 μετὰ
1067 3395 1306 3462 Παύλου,
1346 3397 1378 3467 ἢ
1419 3397 1620 3466 μᾶλλον
1653 3398 1742 3452 διὰ
1779 3397 1929 3452 Παῦ-

337 3482 453 3547 λον,
477 3482 947 3554 κολασθήσεσθαι,
979 3485 1182 3557 πολλὴν
1215 3487 1353 3556 αὐτῇ
1385 3489 1559 3542 ἐδίδου
1603 3489 1702 3560 τὴν
1737 3491 1928 3563 ἡδονὴν

337 3575 432 3629 καὶ
464 3573 566 3648 τὴν
608 3575 884 3632 εὔκλειαν.
928 3577 988 3632 '0
1046 3580 1235 3650 μέντοι
1289 3580 1470 3650 ὄχλος,
1521 3583 1930 3652 προσαχθέντος

336 3667 506 3723 πάλιν
529 3667 624 3722 τοῦ
658 3669 898 3735 Παύλου,
953 3670 1162 3726 πλείονι
1191 3671 1491 3742 ἐκέχρηντο
1521 3677 1586 3745 τῇ
1626 3675 1747 3747 βοῇο
1787 3673 1928 3746 Γόης

336 3761 478 3829 ἐστὶ,
499 3761 776 3830 λέγοντες,
805 3763 937 3836 ἐρῤε
986 3765 1200 3819 τοῦτον.
1263 3765 1412 3834 Πλὴν
1451 3767 1512 3819 ού
1546 3766 1750 3837 ῥᾳδίως
1781 3767 1929 3821 ἔπει-

339 3855 431 3908 θον
453 3871 468 3886 ο
505 3854 807 3926 ἀνθυπάτῳ
861 3855 972 3926 γὰρ
1007 3857 1465 3928 ἐσπουδάσθησαν
1513 3861 1561 3912 οἱ
1589 3859 1684 3912 τοῦ
1711 3861 1927 3914 Παύλου

337 3949 510 4018 λόγοι,
557 3949 656 4002 καὶ
693 3947 868 4018 ἡδέως
921 3947 1089 4002 αὑτοῦ
1146 3949 1368 4018 ἡκουεν,
1424 3952 1509 4018 ἐτ’
1567 3948 1650 4015 οἷς
1707 3953 1925 4021 ὡμίλει,

338 4045 467 4114 περῖ
504 4044 616 4098 τῶν
654 4043 820 4098 ὁσίων
860 4041 954 4096 τοῦ
990 4043 1232 4114 Χριστοῦ
1290 4043 1490 4112 ἔργων.
1559 4046 1813 4108 Καλέσας
1872 4045 1928 4099 δὲ

337 4135 436 4206 τὴν
459 4134 697 4200 Θέκλαν,
747 4135 847 4190 Διά
891 4135 966 4201 τί,
1031 4135 1239 4204 ἔλεγεν,
1313 4137 1375 4188 ού
1430 4140 1586 4208 γαμῇ
1653 4137 1928 4209 θαμύριδι

335 4227 477 4280 κατὰ
532 4229 626 4279 τὴν
682 4227 951 4280 Ἰκονιὲων
1004 4227 1207 4295 νόμον;
1272 4226 1453 4281 Θέκλα
1510 4229 1569 4282 δὲ
1613 4228 1928 4284 ἀνθύπατον

338 4320 438 4389 μέν
461 4319 649 4382 αὐτοῖς
723 4319 954 4390 ῥήμασι,
1017 4317 1116 4371 καὶ
1185 4317 1268 4390 τῷ
1341 4322 1440 4390 τῆς
1521 4321 1695 4392 ἀρχῆς
1753 4321 1926 4392 ὄγκῳ,

338 4409 538 4480 μικρδν
571 4408 736 4462 ἐτίθει
792 4411 886 4462 καὶ
936 4410 998 4462 τὸ
1035 4408 1236 4478 τυχόνο
1275 4410 1400 4462 ὅθεν
1427 4409 1554 4464 οὐδὲ
1587 4412 1926 4480 ἀπεκρίνατό

332 4515 387 4556 τι
413 4503 550 4573 πρλος
587 4502 752 4557 αὑτὸν
785 4502 1155 4572 τοπαράπαν
1183 4503 1398 4558 Παῦλον
1436 4504 1494 4558 δὲ
1525 4500 1594 4574 ἦν
1634 4503 1772 4568 ὄλως
1795 4506 1926 4559 ἅτε-

2041 3319 2143 3370 hoc
2178 3318 2354 3386 ipsum
2413 3311 2561 3382 quod
2621 3327 2744 3365 cum
2777 3307 2971 3372 Paulo,
3020 3308 3102 3359 vel
3163 3303 3344 3374 potius
3400 3305 3623 3370 propter

2035 3406 2290 3469 Paulum,
2327 3419 2518 3476 pinnas
2565 3411 2711 3457 esset
2763 3401 2981 3461 datura,
3035 3405 3093 3450 ut
3137 3397 3194 3450 in
3250 3409 3310 3448 re
3359 3391 3622 3462 praeclara

2035 3513 2284 3572 magnam
2327 3497 2400 3550 illi
2433 3493 2602 3550 animi
2647 3492 2980 3547 alacritatem
3029 3487 3280 3542 addebat.
3315 3483 3496 3536 Turba
3523 3495 3624 3534 au-

2036 3574 2171 3656 tem,
2202 3605 2420 3644 rursum
2463 3586 2730 3657 producto
2751 3583 2944 3647 Paulo,
2996 3593 3190 3651 magna
3225 3575 3620 3632 vociferatione

2034 3703 2153 3750 usa,
2209 3679 2578 3752 Pratstigiator
2629 3683 2734 3744 est,
2760 3677 3036 3746 inquiunt,
3080 3679 3286 3742 pereat.
3344 3669 3618 3724 Caeterum

2034 3795 2145 3835 non
2181 3777 2342 3832 facile
2393 3773 2538 3844 quod
2603 3770 2884 3834 volebant,
2953 3764 3268 3839 proconsuli
3330 3775 3620 3832 persuase-

2033 3880 2184 3937 runt,
2237 3869 2325 3924 cui
2364 3865 2513 3920 Pauli
2576 3879 2887 3918 sermocum
2971 3858 3154 3915 studio
3225 3855 3616 3927 accipiebatur,

2033 3967 2385 4033 libenterque
2434 3960 2720 4022 audiebat,
2779 3973 2901 4027 quae
2928 3957 3016 4011 ille
3079 3955 3146 4010 de
3191 3954 3362 4010 sacris
3390 3952 3554 4006 rebus
3588 3969 3616 4002 :t

2033 4054 2257 4112 Christo
2281 4053 2702 4124 gestisipublice
2739 4049 3069 4105 disserebat.
3097 4035 3400 4100 Advocata‘
3429 4051 3613 4096 autem

2033 4139 2260 4211 Thecla,
2297 4146 2431 4210 Cur,
2469 4142 2666 4212 inquit,
2710 4138 3029 4211 Thamyridi
3065 4139 3218 4210 juxta
3253 4135 3618 4190 lconiensium

2031 4239 2206 4310 legem
2258 4253 2370 4294 non
2410 4235 2607 4290 nubis?
2642 4232 2848 4288 Thecla
2887 4246 3020 4286 vero
3061 4227 3448 4300 proconsulem
3491 4239 3618 4279 cum

2031 4329 2148 4385 suis
2210 4329 2331 4384 istis
2359 4326 2562 4393 verbis,
2611 4324 2841 4395 ipsoque
2892 4323 3028 4377 adeo
3051 4321 3402 4390 magistratus
3453 4315 3621 4383 fastu,

2031 4439 2132 4495 pro
2157 4437 2328 4493 parvo
2355 4435 2490 4476 sane
2522 4435 2592 4474 ac
2619 4418 2714 4474 vili
2761 4416 2996 4472 habebat
3029 4432 3043 4470 :
3081 4414 3153 4468 ita
3187 4421 3246 4466 ut
3289 4425 3360 4465 ne
3389 4409 3614 4464 verbum

2029 4516 2251 4586 quidem
2301 4513 2381 4568 illi
2424 4511 2805 4582 responderet,
2853 4509 2920 4563 ad
2967 4506 3194 4562 Paulum
3237 4503 3618 4560 indesinenter

335 4596 442 4661 νῶς
473 4596 774 4667 βλέπουσα,
801 4595 998 4666 ὥσπερ
1026 4597 1092 4648 ἐκ
1123 4596 1316 4650 τούτου
1356 4596 1541 4666 μόνου,
1588 4597 1684 4650 τοῦ
1715 4599 1921 4652 ἐκεῖνον

2038 4607 2257 4664 omnino
2285 4605 2530 4668 intuens,
2563 4612 2822 4673 tanquam
2842 4603 2887 4656 si
2921 4617 2986 4655 ex
3012 4600 3132 4653 solo
3164 4598 3284 4666 ejus
3315 4606 3617 4668 conspectu

332 4691 488 4762 δρᾷν,
508 4691 570 4743 τδ
589 4689 854 4745 ἀναπνεῖν
885 4688 1086 4760 ἔχουσα
1137 4690 1234 4743 καὶ
1259 4689 1320 4742 τὸ
1350 4689 1472 4760 ζῇν.
1509 4687 1774 4742 Θεοκλεία
1800 4688 1858 4742 δὲ
1889 4691 1922 4760 ή

339 4785 524 4854 μήτηρ
557 4781 732 4852 αὐτῆς
772 4780 958 4852 ὁρῶσα
1002 4780 1197 4844 ταῦτα,
1234 4782 1332 4835 καὶ
1381 4781 1460 4852 τῷ
1504 4781 1725 4852 θυμικῷ
1777 4781 1924 4850 σάλῳ

334 4877 430 4929 καὶ
465 4875 632 4928 αὐτοῦ
678 4871 776 4926 τοῦ
807 4869 951 4928 εἶναι
987 4875 1170 4946 μήτηρ
1217 4873 1589 4945 ἐκλαθομένη,
1631 4874 1922 4929 Κατάκαιε

329 4967 678 5033 τ“ν,ἄνομον,
713 4965 891 5034 ἔλεγε,
937 4965 1212 5020 κατάκαιε
1239 4967 1334 5020 τλν
1359 4968 1631 5038 ἄνυμορον,
1671 4970 1728 5020 ἐν
1768 4969 1922 5039 μέσῳ

323 5058 425 5120 ειοῦ
459 5059 680 5112 σταδίου
715 5059 808 5112 καὶ
847 5057 942 5112 τοῦ
979 5058 1240 5130 θεάτρου.

399 5151 478 5204 Ζ’.
511 5149 759 5204 Ἔπαθεν
775 5145 871 5204 οὖν
895 5149 996 5220 τὴν
1020 5149 1201 5221 ψυχὴν
1232 5148 1328 5204 καὶ
1347 5153 1373 5204 ὁ
1395 5150 1622 5222 ἡγεμὼν
1647 5151 1918 5218 ἐκτόπως,

326 5243 422 5294 καὶ
453 5233 568 5302 τοῖς
607 5237 753 5303 ὅλοις
789 5239 1116 5312 ἀπορηθεὶς,
1139 5242 1231 5294 τὸν
1277 5241 1376 5312 μὲν
1417 5241 1632 5296 Παῦλον
1679 5241 1919 5312 φλαγελ-

325 5329 534 5395 λώσας,
575 5329 836 5384 ἐκϐάλλει
867 5333 966 5401 τῆς
999 5331 1211 5396 πόλεως
1255 5350 1269 5365 ·
1304 5331 1514 5387 Θέκλαν
1541 5333 1600 5387 δὲ
1643 5334 1918 5405 πυρίκαυ-

327 5439 456 5476 στον
521 5423 779 5490 γενέσθαι
845 5423 1227 5489 καταδικάζει.
1317 5425 1490 5488 Αὐτὸς
1537 5425 1594 5479 δὲ
1650 5427 1912 5491 ἀναστὰς,

326 5516 592 5585 ἠπείγετο
620 5517 762 5587 πρὸς
793 5516 857 5570 τὸ
885 5517 1138 5590 θέατρον,
1169 5518 1269 5572 καὶ
1328 5521 1437 5583 πᾶς
1465 5520 1522 5572 δὲ
1551 5521 1579 5572 ὁ
1601 5519 1758 5590 ὄχλος
1823 5522 1917 5574 ἐπὶ

323 5608 426 5678 τὴν
455 5609 585 5662 θέαν
613 5608 821 5682 ταύτην
849 5611 1020 5684 ἐξῄει.
1077 5611 1141 5666 Ἦ
1171 5611 1352 5666 Θέκλα
1392 5613 1580 5683 μέντοι
1615 5611 1690 5676 ὡς
1741 5611 1916 5683 ἀμνὸς

325 5699 384 5752 ἐν
413 5697 614 5770 ἐρήμῳ
668 5697 765 5752 τὸν
801 5701 1057 5770 ποιμένα,
1089 5700 1264 5764 οὕτως
1293 5703 1434 5766 αὐτῇ
1496 5701 1710 5756 Παῦλον
1757 5719 1914 5772 περι-

324 5791 612 5846 σκοποῦσα
653 5787 752 5865 ἦν*
786 5793 881 5845 καὶ
917 5793 1063 5848 οὕτω
1117 5794 1528 5866 περιόλεπούσῃ
1565 5795 1912 5862 ἐπιφαίνεται

325 5885 641 5958 καθήμενος
690 5887 719 5940 δ
757 5887 1016 5958 Χριστὸς,
1069 5887 1284 5942 Παῦλον
1325 5887 1785 5960 ὑποκρινάμενος.
1847 5888 1909 5941 'll

2037 4698 2336 4768 respiraret
2378 4711 2443 4750 ac
2490 4695 2723 4749 viveret.
2779 4691 2912 4758 Quae
2959 4693 3090 4746 dum
3141 4688 3415 4744 Theoclea
3445 4695 3620 4740 mater

2034 4789 2156 4859 ejus
2210 4787 2378 4851 videt,
2413 4785 2712 4840 iracundiae
2771 4793 2905 4838 aestu
2949 4785 3020 4837 ita
3052 4783 3272 4854 agitata,
3303 4789 3362 4834 ut
3387 4789 3618 4832 matrem

2031 4881 2258 4936 omnino
2283 4895 2342 4934 se
2362 4895 2485 4935 esse
2513 4878 2948 4941 oblivisceretur,
2979 4874 3104 4940 Ure,
3129 4873 3324 4944 inquit,
3351 4873 3616 4942 exlegem,

2033 4989 2130 5028 ure
2160 4973 2404 5044 conjugii
2437 4973 2648 5028 hostem
2681 4971 2734 5024 in
2773 4969 2953 5024 medio
2983 4967 3137 5032 circi,
3169 4967 3288 5022 sive
3317 4964 3544 5020 theatri.

2101 5151 2216 5210 VII.
2253 5149 2464 5206 Prases
2493 5151 2712 5206 interim
2753 5164 2919 5219 supra
2977 5147 3200 5202 modum
3253 5143 3441 5200 animo
3498 5151 3618 5199 tur-

2031 5247 2213 5311 batus,
2257 5253 2313 5300 et
2337 5244 2551 5300 consilii
2601 5243 2780 5313 inops,
2837 5240 3058 5294 Paulum
3090 5239 3422 5310 ﬂagellatam
3477 5236 3614 5292 urbe

2028 5339 2198 5410 ejicit,
2281 5339 2542 5401 Theclam
2622 5351 2752 5390 vero
2798 5333 2906 5405 igni
2952 5333 3286 5390 exurendam
3353 5331 3614 5386 condem-

2027 5439 2126 5486 nat
2159 5449 2174 5488 :
2207 5429 2631 5501 surgensqucin
2676 5428 2974 5490 theatrum,
3027 5442 3132 5480 una
3183 5439 3306 5478 cum
3361 5433 3471 5478 tota
3521 5421 3611 5476 illa

2029 5519 2401 5583 multitudine,
2455 5518 2522 5573 ad
2599 5517 2706 5572 tale
2747 5515 3119 5586 spectaculum
3191 5515 3426 5570 festinus
3478 5513 3611 5568 exit.

2027 5611 2250 5666 Interim
2287 5619 2346 5664 ut
2375 5623 2549 5680 agnus
2593 5611 2646 5661 in
2702 5609 2822 5662 loco
2848 5607 3068 5661 deserto
3101 5605 3168 5659 ad
3212 5619 3372 5658 suum
3429 5613 3614 5674 pasto-

2027 5719 2166 5765 rem,
2199 5703 2275 5756 ita
2307 5702 2511 5757 Thecla
2562 5701 2629 5756 ad
2681 5698 2908 5753 Paulum
2937 5696 3314 5768 aSpiciendum
3375 5697 3613 5752 circum-

2025 5810 2244 5864 quaque
2270 5795 2460 5850 oculos
2516 5791 2770 5848 intendit.
2809 5789 2962 5858 Quod
2996 5789 3126 5845 dum
3172 5789 3322 5857 iacit,
3359 5787 3610 5844 Christus

2025 5885 2177 5942 Pauli
2241 5885 2415 5942 forma
2471 5884 2793 5954 assimilata,
2858 5882 3059 5941 sedens
3115 5881 3296 5940 eidem
3352 5889 3606 5953 apparet.
