4002 6438
392 395 493 460 831

1626 397 1913 461 MENSIS
1954 394 2436 461 SEPTEMBEH.

3567 387 3666 449 se

393 508 534 562 Tum
560 506 649 561 illa
680 506 824 561 intra
864 522 923 563 se
959 523 971 561 :
1006 506 1162 574 Quod
1207 507 1412 574 animo,
1449 509 1649 577 inquit,
1688 524 1797 564 non
1846 508 1978 563 satis

2090 512 2137 562 δὲ
2181 508 2301 561 καθ’
2346 507 2572 576 ἑαυτὴν,
2617 501 2692 567 ὡς
2752 500 3080 573 μικροψύχῳ
3137 500 3361 563 πάντως
3403 493 3540 569 οῦση
3580 500 3668 551 καὶ

380 606 592 670 magno
645 614 709 653 ac
768 614 1035 669 generoso
1091 600 1216 666 sim,
1258 600 1463 654 idcirco
1513 599 1712 655 Paulus
1743 615 1803 654 se
1841 599 1975 653 mihi

395 691 847 760 conspiciendum
885 690 1068 753 offert,
1103 691 1343 760 dumque
1389 692 1601 746 intente
1672 692 1822 746 illum
1895 693 1981 745 iu-

400 788 606 839 tuetur,
635 778 751 846 ipsa
781 777 1022 841 vidente,
1055 776 1107 831 in
1131 778 1303 833 cmlos
1347 779 1461 833 abit
1496 798 1508 831 :
1544 780 1728 847 pueris
1757 780 1974 833 interim

400 881 454 925 et
509 868 814 940 virginibus
855 871 1001 940 ligna
1038 879 1094 923 et
1135 870 1384 936 herbam,
1445 872 1511 925 ad
1547 871 1804 925 Theclam
1847 887 1983 926 exu-

394 962 647 1025 rendam,
678 963 1174 1030 comportantibus,
1202 979 1325 1033 quin
1355 974 1408 1017 ut
1433 963 1578 1017 nuda
1607 959 1830 1018 inducta
1856 964 1981 1029 fuit,

395 1055 653 1125 protinus
722 1056 1011 1125 praesidem
1058 1056 1319 1126 inspecta:
1359 1056 1736 1126 pulchritudo,
1771 1056 1985 1110 format-

392 1162 521 1215 que,
567 1146 882 1214 praestantia
966 1146 1237 1215 percellit,
1302 1146 1820 1215 commiseratioque
1881 1146 1980 1216 ipsi

394 1252 590 1300 magna
642 1238 863 1305 injecta,
895 1238 1039 1307 quod
1102 1239 1224 1292 talis
1254 1239 1404 1308 virgo
1434 1239 1617 1292 statim
1665 1247 1813 1291 esset
1839 1236 1985 1306 peri-

398 1338 542 1393 tura,
571 1329 709 1383 adeo
740 1338 797 1383 ut
852 1330 1017 1383 etiam
1067 1328 1121 1383 in
1160 1333 1425 1400 lacrymas
1460 1329 1778 1384 manifestas
1807 1345 1869 1384 ea
1898 1344 1985 1384 res

398 1408 681 1475 hominem
735 1422 1001 1492 adigeret.
1054 1420 1239 1491 Liguis
1286 1430 1468 1475 autem
1492 1421 1603 1490 jam
1674 1419 1982 1485 substratis,

396 1522 659 1576 tortores,
698 1522 756 1568 ut
797 1514 1215 1574 conscmideret,
1270 1523 1669 1584 praeceperunt,
1715 1528 1986 1568 conscen-

398 1604 481 1657 dit
537 1604 652 1666 illa,
707 1605 878 1677 figura
940 1622 999 1660 se
1037 1607 1219 1661 erucis
1269 1607 1621 1677 ronsignans,
1675 1606 1748 1659 illi
1804 1606 1985 1676 ignem

394 1699 713 1752 accendunt
765 1699 906 1768 :qui
938 1699 1229 1768 plurimam
1272 1700 1418 1753 illam
1470 1700 1755 1753 materiam
1811 1698 1986 1753 corrio

399 1790 563 1859 piens
607 1802 658 1845 et
694 1792 1057 1845 vehementer
1111 1802 1328 1858 auctus,
1390 1792 1537 1846 illam
1595 1793 1822 1847 omnino
1875 1806 1982 1846 non

2082 602 2319 667 ἀγεννεῖ,
2382 599 2592 666 ἔλεγεν,
2645 594 2780 668 ἦλθε
2842 594 3052 657 Παῦλος
3105 592 3341 663 ὀφθῆναί
3392 608 3505 661 μοι,
3577 590 3667 643 καὶ.

2082 695 2372 762 προσεῖχεν
2396 690 2574 752 οὕτως
2609 688 2795 749 ἀτενὲς
2853 687 3148 756 βλέπουσα,
3200 686 3295 739 καὶ
3320 685 3378 747 ὃς
3400 685 3479 745 εἰς
3503 682 3669 750 ούρα-

2081 786 2205 845 νοὺς
2237 783 2427 854 ἀπῄει,
2468 781 2684 852 δρώσης
2722 781 2912 850 αὐτῆς.
2944 779 3006 832 Οί
3048 778 3241 841 παῖδες
3283 777 3581 848 μέντοικαὶ
3613 776 3670 827 αἱ

2086 876 2366 947 παρθένοι,
2400 875 2531 940 ξύλα
2572 875 2668 928 καὶ
2704 874 2899 943 χόρτον
2938 872 3258 941 συνέφερον.
3291 869 3430 923 ὥστε
3458 868 3674 921 Θέκλαν

2084 968 2523 1038 κατακαυθῆναι.
2570 966 2658 1030 Ὡς
2684 965 2739 1019 δὲ
2773 960 3545 1034 εἰσήχθη“γυμνὴ,ἐκπλήττει
3571 959 3672 1029 μὲν

2084 1058 2288 1121 εὐθέως
2315 1058 2407 1110 τὸν
2440 1058 2716 1128 ἡγεμόνα,
2751 1055 2811 1108 τδ
2834 1054 3029 1116 κάλλος
3076 1047 3251 1118 αὐτῆς
3305 1050 3675 1119 θεασάμενον,

2087 1152 2183 1202 καὶ
2206 1149 2303 1220 τὴν
2329 1149 2480 1218 ὥραν
2504 1165 2519 1180 ο
2571 1148 2720 1211 ἕλεος
2759 1147 2816 1200 δὲ
2844 1146 2994 1216 αύτῷ
3022 1144 3198 1199 δεινὸν
3234 1140 3515 1213 ἐμϐάλλει,
3547 1141 3677 1192 ὅσον

2085 1241 2240 1295 οὔπω
2271 1241 2611 1295 ἀπόλλυσθαι
2652 1239 2924 1304 μέλλουσα
2963 1236 3187 1306 τοιαύτη
3230 1234 3522 1306 παρθένος,
3551 1233 3679 1286 ὅθεν

2085 1335 2151 1403 δὴ
2181 1334 2276 1388 καὶ
2318 1336 2397 1395 εἰς
2428 1333 2641 1403 δάκρυα
2684 1331 2846 1384 τοῦτο
2895 1329 3110 1400 φανερὰ
3160 1328 3496 1398 κατήνεγκε.
3549 1325 3683 1377 Τῶν

2089 1426 2343 1493 ξύλωνδέ
2378 1426 2476 1496 ήδη
2511 1423 3036 1493 καταστρωθέντων,
3098 1421 3352 1475 ἐκέλευον
3398 1418 3571 1488 αὐτὴν
3627 1419 3682 1470 oi.

2087 1522 2271 1589 δήμιοι
2305 1520 2588 1589 ἐπιϐῆναι.
2629 1520 2690 1572 ’Π
2730 1519 2788 1572 δέ
2821 1517 2998 1583 ἐπέϐη
3032 1516 3107 1584 τῷ
3126 1515 3219 1567 τοῦ
3251 1513 3489 1583 σταυροῦ
3520 1511 3687 1580 τύπῳ

2088 1611 2287 1680 ἑαυτὴν
2326 1610 2714 1679 σημειώσασα,
2752 1608 2847 1663 καὶ
2869 1609 2918 1660 oi
2952 1608 3138 1676 δήμιοι
3163 1605 3223 1657 τὸ
3251 1602 3364 1674 πῦρ
3402 1603 3683 1672 ἐφῆπτον·

2088 1698 2207 1757 εἶτα
2244 1702 2545 1772 διαδραμὸν
2586 1700 2852 1766 πλείστην
2879 1700 3035 1769 ὓλην,
3066 1698 3161 1751 καὶ
3199 1697 3279 1759 εἰς
3320 1695 3457 1749 πολὺ
3504 1692 3685 1760 αὐξη-

2091 1797 2200 1859 θὲν,
2230 1796 2452 1864 ἐκείνης
2481 1794 2591 1847 οὐδ’
2621 1794 2756 1853 ὅλως
2789 1793 2989 1863 ἥψατο.
3025 1792 3176 1844 Ἔδει
3229 1788 3338 1858 γὰρ
3369 1786 3688 1857 πεπληρῶο

395 1858 600 1949 attigit.
638 1880 847 1952 Nempe
880 1884 1169 1952 Oportebat
1210 1884 1262 1936 in
1303 1884 1391 1937 illa
1435 1884 1719 1954 compleri.
1745 1884 1888 1952 quod
1918 1884 1984 1938 ab

2092 1858 2214 1942 σθαι
2250 1887 2346 1941 καὶ
2383 1858 2470 1939 ἐπ’
2497 1886 2657 1955 αὐτῇ,
2688 1886 2716 1938 ὃ
2745 1858 2822 1954 τῷ
2843 1858 2981 1954 θείῳ
3036 1882 3239 1951 Ἦσαῖα
3273 1879 3688 1951 προήγγελται,

398 1972 537 2025 Isaia
577 1976 1003 2041 praenuntiatum
1059 1974 1238 2029 fuerat
1293 1994 1306 2029 :
1368 1994 1385 2025 I
1433 1974 1658 2029 Etiamsi
1702 1975 1983 2029 transieris

394 2080 493 2134 per
525 2080 743 2132 aquam,
784 2076 961 2118 tecum
1000 2082 1145 2131 sum,
1180 2079 1233 2120 et
1263 2065 1486 2119 ﬂumina
1512 2082 1622 2119 non
1651 2067 1986 2122 concludent

398 2167 452 2210 te
485 2173 501 2211 :
531 2166 586 2210 et
616 2159 657 2211 si
692 2158 980 2213 transieris
1021 2175 1121 2228 per
1176 2160 1379 2229 ignem,
1430 2175 1537 2212 non
1575 2160 1917 2214 combureris
1939 2162 1983 2225 ’,

398 2265 580 2319 neque
608 2265 741 2304 sane
775 2253 1062 2306 combusta
1095 2253 1220 2316 fuit,
1244 2253 1392 2307 nube
1419 2269 1574 2322 aqua:
1596 2253 1767 2322 ipsam
1801 2252 1985 2307 inum-

397 2338 615 2407 brante,
646 2342 1013 2412 grandineqnc
1048 2343 1101 2397 in
1151 2353 1317 2398 totnn
1351 2360 1573 2398 arenam
1603 2345 1676 2398 ita
1707 2345 1898 2407 effusa.
1928 2352 1986 2400 ut

395 2442 452 2488 et
506 2435 645 2505 ignis
670 2436 1138 2503 exstingueretur,
1196 2447 1251 2491 et
1309 2438 1462 2491 multi
1523 2437 1614 2508 qui
1647 2440 1875 2493 aderant
1922 2455 1986 2495 ea

395 2525 708 2592 interirent,
761 2529 958 2584 Thecla
998 2538 1180 2586 autem
1217 2531 1334 2586 sine
1372 2548 1512 2587 noxa
1541 2543 1982 2590 conservaretur.

467 2619 609 2674 VIII.
644 2620 846 2676 Paulus
901 2623 1111 2677 interea
1173 2640 1296 2678 cum
1357 2625 1701 2696 Onesiphoro
1756 2643 1820 2682 ac
1867 2628 1986 2693 ejus

397 2729 569 2768 uxore
622 2724 787 2783 atque
836 2716 1039 2780 liberis,
1070 2716 1125 2770 in
1182 2728 1541 2772 monumento
1591 2719 1829 2788 quodam
1901 2720 1987 2773 in-

397 2813 564 2864 tecto,
601 2804 746 2873 quod
779 2805 932 2874 juxta
966 2806 1133 2868 viam,
1183 2823 1306 2876 qua:
1334 2809 1402 2861 ab
1438 2809 1572 2863 urbe
1601 2809 1783 2864 Iconio
1810 2810 1987 2877 Daph-

395 2909 522 2949 nem
557 2893 682 2961 fert,
714 2894 878 2949 situm
902 2905 1037 2958 erat,
1061 2896 1272 2966 jejunio
1303 2897 1610 2961 insistebat,
1636 2916 1746 2970 quo
1774 2901 1983 2955 diutius

396 2996 695 3055 pmtracto,
749 2987 924 3041 fames
980 3004 1178 3056 pueros
1252 2990 1453 3045 invasit
1526 3010 1540 3045 :
1596 2993 1688 3062 qui
1750 2993 1982 3048 Paulum

395 3079 688 3145 adeuntes,
750 3080 1058 3143 Esurimus,
1146 3080 1418 3163 inquiunt,
1489 3100 1669 3152 neque
1720 3084 1986 3141 habemus

396 3186 508 3240 quo
542 3186 711 3240 panes
746 3188 1014 3228 emamus.
1045 3174 1432 3244 Ouesiphorus
1477 3177 1650 3241 enim,
1679 3178 1788 3245 jam
1821 3195 1984 3231 mun-

397 3260 452 3316 di
479 3262 646 3316 rebus
681 3262 861 3317 valere
882 3264 1073 3334 jussis,
1095 3280 1217 3320 cum
1256 3275 1365 3321 tota
1396 3282 1493 3321 sua
1524 3266 1726 3322 familia
1754 3267 1981 3323 Paulum

395 3355 733 3424 sequebatur
758 3374 771 3410 :
797 3358 888 3426 qui
923 3373 982 3413 se
1014 3359 1214 3428 penula
1265 3376 1361 3414 sua
1403 3376 1631 3425 exuens,
1664 3377 1836 3429 puero
1875 3373 1987 3416 tra-

395 3446 496 3512 dit,
550 3457 629 3514 et,
690 3448 815 3508 Abi.
878 3450 1075 3520 inquit,
1128 3452 1339 3521 hacque
1403 3468 1573 3520 panes
1621 3469 1783 3522 quam
1832 3464 1986 3522 potes

393 3536 662 3607 plurimos
690 3548 971 3609 coemptos
1005 3539 1069 3595 ad
1102 3557 1199 3595 nos
1233 3541 1409 3597 adfer.
1438 3542 1728 3609 Quoscum
1752 3554 1982 3610 emeret,

394 3641 546 3692 ecce,
579 3627 841 3682 Theclam
874 3630 1043 3697 videt,
1076 3638 1133 3684 et
1179 3647 1286 3701 pra:
1328 3633 1690 3691 admiratione
1723 3634 1984 3704 obstupe—

396 3715 579 3770 factus
640 3720 962 3789 (agnoverat
1012 3720 1159 3774 enim
1215 3721 1384 3787 illam,
1469 3724 1669 3794 quippe
1747 3742 1868 3795 qua:
1931 3726 1983 3781 in

395 3809 588 3863 eadem
652 3826 839 3864 secum
877 3811 1073 3865 vicinia
1115 3813 1465 3878 habitasset),
1494 3814 1561 3869 Et
1616 3832 1745 3884 quo,
1787 3816 1983 3885 inquit,

393 3914 428 3953 ο
463 3897 689 3965 Thecla,
721 3915 829 3970 quo
857 3901 1074 3970 pergis?
1103 3902 1359 3970 Paulum,
1400 3904 1498 3969 ait,
1536 3923 1602 3960 ex
1639 3907 1763 3977 igne
1795 3924 1987 3964 recens

397 4001 637 4047 servata.
700 4006 1020 4061 persequor,
1077 3993 1163 4047 cui
1220 4010 1377 4063 puer,
1430 3995 1633 4050 Ducam
1667 3998 1732 4050 ad
1789 3998 1984 4057 illum:

394 4083 658 4153 quoniam
719 4090 810 4136 tua
867 4098 1031 4138 causa
1087 4086 1139 4138 in
1199 4087 1432 4141 maxima
1468 4089 1847 4143 sollicitudine
1878 4097 1984 4153 est,

396 4186 656 4245 totosque
724 4177 836 4243 jam
887 4192 980 4229 sex
1024 4177 1146 4231 dies
1178 4178 1389 4248 jejunio
1439 4188 1494 4233 et
1534 4180 1767 4233 orationi
1801 4180 1986 4233 inten~

396 4278 509 4323 tus.
556 4268 690 4333 Quae
741 4268 829 4321 ubi
888 4269 952 4322 ad
1012 4271 1325 4339 sepulcrum
1386 4271 1639 4330 accessit.
1708 4271 1875 4324 Paulo
1930 4270 1985 4325 in

397 4376 578 4431 genua
600 4361 928 4429 proclinata,
960 4361 1310 4429 dicenteque,
1333 4362 1560 4416 Domine
1581 4361 1708 4417 Jesu
1741 4362 1984 4427 Christe,

398 4468 469 4508 ne
504 4454 736 4521 attingat
776 4453 916 4522 ignis
969 4454 1230 4508 famulam
1298 4465 1445 4510 tuam
1483 4453 1766 4519 Theclam,
1815 4455 1905 4509 illa
1954 4472 1985 4511 a

2090 1981 2169 2032 ὅτι
2201 1979 2318 2033 Κᾶν
2340 1978 2626 2049 διαδαίνῃς
2651 1978 2717 2030 δι’
2745 1977 2961 2036 ὓδατος,
2994 1974 3132 2045 μετά
3162 1972 3257 2026 σοῦ
3297 1975 3436 2041 εἰμι,
3462 1972 3555 2024 καὶ
3580 1988 3691 2022 1::-

2088 2072 2256 2142 ταμοὶ
2276 2072 2336 2124 ού
2365 2068 2815 2137 συνεγκλείσουσί
2855 2083 2945 2120 σε’
2982 2067 3077 2120 καὶ
3118 2066 3184 2119 ἂν
3214 2065 3428 2136 διέλθῃς
3456 2063 3546 2117 διὰ
3573 2080 3689 2117 πυ-

2093 2165 2205 2234 ρὸς,
2236 2165 2297 2216 ού
2433 2163 2813 2231 κατακαυθῇς.
2849 2160 3064 2215 Οὔκουν
3093 2160 3216 2213 ούδέ
3241 2157 3688 2213 κατακέκαυταιο

2088 2254 2283 2324 νεφέλη
2314 2253 2421 2322 γὰρ
2449 2252 2642 2315 ὓδατος
2678 2253 2849 2321 αὐτὴν
2896 2250 3221 2312 ἐπεσκίασε,
3251 2249 3463 2320 χάλαζά
3494 2265 3559 2300 τε
3597 2250 3687 2309 εἰς

2091 2348 2237 2400 ἅπαν
2261 2345 2322 2399 τὸ
2357 2345 2550 2413 ἔδαφος
2587 2344 2841 2415 ἐξεχύθη,
2878 2341 3022 2398 ὣστε
3069 2342 3258 2412 τὸμὲν
3297 2342 3411 2409 πῦρ
3442 2339 3689 2407 σϐεσθῆ-

2089 2456 2197 2501 ναι,
2237 2437 2464 2499 πολλοὺς
2490 2437 2544 2489 δέ
2566 2436 2676 2489 τῶν
2708 2438 2826 2489 ἐκεῖ
2852 2435 3123 2505 τυχόντων
3148 2434 3545 2507 διαφθαρῆναι,
3582 2435 3690 2502 τὴν

2089 2532 2295 2586 Θέκλαν
2322 2531 2375 2582 δέ
2410 2529 2625 2595 ἁδλαόἦ
2649 2526 3102 2598 διαφυλαχθῆναι.

2163 2622 2243 2677 li'.
2281 2620 2387 2674 ἾΙν
2423 2623 2479 2676 δέ
2511 2625 2538 2675 ό
2582 2622 2798 2682 Παῦλος
2823 2621 3054 2693 νηστείᾳ
3084 2612 3505 2692 προσκείμενος.
3540 2620 3693 2689 μετὰ

2101 2717 2463 2786 ὐνησιφόρου
2494 2733 2553 2768 τε
2592 2716 2687 2768 καὶ
2738 2718 2835 2783 τῆς
2870 2714 3037 2768 αὐτοῦ
3084 2715 3368 2783 γυναικὸς.
3424 2717 3520 2768 καὶ
3571 2716 3694 2771 τῶν

2087 2807 2316 2869 τέκνων,
2362 2807 2419 2860 ἐν
2476 2825 2584 2860 τινι
2625 2808 2863 2861 ἀσκεπετ
2922 2806 3172 2876 μνημείῳ
3211 2805 3354 2859 κατὰ
3407 2805 3509 2876 τὴν
3560 2807 3691 2860 ὁδὸν

2090 2899 2358 2968 κειμένῳ,
2389 2897 2486 2965 τὴν
2531 2898 2639 2951 ἀπὸ
2685 2896 2912 2949 Ἰκονίου
2962 2896 3049 2955 εἰς
3096 2896 3320 2965 Δάφνην
3381 2895 3687 2966 φέρουσαν.

2102 2989 2226 3042 Ἐπὶ
2258 2990 2393 3043 πολὺ
2433 2985 2527 3067 οὖν
2552 2991 2650 3056 τῆς
2688 2989 2945 3059 νηστείας
2974 2987 3148 3057 αὐτῆς
3180 2986 3689 3056 παρατεινομένης,

2091 3085 2117 3136 ό
2145 3082 2304 3151 λιμὸς
2338 3083 2448 3134 τῶν
2480 3083 2691 3137 παίδων
2729 3081 3021 3134 καθίκετο*
3055 3080 3151 3134 καὶ
3176 3078 3573 3151 προσελθόντες
3606 3079 3692 3148 τῷ

2094 3176 2314 3245 Παύλῳ.
2352 3176 2659 3245 Πεινῶμεν,
2694 3176 2906 3240 ἔλεγον,
2941 3176 3037 3229 καὶ
3072 3176 3175 3229 οὐκ
3207 3174 3410 3245 ἔχομεν
3442 3175 3555 3245 ὅτῳ
3577 3174 3689 3244 ἄρα

2088 3288 2215 3333 τους
2254 3269 2648 3339 ὲξονησόμξθα.
2680 3265 2791 3325 Ἦν
2833 3270 2943 3341 γὰρ
2976 3270 3004 3323 ὁ
3046 3268 3406 3340 Ὀνησιφόρος
3438 3268 3542 3340 ἤδη
3573 3268 3691 3320 τῶν

2087 3361 2180 3414 τοῦ
2207 3363 2415 3431 κόσμου
2450 3362 2745 3429 ἀφέμενος,
2779 3361 2875 3414 κα)⁵
2904 3361 3012 3431 ὅλῳ
3042 3363 3179 3430 οτκῳ
3210 3360 3287 3429 τῷ
3320 3358 3520 3427 Παύλῳ
3548 3359 3692 3411 ἀκο-

2085 3453 2315 3508 λουθῶν.
2360 3453 2576 3515 Παῦλος
2611 3451 2706 3505 οῦν
2740 3454 2832 3505 τὸν
2858 3451 3160 3521 ἐπενδύτην
3194 3451 3378 3513 ἐκδὺς,
3414 3450 3492 3516 τῷ
3524 3451 3691 3505 παιδὶ

2085 3545 2293 3606 δίδωσι,
2335 3544 2451 3605 καὶ,
2482 3542 2698 3606 Ἄπιθι,
2725 3543 2908 3609 λέγει’
2944 3540 3042 3593 καὶ
3071 3540 3247 3610 τούτῳ
3307 3540 3527 3602 πλείους
3574 3539 3691 3592 τῶν

2087 3636 2269 3705 ἄρτων
2311 3635 2634 3705 πριάμενος,
2692 3632 2910 3701 ἔνεγκε.
2967 3630 3053 3694 Ὧς
3083 3631 3138 3686 δὲ
3167 3631 3360 3685 ὠνεῖτο
3404 3631 3531 3693 τοὺς
3584 3632 3691 3698 ἄρ-

2087 3744 2213 3789 τους
2246 3728 2274 3780 ό
2304 3729 2457 3790 παῖς,
2491 3726 2694 3797 θεωρεῖ
2742 3726 2980 3791 Θέκλαν,
3019 3729 3116 3778 καὶ
3164 3725 3303 3786 ὅλως
3357 3721 3679 3788 ἐξίσταταιο

2088 3817 2304 3886 ἐπέγνω
2323 3818 2429 3887 γὰρ
2459 3816 2685 3888 ταύτην,
2726 3816 2823 3871 an
2856 3818 3184 3884 ἐγγειτόνων
3217 3815 3369 3881 αὐτῷ
3389 3815 3682 3868 οἰκοῦσαν.

2090 3911 2201 3964 Ποῦ
2233 3906 2349 3971 οὖν,
2387 3908 2514 3979 ἔφη,
2551 3909 2754 3973 Θέκλα,
2816 3909 2920 3961 ποῦ
2958 3909 3022 3979 δὴ
3057 3908 3305 3980 πορεύῃ;
3349 3909 3382 3977 ὴ
3414 3906 3502 3959 δέ·
3539 3906 3695 3959 Παῦσ-

2088 4002 2178 4055 λον
2212 4002 2312 4071 ἤδη
2358 4001 2701 4069 μεταδιώκω,
2743 4004 2808 4054 ἐκ
2844 4003 3015 4070 πυρὸς
3046 4001 3173 4071 ἄρτι
3224 3999 3484 4053 σωθεῖσα.
3524 4000 3635 4051 Καὶ
3661 4001 3691 4051 δ

2091 4097 2253 4156 παῖς²
2298 4091 2437 4148 Ἀλλ’
2469 4090 2601 4162 ἐγὼ,
2630 4094 2758 4163 ἔφη,
2792 4094 2979 4161 ἐπάξω
3028 4110 3086 4144 σε
3145 4091 3282 4162 πρὶς
3322 4091 3509 4156 αὐτὸν,
3563 4090 3695 4143 ἐπεὶ

2090 4188 2185 4240 καὶ
2218 4186 2422 4255 πολλὴν
2450 4184 2690 4254 ἕχειτὴν
2739 4186 2869 4255 περὶ
2904 4184 2998 4238 σοῦ
3058 4186 3357 4255 μέριμναν,
3414 4184 3513 4236 καὶ
3555 4183 3694 4245 ὅλας

2091 4280 2192 4349 ἤδη
2230 4280 2449 4349 ἡμέρας
2486 4277 2542 4343 ἒξ
2580 4278 2807 4347 νηστείᾳ
2839 4278 3176 4331 διαπονεῖται
3218 4278 3313 4330 καὶ
3374 4276 3693 4345 προσευχῇ.

2099 4375 2191 4438 Ὠς
2216 4375 2275 4428 δὲ
2309 4373 2519 4442 ἐπέστη
2542 4371 2723 4425 Θέκλα
2748 4372 2842 4425 ἐπὶ
2872 4371 2934 4424 τὸ
3004 4372 3290 4439 μνημεῖον,
3359 4368 3581 4421 Παύλου
3612 4368 3696 4429 εἰς

2089 4468 2291 4536 γόνατα
2310 4464 2607 4529 κλιθέντος,
2630 4463 2743 4528 καλ,
2762 4463 2937 4532 Κύριε
2954 4460 3130 4530 Ἰησοῦ
3154 4460 3382 4529 Χριστέ,
3406 4459 3693 4526 λέγοντος,

400 4553 553 4614 tergo
589 4542 875 4607 assistens,
944 4544 1129 4607 Pater,
1195 4546 1490 4609 clamabat,
1537 4545 1628 4614 qui
1691 4545 1885 4599 malum
1932 4554 1984 4601 et

2096 4565 2170 4630 μὴ
2204 4558 2434 4619 season
2463 4557 2675 4627 Θέκλης
2719 4559 2818 4625 τῆς
2846 4556 2946 4624 σῆς
3001 4553 3201 4624 δούλης
3239 4553 3300 4605 τὸ
3335 4553 3448 4623 πῦρ
3472 4569 3488 4585 ο
3545 4550 3692 4620 αὐτὴ

400 4638 601 4691 terram
628 4635 829 4700 fecisti,
860 4638 1129 4692 benedico
1167 4649 1242 4702 te,
1275 4640 1417 4708 quod
1460 4656 1545 4693 me
1598 4656 1662 4693 ex
1714 4639 1837 4709 igne
1869 4656 1991 4694 ser-

400 4726 644 4790 vaveris,
680 4737 739 4781 ut
764 4728 993 4782 Paulum
1027 4729 1266 4783 videam.
1302 4729 1403 4795 Qui
1454 4738 1513 4783 ut
1542 4731 1799 4791 surrexit,
1840 4730 1991 4785 Thc-

402 4820 653 4889 clamque
688 4827 923 4889 aspexit,
960 4822 1147 4877 lmtitia
1204 4824 1417 4891 plenus,
1478 4823 1643 4889 Deus,
1678 4823 1873 4893 inquit,
1897 4824 1988 4894 qui

401 4913 546 4968 nosti
572 4914 759 4977 corda,
794 4912 956 4969 Pater
986 4916 1202 4970 Domini
1236 4917 1340 4971 mei
1370 4913 1502 4970 Jesu
1534 4916 1760 4984 Christi,
1786 4919 1991 4988 gratias

403 5007 502 5062 tibi
533 5024 655 5078 ago,
695 5010 980 5077 quoniam,
1047 5011 1192 5080 quod
1279 5026 1308 5063 a
1370 5020 1422 5065 te
1486 5012 1779 5080 postulavi,
1854 5012 1985 5067 mihi

404 5099 633 5155 dedisti.
689 5101 932 5171 Eratque
1011 5101 1066 5156 in
1127 5112 1487 5158 monumento
1540 5104 1707 5157 multa
1763 5118 1990 5173 prorsus

407 5192 674 5262 hilaritas,
724 5194 997 5254 Pauloet
1060 5194 1426 5264 Onesiphoro,
1476 5196 1677 5265 quique
1721 5214 1843 5252 eum
1885 5196 1990 5254 illis

401 5297 582 5351 erant,
632 5304 745 5357 prae
808 5288 1006 5359 gaudio
1084 5289 1486 5345 exsultantibus
1559 5289 1750 5361 (panes
1803 5302 1988 5347 autem

405 5379 681 5435 habebant
733 5379 998 5449 quinque,
1029 5381 1095 5435 ad
1131 5381 1245 5435 haec
1300 5382 1447 5435 olera
1491 5391 1653 5450 atque
1684 5382 1905 5453 aquam)
1937 5393 1991 5437 et

402 5467 474 5527 ob
490 5487 656 5541 opera
685 5472 887 5529 Christi
921 5489 1041 5543 qua:
1062 5473 1113 5526 in
1138 5489 1196 5528 se
1235 5477 1628 5544 percipiebant,
1655 5491 1775 5529 sese
1806 5476 1991 5531 oblec-

407 5565 672 5620 tantibus.
731 5564 941 5621 Deinde
991 5567 1191 5621 Thecla
1250 5568 1319 5622 ad
1386 5566 1661 5622 Paulum:
1727 5568 1986 5637 Delousa,

408 5653 606 5725 inquit,
635 5672 789 5710 coma
825 5667 878 5712 et
914 5664 1066 5712 veste
1118 5668 1349 5723 mutata,
1406 5668 1659 5730 prompto
1710 5658 1894 5714 animo
1935 5670 1987 5715 te

484 5822 505 5850 ’
536 5820 639 5874 lsa.
677 5835 831 5887 XLIII,
858 5821 913 5872 2.

2087 4653 2314 4706 ὄπισθεν
2362 4652 2601 4713 ἐστῶσα,
2634 4652 2838 4721 Πάτερ,
2874 4647 3128 4717 ἐϐόησεν,
3166 4648 3193 4699 ὁ
3219 4647 3455 4715 ποιήσας
3478 4646 3571 4699 τὸν
3599 4651 3699 4702 ού-

2092 4744 2256 4816 ρανδν
2289 4745 2385 4797 καὶ
2414 4745 2516 4813 τὴν
2545 4746 2670 4812 γῆν,
2695 4739 2905 4809 εύλογῶ
2939 4758 3024 4817 σε,
3049 4741 3131 4793 ὅτι
3158 4756 3226 4809 με
3253 4740 3319 4791 ἐκ
3340 4740 3514 4808 πυρὸς
3548 4739 3692 4794 ἔσω-

2090 4856 2209 4901 σας,
2252 4838 2340 4891 ἵνα
2380 4836 2594 4890 Παῦλον
2621 4835 2735 4889 ἴδω.
2775 4836 2866 4898 Ὠς
2907 4828 2969 4888 δὲ
3030 4833 3234 4901 ἀνέστη
3295 4831 3533 4895 Παῦλος,
3595 4836 3694 4887 καὶ

2088 4927 2194 4982 εἶδε
2242 4928 2474 4992 Θέκλαν,
2533 4929 2710 4999 χαρᾶς
2754 4925 3012 4997 ἔμπλεως
3062 4922 3310 4993 γεγονὼς
3339 4964 3353 4987 ν
3387 4924 3513 4988 ea,
3555 4924 3697 4992 ἔφην

2102 5019 2543 5089 καρδιογνῶστα,
2576 5023 2761 5090 Πάτερ
2788 5017 2881 5070 τοῦ
2924 5018 3137 5088 Κυρίου
3171 5035 3273 5087 μου
3307 5017 3489 5082 Ἰη-σοῦ
3542 5018 3689 5086 Χρι-

2095 5110 2245 5173 στοῦ,
2302 5109 2616 5181 εὐχαριστῶ
2661 5126 2764 5175 σοι,
2820 5109 2926 5174 ὅτι,
2978 5107 3007 5160 ὃ
3063 5107 3436 5178 ᾐρετισὰμην,
3475 5106 3687 5166 ἔδωκεὶς

2096 5192 2207 5270 μοι.
2246 5204 2354 5257 Καὶ
2385 5200 2453 5275 ἦν
2488 5202 2598 5256 ἔσω
2631 5204 2689 5255 ἐν
2739 5199 2817 5271 τῷ
2865 5200 3121 5271 μνημείῳ
3140 5199 3455 5270 εὐφροσύνη
3490 5200 3685 5269 πολλὴ,

2096 5294 2309 5347 Παύλου
2344 5310 2400 5345 τε
2440 5293 2536 5345 καὶ
2588 5291 2973 5358 Ὀνησιφόρου,
3028 5290 3125 5341 καὶ
3162 5290 3381 5342 πάντων
3414 5288 3526 5340 τῶν
3590 5289 3690 5342 σὺν

2094 5386 2279 5447 αὐτοῖς
2302 5382 2745 5453 ἀγαλλιαμένων.
2778 5378 2963 5435 Ἶὶσαν
3002 5380 3059 5434 δὲ
3085 5380 3275 5443 αὐτοῖς
3309 5380 3465 5449 ἄρτοι
3495 5379 3689 5441 πέντε,

2092 5477 2186 5528 καὶ
2226 5477 2460 5545 λάχανα,
2497 5477 2593 5528 καὶ
2649 5474 2829 5545 ὕδωρ”
2867 5473 2961 5528 καὶ
2995 5475 3081 5542 ἐφ’
3119 5469 3201 5536 οἷς
3254 5472 3530 5543 ἔπραττον
3592 5472 3689 5525 τοῦ

2089 5567 2333 5636 Χριστοῦ
2386 5566 2591 5636 ἔργοις,
2672 5565 3036 5626 ἀδιαλείπτως
3104 5564 3483 5633 εὐφραίνοντο.
3551 5560 3690 5617 Εἶτα

2088 5661 2268 5713 Θὲκλα
2308 5661 2442 5729 φησὶ
2501 5660 2633 5729 πρὸς
2677 5658 2764 5712 τὸν
2819 5658 3049 5712 Παῦλοψ
3088 5656 3518 5728 Περικειροῦμαι
3574 5656 3675 5726 τὴν
