4002 6442
402 315 508 379 835

1637 310 1917 370 MENSIS
1955 309 2424 371 SEPTEMBER.

3562 316 3670 378 836

401 436 543 489 erat,
580 423 808 495 ejusque
841 434 970 490 erga
1020 418 1272 475 homines
1309 415 1711 471 benevolentia:
1765 418 1987 487 provida

2094 435 2172 469 τω
2204 436 2287 471 σοι
2346 420 2529 473 τόπον.
2587 418 2824 474 Δύναται
2858 422 2964 489 γὰρ
3001 421 3424 492 προσευξαμὲνη
3456 425 3533 487 εἰς
3581 427 3671 478 τὸν

400 516 714 587 dispositio)
741 514 795 569 in
837 525 1032 566 somno
1056 510 1130 563 illi
1163 518 1367 571 astans,
1395 507 1531 570 Mea,
1560 507 1756 576 inquit,
1786 517 1980 571 mater,

404 610 608 676 hospes
642 607 757 661 hinc
788 602 1010 665 Thecla,
1044 616 1222 657 meum
1258 601 1399 669 apud
1437 607 1489 652 te
1533 599 1712 652 locum
1738 598 2005 667 impleat.‘

403 699 593 755 Potest
631 696 801 759 enim,
831 694 874 748 si
931 703 1143 747 tantum
1178 706 1279 761 pro
1330 705 1417 744 me
1454 702 1626 760 roget.
1682 704 1769 743 me
1811 689 1864 740 in
1885 688 1977 758 ju—

405 801 619 847 storum
661 786 1038 840 transmittere
1081 785 1259 838 sedes.
1320 782 1625 852 Tryphaena
1675 795 1859 851 porro,
1918 780 1986 833 de

403 896 599 938 somno
629 887 976 948 experrecta,
1015 877 1137 930 tiliae
1167 891 1279 929 suae
1322 872 1631 928 Falconillae
1671 886 1986 927 sermonum

403 972 677 1043 ejusmodi
720 984 934 1022 memor
964 1008 978 1031 ,
1040 967 1224 1021 Altera
1259 981 1378 1018 mea
1444 964 1573 1028 ﬁlia,
1608 964 1704 1028 ait,
1762 961 1983 1025 Thecla,

404 1064 581 1121 Deum
613 1069 768 1114 tuum
800 1072 1173 1127 comprecare,
1216 1072 1323 1124 quo
1353 1053 1647 1106 Falconilla
1691 1051 1744 1105 in
1791 1052 1987 1105 saecula

407 1156 557 1209 vivat
591 1171 606 1207 :
637 1154 740 1207 hoc
778 1152 924 1207 enim
954 1150 1045 1203 illa
1088 1165 1186 1220 per
1219 1147 1551 1202 insomnium
1596 1161 1627 1199 a
1655 1160 1743 1199 me
1773 1143 1985 1215 petivit.

405 1246 526 1311 Quo
562 1246 652 1300 illa
685 1244 899 1309 audito,
945 1258 1067 1296 cum
1095 1256 1229 1294 voce
1262 1239 1488 1295 sublatis
1520 1238 1795 1303 manibus,
1821 1238 1988 1303 Deus,

408 1338 607 1406 inquit,
631 1335 733 1390 Fili
782 1335 878 1389 Dei
918 1333 1067 1398 veri,
1124 1332 1338 1401 placeat
1404 1339 1510 1384 tua:
1537 1328 1800 1383 voluntati
1851 1326 1989 1398 Try-

410 1431 622 1499 phmna:
680 1427 1004 1490 concedere,
1043 1440 1151 1494 quo
1195 1423 1302 1477 ﬁlia
1358 1422 1477 1491 ejus
1530 1421 1696 1475 vitam
1746 1421 1889 1490 apud
1938 1430 1990 1475 te

412 1521 566 1574 vivat
593 1519 1007 1587 sempiternam.
1056 1516 1266 1580 Quibus
1306 1513 1488 1568 verbis
1537 1511 1759 1576 auditig
1809 1511 1988 1581 gavisa

410 1610 630 1678 quidem
675 1607 979 1678 Tryphaena
1014 1615 1120 1668 est,
1153 1606 1246 1658 sed
1278 1604 1503 1658 aliunde
1535 1602 1988 1666 discruciabatur,

405 1703 553 1772 quod
584 1701 787 1755 'l'hecla
845 1715 1037 1753 rursus
1086 1707 1229 1753 esset
1285 1697 1477 1751 bestiis
1528 1695 1859 1766 obiicienda.
1921 1693 1992 1748 Ut

2089 510 2198 562 τῶν
2225 510 2450 563 δικαίων
2480 512 2581 580 ἐμὲ
2645 514 2962 580 μεταθεῖναι
3001 515 3184 567 τόπον.
3233 516 3383 567 Ἐπεὶ
3417 517 3473 568 δὲ
3528 518 3673 588 Τρύτ

2091 601 2534 670 φαινανὸῦπνος
2577 606 2801 673 ἀνῆκεν,
2833 609 2912 667 είς
2954 606 3079 659 νοῦν
3124 605 3327 675 ἔχουσα
3395 609 3523 671 τοὺς
3570 611 3673 676 τῆς

2092 691 2362 763 θυγατρὸς
2392 692 2758 762 Φαλκονίλλης
2782 694 2998 760 λόγουςο
3031 696 3230 747 Τέκνον
3269 679 3527 767 δεύτερόν
3551 716 3671 766 μοι,

2089 784 2224 851 φησὶ
2256 782 2393 851 πρὸς
2417 784 2513 852 τὴν
2549 785 2786 851 Θέκλαν,
2814 785 3043 855 δεήθητι
3080 786 3175 838 τοῦ
3225 788 3317 839 σοῦ
3344 788 3501 847 Θεοῦ,
3527 789 3673 842 ὥστε

2088 874 2448 927 Φαλκὸνιλλαν
2501 877 2581 941 είς
2636 878 2839 939 αἰῶνας
2867 878 2985 945 ζῇν.
3031 878 3204 932 Τοῦτο
3236 880 3345 950 γάρ
3379 898 3449 951 με
3479 883 3670 951 ἐκείνη

2087 964 2155 1017 δι’
2182 966 2406 1035 ὀνείρων
2434 967 2630 1037 ᾔτησε.
2687 968 2864 1021 Θέκλα
2889 970 2945 1021 δὲ
2972 969 3254 1023 ἀκούσασα
3319 971 3516 1033 ταῦτα,
3577 976 3676 1024 καὶ

2089 1057 2505 1127 ἀναϐαλλομένη
2533 1063 2742 1130 χεῖρας,
2776 1060 2957 1131 ἄρασα
2986 1062 3082 1113 καὶ
3134 1066 3352 1131 φωνήν·
3382 1064 3507 1126 Θεὲ,
3541 1063 3675 1131 ἔφη,

2091 1148 2187 1200 Υἱὲ
2231 1149 2367 1201 Θεοῦ
2394 1151 2685 1219 ἀψευδοῦς,
2716 1152 2802 1213 δὸς
2838 1153 3125 1223 Τρυφαίνῃ
3157 1153 3299 1206 κατὰ
3332 1152 3392 1205 τὸ
3441 1154 3531 1206 σὺν
3583 1155 3675 1205 θέ-

2088 1239 2261 1307 λημα,
2295 1239 2437 1293 ὥστε
2478 1242 2578 1313 τὴν
2635 1244 2808 1312 αὐτῆς
2870 1244 3167 1312 θυγατέρα,
3193 1246 3286 1296 τὸν
3318 1243 3537 1296 αἰώνιον
3570 1246 3677 1316 ζῇν

2090 1332 2243 1399 παρὰ
2285 1333 2368 1383 σοὶ
2424 1335 2641 1403 χρόνον.
2687 1335 2973 1404 Τρύφαινα
3034 1335 3090 1386 δὲ
3130 1335 3314 1407 ἔχαιρε
3347 1340 3471 1405 μὲν,
3506 1336 3677 1388 ἀκού-

2093 1436 2233 1472 σαςα
2264 1422 2469 1475 ταῦτα*
2506 1424 2695 1491 ἠνιᾶτο
2735 1425 2790 1478 δὲ
2820 1424 2910 1477 διὰ
2957 1425 3192 1490 Θέκλαν,
3244 1426 3455 1496 θηρίοις
3506 1429 3675 1479 πὲὶιν

2090 1513 2473 1585 ἐνδοθήσεσθαι
2521 1516 2845 1585 μέλλουσαν·
2896 1516 2984 1576 Ὠς
3030 1515 3122 1570 οὖν
3179 1517 3277 1587 ἤδη
3316 1517 3514 1587 ὄρθρος
3578 1513 3670 1587 ἦν’

2092 1604 2310 1674 ἔρχεται
2337 1607 2685 1674 Ἀλέξανδρος
2714 1608 2793 1670 εἰς
2819 1608 2909 1661 τὸν
2942 1604 3092 1660 οἶκον
3113 1607 3431 1677 Τρυφαίνης
3460 1608 3679 1660 Θέκλαν

2092 1697 2311 1751 λαϐεῖν·
2344 1700 2541 1767 ἐκείνῳ
2577 1703 2685 1769 γὰρ
2716 1698 2910 1767 ἔμελλε
2961 1698 3070 1751 τῶν
3124 1700 3491 1766 κυνηγεσίων.
3531 1699 3684 1769 Τρύ-

409 1793 574 1861 igitur
641 1791 859 1854 diluxit,
901 1789 1211 1842 Alexander
1264 1788 1488 1859 (quippe
1547 1788 1635 1842 cui
1683 1785 1987 1847 venationis

2095 1808 2259 1859 φαινα
2280 1790 2335 1843 δὲ
2364 1789 2476 1843 οὗθ’
2506 1789 2682 1842 ὁτιοῦν
2719 1789 3036 1861 παρεχώρει
3087 1790 3238 1860 αὐτῷ
3272 1790 3371 1858 τῆς
3401 1789 3620 1852 Θέκλης
3652 1800 3672 1818 ⁸

416 1884 566 1937 illius
596 1899 730 1939 cura
777 1882 1151 1951 incumbebat)
1193 1881 1415 1935 domum
1472 1881 1788 1951 Tryphmnze
1821 1881 1990 1943 venit,

2093 1881 2250 1945 ἀλλὰ,
2275 1881 2341 1934 Τί
2378 1879 2537 1952 τοῦτο
2569 1896 2585 1946 ;
2639 1879 2780 1949 μέγα
2818 1880 3086 1950 βοήσασα,
3130 1880 3184 1931 τί
3221 1879 3277 1932 δὲ
3304 1880 3555 1948 δεύτερόν
3584 1898 3679 1949 μοι

413 1975 676 2032 Tlieelam
720 1975 1242 2044 comprehensurus.
1302 1974 1576 2028 Ca‘terum
1618 1972 1760 2035 nihil
1805 1972 1894 2026 illa
1939 1970 1990 2025 in

2094 1973 2331 2040 ὲπάγετε
2365 1972 2561 2035 πένθος
2593 1972 2671 2035 εἰς
2705 1970 2803 2041 τὴν
2827 1969 3029 2040 οἰκίαν,
3066 1971 3162 2024 καὶ
3195 1970 3371 2033 οὐδεὶς
3396 1973 3424 2025 ὀ
3464 1972 3680 2042 βοηθή-

414 2068 617 2123 Τιιοιιει
649 2068 752 2140 ipsi
786 2067 1062 2135 permisit,
1098 2065 1218 2131 sed,
1256 2065 1394 2130 Quid
1426 2063 1560 2118 hoc?
1598 2065 1768 2117 altum
1803 2063 1990 2117 excla~

2097 2082 2240 2131 σων;
2274 2065 2371 2116 οὐκ
2398 2064 2560 2132 ἀνὴρ,
2598 2063 2743 2133 χήρα
2781 2062 2889 2132 γὰρ
2918 2062 3068 2132 εἰμί’
3111 2063 3170 2114 οῦ
3202 2061 3412 2127 τέκνον,
3443 2063 3680 2132 τέθνηκε

413 2168 570 2215 mat:
611 2159 742 2227 quid
774 2155 915 2213 hoc?
950 2158 1149 2211 iterum
1178 2156 1313 2213 mihi
1349 2155 1556 2209 luctum
1599 2154 1740 2208 intra
1770 2154 1990 2208 d.:mttm

2096 2158 2227 2225 γάρ;
2269 2156 2326 2207 Ὀ
2361 2154 2492 2216 Θεὸς
2518 2154 2724 2223 Θέκλης
2748 2153 2842 2206 τοῦ
2882 2155 3073 2207 τέκνου
3111 2170 3235 2224 μου,
3276 2154 3471 2223 βοηθὸς
3495 2155 3684 2226 θέκλῃ

410 2250 807 2305 introducitis?
831 2265 1010 2319 neque
1039 2248 1328 2318 quisquam
1363 2258 1468 2314 est,
1498 2247 1586 2317 qui
1624 2262 1783 2318 opem
1817 2245 1990 2301 ferat?

2091 2248 2269 2317 γενοῦ.
2326 2245 2514 2309 Οὕτως
2581 2249 2638 2299 ἐν
2697 2246 2861 2318 ὀδύνῃ
2904 2246 3080 2316 ψυχῆς
3152 2246 3385 2300 είποῦσα
3419 2247 3683 2316 διακενῆς

413 2356 524 2395 non
583 2340 836 2405 maritus,
864 2339 1027 2392 vidua
1066 2339 1212 2392 enim
1267 2354 1386 2392 sum
1439 2356 1451 2392 :
1499 2352 1608 2391 non
1671 2338 1799 2401 tilia,
1861 2337 1990 2391 obiit

2091 2339 2239 2411 ψυχῇ
2270 2337 2627 2407 Ἀλεξάνδρου
2703 2339 3049 2408 ἀποπέμπει.
3103 2338 3378 2392 Μανθάνει
3422 2338 3596 2390 ταῦτα
3653 2340 3685 2391 ὁ

412 2433 617 2502 quippe
645 2447 660 2484 :
698 2431 844 2501 quod
872 2438 1147 2500 superest,
1184 2429 1327 2484 Deus
1347 2429 1469 2483 ﬁlltl!
1498 2444 1631 2483 meae
1659 2427 1899 2494 Theclm,
1926 2436 1983 2482 tu

2098 2430 2345 2499 ἡγεμὼν,
2398 2429 2492 2481 καὶ
2538 2432 2868 2499 στρατιῶται
2918 2429 3235 2482 στέλλονται
3288 2430 3500 2499 Θέκλην
3541 2432 3685 2497 ἁγα-

405 2523 510 2593 ipsi
538 2530 739 2577 auxilio
762 2524 857 2578 sis.
883 2523 1092 2588 Quibus
1118 2538 1332 2577 summo
1356 2537 1588 2577 interere
1615 2523 1783 2576 animi
1806 2520 1988 2587 dictis,
2099 2523 2241 2590 γεῖν.

406 2615 625 2669 inanem
666 2630 696 2670 a
740 2630 800 2671 se
832 2614 1198 2669 Alexandrum
1240 2614 1437 2684 rejicit.
1470 2615 1623 2682 Quod
1664 2614 1752 2670 ubi
1793 2630 1997 2686 praeses
2031 2616 2274 2682 rescivit,
2323 2616 2528 2671 milites
2581 2616 2887 2682 submittit,’
2918 2619 3011 2687 qui
3069 2617 3329 2672 Theclam
3378 2617 3681 2673 adducant.

475 2706 544 2762 Χ.
577 2707 846 2763 Caeterum
891 2707 1215 2778 Tryphaena,
1246 2721 1317 2761 ne
1356 2706 1437 2761 sic
1472 2707 1694 2777 quidem
1732 2724 1759 2760 a
1794 2706 1990 2762 Thecla

2173 2711 2229 2762 l'.
2268 2711 2558 2781 Τρύφαινα
2623 2711 2681 2764 δὲ
2732 2710 2854 2764 οὐδὲ
2894 2709 3068 2774 οὕτως
3122 2712 3390 2780 ἀφίστατο
3442 2712 3683 2779 Θέκλης,

405 2797 718 2862 recedebat,
758 2798 854 2852 sed
896 2805 1150 2866 correpta
1200 2811 1390 2860 manu,
1425 2811 1531 2850 una
1575 2812 1697 2852 cum
1731 2796 1849 2866 ipsa
1876 2796 1990 2851 abi-

2096 2802 2235 2856 ἀλλὰ
2264 2801 2507 2856 λαϐοῦσα
2536 2805 2746 2875 ταύτην
2777 2805 2886 2874 ,τῆς
2923 2806 3126 2875 χειρὸς,
3170 2803 3360 2875 ἀπῄει·
3413 2804 3524 2876 Τὴν
3580 2807 3686 2876 μὲν

406 2891 521 2956 bat,
558 2889 644 2946 his
687 2889 867 2945 verbis
907 2903 1002 2944 usa
1040 2905 1055 2944 :
1094 2885 1281 2941 Filiam
1320 2902 1497 2941 meam
1539 2886 1892 2942 Falconillam
1921 2887 1989 2942 ad

401 2979 715 3046 scpulerum
751 2988 912 3033 antea
966 2977 1303 3033 deduxerant
1340 2993 1356 3031 :
1403 2984 1478 3043 te,
1516 2977 1625 3031 [ilia
1693 2993 1812 3032 mea
1849 2976 1993 3032 The-

2100 2892 2380 2965 θυγατέρα
2423 2894 2525 2966 τὴν
2552 2895 2690 2966 ἐμὴν
2733 2894 3128 2962 Φαλκόνιλλαν,
3178 2895 3437 2964 λέγουσα,
3486 2897 3570 2961 είς
3621 2900 3687 2950 τδ

2102 2986 2369 3055 μνημεῖον
2402 2985 2605 3054 προτοῦ
2635 2985 2976 3058 παρέπεμψα
2996 3000 3010 3017 ο
3045 2986 3105 3039 σὲ
3135 2986 3213 3052 δὲ,
3247 2987 3439 3040 τέκνον
3470 2987 3682 3051 Sintia.

398 3070 510 3136 cla,
546 3084 672 3124 eum
715 3068 909 3123 bestiis
954 3067 1387 3140 depugnaturam
1436 3082 1761 3138 prosequor.
1780 3068 1990 3133 Quibus

2097 3075 2235 3148 πρὸς
2263 3076 2326 3129 τὸ
2367 3076 2580 3147 θηρίοις
2619 3076 2715 3129 νῦν
2740 3077 3013 3147 μάχεσθαι
3041 3077 3425 3147 παραπέμπω.
3456 3077 3688 3131 Τούτων

403 3160 628 3224 auditis,
664 3170 870 3228 martyr
912 3157 969 3212 in
1012 3158 1277 3228 lacrymas
1321 3157 1573 3227 prorupit
1629 3167 1686 3211 et
1718 3158 1992 3227 gemitus:

407 3262 485 3317 et,
514 3252 559 3308 Ο
611 3253 864 3314 Domine,
921 3252 1119 3321 inquit,
1162 3251 1394 3305 Domine
1443 3260 1500 3304 et
1552 3264 1651 3304 rex
1688 3264 1862 3317 meus,
1907 3249 1996 3305 cui

407 3362 509 3421 ego
538 3346 768 3412 credidi,
802 3345 870 3400 ad
904 3360 1066 3415 quem
1109 3344 1354 3413 confugi,
1385 3359 1415 3401 a
1457 3358 1566 3413 quo
1600 3359 1669 3397 ex
1718 3343 1842 3413 igne
1881 3358 1997 3399 ser.

406 3451 529 3501 vata
570 3453 713 3501 sum,
766 3436 935 3492 redde
975 3434 1294 3516 Tryphaena:
1346 3450 1459 3489 suae
1507 3436 1562 3488 in
1604 3450 1693 3489 me
1734 3434 1995 3490 famulam

404 3541 555 3583 tuam
592 3527 973 3592 humanitatis,
993 3527 1252 3597 quodque
1287 3542 1372 3581 'ne
1400 3526 1775 3581 intaminatam
1808 3527 1997 3581 hacte-

402 3632 510 3672 nus
563 3617 905 3683 custodierit,
942 3615 1156 3687 dignam
1200 3616 1534 3669 mercedem.
1575 3614 1865 3671 Tumultus
1902 3619 1994 3671 in-

406 3707 588 3771 terim,
627 3707 808 3778 fragor
836 3714 892 3760 et
929 3705 1137 3759 clamor
1167 3705 1438 3759 maximus
1480 3705 1533 3758 in
1570 3707 1792 3775 populo,
1827 3716 1993 3776 atque

405 3800 546 3855 adeo
578 3797 832 3855 confusio
860 3806 997 3862 erat,
1034 3795 1358 3853 mulieribus
1391 3812 1499 3850 una
1532 3797 1873 3863 sedentibus,
1909 3797 1995 3852 in-

403 3892 692 3960 vicemque
771 3888 1285 3946 contradicentibus
1334 3906 1348 3943 :
1392 3889 1478 3945 bis
1528 3888 1769 3959 quidem,
1823 3889 1995 3947 luduc

401 3982 744 4054 sacrilegam,
777 3982 900 4037 aliis
960 3993 1147 4036 autem
1208 3981 1299 4035 tali
1353 3980 1598 4036 facinore
1646 3983 1871 4038 minime
1899 3999 1990 4040 ac-

402 4074 837 4146 quiescentibus,
865 4074 1336 4143 clamantibusque
1364 4089 1381 4131 ;
1409 4075 1522 4129 Cur
1553 4091 1654 4128 nos
1695 4091 1935 4145 quoque,
1960 4090 1993 4129 ι)

402 4180 626 4236 praeses,
673 4181 865 4220 omnes
918 4182 1030 4219 non
1088 4182 1197 4221 una
1251 4166 1434 4222 tollis?
1482 4183 1802 4236 perversum
1841 4168 1992 4238 judi-

402 4260 574 4322 cium,
598 4260 801 4327 iniusta
837 4258 892 4310 in
924 4257 1188 4327 virginem
1224 4258 1328 4311 lata
1358 4259 1649 4313 sententia.
1679 4260 1879 4313 'lhecla
1910 4261 1994 4313 iu-

405 4351 565 4404 terim
616 4363 687 4403 ex
737 4348 991 4401 manibus
1032 4348 1389 4419 'l‘hryphwnze
1440 4357 1625 4417 erepta
1669 4351 1988 4416 exuebatur,

2095 3170 2128 3236 ἠ
2189 3167 2403 3237 μάρτυς
2447 3167 2752 3234 ἀκούσασα,
2798 3169 2881 3231 είς
2943 3167 3155 3237 δάκρυά
3181 3184 3240 3220 τε
3280 3169 3531 3239 προήχθη
3585 3170 3687 3222 καὶ

2098 3258 2460 3328 στεναγμοὺς,
2479 3260 2596 3323 καὶ,
2625 3260 2690 3311 Ὤ
2722 3258 2914 3332 Κύριε,
2936 3259 3060 3328 ἔφη,
3088 3260 3261 3330 Κύριέ
3281 3278 3382 3330 μου
3408 3263 3500 3313 καὶ
3524 3259 3653 3328 βασι
3671 3293 3686 3304 ο

2094 3348 2211 3414 λεῦ,
2243 3342 2290 3418 ᾧ
2320 3350 2430 3418 ἐγὼ
2478 3350 2799 3416 ἐπίστευσα,
2827 3352 2914 3419 ἐφ’
2949 3351 3008 3404 ὃν
3057 3351 3169 3417 ἐγὼ
3210 3351 3546 3420 κατέφυγον,
3588 3355 3687 3406 καὶ

2097 3442 2273 3512 πυρὸς
2306 3441 2606 3513 ὲρῤύσθην,
2637 3443 2835 3506 ἀπόδος
2863 3441 3061 3512 μισθὸν
3090 3442 3241 3508 ἄξιον
3268 3443 3555 3513 Τρυφαίνῃ
3582 3445 3686 3513 τῆς

2097 3533 2234 3601 πρὸς
2290 3551 2358 3603 με
2407 3533 2506 3603 τὴν
2546 3534 2741 3604 δούλην
2792 3550 2888 3586 σου
2944 3533 3320 3602 συμπαθείας,
3354 3535 3450 3587 καὶ
3480 3535 3562 3587 ὅτι
3615 3552 3684 3604 με

2094 3627 2269 3688 οὕτως
2300 3626 2473 3695 ἁγνὴν
2502 3626 2826 3681 διεσώσατο.
2876 3626 3122 3698 Θόρυϐος
3160 3625 3254 3680 οῦν
3287 3627 3381 3678 καὶ
3426 3626 3675 3693 πάταγος

2096 3716 2189 3769 καὶ⁵
2233 3716 2335 3786 βοὴ
2371 3716 2601 3787 πλείστη
2641 3716 2735 3770 τοῦ
2779 3718 2954 3787 δήμου
2992 3719 3086 3769 καὶ
3132 3718 3358 3785 ἔγχυσις
3381 3711 3471 3786 ἦν,
3492 3733 3683 3783 γυναι-

2094 3808 2209 3861 κῶν
2238 3826 2296 3861 τε
2320 3808 2457 3878 ὁμοῦ
2482 3809 2960 3880 παρεδρευουσῶν,
2980 3810 3076 3862 καὶ
3098 3808 3360 3879 ἀλλήλαις
3388 3807 3687 3876 ἀντιφθεγο

2093 3900 2369 3971 γομένων,
2402 3902 2496 3956 καὶ
2533 3901 2643 3955 τῶν
2669 3900 2791 3969 μὲν,
2818 3901 3097 3969 Εἰσάγαγε
3128 3902 3225 3969 τὴν
3257 3900 3561 3969 ἱερόσυλον,
3596 3902 3685 3952 λε-

2092 3994 2472 4062 γουσῶνοτῶν
2534 3994 2590 4047 δὲ
2645 3997 2759 4056 τοῖς
2810 3992 3119 4063 γινομένοις
3179 3993 3680 4063 ἀπαρεσκομένων,

2093 4088 2207 4151 καὶ,
2239 4086 2304 4138 Τί
2343 4086 2417 4158 μὴ
2447 4087 2563 4140 καὶ·
2597 4074 2778 4149 πάσας
2810 4085 2991 4155 αἴρεις
3036 4086 3206 4155 ἡμᾶς,
3246 4083 3506 4154 ἡγεμὼνς
3566 4087 3686 4138 ἐπι·

2095 4179 2498 4248 φθειρομένων
2539 4177 2685 4247 κακὴ
2721 4178 2924 4247 κρίσις,
2970 4176 3152 4239 ἄδικος
3185 4176 3324 4228 κατὰ
3356 4176 3454 4242 τῆς
3477 4177 3686 4247 παρθέ-

2093 4286 2186 4321 νου
2221 4271 2520 4338 άπόφασις.
2566 4269 2630 4321 Ἠ
2665 4269 2845 4321 Θέκλα
2876 4269 3056 4321 τοίνυν
3085 4270 3166 4331 είς
3217 4270 3405 4337 χεῖρας
3432 4268 3680 4338 Τρυφαίο

2097 4376 2194 4430 νης
2221 4362 2490 4429 ληφθεῖσα
2533 4359 2828 4430 περιεόύθη
2856 4373 2873 4391 ο
2903 4359 2996 4412 καὶ
3026 4359 3271 4412 λαϐοῦσα
3299 4358 3575 4430 διάζωμα,
3606 4364 3682 4424 εἰς

404 4448 463 4491 et
493 4447 713 4523 sumpto
753 4437 1106 4507 subligaculo,
1152 4441 1209 4491 in
1241 4438 1447 4492 circum
1479 4439 1708 4508 impulsa
1750 4449 1855 4506 est,
1882 4441 1990 4495 leo-

2100 4452 2161 4503 τὸ
2187 4452 2404 4506 στάδιον
2426 4451 2714 4522 ἐνεϐλήθη,
2750 4452 2964 4515 λέοντές
2987 4469 3045 4504 τε
3078 4454 3174 4505 καὶ
3204 4452 3396 4523 ἄρκτοι
3420 4453 3683 4519 ἀφίενται

402 4515 615 4602 nesque
642 4545 697 4586 et
749 4534 862 4586 ursi
904 4533 959 4585 in
1015 4534 1185 4602 ipsam
1221 4532 1475 4587 immissi.
1521 4534 1670 4588 Inter
1714 4549 1853 4604 quos
1884 4550 1991 4589 una

401 4630 575 4681 lca-na
605 4623 816 4678 car-teris
848 4624 1018 4695 magis
1038 4624 1204 4679 ell'era
1234 4628 1524 4680 confestim
1554 4626 1623 4681 ad
1656 4628 1821 4697 pedes
1850 4643 1995 4680 mar-

404 4716 539 4787 tyris
568 4730 627 4770 se
658 4715 1000 4785 proclinavit.
1051 4717 1170 4780 Quo
1203 4718 1320 4771 viso
1351 4718 1671 4772 acclamatio
1728 4734 1827 4787 per
1869 4734 1991 4771 mu-

400 4805 601 4861 lierum
677 4822 870 4877 agmen
932 4811 1183 4876 protinus
1219 4818 1316 4863 est
1366 4820 1682 4862 consecuta.
1747 4810 1991 4878 Cumque

403 4915 529 4953 ursa
556 4899 623 4954 ad
652 4909 897 4954 sanctam
950 4904 1090 4953 hanc
1120 4901 1381 4969 virginem
1429 4909 1769 4965 accurreret,
1796 4901 1987 4967 leaena,

405 5000 465 5045 ut
508 4991 557 5046 ei
599 5002 987 5062 propugnaret,
1038 4992 1252 5045 obviam
1297 5000 1603 5061 progressa,
1645 5008 1826 5046 ursam
1873 4995 1990 5050 dis-

401 5085 630 5154 cerpsit.
663 5084 866 5139 Deinde
898 5085 985 5138 leo
1022 5084 1087 5138 ad
1121 5084 1372 5139 homines
1396 5086 1740 5141 devorandos
1778 5089 1992 5141 exerci-

402 5186 572 5243 tatus,
604 5176 698 5245 qui
732 5176 1023 5231 Alexandri
1053 5185 1197 5239 erat,
1233 5177 1289 5231 in
1337 5177 1512 5247 ipsam
1545 5195 1764 5248 quoque
1795 5182 1992 5235 incita-

344 5291 353 5295 ·
403 5280 515 5324 tur.
551 5267 688 5323 Cum
720 5285 828 5338 quo
850 5270 979 5323 dum
1020 5271 1191 5325 leaena
1217 5269 1471 5325 similiter
1501 5272 1552 5324 in
1589 5284 1868 5328 certamen
1898 5289 1991 5327 ve-

400 5360 505 5424 nit,
561 5369 791 5430 uterque
842 5372 1035 5416 mutuo
1087 5361 1293 5415 laniatu
1358 5371 1611 5432 pereunt.
1645 5363 1764 5428 Quo
1823 5364 1987 5429 facto,

401 5454 988 5525 maximaqueinterim
1013 5453 1252 5509 ferarum
1282 5455 1438 5523 copia
1470 5456 1522 5508 in
1551 5456 1696 5508 illaut
1723 5455 1986 5522 immissa,

401 5554 552 5599 stans
578 5556 783 5612 erecta,
817 5546 884 5601 ad
912 5547 1084 5601 Deum
1133 5561 1326 5616 preces
1371 5542 1627 5601 faciebat!
1649 5546 1861 5613 Quibus
1893 5548 1991 5603 ab-

401 5637 617 5704 solutis,
664 5653 946 5705 conversa,
987 5639 1167 5693 laeum
1221 5641 1369 5694 videt
1412 5654 1565 5710 aqua:
1607 5639 1828 5709 plenum
1868 5650 1989 5703 :ct,

398 5723 579 5791 Nune,
636 5728 828 5798 inquit,
875 5736 1089 5801 tempus
1139 5742 1224 5788 est
1252 5724 1329 5786 ‘ut
1375 5730 1586 5797 aliluar,
1618 5738 1672 5785 et
1722 5746 1822 5784 una
1868 5747 1989 5787 cum

2096 4544 2217 4599 κατ’
2247 4544 2441 4613 αὐτῆς.
2473 4545 2587 4598 Μία
2615 4543 2748 4612 γοῦν
2779 4544 2991 4611 λέαινα,
3009 4546 3120 4598 τῶν
3139 4546 3313 4599 ἄλλων
3337 4547 3681 4616 ἀγριωτέρα,

2098 4638 2196 4690 σὺν
2231 4635 2386 4705 τάχει
2409 4635 2563 4706 παρὰ
2583 4636 2712 4698 τοὺς
2744 4635 2915 4699 πόδας
2945 4636 3042 4704 τῆς
3078 4639 3359 4707 μάρτυρος
3389 4637 3681 4707 ἀνεκλὶθη,

2093 4729 2193 4780 καὶ
2219 4728 2281 4779 τὸ
2299 4727 2407 4779 τῶν
2433 4728 2713 4794 γυναικῶν
2733 4726 2934 4797 πλῆθος
2963 4728 3120 4789 εὐθὺς
3142 4728 3476 4797 ἐπεϐόησαν.
3549 4732 3683 4798 "Ap.

2093 4837 2222 4873 κτου
2245 4819 2303 4872 δὲ
2335 4822 2401 4888 τῇ
2423 4819 2557 4889 ἁγίᾳ
2578 4817 3008 4889 ὲπιδραμούσης,
3047 4820 3078 4886 ἡ
3111 4817 3319 4880 λέαινα,
3360 4818 3552 4886 ὥςπερ
3584 4824 3681 4871 αύ-

2092 4914 2190 4981 τῆς
2229 4910 2672 4980 προασπίςουσα,
2719 4908 2998 4978 ὑπήντησε
3040 4925 3101 4960 τε
3132 4913 3221 4962 καὶ
3259 4909 3518 4979 διέρρηξε
3556 4910 3684 4961 ταύ-

2091 5019 2215 5072 την.
2253 5003 2492 5055 Ἔπειτα
2526 5001 2664 5053 λέων
2691 5002 2917 5069 ἀφίεται
2952 5001 3075 5053 κατ’
3132 5002 3340 5070 αὐτῇςο
3390 5004 3450 5064 ὃς
3526 5003 3680 5053 Ἀλε-

2095 5092 2320 5163 ξάνδρου
2356 5096 2456 5162 μὲν
2487 5090 2578 5164 ἦν,
2606 5096 2816 5165 ἤσκητο
2835 5095 2891 5147 δὲ
2919 5093 3245 5166 ἀνθρώπους
3293 5094 3631 5164 β.6ρώσκειν
3658 5107 3673 5123 ⁸

2014 5230 2065 5300 ζ
2091 5179 2135 5253 ᾧ
2167 5184 2263 5237 καὶ
2286 5185 2437 5254 αὐτῷ
2468 5187 2568 5256 τῆς
2596 5186 2813 5255 λεαίνης
2858 5187 2993 5257 πρὸς
3030 5187 3354 5256 συμπλοκὴν
3382 5186 3670 5255 ἐλθούσης,

2095 5279 2449 5347 ἀναιροῦνται
2481 5278 2574 5330 ὑπ’
2595 5278 2845 5349 ἀλλήλων
2876 5281 3200 5349 ἀμφότεροι.
3229 5280 3339 5331 Καὶ
3358 5280 3482 5331 τότε
3501 5279 3678 5332 πολλὰ

2091 5369 2199 5422 τῶν
2233 5369 2453 5438 θηρίων
2469 5371 2720 5438 ἀφιᾶσιν,
2746 5370 2992 5439 ἑστώσης
3024 5369 3253 5435 Θέκλης,
3295 5370 3389 5419 καὶ
3438 5385 3677 5438 προσευ-

2092 5462 2330 5531 χομένης
2353 5460 2493 5529 Θεῷ.
2539 5460 2694 5513 Ἐπεὶ
2733 5461 2791 5514 δὲ
2822 5462 2917 5513 καὶ
2951 5462 3101 5523 τέλος
3125 5458 3269 5531 εἶχεν
3300 5462 3334 5526 ή
3364 5461 3675 5530 προσευχῆς

2093 5554 2516 5622 ὲπιστραφεϊσα,
2559 5551 2762 5605 λάκκον
2824 5554 2949 5623 ὁρᾷ,
3002 5554 3198 5622 μεστὸν
3263 5553 3477 5616 ὓδατος.
3508 5549 3676 5618 Εἶτα,

2092 5644 2203 5698 Νῦν
2224 5644 2434 5715 καιρὸς,
2465 5644 2591 5715 ἔφη,
2624 5645 2718 5697 τοῦ
2745 5644 3040 5698 λούσασθαί
3063 5662 3130 5714 με
3151 5662 3164 5675 υ
3195 5645 3289 5697 καὶ
3331 5646 3447 5714 ἅμα
3503 5645 3675 5710 καθῆ-

2094 5752 2188 5789 κεν
2209 5738 2408 5806 ὲαυτὴν
2429 5737 2505 5799 είς
2527 5738 2587 5788 τὸ
2613 5736 2775 5805 ὕδωρ,
2810 5737 2896 5790 Ἰἰν
2918 5737 2993 5808 τῷ
3010 5738 3232 5806 ὀνόματί
3263 5754 3380 5802 σου,
3409 5739 3669 5805 λέγουσα,
