4002 6432
331 323 441 386 ΒἿἾ

1517 316 1987 376 MARTYRIUM
2029 315 2088 376 S.
2132 315 2475 377 THECLIE.

3510 308 3622 372 898

331 436 507 505 Κύριε
566 429 744 501 Ἰησοῦ
795 430 1024 497 Χρεστὲ,
1076 432 1142 500 τῇ
1207 428 1472 500 ὑστεραίᾳ
1533 428 1663 499 τῇδε
1739 425 1924 499 ἡμέρᾳ

2028 426 2178 482 dicto
2221 442 2282 483 se
2338 429 2392 482 in
2452 440 2648 496 aquam
2702 423 2966 495 coniecit,
3008 423 3069 479 In
3115 423 3339 478 nomine
3374 430 3490 485 tuo,
3544 424 3629 478 in-

330 522 697 597 βαπτίζομαι.
734 522 801 576 Ai
846 521 1031 591 μέντοι
1099 522 1361 589 γυναῖκες
1434 518 1913 590 περιπαθήσασαι,

329 617 427 670 καὶ
449 611 638 668 οἶκτον
667 612 844 681 αὐτῆς
880 611 1148 665 λαϐοῦσαι
1173 628 1187 642 ⁸
1225 614 1320 664 καὶ
1351 609 1533 674 ἔδοξεν
1564 610 1758 672 αὐτοῖς
1781 609 1919 662 ἀπο-

329 707 583 761 λεῖσθαυ
622 707 713 775 Μὴ
744 705 888 759 οὓτω
924 705 1156 774 δράσῃς,
1205 704 1539 771 ἐπεϐόησαν.
1580 703 1653 755 Οὐ
1689 703 1919 763 ταύταις

327 799 384 851 δὲ
414 800 599 869 μόνον,
630 797 771 853 ἀλλὰ
806 797 899 848 καὶ
930 795 1080 867 αὐτῷ
1110 796 1187 864 τῷ
1214 796 1470 866 ἡγεμόνι,
1523 795 1709 856 ἐλέους
1769 793 1918 857 ἄξιον

326 888 600 957 ἐνομίσθη
653 887 713 939 τὸ
743 887 994 955 γεγονὸς,
1051 889 1099 940 εἰ
1157 887 1353 949 κάλλος
1402 886 1547 939 οὕτω
1603 886 1919 956 θαυμαστὸν

330 979 666 1032 ἀπολέσειαν
692 980 749 1031 αἱ
786 978 866 1050 τῷ
897 977 1055 1031 ὕδατι
1105 977 1455 1049 ὲμπαροῦσαι
1484 980 1692 1047 φῶκαι.
1747 978 1919 1029 Τοῦτο

329 1070 388 1122 δὲ
413 1070 514 1122 οὐκ
571 1068 800 1139 ἔμελλεν
858 1069 1105 1135 ἔσεσθαι,
1151 1072 1275 1124 ἐπεὶ
1316 1071 1452 1140 μηδὲ
1490 1071 1683 1140 ἠμέλει
1709 1068 1919 1139 Θέκλης

333 1163 593 1233 Χριστὸς,
627 1156 691 1215 οὗ
724 1163 912 1231 ἐκείνη
939 1162 1070 1233 ὃλην
1103 1162 1303 1232 ἑαυτὴν
1336 1164 1667 1231 ἀνήρτησεν.
1699 1162 1919 1230 Ἀμέλει

330 1254 507 1322 πυρὸς
554 1258 650 1307 καὶ
688 1258 981 1325 ἀστραπῆς
1036 1256 1242 1324 φέγγος
1293 1257 1413 1311 ταῖς
1446 1254 1661 1323 φώκαις
1718 1256 1918 1320 ἐπιφα·

329 1346 443 1411 νὲν,
484 1349 687 1415 νεκρὰς
736 1349 915 1409 πάσας
970 1348 1316 1400 ἀναπλεῦσαι
1370 1349 1671 1415 πεποίηκε’
1708 1346 1918 1398 Θέκ).αν

326 1435 382 1488 δὲ
414 1435 616 1505 νεφέλη
662 1438 836 1507 πυρὸς
871 1439 1220 1502 ἐπεσκίαζεν,
1250 1439 1278 1491 ὃ
1304 1440 1366 1492 ού
1422 1440 1584 1508 μόνον
1638 1437 1917 1509 ἄψαυατον

327 1528 501 1599 αὐτὴν
525 1531 640 1593 τοῖς
667 1530 864 1600 θηρσὶν
919 1533 1116 1596 ἐποίει,
1170 1532 1312 1584 ἀλλά
1366 1536 1461 1584 καὶ
1519 1531 1737 1601 γυμνὴν
1782 1530 1920 1582 θεω-

329 1622 544 1691 ρεῖσθαι
604 1623 798 1692 μηδενὶ
854 1627 1136 1694 παρεῖχεν.
1172 1627 1237 1676 Al
1299 1629 1561 1693 γυναῖκες
1618 1623 1676 1675 δὲ
1732 1623 1913 1687 πάλιν,

328 1715 538 1782 ἐτέρων
562 1715 966 1785 ὲπιϐὶιηθεισῶν
1023 1720 1159 1786 αὐτῇ
1197 1719 1428 1787 θηρίων,
1458 1714 1731 1783 ἠλάλαξαν
1754 1734 1769 1746 ·
1824 1719 1918 1767 καὶ

2027 520 2243 589 quiens,
2277 519 2506 574 Domine
2527 519 2658 574 Jesu
2683 519 2923 582 Christe,
2953 519 3055 573 hac
3078 519 3266 571 ultima
3304 516 3393 571 die
3422 516 3624 587 tingor.

2028 608 2284 664 Mulieres
2330 611 2546 663 interim
2599 610 2957 665 vehementer
3007 609 3340 669 iudoleutes,
3393 608 3627 675 ejusque

2027 701 2512 757 commiseratione
2552 702 2720 770 (quod
2752 709 3011 770 putarent
3063 701 3206 754 illam
3260 716 3381 752 mox
3414 702 3623 767 petitu-

2026 798 2166 863 ram)
2200 804 2508 859 commotae,
2538 794 2617 848 Ne
2652 796 2724 849 ita
2760 795 2948 856 facias,
2980 797 3288 848 exclamant
3319 813 3330 845 :
3365 810 3399 846 n
3424 813 3463 845 ϊ
3492 795 3625 862 ipsis

2026 888 2211 949 modo,
2244 888 2335 941 sed
2360 887 2462 963 ipsi
2494 903 2712 957 quoque
2750 888 2964 956 praesidi
2998 889 3047 939 id
3083 887 3298 941 facinus
3329 887 3624 939 eotmn'he-

2029 978 2240 1032 ratione
2274 979 2499 1046 dignum
2524 980 2828 1040 videbatur,
2864 979 2907 1032 si
2943 980 3151 1047 phoen.
3180 994 3301 1046 qua:
3323 993 3355 1032 a
3380 1000 3408 1037 ιι
3434 996 3477 1031 ω
3505 994 3624 1031 inc-

2008 1081 2184 1157 'rant,
2219 1072 2682 1141 pulchritudinem
2714 1074 2849 1127 adeo
2879 1074 3252 1126 adnirabileni
3285 1083 3469 1126 es~cat
3506 1090 3627 1141 νεί-

2026 1169 2240 1221 ἁὶιιιτῖρ.
2299 1166 2573 1221 Caeteer
2636 1183 2983 1235 nequaquam
3040 1167 3089 1219 id
3150 1166 3398 1219 futurum
3459 1176 3622 1219 erat:

2026 1259 2247 1327 quando
2285 1256 2563 1320 Christus,
2593 1274 2658 1311 cx
2703 1274 2812 1324 quo
2856 1258 2943 1310 illa
3000 1269 3107 1311 tota
3161 1259 3449 1326 pendebat,
3480 1257 3626 1310 The—

2026 1348 2122 1401 cla:
2157 1365 2341 1402 curam
2386 1353 2629 1419 gerebat.
2666 1349 2940 1417 Splendor
2986 1365 3186 1417 qnippe
3223 1349 3364 1417 ignis
3415 1356 3469 1401 et
3522 1349 3628 1401 ful-

2026 1440 2209 1502 minis,
2244 1456 2413 1509 super
2462 1442 2667 1509 phocas
2704 1441 2999 1507 refulgens,
3037 1439 3159 1491 illas
3206 1453 3400 1491 omnes
3430 1454 3624 1505 super-

2026 1542 2282 1587 natantcs
2337 1534 2596 1588 exstinxit
2642 1551 2656 1587 :
2702 1532 2964 1585 Thcclam
3023 1545 3156 1583 vero
3228 1530 3404 1583 nubes
3465 1530 3622 1599 ignta

2027 1625 2384 1687 obumbrans,
2413 1640 2522 1678 non
2572 1624 2755 1677 solum
2787 1622 2916 1675 feris
2956 1622 3323 1676 inviolabilem
3365 1619 3622 1684 reddidit,

2025 1720 2123 1773 sed
2156 1733 2260 1773 nec
2294 1720 2494 1792 undam
2527 1732 2554 1769 a
2591 1731 2867 1785 quoquam
2914 1714 3157 1782 conSpici
3201 1715 3468 1781 permisit.
3507 1712 3621 1765 ilu-

333 1808 360 1875 ἡ
387 1808 487 1874 μὲν
519 1807 741 1874 νάρδου,
777 1810 807 1875 ἡ
839 1808 893 1860 δὲ
924 1810 1145 1874 κασίας,
1175 1810 1283 1878 ἡδὲ
1314 1808 1575 1878 ἀμώμου,
1668 1808 1726 1860 δὲ
1751 1808 1915 1863 ἄλλου

2026 1810 2188 1863 lieres
2213 1817 2416 1870 autem,
2450 1807 2569 1860 aliis
2633 1822 2849 1858 nui-smn
2880 1805 2932 1857 in
2962 1805 3105 1857 illam
3137 1804 3328 1857 bestiis
3355 1803 3618 1860 incitatis,

329 1899 510 1968 μύρου
546 1900 685 1969 αὐτῇ
746 1900 1070 1963 ἑπέδαλλον,
1119 1900 1191 1961 ὼ,
1234 1900 1462 1953 θεοειδεί
1512 1901 1689 1961 ἄλλως
1749 1919 1919 1971 προσ-

325 1990 558 2059 ἐχουσαι
581 1991 752 2062 ταύτῃ
784 2032 798 2056 ,
850 1996 942 2045 καὶ
970 1996 1245 2064 κρείττονι
1279 1995 1505 2058 πάντως
1533 1994 1566 2064 ἢ
1623 1996 1766 2047 κατὰ
1818 1995 1915 2048 ἄν-

326 2082 573 2153 θρωεον.

402 2332 508 2386 ΙΑ’.
542 2332 725 2385 Πάντα
760 2331 817 2384 δὲ
848 2333 914 2386 τὰ
943 2332 1215 2402 ἀφεθέντα
1251 2336 1337 2389 ἐπ’
1383 2336 1555 2408 αὐτὴν
1600 2337 1788 2407 θηρία,
1823 2334 1915 2393 οἶά

326 2442 440 2478 τινι
460 2425 637 2495 φιμῷ,
669 2428 702 2495 ἢ
728 2425 884 2496 κάρῳ
912 2430 1343 2497 κατασχεθέντα,
1367 2429 1488 2482 οὐδὲ
1508 2429 1682 2502 βραχὺ
1708 2432 1918 2503 ἥψαντο

327 2519 558 2587 ταύτης,
611 2519 687 2582 ὡς
716 2523 807 2571 τὸν
872 2520 1234 2591 Ἀλέξανδρον
1263 2521 1567 2576 ἀπειπόντα
1602 2527 1716 2586 τοῖς
1752 2525 1917 2592 ὅλοις,

333 2606 545 2679 Ὶάὖροί
576 2626 634 2661 τε
666 2609 798 2681 παρ’
821 2613 948 2681 ἐμοὶ
972 2612 1197 2682 φοϐεροὶ
1223 2611 1367 2678 λίαν,
1398 2614 1535 2684 πρὸς
1562 2615 1653 2667 τὸν
1673 2617 1920 2686 ἡγεμόνα

331 2698 504 2766 φάναι
541 2711 556 2726 ⁶
594 2698 806 2764 τούτοις
842 2699 933 2753 οὖν
961 2703 1356 2773 προσδήσωμεν
1391 2703 1634 2757 Θέκλαν·
1667 2708 1920 2758 κάκεῖνον

331 2791 836 2859 ὲπιστυγνάσαντα,
866 2794 939 2845 Τὸ
970 2793 1162 2849 δοκοῦν
1190 2812 1295 2860 σοι,
1333 2799 1531 2864 εἰπεῖν,
1580 2799 1747 2857 ποίει,
1793 2800 1917 2852 Ἑκς

331 2882 600 2947 δύσαντες
621 2884 804 2937 τοίνυν
854 2885 964 2939 τῶν
1004 2887 1181 2940 ποδῶν
1214 2888 1426 2942 Θέκλαν
1454 2890 1621 2959 μέσον
1647 2892 1757 2944 τῶν
1787 2892 1920 2946 ταύ-

334 2991 449 3044 ρων
489 2975 821 3042 ὲξάπτουσιν
846 2994 859 3008 ·
891 2975 1012 3033 εἶτα
1067 2981 1396 3051 πυρωῗνέντα
1441 2983 1638 3053 σίδηρα
1686 2988 1799 3048 τοῖς
1829 2987 1917 3041 αι-

332 3067 499 3130 δοίοις
531 3070 756 3123 ἐκείνων
785 3071 1159 3139 ὑποτιθοῦσιν,
1184 3074 1254 3127 ἵν’
1286 3076 1430 3129 οὕτω
1477 3076 1919 3150 διαταραχθέντα

331 3160 402 3211 τὰ
444 3156 585 3223 ζῶα,
618 3162 713 3214 καὶ
765 3163 866 3235 τὴν
925 3164 1165 3234 φυσικὴν
1219 3168 1524 3241 ἀγριότητα
1579 3172 1674 3223 ἐπὶ
1716 3173 1918 3242 μᾶλλον
1945 3155 1989 3214 c

330 3249 711 3319 ἐρεθισθέντα,
747 3253 1021 3309 ἑλκύσωσί
1054 3274 1113 3310 τε
1164 3258 1529 3333 θρασύτερον,
1563 3262 1662 3318 καὶ
1714 3264 1918 3319 ἀπολέο

332 3356 473 3394 σωσι
502 3343 733 3400 Θέκλαν.
789 3345 953 3401 Ἀλλὰ
982 3351 1079 3403 καὶ
1110 3350 1290 3416 οὕτως
1325 3349 1466 3425 ἦσαν
1501 3355 1761 3427 ἄπρακτα
1803 3359 1923 3412 δια·

334 3437 743 3507 μηχανώμενοι·
780 3443 873 3495 καὶ
898 3461 920 3494 ι
975 3444 1038 3497 Ἠ
1093 3445 1297 3512 ἀδικία,
1332 3447 1395 3500 τὸ
1433 3448 1527 3500 τοῦ
1565 3449 1712 3503 θείου
1750 3454 1918 3519 φάναι

331 3527 522 3592 Δαῆὶδ,
547 3527 816 3597 ἐψεύσατο
844 3533 1069 3603 ἑαυτήν.
1109 3552 1129 3585 ι
1163 3535 1342 3596 Εὐθὺς
1368 3535 1479 3607 γάρ
1511 3536 1564 3588 οἱ
1591 3538 1692 3606 μὲν
1723 3539 1916 3610 ταῦροι

332 3617 560 3688 ἥλλοντο
588 3620 760 3675 δεινὸν
782 3623 1114 3695 ὲμὸοῶντεζ,
1149 3627 1227 3696 τῷ
1279 3628 1418 3698 πυρὶ
1443 3629 1500 3682 δὲ
1557 3633 1623 3682 τὰ
1651 3632 1920 3700 παρακεί-

338 3728 481 3782 μενα
506 3714 617 3767 τῶν
652 3715 837 3768 κάλων
875 3716 1050 3787 δεσμὰ
1097 3720 1448 3791 κατεκαύθη*
1490 3724 1584 3774 καὶ
1612 3719 1682 3795 ἦν
1729 3724 1920 3789 ἄνετος

333 3803 538 3871 Θὲκλα,
587 3807 680 3858 καὶ
710 3806 786 3870 ὡς
835 3809 895 3860 ού
951 3808 1210 3881 δεδεμένη
1257 3813 1317 3864 ἐν
1377 3811 1454 3883 τῷ
1498 3814 1717 3883 σταδίῳ.
1751 3814 1921 3869 Τοῦτο

336 3896 506 3964 φόϐον
541 3895 767 3951 ἐνέϐαλε
810 3899 961 3971 πάσῃ
1003 3903 1069 3972 τῇ
1127 3902 1307 3957 πόλει.
1336 3903 1625 3975 Τρύφαινα
1652 3905 1711 3960 δὲ
1757 3908 1921 3961 πάθει

336 3984 636 4056 ληφθεῖσα,
669 3992 885 4059 νεκροῖς
934 3990 1121 4061 ὁμοία,
1167 3995 1304 4064 πρὸς
1356 3998 1472 4060 τοῖς
1512 3996 1706 4062 ἄδαξιν
1738 4000 1923 4070 ὼρᾶτο

337 4077 588 4150 κειμένη.
632 4079 985 4153 Ἀλέξανδρός
1010 4099 1070 4135 τε
1102 4083 1292 4154 αύτὺέ,
1350 4086 1420 4140 τὰ
1456 4089 1672 4157 μεγάλα
1711 4090 1921 4156 δείσας,

334 4170 532 4242 ὶδεήθη
564 4169 659 4224 τοῦ
707 4173 976 4243 ἡγεμόνος
1020 4175 1280 4247 ἀνεθῆναι
1332 4177 1542 4232 Θέκλαν
1570 4196 1584 4209 '
1637 4182 1728 4254 Μή
1765 4172 1919 4250 ποτε,

333 4261 534 4329 λέγων,
557 4265 709 4334 καὶὴ
740 4264 893 4327 πόλις
945 4267 1042 4319 σὺν
1081 4268 1164 4322 σοί
1216 4286 1277 4322 τε
1312 4270 1407 4322 καὶ
1456 4272 1582 4341 ἐμοὶ
1620 4275 1919 4345 ἀπόληται.

336 4353 527 4409 Ταῦτα
555 4355 664 4427 γὰρ
695 4359 746 4411 εἰ
804 4359 1048 4413 ἀκουστά
1085 4362 1315 4431 γένηται
1344 4366 1611 4438 Καίσαρι,
1652 4370 1746 4422 καὶ
1782 4369 1921 4441 ὅπερ

336 4448 626 4520 Τρύφαινα
684 4450 720 4521 ἡ
796 4451 1071 4523 συγγενὴς
1144 4455 1313 4509 αὑτοῦ
1371 4458 1544 4521 πάθος
1611 4462 1689 4531 (l)
1749 4462 1920 4532 ἄρδην

338 4541 585 4605 ἅπαντας
612 4520 829 4597 ἀπολεῖ.
876 4520 1399 4618 Μεταπεμψάμενος
1459 4520 1555 4603 οὖν
1670 4520 1921 4624 ’ἡγεμών
1954 4520 1996 4575 D

338 4634 551 4689 θέκλαν
581 4638 647 4688 ἐκ
679 4637 849 4707 μέσου
882 4637 946 4708 δὴ
977 4639 1072 4692 τοῦ
1106 4639 1338 4712 θεάτρου
1368 4659 1381 4672 ·
1427 4645 1523 4708 Τίς
1561 4642 1611 4698 εί
1656 4650 1762 4713 σύ;
1809 4649 1926 4718 διη-

343 4726 511 4797 ρώτα,
541 4729 637 4781 καὶ
660 4730 784 4782 τίνα
812 4731 882 4783 τὰ
915 4732 1049 4801 περὶ
1083 4733 1168 4798 σὲ,
1200 4735 1283 4787 ὅτι
1315 4735 1452 4806 μηδὲ
1483 4735 1541 4790 ἓν
1573 4737 1682 4793 τῶν
1718 4739 1926 4810 θηρίων

339 4820 518 4891 ῆψατό
550 4838 682 4889 σου;
720 4820 786 4874 Ἦ
820 4822 876 4875 δὲ
901 4824 1095 4894 Δούλη,
1124 4823 1251 4896 ἔφη,
1279 4828 1394 4897 είμὶ
1421 4826 1557 4880 Θεοῦ
1585 4828 1679 4881 τοῦ
1704 4830 1927 4895 ζῶντος.

341 4915 421 4967 Τὰ
461 4915 519 4967 δὲ
547 4915 680 4987 περὶ
710 4915 813 4985 ἐμὲ
845 4916 1023 4970 ταῦτά
1059 4921 1235 4986 ἐστιν,
1273 4920 1356 4972 ὅτι
1388 4922 1468 4983 εἰς
1516 4921 1577 4975 ὃν
1627 4923 1925 4994 εὐδόκησεν

342 5008 472 5062 Υιὺν
502 5008 668 5062 αὐτοῦ
730 5010 942 5081 Ἰησοῦν
984 5012 1223 5082 Χριστὸν
1274 5015 1659 5069 πεπίστευκεν
1717 5019 1848 5088 παρ’
1895 5017 1924 5070 ὃ

340 5102 463 5154 οὐδὲ
484 5101 546 5155 ἓν
571 5120 676 5173 μου
727 5104 837 5158 τῶν
883 5105 1090 5175 θηρίων
1141 5106 1401 5176 ἔψαυσεν,
1454 5108 1618 5172 αὐτὸς
1672 5112 1782 5182 γάρ
1820 5111 1923 5181 μού

341 5197 459 5248 ἐστι
491 5198 763 5268 σωτηρία,
792 5199 888 5252 καὶ
938 5198 1086 5271 ζωῆς
1141 5199 1414 5255 ἀθανάτου
1464 5202 1764 5267 ὑπόστασις
1787 5218 1801 5233 ⁸
1832 5205 1928 5257 καὶ

340 5288 398 5353 ὃς
421 5291 512 5343 ἐπ’
540 5290 707 5343 αὑτὸν
737 5291 817 5361 μὴ
850 5293 1187 5360 πιστεύσειε,
1214 5292 1358 5363 ζωῆς
1384 5288 1541 5359 οὗτος
1572 5296 1672 5365 οὐχ
1721 5297 1926 5365 ἕξεται,

341 5382 463 5436 ἀλλ’
496 5384 583 5447 εἰς
642 5384 854 5447 αἰῶνας
912 5387 1291 5447 ἀποθανεῖται.
1348 5388 1573 5442 Τούτων
1619 5390 1863 5453 ἀκούσας
1906 5394 1936 5444 ὁ

342 5475 593 5548 ἡγεμὼν,
628 5480 723 5530 καὶ
753 5473 844 5531 οἷα
873 5480 971 5547 τὴν
998 5480 1254 5552 μάρτυρα
1279 5483 1517 5545 καὶτοὺς
1544 5485 1716 5552 αὐτῆς
1744 5484 1938 5553 λόγους

452 5616 472 5647 ³
500 5614 645 5673 Psal.
685 5632 837 5682 τινι,
894 5617 982 5673 12.

410 5752 487 5825 (t)
525 5757 685 5813 l-‘oztc
720 5759 871 5813 deest
901 5758 1096 5813 vocula
1125 5757 1389 5824 πξπονοε,
1426 5765 1573 5814 certe
1599 5756 1808 5827 aliquid
1842 5759 1966 5813 tale.

2025 1899 2447 1969 persnepehant
2475 1915 2491 1952 :
2520 1908 2576 1952 et
2611 1899 2726 1952 lure
2766 1898 3020 1961 nardum,
3072 1895 3159 1949 illa
3194 1896 3424 1957 casiam,
3460 1896 3620 1949 tertia

2024 2005 2327 2053 amomum,
2379 1991 2481 2042 alia
2538 1991 2777 2059 denique
2826 1990 2972 2041 aliud
3028 1990 3293 2042 aromatis
3340 2002 3512 2056 genus
3566 1987 3620 2038 in

2025 2081 2283 2136 Tticclam
2345 2081 2725 2150 conjicientes,
2773 2079 2946 2144 illam,
2998 2088 3258 2147 tanquam
3316 2078 3628 2132 divinitatis

2020 2174 2300 2244 quidpiam
2350 2173 2672 2238 habentem,
2700 2181 2756 2227 et
2788 2171 2938 2225 omni
2984 2172 3224 2225 humana
3273 2180 3421 2225 sorte
3458 2184 3625 2239 supe-

2022 2267 2247 2328 riorem,
2286 2265 2668 2320 attendebant.

2091 2358 2183 2412 XI.
2209 2358 2478 2413 Caeterum
2501 2372 2692 2412 omnes
2725 2355 2776 2410 in
2798 2355 2943 2409 illam
2963 2354 3095 2411 ferae
3125 2354 3409 2417 immissae,
3455 2351 3620 2405 veluti

2020 2462 2114 2505 aut
2145 2450 2378 2505 vinculis
2404 2452 2736 2511 constrictm,
2763 2456 2859 2500 aut
2900 2456 3121 2515 torpore
3160 2446 3494 2514 pimpeditm,
3551 2459 3622 2499 ne

2021 2544 2295 2597 tantillum
2327 2541 2549 2610 quidem
2577 2555 2695 2593 eam
2715 2539 3058 2608 attingebant
3090 2538 3196 2591 :ita
3231 2546 3285 2589 ut
3313 2535 3621 2590 Alexander

2022 2635 2279 2690 Omnibus
2345 2633 2465 2686 suis
2519 2632 2731 2685 artibus
2795 2630 3025 2693 diliisus,
3077 2629 3266 2692 Tauri,
3315 2628 3536 2696 inquit,
3585 2641 3621 2680 ο

2019 2740 2243 2796 praeses,
2273 2723 2417 2793 apud
2456 2738 2544 2777 me
2577 2733 2707 2777 sunt
2738 2721 3116 2775 formidabiles
3146 2720 3445 2775 admodum
3474 2736 3489 2773 :
3524 2719 3616 2772 his

2020 2815 2190 2885 igitur
2227 2813 2484 2869 'l‘beclam
2531 2812 2839 2883 alligenms.
2876 2812 2975 2867 Cui
3008 2813 3117 2875 ille,
3160 2812 3383 2867 tristitia
3416 2811 3618 2878 victus,

2021 2908 2151 2974 Fac,
2186 2908 2385 2977 inquit,
2437 2905 2585 2976 quod
2646 2906 2739 2960 tibi
2805 2905 3046 2959 videtur.
3115 2904 3374 2961 'l‘heclam
3430 2905 3618 2974 itaque

2023 3010 2266 3065 exulant,
2296 2999 2529 3054 mediam
2579 3000 2723 3053 inter
2756 3006 2944 3051 tauros
2995 3013 3062 3049 ex
3102 2997 3334 3066 pedibus
3364 2996 3613 3064 alligant.

2027 3094 2227 3150 deinde
2258 3092 2590 3148 ferramenta
2631 3091 2757 3160 igne
2791 3090 3082 3144 candentia
3116 3087 3381 3142 membris
3421 3102 3612 3141 eorum

2023 3186 2352 3259 genitalibus
2383 3184 2706 3254 subjiciunt,
2748 3198 2860 3252 quo
2899 3182 3006 3236 illis
3035 3179 3292 3234 animalia
3335 3178 3613 3243 infestata,

2022 3288 2079 3335 et
2099 3281 2167 3334 ad
2201 3288 2412 3333 natura:
2442 3277 2662 3332 insitam
2691 3277 2716 3331 ι’
2752 3277 2968 3331 ritatem
3001 3274 3174 3344 magis
3204 3273 3438 3338 irritata,
3472 3271 3624 3326 The-

2022 3370 2160 3425 clam
2191 3368 2355 3424 citius
2385 3368 2662 3431 diil‘erant,
2700 3368 3147 3435 interimantque.
3175 3365 3282 3419 Sed
3318 3365 3371 3418 hi
3395 3380 3616 3433 quoque

2021 3463 2240 3517 illorum
2293 3472 2523 3515 conatus
2574 3460 2779 3514 frustra
2831 3459 3026 3513 fuere:
3061 3467 3115 3512 et
3151 3460 3304 3524 juxta
3365 3457 3613 3511 divinum

2020 3553 2305 3617 Davidcm,
2347 3573 2365 3605 ι
2400 3553 2623 3607 Mentita
2652 3560 2739 3606 est
2771 3551 3034 3619 iniquitas
3063 3551 3171 3607 sibi
3197 3550 3238 3612 ³,
3262 3569 3280 3600 ι
3314 3564 3437 3604 nam
3475 3551 3618 3603 tauri

2020 3647 2239 3717 quidem
2273 3646 2454 3701 statim
2483 3645 2761 3710 exsiliere,
2785 3643 3121 3698 horrendum
3155 3643 3421 3713 mugitum
3444 3643 3618 3696 eden-

2025 3750 2128 3802 tes.
2185 3748 2242 3794 ct
2279 3737 2493 3793 funium
2544 3752 2721 3792 nexus
2756 3737 2823 3790 iis
2856 3735 3098 3804 adaptali
3147 3735 3271 3805 igne
3310 3734 3617 3803 conflagra-
3668 3736 3671 3737 ⁷

2022 3840 2154 3887 runt
2184 3849 2200 3886 :
2237 3830 2439 3885 Thecla
2465 3837 2671 3892 autem,
2702 3837 2961 3897 tanquam
2988 3828 3171 3880 vincta
3222 3831 3450 3879 Omnino
3504 3840 3611 3877 non

2022 3923 2239 3989 fuisset,
2272 3923 2459 3978 soluta
2503 3922 2560 3975 in
2616 3921 2793 3974 stadio
2845 3918 3120 3989 apparuit.
3156 3918 3310 3982 Quod
3365 3920 3616 3971 timorem

2025 4019 2292 4072 Universae
2323 4014 2532 4070 civitati
2564 4014 2816 4070 incussit.
2850 4017 3120 4069 Lat-terum
3143 4010 3443 4080 Tryphaena
3468 4018 3623 4062 tanto

2022 4110 2167 4163 malo
2204 4108 2478 4179 perculsa,
2514 4117 2744 4163 mortuae
2786 4105 3005 4172 similis,
3038 4104 3092 4158 in
3138 4118 3319 4159 cavea:
3361 4101 3624 4156 tabulatis

2022 4200 2205 4270 jacere
2230 4199 2697 4269 conspiciebatur.
2728 4196 3040 4253 Alexander
3073 4211 3202 4249 vero
3228 4194 3459 4247 multum
3510 4208 3536 4245 s
3560 4191 3613 4245 hi

2022 4306 2239 4360 quoque
2269 4301 2543 4356 metuens,
2583 4288 2809 4360 rogabat
2849 4287 3136 4357 praesidem
3204 4293 3264 4338 ut
3311 4284 3619 4336 dimitteret

2027 4384 2285 4438 Theclam
2324 4402 2339 4437 :
2381 4383 2460 4437 Ne
2504 4382 2668 4445 forte,
2717 4380 2913 4450 inquit,
2956 4378 3088 4433 urbs
3130 4378 3245 4431 hinc
3281 4386 3459 4430 tecum
3507 4390 3624 4427 inc-

2029 4489 2263 4544 cumque
2337 4484 2544 4544 pereat.
2610 4473 2743 4525 Nam
2794 4474 2838 4525 si
2908 4473 3026 4525 hanc
3095 4471 3281 4524 Caesar
3335 4469 3621 4529 resciscat,

2026 4569 2281 4638 quodque
2298 4564 2701 4637 consanguinea
2719 4580 2816 4618 sua
2840 4564 3143 4634 Tryphaena
3167 4578 3262 4632 per
3282 4578 3382 4615 nos
3403 4571 3620 4614 tantum

2026 4659 2151 4712 mali
2184 4656 2478 4721 sustineat,
2516 4655 2679 4711 simul
2711 4669 2812 4709 nos
2853 4669 3049 4708 omnes
3092 4655 3310 4723 perdet.
3338 4652 3623 4706 Aceersita

2026 4748 2258 4818 proinde
2291 4745 2493 4800 Thecla
2548 4761 2616 4800 ex
2666 4744 2846 4799 medio
2880 4745 3079 4798 theatri
3108 4763 3122 4797 :
3150 4743 3281 4809 Quae
3317 4751 3374 4796 tu
3414 4742 3511 4798 es?
3542 4745 3622 4794 ait

2027 4857 2252 4913 praises,
2279 4848 2335 4895 et
2358 4853 2608 4909 quaenam
2646 4838 2735 4890 illa
2770 4837 2823 4892 in
2867 4846 2921 4891 te
2950 4836 3267 4895 cllicacitas,
3300 4836 3444 4903 quod
3473 4834 3623 4887 nulla

2029 4937 2271 4991 ferarum
2315 4932 2559 4987 omnium
2594 4939 2647 4986 te
2696 4928 2922 4984 omnino
2975 4928 3258 4999 attigerit?
3311 4927 3448 4981 Tum
3483 4927 3571 4980 illa
3603 4944 3623 4980 :

2032 5025 2257 5080 Famula
2293 5040 2414 5078 sum
2450 5022 2547 5078 Dei
2575 5022 2809 5079 viventis
2846 5039 2860 5078 :
2892 5036 3016 5091 qua:
3056 5037 3187 5075 vero
3213 5021 3265 5073 in
3294 5035 3381 5075 me
3419 5020 3625 5083 habeo,

2036 5119 2152 5173 haec
2199 5125 2331 5171 sunt
2372 5115 2428 5169 in
2471 5115 2797 5179 remedium,
2829 5115 2972 5183 quod
3022 5113 3076 5167 in
3124 5112 3310 5167 Iesum
3341 5112 3626 5166 Christum

2037 5209 2235 5264 Filium
2263 5208 2402 5278 ejus,
2436 5207 2489 5260 in
2534 5223 2642 5277 quo
2668 5207 2770 5262 sibi
2799 5204 3149 5275 complacuit,
3183 5205 3391 5260 credidi
3425 5222 3437 5257 :
3478 5205 3626 5258 unde

2028 5303 2256 5366 factum,
2279 5300 2426 5371 quod
2461 5299 2609 5353 nulla
2654 5314 2739 5354 me
2776 5299 3019 5353 ferarum
3052 5299 3424 5353 attrectaverit
3455 5314 3468 5352 :
3503 5299 3627 5367 ipse

2027 5395 2175 5451 enim
2211 5404 2296 5448 est
2320 5393 2468 5449 salus
2497 5407 2640 5459 mea,
2677 5400 2733 5447 et
2769 5391 2895 5447 vitae
2929 5391 3261 5445 immortalis
3287 5390 3622 5443 fundamen-

2031 5496 2246 5557 tum,et
2275 5487 2367 5559 qui
2393 5487 2449 5543 in
2479 5486 2657 5557 ipsum
2697 5500 2809 5541 non
2848 5483 3166 5552 crediderit,
3190 5484 3359 5540 vitam
3391 5482 3627 5547 minime
