4060 6450
520 316 630 379 8Ὶθ

1682 338 1687 343 ο
1770 313 2055 373 MENSIS
2091 312 2384 372 SEPTEM
2399 314 2572 372 BER.

3659 327 3749 391 Sili

526 432 896 500 adipiscetur,
951 429 1048 485 sed
1107 438 1280 483 morte
1363 427 1689 481 mmtabitur
1763 429 2121 498 sempiterna.

2247 426 2597 497 ἰυσωπηθεῖς,
2634 426 2825 495 ἱμάτια
2877 424 3164 495 ἐνεχθῆναι
3210 426 3432 494 κελεύει,
3481 433 3566 485 καὶ
3612 439 3756 513 αὐτὴν

527 525 739 591 Quibus
764 540 965 595 praeses
999 523 1199 577 auditis
1226 522 1449 592 (quippe
1470 533 1760 590 martyrem
1786 520 1897 588 jam
1936 522 2125 574 verba-

527 630 634 685 que
664 616 835 683 ipsius
883 612 1186 681 reveritus)
1231 621 1410 667 vestes
1440 610 1649 674 afferri,
1681 610 1856 679 iisque
1886 625 1946 664 se
1979 608 2123 661 illam

531 705 759 759 induere
811 705 1063 773 imperat.
1110 702 1190 757 Ad
1231 717 1394 771 quem
1454 702 1543 755 illa
1586 720 1601 755 :
1642 702 1746 767 Qui
1782 716 1867 755 me
1898 700 2123 763 nudam,

526 808 718 852 contra
745 796 889 850 feras
937 796 1344 864 dcpuguantem
1387 794 1628 860 vestivit,
1661 794 1779 863 ipse
1834 794 1889 846 in
1933 789 2126 862 judicii

527 890 615 943 die
645 888 819 941 salute
848 895 898 939 te
934 887 1131 941 vestiet
1159 904 1172 938 :
1206 896 1570 956 sumptasquc
1598 885 1701 940 sibi
1733 883 2123 940 circumdedit.

527 978 685 1043 Quod
727 976 1058 1031 beneﬁcium
1091 977 1197 1030 hoc
1247 977 1476 1047 insuper
1508 977 1704 1031 merito
1727 991 1931 1047 praeses
1957 991 2127 1031 aecu-

529 1071 779 1136 mulavit,
822 1079 883 1125 ut
926 1081 981 1125 et
1024 1071 1312 1141 epistolam
1362 1071 1743 1127 lconiensibus
1772 1070 2040 1125 scriberet
2071 1070 2124 1123 in

529 1162 650 1217 hac
712 1161 877 1215 verba
921 1178 933 1213 :
990 1159 1250 1215 'I‘heclam
1286 1162 1430 1229 piam
1483 1159 1578 1213 Dei
1629 1158 1916 1212 cultricem
1975 1155 2128 1211 vobis

529 1254 771 1308 dimitto.
806 1251 930 1318 Quo
956 1252 1127 1318 facto,
1155 1253 1417 1306 mulieres
1450 1266 1641 1306 omnes
1678 1249 1899 1321 gavisa),
1930 1264 2126 1316 magna

533 1361 667 1400 voce
706 1347 814 1399 Deo
851 1346 1042 1399 laudes
1094 1344 1449 1398 referebant:
1496 1342 1651 1397 Unus
1696 1343 1837 1394 Deus
1868 1338 2129 1401 Theclaa;

533 1453 678 1492 unus
722 1439 863 1491 Deus
889 1437 984 1506 qui
1017 1436 1278 1490 Thcclam
1304 1435 1564 1498 servavit,
1599 1434 1981 1487 inclamantes.
2010 1429 2128 1496 Qua

534 1543 669 1582 voce
710 1536 824 1581 tota
876 1527 1073 1582 civitas
1124 1525 1458 1596 personabat
1504 1541 1519 1579 :
1556 1524 1597 1576 Τ
1608 1524 1976 1594 ryphaenaque
2020 1530 2129 1575 tam

534 1620 658 1673 laeto
679 1619 876 1673 nuntio
907 1627 1161 1688 accepto,
1204 1633 1329 1671 cum
1374 1632 1568 1687 magna
1617 1614 1992 1676 multitudine,
2023 1628 2131 1683 quo

535 1710 682 1765 illam
709 1710 1155 1780 amplecteretur,
1192 1707 1412 1763 obviam
1436 1707 1536 1762 ivit
1583 1724 1596 1761 :
1634 1705 1815 1767 Nunc,
1850 1704 2128 1774 inquiens,

2228 517 2554 571 ἐνδύσασθαι
2588 516 2782 570 ταῦτα.
2841 517 2910 570 ’Π
2941 517 2997 570 δέ
3025 535 3038 549 ο
3096 520 3156 570 '0
3187 518 3407 585 ἑνδύσας
3460 541 3521 594 με
3552 532 3761 602 γυμνὴν,

2230 609 2359 679 ἔφη,
2392 611 2533 680 πρὸς
2592 608 2758 680 θηρία
2823 607 3227 675 πυκτεύουσαν,
3287 613 3441 677 αὐτὸς
3498 618 3549 669 ὲν
3601 620 3761 693 ἡμέρῃ

2230 703 2467 772 κρίσεως
2500 702 2715 755 ἐνδόσει
2754 720 2813 755 σε
2857 703 3159 773 σωτηρίαν.
3189 704 3295 757 Καὶ
3334 705 3565 761 λαϐοῦσι
3598 727 3764 782 περιε-

2229 794 2448 848 ϐάλετο.
2478 795 2621 865 Πρὸς
2652 795 2864 860 τούτοις
2909 798 2939 848 6
2967 794 3196 867 ἡγεμὼν
3240 796 3317 866 τῷ
3351 798 3531 870 ἀγαθῷ
3566 819 3767 872 προστι-

2231 888 2367 953 θεὶς,
2403 889 2644 959 γράμμα
2689 889 3006 942 Ἰκονιεῦσιν
3038 889 3339 959 ἐκπέμπει,
3375 891 3580 957 γράψας
3599 893 3771 957 οῦτωςο

2231 980 2449 1033 Θέκλαν
2476 982 2579 1052 τὴν
2618 981 2849 1049 θεοσεϐῆ
2881 982 3088 1051 ἀφίημι
3119 983 3268 1052 ύμῖν.
3313 982 3587 1053 Ἢσθησαν
3610 984 3693 1038 οὖν
3726 988 3774 1038 al

2229 1069 2493 1136 γυναῖκες
2535 1068 2629 1120 ἐπὶ
2666 1069 2841 1137 τούτῳ
2882 1070 3077 1133 πᾶσαι,
3113 1071 3209 1120 καὶ
3240 1071 3392 1138 φωνῇ
3440 1070 3642 1142 μεγάλη
3682 1072 3777 1123 ἐδό-

2231 1160 2404 1225 ξασαν
2433 1162 2527 1213 τὸν
2559 1160 2695 1214 Θεόν
2722 1175 2737 1189 ·
2772 1155 2865 1223 Εἷς
2894 1159 3032 1223 Θεὸς
3085 1162 3113 1212 6
3146 1160 3356 1213 Θέκλαν
3386 1161 3775 1229 διασωσάιίενος,

2230 1252 2305 1315 ὼς
2336 1251 2442 1306 ὑπὸ
2475 1254 2577 1323 τῆς
2600 1256 2787 1322 φωνῆς
2806 1252 3010 1323 ταύτης
3057 1252 3514 1323 διαθρυλληθῆναι
3535 1252 3627 1324 τὴν
3648 1253 3737 1306 τις).
3755 1272 3779 1305 ν

2233 1344 2453 1398 ἃπασαν
2477 1359 2492 1375 ο
2532 1344 2852 1415 Τρύφαινάν
2892 1362 2951 1396 τε
2984 1344 3467 1413 εὐαγγελισθεῖσαν
3495 1346 3777 1414 ἀπαντῆσαι

2198 1436 2335 1489 »σὺν
2363 1436 2585 1504 πλήθει,
2640 1437 2964 1508 περιϐαλεῖν
3004 1454 3063 1490 τε
3112 1438 3212 1509 τὴν
3248 1436 3475 1502 Θὲκλαν,
3535 1439 3642 1504 καὶ,
3667 1438 3778 1500 Νῦν,

2236 1525 2428 1591 φάναι,
2460 1524 2743 1577 πιστεύειν
2772 1525 3034 1595 δύναμαι,
3089 1526 3175 1578 ὅτι
3222 1525 3403 1578 Θὲκλα
3434 1525 3495 1577 τὸ
3521 1527 3698 1578 τέκνον
3725 1526 3778 1595 δὴ

2233 1615 2295 1668 τὸ
2326 1617 2459 1686 ὲμδν
2485 1616 2575 1685 ζῇ.
2596 1616 2768 1687 Δεῦρο
2798 1618 2977 1670 τοίνυν
3003 1618 3152 1688 ἐμοὶ,
3182 1616 3443 1688 θύγατερ,
3468 1619 3547 1680 εἰς
3568 1620 3652 1669 τὸν
3675 1616 3784 1685 ἐμὸν

2235 1703 2408 1774 οἷκον,
2440 1710 2536 1762 καὶ
2562 1710 2632 1762 τὰ
2669 1711 2781 1780 ἐμὰ
2809 1712 2988 1764 πάντα
3021 1728 3106 1764 σοι
3141 1711 3458 1781 ἐπιγράψω.
3487 1706 3680 1764 Ἦλθεν
3708 1709 3786 1763 οὖν

532 1803 765 1857 credere
792 1816 1017 1872 possum
1051 1800 1314 1855 Theclam
1344 1799 1507 1853 tiliam
1540 1814 1720 1852 meam
1768 1798 1972 1861 vivere,
2007 1796 2134 1850 veni

2247 1799 2422 1854 οἴκαδε
2455 1800 2643 1854 Θέκλα
2685 1800 2828 1871 μετὰ
2864 1801 3185 1871 Τρυφαίνης
3211 1817 3224 1831 ο
3264 1803 3359 1854 καὶ
3390 1802 3599 1871 ἡμέρας
3626 1800 3787 1867 ὀλίγας

534 1894 760 1949 domum
796 1908 947 1949 nunc
972 1907 1103 1964 ergo
1140 1892 1208 1946 ad
1250 1906 1358 1956 me,
1390 1907 1509 1945 mea
1555 1891 1666 1945 ﬁlia
1701 1907 1715 1944 :
1755 1903 1949 1944 omnes
1984 1901 2136 1942 meas

536 1986 823 2040 facultates
868 1985 922 2039 in
949 1994 1002 2039 te
1060 1983 1444 2038 transcribam.
1475 1981 1706 2037 Abitilla
1727 1995 1853 2036 cum
1875 1979 2138 2049 Tryphae-

536 2072 631 2141 na,
662 2088 716 2133 et
760 2077 880 2132 dies
929 2091 1136 2146 paucos
1186 2074 1390 2129 ibidem
1440 2074 1926 2144 conquiescentes,
1960 2071 2133 2125 ambae

539 2172 633 2226 Dei
683 2171 911 2226 verbum
952 2170 1227 2225 docebant
1267 2187 1283 2224 :
1335 2168 1411 2223 ita
1453 2178 1512 2223 ut
1562 2168 1743 2223 multa:
1799 2183 1863 2222 ex
1946 2166 2159 2222 ancillis
2204 2165 2368 2222 ﬁdem
2431 2170 2819 2241 susciperent,

541 2266 876 2338 repleretur.

614 2358 734 2413 XII.
765 2359 1042 2413 (Σύριοι-ωτι
1086 2375 1196 2413 non
1222 2359 1440 2414 sinebat
1483 2357 1741 2414 Theclam
1790 2358 2052 2429 spiritalis
2086 2358 2141 2411 in

539 2449 772 2505 Paulum
800 2466 957 2504 amor
988 2450 1200 2506 diutius
1229 2451 1472 2520 quietam
1502 2466 1646 2515 esse,
1681 2452 1776 2506 sed
1820 2451 2004 2505 animo
2038 2451 2143 2504 sol-

539 2543 687 2599 licita
713 2558 1130 2613 quoquoversus
1164 2543 1231 2597 ad
1260 2543 1414 2597 illum
1461 2543 1846 2613 inquirendum
1873 2542 2144 2596 mittebat.

538 2636 794 2707 Cumque
843 2635 1009 2708 Myris
1047 2635 1223 2707 Lyciae
1273 2636 1413 2691 urbe
1451 2652 1573 2691 esse
1607 2635 1912 2701 didicisset,
1957 2634 2145 2688 multis

540 2745 727 2786 secum
760 2729 983 2784 famulis
1012 2743 1067 2784 et
1103 2729 1318 2785 ancillis
1364 2729 1687 2799 assumptis,
1720 2729 1838 2800 ipsa
1871 2728 2056 2782 tunica
2090 2727 2145 2780 in

539 2822 824 2893 penulam,
854 2822 1069 2878 virilem
1099 2822 1152 2875 in
1180 2821 1445 2892 speciem,
1489 2830 1849 2885 commutata,
1887 2820 1954 2875 ad
1983 2818 2142 2873 illum

541 2931 741 2987 magno
773 2930 899 2970 cum
956 2914 1235 2969 desiderio
1288 2914 1626 2983 spiritusque
1671 2915 1869 2969 ardore
1902 2914 2147 2983 profecta

541 3016 649 3060 est.
680 3006 856 3071 Quem
880 3005 1044 3076 Myl-is
1072 3005 1140 3060 de
1167 3005 1333 3060 rebus
1356 3005 1558 3061 divinis
1587 3004 1952 3061 disserentem
1981 3006 2136 3061 inve-

2236 1895 2356 1946 ἐκεῖ
2410 1892 2931 1964 διαναπαυσάμεναι
2981 1894 3273 1949 ἐδίδασκον
3331 1893 3497 1964 ἄμφω
3536 1893 3620 1945 τὸν
3657 1891 3790 1960 λόγον

2239 1985 2471 2055 Κυρίου,
2504 1984 2646 2038 ὥστε
2675 1986 2969 2040 πιστεῦσαι
2992 1987 3093 2050 τὰς
3117 1988 3342 2049 πλείους
3368 1987 3474 2041 τῶν
3505 1983 3793 2049 παιδισκῶν,

2237 2072 2333 2124 καὶ
2366 2073 2545 2142 χαρᾶς
2573 2073 2885 2144 πλησθῆναι
2913 2074 3005 2127 τὸν
3029 2070 3178 2127 οἷκον
3209 2075 3551 2145 Τρυφαῖνης.

2903 2179 2957 2225 et
3013 2170 3197 2226 laetitia
3266 2173 3461 2227 domus
3518 2168 3799 2239 Tryphaena

2319 2353 2419 2407 IB'.
2453 2352 2663 2407 Θὲκλαν
2699 2354 2887 2424 μέντοι
2918 2355 3027 2407 οὐδ’
3056 2355 3193 2418 ὅλως
3217 2355 3458 2426 ἠρεμεῖν
3492 2360 3736 2427 παρεῖχον
3758 2360 3799 2413 οί

2247 2446 2466 2500 Παύλου
2504 2451 2877 2516 πνευματικοὶ
2912 2447 3117 2521 ἔρωτες
3145 2466 3160 2482 ο
3199 2450 3327 2505 ἀλλ’
3356 2448 3426 2523 ἦν
3462 2452 3691 2506 ἁλύουσα
3717 2452 3799 2522 τὴν

2245 2540 2499 2611 καρδίαν,
2559 2542 2861 2612 πέμπουσᾶ
2914 2560 2977 2595 τε
3033 2545 3325 2615 πανταχοῦ
3388 2546 3510 2617 γῆς,
3587 2547 3804 2599 κάκεῖνον

2244 2630 2607 2701 ἐπιζητοῦσα.
2656 2632 2811 2684 Ἐπεὶ
2844 2632 2903 2685 δὲ
2953 2632 3119 2703 μάθοι
3148 2636 3207 2687 ἐν
3258 2634 3476 2707 Μύροις
3514 2636 3667 2689 αὑτὸν
3690 2632 3807 2688 εἶναι

2245 2723 2347 2795 τῆς
2384 2723 2615 2788 Λυκίας,
2677 2724 2910 2787 πολλοὺς
2950 2724 3062 2779 τῶν
3113 2728 3431 2781 νεανίσκων
3474 2726 3706 2781 λαϐοῦσα
3730 2726 3808 2779 καὶ

2247 2817 2576 2883 παιδισκῶν,
2604 2818 2722 2872 κατ’
2753 2819 2924 2890 ἄνδρα
2953 2819 3011 2872 δὲ
3033 2820 3128 2875 τὸν
3161 2821 3385 2891 χιτῶνα
3423 2824 3505 2885 εἰς
3547 2819 3813 2889 ἐπενδύιην

2252 2910 2663 2983 μεταϐαλοῦσα,
2702 2912 2871 2984 ἀπῄει
2918 2913 3057 2984 πρὸς
3103 2915 3307 2983 αὐτὸν,
3354 2916 3495 2985 μετά
3533 2932 3595 2985 γε
3637 2912 3804 2968 πολλοῦ

2247 3004 2416 3057 πόθου
2487 3006 2581 3058 κα)⁸
2618 3003 2824 3074 θερμοῦ
2862 3005 3199 3073 πνεύματος.
3252 3008 3513 3079 Εύρίσκει
3559 3004 3815 3075 τοιγαροῦν

543 3097 647 3163 nit,
683 3098 871 3167 illique
927 3098 1203 3160 desubito,
1247 3097 1383 3151 nihil
1422 3097 1529 3151 tale
1584 3097 1916 3167 praescienti,
1946 3105 2091 3152 astat
2124 3115 2137 3151 :

2258 3096 2473 3150 Παῦλον
2513 3098 2570 3150 ἐν
2618 3098 2856 3170 Μύροις,
2917 3099 2986 3152 τὰ
3047 3098 3182 3170 περὶ
3246 3076 3387 3154 Θεοῦ
3441 3099 3809 3168 διαλεγόμενον,

540 3205 707 3259 quam
755 3199 814 3243 ut
867 3188 957 3243 ille
1021 3188 1287 3260 turbaque
1331 3204 1453 3259 qua:
1503 3204 1610 3242 una
1663 3188 1873 3253 aderat,
1909 3188 2140 3258 aspexit,

542 3293 768 3351 stupore
815 3282 1095 3350 perculsus
1121 3290 1224 3347 est,
1272 3297 1341 3336 ne
1368 3280 1514 3350 quod
1551 3280 1785 3346 videbat,
1818 3295 1959 3334 nova
1999 3290 2144 3335 esset

541 3375 795 3438 tcntatio,
830 3391 1015 3430 secum
1067 3381 1350 3443 reputans.
1398 3372 1602 3427 Thecla
1633 3380 1815 3425 autem
1851 3373 2141 3438 accedens,

541 3468 766 3536 Accepi,
822 3467 1020 3535 inquit,
1064 3481 1098 3520 o
1128 3466 1317 3528 Paule,
1360 3465 1659 3531 lavacrum,
1691 3464 1785 3533 qui
1836 3465 1981 3518 enim
2037 3480 2144 3519 una

544 3569 727 3614 tecum
778 3570 1038 3629 operatus
1089 3568 1174 3613 est
1227 3558 1283 3611 in
1343 3555 1722 3627 Evangelium,
1755 3558 1886 3610 mihi
1923 3573 2145 3626 quoque

545 3653 635 3706 ille
665 3651 803 3721 ipse,
836 3661 895 3705 ut
953 3651 1229 3714 abluerer,
1261 3648 1556 3704 concessit.
1584 3648 1724 3703 Tum
1763 3649 1965 3704 Paulus
1997 3650 2143 3704 illam

543 3746 613 3799 ad
642 3759 701 3798 se
732 3752 1007 3814 receptam
1037 3743 1093 3795 in
1128 3742 1351 3796 domum
1386 3740 1655 3796 llermeia:
1693 3741 1935 3800 deduxit.
1960 3741 2146 3810 ibique

547 3836 846 3905 sigillatim,
887 3846 1231 3903 quaecunque
1284 3831 1386 3886 sibi
1440 3830 1744 3885 Antiochiae
1793 3831 2143 3898 accidissent,

546 3925 753 3981 Thecla
782 3926 952 3980 Paulo
985 3934 1209 3980 enarrat
1247 3940 1262 3978 :
1295 3933 1354 3979 ut
1386 3925 1682 3994 plurimum
1712 3933 1766 3977 et
1796 3923 1885 3977 ille
1914 3923 2144 3978 mirare-

550 4027 663 4083 tur,
694 4028 749 4072 et
780 4017 1122 4071 audientium
1156 4016 1292 4070 ﬁdes
1318 4015 1756 4081 conﬁrmaretur,
1794 4014 2143 4087 Tryplmnze-

546 4126 654 4181 que
707 4110 1106 4181 benignitatem
1162 4109 1584 4178 amplectentes,
1631 4124 1730 4177 pro
1798 4108 1915 4176 ipsa
1974 4108 2144 4162 Deum

547 4207 983 4271 deprecarentur
1018 4219 1030 4254 :
1063 4206 1210 4271 quod
1266 4216 1516 4269 magnam
1560 4200 1648 4254 illa
1680 4200 1797 4254 auri
1834 4211 1888 4255 et
1936 4200 2146 4271 argenti

549 4295 895 4362 vestiumque
927 4294 1163 4362 copiam,
1196 4308 1293 4361 per
1331 4292 1587 4346 'l‘liedam
1637 4292 1702 4346 ad
1744 4291 1994 4359 Paulum,
2037 4308 2147 4361 quo

554 4385 893 4455 pauperibus
920 4393 1360 4450 succurreretur,
1394 4384 1653 4438 misisset.

619 4568 768 4624 Xlll.
800 4569 1000 4625 Thecla
1041 4585 1206 4641 porro
1257 4585 1320 4624 ex
1361 4568 1514 4623 Pauli
1562 4569 1831 4624 sententia
1875 4585 1997 4621 cum
2034 4568 2147 4622 Lo-

551 4667 699 4719 ninni
766 4668 1132 4733 pervenisset,
1189 4663 1285 4717 Dei
1341 4666 1568 4717 verbum
1617 4662 1821 4717 ibidem
1871 4662 2142 4715 docebat:

548 4754 961 4823 aceedensque,I
1001 4750 1331 4824 Onesipliori
1405 4746 1680 4812 domum,
1771 4765 1838 4803 eo
1896 4747 1998 4803 loci
2056 4747 2146 4802 ubi

551 4845 754 4901 Paulus
830 4846 1023 4900 sedere
1092 4855 1148 4900 et
1218 4844 1417 4899 dooere
1469 4843 1729 4907 solebat,
1791 4856 1913 4895 sese
1996 4839 2147 4894 humi

550 4938 873 5012 prosrernit.
906 4938 1056 4993 Talis
1084 4944 1170 4991 est
1221 4938 1367 4991 enim
1397 4935 1658 4989 desiderii
1694 4934 1794 4997 vis,
1828 4942 1886 4987 ut
1929 4933 2149 5003 quando

551 5032 871 5102 ipsumtuet,
901 5046 1065 5100 quem
1108 5028 1293 5083 videre
1310 5036 1553 5096 exeptat,
1584 5026 1786 5081 habere
1816 5042 1923 5079 non
1957 5027 2148 5096 possit,

551 5125 758 5194 aliquid
805 5138 1020 5188 eorum,
1046 5136 1167 5191 quae
1218 5120 1288 5175 ad
1322 5120 1474 5173 illum
1526 5121 1927 5189 pertinuerant,
1967 5120 2149 5175 ardori

552 5218 700 5272 illius
727 5215 978 5272 solatium
1014 5214 1249 5268 adferat.
1288 5211 1481 5283 Magno
1513 5211 1678 5282 igitur
1711 5228 1835 5266 cum
1868 5212 2064 5283 gaudio
2095 5212 2150 5265 in

552 5318 756 5364 terram
790 5306 1178 5378 procumbens,
1201 5303 1392 5359 calidis
1421 5321 1540 5358 eam
1595 5305 1847 5375 lacryutis
1892 5319 2152 5373 consper-

553 5402 735 5472 gebat,
769 5414 1075 5475 manusque
1128 5400 1181 5451 in
1213 5397 1516 5452 orationem
1544 5397 1885 5466 expandeus,
1909 5395 2147 5461 Gnatias,

552 5494 751 5563 inquit,
777 5491 871 5545 tibi
891 5474 1013 5561 ago,
1042 5474 1269 5543 Domine
1300 5487 1441 5543 Deus
1463 5505 1642 5554 meus,
1669 5499 1724 5543 et
1752 5490 1915 5560 hujus
1932 5489 2149 5552 domus,

554 5585 647 5639 ubi
700 5593 759 5637 tu
816 5581 1037 5636 Christe
1079 5580 1232 5642 Jesu,
1270 5578 1370 5633 Fili
1426 5580 1517 5633 Dei
1578 5579 1833 5645 viventis,
1873 5578 2004 5632 mihi
2062 5579 2152 5632 lux

559 5672 967 5744 t‘csplenduisti,
1007 5674 1100 5743 qui
1142 5672 1276 5725 mihi
1312 5672 1531 5742 adjutor
1565 5673 1620 5725 in
1656 5687 1899 5735 carcere,
1936 5673 2153 5741 adjutur

560 5784 610 5821 tn
639 5784 736 5837 pra
751 5767 886 5832 side,
922 5765 1137 5835 adiutor
1166 5765 1220 5821 in
1251 5765 1443 5821 bestiis
1468 5774 1521 5820 ct
1548 5765 1669 5837 igne
1692 5765 1842 5821 fuisti
1880 5784 1891 5819 :
1929 5768 2152 5837 gratias,

2256 3189 2353 3241 καὶ
2372 3189 2570 3261 ἀθρόον
2603 3192 2758 3262 αύτῷ
2784 3192 3122 3263 παρίσταται
3149 3192 3329 3264 μηδὲν
3352 3192 3683 3264 προμαθόντι
3703 3206 3718 3223 ο
3737 3189 3812 3242 τὸν

2253 3280 2334 3345 δὲ,
2361 3281 2586 3352 ἐκείνην
2625 3299 2684 3336 τε
2716 3282 3085 3352 θεασάμενον,
3120 3282 3219 3336 καὶ
3250 3284 3314 3336 τὸ
3340 3284 3474 3355 περὶ
3514 3281 3675 3353 αὐτὴν
3703 3279 3814 3346 πλῆ-

2256 3369 2370 3435 θος,
2408 3372 2673 3444 ἔκπληξις
2708 3368 2844 3445 εἶχε,
2871 3373 3257 3445 λογιζόμενον,
3301 3376 3378 3446 μὴ
3422 3376 3519 3428 καὶ
3543 3370 3817 3442 πειρασμὸς

2254 3464 2444 3536 ἕτερος
2556 3467 2617 3517 τὸ
2647 3467 2998 3534 φαινόμενον.
3025 3464 3208 3519 Θέκλα
3232 3466 3291 3519 δὲ
3310 3470 3554 3520 συνεῖσα·
3591 3463 3815 3526 Ἐλαϐον,

2254 3556 2383 3629 ἔφη,
2412 3557 2474 3611 τὸ
2503 3559 2757 3627 λουτρὸν,
2789 3558 2994 3611 Παῦλε.
3033 3560 3142 3611 Καὶ
3178 3561 3296 3632 γὰρ
3333 3561 3361 3612 6
3389 3561 3725 3632 συνεργήσας
3751 3570 3820 3607 σοι

2257 3650 2394 3720 πρὸς
2423 3650 2484 3702 τὸ
2519 3650 2882 3720 Εὑαγγέλιον,
2911 3653 3081 3722 κάμοὶ
3105 3646 3270 3718 οὗτος
3308 3653 3449 3724 πρὸς
3475 3654 3534 3707 τὸ
3556 3650 3821 3707 λούσασθαι

2258 3746 2690 3816 συνεψηφίσατο.
2765 3746 2875 3800 Καὶ
2937 3748 3245 3818 λαϐόμενος
3290 3750 3473 3821 αὐτῆς
3534 3751 3562 3802 6
3617 3732 3821 3809 Παῦλος.

2258 3839 2522 3909 ἀπήγαγε
2557 3840 2695 3910 πρὸς
2717 3839 2809 3893 τὸν
2834 3836 2987 3893 οἷκον
3018 3839 3309 3911 Ἑρμείου,
3348 3841 3485 3895 ἔνθα
3516 3840 3655 3895 κατὰ
3680 3839 3823 3908 μέρος

2256 3931 2499 3997 ἅπαντα,
2527 3932 2629 3984 ὅσα
2681 3930 3033 4003 συμϐέϐηκεν
3074 3934 3133 3985 ὲν
3200 3933 3542 4006 Ἀντιοχείᾳ,
3593 3935 3624 4005 ή
3671 3931 3827 3985 Θὲκῖα

2254 4015 2334 4090 τῷ
2366 4023 2566 4093 Παύλῳ
2592 4023 2887 4093 διασαφεῖ·
2922 4024 2998 4088 ὠς
3040 4025 3218 4080 πολλὰ
3258 4029 3520 4082 κάκεῖνον
3548 4026 3822 4095 θαυμάσαι,

2256 4114 2355 4167 καὶ
2392 4114 2492 4169 τὴν
2548 4113 2660 4169 τῶν
2718 4116 3035 4170 ἀκουόντων
3095 4119 3578 4191 ὲπιστηριχθῆναι
3640 4117 3824 4175 πίστιν,

2257 4207 2578 4279 Τρυφαίνης
2611 4225 2669 4261 τε
2736 4208 2798 4262 τὸ
2833 4207 3118 4280 εὔγνωμον
3177 4211 3632 4282 ἀποδεξαμένους
3685 4209 3829 4273 ὑπερ-

2266 4300 2530 4367 εύξασθαι
2579 4303 2806 4371 ταύτης.
2838 4302 3127 4371 Τρύφαινα
3159 4304 3269 4374 μὲν
3290 4300 3390 4359 οὖν
3415 4304 3611 4376 συχνὸν
3635 4299 3830 4375 χρυσίον

2255 4412 2313 4447 τε
2354 4395 2448 4447 καὶ
2472 4394 2755 4466 ἀργύριον,
2790 4395 2928 4463 πρὸς
2958 4395 3016 4448 δὲ
3044 4397 3139 4449 καὶ
3162 4397 3501 4469 ἱματισμὸν,
3537 4398 3625 4451 διὰ
3647 4392 3830 4460 Θέκλης

2254 4488 2333 4559 τῷ
2373 4488 2571 4557 Παύλῳ
2612 4490 2825 4558 πέμπει
2864 4489 3195 4543 διακονοῦσα
3234 4493 3469 4565 πένησι.

2329 4581 2428 4635 lI".
2459 4581 2640 4634 Θέκλα
2670 4582 2726 4633 δὲ
2774 4581 2973 4654 γνώμῃ
3015 4583 3099 4636 Πα
3123 4582 3257 4638 ύλου
3306 4588 3393 4650 εἰς
3450 4585 3666 4640 Ἰκόνιον
3703 4596 3834 4650 γενιο

2262 4672 2423 4740 μένη,
2467 4670 2561 4723 τὸν
2588 4671 2684 4723 τοῦ
2716 4670 2852 4723 Θεοῦ
2884 4671 3045 4739 λόγον
3079 4671 3379 4727 ἐδίδασκεν
3408 4692 3423 4707 ·
3464 4671 3769 4727 ἀπελθοῦσα
3784 4666 3831 4719 δὲ

2257 4760 2354 4811 καὶ
2379 4760 2459 4820 εἰς
2473 4758 2561 4810 τὸν
2579 4757 2937 4828 Ὀνησιφόρου
2964 4754 3137 4825 οἶκον,
3156 4762 3381 4829 πέμπει
3401 4763 3463 4815 τὸ
3480 4761 3629 4833 παρὰ
3645 4760 3832 4825 ἔδαφος.

2260 4847 2397 4899 ὅπου
2434 4845 2644 4909 Παῦλος
2675 4841 2742 4919 ᾖν
2792 4843 3161 4917 καθεζόμενος
3196 4850 3301 4902 καὶ
3351 4851 3648 4905 διδάσκων.
3678 4841 3836 4899 Τοιοῦ-

2256 4956 2349 4993 τον
2379 4938 2487 5008 γὰρ
2519 4940 2547 4991 6
2585 4938 2773 5005 πόθος,
2803 4940 2936 4994 ὅταν
2978 4940 3145 4993 αὐτὸν
3203 4942 3436 4996 ἐκεῖνον
3479 4942 3558 5014 μὴ
3609 4941 3717 5011 ἔχοι
3757 4934 3834 4986 τιν

2262 5031 2608 5102 ποθούμενον
2646 5031 2915 5103 καθορᾷν,
2961 5033 3206 5087 ποιεῖταί
3238 5051 3297 5087 τι
3330 5034 3450 5089 τῶν
3500 5034 3713 5089 ἐκείνου
3750 5025 3828 5092 τῆς

2261 5124 2461 5194 φλογὸς
2492 5124 2869 5195 παραμύθιον.
2906 5126 3157 5179 Πεσοῦσα
3179 5128 3373 5181 τοίνυν
3404 5129 3508 5182 σὺν
3541 5127 3697 5198 ἡδονῇ
3721 5118 3825 5189 πρπ

2258 5215 2322 5267 τὸ
2364 5214 2587 5282 ἔδαφος,
2616 5213 2852 5286 δάκρυσι
2882 5213 3043 5267 τοῦτο
3087 5213 3326 5286 θερμοῖς
3355 5216 3593 5271 ἔϐαλλε-ν
3617 5233 3631 5246 ·
3683 5205 3835 5277 ἄρισά

2263 5319 2323 5355 τε
2358 5305 2547 5374 χεῖρας
2605 5304 2686 5366 εἰς
2733 5306 3076 5376 προσευχὴν,
3119 5305 3468 5376 Εύχαριστῶ
3518 5323 3626 5369 σοι,
3684 5301 3838 5363 ἐλεγε’

2263 5397 2435 5466 Κύριε
2467 5399 2494 5448 ό
2520 5397 2653 5461 Θεός
2689 5413 2815 5467 μου,
2847 5400 2943 5451 καὶ
2978 5397 3133 5450 τοῦδε
3174 5398 3275 5451 τοῦ
3310 5400 3474 5453 οἴκου
3512 5398 3644 5451 ἔνθα
3685 5409 3767 5466 μοι
3790 5386 3841 5441 τὸ

2263 5485 2380 5553 φῶς
2409 5484 2683 5556 ἔλαμψας,
2718 5487 2922 5557 Χριστὲ
2969 5482 3167 5556 Ἰησοῦ,
3204 5486 3309 5540 Υἱὲ
3344 5489 3446 5542 τοῦ
3480 5489 3682 5553 ζῶντος
3704 5477 3843 5538 Θεοῦ,

2262 5579 2290 5629 6
2324 5579 2450 5649 ἐμοὶ
2484 5578 2680 5648 βοηθὸς
2717 5581 2773 5631 ὲν
2805 5578 3026 5649 φυλακῇ
3059 5578 3391 5648 γενόμενος,
3423 5580 3620 5651 βοηθὸς
3650 5580 3707 5631 ἐν
3735 5575 3849 5644 ἡγε-

2266 5671 2413 5738 μόνι,
2468 5669 2661 5740 βοηθὸς
2711 5671 2768 5721 ἐν
2814 5669 3025 5740 θηρίοις
3060 5686 3118 5722 τε
3170 5670 3274 5721 καὶ
3322 5671 3487 5742 πυρί.
3546 5662 3849 5739 Εύχαριστῶ

2270 5779 2375 5830 σοι,
2416 5762 2495 5816 ὅτι
2524 5762 2689 5826 αὐτὸς
2730 5763 2891 5832 μόνος
2920 5758 2970 5817 εἷ
3009 5762 3163 5827 Θεὸς,
3192 5762 3295 5813 καὶ
3333 5766 3421 5816 σοὶ
3481 5763 3629 5835 μόνῳ
3666 5757 3852 5832 πρέπι
