4060 6436
353 399 454 473 811

1515 392 1986 459 MARTYRIUM
2029 396 2095 457 S.
2133 389 2477 456 THECLE.

3519 402 3628 469 δεῖ.

351 525 481 588 δόξα
520 539 580 576 τε
632 520 729 576 καὶ
791 516 1173 593 προσκύνησις
1227 517 1308 581 είς
1347 515 1477 578 τοὺς
1512 515 1740 579 αἰῶνας.
1798 509 1930 584 Εὗρε

2051 511 2292 581 inquam,
2316 513 2411 566 tibi
2437 525 2557 584 ago,
2593 512 2717 583 quia
2751 520 2806 566 tu
2839 513 2989 568 solus
3021 529 3082 570 es
3111 511 3279 578 Deus,
3305 523 3360 571 et
3393 517 3492 573 tibi
3525 520 3627 576 soli

353 616 538 682 μέντοι
567 615 824 684 Θάμυριν
860 611 1190 682 τεθνηκότα,
1217 610 1318 680 τὴν
1341 609 1396 662 δὲ
1432 611 1644 682 μητέρα
1677 608 1776 678 τὴν
1808 609 1935 659 ἑαυ-

350 707 451 776 τῆς
512 704 698 770 ζῶσαν
726 720 742 736 ·
797 704 864 774 ἣν
917 701 1014 756 καὶ
1047 699 1292 754 λαϐοῦσα
1353 699 1494 752 κατὰ
1546 699 1762 769 σχολὴν,
1806 697 1936 749 Θεό-

351 801 530 865 uiam,
569 798 696 867 ἔφη,
730 795 909 866 μῆτερ
934 794 1065 865 ἐμὴ,
1095 793 1327 846 δύνασαι
1369 790 1682 853 πιστεῦσαι,
1709 791 1790 842 ὅτι
1823 788 1933 854 ζῶν

349 891 560 962 Κύριος
581 893 606 942 ὁ
633 889 767 950 θεός
793 889 941 942 ἔστιν
969 889 1029 940 ὲν
1046 884 1296 954 οὐρανοῖς
1321 900 1337 949 ;
1363 883 1484 935 Εῖτε
1505 881 1614 952 γὰρ
1634 881 1934 950 χρημάτων

349 985 502 1055 ἐρᾷς,
531 980 708 1054 ὀρέξει
750 997 831 1033 σοι
880 977 1056 1032 ταῦτα
1107 976 1175 1031 δι’
1231 976 1367 1046 ἐμοῦ
1410 978 1436 1028 ό
1475 975 1605 1037 Θεὸς
1635 991 1649 1004 ·
1700 974 1811 1025 εἴτε
1868 972 1926 1023 δὲ

349 1077 567 1138 τέκνου,
604 1072 932 1141 παρέστηκά
963 1086 1066 1124 σοι.
1105 1067 1288 1122 Ἀλλα
1321 1085 1380 1120 τε
1413 1066 1586 1119 πλείω
1616 1063 1821 1116 τούτων
1845 1063 1933 1115 λέ-

349 1167 526 1235 γουσά
559 1183 616 1218 τε
657 1166 753 1218 καὶ
802 1161 1031 1226 όξιοῦσα
1076 1164 1287 1231 ταύτην
1329 1157 1750 1230 διεμαρτύρετο.
1807 1155 1935 1208 Θεο-

350 1257 513 1328 κλείᾳ
557 1258 614 1309 δὲ
668 1255 843 1309 ταῦτα
899 1255 1065 1324 ψόφοι
1106 1254 1268 1325 μόνον
1308 1247 1452 1323 ἦσαν
1485 1250 1656 1310 κενοὶ,
1689 1247 1798 1301 τῶν
1832 1247 1932 1317 μὲν

346 1349 506 1400 ὢτων
541 1348 962 1417 καταχεόμενοι,
994 1348 1298 1414 ἁπτόμενοι
1330 1345 1388 1398 δὲ
1416 1346 1517 1412 τῆς
1549 1341 1779 1412 καρδίας
1809 1339 1932 1392 οὐδὲ

352 1439 554 1511 βραχύ.
596 1438 813 1490 Βύουσα
841 1438 948 1506 γὰρ
972 1433 1041 1507 ἦν
1072 1431 1155 1489 τά
1188 1429 1305 1488 ὦτα
1335 1434 1432 1487 καὶ
1465 1433 1628 1502 αὑτὴ,
1661 1431 1804 1485 κατὰ
1831 1429 1930 1499 τὴν

345 1531 574 1597 ἀσπίδα,
608 1529 685 1593 ὡς
715 1530 791 1600 μὴ
815 1529 1052 1582 ἀκοῦσαι
1083 1531 1270 1598 φωνῆς
1305 1527 1618 1598 ἑπᾲδοντος.

422 1693 522 1748 1Δ’.
557 1691 716 1745 Ἐπεὶ
750 1690 806 1742 δὲ
843 1689 942 1742 ἴδοι
1007 1688 1185 1742 Θέκλα
1213 1687 1298 1740 ὃτι
1331 1685 1499 1755 μηδὲν
1523 1684 1748 1752 ὠφελεῖ,
1795 1682 1932 1736 ἀλλὰ

346 1787 442 1840 τὸν
473 1786 713 1838 Αἰθίοπα
743 1784 976 1853 σμήχειν
1007 1783 1298 1852 ἐπιχειρεῖ,
1327 1779 1524 1841 σώζειν
1555 1777 1932 1840 σπουδάζουσα

2037 604 2294 658 convenit
2316 603 2482 674 gloria
2501 613 2554 658 et
2575 605 2856 660 veneratio
2880 605 2932 660 in
2960 607 3426 664 saecula.‘lnveuit
3445 619 3625 668 autem

2037 693 2365 765 Thamyrida
2401 704 2696 758 mortuum,
2718 707 2946 751 matrem
2978 706 3160 754 tamen
3191 699 3372 754 adhuc
3404 703 3582 758 vivam
3611 721 3624 756 :

2035 801 2138 855 qua
2197 801 2292 856 per
2351 787 2521 840 otium
2575 786 2641 841 ad
2677 802 2736 841 se
2793 796 3034 856 recepta,
3071 787 3368 855 Theoclea,
3424 793 3626 863 inquit,

2036 887 2210 931 mater
2239 892 2380 942 mea,
2415 885 2572 946 potes
2625 877 2854 933 credere
2913 878 3204 933 Dominum
3241 878 3412 936 Deum
3444 883 3625 937 vivum

2036 969 2090 1022 in
2119 968 2275 1024 caelis
2307 969 2467 1022 esse?
2501 968 2558 1022 Si
2593 967 2740 1023 enim
2797 968 3111 1023 divitiarum
3148 986 3209 1025 es
3256 986 3466 1034 amans,
3507 973 3626 1027 illas

2036 1057 2132 1111 tibi
2175 1074 2274 1127 per
2329 1073 2416 1112 me
2464 1059 2856 1128 suppeditabit,
2920 1059 2964 1114 si
3019 1059 3142 1114 ﬁlim
3183 1069 3312 1125 tuae,
3348 1077 3477 1116 ecce
3526 1064 3625 1116 tibi

2033 1156 2174 1201 asto.
2205 1146 2442 1216 Hzecque
2499 1157 2555 1201 et
2593 1147 2677 1202 his
2728 1148 2881 1216 plura
2938 1147 3014 1202 illi
3073 1149 3284 1214 dicens,
3319 1167 3628 1222 rogansque

2033 1237 2181 1293 illam
2213 1239 2611 1293 obtestabatur.
2657 1239 2790 1304 Qum
2831 1239 3012 1292 omnia
3045 1239 3330 1295 Thcoclea:
3359 1245 3474 1296 soni
3509 1253 3629 1298 tan-

2037 1337 2147 1382 tum
2178 1329 2370 1382 inanes
2399 1331 2715 1391 verborum,
2756 1329 2848 1396 qui
2877 1329 2944 1382 ad
2977 1344 3142 1382 aures
3163 1330 3383 1398 quidem
3427 1331 3625 1385 ditium

2033 1418 2317 1484 derentur,
2365 1435 2460 1474 cor
2503 1431 2685 1473 autem
2747 1419 2896 1473 illius
2952 1434 3022 1473 ne
3080 1421 3350 1474 tantillum
3397 1423 3622 1492 quidem

2032 1511 2383 1580 attingerent,
2420 1511 2770 1564 abiuraverat
2816 1511 2962 1565 enim
2995 1521 3052 1566 et
3082 1511 3171 1565 illa
3200 1527 3382 1580 aures,
3419 1515 3626 1584 aspidis

2035 1601 2234 1665 instar,
2265 1617 2334 1655 ne
2363 1603 2582 1656 audiret
2612 1617 2800 1656 vocem
2837 1602 3193 1656 incauta-mis.

2104 1693 2242 1748 XIV.
2276 1695 2482 1750 Thecla
2517 1704 2699 1749 autem
2734 1710 2796 1749 se
2847 1696 2981 1750 nihil
3031 1696 3319 1765 proﬁcere,
3343 1697 3462 1762 sed,
3499 1713 3622 1750 cum

2033 1796 2263 1841 matrem
2295 1803 2515 1842 servare
2537 1787 2750 1848 nititur.
2784 1803 2894 1840 non
2919 1787 3066 1841 aliud
3104 1803 3267 1857 quam
3300 1788 3619 1858 Aitbiopem

345 1879 449 1948 τὴν
474 1878 689 1948 μητέρα
720 1893 734 1907 ο
763 1874 1285 1945 ὲπισφραγισαμένη
1309 1873 1428 1924 ὅλον
1455 1873 1515 1924 τὸ
1545 1873 1706 1940 σῶμα
1731 1870 1790 1923 τὸ
1810 1872 1930 1923 ἐαυ-

2037 1878 2218 1934 lavare
2259 1894 2318 1934 se
2351 1879 2564 1943 videns,
2597 1894 2797 1948 corpus
2826 1893 2983 1932 suum
3017 1887 3193 1933 totum
3235 1895 3400 1935 cruce
3433 1882 3623 1934 consi-

345 1972 470 2040 τῆς,
505 1970 604 2039 τὴν
642 1969 911 2023 Ίκονιέων
945 1967 1233 2036 ἐξέρχεται
1271 1964 1446 2026 πόλιν,
1476 1965 1569 2016 καὶ
1603 1964 1681 2024 είς
1707 1963 1928 2031 Δάφνην

347 2065 596 2132 ἔρχεται,
635 2063 714 2124 εἰς
755 2061 1024 2130 μνημεῖόν
1051 2075 1109 2111 τε
1135 2057 1333 2110 εἴσεισι
1380 2056 1509 2109 ἔνθα
1543 2056 1755 2121 Ιίαῦλης
1787 2057 1928 2125 μετά

359 2156 719 2224 Ὀνησιφόρου
756 2149 822 2222 ἦν
847 2151 1117 2222 εὑρεθεὶς,
1145 2151 1264 2202 ἐκεῖ
1292 2148 1705 2218 προσπεσοῦσα,
1756 2165 1928 2218 προσ-

345 2246 586 2299 έκλαυσε
642 2243 721 2312 τῷ
754 2242 895 2312 Θεῷ.
938 2237 1054 2294 Εἶθ’
1078 2239 1252 2302 οὕτως
1291 2240 1368 2300 είς
1403 2237 1728 2291 Σελεύκειαν
1755 2238 1929 2290 είσελυ

341 2337 540 2399 θοῦσα,
571 2335 776 2402 ἔξεισιν
809 2334 916 2397 ἔξω
941 2335 1043 2401 τῆς
1083 2333 1292 2390 πόλεως
1351 2328 1517 2400 μιλὶῳ
1561 2328 1662 2381 ὲνί.
1696 2329 1806 2381 Καὶ
1834 2329 1929 2380 Σειν

342 2427 561 2489 λευκεῖς
595 2427 704 2494 γὰρ
735 2423 1019 2488 ἐδεδοίκει,
1053 2423 1134 2476 ὅτι
1159 2421 1404 2473 κάκεῖνοι
1444 2419 1637 2472 εἴδωλα
1689 2436 1927 2488 προσκυ-

346 2521 571 2581 νοῦντες
607 2514 772 2588 ἦσαν.
825 2515 1038 2584 Ὀδηγῴ
1060 2513 1118 2565 δὲ
1151 2514 1413 2581 χρωμένη
1445 2511 1522 2581 τῷ
1551 2511 1692 2576 φωτὶ
1737 2511 1927 2578 ἐκείνη

341 2609 443 2676 τῆς
475 2608 728 2674 νεφέλης,
757 2605 1023 2672 ἀνάγεται
1052 2602 1189 2671 πρὸς
1214 2601 1274 2652 τὸ
1294 2602 1440 2670 ὅρος,
1477 2600 1504 2652 ὃ
1556 2601 1776 2668 ἐλέγετο
1812 2602 1926 2652 Κα-

343 2699 537 2769 λαμὼν
563 2700 740 2751 εῖτουν
783 2697 1000 2750 Ῥοδίων
1029 2712 1042 2725 ο
1067 2694 1196 2746 ἔνθα
1223 2695 1489 2762 σπήλαιον
1526 2692 1784 2764 εὑροῦσα,
1811 2693 1924 2744 εἵσ-

343 2810 488 2846 εισιν
549 2791 722 2852 ἔιδον,
767 2790 932 2840 κάκεῖ
958 2789 1186 2856 χρόνους
1229 2785 1478 2855 διαμένει
1513 2787 1762 2856 συχνοὺς,
1801 2786 1930 2838 πολ-

343 2885 468 2944 λοὺς
498 2882 600 2951 μὲν
621 2881 761 2949 αὐτῇ
814 2882 912 2931 καὶ
941 2878 1214 2947 χαλεποὺς
1249 2877 1592 2944 πειρασμοὶις
1617 2874 1711 2926 τοῦ
1731 2875 1925 2944 ἐχθροῦ

343 2975 746 3042 διεγείραντος,
781 2961 992 3032 πάντας
1026 2969 1082 3021 δὲ
1108 2967 1347 3036 Χριστοῦ
1383 2968 1568 3038 χάριτι
1597 2969 1924 3038 νικησάσης.

342 3071 528 3141 Δὴλην
569 3070 627 3122 δὲ
687 3066 858 3137 αὐτὴν
902 3064 1181 3135 πανταχοῦ
1237 3065 1336 3134 τῆς
1379 3065 1581 3134 ἀρετῆς
1643 3065 1926 3134 ποιούσης,

344 3165 548 3226 πολλάς
582 3161 690 3216 τῶν
723 3159 963 3227 εὐγενῶν
1008 3156 1288 3224 γυναικῶν
1320 3157 1348 3208 ό
1407 3156 1612 3226 ταύτης
1649 3157 1928 3227 ἐχειροῦτο

345 3253 538 3316 πόοος,
571 3253 668 3304 καὶ
714 3250 790 3313 ὡς
849 3248 1024 3318 αὐτὴν
1063 3246 1350 3314 φοιτῶσαι,
1405 3247 1580 3314 λόγων
1622 3248 1924 3314 ἀπέλαϐον,

342 3345 482 3398 πολὺ
517 3344 577 3394 τὸ
611 3341 803 3412 χαρίεν
847 3342 988 3410 μετὰ
1015 3339 1109 3392 τοῦ
1156 3339 1391 3406 ὠφελεῖν
1431 3339 1924 3408 ὲπιδεδειγμένων·

346 3438 409 3501 ἐξ
439 3430 515 3489 ὧν
544 3435 644 3487 οὐκ
683 3433 886 3500 ὀλίγαι,
923 3433 1114 3501 μακρᾷ
1168 3432 1266 3499 τῆς
1302 3429 1398 3483 τοῦ
1439 3429 1556 3498 βίου
1591 3433 1806 3501 χαίρειν
1850 3433 1929 3484 εί-

345 3530 571 3590 ποῦσαι,
610 3527 984 3591 συνησκοῦντο
1012 3524 1207 3592 ταύτῃ.
1237 3518 1346 3576 Ἤν
1378 3525 1435 3578 δὲ
1473 3527 1505 3593 ἡ
1539 3523 1716 3576 Θέκλα
1744 3525 1804 3577 ού
1830 3525 1932 3591 ψυ-

345 3622 447 3693 χὰς
471 3625 655 3691 μόνον,
681 3616 818 3672 ἀλλὰ
836 3619 929 3670 καὶ
951 3616 1182 3685 σώματα
1210 3615 1538 3685 θεραπεύειν
1562 3616 1927 3684 ἐπισταμένη,

347 3717 452 3768 οὐκ
483 3713 761 3780 ἰατρικαῖς
791 3711 1035 3777 τέχναις,
1071 3709 1206 3761 ἀλλὰ
1239 3707 1754 3778 θαυματουργικαῖς
1793 3708 1931 3775 μᾶλ-

345 3808 437 3861 λον
468 3806 766 3873 ἀνάγκαις.
806 3803 1046 3870 Ὄπερή
1082 3803 1235 3856 πόλις
1274 3799 1553 3866 μαθοῦσα,
1616 3800 1698 3852 ὅτι
1749 3802 1930 3870 παρῆν

346 3901 545 3971 ἀμισθὶ
595 3899 786 3960 νόσους
851 3895 1199 3957 ἐλαύνεσθαι,
1267 3893 1552 3962 προσῆγον
1611 3891 1750 3961 αὐτῇ
1803 3893 1926 3950 τοὺς

352 3996 688 4062 πάσχοντας,
723 3982 770 4055 ᾧ
821 3990 886 4042 ἂν
941 3989 1037 4040 καὶ
1087 3989 1281 4056 ἔτυχον
1329 3986 1602 4055 νοσήματι
1637 3999 1932 4052 προκατει-

349 4089 642 4160 λημμένοι.
684 4089 796 4142 Καὶ
828 4082 897 4157 ἦν
931 4085 1060 4137 ίδεῖν
1091 4084 1330 4154 πρᾶγμα
1369 4080 1530 4148 λόγου
1563 4081 1815 4149 κρεῖττον
1837 4078 1930 4129 καὶ¹

341 4183 691 4253 διηγήσεως·
726 4178 883 4232 οὔπω
914 4177 1022 4246 γὰρ
1069 4171 1208 4246 ἦσαν
1239 4175 1306 4243 τῇ
1345 4171 1486 4242 θύρᾳ
1533 4170 1929 4241 πλησιάζοντες

349 4273 443 4327 τοῦ
475 4272 776 4344 σπηλαίου,
808 4269 902 4323 καὶ
938 4267 1132 4336 ὥσπερ
1193 4266 1250 4320 αἱ
1292 4266 1437 4318 νόσοι
1483 4263 1574 4316 τὸν
1632 4265 1933 4330 ἀνταγωνι-

351 4366 482 4436 στὴν
512 4365 810 4418 δεδοικυῖαι
843 4362 1008 4423 εὐθὺς
1042 4360 1271 4426 ἔφυγον,
1310 4358 1487 4424 ὑγιεῖς
1516 4355 1644 4417 τοὺς
1689 4355 1932 4422 πάσχον-

349 4474 446 4518 τας
483 4455 940 4510 καταλείπουσαι.
974 4451 1148 4505 Τοῦτο
1191 4449 1249 4502 δὲ
1284 4449 1381 4502 καὶ
1432 4450 1492 4501 έν
1541 4449 1654 4509 τοῖς
1709 4447 1931 4514 δαίμοσι

1953 3212 2002 3272 C

2033 1985 2230 2040 gnans,
2262 1970 2633 2025 lconiensium
2668 1971 2856 2023 urbem
2898 1971 3194 2041 egreditur,
3227 1981 3284 2026 et
3340 1971 3621 2040 Daphnem

2029 2063 2242 2117 accedit
2288 2078 2302 2115 :
2357 2061 2543 2130 ibique
2597 2072 3011 2115 monumentum
3081 2063 3194 2130 (ubi
3249 2063 3472 2117 Paulum
3497 2080 3621 2117 eum

2029 2151 2380 2222 Onesiphoro
2402 2153 2710 2220 invenerat)
2731 2155 2919 2218 intrat,
2937 2162 2989 2206 et
3019 2154 3331 2222 procidens,
3355 2155 3622 2225 lacrymas

2030 2246 2098 2300 ad
2133 2245 2303 2299 Deum
2330 2245 2529 2299 fundit.
2561 2244 2767 2298 Deinde
2798 2244 3102 2299 Seleuciam
3153 2246 3418 2316 ingressa,
3451 2264 3620 2302 unum

2031 2335 2247 2390 miliare
2269 2335 2337 2388 ab
2369 2335 2504 2388 urbe
2531 2334 2782 2399 discedit,
2811 2335 3090 2389 metuebat
3123 2336 3273 2389 enim
3309 2336 3623 2392 Seleucien-

2030 2440 2140 2490 ses,
2171 2425 2318 2494 quod
2343 2434 2398 2479 et
2428 2425 2503 2477 illi
2528 2423 2670 2478 idola
2707 2424 3036 2480 adorarent:
3057 2425 3218 2478 nubis
3239 2435 3419 2480 autem
3444 2426 3622 2480 lucem

2031 2519 2134 2572 via:
2165 2518 2357 2571 ducem
2382 2525 2822 2576 nacta.montetn
2847 2517 3195 2581 conscendit,
3221 2518 3310 2570 cui
3359 2516 3619 2572 Calamon

2031 2609 2147 2663 sive
2182 2608 2434 2664 Rhodion
2464 2623 2665 2661 nomen
2705 2616 2844 2671 erat,
2878 2607 2966 2660 ubi
2999 2607 3054 2660 in
3103 2617 3374 2676 repertam
3406 2608 3624 2678 spelun-

2029 2713 2152 2752 cam
2183 2698 2462 2762 cont-edit,
2489 2699 2838 2767 plttriquue
2877 2698 3074 2752 ibidem
3111 2707 3358 2767 tempore
3377 2713 3624 2753 commo-

2032 2798 2183 2843 ratur
2221 2807 2234 2844 :
2278 2789 2477 2843 multas
2525 2789 2601 2842 illi
2651 2804 2954 2858 gravesque
3004 2789 3226 2843 interim
3284 2791 3620 2845 tentationes

2033 2883 2191 2936 hoste
2239 2882 2459 2936 diabolo
2506 2883 2846 2945 concitante,
2899 2881 3126 2952 illasque
3187 2899 3381 2938 omnes
3433 2884 3620 2938 divino

2030 2973 2302 3029 beneﬁcio
2331 2976 2448 3043 ipsa
2468 2985 2784 3043 superante.
2815 2975 3062 3043 Cumque
3083 2989 3202 3028 eam
3229 2975 3402 3029 virtus
3420 2975 3623 3044 ubique

2031 3067 2286 3122 redderet
2315 3067 2606 3130 illustrem,
2630 3066 2829 3120 multas
2854 3067 3117 3120 nobilium
3149 3066 3476 3121 feminarum
3502 3069 3623 3136 ejus

2032 3161 2258 3217 incessit
2326 3161 2660 3217 desiderium
2718 3177 2731 3213 :
2787 3161 3046 3230 illamque
3127 3160 3433 3224 adeuntes,
3493 3178 3620 3216 cum

2033 3256 2216 3310 verbis
2238 3255 2378 3325 ejus,
2416 3271 2524 3309 non
2563 3255 2829 3308 minorem
2861 3263 3197 3307 venustatem
3239 3268 3399 3323 quam
3420 3254 3623 3308 utilita-

2033 3357 2138 3402 tem
2171 3363 2238 3402 ex
2265 3363 2324 3402 se
2355 3345 2791 3408 ostendentibus,
2825 3344 3160 3408 fruerentur,
3195 3346 3350 3415 longe
3382 3346 3483 3400 hac
3512 3347 3621 3400 vita

2032 3443 2212 3497 valere
2239 3442 2412 3510 jussa,
2437 3455 2545 3493 una
2578 3453 2703 3492 cum
2736 3437 2860 3506 ipsa
2893 3435 2962 3489 ad
2996 3435 3254 3505 pietatem
3285 3437 3622 3491 exerceban-

2034 3545 2141 3590 tur.
2185 3534 2375 3603 Neque
2397 3547 2528 3587 vero
2549 3531 2760 3585 animas
2781 3529 2982 3595 solum,
3010 3529 3104 3582 sed
3139 3543 3370 3597 corpora
3400 3545 3618 3598 quoque

2031 3642 2227 3681 curare
2254 3626 2342 3680 illa
2374 3636 2600 3679 noverat
2633 3641 2648 3681 :
2687 3639 2797 3676 non
2829 3631 2947 3676 arte
2981 3621 3213 3689 medica,
3250 3623 3344 3676 sed
3375 3624 3618 3677 admira-

2031 3719 2123 3773 bili
2157 3719 2336 3789 potius
2369 3727 2535 3786 atque
2567 3714 2940 3770 eliicacissima
2966 3713 3015 3767 vi
3043 3723 3204 3783 atque
3221 3714 3622 3780 virtute.Quod

2033 3813 2125 3867 ubi
2163 3811 2361 3866 civitas
2411 3808 2696 3872 intellexit,
2745 3807 2938 3860 adesse
2991 3821 3186 3876 nempe
3246 3816 3619 3876 tempus.quo

2033 3903 2154 3956 sine
2213 3900 2466 3955 mercede
2519 3899 2740 3952 morbos
2794 3897 2984 3950 liceret
3038 3897 3332 3966 depellere,
3365 3898 3432 3952 ad
3469 3897 3616 3952 illaut

2029 4010 2227 4065 agros,
2263 4008 2593 4064 quocunque
2623 3991 2840 4046 tandem
2894 3991 3037 4045 malo
3088 3981 3484 4053 de'tinerentur,
3517 3991 3614 4044 ad-

2034 4087 2333 4142 ducebant.
2365 4085 2606 4153 Eratque
2635 4083 2819 4137 videre
2842 4097 2978 4145 rem,
3005 4098 3128 4152 qua;
3157 4097 3379 4137 omnem
3409 4098 3621 4138 sermo.

2033 4194 2160 4233 nem
2182 4178 2550 4246 narrandique
2580 4175 2894 4230 facultatem
2927 4184 3235 4245 superaret,
3269 4187 3447 4245 neque
3469 4173 3616 4229 enim

2033 4271 2110 4324 illi
2147 4271 2328 4324 adhuc
2380 4269 2656 4339 speluncae
2710 4278 2882 4338 portte
2925 4266 3459 4337 apprOpinquabant,
3491 4281 3616 4322 cum

2034 4363 2236 4427 morbi,
2262 4371 2522 4429 tanquam
2551 4361 2919 4417 adversariam
2947 4375 3102 4415 suam
3134 4367 3464 4420 metuentes,
3488 4373 3618 4428 pro-

2037 4454 2184 4509 tinus
2213 4455 2556 4522 aufugerent,
2581 4467 2716 4521 quos
2738 4462 2896 4507 antea
2930 4458 3279 4517 vexaverant,
3325 4464 3489 4504 sanos
3528 4465 3618 4505 rc-

350 4552 606 4619 πονηροῖς
635 4547 1106 4619 προσπαλαίουσιν
1166 4544 1301 4613 όρᾷν
1351 4536 1419 4612 ἦν
1444 4555 1458 4570 ο
1494 4541 1589 4593 καὶ
1631 4538 1786 4592 αὐτοὶ
1822 4539 1930 4608 γαρ

2037 4543 2370 4613 linquentes.
2401 4541 2549 4594 Idem
2596 4556 2813 4610 quoque
2840 4542 2895 4594 in
2942 4541 3046 4596 illis
3080 4555 3308 4596 cernere
3337 4548 3475 4603 erat,
3525 4541 3617 4608 qui

352 4643 530 4695 κακοῦ
563 4641 784 4704 ὲξάνται
819 4639 1124 4706 γινόμενοι,
1153 4633 1360 4696 πολλὰς
1384 4631 1504 4703 Θεῷ
1529 4649 1588 4684 τε
1619 4631 1714 4684 καὶ
1747 4630 1926 4701 Θέκλη

319 4791 324 4796 ,
347 4739 449 4798 τὰς
475 4737 705 4806 χάριτας
730 4731 1073 4802 ὡμολόγουν.

425 4917 525 4974 IE’.
560 4919 686 4980 Τοῖς
708 4915 807 4986 μὲν
835 4909 930 4968 οὖν
949 4911 1131 4975 ἄλλοις
1160 4909 1354 4980 χαρίεν
1382 4906 1564 4960 ἐδόκει
1591 4904 1652 4958 τὸ
1674 4905 1929 4975 πρᾶγμα,

347 5013 635 5083 ’θαύματός
685 5027 746 5062 τε
779 5008 880 5062 καὶ
922 5005 1161 5070 σπουδῆς
1223 5001 1397 5070 ἄξιον,
1466 4999 1672 5068 ἰατροῖς
1703 4996 1760 5049 δὲ
1821 4996 1933 5056 τοῖς

353 5106 498 5160 κατὰ
523 5101 853 5158 Σελεύκειαν
884 5099 982 5153 καὶ
1016 5097 1258 5168 μάλιστα
1299 5090 1558 5164 χαλεπὸν,
1590 5086 1932 5159 ἀτιμαζομέ-

353 5217 490 5262 νοις,
529 5197 720 5266 ὥσπερ
757 5193 928 5259 εἰκὸς,
956 5192 1052 5244 καὶ
1083 5190 1246 5258 εἴπερ
1269 5205 1323 5240 τι
1373 5185 1502 5240 ἄλλο
1543 5182 1735 5252 χρῆμα
1766 5179 1933 5232 εὐκα-

353 5293 701 5362 ταφρόνητον
736 5289 818 5350 εἰς
849 5285 1158 5356 παρόρασιν
1205 5279 1526 5353 ἐρχομένοις
1554 5291 1568 5308 ⁸
1611 5273 1930 5339 κάντεῦθεν,

350 5387 419 5455 ἣν
444 5380 592 5454 εῐχον
633 5384 808 5454 μόνην
837 5377 1097 5447 ἀφορμὴν
1127 5375 1245 5446 βίου
1272 5373 1371 5442 τὴν
1390 5373 1609 5441 τέχνην,
1655 5367 1808 5421 οὐδὲν
1838 5366 1935 5420 αὺ-

349 5477 464 5539 τοῖς
492 5473 803 5528 ἀπόνασθαι
857 5468 1202 5537 δυναμένοις.
1257 5464 1458 5518 Φθόνου
1504 5462 1686 5514 τοίνυν
1735 5459 1931 5528 ἀγρίου

353 5571 448 5622 καὶ
498 5567 697 5638 μανίας
777 5562 1141 5631 πλησθέντες,
1186 5557 1242 5611 τί
1312 5557 1664 5616 σκέπτονται,
1731 5551 1829 5605 καὶ
1880 5549 1934 5602 τί

359 5659 644 5726 ποιοῦσιν;
687 5658 778 5720 Ὠς
835 5654 1078 5724 πονηρὸν
1111 5649 1356 5720 ἁληθῶς,
1399 5648 1494 5702 καὶ
1531 5646 1684 5699 δόλου
1715 5645 1809 5697 καὶ
1842 5659 1932 5695 πι-

360 5753 527 5824 κρίας
549 5749 765 5821 ,μεστὸν
793 5747 945 5813 ἄξιόν
974 5762 1034 5798 τε
1067 5743 1162 5796 τοῦ
1187 5741 1361 5795 ταῦτα
1393 5738 1744 5799 ὑποτιθέντος
1775 5735 1936 5805 χαλε-

354 5843 463 5900 ποῦ
505 5845 786 5915 δαίμονος.
832 5837 1242 5908 Ἀθροισθέντες
1266 5835 1392 5904 γὰρ,
1419 5835 1513 5887 καὶ
1532 5832 1736 5916 λοιμῷν
1769 5828 1931 5883 «aes.

681 5939 954 6000 Par-non.
995 5933 1112 5991 Gn.
1143 5929 1280 5988 CXV
1297 5973 1313 5990 .

2037 4649 2164 4689 cum
2194 4633 2351 4686 malis
2399 4633 2574 4701 geniis
2621 4632 2991 4697 luctabantur,
3018 4632 3203 4687 statim
3257 4630 3406 4685 enim
3471 4631 3617 4684 illius

2037 4726 2164 4780 mali
2223 4725 2506 4778 indemnes
2566 4723 2762 4776 redditi
2840 4737 3063 4791 magnas
3121 4721 3324 4793 gratias
3379 4720 3492 4776 Deo
3561 4734 3618 4775 ct

2035 4816 2255 4872 Thecla:
2286 4815 2542 4885 agebant.

2103 4909 2220 4964 XV.
2251 4908 2428 4976 Atque
2477 4907 2550 4960 ita
2588 4903 2801 4960 caeteris
2833 4904 3056 4974 quidem
3082 4919 3172 4959 res
3203 4905 3317 4960 hazc
3348 4904 3618 4973 imprimis

2029 5000 2274 5068 jucunda
2303 4999 2774 5066 admirationeque
2803 5007 2858 5052 et
2889 4997 3070 5053 studio
3091 4997 3253 5066 digna
3291 4996 3613 5056 habebatur,

2035 5092 2262 5147 medicis
2321 5100 2504 5147 autem
2575 5090 3020 5147 Seieuciensibus
3101 5089 3338 5144 maxime
3391 5089 3616 5161 gravis,

2036 5183 2358 5254 ignominia,
2390 5191 2451 5236 ut
2475 5182 2781 5243 videbatur,
2813 5180 3029 5235 allectis
3059 5193 3114 5233 et
3151 5179 3300 5233 omni
3333 5194 3410 5244 re,
3445 5177 3612 5234 etiam

2035 5274 2295 5328 vilissima
2328 5275 2502 5343 magis
2522 5272 2816 5342 despectis,
2851 5279 3014 5341 atque
3045 5287 3111 5325 ex
3139 5281 3274 5335 arte,
3305 5272 3490 5341 (quam
3521 5283 3614 5322 so-

2035 5366 2142 5420 lam
2171 5367 2292 5420 vita:
2321 5365 2698 5420 sustentanda
2747 5363 3051 5418 subsidium
3096 5363 3297 5418 habere
3343 5359 3616 5422 solebant)

2035 5458 2246 5513 nullum
2264 5456 2500 5511 fructum
2526 5455 2975 5526 percipientibus.
3006 5454 3212 5508 Invidia
3235 5453 3396 5524 igitur
3415 5449 3614 5504 immiti

2036 5561 2090 5606 et
2119 5551 2305 5604 furore
2338 5547 2550 5615 repleti,
2582 5547 2713 5617 quid
2731 5547 3066 5602 moliuntur?
3092 5547 3219 5617 quid
3258 5543 3450 5617 agunt?
3481 5543 3615 5596 Rem

2037 5643 2297 5700 nimirum
2329 5639 2482 5695 omni
2539 5638 2731 5694 fraude
2779 5648 2834 5693 et
2863 5639 3160 5693 acerbitate
3198 5638 3430 5707 plenam,
3467 5634 3620 5689 diro-

2037 5750 2142 5806 que
2169 5735 2417 5788 dmmone
2479 5732 2605 5785 talia
2659 5739 2986 5802 suggerente
3041 5731 3202 5800 plane
3256 5729 3493 5799 dignam.
3555 5723 3615 5776 In

2042 5844 2209 5883 unum
2264 5827 2409 5881 enim
2461 5833 2745 5891 coeuntes,
2787 5833 2842 5880 et
2877 5823 3311 5894 pestilentiarum
3361 5815 3618 5874 cathedra

3224 5912 3296 5973 27
