4060 6450
513 397 645 461 "£43

1764 382 2054 445 MENSIS
2093 384 2121 444 ε

2220 380 2571 444 ’TEMBER.
3670 387 3756 452 ut

516 506 745 572 euecti,
776 504 843 562 de
875 501 1041 563 rebus
1069 501 1186 559 suis
1214 500 1359 556 inter
1402 513 1463 555 se
1503 498 1929 579 communicant.
1961 496 2121 569 Virgo

2224 495 2328 567 δρα
2402 495 2715 565 γενόμενοι,
2769 490 3207 562 κοινολογοῦνται
3263 492 3411 558 καθ’,
3437 495 3660 562 ἑαυτοὺς,
3705 498 3758 551 Ἦ

542 597 681 659 haec,
739 595 1017 664 inquiunt,
1045 607 1169 647 cunt
1230 605 1444 660 magnae
1495 589 1678 644 Diana:
1741 590 1997 645 sacerdos
2049 591 2120 645 sit

535 692 618 759 (et
646 692 718 745 ita
742 688 889 743 enim
933 685 1247 741 amentibus
1277 684 1383 739 illis
1408 681 1737 752 videbatur),
1781 681 2012 737 maxime
2050 683 2120 737 ab

536 782 652 847 illa,
682 781 827 850 quod
877 779 1242 851 virginitatem
1289 778 1693 834 exactissimam
1741 785 1956 839 servet,
1991 777 2120 831 ada-

540 884 722 928 matur
749 889 764 926 :
788 880 954 940 atque
978 869 1106 924 inde
1148 871 1229 934 tit,
1260 878 1321 922 ut
1349 883 1515 939 super
1544 882 1874 938 quacunque
1923 883 1983 922 re
2014 869 2120 923 illis

521 979 697 1035 opem
728 970 948 1034 poscat,
981 961 1235 1032 protinus
1283 960 1387 1016 sibi
1427 962 1822 1031 obsequentem
1876 975 1944 1015 ex
1996 971 2120 1016 voto

538 1058 755 1112 habeat.
794 1055 999 1121 Quam,
1043 1069 1167 1108 cum
1200 1053 1347 1107 nulla
1380 1053 1483 1108 alia
1533 1054 1603 1109 sit
1631 1070 1816 1121 causa,
1842 1055 1986 1125 quod
2019 1057 2112 1110 dea

519 1148 610 1203 ita
637 1149 712 1204 illi
738 1146 1030 1203 familiaris
1056 1147 1127 1202 sit
1164 1162 1328 1216 quam
1371 1146 1639 1201 castitatis
1676 1146 1764 1201 illa
1782 1145 2117 1218 praestantia,

530 1241 697 1310 agite,
736 1241 886 1294 illam
915 1240 1196 1296 solvamus
1221 1239 1479 1308 virosque
1510 1248 1565 1294 et
1587 1239 1963 1295 adolescentes
1996 1254 2121 1310 per-

538 1329 820 1384 ditissima:
839 1331 961 1385 vita
981 1328 1050 1384 ad
1074 1329 1125 1383 id
1143 1343 1325 1384 assum
1335 1337 1476 1397 ptos,
1501 1330 1782 1400 multaque
1799 1331 1908 1387 vini
1926 1340 1982 1388 et
1999 1332 2116 1386 auri

523 1420 697 1490 ~c0pia
736 1421 970 1476 comiter
1008 1419 1258 1492 praebita,
1284 1420 1502 1475 illorum
1545 1422 1744 1477 animis
1771 1422 2034 1486 excitatis,
2065 1423 2117 1477 in

540 1511 687 1577 illam
734 1512 1116 1567 imtnittamus.
1176 1509 1235 1567 ld
1290 1512 1580 1567 consilium
1637 1513 1929 1581 ineuntes,
1975 1514 2117 1569 idem

539 1617 757 1673 quoque
777 1611 1174 1671 exsequuntur,
1200 1603 1543 1674 iuvenesque
1572 1603 1819 1658 omnium
1867 1603 2119 1674 petulan-

539 1692 736 1748 tissimi
790 1705 847 1748 et
900 1693 1311 1749 sceleratissimi
1358 1695 1427 1750 ab
1468 1696 1602 1765 ipsis
1651 1695 1830 1763 electi,
1857 1697 2120 1753 adversus

535 1784 799 1856 virginem
855 1784 1168 1851 mittuntur,
1206 1795 1490 1842 certamen
1532 1788 1693 1858 longe
1741 1788 2116 1858 turpissimum

526 1877 893 1948 depugnaturi
930 1894 945 1933 :
992 1878 1255 1948 quodque
1312 1880 1470 1950 pejus
1515 1888 1656 1946 erat,
1713 1879 2115 1950 improbitatem

522 1981 687 2022 suam
714 1968 827 2037 jam
863 1977 974 2022 tum
1016 1968 1274 2024 mercede
1313 1969 1631 2024 obstrictam
1680 1970 1966 2031 habentes,
1989 1979 2117 2025 ante

530 2059 710 2129 ipsam
782 2059 1089 2124 victoriam,
1145 2058 1408 2115 facinoris
1458 2061 1544 2115 sui
1601 2062 1827 2131 pessimi
1896 2071 2117 2132 recepto

530 2149 785 2218 praemio.
820 2148 1034 2219 Spelzeo
1088 2166 1219 2221 ergo
1266 2159 1510 2207 astantes
1561 2151 1707 2207 lores
1757 2154 1999 2223 pulsant,
2030 2154 2119 2208 illa

537 2249 722 2296 autem
761 2240 987 2313 (quippe
1049 2251 1281 2297 noverat
1327 2243 1516 2299 divino
1565 2244 1835 2301 beneficio
1885 2261 1990 2316 qua
2051 2248 2119 2304 de

532 2346 697 2386 causa
725 2332 814 2385 illa
857 2332 1250 2388 sceleratorum
1277 2334 1539 2390 colluvies
1573 2336 1938 2409 advenisset),
1969 2336 2117 2405 Filii,

532 2426 733 2495 inquit,
771 2426 903 2496 quid
955 2427 1159 2482 vultis?
1208 2428 1297 2483 Sic
1328 2428 1415 2483 illa
1445 2430 1678 2499 placide,
1711 2432 1924 2487 volebat
1970 2434 2118 2488 enim

532 2531 749 2572 morum
781 2519 1075 2585 suavitate,
1109 2527 1165 2575 et
1199 2519 1490 2575 verborum
1536 2522 1909 2594 simplicitate,
1942 2526 2121 2597 impu-

532 2608 752 2663 dentem
782 2608 1002 2663 illorum
1029 2618 1085 2664 et
1117 2611 1501 2666 truculentum
1530 2623 1790 2668 conatum
1831 2615 1885 2669 in
1918 2617 2004 2671 sui
2029 2633 2119 2671 re-

534 2702 841 2754 verentiam
873 2698 1115 2756 ﬂectere.
1166 2698 1248 2756 Illi
1306 2710 1512 2767 autem,
1557 2719 1687 2758 num
1745 2705 1854 2761 illic
1918 2704 2118 2762 Thecla

532 2791 758 2847 neruine
814 2798 979 2857 esset,
1029 2791 1390 2864 interrogant.
1448 2793 1517 2849 Et
1548 2809 1692 2865 quae,
1735 2795 1917 2866 inquit
1960 2798 2121 2853 beata

533 2880 652 2945 illa,
675 2882 831 2938 vobis
857 2881 1113 2938 Theclam
1142 2886 1421 2953 quaerendi
1449 2886 1634 2941 ratio?
1664 2886 1775 2957 Ego
1803 2888 1950 2943 enim
1973 2904 2116 2947 sum.

533 2966 615 3021 llli
646 2971 831 3023 statim
866 2971 1222 3028 ostendentes
1244 2987 1303 3028 se
1336 2973 1459 3029 illos
1491 2989 1640 3038 esse,
1674 2992 1907 3044 quorum
1932 2989 2120 3048 guttur

535 3059 848 3128 sepulcrum
894 3070 1088 3131 patens
1136 3073 1221 3119 est
1241 3064 1282 3129 ⁸,
1313 3080 1637 3136 responsum
1679 3070 1952 3138 impurum
1996 3081 2118 3127 tan-

535 3163 701 3216 quam
741 3163 808 3202 ex
837 3147 991 3204 fonte
1027 3150 1243 3222 impuro
1293 3154 1573 3225 impurum
1614 3156 1832 3213 laticem
1865 3161 2121 3216 emitten-
2145 3194 2190 3258 ο

539 3249 643 3299 tes.
683 3239 750 3295 Et
786 3256 908 3310 qua:
939 3242 1067 3310 alia,
1110 3244 1461 3315 impudenter
1507 3247 1825 3317 subjiciunt,
1864 3267 2025 3322 quam
2061 3262 2123 3309 ut

533 3348 659 3386 eum
693 3332 809 3402 ipsa
845 3332 1222 3391 dormiamus?
1249 3338 1318 3392 ad
1373 3339 1476 3396 hoc
1513 3341 1661 3396 enim
1709 3344 1817 3398 huc
1846 3345 2119 3401 venimus.

533 3421 673 3479 Tum
719 3424 806 3479 illa
859 3426 936 3495 (ο
968 3441 1179 3482 sacram
1225 3428 1492 3497 animam,
1522 3433 1684 3487 simul
1711 3442 1768 3489 et
1801 3438 2027 3491 vocent!
2057 3439 2076 3507 )
2103 3453 2116 3488 :

538 3515 677 3586 Ego,
726 3517 923 3587 inquit,
962 3517 1186 3575 humilis
1238 3520 1423 3576 vetula
1466 3537 1611 3588 sum,
1645 3533 1701 3578 at
1749 3539 1878 3581 vero
1922 3526 2121 3582 famula

536 3607 754 3663 Domini
797 3612 969 3665 nostri
993 3611 1124 3667 Jesu
1157 3611 1361 3679 Christi
1395 3632 1409 3669 :
1446 3615 1609 3669 etiam
1648 3616 1693 3671 si
1728 3618 1972 3688 improbe
1992 3620 2123 3691 quid

539 3713 627 3753 tne
659 3707 901 3755 statuere
930 3704 1176 3768 tentetis,
1212 3720 1555 3776 nequaquam
1579 3708 1633 3763 id
1666 3708 1885 3765 elﬁcere
1913 3712 2120 3781 poteri-

541 3789 632 3844 tis.
670 3787 1040 3849 Persistebant
1080 3795 1156 3849 illi
1206 3797 1385 3866 parvi,
1439 3800 1545 3855 hoc
1605 3800 1808 3864 solum,
1872 3817 1932 3856 re
2002 3804 2120 3873 ipsa

534 3882 1077 3950 ostendentes,.esse
1126 3901 1186 3941 se
1221 3888 1375 3953 tales,
1406 3891 1629 3945 omnino
1671 3891 1787 3945 ﬁeri
1827 3906 1937 3946 non
1961 3909 2123 3962 posse

536 3972 806 4038 dicentes,
849 3986 911 4029 ut
942 3975 1092 4031 illinc
1122 3977 1228 4033 nisi
1252 3978 1515 4048 facinore,
1552 3982 1699 4050 quod
1730 3982 2119 4053 moliebantur,

535 4074 856 4135 perpetrato
882 4067 1252 4124 discederent.
1278 4069 1407 4127 Haec
1448 4072 1716 4139 dicentes,
1743 4073 1892 4129 illam
1926 4090 2119 4147 aggre-

537 4152 853 4222 diebantur,
884 4164 942 4210 et
969 4167 1118 4213 arcte
1163 4160 1444 4217 tenebant.
1480 4163 1619 4218 Tum
1655 4165 1745 4221 illa
1798 4165 1986 4223 habitu
2067 4176 2122 4225 et

540 4244 727 4299 verbis
796 4245 1122 4316 nitissimis,
1173 4252 1244 4306 At
1282 4265 1624 4324 exspectate,
1652 4258 1854 4328 lnquit,
1897 4259 2013 4327 lilii,
2065 4270 2122 4317 et

534 4334 793 4391 videbitis
822 4340 1120 4407 potentiam
1154 4341 1269 4397 Dei.
1299 4341 1545 4416 Cumque
1574 4352 1699 4419 non;
1720 4350 1943 4407 haberet
1974 4354 2119 4423 quod

537 4437 750 4494 ageret,
780 4442 812 4482 a
842 4437 987 4483 coetu
1016 4428 1110 4486 illo
1138 4432 1511 4492 maleﬁcorum
1545 4438 1790 4508 detenta,
1821 4442 2122 4509 multisque

2225 586 2499 658 παρθένος
2530 588 2694 657 αῦτη,
2727 587 3006 656 λέγοντες,
3043 584 3220 656 ἱέρεια
3251 584 3358 653 τῆς
3391 587 3618 657 μεγάλης
3651 591 3753 660 Ἀρ-

2219 676 2435 746 τέμιδος
2465 675 2621 741 οὖσα,
2650 674 2727 740 ῶς
2750 691 2813 745 γε
2833 674 3022 739 αὐτοῖς
3045 674 3222 728 ἐδόκει
3247 675 3333 728 διὰ
3361 675 3548 746 πολλὴν
3563 677 3750 741 άνοιαν.

2222 768 2461 839 φιλεῖται
2507 771 2646 839 πρὸς
2694 768 2868 838 αὐτῆς
2899 767 2979 839 τῷ
3030 765 3329 837 παρθενίαν
3385 767 3753 847 ἀκριόεσῖάτην

2218 861 2429 932 τηρεῖν.
2467 861 2578 914 Kal.
2620 863 2774 930 παρᾶ
2800 861 2982 924 τοῦτο,
3012 858 3109 928 ἐφ’
3142 851 3187 925 ᾧ
3210 855 3276 910 ἂν
3302 856 3392 910 καὶ
3414 857 3617 930 δεηθείη
3641 862 3760 915 ταύ-

2218 968 2343 1022 της,
2382 948 2773 1005 ὑπακούουσαν
2810 948 2950 1019 ἔχει,
2995 949 3092 1002 καὶ
3143 946 3501 1002 συντελοῦσαν
3544 950 3609 1002 τά
3636 951 3760 1005 κατὰ

2225 1042 2468 1113 θέλησιν.
2520 1042 2678 1096 Ἐπεὶ
2711 1036 2806 1096 οὖν
2835 1041 2991 1096 οὐδὲν
3034 1041 3211 1095 αἴτιον
3236 1040 3364 1095 ἄλλο
3395 1040 3490 1111 τῆς
3524 1041 3650 1113 πρὸς
3675 1043 3760 1111 τὴν

2220 1132 2351 1187 θεὰν
2379 1131 2554 1198 αὐτῆς
2579 1131 2935 1198 οίκειώσεως,
2983 1131 3019 1202 ἢ
3065 1131 3128 1184 τὸ
3174 1129 3275 1200 τῆς
3309 1131 3524 1200 ἁγνείας
3553 1132 3764 1203 ὑπάρχει

2222 1223 2408 1289 καλὸν,
2439 1223 2602 1276 τοῦτο
2631 1222 2907 1294 λύσωμεν,
2944 1222 3039 1276 καὶ
3065 1222 3267 1292 ἄνδρας
3294 1221 3518 1293 αἰσχροῦ
3551 1221 3659 1293 βίου
3681 1225 3765 1277 καὶ

2221 1316 2545 1379 νεανίσκους
2571 1315 2708 1387 πρὸς
2762 1315 2938 1370 ταῦτα
2982 1313 3260 1377 λαϐόντες,
3297 1314 3424 1382 οϊνῳ
3472 1330 3531 1365 τε
3581 1314 3765 1367 πλείονι

2221 1410 2315 1464 καὶ
2333 1407 2539 1480 χρυσοῦ
2565 1406 2813 1476 δεξιώσει
2829 1408 2929 1472 τὰς
2950 1408 3127 1478 ὁρμὰς
3145 1406 3331 1463 αὐτῶν
3354 1405 3767 1478 παραθήξαντες,

2221 1502 2526 1572 ὲπαφῶμεν
2550 1501 2717 1570 αὑτῇ.
2749 1498 2909 1555 υῦτω
2942 1499 3305 1571 σκεψάμενοι,
3360 1497 3530 1563 οὓτως
3553 1499 3767 1553 ἐποίουν.

2221 1597 2334 1650 Καὶ
2357 1596 2473 1649 νέοι
2503 1597 2615 1651 τῶν
2641 1595 2965 1651 ἀκολάστων
2996 1593 3093 1646 καί
3123 1590 3401 1663 βδελυρῶν
3427 1591 3605 1655 αὐτοῖς
3634 1590 3769 1644 ἐκλε-

2221 1687 2434 1757 γέντες,
2458 1689 2775 1757 πέμποντας.
2806 1688 2950 1743 κατὰ
2971 1686 3071 1757 τῆς
3091 1685 3389 1755 παρθένου,
3410 1683 3503 1736 τὸν
3521 1684 3769 1754 αῐσχιστον

2222 1773 2385 1831 ἆθλον
2416 1779 2815 1849 ἀγωνιούμενοι
2839 1820 2854 1842 ,
2892 1778 2988 1831 καὶ
3018 1775 3080 1829 τὸ
3100 1774 3509 1845 χαλεπώτερον,
3528 1772 3770 1843 ἔμμισθον

2151 1848 2191 1903 Β
2221 1868 2437 1940 ἔχοντες
2462 1871 2564 1941 τὴν
2601 1848 2826 1936 κακίαν,
2863 1870 2957 1921 καλ⁸
2984 1868 3114 1936 περὶ
3146 1867 3249 1937 τῆς
3298 1865 3456 1933 νίκης
3486 1865 3553 1917 τὰ
3578 1862 3662 1917 τοῦ
3687 1880 3773 1916 κα·

2220 1960 2319 2016 κοῦ
2359 1963 2620 2036 ἐπίχειρα
2666 1959 3031 2029 δεδειγμένοι.
3104 1956 3467 2018 Ἐπιστάντες
3505 1953 3773 2024 τοιγαροῦν

2215 2054 2295 2126 τῷ
2324 2055 2602 2125 σπηλαίῳ,
2649 2055 2914 2110 κόπτουσι
2950 2053 3051 2125 τὴν
3105 2050 3304 2121 θύραν.
3343 2050 3411 2103 Ἠ
3445 2050 3500 2103 δὲ
3546 2049 3654 2122 (καὶ
3679 2051 3772 2118 γάρ

2217 2146 2363 2214 εγνω
2387 2148 2477 2202 διὰ
2505 2147 2608 2219 τῆς
2642 2147 2890 2217 χάριτος,
2938 2146 3064 2199 ὅτου
3123 2143 3289 2214 χάριν
3327 2141 3437 2195 τῶν
3466 2139 3703 2211 πονηρῶν
3743 2141 3770 2208 ἡ

2219 2242 2404 2311 ἄφιξις
2455 2240 2885 2314 προσελθοῦσα),
2920 2239 3144 2304 Τεκνία,
3197 2238 3362 2308 φησὶ,
3408 2235 3459 2288 τί
3503 2233 3771 2305 pannos;

2219 2333 2413 2397 Οὕτως
2440 2333 2639 2406 εἴρηκε
2686 2335 2917 2402 πράωςο
2949 2330 3114 2403 ἡθελε
3172 2329 3289 2400 γάρ
3319 2328 3400 2400 τῷ
3445 2326 3651 2398 κοσμίῳ
3691 2322 3772 2377 τσῦ

2220 2424 2407 2496 ἥθους,
2438 2427 2536 2480 καὶ
2561 2427 2671 2479 τῶν
2699 2427 2876 2494 λόγων
2915 2426 2983 2494 τῇ
3013 2422 3315 2491 ἁπλότητι,
3339 2419 3553 2481 ἀναιδὲς
3573 2419 3774 2489 ὅρμημα

2221 2520 2316 2572 καὶ
2347 2518 2544 2589 ίταμδν
2576 2517 2925 2571 καταιδέσαι.
2957 2518 3019 2571 υἱ
3063 2515 3144 2578 δὲ,
3174 2515 3262 2578 τίς
3316 2512 3404 2584 εἴη
3428 2511 3672 2575 ἐνταῦθα,
3703 2510 3774 2561 λέ-

2219 2626 2401 2677 γουσι,
2433 2609 2675 2678 τοῠνομα
2710 2609 2892 2663 Θέκλα
2924 2624 2940 2676 ;
2977 2608 3088 2661 Καὶ
3135 2609 3169 2679 ἡ
3214 2604 3474 2677 μακαρία
3500 2621 3513 2636 ’
3544 2604 3633 2667 Είς
3659 2603 3705 2655 τί
3727 2599 3775 2654 δὲ

2221 2705 2351 2774 ύμῖν
2379 2703 2439 2757 τὸ
2461 2702 2666 2774 ταύτην
2686 2700 2870 2772 ζητεῖν
2895 2719 2910 2770 ;
2950 2699 3092 2769 Ἐγώ
3114 2701 3257 2771 εἰμι.
3297 2700 3521 2752 Ἐκεῖνοι
3548 2695 3602 2750 δὲ
3625 2709 3776 2764 παρα-

2218 2797 2413 2867 χρῆμα
2439 2794 2727 2860 δείξαντες
2772 2794 2930 2848 αὐτοὶ
2987 2787 3154 2859 εἶναι,
3185 2787 3267 2847 ῶν
3302 2792 3331 2846 ό
3378 2789 3583 2862 λάρυγξ
3630 2787 3776 2855 τάφος

2183 2924 2190 2931 ς
2221 2886 2577 2957 ἀνεῳγμένος
2614 2885 3000 2963 Eat-immense
3034 2888 3098 2939 ὲκ
3131 2886 3345 2955 μιαρᾶς
3369 2882 3570 2954 πηγῆς,
3601 2878 3772 2949 μιαρὸν

2220 2982 2456 3051 ἀφέντες
2498 2983 2652 3050 νᾶμα
2684 2979 2777 3034 τὸν
2805 2981 2993 3049 λόγον,
3025 2979 3092 3032 Τί
3118 2980 3174 3033 δὲ
3200 2977 3395 3048 ἄλλοῆ
3431 2976 3569 3029 ὥστε
3594 2988 3776 3058 συγκα-

2222 3072 2491 3144 θευδῆσαι
2538 3072 2756 3145 tati-tn;
2816 3072 3007 3136 ἔλεξαν
3054 3071 3321 3135 ἀναιδῶς.
3371 3070 3464 3133 Είς
3494 3066 3648 3122 τοῦτο
3686 3063 3777 3132 γάρ

2223 3166 2488 3236 πάριμεν.
2535 3164 2600 3216 Ἢ
2629 3164 2709 3227 δὲ,
2760 3162 2812 3216 ὦ
2851 3165 2949 3234 τῆς
2989 3163 3153 3231 ἁγίας
3203 3163 3434 3229 ἐκείνης
3485 3161 3578 3214 καὶ
3614 3155 3775 3228 ψυχῆς

2225 3260 2321 3313 καὶ
2349 3258 2572 3328 φωνῆςί
2619 3256 2782 3326 Ἐγὼ,
2818 3257 2946 3328 ἔφη,
2988 3256 3224 3326 ταπεινὴ
3276 3254 3457 3328 γραῦς
3482 3255 3615 3324 εἰμι,
3657 3251 3779 3319 πλὴν

2222 3351 2359 3409 ἀλλὰ
2390 3350 2550 3421 δούλη
2587 3366 2651 3419 γε
2679 3349 2774 3404 τοῦ
2822 3348 3028 3420 Κυρίου
3077 3347 3241 3418 ἡμῶν
3312 3346 3489 3418 Ἰησοῦ
3538 3341 3777 3415 Χριστοῦο

2223 3439 2330 3493 κᾶν
2368 3454 2421 3492 τι
2454 3437 2693 3507 πονηρὸν
2718 3435 2818 3506 ἐμὲ
2843 3435 3045 3506 δρᾶσαι
3083 3435 3467 3505 πειράσασθε,
3497 3435 3555 3487 οὐ
3582 3428 3779 3486 δυνατοὶ

2223 3530 2437 3585 ἔσεσθε.
2489 3530 2786 3599 Ἐπέμενθν
2808 3527 2861 3581 οι
2890 3527 3079 3593 κακοὶ,
3112 3527 3249 3580 αὐτὸ
3278 3526 3443 3581 τοῦτο
3471 3521 3781 3595 βεϐαιοῦντες

2222 3624 2308 3677 ὅτι
2338 3622 2525 3685 κακοὶ,
2559 3621 2824 3673 ἀδύνατον
2856 3615 3002 3673 εῖναι
3040 3619 3303 3689 λέγοντες
3333 3619 3634 3688 ἀποστῆναι
3665 3613 3783 3685 πρό-

2223 3731 2406 3785 τερον,
2433 3715 2483 3766 εί
2526 3711 2605 3783 μὴ
2636 3711 2955 3783 πράξαιμεν
2986 3710 3016 3764 δ
3049 3710 3393 3782 βουλόμεθα.
3417 3710 3602 3766 Ταῦτα
3621 3707 3785 3775 λέγον-

2222 3820 2317 3867 τες
2346 3803 2443 3856 καὶ
2495 3802 2758 3868 ἐπείρων,
2795 3805 2891 3856 καὶ
2919 3800 3097 3873 ἀπρὶξ
3124 3804 3406 3873 κατέσχον
3440 3801 3610 3870 αὐτήν
3633 3815 3647 3828 ’
3672 3799 3701 3866 ή
3734 3793 3784 3847 δὲ

2222 3895 2318 3949 καὶ
2342 3895 2587 3966 σχήματι
2612 3897 2705 3948 καὶ
2729 3893 2875 3965 λόγῳ
2907 3895 3169 3961 δπιεικεῖ,
3211 3894 3384 3949 Ἀλλὰ
3430 3888 3782 3963 περιμείνατε,

2225 3985 2357 4054 ἔφη,
2391 3987 2581 4052 τέκνα,
2613 3986 2711 4039 καὶ
2743 3987 2848 4056 τὴν
2877 3984 3038 4050 δόξαν
3075 3984 3285 4056 ὄψεσθε
3304 3985 3404 4039 τοῦ
3448 3983 3603 4039 Θεοῦ.
3639 3981 3718 4041 Ὠς
3740 3977 3786 4028 δὲ

2222 4078 2327 4130 οὐκ
2360 4072 2511 4149 εἶχεν
2569 4078 2598 4132 ὂ
2641 4095 2695 4132 τι
2738 4078 2835 4131 καὶ
2862 4078 3111 4148 δράσειε,
3165 4080 3473 4149 συναγωγῇ
3513 4085 3787 4144 πονηρευο-

2225 4171 2403 4239 μένων
2428 4169 2843 4240 περισχεθεωα,
2881 4172 2981 4227 καὶ
3018 4169 3235 4224 πολλῶν
3289 4171 3468 4239 αὐτὴν
3497 4168 3604 4221 τῶν
3629 4162 3785 4218 κυνῶν

2223 4260 2763 4333 περικυκλωσάντων
2802 4257 2976 4334 (εἶχον
2999 4261 3109 4333 γὰρ
3139 4263 3199 4317 ἐν
3253 4262 3443 4335 χερσὶ,
3474 4260 3569 4315 καὶ
3612 4256 3787 4329 βιάσα-

2226 4352 2353 4406 σθαι
2383 4353 2632 4424 μανικῶς
2666 4353 2991 4425 ὲφὼρμων),
3032 4357 3115 4419 είς
3146 4355 3395 4425 οὐρανὸν
3421 4356 3485 4408 τὸ
3514 4352 3664 4423 ὄμμα
3689 4346 3787 4401 διά-

2223 4462 2393 4517 ρασα,
2421 4446 2599 4518 Κύριε
2626 4446 3035 4518 παντοκράτορ,
3060 4446 3189 4516 ἔφη,
3214 4449 3244 4502 ὁ
3271 4449 3438 4520 μόνος
3461 4444 3680 4506 δυνατὸς
3706 4438 3789 4493 καὶ

536 4516 767 4574 canibus
812 4519 1189 4577 circumventa
1225 4525 1378 4594 (jam
1417 4527 1564 4582 enim
1598 4530 1846 4586 manibus
1868 4545 2118 4603 compre-

2224 4516 2551 4609 οίκτίρμων,
2586 4539 2624 4608 η
2644 4537 2799 4601 ἐλπὶς
2827 4516 2937 4592 τῶν
2961 4516 3428 4611 άπηλπισμένων,
3455 4541 3491 4612 ἡ
3512 4538 3616 4592 τῶν
3640 4534 3785 4601 66011-

537 4608 766 4665 ltensam
802 4614 1083 4680 tenebant,
1131 4624 1186 4670 et
1233 4615 1440 4673 furioso
1480 4619 1590 4673 vim
1617 4620 1692 4675 illi
1741 4620 1946 4679 inferre
1978 4624 2123 4681 nite-

536 4700 788 4774 bantur),
840 4704 898 4758 in
934 4706 1103 4762 ctelos
1151 4707 1243 4762 illa
1272 4710 1462 4766 oculos
1519 4712 1822 4769 attollens:
1871 4713 2119 4783 Domine,

538 4795 739 4865 inquit,
798 4798 1169 4869 omnipotens,
1227 4803 1375 4857 solus
1432 4812 1627 4872 potens
1681 4813 1736 4859 et
1790 4806 2121 4878 misericors,

537 4901 663 4957 spes
687 4886 1125 4957 despcratorutn,
1150 4891 1413 4951 auxilium
1446 4907 1548 4963 ope
1581 4894 1989 4965 destitutorum,
2031 4903 2126 4969 qui

536 4994 628 5034 tne
655 4995 723 5034 ex
750 4981 895 5053 igne,
933 4982 1148 5049 bestiis,
1184 4983 1533 5057 Tbamyride,
1570 4986 1880 5045 Alexandro
1913 5001 1971 5046 et
2002 4992 2123 5048 lacu

535 5068 804 5136 liber-usti,
847 5073 1051 5144 ubique
1103 5091 1324 5130 manum
1388 5077 1785 5134 auxiliatricent
1853 5087 2122 5152 praebens,

535 5163 735 5234 cuique
769 5166 1030 5234 placitum
1067 5166 1191 5234 luit,
1226 5178 1286 5224 ut
1316 5183 1521 5225 nomen
1555 5171 1612 5225 in
1636 5187 1725 5227 me
1756 5181 1911 5228 tuum
1959 5175 2126 5247 glori-

536 5254 820 5320 ticaretur,
851 5256 1016 5311 etiam
1047 5273 1217 5324 nunc,
1249 5259 1474 5314 Domine
1497 5260 1637 5315 Deus
1655 5276 1829 5329 meus,
1856 5263 2007 5335 eripe
2036 5281 2125 5323 me

537 5358 605 5398 ex
637 5362 801 5401 manu
834 5348 1029 5403 horum
1063 5350 1398 5419 iniquorum,
1436 5367 1613 5422 neque
1638 5355 1925 5423 permittas
1956 5356 2122 5427 virgi-

535 5434 766 5489 nitatem
814 5452 992 5494 meatu
1050 5439 1250 5510 injuria
1309 5441 1521 5507 violari,
1562 5460 1726 5514 quam
1779 5456 2004 5517 propter
2067 5457 2122 5503 te

536 5535 593 5581 et
629 5543 830 5585 nomen
868 5540 1020 5586 tuum
1070 5535 1387 5589 conservavi
1425 5550 1440 5590 :
1478 5536 1604 5606 quia
1651 5544 1705 5593 te
1742 5552 1891 5603 amo,
1922 5553 2122 5607 sponse

540 5620 948 5693 irrepreltense,
983 5636 1143 5697 teque
1170 5640 1424 5698 veneror,
1453 5625 1634 5700 Pater,
1656 5626 1764 5686 Fili
1797 5636 1852 5687 et
1884 5629 2124 5702 Spiritus

612 5788 635 5824 ⁵
664 5791 812 5852 Psal.
839 5813 890 5867 ν,
920 5800 1005 5856 10.

2225 4630 2408 4700 θήτων
2442 4628 2689 4699 βοήθεια,
2714 4632 2749 4684 ό
2766 4631 2832 4684 ὲκ
2866 4630 3040 4701 πυρὸς
3067 4631 3168 4701 μὲν
3189 4632 3292 4685 καὶ
3324 4632 3540 4704 θηρῶν,
3563 4629 3785 4698 Θαμύρι-

2222 4721 2311 4785 δός
2338 4737 2399 4774 τε
2430 4721 2527 4774 καὶ
2567 4720 2947 4793 Ἀλεξάνδρου,
2976 4724 3072 4776 καὶ
3099 4721 3270 4793 βυθοῦ
3302 4723 3605 4786 διασώσας,
3634 4722 3785 4774 ἁπαν-

2222 4814 2393 4883 ταχοῦ
2426 4829 2488 4866 τε
2545 4813 2741 4885 βοηθὸν
2799 4796 2998 4884 ὀρέξας
3048 4831 3141 4885 μοι
3177 4818 3367 4886 χεῖρα,
3414 4816 3512 4869 καὶ
3550 4817 3611 4867 τὸ
3665 4811 3784 4864 θεῖιν

2224 4904 2401 4975 δνομά
2430 4922 2527 4959 σου
2556 4905 2862 4977 εὐδοκήσας
2885 4908 2943 4961 ὲν
2973 4908 3098 4977 ἐμοὶ
3139 4907 3482 4978 ὼξασθῆναι
3511 4922 3526 4937 ⁸
3568 4907 3659 4960 καὶ
3684 4900 3783 4962 νῦν.

2227 4996 2403 5067 Κύριε
2431 4998 2460 5050 ὁ
2494 4995 2630 5060 Sed;
2670 5014 2798 5067 μου,
2842 4997 3007 5068 ῥῦσαί
3047 5014 3115 5068 με
3141 4999 3206 5051 εκ
3236 5001 3429 5069 χειρὸς
3463 4999 3571 5051 τῶν
3595 4997 3786 5061 ἀνόμων

2223 5089 2454 5152 τούτων,
2489 5089 2585 5143 καὶ
2622 5089 2697 5160 μὴ
2759 5090 2928 5161 ἐάσῃς
2965 5089 3297 5162 ὑδρισθῆναί
3325 5108 3432 5161 μου
3466 5090 3568 5162 τὴν
3611 5082 3781 5154 παρθε-

2224 5181 2368 5246 νίαν,
2398 5185 2464 5251 ἣν
2496 5182 2587 5236 διὰ
2626 5182 2689 5236 σὲ
2719 5182 2814 5235 καὶ
2845 5184 2906 5236 τὸ
2935 5184 3029 5236 σὺν
3057 5183 3363 5254 διεφύλαξα
3388 5184 3590 5254 δνομα,
3622 5183 3698 5235 ὃτι
3728 5174 3776 5226 αὶ

2225 5273 2389 5346 φιλῶ,
2420 5277 2622 5346 νυμφίε
2645 5276 2869 5346 άμωμε,
2898 5276 2995 5331 καὶ
3025 5277 3111 5331 σοὶ
3166 5278 3472 5348 προσκυνῷ
3507 5276 3587 5348 τῷ
3625 5268 3777 5339 [largi

2230 5372 2327 5426 καὶ
2354 5371 2435 5441 τῷ
2478 5372 2595 5444 Υίῷ
2642 5372 2849 5444 καὶτῷ
2898 5373 3041 5443 ἁγίῳ
3080 5374 3366 5445 Πνεύματι
3439 5372 3537 5428 νῦν
3589 5371 3679 5425 καὶ
3720 5366 3789 5425 εἰς

2229 5463 2355 5526 τοὺς
2384 5462 2612 5526 αἰῶνας.
2644 5463 2750 5515 Καὶ
2779 5462 3116 5533 ἐπειπούσης
3144 5462 3318 5532 αὐτῆς
3340 5463 3405 5516 τὸ
3442 5464 3633 5532 Ἀμὴν.
3656 5452 3789 5525 φωνὴ

2230 5557 2535 5628 οὐρανόθεν
2576 5557 2714 5629 πρὸς
2747 5557 2919 5628 αὐτὴν
2942 5556 3181 5625 γίνεται,
3214 5555 3309 5629 Μὴ
3334 5554 3529 5624 φοϐοῦ,
3555 5553 3785 5620 λέγουσιν

2231 5652 2453 5707 Θέκλα·
2501 5653 2644 5725 μετὰ
2690 5652 2787 5707 σοῦ
2831 5653 2941 5725 γάρ
2988 5657 3128 5726 είμι,
3189 5651 3362 5724 δούλη
3418 5649 3530 5722 ἐμὴ
3580 5644 3786 5716 ἀληθής-
