4060 6468
534 393 644 456 867

1768 387 2050 448 MENSIS
2080 380 2558 452 SEP’I‘EMBER.

3693 385 3850 456 868‘

540 516 644 574 per
671 505 812 560 viam
843 513 1048 560 arctam
1078 512 1133 560 et
1165 517 1411 574 asperam
1441 496 1774 573 ingrediens,
1804 517 1964 572 quam
1989 502 2117 556 ullus

2233 503 2406 567 οὕτως
2430 504 2597 569 ὀξέως
2622 503 2708 558 διὰ
2739 502 2942 572 ταύτης
2965 498 3286 573 φερόμενος,
3306 484 3380 565 ῶς
3418 500 3594 565 οὐδεὶς
3623 500 3818 572 ἕτερος

536 597 676 652 alius
726 611 825 666 per
877 596 1092 665 planam
1147 604 1205 650 et
1260 594 1445 657 latam,
1502 602 1554 647 et
1589 592 1657 646 ad
1710 591 2124 660 ingrediendum

543 689 781 744 faciiem.
840 686 1014 741 Parvo
1051 687 1235 756 itaque
1279 696 1523 753 tempore
1577 699 1852 737 summum
1908 683 2128 737 virtutis

537 780 923 852 apprehendit,
978 789 1033 833 et
1092 786 1308 831 creatus
1364 785 1450 831 est
1493 787 1678 846 pastor
1727 775 2127 842 Carthagiuen-

537 876 678 927 sinm
716 873 812 944 (b).
843 870 962 924 Non
1021 871 1198 924 solum
1296 878 1478 922 autem
1557 867 1960 938 Carthaginem,
2027 867 2123 921 sed

537 966 704 1019 etiam
752 964 1072 1018 universum
1135 962 1510 1024 Occidentem,
1566 970 1729 1029 atque
1781 961 1918 1014 adeo
1958 960 2122 1013 etiam

536 1065 718 1114 totum
751 1054 1060 1115 Orientem,
1116 1051 1540 1122 comprehendit
1591 1053 1674 1104 sui
1732 1051 2122 1106 admiratione.

541 1147 592 1202 Is
625 1162 950 1218 generosam
988 1159 1209 1214 quoque
1253 1143 1519 1215 virginem
1575 1143 1808 1208 Justam,
1845 1158 1969 1196 cum
2005 1157 2124 1195 mu-

536 1246 650 1291 tato
680 1237 909 1291 nomine
939 1234 1211 1289 Justitiam
1248 1234 1601 1303 appellasset,
1649 1243 1703 1286 et
1747 1234 1802 1287 in
1847 1233 2121 1288 diaconis-

533 1345 717 1384 sarum
747 1343 1040 1383 numerum
1087 1327 1382 1390 retulisset,
1433 1326 1485 1380 ei
1529 1326 1693 1381 tradit
1742 1327 2120 1396 praefecturam

533 1437 722 1475 earum
779 1433 907 1490 quae
965 1429 1124 1474 erant
1191 1419 1248 1472 in
1310 1419 1670 1481 monasterio,
1733 1426 1789 1472 et
1843 1418 1924 1473 eis
1974 1417 2118 1473 illam

530 1513 779 1582 praefecit
830 1522 1088 1580 tanquam
1150 1520 1406 1565 matrem.
1439 1512 1545 1565 Eos
1593 1510 1896 1580 autem,qui
1928 1512 2120 1566 ortho-

527 1604 682 1658 doxae
738 1603 861 1658 ﬁdei
925 1604 1382 1670 adversabantur,
1451 1604 1573 1659 luce
1636 1607 1759 1658 vitae
1816 1612 1867 1658 et
1921 1604 2118 1674 lingua:

535 1697 810 1751 suavitate
846 1695 1134 1760 inducens,
1182 1695 1428 1765 quotidie
1476 1695 1902 1750 inuun’terabiles
1951 1697 2118 1751 adde-

530 1789 622 1843 bat
655 1787 932 1854 Ecclesia},
970 1796 1050 1851 et,
1097 1797 1156 1840 ut
1200 1787 1368 1842 semel
1411 1787 1982 1858 dicam,quoscunque
2024 1796 2117 1842 aut

529 1895 773 1949 praesens
809 1879 989 1951 lingua
1022 1887 1116 1932 aut
1153 1879 1352 1932 absens
1384 1879 1605 1948 scriptis
1641 1880 2029 1948 alioqueretur,
2050 1880 2117 1934 ad

533 1982 736 2026 rectam
759 1981 970 2042 partem
994 1972 1332 2027 traducebat.
1355 1970 1716 2036 Quamobrem
1737 1987 1822 2026 res
1837 1973 2118 2042 gentilium

525 2064 786 2119 ﬂorentes
846 2073 978 2120 tunc
1016 2075 1144 2118 sunt
1195 2065 1496 2129 exstinctae,
1555 2071 1611 2116 et
1658 2073 1915 2133 tanquam
1953 2064 2122 2119 herba

526 2156 772 2224 quaedam
793 2155 1048 2225 paulatim
1064 2165 1472 2210 emarcuerunt.
1491 2156 1624 2209 Cum
1647 2155 1718 2208 ita
1733 2170 1788 2210 se
1807 2156 2050 2222 haberet,
2064 2156 2121 2211 in

527 2265 652 2304 eum
683 2265 713 2304 a
761 2250 950 2305 doloso
975 2250 1131 2305 hoste
1180 2251 1384 2304 bellum
1419 2263 1506 2304 est
1557 2250 1880 2314 excitatum,
1918 2266 2027 2306 non
2062 2261 2121 2305 ut

526 2356 650 2394 eum
693 2356 925 2411 unquam
977 2351 1259 2411 superaret
1307 2341 1555 2412 (sciebat
1623 2342 1769 2395 enim
1836 2342 1952 2397 licri
2009 2358 2118 2397 non

527 2447 708 2502 posse,
744 2443 804 2487 ut
842 2434 958 2504 ipse
999 2432 1268 2505 Cypriane
1315 2435 1573 2488 evaderet
1629 2434 1952 2503 superior),
2020 2435 2118 2491 sed

530 2535 590 2578 ut
624 2541 750 2578 cum
783 2525 986 2580 Christi
1020 2540 1148 2579 oves
1201 2539 1230 2578 a
1280 2533 1498 2595 pastore
1551 2528 1792 2581 desertas
1825 2525 2119 2593 effecisset,

529 2623 662 2667 tunc
720 2624 978 2685 tanquam
1029 2614 1190 2685 lupus
1244 2615 1527 2681 invadens,
1585 2628 1678 2669 eas
1731 2624 1993 2671 mactaret
2065 2626 2120 2672 et

524 2705 798 2776 perderet.

594 2797 692 2851 XX
724 2798 859 2854 Cum
891 2815 1019 2872 ergo
1053 2809 1225 2856 totum
1255 2799 1516 2857 subiisset
1544 2801 1770 2857 Decium
1798 2801 1936 2872 (ipse
1971 2802 2119 2857 enim

525 2901 656 2946 tunc
696 2893 994 2962 imperabat
1035 2893 1341 2963 Romanis),
1399 2895 1753 2950 acerbissimo
1830 2911 1956 2949 eum
2011 2896 2121 2952 ciet

521 2984 705 3040 furore
737 2987 997 3041 adversus
1025 2985 1388 3041 Christianos.
1445 2987 1615 3058 Magis
1653 2994 1836 3042 autem
1867 2987 2122 3042 studebat

521 3079 641 3147 ipse
695 3094 864 3133 unum
901 3081 1087 3133 venari
1103 3077 1452 3148 Cyprianum,
1499 3093 1659 3148 quam
1699 3092 1895 3133 omnes
1924 3093 2122 3149 capere

2231 596 2327 664 τὴν
2349 597 2557 667 ὁμαλὴν
2586 597 2680 650 καὶ
2715 597 2977 651 πλατεῖαν
3003 597 3100 648 καὶ
3155 598 3270 658 τοῖς
3303 595 3520 656 πολλοῖς
3558 594 3819 664 βάσιμον,

2229 690 2424 759 ἀμέλει
2462 692 2556 743 καὶ
2583 689 2652 743 δι’
2684 690 2868 758 ὀλίγου
2893 688 2988 742 τοῦ
3018 689 3190 760 ἄκρου
3242 687 3343 756 τῆς
3366 687 3574 758 ἀρετῆς
3615 687 3822 740 ἐπελά-

2229 780 2373 833 ϐετο.
2411 782 2520 834 Καὶ
2553 782 2760 850 ποιμὴν
2791 784 3032 847 κατέστη
3065 779 3556 850 Καρχηδονίων,οὑ
3587 781 3822 849 Καρχη-

2225 872 2374 936 δόνος
2407 874 2464 927 δὲ
2500 875 2688 942 μόνον,
2742 873 2879 926 ἀλλὰ
2917 874 3014 927 καὶ
3059 873 3162 943 τῆς
3205 875 3502 942 Ἐσπερῖου
3534 874 3720 941 πάσης
3758 874 3777 902 ¹
3805 886 3819 900 ·

2230 965 2434 1034 μᾶλλον
2461 964 2516 1018 δὲ
2550 965 2646 1019 καὶ
2693 966 2870 1037 Ἐῴαν
2917 967 3046 1037 ὅλην
3120 967 3526 1038 περιλαμϐάνει
3575 967 3658 1037 τῷ
3691 960 3822 1017 κατ’

2226 1057 2391 1109 αὑτὸν
2431 1057 2695 1128 θαύματι.
2756 1053 2930 1121 Οὗτος
2973 1060 3068 1111 καὶ
3119 1058 3220 1131 τὴν
3272 1059 3492 1128 ἀληθῶς
3555 1057 3764 1126 εὐγενῆ
3799 1058 3822 1088 ’

2225 1149 2498 1217 παρθένον
2561 1149 2824 1215 Ἰούσταν,
2891 1150 3191 1204 Ἰουστίναν
3249 1151 3651 1222 μετονομάσας,
3723 1147 3823 1204 καὶ

2221 1244 2342 1303 ταῖς
2364 1242 2385 1272 ³
2409 1241 2682 1304 διακόνοις
2705 1243 3099 1311 ὲγκαταλέξας,
3127 1243 3226 1313 τὴν
3259 1243 3604 1311 προστασίαν
3629 1245 3780 1313 αὐτῇ
3803 1243 3824 1274 ⁸

2221 1333 2330 1385 τῶν
2361 1332 2503 1386 κατὰ
2555 1333 2616 1385 τὸ
2653 1333 2992 1404 ἀσκητήριον
3023 1335 3044 1365 ⁸
3096 1333 3416 1405 ἐγχειρίζει,
3467 1335 3563 1388 καὶ
3597 1335 3677 1398 ὡς
3709 1345 3826 1405 μηέ-

2218 1424 2354 1494 τέρα
2407 1425 2640 1488 ταύταις
2679 1427 2958 1495 ἐφίστησι.
2993 1426 3136 1490 Τοὺς
3191 1426 3246 1480 δὲ
3297 1426 3396 1498 τὴν
3445 1428 3710 1480 ἐναντίαν
3744 1426 3826 1495 τῷ

2219 1514 2486 1585 ὀρθοδὸξῳ
2513 1515 2613 1585 τῆς
2642 1517 2877 1580 πίστεως
2914 1516 3308 1586 τεταγμένους,
3343 1516 3421 1587 τῷ
3459 1535 3518 1570 τε
3559 1521 3656 1570 τοῦ
3694 1518 3824 1587 βίου

2219 1607 2359 1672 φωτὶ
2383 1605 2476 1658 καὶ
2497 1609 2562 1677 τῇ
2589 1609 2688 1675 τῆς
2708 1605 2923 1676 γλῶττη
2944 1627 2957 1659 :
2979 1607 3143 1678 ἡδονῇ
3171 1608 3539 1677 ἐπαγόμενος,
3566 1609 3698 1676 ἀριθ
3710 1608 3823 1672 μοῦ

2217 1695 2503 1764 κρείττους
2533 1697 2769 1766 ἑκάστης
2799 1698 3016 1766 ἡμέρας
3067 1698 3377 1769 προσετίθει
3411 1699 3432 1730 ⁸
3459 1702 3527 1769 τῇ
3574 1699 3826 1768 Ἐκκληέ-

2221 1790 2342 1858 σία*
2391 1790 2507 1853 καὶ,
2562 1789 2855 1842 συνελόντα
2904 1790 3095 1856 φάναι,
3151 1793 3297 1853 ὅσοις
3331 1790 3397 1844 ἂν
3435 1792 3467 1862 ἢ
3506 1791 3712 1862 παρὼν
3752 1795 3823 1862 τῇ

2151 1843 2190 1896 Β
2221 1843 2438 1949 γλῶττη
2549 1877 2706 1930 ἀπὼν
2731 1843 2931 1946 ὡμίλει
2963 1879 2982 1908 '
3013 1843 3128 1943 τοίς
3159 1843 3478 1949 γράμμασιέ
3508 1843 3607 1949 τῆς
3633 1843 3821 1950 ὀρθῆς

2223 1968 2462 2020 ἐποιεῖτο
2494 1967 2716 2037 μερίδος
2739 1983 2754 1998 ο
2778 1966 2970 2036 διόπερ
2996 1967 3262 2020 ἀνθοῦντα
3279 1970 3350 2020 τὰ
3379 1969 3488 2020 τῶν
3529 1969 3825 2040 Ἐλλήνων

2220 2057 2438 2129 ἀπέσϐη
2467 2058 2615 2124 τότε,
2643 2061 2739 2112 καὶ
2765 2057 2842 2130 ῶς
2874 2060 3006 2129 χλόη
3030 2076 3114 2122 τις
3139 2060 3283 2112 κατὰ
3317 2059 3519 2129 μικρὸν
3566 2061 3824 2132 ἐμαραί-

2223 2170 2366 2210 νετο.
2395 2153 2585 2218 Οὕτως
2611 2154 2761 2226 αὐτῷ
2788 2154 2968 2226 ἔχοντι
3020 2155 3174 2226 παρὰ
3211 2155 3306 2208 τοῦ
3361 2155 3534 2208 δολίου
3565 2155 3827 2225 πόλεμος

2223 2247 2524 2317 ἐπανέστη,
2563 2247 2664 2317 οὐχ
2693 2247 2780 2301 ἵνα
2807 2247 3004 2300 τούτου
3039 2249 3061 2280 ⁸
3095 2250 3228 2300 ποτὲ
3258 2246 3570 2318 κατισχὺσῃ
3609 2248 3765 2318 (ᾔδει
3803 2249 3824 2279 ⁸

2222 2337 2330 2406 γὰρ
2366 2336 2443 2399 ὡς
2491 2335 2756 2390 ἀδύνατον
2811 2337 2964 2407 αὐτῷ
2995 2337 3378 2406 περιγίνεσθαι
3417 2337 3823 2405 Κυπριανοῦ),

2222 2430 2337 2486 ἀλλ’
2368 2431 2456 2484 ἵνα
2478 2431 2740 2500 ποιμένος
2767 2430 2954 2500 ἔρημα
2982 2431 3051 2483 τὰ
3085 2429 3324 2500 Χριστοῦ
3361 2427 3406 2461 ⁸⁸
3427 2429 3680 2501 πρόϐατα
3717 2429 3826 2483 θέἑ

2224 2536 2411 2592 μενος,
2444 2519 2569 2572 τότε
2596 2519 2854 2591 καθάπερ
2889 2520 3052 2584 λύκος
3080 2518 3281 2583 ἐπιϐὰς
3311 2517 3452 2592 λύσῃ
3498 2518 3679 2574 ταῦτα
3714 2520 3827 2574 καὶ

2221 2613 2487 2687 ἀπολέσῃ.

2294 2795 2379 2854 ις’.
2419 2798 2582 2851 Ὀλον
2603 2796 2784 2851 τοίνυν
2819 2795 2912 2851 τδν
2946 2797 3141 2851 Δέκιον
3169 2797 3421 2851 ὑπελθὼν
3465 2796 3672 2870 (αὐτὸς
3693 2797 3822 2866 γὰρ

2219 2891 2344 2947 τότε
2379 2891 2671 2962 Ῥωμαίων
2696 2890 2971 2961 ἐκράτει),
3009 2890 3314 2960 πικρότατα
3338 2890 3530 2943 τοῦτον
3550 2889 3820 2959 ἐκμαίνει

2220 2985 2366 3040 κατὰ
2391 2983 2738 3056 Χριστιανῶν
2762 2999 2776 3014 ο
2806 2984 2886 3054 τῷ
2916 2983 2976 3036 δὲ
3001 2983 3256 3046 τοσοῦτος
3281 2982 3349 3052 ,η
3376 2981 3530 3052 ἁγὼν
3571 2978 3642 3050 ἧν
3673 2981 3820 3037 ῑδιω

2221 3078 2390 3132 αὑτοῦ
2416 3079 2641 3149 θήραμα
2696 3077 2884 3131 θέσθαι
2940 3076 3278 3147 Κυπριανδν,
3336 3077 3461 3128 ὅσον
3508 3076 3816 3147 0661'sz-

523 3170 882 3224 Christianos.
963 3169 1181 3225 Sciebat
1263 3171 1431 3237 enim,
1505 3185 1668 3240 quam
1741 3178 1890 3225 esset
1975 3171 2117 3226 illius

2226 3173 2480 3233 στιανοὺς
2529 3170 2672 3224 ἑλεῖν
2700 3170 2972 3234 ἅπαντας.
3013 3170 3169 3241 ᾜδει
3202 3169 3312 3240 γὰρ
3343 3165 3457 3222 οἷον
3505 3169 3720 3223 ἐκείνου
3764 3171 3812 3202 ⁸⁸

521 3262 708 3333 lingua
731 3263 879 3317 utilis
897 3262 1250 3327 Christianis,
1273 3271 1330 3317 et
1365 3264 1510 3332 quod
1533 3277 1660 3317 cum
1684 3262 1835 3317 illum
1858 3263 2112 3332 cepisset,

522 3358 685 3414 facile
757 3371 853 3412 eos
895 3357 1230 3426 subjugaret,
1285 3355 1378 3426 qui
1427 3356 1496 3411 ab
1579 3355 1697 3426 ipso
1720 3355 2110 3426 pascebantur.

519 3448 659 3504 Cum
685 3449 742 3503 in
763 3463 830 3503 eo
855 3463 984 3518 ergo
1003 3462 1196 3502 omnes
1217 3446 1561 3502 adhibuisset
1585 3446 1885 3510 machinas,
1917 3456 1974 3502 et
2009 3460 2112 3502 nec

520 3541 789 3596 bonorum
824 3539 1112 3610 promissis
1159 3539 1325 3606 allici,
1391 3554 1571 3609 neque
1623 3539 1894 3593 malorum
1946 3538 2113 3593 minis

519 3633 745 3687 vidisset
783 3631 1117 3703 persuaderi,
1145 3647 1268 3686 eum
1293 3632 1510 3687 tandem
1533 3630 1756 3686 damnat
1781 3630 1994 3685 exsilio.
2021 3629 2113 3686 Ille

520 3733 704 3780 autem
735 3733 946 3780 tantum
989 3725 1180 3790 abfuit,
1219 3733 1280 3779 ut
1327 3724 1667 3780 existimaret
1695 3737 1951 3794 magnum
1979 3722 2110 3792 quid

517 3830 639 3872 esse
677 3816 1024 3886 supplicium,
1053 3817 1160 3870 etsi
1223 3825 1527 3871 extremum
1589 3823 1732 3869 esset
1789 3815 2012 3879 malum,
2053 3823 2112 3868 ut

517 3907 760 3976 scipsum
787 3922 896 3961 non
952 3921 1174 3970 curans,
1225 3906 1458 3961 aliorum
1492 3919 1679 3960 curam
1713 3913 1951 3976 gereret,
2009 3919 2110 3959 nec

517 4007 760 4052 cessaret
788 4000 1052 4063 scribere,
1078 3999 1390 4064 admonere,
1421 3999 1764 4062 continuare,
1798 3997 2106 4062 adhortari,

519 4101 581 4144 ut
643 4093 710 4146 ad
745 4093 858 4146 sola
913 4093 1254 4147 intuerentur
1307 4091 1546 4160 praemia,
1596 4107 1716 4160 qua:
1747 4098 1877 4146 sunt
1922 4091 2110 4145 virtuti

519 4188 819 4256 proposita,-
853 4197 908 4242 et
944 4204 973 4241 a
998 4189 1110 4242 sola
1133 4203 1254 4257 quae
1275 4195 1362 4242 est
1384 4186 1494 4241 illic
1545 4186 1850 4255 penderent
1896 4187 2108 4257 gloria:

523 4292 685 4331 enses
720 4286 927 4343 autem,
971 4279 1153 4348 ignem
1179 4287 1236 4332 et
1266 4277 1492 4341 bestias,
1549 4287 1807 4346 tanquam
1838 4279 2109 4335 bonorum

525 4385 746 4430 causas,
783 4369 1269 4440 amplecterentur,
1303 4380 1364 4423 ut
1400 4384 1521 4439 quae
1539 4384 1639 4440 pro
1694 4369 1869 4435 brevi,
1905 4379 1960 4425 et
2015 4371 2107 4440 qui

525 4469 610 4516 est
647 4461 713 4515 ad
748 4470 984 4531 tempus,
1031 4461 1218 4516 dolore
1268 4462 1499 4516 reddant
1537 4476 1761 4530 regnum
1817 4461 2104 4516 caelorum.

2220 3265 2440 3335 γλῶττα
2487 3264 2837 3334 Χριστιανοῖς
2878 3261 3074 3331 ὗφελος
3125 3261 3191 3328 ¹⁸,
3237 3261 3336 3315 καὶ⁹
3362 3261 3558 3331 ὅτιπερ
3591 3263 3813 3316 ἐκεῖνον

2221 3356 2360 3411 ἑλὼν
2391 3359 2488 3410 καὶ
2519 3357 2648 3420 τοὺς
2679 3357 2771 3410 ὑπ’
2802 3355 2953 3426 αὐτῷ
2988 3355 3450 3426 ποιμαινομένους
3485 3355 3531 3386 ίδ
3562 3357 3809 3420 εὐκόλως

2219 3448 2288 3504 ἂν
2321 3448 2758 3518 παραστήσεται.
2819 3448 3011 3502 Πᾶσαν
3065 3446 3159 3501 οὖν
3198 3446 3448 3518 μηχανὴν
3480 3448 3574 3500 καὶ
3601 3451 3807 3516 πεῖραν

2219 3540 2342 3596 κατ’
2375 3541 2543 3595 αὐτοῦ
2574 3542 2826 3611 κινήσας,
2881 3541 2958 3604 ὼς
3009 3539 3136 3594 οὔτε
3171 3540 3395 3609 ἀγαθῶν
3439 3540 3804 3609 ἐπαγγελίαις

2219 3635 2614 3702 χαυνούμενον,
2667 3629 2795 3684 οὔτε
2831 3628 3017 3684 κακῶν
3080 3630 3336 3695 ἀπειλαῖς
3393 3630 3716 3699 πειθόμενον
3753 3632 3796 3662 ³⁸

2217 3714 2349 3783 εἶδε,
2387 3719 2537 3782 τέλος
2601 3719 2904 3790 ὑπερορίαν
2949 3717 3044 3772 τοῦ
3103 3720 3298 3793 ἀνδρὸς
3339 3719 3676 3789 κατακρίνει.
3732 3719 3788 3772 '0

2217 3813 2274 3865 δὲ
2299 3813 2559 3868 τοσοῦτον
2585 3813 2776 3885 ἐδέησε
2807 3812 2904 3866 τοῦ
2941 3813 3088 3882 μέγα
3126 3829 3186 3865 τι
3223 3813 3446 3883 νομίσαι
3500 3812 3596 3883 τὴν
3620 3829 3792 3881 τιμω-

2221 3905 2366 3976 ρίαν,
2398 3905 2578 3958 καίτοι
2626 3905 2811 3958 κακῶν
2862 3905 2908 3937 “
2960 3904 3190 3974 ἔσχατον
3241 3903 3434 3970 οὖσαν,
3469 3904 3622 3969 ὅσον,
3643 3903 3798 3956 οὐδὲν

2217 3997 2310 4050 τοῦ
2339 3998 2544 4051 οἰκείου
2599 3997 2920 4068 φροντίσας,
2949 3998 3058 4050 τῶν
3099 3997 3276 4052 ἄλλων
3309 3993 3426 4068 εἶχε
3471 3997 3574 4070 τὴν
3604 3999 3800 4068 ὲπιμὲά

2216 4090 2366 4144 λειαν
2385 4107 2400 4120 ο
2428 4091 2523 4143 καὶ
2548 4091 2646 4143 οὐκ
2669 4088 2948 4143 ἐπαύσατο
2971 4090 3220 4162 γράφων,
3244 4091 3540 4155 νουθετῶν,
3574 4092 3802 4144 ὑπαλεί-

2217 4201 2357 4253 φων,
2396 4184 2736 4254 παρακαλῶν
2769 4185 2911 4255 πρὸς
2969 4186 3166 4254 μόνους
3216 4183 3342 4245 τοὺς
3404 4184 3545 4254 ὑπὲρ
3608 4185 3712 4253 τῆς
3758 4186 3797 4216 u

2216 4276 2417 4345 ἀρετῆς
2451 4275 2648 4338 ἄθλους
2673 4276 2831 4346 όρᾷν,
2884 4276 2984 4328 καὶ⁵
3027 4274 3196 4344 μόνης
3224 4275 3325 4344 τῆς
3355 4275 3572 4327 ἐκεῖθεν
3598 4278 3802 4348 ὲκκρεδ

2219 4365 2424 4434 μᾶσθαι
2444 4365 2604 4436 δόξης
2623 4380 2638 4395 '
2672 4365 2804 4437 ξίφη
2833 4367 2877 4398 ¹⁸
2896 4366 2954 4418 δὲ
2977 4367 3071 4418 καὶ
3099 4365 3212 4435 πῦρ
3242 4366 3336 4418 καὶ
3362 4366 3537 4436 θῆρας
3563 4368 3642 4431 ὡς
3665 4369 3804 4437 ἀγα-

2221 4457 2330 4511 θῶν
2383 4458 2536 4512 αἴτια
2590 4457 2792 4528 μᾶλλον
2838 4457 3206 4524 ἀσπάζεσθαι,
3252 4459 3347 4511 καὶ
3397 4459 3595 4529 ὀδύνης
3655 4460 3805 4513 οὕτω

527 4553 653 4606 Haec
679 4550 986 4622 Cyprianus
1012 4567 1124 4607 non
1166 4553 1343 4607 solum
1365 4551 1610 4616 dicebat,
1639 4551 1733 4606 sed
1773 4553 1937 4608 etiam
1996 4568 2115 4622 quae

2221 4551 2561 4621 προσκαίρου
2596 4552 2691 4604 καὶ
2722 4549 2983 4621 βραχείας
3011 4551 3261 4621 οὐρανῶν
3290 4549 3574 4621 βασιλείαν
3597 4553 3803 4607 ἀντιδι-

524 4644 742 4698 dicebat
794 4643 1047 4709 faciebat,
1115 4653 1174 4698 ut
1205 4644 1298 4714 qui
1339 4643 1529 4710 sciret,
1576 4647 1714 4697 facta
1761 4643 1928 4714 magis
1957 4659 2118 4712 posse

527 4735 865 4804 persuadere
915 4751 1080 4805 quam
1137 4736 1304 4790 verba
1344 4752 1360 4789 :
1400 4743 1455 4791 et
1506 4749 1607 4789 suo
1639 4735 1892 4804 exemplo
1924 4750 2120 4804 provo-

528 4827 686 4881 cabat
715 4827 779 4882 ad
815 4827 1051 4882 similem
1086 4827 1513 4887 aemulationem.
1559 4825 1846 4893 Quomodo
1899 4828 2120 4882 autem?

529 4920 739 4974 dicetur
777 4938 789 4974 :
823 4918 1030 4975 Videns
1050 4922 1196 4975 enim
1231 4921 1451 4976 tandem
1482 4922 1755 4992 malignus
1791 4919 2118 4995 Cyprianum

527 5010 942 5066 contendentem
965 5011 1045 5066 sic
1071 5012 1414 5083 exstinguere
1435 5028 1673 5069 errorem
1695 5018 1875 5071 cultus
1901 5015 2125 5070 simula-

524 5115 766 5170 crorum,
807 5103 1043 5173 graviter
1081 5102 1311 5168 ferebat,
1344 5113 1399 5158 et
1453 5115 1572 5159 erat
1621 5107 1670 5160 ei
1704 5106 2104 5162 intolerandum

2214 4644 2372 4697 δόντα
2397 4643 2462 4696 ".
2496 4642 2684 4696 Ταῦτα
2712 4644 3032 4714 Κυπριανὸς
3093 4644 3195 4696 οὐκ
3245 4644 3399 4711 ἔλεγε
3439 4644 3628 4714 μόνον,
3661 4646 3802 4699 ἀλλὰ

2214 4738 2308 4790 καὶ
2339 4736 2556 4807 πρῶτος
2581 4736 2626 4768 ³ο
2653 4736 2849 4801 ὲποίει,
2883 4735 3021 4807 ἔργα
3041 4735 3215 4804 λόγων
3244 4735 3401 4799 είδὼς
3429 4737 3614 4808 πολλῷ
3635 4741 3801 4794 πλέον

2213 4830 2489 4900 δυνάμενα
2518 4828 2750 4894 πείθειν,
2788 4829 2883 4883 καὶ
2907 4829 2984 4899 τῷ
3013 4829 3136 4883 καθ’
3186 4828 3380 4882 ἑαυτὸν
3432 4829 3799 4902 ὑποδείγματι

2219 4925 2358 4994 πρὸς
2384 4925 2476 4978 τὸν
2507 4924 2696 4993 ὅμοιον
2724 4923 2885 4993 ζῆλον
2910 4924 3119 4987 ἐκάλει,
3157 4924 3255 4977 καὶ
3280 4925 3427 4987 ὅπως
3460 4925 3488 4976 ό
3514 4923 3676 4993 λόγος
3699 4927 3796 4996 δηο

2231 5014 2415 5067 λώσει.
2481 5011 2656 5084 Ὀρῶν
2700 5013 2810 5081 γὰρ
2857 5016 2884 5066 ό
2910 5013 3145 5082 πονηρὸς
3181 5015 3264 5075 είς
3314 5013 3470 5075 τέλος
3497 5013 3640 5067 οὕτω
3668 5016 3794 5067 Κυ-

2215 5107 2446 5178 πριανδν
2472 5107 2572 5177 τὴν
2601 5105 2819 5175 περὶτὰ
2854 5105 3052 5158 εἴδωλα
3086 5103 3298 5174 πλάνην
3332 5104 3525 5157 σϐέσαι
3553 5107 3784 5174 φιλονειιί

630 5303 646 5334 ¹
683 5301 1194 5379 Carthaginiensem
1251 5305 1576 5379 episcopum
1624 5306 1682 5361 in
1718 5308 1882 5362 Atros
1919 5307 2014 5378 jus
2062 5308 2224 5379 primi
2260 5319 2310 5363 et
2335 5312 2530 5365 summi
2545 5311 2832 5367 sacerdotii
2873 5311 3080 5367 habere
3121 5309 3365 5368 declarat
3415 5311 3619 5368 Νουειι.
3669 5311 3794 5366 131.

525 5367 546 5403 ¹
586 5372 762 5433 deest,
789 5374 849 5428 F.

526 5443 676 5522 Decii
703 5453 866 5522 aetate
897 5447 1298 5522 mpnasterium
1326 5443 1678 5522 excogitat._
1701 5451 1722 5480 ⁸
1753 5443 2075 5522 apalis-riui],
2101 5449 2117 5522 l

2220 5449 2271 5504 Ξ.
2300 5521 2321 5522 η
2346 5451 2367 5482 ⁷
2391 5443 2594 5522 δμίλει,
2630 5452 2690 5506 Β.

528 5513 805 5587 ξράητοῦ,
829 5515 897 5587 B._
925 5515 990 5568 E.
1068 5513 1508 5587 ¹¹,τοσοῦτον,;1ῐ.
1537 5518 1602 5571 C.
1640 5518 1702 5573 F.
1782 5513 1826 5549 ¹’¹
1853 5517 1984 5572 add.

927 5375 947 5405 ⁸
970 5379 1103 5438 τοῖς,
1131 5376 1197 5451 Εἲ
1272 5375 1302 5407 ⁸
1327 5375 1518 5451 αὑτήν,
1547 5379 1616 5430 Α.
1647 5407 1717 5417 —
1749 5380 1888 5448 αὐτῇ
1920 5375 2040 5451 τὴν,

2220 5409 2242 5451 τ
2275 5383 2416 5451 αὑτῇ
2440 5382 2572 5447 τῶν,
2612 5382 2675 5438 C.
2711 5383 2778 5437 E.
2815 5382 2875 5437 F.

2016 5521 2072 5592 ῂ,
2099 5519 2244 5592 3,0,
2285 5521 2346 5576 F.
2426 5519 2474 5554 “
2501 5521 2732 5592 ὥφελος,
2773 5523 2836 5577 Β.

2879 5452 2901 5464 _
2984 5381 3510 5470 'Nz'ele‘pildusoest
3564 5383 3662 5470 qui
3721 5384 3797 5470 ita

2769 5452 3026 5519 ⁸τοῦτον,
3073 5453 3134 5507 Β.
3169 5450 3314 5505 (λιι.
3391 5456 3411 5486 ⁸
3747 5451 3794 5483 ¹⁹

2773 5523 2836 5577 Β.
2920 5524 2964 5555 ’⁸
3001 5525 3485 5593 ποιμαινομὲνους,
3570 5563 3582 5574 .
3606 5523 3671 5577 (Α.
3727 5521 3799 5576 Εσ

527 5582 1090 5708 ξὶβόῗτεξιριέιενον,
1125 5586 1193 5642 Α.
1271 5587 1316 5618 ¹⁶
1353 5582 1545 5656 κακὸν,
1573 5587 1636 5646 F.
1715 5589 1757 5622 "
1791 5587 1968 5656 deest,
2003 5582 2061 5643 Β.
2143 5591 2187 5623 ⁸⁸
2217 5591 2386 5662 ξίφει,
2419 5592 2482 5649 Β.
2561 5582 2604 5628 ί⁹
2631 5582 3032 5662 ἀντιδιδοῦντα,
3055 5582 3134 5648 Ἠ.
3214 5582 3584 5666 ’θ’παρόντος,
3617 5593 3688 5649 Α.
3722 5607 3801 5631 ε·-

527 5652 834 5723 παρόντως,

605 5808 676 5878 (b)
711 5812 814 5866 Alii
850 5811 1052 5869 rectius
1085 5814 1330 5872 sentiunt
1359 5815 1837 5875 Antiochenorum
1869 5826 2113 5878 creatum
2147 5829 2442 5892 pastorem.
