  <div class='ocr_page' id='page_1' title='image "/cluster/home/n/w/nwhite01/storage/ocr_20150623/115:no.2/coo.31924054870195/443.png"; bbox 0 0 4060 6446; ppageno 0'>
   <div class='ocr_carea' id='block_1_1' title="bbox 496 390 604 466">
    <p class='ocr_par' dir='ltr' id='par_1_1' title="bbox 496 390 604 466">
     <span class='ocr_line' id='line_1_1' title="bbox 496 390 604 466; baseline -0.019 -1"><span class='ocrx_word' id='word_1_1' title='bbox 496 390 604 466; x_wconf 75' lang='lat'><strong>871</strong></span> 
     </span>
    </p>
   </div>
   <div class='ocr_carea' id='block_1_2' title="bbox 1733 387 2543 452">
    <p class='ocr_par' dir='ltr' id='par_1_2' title="bbox 1733 387 2543 452">
     <span class='ocr_line' id='line_1_2' title="bbox 1733 387 2543 452; baseline -0.006 0"><span class='ocrx_word' id='word_1_2' title='bbox 1733 387 2022 452; x_wconf 73' lang='lat' dir='ltr'><strong>MENSIS</strong></span> <span class='ocrx_word' id='word_1_3' title='bbox 2059 387 2360 450; x_wconf 78' lang='lat' dir='ltr'><strong>SEPTEM</strong></span> <span class='ocrx_word' id='word_1_4' title='bbox 2368 388 2543 448; x_wconf 80' lang='lat' dir='ltr'><strong>BER.</strong></span> 
     </span>
    </p>
   </div>
   <div class='ocr_carea' id='block_1_3' title="bbox 3672 380 3783 454">
    <p class='ocr_par' dir='ltr' id='par_1_3' title="bbox 3672 380 3783 454">
     <span class='ocr_line' id='line_1_3' title="bbox 3672 380 3783 454; baseline -0.018 0"><span class='ocrx_word' id='word_1_5' title='bbox 3672 380 3783 454; x_wconf 74' lang='lat'><strong>872</strong></span> 
     </span>
    </p>
   </div>
   <div class='ocr_carea' id='block_1_4' title="bbox 500 491 2107 578">
    <p class='ocr_par' dir='ltr' id='par_1_4' title="bbox 500 501 2092 578">
     <span class='ocr_line' id='line_1_4' title="bbox 500 501 2092 578; baseline -0.011 -8"><span class='ocrx_word' id='word_1_6' title='bbox 500 525 785 578; x_wconf 82' lang='lat' dir='ltr'><strong>arcanum,</strong></span> <span class='ocrx_word' id='word_1_7' title='bbox 846 506 1086 565; x_wconf 88' lang='lat' dir='ltr'><strong>narravit</strong></span> <span class='ocrx_word' id='word_1_8' title='bbox 1141 515 1321 561; x_wconf 87' lang='lat' dir='ltr'><strong>autem</strong></span> <span class='ocrx_word' id='word_1_9' title='bbox 1352 518 1413 561; x_wconf 80' lang='lat' dir='ltr'><strong>se</strong></span> <span class='ocrx_word' id='word_1_10' title='bbox 1482 502 1652 558; x_wconf 83' lang='lat' dir='ltr'><strong>fuisse</strong></span> <span class='ocrx_word' id='word_1_11' title='bbox 1703 501 2019 572; x_wconf 88' lang='lat' dir='ltr'><strong>despectum</strong></span> <span class='ocrx_word' id='word_1_12' title='bbox 2064 514 2092 552; x_wconf 89' lang='lat' dir='ltr'><strong>a</strong></span> 
     </span>
    </p>
   </div>
   <div class='ocr_carea' id='block_1_5' title="bbox 2194 491 3785 578">
    <p class='ocr_par' dir='ltr' id='par_1_5' title="bbox 2196 491 3785 577">
     <span class='ocr_line' id='line_1_5' title="bbox 2196 491 3785 577; baseline 0.003 -24"><span class='ocrx_word' id='word_1_13' title='bbox 2196 499 2352 570; x_wconf 75' lang='grc' dir='ltr'>ἠξίου</span> <span class='ocrx_word' id='word_1_14' title='bbox 2377 500 2589 571; x_wconf 77' lang='grc' dir='ltr'><strong>βοηθεῖν</strong></span> <span class='ocrx_word' id='word_1_15' title='bbox 2607 498 2654 532; x_wconf 66' lang='grc'><strong>⁸⁵</strong></span> <span class='ocrx_word' id='word_1_16' title='bbox 2671 496 2771 571; x_wconf 74' lang='grc' dir='ltr'><strong>ὅση</strong></span> <span class='ocrx_word' id='word_1_17' title='bbox 2793 499 3020 571; x_wconf 71' lang='grc' dir='ltr'>δύναμις</span> <span class='ocrx_word' id='word_1_18' title='bbox 3037 491 3102 574; x_wconf 72' lang='grc' dir='ltr'><strong>τῇ</strong></span> <span class='ocrx_word' id='word_1_19' title='bbox 3126 500 3417 575; x_wconf 72' lang='grc' dir='ltr'>ἀποτυχίᾲ,</span> <span class='ocrx_word' id='word_1_20' title='bbox 3439 503 3533 559; x_wconf 76' lang='grc' dir='ltr'><strong>καὶ</strong></span> <span class='ocrx_word' id='word_1_21' title='bbox 3556 504 3785 577; x_wconf 88' lang='grc' dir='ltr'>φίλτρον</span> 
     </span>
    </p>
   </div>
   <div class='ocr_carea' id='block_1_6' title="bbox 502 595 2081 676">
    <p class='ocr_par' dir='ltr' id='par_1_6' title="bbox 502 595 2081 676">
     <span class='ocr_line' id='line_1_6' title="bbox 502 595 2081 676; baseline -0.011 -14"><span class='ocrx_word' id='word_1_22' title='bbox 502 607 738 676; x_wconf 83' lang='lat' dir='ltr'><strong>virgine,</strong></span> <span class='ocrx_word' id='word_1_23' title='bbox 771 614 824 657; x_wconf 92' lang='lat' dir='ltr'><strong>et</strong></span> <span class='ocrx_word' id='word_1_24' title='bbox 844 610 1123 671; x_wconf 86' lang='lat' dir='ltr'><strong>postremo</strong></span> <span class='ocrx_word' id='word_1_25' title='bbox 1177 598 1410 669; x_wconf 91' lang='lat' dir='ltr'><strong>rogavit,</strong></span> <span class='ocrx_word' id='word_1_26' title='bbox 1447 603 1509 652; x_wconf 89' lang='lat' dir='ltr'><strong>ut</strong></span> <span class='ocrx_word' id='word_1_27' title='bbox 1545 611 1646 666; x_wconf 91' lang='lat' dir='ltr'><strong>pro</strong></span> <span class='ocrx_word' id='word_1_28' title='bbox 1680 595 1890 650; x_wconf 91' lang='lat' dir='ltr'><strong>viribus</strong></span> <span class='ocrx_word' id='word_1_29' title='bbox 1923 605 2081 660; x_wconf 90' lang='lat' dir='ltr'><strong>opem</strong></span> 
     </span>
    </p>
   </div>
   <div class='ocr_carea' id='block_1_7' title="bbox 502 687 2082 759">
    <p class='ocr_par' dir='ltr' id='par_1_7' title="bbox 502 687 2082 759">
     <span class='ocr_line' id='line_1_7' title="bbox 502 687 2082 759; baseline -0.013 -5"><span class='ocrx_word' id='word_1_30' title='bbox 502 700 701 754; x_wconf 82' lang='lat' dir='ltr'><strong>ferrem</strong></span> <span class='ocrx_word' id='word_1_31' title='bbox 762 693 1080 759; x_wconf 86' lang='lat' dir='ltr'><strong>infortunio,</strong></span> <span class='ocrx_word' id='word_1_32' title='bbox 1112 699 1168 747; x_wconf 85' lang='lat' dir='ltr'><strong>et</strong></span> <span class='ocrx_word' id='word_1_33' title='bbox 1221 691 1545 745; x_wconf 72' lang='lat' dir='ltr'><strong>amatorium</strong></span> <span class='ocrx_word' id='word_1_34' title='bbox 1601 687 2082 748; x_wconf 83' lang='lat' dir='ltr'><strong>medicamentum,</strong></span> 
     </span>
    </p>
   </div>
   <div class='ocr_carea' id='block_1_8' title="bbox 499 782 2087 862">
    <p class='ocr_par' dir='ltr' id='par_1_8' title="bbox 499 782 2087 862">
     <span class='ocr_line' id='line_1_8' title="bbox 499 782 2087 862; baseline -0.008 -17"><span class='ocrx_word' id='word_1_35' title='bbox 499 791 643 862; x_wconf 84' lang='lat' dir='ltr'><strong>quod</strong></span> <span class='ocrx_word' id='word_1_36' title='bbox 676 790 724 847; x_wconf 89' lang='lat' dir='ltr'><strong>ei</strong></span> <span class='ocrx_word' id='word_1_37' title='bbox 744 786 1032 844; x_wconf 75' lang='lat' dir='ltr'><strong>vincenda:</strong></span> <span class='ocrx_word' id='word_1_38' title='bbox 1056 804 1153 859; x_wconf 83' lang='lat' dir='ltr'><strong>par</strong></span> <span class='ocrx_word' id='word_1_39' title='bbox 1169 797 1336 853; x_wconf 91' lang='lat' dir='ltr'><strong>esset,</strong></span> <span class='ocrx_word' id='word_1_40' title='bbox 1378 788 1445 842; x_wconf 91' lang='lat' dir='ltr'><strong>ad</strong></span> <span class='ocrx_word' id='word_1_41' title='bbox 1476 800 1596 840; x_wconf 90' lang='lat' dir='ltr'><strong>eam</strong></span> <span class='ocrx_word' id='word_1_42' title='bbox 1625 782 2002 843; x_wconf 87' lang='lat' dir='ltr'><strong>immitterem,</strong></span> <span class='ocrx_word' id='word_1_43' title='bbox 2028 786 2087 832; x_wconf 88' lang='lat' dir='ltr'><strong>et</strong></span> 
     </span>
    </p>
   </div>
   <div class='ocr_carea' id='block_1_9' title="bbox 499 877 2083 947">
    <p class='ocr_par' dir='ltr' id='par_1_9' title="bbox 499 877 2083 947">
     <span class='ocr_line' id='line_1_9' title="bbox 499 877 2083 947; baseline -0.011 -10"><span class='ocrx_word' id='word_1_44' title='bbox 499 883 567 937; x_wconf 89' lang='lat' dir='ltr'><strong>ad</strong></span> <span class='ocrx_word' id='word_1_45' title='bbox 621 881 882 935; x_wconf 87' lang='lat' dir='ltr'><strong>amatoris</strong></span> <span class='ocrx_word' id='word_1_46' title='bbox 916 894 1188 933; x_wconf 85' lang='lat' dir='ltr'><strong>moverem</strong></span> <span class='ocrx_word' id='word_1_47' title='bbox 1232 877 1583 947; x_wconf 68' lang='lat' dir='ltr'><strong>cupiditatem</strong></span> <span class='ocrx_word' id='word_1_48' title='bbox 1625 886 1769 936; x_wconf 88' lang='lat' dir='ltr'><strong>eam,</strong></span> <span class='ocrx_word' id='word_1_49' title='bbox 1808 885 1927 939; x_wconf 64' lang='lat' dir='ltr'><strong>qua:</strong></span> <span class='ocrx_word' id='word_1_50' title='bbox 1975 877 2083 921; x_wconf 88' lang='lat' dir='ltr'><strong>tam</strong></span> 
     </span>
    </p>
   </div>
   <div class='ocr_carea' id='block_1_10' title="bbox 499 966 2084 1045">
    <p class='ocr_par' dir='ltr' id='par_1_10' title="bbox 499 966 2084 1045">
     <span class='ocr_line' id='line_1_10' title="bbox 499 966 2084 1045; baseline -0.008 -15"><span class='ocrx_word' id='word_1_51' title='bbox 499 975 738 1045; x_wconf 85' lang='lat' dir='ltr'><strong>superbe</strong></span> <span class='ocrx_word' id='word_1_52' title='bbox 769 972 1120 1041; x_wconf 81' lang='lat' dir='ltr'><strong>despiciebat.</strong></span> <span class='ocrx_word' id='word_1_53' title='bbox 1150 972 1262 1041; x_wconf 83' lang='lat' dir='ltr'><strong>Ego</strong></span> <span class='ocrx_word' id='word_1_54' title='bbox 1292 985 1423 1025; x_wconf 85' lang='lat' dir='ltr'><strong>vero</strong></span> <span class='ocrx_word' id='word_1_55' title='bbox 1456 970 1508 1023; x_wconf 90' lang='lat' dir='ltr'><strong>in</strong></span> <span class='ocrx_word' id='word_1_56' title='bbox 1548 968 1701 1024; x_wconf 87' lang='lat' dir='ltr'><strong>libris</strong></span> <span class='ocrx_word' id='word_1_57' title='bbox 1731 967 1957 1038; x_wconf 77' lang='lat' dir='ltr'><strong>magicis</strong></span> <span class='ocrx_word' id='word_1_58' title='bbox 1982 966 2084 1020; x_wconf 79' lang='lat' dir='ltr'><strong>ha-</strong></span> 
     </span>
    </p>
   </div>
   <div class='ocr_carea' id='block_1_11' title="bbox 499 1060 2081 1130">
    <p class='ocr_par' dir='ltr' id='par_1_11' title="bbox 499 1060 2081 1130">
     <span class='ocr_line' id='line_1_11' title="bbox 499 1060 2081 1130; baseline -0.005 -9"><span class='ocrx_word' id='word_1_59' title='bbox 499 1069 636 1121; x_wconf 84' lang='lat' dir='ltr'><strong>bens</strong></span> <span class='ocrx_word' id='word_1_60' title='bbox 667 1065 943 1127; x_wconf 76' lang='lat' dir='ltr'><strong>fiduciam,</strong></span> <span class='ocrx_word' id='word_1_61' title='bbox 969 1073 1025 1117; x_wconf 91' lang='lat' dir='ltr'><strong>et</strong></span> <span class='ocrx_word' id='word_1_62' title='bbox 1077 1062 1131 1116; x_wconf 91' lang='lat' dir='ltr'><strong>in</strong></span> <span class='ocrx_word' id='word_1_63' title='bbox 1179 1060 1541 1124; x_wconf 66' lang='lat' dir='ltr'><strong>daemonibus,</strong></span> <span class='ocrx_word' id='word_1_64' title='bbox 1570 1060 1706 1130; x_wconf 81' lang='lat' dir='ltr'><strong>iussi</strong></span> <span class='ocrx_word' id='word_1_65' title='bbox 1743 1074 1813 1114; x_wconf 89' lang='lat' dir='ltr'><strong>ne</strong></span> <span class='ocrx_word' id='word_1_66' title='bbox 1844 1066 2081 1125; x_wconf 76' lang='lat' dir='ltr'><strong>curaret,</strong></span> 
     </span>
    </p>
   </div>
   <div class='ocr_carea' id='block_1_12' title="bbox 498 1150 2082 1224">
    <p class='ocr_par' dir='ltr' id='par_1_12' title="bbox 498 1150 2082 1224">
     <span class='ocr_line' id='line_1_12' title="bbox 498 1150 2082 1224; baseline -0.003 -13"><span class='ocrx_word' id='word_1_67' title='bbox 498 1157 546 1211; x_wconf 89' lang='lat' dir='ltr'><strong>ei</strong></span> <span class='ocrx_word' id='word_1_68' title='bbox 605 1155 928 1211; x_wconf 86' lang='lat' dir='ltr'><strong>citissiututn</strong></span> <span class='ocrx_word' id='word_1_69' title='bbox 986 1155 1314 1224; x_wconf 82' lang='lat' dir='ltr'><strong>promittens</strong></span> <span class='ocrx_word' id='word_1_70' title='bbox 1372 1151 1655 1205; x_wconf 75' lang='lat' dir='ltr'><strong>auxilium.</strong></span> <span class='ocrx_word' id='word_1_71' title='bbox 1714 1150 1852 1206; x_wconf 89' lang='lat' dir='ltr'><strong>Cum</strong></span> <span class='ocrx_word' id='word_1_72' title='bbox 1917 1152 2082 1222; x_wconf 83' lang='lat' dir='ltr'><strong>igitur-</strong></span> 
     </span>
    </p>
   </div>
   <div class='ocr_carea' id='block_1_13' title="bbox 500 1245 2086 1315">
    <p class='ocr_par' dir='ltr' id='par_1_13' title="bbox 500 1245 2086 1315">
     <span class='ocr_line' id='line_1_13' title="bbox 500 1245 2086 1315; baseline -0.001 -14"><span class='ocrx_word' id='word_1_73' title='bbox 500 1262 668 1301; x_wconf 89' lang='lat' dir='ltr'><strong>unum</strong></span> <span class='ocrx_word' id='word_1_74' title='bbox 700 1260 978 1300; x_wconf 69' lang='lat' dir='ltr'><strong>vocasszrm</strong></span> <span class='ocrx_word' id='word_1_75' title='bbox 1029 1262 1094 1300; x_wconf 82' lang='lat' dir='ltr'><strong>ex</strong></span> <span class='ocrx_word' id='word_1_76' title='bbox 1142 1246 1504 1307; x_wconf 65' lang='lat' dir='ltr'><strong>daemonibus,</strong></span> <span class='ocrx_word' id='word_1_77' title='bbox 1541 1245 1590 1299; x_wconf 89' lang='lat' dir='ltr'><strong>ei</strong></span> <span class='ocrx_word' id='word_1_78' title='bbox 1635 1260 1748 1300; x_wconf 88' lang='lat' dir='ltr'><strong>rem</strong></span> <span class='ocrx_word' id='word_1_79' title='bbox 1789 1245 1998 1315; x_wconf 87' lang='lat' dir='ltr'><strong>aperio,</strong></span> <span class='ocrx_word' id='word_1_80' title='bbox 2031 1254 2086 1300; x_wconf 89' lang='lat' dir='ltr'><strong>et</strong></span> 
     </span>
    </p>
   </div>
   <div class='ocr_carea' id='block_1_14' title="bbox 500 1333 2075 1406">
    <p class='ocr_par' dir='ltr' id='par_1_14' title="bbox 500 1333 2075 1406">
     <span class='ocr_line' id='line_1_14' title="bbox 500 1333 2075 1406; baseline -0.001 -16"><span class='ocrx_word' id='word_1_81' title='bbox 500 1338 543 1391; x_wconf 87' lang='lat' dir='ltr'><strong>si</strong></span> <span class='ocrx_word' id='word_1_82' title='bbox 572 1337 700 1406; x_wconf 86' lang='lat' dir='ltr'><strong>quid</strong></span> <span class='ocrx_word' id='word_1_83' title='bbox 738 1344 923 1406; x_wconf 88' lang='lat' dir='ltr'><strong>posset</strong></span> <span class='ocrx_word' id='word_1_84' title='bbox 970 1336 1174 1405; x_wconf 81' lang='lat' dir='ltr'><strong>rogavi,</strong></span> <span class='ocrx_word' id='word_1_85' title='bbox 1205 1343 1266 1389; x_wconf 89' lang='lat' dir='ltr'><strong>nt</strong></span> <span class='ocrx_word' id='word_1_86' title='bbox 1316 1350 1473 1404; x_wconf 86' lang='lat' dir='ltr'><strong>opem</strong></span> <span class='ocrx_word' id='word_1_87' title='bbox 1507 1333 1691 1389; x_wconf 86' lang='lat' dir='ltr'><strong>ferret.</strong></span> <span class='ocrx_word' id='word_1_88' title='bbox 1729 1334 1820 1388; x_wconf 92' lang='lat' dir='ltr'><strong>llle</strong></span> <span class='ocrx_word' id='word_1_89' title='bbox 1870 1343 2075 1400; x_wconf 88' lang='lat' dir='ltr'><strong>autem,</strong></span> 
     </span>
    </p>
   </div>
   <div class='ocr_carea' id='block_1_15' title="bbox 500 1427 2086 1497">
    <p class='ocr_par' dir='ltr' id='par_1_15' title="bbox 500 1427 2086 1497">
     <span class='ocr_line' id='line_1_15' title="bbox 500 1427 2086 1497; baseline 0 -15"><span class='ocrx_word' id='word_1_90' title='bbox 500 1441 795 1497; x_wconf 87' lang='lat' dir='ltr'><strong>antequam</strong></span> <span class='ocrx_word' id='word_1_91' title='bbox 836 1427 1181 1496; x_wconf 80' lang='lat' dir='ltr'><strong>experiretur</strong></span> <span class='ocrx_word' id='word_1_92' title='bbox 1229 1428 1470 1496; x_wconf 78' lang='lat' dir='ltr'><strong>quidem,</strong></span> <span class='ocrx_word' id='word_1_93' title='bbox 1506 1437 1627 1481; x_wconf 82' lang='lat' dir='ltr'><strong>erat</strong></span> <span class='ocrx_word' id='word_1_94' title='bbox 1660 1428 1803 1481; x_wconf 86' lang='lat' dir='ltr'><strong>elato</strong></span> <span class='ocrx_word' id='word_1_95' title='bbox 1843 1429 2086 1497; x_wconf 86' lang='lat' dir='ltr'><strong>superci-</strong></span> 
     </span>
    </p>
   </div>
   <div class='ocr_carea' id='block_1_16' title="bbox 498 1516 2086 1586">
    <p class='ocr_par' dir='ltr' id='par_1_16' title="bbox 498 1516 2086 1586">
     <span class='ocr_line' id='line_1_16' title="bbox 498 1516 2086 1586; baseline 0.001 -16"><span class='ocrx_word' id='word_1_96' title='bbox 498 1517 575 1570; x_wconf 80' lang='lat' dir='ltr'><strong>lio</strong></span> <span class='ocrx_word' id='word_1_97' title='bbox 604 1527 661 1570; x_wconf 90' lang='lat' dir='ltr'><strong>ct</strong></span> <span class='ocrx_word' id='word_1_98' title='bbox 695 1516 996 1570; x_wconf 80' lang='lat' dir='ltr'><strong>vehemens</strong></span> <span class='ocrx_word' id='word_1_99' title='bbox 1041 1516 1093 1568; x_wconf 91' lang='lat' dir='ltr'><strong>in</strong></span> <span class='ocrx_word' id='word_1_100' title='bbox 1147 1516 1541 1585; x_wconf 84' lang='lat' dir='ltr'><strong>promittendo,</strong></span> <span class='ocrx_word' id='word_1_101' title='bbox 1571 1526 1626 1571; x_wconf 88' lang='lat' dir='ltr'><strong>et</strong></span> <span class='ocrx_word' id='word_1_102' title='bbox 1653 1517 1746 1586; x_wconf 91' lang='lat' dir='ltr'><strong>qui</strong></span> <span class='ocrx_word' id='word_1_103' title='bbox 1803 1517 2086 1572; x_wconf 80' lang='lat' dir='ltr'><strong>videbatur</strong></span> 
     </span>
    </p>
   </div>
   <div class='ocr_carea' id='block_1_17' title="bbox 502 1605 2082 1675">
    <p class='ocr_par' dir='ltr' id='par_1_17' title="bbox 502 1605 2082 1675">
     <span class='ocr_line' id='line_1_17' title="bbox 502 1605 2082 1675; baseline 0.002 -15"><span class='ocrx_word' id='word_1_104' title='bbox 502 1622 665 1675; x_wconf 82' lang='lat' dir='ltr'><strong>posse</strong></span> <span class='ocrx_word' id='word_1_105' title='bbox 706 1605 887 1660; x_wconf 81' lang='lat' dir='ltr'><strong>omnia</strong></span> <span class='ocrx_word' id='word_1_106' title='bbox 946 1607 1143 1660; x_wconf 82' lang='lat' dir='ltr'><strong>facere.</strong></span> <span class='ocrx_word' id='word_1_107' title='bbox 1178 1606 1313 1660; x_wconf 91' lang='lat' dir='ltr'><strong>Cum</strong></span> <span class='ocrx_word' id='word_1_108' title='bbox 1358 1616 1539 1661; x_wconf 82' lang='lat' dir='ltr'><strong>autem</strong></span> <span class='ocrx_word' id='word_1_109' title='bbox 1580 1608 1825 1673; x_wconf 79' lang='lat' dir='ltr'><strong>abiisset,</strong></span> <span class='ocrx_word' id='word_1_110' title='bbox 1861 1616 1915 1662; x_wconf 89' lang='lat' dir='ltr'><strong>et</strong></span> <span class='ocrx_word' id='word_1_111' title='bbox 1958 1624 2082 1663; x_wconf 90' lang='lat' dir='ltr'><strong>cum</strong></span> 
     </span>
    </p>
   </div>
   <div class='ocr_carea' id='block_1_18' title="bbox 503 1700 2089 1773">
    <p class='ocr_par' dir='ltr' id='par_1_18' title="bbox 503 1700 2089 1773">
     <span class='ocr_line' id='line_1_18' title="bbox 503 1700 2089 1773; baseline 0.002 -21"><span class='ocrx_word' id='word_1_112' title='bbox 503 1700 740 1769; x_wconf 86' lang='lat' dir='ltr'><strong>puellam</strong></span> <span class='ocrx_word' id='word_1_113' title='bbox 764 1709 908 1753; x_wconf 83' lang='lat' dir='ltr'><strong>esset</strong></span> <span class='ocrx_word' id='word_1_114' title='bbox 940 1714 1283 1766; x_wconf 76' lang='lat' dir='ltr'><strong>congressus,</strong></span> <span class='ocrx_word' id='word_1_115' title='bbox 1323 1701 1570 1770; x_wconf 83' lang='lat' dir='ltr'><strong>apparuit</strong></span> <span class='ocrx_word' id='word_1_116' title='bbox 1599 1715 1721 1754; x_wconf 91' lang='lat' dir='ltr'><strong>mus</strong></span> <span class='ocrx_word' id='word_1_117' title='bbox 1748 1700 1957 1756; x_wconf 83' lang='lat' dir='ltr'><strong>leonem</strong></span> <span class='ocrx_word' id='word_1_118' title='bbox 1995 1717 2089 1773; x_wconf 80' lang='lat' dir='ltr'><strong>ag-</strong></span> 
     </span>
    </p>
   </div>
   <div class='ocr_carea' id='block_1_19' title="bbox 503 1792 2084 1863">
    <p class='ocr_par' dir='ltr' id='par_1_19' title="bbox 503 1792 2084 1863">
     <span class='ocr_line' id='line_1_19' title="bbox 503 1792 2084 1863; baseline 0.002 -18"><span class='ocrx_word' id='word_1_119' title='bbox 503 1806 747 1863; x_wconf 81' lang='lat' dir='ltr'><strong>gressus,</strong></span> <span class='ocrx_word' id='word_1_120' title='bbox 771 1800 858 1845; x_wconf 88' lang='lat' dir='ltr'><strong>aut</strong></span> <span class='ocrx_word' id='word_1_121' title='bbox 887 1792 1180 1846; x_wconf 83' lang='lat' dir='ltr'><strong>scarabeus</strong></span> <span class='ocrx_word' id='word_1_122' title='bbox 1203 1793 1439 1846; x_wconf 83' lang='lat' dir='ltr'><strong>luctatus</strong></span> <span class='ocrx_word' id='word_1_123' title='bbox 1463 1807 1584 1846; x_wconf 90' lang='lat' dir='ltr'><strong>cum</strong></span> <span class='ocrx_word' id='word_1_124' title='bbox 1615 1793 1813 1862; x_wconf 87' lang='lat' dir='ltr'><strong>aquila.</strong></span> <span class='ocrx_word' id='word_1_125' title='bbox 1845 1793 2084 1862; x_wconf 80' lang='lat' dir='ltr'><strong>Fugiens</strong></span> 
     </span>
    </p>
   </div>
   <div class='ocr_carea' id='block_1_20' title="bbox 496 1885 2087 1956">
    <p class='ocr_par' dir='ltr' id='par_1_20' title="bbox 496 1885 2087 1956">
     <span class='ocr_line' id='line_1_20' title="bbox 496 1885 2087 1956; baseline 0.001 -18"><span class='ocrx_word' id='word_1_126' title='bbox 496 1885 648 1939; x_wconf 83' lang='lat' dir='ltr'><strong>enim</strong></span> <span class='ocrx_word' id='word_1_127' title='bbox 680 1885 746 1937; x_wconf 82' lang='lat' dir='ltr'><strong>ad</strong></span> <span class='ocrx_word' id='word_1_128' title='bbox 800 1898 887 1938; x_wconf 89' lang='lat' dir='ltr'><strong>me</strong></span> <span class='ocrx_word' id='word_1_129' title='bbox 934 1891 1020 1937; x_wconf 91' lang='lat' dir='ltr'><strong>est</strong></span> <span class='ocrx_word' id='word_1_130' title='bbox 1068 1894 1340 1949; x_wconf 83' lang='lat' dir='ltr'><strong>reversus,</strong></span> <span class='ocrx_word' id='word_1_131' title='bbox 1391 1894 1447 1938; x_wconf 87' lang='lat' dir='ltr'><strong>et</strong></span> <span class='ocrx_word' id='word_1_132' title='bbox 1495 1885 1651 1939; x_wconf 81' lang='lat' dir='ltr'><strong>valde</strong></span> <span class='ocrx_word' id='word_1_133' title='bbox 1697 1887 1941 1951; x_wconf 86' lang='lat' dir='ltr'><strong>territus,</strong></span> <span class='ocrx_word' id='word_1_134' title='bbox 1995 1887 2087 1956; x_wconf 93' lang='lat' dir='ltr'><strong>qui</strong></span> 
     </span>
    </p>
   </div>
   <div class='ocr_carea' id='block_1_21' title="bbox 504 1975 2093 2047">
    <p class='ocr_par' dir='ltr' id='par_1_21' title="bbox 504 1975 2093 2047">
     <span class='ocr_line' id='line_1_21' title="bbox 504 1975 2093 2047; baseline 0.003 -17"><span class='ocrx_word' id='word_1_135' title='bbox 504 1975 662 2047; x_wconf 88' lang='lat' dir='ltr'><strong>prius</strong></span> <span class='ocrx_word' id='word_1_136' title='bbox 685 1986 803 2029; x_wconf 83' lang='lat' dir='ltr'><strong>erat</strong></span> <span class='ocrx_word' id='word_1_137' title='bbox 834 1991 1085 2045; x_wconf 82' lang='lat' dir='ltr'><strong>magnus,</strong></span> <span class='ocrx_word' id='word_1_138' title='bbox 1113 1986 1168 2030; x_wconf 90' lang='lat' dir='ltr'><strong>et</strong></span> <span class='ocrx_word' id='word_1_139' title='bbox 1212 1978 1369 2043; x_wconf 73' lang='lat' dir='ltr'><strong>cujus</strong></span> <span class='ocrx_word' id='word_1_140' title='bbox 1406 1977 1782 2032; x_wconf 88' lang='lat' dir='ltr'><strong>intolerandus</strong></span> <span class='ocrx_word' id='word_1_141' title='bbox 1833 1991 1950 2032; x_wconf 88' lang='lat' dir='ltr'><strong>erat</strong></span> <span class='ocrx_word' id='word_1_142' title='bbox 1993 1981 2093 2034; x_wconf 86' lang='lat' dir='ltr'><strong>im-</strong></span> 
     </span>
    </p>
   </div>
   <div class='ocr_carea' id='block_1_22' title="bbox 505 2067 2092 2142">
    <p class='ocr_par' dir='ltr' id='par_1_22' title="bbox 505 2067 2092 2142">
     <span class='ocr_line' id='line_1_22' title="bbox 505 2067 2092 2142; baseline 0.006 -24"><span class='ocrx_word' id='word_1_143' title='bbox 505 2078 684 2138; x_wconf 73' lang='lat' dir='ltr'><strong>petus.</strong></span> <span class='ocrx_word' id='word_1_144' title='bbox 743 2067 825 2121; x_wconf 79' lang='lat' dir='ltr'><strong>Ile</strong></span> <span class='ocrx_word' id='word_1_145' title='bbox 860 2083 991 2121; x_wconf 79' lang='lat' dir='ltr'><strong>vero</strong></span> <span class='ocrx_word' id='word_1_146' title='bbox 1017 2067 1216 2121; x_wconf 81' lang='lat' dir='ltr'><strong>invasit</strong></span> <span class='ocrx_word' id='word_1_147' title='bbox 1246 2076 1455 2137; x_wconf 87' lang='lat' dir='ltr'><strong>stupor,</strong></span> <span class='ocrx_word' id='word_1_148' title='bbox 1477 2070 1750 2138; x_wconf 88' lang='lat' dir='ltr'><strong>quomodo</strong></span> <span class='ocrx_word' id='word_1_149' title='bbox 1784 2072 1935 2142; x_wconf 74' lang='lat' dir='ltr'><strong>virgo</strong></span> <span class='ocrx_word' id='word_1_150' title='bbox 1956 2073 2092 2127; x_wconf 83' lang='lat' dir='ltr'><strong>adeo</strong></span> 
     </span>
    </p>
   </div>
   <div class='ocr_carea' id='block_1_23' title="bbox 505 2157 2091 2227">
    <p class='ocr_par' dir='ltr' id='par_1_23' title="bbox 505 2157 2091 2227">
     <span class='ocr_line' id='line_1_23' title="bbox 505 2157 2091 2227; baseline 0.003 -16"><span class='ocrx_word' id='word_1_151' title='bbox 505 2157 716 2221; x_wconf 81' lang='lat' dir='ltr'><strong>mollis,</strong></span> <span class='ocrx_word' id='word_1_152' title='bbox 758 2167 959 2226; x_wconf 86' lang='lat' dir='ltr'><strong>etquae</strong></span> <span class='ocrx_word' id='word_1_153' title='bbox 989 2173 1046 2211; x_wconf 90' lang='lat' dir='ltr'><strong>re</strong></span> <span class='ocrx_word' id='word_1_154' title='bbox 1073 2158 1316 2226; x_wconf 77' lang='lat' dir='ltr'><strong>qualibet</strong></span> <span class='ocrx_word' id='word_1_155' title='bbox 1356 2159 1492 2214; x_wconf 87' lang='lat' dir='ltr'><strong>solet</strong></span> <span class='ocrx_word' id='word_1_156' title='bbox 1525 2158 1685 2215; x_wconf 81' lang='lat' dir='ltr'><strong>facile</strong></span> <span class='ocrx_word' id='word_1_157' title='bbox 1735 2160 1948 2227; x_wconf 85' lang='lat' dir='ltr'><strong>terreri,</strong></span> <span class='ocrx_word' id='word_1_158' title='bbox 1982 2177 2091 2215; x_wconf 83' lang='lat' dir='ltr'><strong>non</strong></span> 
     </span>
    </p>
   </div>
   <div class='ocr_carea' id='block_1_24' title="bbox 506 2249 2092 2317">
    <p class='ocr_par' dir='ltr' id='par_1_24' title="bbox 506 2249 2092 2317">
     <span class='ocr_line' id='line_1_24' title="bbox 506 2249 2092 2317; baseline 0.004 -16"><span class='ocrx_word' id='word_1_159' title='bbox 506 2250 679 2303; x_wconf 88' lang='lat' dir='ltr'><strong>solum</strong></span> <span class='ocrx_word' id='word_1_160' title='bbox 712 2262 819 2303; x_wconf 87' lang='lat' dir='ltr'><strong>non</strong></span> <span class='ocrx_word' id='word_1_161' title='bbox 855 2251 1019 2303; x_wconf 81' lang='lat' dir='ltr'><strong>CCSsit</strong></span> <span class='ocrx_word' id='word_1_162' title='bbox 1047 2250 1097 2301; x_wconf 94' lang='lat' dir='ltr'><strong>vi</strong></span> <span class='ocrx_word' id='word_1_163' title='bbox 1144 2258 1198 2304; x_wconf 84' lang='lat' dir='ltr'><strong>ct</strong></span> <span class='ocrx_word' id='word_1_164' title='bbox 1246 2249 1553 2304; x_wconf 81' lang='lat' dir='ltr'><strong>inductiuni</strong></span> <span class='ocrx_word' id='word_1_165' title='bbox 1602 2251 1887 2317; x_wconf 62' lang='lat' dir='ltr'><strong>(Immonis,</strong></span> <span class='ocrx_word' id='word_1_166' title='bbox 1915 2253 2008 2308; x_wconf 81' lang='lat' dir='ltr'><strong>sed</strong></span> <span class='ocrx_word' id='word_1_167' title='bbox 2040 2254 2092 2307; x_wconf 84' lang='lat' dir='ltr'><strong>ei</strong></span> 
     </span>
    </p>
   </div>
   <div class='ocr_carea' id='block_1_25' title="bbox 504 2339 2091 2407">
    <p class='ocr_par' dir='ltr' id='par_1_25' title="bbox 504 2339 2091 2407">
     <span class='ocr_line' id='line_1_25' title="bbox 504 2339 2091 2407; baseline 0.003 -13"><span class='ocrx_word' id='word_1_168' title='bbox 504 2341 669 2394; x_wconf 86' lang='lat' dir='ltr'><strong>etiam</strong></span> <span class='ocrx_word' id='word_1_169' title='bbox 701 2339 876 2394; x_wconf 78' lang='lat' dir='ltr'><strong>evasit</strong></span> <span class='ocrx_word' id='word_1_170' title='bbox 908 2341 1186 2397; x_wconf 82' lang='lat' dir='ltr'><strong>terribilis.</strong></span> <span class='ocrx_word' id='word_1_171' title='bbox 1234 2341 1575 2407; x_wconf 84' lang='lat' dir='ltr'><strong>Quibusnam</strong></span> <span class='ocrx_word' id='word_1_172' title='bbox 1605 2354 1783 2397; x_wconf 88' lang='lat' dir='ltr'><strong>autem</strong></span> <span class='ocrx_word' id='word_1_173' title='bbox 1815 2346 1981 2398; x_wconf 87' lang='lat' dir='ltr'><strong>armis</strong></span> <span class='ocrx_word' id='word_1_174' title='bbox 2005 2345 2091 2399; x_wconf 89' lang='lat' dir='ltr'><strong>ni-</strong></span> 
     </span>
    </p>
   </div>
   <div class='ocr_carea' id='block_1_26' title="bbox 506 2423 2091 2504">
    <p class='ocr_par' dir='ltr' id='par_1_26' title="bbox 506 2423 2091 2504">
     <span class='ocr_line' id='line_1_26' title="bbox 506 2423 2091 2504; baseline 0.006 -20"><span class='ocrx_word' id='word_1_175' title='bbox 506 2443 648 2492; x_wconf 67' lang='lat' dir='ltr'><strong>tuus,</strong></span> <span class='ocrx_word' id='word_1_176' title='bbox 677 2447 789 2485; x_wconf 88' lang='lat' dir='ltr'><strong>non</strong></span> <span class='ocrx_word' id='word_1_177' title='bbox 846 2423 1200 2486; x_wconf 71' lang='lat' dir='ltr'><strong>solum&#39;eum</strong></span> <span class='ocrx_word' id='word_1_178' title='bbox 1255 2434 1474 2504; x_wconf 85' lang='lat' dir='ltr'><strong>repulit,</strong></span> <span class='ocrx_word' id='word_1_179' title='bbox 1509 2435 1602 2490; x_wconf 79' lang='lat' dir='ltr'><strong>sed</strong></span> <span class='ocrx_word' id='word_1_180' title='bbox 1657 2436 1822 2489; x_wconf 88' lang='lat' dir='ltr'><strong>etiam</strong></span> <span class='ocrx_word' id='word_1_181' title='bbox 1880 2438 1944 2491; x_wconf 85' lang='lat' dir='ltr'><strong>ad</strong></span> <span class='ocrx_word' id='word_1_182' title='bbox 1993 2454 2091 2493; x_wconf 88' lang='lat' dir='ltr'><strong>nos</strong></span> 
     </span>
    </p>
   </div>
   <div class='ocr_carea' id='block_1_27' title="bbox 507 2522 2092 2594">
    <p class='ocr_par' dir='ltr' id='par_1_27' title="bbox 507 2522 2092 2594">
     <span class='ocr_line' id='line_1_27' title="bbox 507 2522 2092 2594; baseline 0.004 -19"><span class='ocrx_word' id='word_1_183' title='bbox 507 2522 812 2575; x_wconf 82' lang='lat' dir='ltr'><strong>transmisit</strong></span> <span class='ocrx_word' id='word_1_184' title='bbox 847 2522 1174 2592; x_wconf 80' lang='lat' dir='ltr'><strong>fugitivum?</strong></span> <span class='ocrx_word' id='word_1_185' title='bbox 1204 2522 1496 2593; x_wconf 83' lang='lat' dir='ltr'><strong>Propterea</strong></span> <span class='ocrx_word' id='word_1_186' title='bbox 1548 2540 1697 2579; x_wconf 77' lang='lat' dir='ltr'><strong>eram</strong></span> <span class='ocrx_word' id='word_1_187' title='bbox 1732 2526 1924 2594; x_wconf 85' lang='lat' dir='ltr'><strong>plenus</strong></span> <span class='ocrx_word' id='word_1_188' title='bbox 1969 2543 2092 2584; x_wconf 89' lang='lat' dir='ltr'><strong>sus-</strong></span> 
     </span>
    </p>
   </div>
   <div class='ocr_carea' id='block_1_28' title="bbox 504 2613 2093 2688">
    <p class='ocr_par' dir='ltr' id='par_1_28' title="bbox 504 2613 2093 2688">
     <span class='ocr_line' id='line_1_28' title="bbox 504 2613 2093 2688; baseline 0.005 -23"><span class='ocrx_word' id='word_1_189' title='bbox 504 2613 739 2684; x_wconf 67' lang='lat' dir='ltr'><strong>picione,</strong></span> <span class='ocrx_word' id='word_1_190' title='bbox 762 2622 817 2669; x_wconf 90' lang='lat' dir='ltr'><strong>et</strong></span> <span class='ocrx_word' id='word_1_191' title='bbox 840 2615 1093 2685; x_wconf 75' lang='lat' dir='ltr'><strong>gravibus</strong></span> <span class='ocrx_word' id='word_1_192' title='bbox 1135 2615 1380 2686; x_wconf 85' lang='lat' dir='ltr'><strong>agitabar</strong></span> <span class='ocrx_word' id='word_1_193' title='bbox 1416 2617 1857 2688; x_wconf 73' lang='lat' dir='ltr'><strong>cogitationibus.</strong></span> <span class='ocrx_word' id='word_1_194' title='bbox 1884 2618 1966 2674; x_wconf 74' lang='lat' dir='ltr'><strong>Me</strong></span> <span class='ocrx_word' id='word_1_195' title='bbox 1995 2636 2093 2674; x_wconf 89' lang='lat' dir='ltr'><strong>an-</strong></span> 
     </span>
    </p>
   </div>
   <div class='ocr_carea' id='block_1_29' title="bbox 505 2705 2094 2775">
    <p class='ocr_par' dir='ltr' id='par_1_29' title="bbox 505 2705 2094 2775">
     <span class='ocr_line' id='line_1_29' title="bbox 505 2705 2094 2775; baseline 0.006 -19"><span class='ocrx_word' id='word_1_196' title='bbox 505 2711 616 2759; x_wconf 89' lang='lat' dir='ltr'><strong>tem</strong></span> <span class='ocrx_word' id='word_1_197' title='bbox 654 2705 1026 2775; x_wconf 71' lang='lat' dir='ltr'><strong>interrogante</strong></span> <span class='ocrx_word' id='word_1_198' title='bbox 1053 2714 1110 2761; x_wconf 89' lang='lat' dir='ltr'><strong>et</strong></span> <span class='ocrx_word' id='word_1_199' title='bbox 1156 2708 1377 2762; x_wconf 87' lang='lat' dir='ltr'><strong>sitiente</strong></span> <span class='ocrx_word' id='word_1_200' title='bbox 1409 2709 1551 2763; x_wconf 77' lang='lat' dir='ltr'><strong>Scire</strong></span> <span class='ocrx_word' id='word_1_201' title='bbox 1603 2724 1847 2775; x_wconf 84' lang='lat' dir='ltr'><strong>causam,</strong></span> <span class='ocrx_word' id='word_1_202' title='bbox 1876 2711 2094 2765; x_wconf 84' lang='lat' dir='ltr'><strong>volebat</strong></span> 
     </span>
    </p>
   </div>
   <div class='ocr_carea' id='block_1_30' title="bbox 503 2794 2089 2873">
    <p class='ocr_par' dir='ltr' id='par_1_30' title="bbox 503 2794 2089 2873">
     <span class='ocr_line' id='line_1_30' title="bbox 503 2794 2089 2873; baseline 0.005 -26"><span class='ocrx_word' id='word_1_203' title='bbox 503 2794 724 2863; x_wconf 90' lang='lat' dir='ltr'><strong>quidem</strong></span> <span class='ocrx_word' id='word_1_204' title='bbox 753 2796 932 2850; x_wconf 86' lang='lat' dir='ltr'><strong>celare</strong></span> <span class='ocrx_word' id='word_1_205' title='bbox 983 2797 1336 2864; x_wconf 66' lang='lat' dir='ltr'><strong>daemonium,</strong></span> <span class='ocrx_word' id='word_1_206' title='bbox 1367 2808 1422 2853; x_wconf 92' lang='lat' dir='ltr'><strong>et</strong></span> <span class='ocrx_word' id='word_1_207' title='bbox 1450 2799 1599 2854; x_wconf 90' lang='lat' dir='ltr'><strong>omni</strong></span> <span class='ocrx_word' id='word_1_208' title='bbox 1641 2800 1854 2855; x_wconf 87' lang='lat' dir='ltr'><strong>ratione</strong></span> <span class='ocrx_word' id='word_1_209' title='bbox 1886 2811 2089 2873; x_wconf 83' lang='lat' dir='ltr'><strong>tegere.</strong></span> 
     </span>
    </p>
   </div>
   <div class='ocr_carea' id='block_1_31' title="bbox 501 2884 2092 2957">
    <p class='ocr_par' dir='ltr' id='par_1_31' title="bbox 501 2884 2092 2957">
     <span class='ocr_line' id='line_1_31' title="bbox 501 2884 2092 2957; baseline 0.004 -19"><span class='ocrx_word' id='word_1_210' title='bbox 501 2884 642 2939; x_wconf 82' lang='lat' dir='ltr'><strong>Cum</strong></span> <span class='ocrx_word' id='word_1_211' title='bbox 678 2894 862 2939; x_wconf 86' lang='lat' dir='ltr'><strong>autem</strong></span> <span class='ocrx_word' id='word_1_212' title='bbox 892 2901 992 2957; x_wconf 82' lang='lat' dir='ltr'><strong>ego</strong></span> <span class='ocrx_word' id='word_1_213' title='bbox 1028 2903 1152 2942; x_wconf 89' lang='lat' dir='ltr'><strong>eum</strong></span> <span class='ocrx_word' id='word_1_214' title='bbox 1195 2903 1304 2943; x_wconf 90' lang='lat' dir='ltr'><strong>non</strong></span> <span class='ocrx_word' id='word_1_215' title='bbox 1332 2889 1692 2956; x_wconf 88' lang='lat' dir='ltr'><strong>dimitterem,</strong></span> <span class='ocrx_word' id='word_1_216' title='bbox 1742 2891 1833 2945; x_wconf 79' lang='lat' dir='ltr'><strong>vix</strong></span> <span class='ocrx_word' id='word_1_217' title='bbox 1872 2894 2092 2947; x_wconf 78' lang='lat' dir='ltr'><strong>tandem</strong></span> 
     </span>
    </p>
   </div>
   <div class='ocr_carea' id='block_1_32' title="bbox 504 2976 2094 3053">
    <p class='ocr_par' dir='ltr' id='par_1_32' title="bbox 504 2976 2094 3053">
     <span class='ocr_line' id='line_1_32' title="bbox 504 2976 2094 3053; baseline 0.007 -23"><span class='ocrx_word' id='word_1_218' title='bbox 504 2976 593 3030; x_wconf 79' lang='lat' dir='ltr'><strong>vel</strong></span> <span class='ocrx_word' id='word_1_219' title='bbox 647 2977 852 3031; x_wconf 84' lang='lat' dir='ltr'><strong>invitus</strong></span> <span class='ocrx_word' id='word_1_220' title='bbox 905 2978 1219 3043; x_wconf 87' lang='lat' dir='ltr'><strong>conliletur,</strong></span> <span class='ocrx_word' id='word_1_221' title='bbox 1251 2989 1307 3034; x_wconf 90' lang='lat' dir='ltr'><strong>et</strong></span> <span class='ocrx_word' id='word_1_222' title='bbox 1366 2995 1629 3035; x_wconf 82' lang='lat' dir='ltr'><strong>arcanum</strong></span> <span class='ocrx_word' id='word_1_223' title='bbox 1679 2984 1875 3053; x_wconf 87' lang='lat' dir='ltr'><strong>aperit,</strong></span> <span class='ocrx_word' id='word_1_224' title='bbox 1902 2985 2094 3041; x_wconf 86' lang='lat' dir='ltr'><strong>dicens</strong></span> 
     </span>
    </p>
   </div>
   <div class='ocr_carea' id='block_1_33' title="bbox 502 3067 2093 3144">
    <p class='ocr_par' dir='ltr' id='par_1_33' title="bbox 502 3067 2093 3144">
     <span class='ocr_line' id='line_1_33' title="bbox 502 3067 2093 3144; baseline 0.006 -22"><span class='ocrx_word' id='word_1_225' title='bbox 502 3067 746 3122; x_wconf 80' lang='lat' dir='ltr'><strong>divinam</strong></span> <span class='ocrx_word' id='word_1_226' title='bbox 780 3083 905 3124; x_wconf 88' lang='lat' dir='ltr'><strong>esse</strong></span> <span class='ocrx_word' id='word_1_227' title='bbox 934 3070 987 3123; x_wconf 87' lang='lat' dir='ltr'><strong>in</strong></span> <span class='ocrx_word' id='word_1_228' title='bbox 1014 3086 1078 3125; x_wconf 86' lang='lat' dir='ltr'><strong>ea</strong></span> <span class='ocrx_word' id='word_1_229' title='bbox 1115 3071 1396 3136; x_wconf 83' lang='lat' dir='ltr'><strong>virtutem,</strong></span> <span class='ocrx_word' id='word_1_230' title='bbox 1437 3083 1491 3127; x_wconf 90' lang='lat' dir='ltr'><strong>et</strong></span> <span class='ocrx_word' id='word_1_231' title='bbox 1521 3074 1623 3128; x_wconf 91' lang='lat' dir='ltr'><strong>sibi</strong></span> <span class='ocrx_word' id='word_1_232' title='bbox 1656 3077 1929 3144; x_wconf 88' lang='lat' dir='ltr'><strong>quoddam</strong></span> <span class='ocrx_word' id='word_1_233' title='bbox 1964 3077 2093 3131; x_wconf 87' lang='lat' dir='ltr'><strong>bor-</strong></span> 
     </span>
    </p>
   </div>
   <div class='ocr_carea' id='block_1_34' title="bbox 2190 593 3785 670">
    <p class='ocr_par' dir='ltr' id='par_1_34' title="bbox 2190 593 3785 670">
     <span class='ocr_line' id='line_1_34' title="bbox 2190 593 3785 670; baseline 0.007 -26"><span class='ocrx_word' id='word_1_234' title='bbox 2190 593 2331 663; x_wconf 80' lang='grc' dir='ltr'>αὐτῇ</span> <span class='ocrx_word' id='word_1_235' title='bbox 2361 593 2695 665; x_wconf 74' lang='grc' dir='ltr'>ἀντίρροπον</span> <span class='ocrx_word' id='word_1_236' title='bbox 2719 594 3059 665; x_wconf 71' lang='grc' dir='ltr'><strong>ἐπιπέμψαι,</strong></span> <span class='ocrx_word' id='word_1_237' title='bbox 3093 597 3186 648; x_wconf 75' lang='grc' dir='ltr'><strong>καὶ</strong></span> <span class='ocrx_word' id='word_1_238' title='bbox 3215 596 3441 666; x_wconf 75' lang='grc' dir='ltr'><strong>κινῆσαι</strong></span> <span class='ocrx_word' id='word_1_239' title='bbox 3490 600 3630 670; x_wconf 79' lang='grc' dir='ltr'>πρὸς</span> <span class='ocrx_word' id='word_1_240' title='bbox 3656 602 3785 656; x_wconf 72' lang='grc' dir='ltr'>ἐπι-</span> 
     </span>
    </p>
   </div>
   <div class='ocr_carea' id='block_1_35' title="bbox 2191 680 3791 759">
    <p class='ocr_par' dir='ltr' id='par_1_35' title="bbox 2191 680 3791 759">
     <span class='ocr_line' id='line_1_35' title="bbox 2191 680 3791 759; baseline 0.005 -25"><span class='ocrx_word' id='word_1_241' title='bbox 2191 680 2394 753; x_wconf 88' lang='grc' dir='ltr'>θυμίαν</span> <span class='ocrx_word' id='word_1_242' title='bbox 2438 683 2530 736; x_wconf 82' lang='grc' dir='ltr'><strong>τοῦ</strong></span> <span class='ocrx_word' id='word_1_243' title='bbox 2587 683 2823 753; x_wconf 77' lang='grc' dir='ltr'><strong>ἐραστοῦ</strong></span> <span class='ocrx_word' id='word_1_244' title='bbox 2850 681 2952 754; x_wconf 78' lang='grc' dir='ltr'>τὴν</span> <span class='ocrx_word' id='word_1_245' title='bbox 3003 683 3181 749; x_wconf 74' lang='grc' dir='ltr'>οὕτως</span> <span class='ocrx_word' id='word_1_246' title='bbox 3210 686 3597 756; x_wconf 77' lang='grc' dir='ltr'><strong>ὑπεροπτικῶς</strong></span> <span class='ocrx_word' id='word_1_247' title='bbox 3626 688 3791 759; x_wconf 75' lang='grc' dir='ltr'>ἐχου-</span> 
     </span>
    </p>
   </div>
   <div class='ocr_carea' id='block_1_36' title="bbox 2188 768 3790 851">
    <p class='ocr_par' dir='ltr' id='par_1_36' title="bbox 2188 768 3790 851">
     <span class='ocr_line' id='line_1_36' title="bbox 2188 768 3790 851; baseline 0.006 -23"><span class='ocrx_word' id='word_1_248' title='bbox 2188 791 2311 829; x_wconf 84' lang='grc' dir='ltr'>σαν.</span> <span class='ocrx_word' id='word_1_249' title='bbox 2359 776 2546 829; x_wconf 86' lang='grc' dir='ltr'>Ταῦτα</span> <span class='ocrx_word' id='word_1_250' title='bbox 2601 777 2703 846; x_wconf 78' lang='grc' dir='ltr'>μὲν</span> <span class='ocrx_word' id='word_1_251' title='bbox 2754 779 2964 841; x_wconf 78' lang='grc' dir='ltr'>ἐκεῖνος</span> <span class='ocrx_word' id='word_1_252' title='bbox 3011 768 3177 850; x_wconf 73' lang='grc' dir='ltr'>ᾗτειο</span> <span class='ocrx_word' id='word_1_253' title='bbox 3234 779 3347 849; x_wconf 78' lang='grc' dir='ltr'>ἐγὼ</span> <span class='ocrx_word' id='word_1_254' title='bbox 3397 780 3457 834; x_wconf 80' lang='grc' dir='ltr'>δὲ</span> <span class='ocrx_word' id='word_1_255' title='bbox 3488 781 3699 851; x_wconf 78' lang='grc' dir='ltr'>βίϐλοις</span> <span class='ocrx_word' id='word_1_256' title='bbox 3726 786 3790 838; x_wconf 75' lang='grc' dir='ltr'>τδ</span> 
     </span>
    </p>
   </div>
   <div class='ocr_carea' id='block_1_37' title="bbox 2190 867 3792 948">
    <p class='ocr_par' dir='ltr' id='par_1_37' title="bbox 2190 867 3792 948">
     <span class='ocr_line' id='line_1_37' title="bbox 2190 867 3792 948; baseline 0.007 -26"><span class='ocrx_word' id='word_1_257' title='bbox 2190 868 2413 939; x_wconf 73' lang='grc' dir='ltr'>θαῤῥεῖν</span> <span class='ocrx_word' id='word_1_258' title='bbox 2454 867 2595 939; x_wconf 74' lang='grc' dir='ltr'>ἔχων</span> <span class='ocrx_word' id='word_1_259' title='bbox 2618 872 2745 933; x_wconf 85' lang='grc' dir='ltr'>ταῖς</span> <span class='ocrx_word' id='word_1_260' title='bbox 2776 876 3042 941; x_wconf 54' lang='lat' dir='ltr'><strong>parmai;</strong></span> <span class='ocrx_word' id='word_1_261' title='bbox 3071 874 3165 926; x_wconf 76' lang='grc' dir='ltr'><strong>καὶ</strong></span> <span class='ocrx_word' id='word_1_262' title='bbox 3200 876 3314 937; x_wconf 85' lang='grc' dir='ltr'>τοῖς</span> <span class='ocrx_word' id='word_1_263' title='bbox 3341 874 3618 945; x_wconf 77' lang='grc' dir='ltr'>δαίμοσιν,</span> <span class='ocrx_word' id='word_1_264' title='bbox 3644 881 3792 948; x_wconf 86' lang='grc' dir='ltr'>ἀμε-</span> 
     </span>
    </p>
   </div>
   <div class='ocr_carea' id='block_1_38' title="bbox 2188 960 3790 1043">
    <p class='ocr_par' dir='ltr' id='par_1_38' title="bbox 2188 960 3790 1043">
     <span class='ocr_line' id='line_1_38' title="bbox 2188 960 3790 1043; baseline 0.009 -31"><span class='ocrx_word' id='word_1_265' title='bbox 2188 960 2301 1013; x_wconf 88' lang='grc' dir='ltr'>λεῖν</span> <span class='ocrx_word' id='word_1_266' title='bbox 2345 960 2619 1027; x_wconf 77' lang='grc' dir='ltr'>ἐκέλευον,</span> <span class='ocrx_word' id='word_1_267' title='bbox 2688 968 2915 1034; x_wconf 86' lang='grc' dir='ltr'>ταχεῖαν</span> <span class='ocrx_word' id='word_1_268' title='bbox 2963 965 3097 1036; x_wconf 82' lang='grc' dir='ltr'>ὅσην</span> <span class='ocrx_word' id='word_1_269' title='bbox 3145 968 3625 1037; x_wconf 71' lang='grc' dir='ltr'>ἐπαγγειλάμενος</span> <span class='ocrx_word' id='word_1_270' title='bbox 3685 973 3790 1043; x_wconf 69' lang='grc' dir='ltr'>τὴν</span> 
     </span>
    </p>
   </div>
   <div class='ocr_carea' id='block_1_39' title="bbox 2190 1052 3793 1136">
    <p class='ocr_par' dir='ltr' id='par_1_39' title="bbox 2190 1052 3793 1136">
     <span class='ocr_line' id='line_1_39' title="bbox 2190 1052 3793 1136; baseline 0.007 -29"><span class='ocrx_word' id='word_1_271' title='bbox 2190 1052 2468 1123; x_wconf 84' lang='grc' dir='ltr'>βοήθειαν.</span> <span class='ocrx_word' id='word_1_272' title='bbox 2503 1055 2641 1110; x_wconf 85' lang='grc' dir='ltr'>Ἕνα</span> <span class='ocrx_word' id='word_1_273' title='bbox 2663 1055 2797 1124; x_wconf 84' lang='grc' dir='ltr'>γοῦν</span> <span class='ocrx_word' id='word_1_274' title='bbox 2831 1054 2940 1109; x_wconf 80' lang='grc' dir='ltr'>τῶν</span> <span class='ocrx_word' id='word_1_275' title='bbox 2970 1055 3246 1128; x_wconf 75' lang='grc' dir='ltr'><strong>δαιμόνων</strong></span> <span class='ocrx_word' id='word_1_276' title='bbox 3280 1061 3545 1128; x_wconf 81' lang='grc' dir='ltr'>καλέσας,</span> <span class='ocrx_word' id='word_1_277' title='bbox 3597 1081 3793 1136; x_wconf 60' lang='grc' dir='ltr'>παραά</span> 
     </span>
    </p>
   </div>
   <div class='ocr_carea' id='block_1_40' title="bbox 2187 1144 3794 1228">
    <p class='ocr_par' dir='ltr' id='par_1_40' title="bbox 2187 1144 3794 1228">
     <span class='ocr_line' id='line_1_40' title="bbox 2187 1144 3794 1228; baseline 0.01 -33"><span class='ocrx_word' id='word_1_278' title='bbox 2187 1144 2383 1214; x_wconf 83' lang='grc' dir='ltr'>γυμνῶ</span> <span class='ocrx_word' id='word_1_279' title='bbox 2416 1145 2477 1198; x_wconf 81' lang='grc' dir='ltr'><strong>τὺ</strong></span> <span class='ocrx_word' id='word_1_280' title='bbox 2519 1147 2766 1216; x_wconf 79' lang='grc' dir='ltr'>πρᾶγμα,</span> <span class='ocrx_word' id='word_1_281' title='bbox 2801 1148 2897 1201; x_wconf 80' lang='grc' dir='ltr'><strong>καὶ</strong></span> <span class='ocrx_word' id='word_1_282' title='bbox 2932 1150 3088 1213; x_wconf 82' lang='grc' dir='ltr'>εῐτις</span> <span class='ocrx_word' id='word_1_283' title='bbox 3118 1152 3271 1218; x_wconf 80' lang='grc' dir='ltr'>αὐτῷ</span> <span class='ocrx_word' id='word_1_284' title='bbox 3296 1152 3528 1223; x_wconf 79' lang='grc' dir='ltr'>δύναμις</span> <span class='ocrx_word' id='word_1_285' title='bbox 3561 1154 3609 1188; x_wconf 65' lang='grc'><strong>⁸⁸</strong></span> <span class='ocrx_word' id='word_1_286' title='bbox 3641 1174 3794 1228; x_wconf 85' lang='grc' dir='ltr'>συμ-</span> 
     </span>
    </p>
   </div>
   <div class='ocr_carea' id='block_1_41' title="bbox 2189 1237 3795 1315">
    <p class='ocr_par' dir='ltr' id='par_1_41' title="bbox 2189 1237 3795 1315">
     <span class='ocr_line' id='line_1_41' title="bbox 2189 1237 3795 1315; baseline 0.008 -27"><span class='ocrx_word' id='word_1_287' title='bbox 2189 1243 2450 1306; x_wconf 76' lang='grc' dir='ltr'><strong>πράττειν</strong></span> <span class='ocrx_word' id='word_1_288' title='bbox 2484 1237 2676 1307; x_wconf 75' lang='grc' dir='ltr'>ἠξίουν</span> <span class='ocrx_word' id='word_1_289' title='bbox 2701 1255 2714 1269; x_wconf 90' lang='grc'><strong>·</strong></span> <span class='ocrx_word' id='word_1_290' title='bbox 2751 1241 2780 1292; x_wconf 85' lang='grc' dir='ltr'>ὁ</span> <span class='ocrx_word' id='word_1_291' title='bbox 2806 1238 2883 1304; x_wconf 84' lang='grc' dir='ltr'><strong>δέ,</strong></span> <span class='ocrx_word' id='word_1_292' title='bbox 2935 1241 3043 1310; x_wconf 63' lang='grc' dir='ltr'>πρὸ</span> <span class='ocrx_word' id='word_1_293' title='bbox 3075 1241 3175 1311; x_wconf 77' lang='grc' dir='ltr'><strong>μὲν</strong></span> <span class='ocrx_word' id='word_1_294' title='bbox 3212 1243 3312 1312; x_wconf 79' lang='grc' dir='ltr'>τῆς</span> <span class='ocrx_word' id='word_1_295' title='bbox 3341 1246 3560 1315; x_wconf 79' lang='grc' dir='ltr'>πείρας,</span> <span class='ocrx_word' id='word_1_296' title='bbox 3614 1250 3795 1311; x_wconf 70' lang='grc' dir='ltr'>πολὺς</span> 
     </span>
    </p>
   </div>
   <div class='ocr_carea' id='block_1_42' title="bbox 2186 1324 3793 1404">
    <p class='ocr_par' dir='ltr' id='par_1_42' title="bbox 2186 1324 3793 1404">
     <span class='ocr_line' id='line_1_42' title="bbox 2186 1324 3793 1404; baseline 0.022 -44"><span class='ocrx_word' id='word_1_297' title='bbox 2186 1324 2257 1398; x_wconf 65' lang='grc' dir='ltr'><strong>ἦν</strong></span> <span class='ocrx_word' id='word_1_298' title='bbox 2281 1327 2380 1400; x_wconf 69' lang='grc' dir='ltr'><strong>τὴν</strong></span> <span class='ocrx_word' id='word_1_299' title='bbox 2407 1328 2603 1399; x_wconf 73' lang='grc' dir='ltr'>ὀφρὺν,</span> <span class='ocrx_word' id='word_1_300' title='bbox 2639 1331 2735 1383; x_wconf 74' lang='grc' dir='ltr'><strong>καὶ</strong></span> <span class='ocrx_word' id='word_1_301' title='bbox 2768 1330 2973 1401; x_wconf 71' lang='grc' dir='ltr'>θερμὸς</span> <span class='ocrx_word' id='word_1_302' title='bbox 3007 1333 3503 1404; x_wconf 78' lang='grc' dir='ltr'>τὴν’ὲπσγγελίαν,</span> <span class='ocrx_word' id='word_1_303' title='bbox 3528 1341 3623 1392; x_wconf 66' lang='grc' dir='ltr'><strong>καὶ</strong></span> <span class='ocrx_word' id='word_1_304' title='bbox 3649 1340 3720 1394; x_wconf 85' lang='grc' dir='ltr'>τὰ</span> <span class='ocrx_word' id='word_1_305' title='bbox 3742 1341 3793 1373; x_wconf 65' lang='grc'><strong>⁸⁸</strong></span> 
     </span>
    </p>
   </div>
   <div class='ocr_carea' id='block_1_43' title="bbox 2189 1420 3791 1499">
    <p class='ocr_par' dir='ltr' id='par_1_43' title="bbox 2189 1420 3791 1499">
     <span class='ocr_line' id='line_1_43' title="bbox 2189 1420 3791 1499; baseline 0.008 -27"><span class='ocrx_word' id='word_1_306' title='bbox 2189 1420 2367 1472; x_wconf 74' lang='grc' dir='ltr'>πάντα</span> <span class='ocrx_word' id='word_1_307' title='bbox 2401 1423 2669 1487; x_wconf 80' lang='grc' dir='ltr'>πράττειν</span> <span class='ocrx_word' id='word_1_308' title='bbox 2708 1421 2787 1493; x_wconf 85' lang='grc' dir='ltr'>τῷ</span> <span class='ocrx_word' id='word_1_309' title='bbox 2819 1422 3001 1475; x_wconf 80' lang='grc' dir='ltr'><strong>δοκεῖν</strong></span> <span class='ocrx_word' id='word_1_310' title='bbox 3032 1424 3343 1495; x_wconf 76' lang='grc' dir='ltr'>δυνάμενος</span> <span class='ocrx_word' id='word_1_311' title='bbox 3365 1444 3381 1460; x_wconf 83' lang='lat'><strong>&#39;</strong></span> <span class='ocrx_word' id='word_1_312' title='bbox 3423 1429 3681 1484; x_wconf 82' lang='grc' dir='ltr'>ἀπελθὼν</span> <span class='ocrx_word' id='word_1_313' title='bbox 3706 1432 3791 1499; x_wconf 81' lang='grc' dir='ltr'>δὲ,</span> 
     </span>
    </p>
   </div>
   <div class='ocr_carea' id='block_1_44' title="bbox 2190 1512 3793 1592">
    <p class='ocr_par' dir='ltr' id='par_1_44' title="bbox 2190 1512 3793 1592">
     <span class='ocr_line' id='line_1_44' title="bbox 2190 1512 3793 1592; baseline 0.007 -28"><span class='ocrx_word' id='word_1_314' title='bbox 2190 1512 2289 1565; x_wconf 73' lang='grc' dir='ltr'><strong>καὶ</strong></span> <span class='ocrx_word' id='word_1_315' title='bbox 2320 1515 2387 1582; x_wconf 79' lang='grc' dir='ltr'>τῇ</span> <span class='ocrx_word' id='word_1_316' title='bbox 2432 1515 2571 1586; x_wconf 71' lang='grc' dir='ltr'><strong>κόρῃ</strong></span> <span class='ocrx_word' id='word_1_317' title='bbox 2604 1514 2867 1584; x_wconf 70' lang='grc' dir='ltr'>συνάψας,</span> <span class='ocrx_word' id='word_1_318' title='bbox 2895 1515 2998 1585; x_wconf 84' lang='grc' dir='ltr'><strong>μῦς</strong></span> <span class='ocrx_word' id='word_1_319' title='bbox 3030 1518 3203 1587; x_wconf 78' lang='grc' dir='ltr'>ἐφάνη</span> <span class='ocrx_word' id='word_1_320' title='bbox 3228 1519 3403 1573; x_wconf 79' lang='grc' dir='ltr'>λέοντι</span> <span class='ocrx_word' id='word_1_321' title='bbox 3435 1523 3793 1592; x_wconf 73' lang='grc' dir='ltr'>προσῦαλὼν,</span> 
     </span>
    </p>
   </div>
   <div class='ocr_carea' id='block_1_45' title="bbox 2188 1603 3796 1686">
    <p class='ocr_par' dir='ltr' id='par_1_45' title="bbox 2188 1603 3796 1686">
     <span class='ocr_line' id='line_1_45' title="bbox 2188 1603 3796 1686; baseline 0.007 -30"><span class='ocrx_word' id='word_1_322' title='bbox 2188 1603 2221 1672; x_wconf 81' lang='grc' dir='ltr'><strong>ἢ</strong></span> <span class='ocrx_word' id='word_1_323' title='bbox 2243 1603 2518 1673; x_wconf 74' lang='grc' dir='ltr'>κάνθαρος</span> <span class='ocrx_word' id='word_1_324' title='bbox 2547 1605 2689 1674; x_wconf 84' lang='grc' dir='ltr'>ἀετῷ</span> <span class='ocrx_word' id='word_1_325' title='bbox 2720 1607 2856 1676; x_wconf 79' lang='grc' dir='ltr'>πρὸς</span> <span class='ocrx_word' id='word_1_326' title='bbox 2875 1608 3052 1680; x_wconf 76' lang='grc' dir='ltr'>πάλην</span> <span class='ocrx_word' id='word_1_327' title='bbox 3078 1611 3288 1680; x_wconf 66' lang='grc' dir='ltr'>ἐρίσαςδ</span> <span class='ocrx_word' id='word_1_328' title='bbox 3312 1612 3485 1681; x_wconf 66' lang='grc' dir='ltr'>φυγὰς</span> <span class='ocrx_word' id='word_1_329' title='bbox 3504 1613 3617 1686; x_wconf 73' lang='grc' dir='ltr'><strong>γὰρ</strong></span> <span class='ocrx_word' id='word_1_330' title='bbox 3652 1616 3796 1685; x_wconf 71' lang='grc' dir='ltr'>πρλς</span> 
     </span>
    </p>
   </div>
   <div class='ocr_carea' id='block_1_46' title="bbox 2189 1699 3794 1777">
    <p class='ocr_par' dir='ltr' id='par_1_46' title="bbox 2189 1699 3794 1777">
     <span class='ocr_line' id='line_1_46' title="bbox 2189 1699 3794 1777; baseline 0.007 -27"><span class='ocrx_word' id='word_1_331' title='bbox 2189 1699 2337 1769; x_wconf 78' lang='grc' dir='ltr'>ἡμᾶς</span> <span class='ocrx_word' id='word_1_332' title='bbox 2366 1700 2634 1770; x_wconf 73' lang='grc' dir='ltr'>ἐπανῆκε,</span> <span class='ocrx_word' id='word_1_333' title='bbox 2665 1704 2761 1756; x_wconf 77' lang='grc' dir='ltr'><strong>καὶ</strong></span> <span class='ocrx_word' id='word_1_334' title='bbox 2781 1702 2903 1755; x_wconf 82' lang='grc' dir='ltr'>λίαν</span> <span class='ocrx_word' id='word_1_335' title='bbox 2926 1705 3200 1773; x_wconf 69' lang='grc' dir='ltr'>καταδεὴς</span> <span class='ocrx_word' id='word_1_336' title='bbox 3227 1705 3255 1757; x_wconf 86' lang='grc' dir='ltr'><strong>ὁ</strong></span> <span class='ocrx_word' id='word_1_337' title='bbox 3286 1707 3392 1776; x_wconf 76' lang='grc' dir='ltr'>πρὸ</span> <span class='ocrx_word' id='word_1_338' title='bbox 3415 1706 3509 1759; x_wconf 86' lang='grc' dir='ltr'><strong>τοῦ</strong></span> <span class='ocrx_word' id='word_1_339' title='bbox 3535 1708 3581 1739; x_wconf 73' lang='grc'><strong>⁸⁷</strong></span> <span class='ocrx_word' id='word_1_340' title='bbox 3613 1710 3794 1777; x_wconf 76' lang='grc' dir='ltr'>μέγας</span> 
     </span>
    </p>
   </div>
   <div class='ocr_carea' id='block_1_47' title="bbox 2189 1790 3789 1868">
    <p class='ocr_par' dir='ltr' id='par_1_47' title="bbox 2189 1790 3789 1868">
     <span class='ocr_line' id='line_1_47' title="bbox 2189 1790 3789 1868; baseline 0.007 -28"><span class='ocrx_word' id='word_1_341' title='bbox 2189 1792 2284 1842; x_wconf 74' lang='grc' dir='ltr'><strong>καὶ</strong></span> <span class='ocrx_word' id='word_1_342' title='bbox 2314 1791 2415 1858; x_wconf 81' lang='grc' dir='ltr'>τὴν</span> <span class='ocrx_word' id='word_1_343' title='bbox 2440 1790 2620 1861; x_wconf 79' lang='grc' dir='ltr'>ὁρμὴν</span> <span class='ocrx_word' id='word_1_344' title='bbox 2649 1793 3052 1854; x_wconf 79' lang='grc' dir='ltr'>ἀνυπόστατος.</span> <span class='ocrx_word' id='word_1_345' title='bbox 3084 1793 3218 1865; x_wconf 77' lang='grc' dir='ltr'><strong>Ἐμέ</strong></span> <span class='ocrx_word' id='word_1_346' title='bbox 3251 1796 3311 1849; x_wconf 82' lang='grc' dir='ltr'>δὲ</span> <span class='ocrx_word' id='word_1_347' title='bbox 3344 1797 3618 1868; x_wconf 76' lang='grc' dir='ltr'>ἔκπληξις</span> <span class='ocrx_word' id='word_1_348' title='bbox 3644 1796 3789 1868; x_wconf 82' lang='grc' dir='ltr'>εἶχε,</span> 
     </span>
    </p>
   </div>
   <div class='ocr_carea' id='block_1_48' title="bbox 2193 1883 3791 1963">
    <p class='ocr_par' dir='ltr' id='par_1_48' title="bbox 2193 1883 3791 1963">
     <span class='ocr_line' id='line_1_48' title="bbox 2193 1883 3791 1963; baseline 0.006 -28"><span class='ocrx_word' id='word_1_349' title='bbox 2193 1883 2313 1945; x_wconf 81' lang='grc' dir='ltr'>πῶς</span> <span class='ocrx_word' id='word_1_350' title='bbox 2341 1884 2516 1946; x_wconf 70' lang='grc' dir='ltr'>οὕτως</span> <span class='ocrx_word' id='word_1_351' title='bbox 2549 1885 2737 1949; x_wconf 69' lang='grc' dir='ltr'>ἀπειλὴ</span> <span class='ocrx_word' id='word_1_352' title='bbox 2772 1887 3048 1958; x_wconf 70' lang='grc' dir='ltr'>παρθένος</span> <span class='ocrx_word' id='word_1_353' title='bbox 3071 1888 3261 1957; x_wconf 76' lang='grc' dir='ltr'>καὶτῷ</span> <span class='ocrx_word' id='word_1_354' title='bbox 3293 1891 3457 1941; x_wconf 68' lang='grc' dir='ltr'>παντὶ</span> <span class='ocrx_word' id='word_1_355' title='bbox 3480 1893 3791 1963; x_wconf 74' lang='grc' dir='ltr'>εὐπτόητος</span> 
     </span>
    </p>
   </div>
   <div class='ocr_carea' id='block_1_49' title="bbox 2193 1970 3789 2054">
    <p class='ocr_par' dir='ltr' id='par_1_49' title="bbox 2193 1970 3789 2054">
     <span class='ocr_line' id='line_1_49' title="bbox 2193 1970 3789 2054; baseline 0.009 -29"><span class='ocrx_word' id='word_1_356' title='bbox 2193 1970 2336 2026; x_wconf 73' lang='grc' dir='ltr'>εἶναι</span> <span class='ocrx_word' id='word_1_357' title='bbox 2358 1975 2651 2045; x_wconf 80' lang='grc' dir='ltr'>μέλλουσα,</span> <span class='ocrx_word' id='word_1_358' title='bbox 2676 1976 2737 2029; x_wconf 81' lang='grc' dir='ltr'>οὐ</span> <span class='ocrx_word' id='word_1_359' title='bbox 2764 1977 2928 2046; x_wconf 86' lang='grc' dir='ltr'>μόνον</span> <span class='ocrx_word' id='word_1_360' title='bbox 2946 1980 3047 2032; x_wconf 84' lang='grc' dir='ltr'><strong>οὐκ</strong></span> <span class='ocrx_word' id='word_1_361' title='bbox 3078 1975 3188 2043; x_wconf 77' lang='grc' dir='ltr'><strong>εἷξε</strong></span> <span class='ocrx_word' id='word_1_362' title='bbox 3222 1978 3315 2052; x_wconf 77' lang='grc' dir='ltr'>βίᾳ</span> <span class='ocrx_word' id='word_1_363' title='bbox 3335 1983 3433 2034; x_wconf 70' lang='grc' dir='ltr'><strong>καὶ</strong></span> <span class='ocrx_word' id='word_1_364' title='bbox 3452 1986 3789 2054; x_wconf 78' lang='grc' dir='ltr'><strong>περιαγωγῇ</strong></span> 
     </span>
    </p>
   </div>
   <div class='ocr_carea' id='block_1_50' title="bbox 2192 2068 3793 2143">
    <p class='ocr_par' dir='ltr' id='par_1_50' title="bbox 2192 2068 3793 2143">
     <span class='ocr_line' id='line_1_50' title="bbox 2192 2068 3793 2143; baseline 0.007 -23"><span class='ocrx_word' id='word_1_365' title='bbox 2192 2068 2469 2133; x_wconf 77' lang='grc' dir='ltr'>δαίμονος,</span> <span class='ocrx_word' id='word_1_366' title='bbox 2499 2070 2638 2123; x_wconf 84' lang='grc' dir='ltr'>ἀλλὰ</span> <span class='ocrx_word' id='word_1_367' title='bbox 2670 2072 2763 2123; x_wconf 77' lang='grc' dir='ltr'><strong>καὶ</strong></span> <span class='ocrx_word' id='word_1_368' title='bbox 2791 2069 3002 2141; x_wconf 78' lang='grc' dir='ltr'>φοϐερά</span> <span class='ocrx_word' id='word_1_369' title='bbox 3041 2069 3219 2142; x_wconf 77' lang='grc' dir='ltr'>τούτῳ</span> <span class='ocrx_word' id='word_1_370' title='bbox 3271 2073 3539 2143; x_wconf 84' lang='grc' dir='ltr'>κατέστη,</span> <span class='ocrx_word' id='word_1_371' title='bbox 3578 2077 3689 2129; x_wconf 89' lang='grc' dir='ltr'>τίνι</span> <span class='ocrx_word' id='word_1_372' title='bbox 3732 2076 3793 2131; x_wconf 79' lang='grc' dir='ltr'>δὲ</span> 
     </span>
    </p>
   </div>
   <div class='ocr_carea' id='block_1_51' title="bbox 2193 2160 3793 2234">
    <p class='ocr_par' dir='ltr' id='par_1_51' title="bbox 2193 2160 3793 2234">
     <span class='ocr_line' id='line_1_51' title="bbox 2193 2160 3793 2234; baseline 0.007 -22"><span class='ocrx_word' id='word_1_373' title='bbox 2193 2160 2293 2212; x_wconf 75' lang='grc' dir='ltr'><strong>καὶ</strong></span> <span class='ocrx_word' id='word_1_374' title='bbox 2312 2160 2467 2230; x_wconf 77' lang='grc' dir='ltr'><strong>ὅπλῳ</strong></span> <span class='ocrx_word' id='word_1_375' title='bbox 2495 2161 2820 2233; x_wconf 79' lang='grc' dir='ltr'><strong>ἐρειδομένη</strong></span> <span class='ocrx_word' id='word_1_376' title='bbox 2850 2162 2897 2194; x_wconf 70' lang='grc'><strong>⁵⁸</strong></span> <span class='ocrx_word' id='word_1_377' title='bbox 2916 2164 3013 2233; x_wconf 83' lang='grc' dir='ltr'><strong>οὐχ</strong></span> <span class='ocrx_word' id='word_1_378' title='bbox 3037 2163 3186 2226; x_wconf 84' lang='grc' dir='ltr'>ὅπως</span> <span class='ocrx_word' id='word_1_379' title='bbox 3211 2165 3495 2234; x_wconf 81' lang='grc' dir='ltr'>ἀπώσατο,</span> <span class='ocrx_word' id='word_1_380' title='bbox 3523 2168 3663 2223; x_wconf 79' lang='grc' dir='ltr'><strong>ἀλλά</strong></span> <span class='ocrx_word' id='word_1_381' title='bbox 3694 2172 3793 2223; x_wconf 74' lang='grc' dir='ltr'><strong>καὶ</strong></span> 
     </span>
    </p>
   </div>
   <div class='ocr_carea' id='block_1_52' title="bbox 2194 2250 3793 2328">
    <p class='ocr_par' dir='ltr' id='par_1_52' title="bbox 2194 2250 3793 2328">
     <span class='ocr_line' id='line_1_52' title="bbox 2194 2250 3793 2328; baseline 0.009 -27"><span class='ocrx_word' id='word_1_382' title='bbox 2194 2250 2412 2318; x_wconf 76' lang='grc' dir='ltr'>φυγάδα</span> <span class='ocrx_word' id='word_1_383' title='bbox 2442 2269 2633 2305; x_wconf 85' lang='grc' dir='ltr'>τουτον</span> <span class='ocrx_word' id='word_1_384' title='bbox 2684 2254 2760 2318; x_wconf 82' lang='grc' dir='ltr'>ὡς</span> <span class='ocrx_word' id='word_1_385' title='bbox 2811 2256 2963 2325; x_wconf 80' lang='grc' dir='ltr'>ἡμᾶς</span> <span class='ocrx_word' id='word_1_386' title='bbox 2996 2257 3424 2328; x_wconf 79' lang='grc' dir='ltr'>παρεπέμψατο.</span> <span class='ocrx_word' id='word_1_387' title='bbox 3477 2261 3581 2312; x_wconf 71' lang='grc' dir='ltr'>Διὰ</span> <span class='ocrx_word' id='word_1_388' title='bbox 3610 2262 3793 2316; x_wconf 74' lang='grc' dir='ltr'>ταῦτα</span> 
     </span>
    </p>
   </div>
   <div class='ocr_carea' id='block_1_53' title="bbox 2198 2342 3789 2416">
    <p class='ocr_par' dir='ltr' id='par_1_53' title="bbox 2198 2342 3789 2416">
     <span class='ocr_line' id='line_1_53' title="bbox 2198 2342 3789 2416; baseline 0.011 -23"><span class='ocrx_word' id='word_1_389' title='bbox 2198 2343 2398 2409; x_wconf 61' lang='grc' dir='ltr'>μεστδς</span> <span class='ocrx_word' id='word_1_390' title='bbox 2435 2344 2683 2413; x_wconf 76' lang='grc' dir='ltr'>ὑποψίας</span> <span class='ocrx_word' id='word_1_391' title='bbox 2706 2342 2775 2416; x_wconf 82' lang='grc' dir='ltr'>ἦν</span> <span class='ocrx_word' id='word_1_392' title='bbox 2823 2347 2915 2400; x_wconf 73' lang='grc' dir='ltr'><strong>καὶ</strong></span> <span class='ocrx_word' id='word_1_393' title='bbox 2947 2348 3149 2412; x_wconf 80' lang='grc' dir='ltr'><strong>δειναῖς</strong></span> <span class='ocrx_word' id='word_1_394' title='bbox 3200 2351 3434 2415; x_wconf 76' lang='grc' dir='ltr'>ἐννοίαις</span> <span class='ocrx_word' id='word_1_395' title='bbox 3482 2353 3789 2409; x_wconf 71' lang='grc' dir='ltr'>ἐπάλαιον·</span> 
     </span>
    </p>
   </div>
   <div class='ocr_carea' id='block_1_54' title="bbox 2194 2434 3794 2520">
    <p class='ocr_par' dir='ltr' id='par_1_54' title="bbox 2194 2434 3794 2520">
     <span class='ocr_line' id='line_1_54' title="bbox 2194 2434 3794 2520; baseline 0.011 -35"><span class='ocrx_word' id='word_1_396' title='bbox 2194 2434 2331 2504; x_wconf 85' lang='grc' dir='ltr'>ἐμοῦ</span> <span class='ocrx_word' id='word_1_397' title='bbox 2364 2435 2419 2487; x_wconf 80' lang='grc' dir='ltr'>δὲ</span> <span class='ocrx_word' id='word_1_398' title='bbox 2484 2437 2923 2507; x_wconf 77' lang='grc' dir='ltr'>πυνθανομένου,</span> <span class='ocrx_word' id='word_1_399' title='bbox 2987 2441 3083 2494; x_wconf 81' lang='grc' dir='ltr'><strong>καὶ</strong></span> <span class='ocrx_word' id='word_1_400' title='bbox 3116 2442 3385 2512; x_wconf 46' lang='lat' dir='ltr'><strong>Bal/(imre;</strong></span> <span class='ocrx_word' id='word_1_401' title='bbox 3435 2449 3636 2515; x_wconf 81' lang='grc' dir='ltr'>μαθεῖν</span> <span class='ocrx_word' id='word_1_402' title='bbox 3688 2450 3794 2520; x_wconf 73' lang='grc' dir='ltr'>τὴν</span> 
     </span>
    </p>
   </div>
   <div class='ocr_carea' id='block_1_55' title="bbox 2193 2528 3796 2608">
    <p class='ocr_par' dir='ltr' id='par_1_55' title="bbox 2193 2528 3796 2608">
     <span class='ocr_line' id='line_1_55' title="bbox 2193 2528 3796 2608; baseline 0.009 -29"><span class='ocrx_word' id='word_1_403' title='bbox 2193 2528 2403 2593; x_wconf 74' lang='grc' dir='ltr'>αἰτίαν,</span> <span class='ocrx_word' id='word_1_404' title='bbox 2462 2532 2729 2600; x_wconf 74' lang='grc' dir='ltr'><strong>κρύπτειν</strong></span> <span class='ocrx_word' id='word_1_405' title='bbox 2793 2533 2891 2601; x_wconf 66' lang='grc' dir='ltr'><strong>μὲν</strong></span> <span class='ocrx_word' id='word_1_406' title='bbox 2924 2531 3189 2602; x_wconf 65' lang='grc' dir='ltr'>ἠϐούλετο</span> <span class='ocrx_word' id='word_1_407' title='bbox 3248 2535 3309 2588; x_wconf 79' lang='grc' dir='ltr'>τὸ</span> <span class='ocrx_word' id='word_1_408' title='bbox 3362 2536 3648 2608; x_wconf 83' lang='grc' dir='ltr'>δαιμόνιον</span> <span class='ocrx_word' id='word_1_409' title='bbox 3694 2543 3796 2595; x_wconf 77' lang='grc' dir='ltr'><strong>καὶ</strong></span> 
     </span>
    </p>
   </div>
   <div class='ocr_carea' id='block_1_56' title="bbox 2192 2620 3795 2702">
    <p class='ocr_par' dir='ltr' id='par_1_56' title="bbox 2192 2620 3795 2702">
     <span class='ocr_line' id='line_1_56' title="bbox 2192 2620 3795 2702; baseline 0.008 -29"><span class='ocrx_word' id='word_1_410' title='bbox 2192 2620 2347 2695; x_wconf 76' lang='grc' dir='ltr'>πάσῃ</span> <span class='ocrx_word' id='word_1_411' title='bbox 2381 2626 2600 2694; x_wconf 83' lang='grc' dir='ltr'>μηχανῇ</span> <span class='ocrx_word' id='word_1_412' title='bbox 2632 2625 2880 2693; x_wconf 79' lang='grc' dir='ltr'>συγκαλύ</span> <span class='ocrx_word' id='word_1_413' title='bbox 2894 2642 3069 2681; x_wconf 84' lang='grc' dir='ltr'>πτειν.</span> <span class='ocrx_word' id='word_1_414' title='bbox 3100 2629 3189 2690; x_wconf 81' lang='grc' dir='ltr'>Ὠς</span> <span class='ocrx_word' id='word_1_415' title='bbox 3223 2629 3280 2683; x_wconf 83' lang='grc' dir='ltr'>δὲ</span> <span class='ocrx_word' id='word_1_416' title='bbox 3313 2630 3416 2684; x_wconf 80' lang='grc' dir='ltr'><strong>οὐκ</strong></span> <span class='ocrx_word' id='word_1_417' title='bbox 3440 2631 3613 2685; x_wconf 80' lang='grc' dir='ltr'>ἀνίειν</span> <span class='ocrx_word' id='word_1_418' title='bbox 3646 2634 3795 2702; x_wconf 84' lang='grc' dir='ltr'>ἐγὼ,</span> 
     </span>
    </p>
   </div>
   <div class='ocr_carea' id='block_1_57' title="bbox 2196 2714 3799 2798">
    <p class='ocr_par' dir='ltr' id='par_1_57' title="bbox 2196 2714 3799 2798">
     <span class='ocr_line' id='line_1_57' title="bbox 2196 2714 3799 2798; baseline 0.009 -32"><span class='ocrx_word' id='word_1_419' title='bbox 2196 2714 2352 2782; x_wconf 73' lang='grc' dir='ltr'>μόλις</span> <span class='ocrx_word' id='word_1_420' title='bbox 2386 2717 2517 2769; x_wconf 82' lang='grc' dir='ltr'><strong>ποτέ</strong></span> <span class='ocrx_word' id='word_1_421' title='bbox 2551 2717 2645 2770; x_wconf 76' lang='grc' dir='ltr'><strong>καὶ</strong></span> <span class='ocrx_word' id='word_1_422' title='bbox 2675 2718 2809 2772; x_wconf 82' lang='grc' dir='ltr'>ἄκον</span> <span class='ocrx_word' id='word_1_423' title='bbox 2840 2719 2888 2753; x_wconf 73' lang='grc'><strong>⁸⁹</strong></span> <span class='ocrx_word' id='word_1_424' title='bbox 2923 2722 3203 2791; x_wconf 73' lang='grc' dir='ltr'>ὁμολογεῖ,</span> <span class='ocrx_word' id='word_1_425' title='bbox 3233 2725 3330 2776; x_wconf 69' lang='grc' dir='ltr'><strong>καὶ</strong></span> <span class='ocrx_word' id='word_1_426' title='bbox 3379 2723 3440 2778; x_wconf 80' lang='grc' dir='ltr'>τὸ</span> <span class='ocrx_word' id='word_1_427' title='bbox 3472 2727 3799 2798; x_wconf 72' lang='grc' dir='ltr'>ἀπόρρητον</span> 
     </span>
    </p>
   </div>
   <div class='ocr_carea' id='block_1_58' title="bbox 2196 2808 3798 2891">
    <p class='ocr_par' dir='ltr' id='par_1_58' title="bbox 2196 2808 3798 2891">
     <span class='ocr_line' id='line_1_58' title="bbox 2196 2808 3798 2891; baseline 0.007 -32"><span class='ocrx_word' id='word_1_428' title='bbox 2196 2808 2560 2872; x_wconf 80' lang='grc' dir='ltr'>ἐκκαλύπτει,</span> <span class='ocrx_word' id='word_1_429' title='bbox 2616 2810 2853 2883; x_wconf 84' lang='grc' dir='ltr'>δύναμιν</span> <span class='ocrx_word' id='word_1_430' title='bbox 2904 2814 3062 2867; x_wconf 72' lang='grc' dir='ltr'>εἰπὸν</span> <span class='ocrx_word' id='word_1_431' title='bbox 3099 2812 3146 2847; x_wconf 72' lang='grc'><strong>⁸⁸</strong></span> <span class='ocrx_word' id='word_1_432' title='bbox 3191 2816 3343 2870; x_wconf 83' lang='grc' dir='ltr'>θείαν</span> <span class='ocrx_word' id='word_1_433' title='bbox 3396 2819 3701 2891; x_wconf 78' lang='grc' dir='ltr'>παράὑτῇ</span> <span class='ocrx_word' id='word_1_434' title='bbox 3749 2820 3798 2853; x_wconf 74' lang='grc'><strong>⁸⁸</strong></span> 
     </span>
    </p>
   </div>
   <div class='ocr_carea' id='block_1_59' title="bbox 2196 2895 3802 2985">
    <p class='ocr_par' dir='ltr' id='par_1_59' title="bbox 2196 2895 3802 2985">
     <span class='ocr_line' id='line_1_59' title="bbox 2196 2895 3802 2985; baseline 0.009 -32"><span class='ocrx_word' id='word_1_435' title='bbox 2196 2895 2360 2966; x_wconf 76' lang='grc' dir='ltr'>εἶναι,</span> <span class='ocrx_word' id='word_1_436' title='bbox 2397 2903 2492 2955; x_wconf 85' lang='grc' dir='ltr'>καί</span> <span class='ocrx_word' id='word_1_437' title='bbox 2517 2902 2626 2956; x_wconf 67' lang='lat' dir='ltr'><strong>Mat</strong></span> <span class='ocrx_word' id='word_1_438' title='bbox 2654 2922 2707 2957; x_wconf 92' lang='grc' dir='ltr'><strong>τι</strong></span> <span class='ocrx_word' id='word_1_439' title='bbox 2759 2910 2985 2977; x_wconf 88' lang='grc' dir='ltr'>σημεῖον</span> <span class='ocrx_word' id='word_1_440' title='bbox 3019 2909 3259 2979; x_wconf 79' lang='grc' dir='ltr'>φανῆναι</span> <span class='ocrx_word' id='word_1_441' title='bbox 3309 2910 3560 2981; x_wconf 69' lang='grc' dir='ltr'>φρικτὸν,</span> <span class='ocrx_word' id='word_1_442' title='bbox 3618 2908 3802 2985; x_wconf 72' lang='grc' dir='ltr'>οὗπερ</span> 
     </span>
    </p>
   </div>
   <div class='ocr_carea' id='block_1_60' title="bbox 2194 2994 3801 3078">
    <p class='ocr_par' dir='ltr' id='par_1_60' title="bbox 2194 2994 3801 3078">
     <span class='ocr_line' id='line_1_60' title="bbox 2194 2994 3801 3078; baseline 0.012 -34"><span class='ocrx_word' id='word_1_443' title='bbox 2194 2994 2317 3045; x_wconf 78' lang='grc' dir='ltr'>οὒδέ</span> <span class='ocrx_word' id='word_1_444' title='bbox 2350 2996 2523 3064; x_wconf 81' lang='grc' dir='ltr'>μόνην</span> <span class='ocrx_word' id='word_1_445' title='bbox 2554 2997 2747 3061; x_wconf 81' lang='grc' dir='ltr'>ἁπλῶς</span> <span class='ocrx_word' id='word_1_446' title='bbox 2792 3000 2896 3069; x_wconf 79' lang='grc' dir='ltr'><strong>τὴν</strong></span> <span class='ocrx_word' id='word_1_447' title='bbox 2931 3000 3070 3055; x_wconf 66' lang='grc' dir='ltr'>θέαν</span> <span class='ocrx_word' id='word_1_448' title='bbox 3132 3003 3398 3076; x_wconf 76' lang='grc' dir='ltr'><strong>ὑπέστην,</strong></span> <span class='ocrx_word' id='word_1_449' title='bbox 3446 3006 3585 3061; x_wconf 78' lang='grc' dir='ltr'>ἀλλὰ</span> <span class='ocrx_word' id='word_1_450' title='bbox 3614 3011 3801 3078; x_wconf 68' lang='grc' dir='ltr'>φυγὰς</span> 
     </span>
    </p>
   </div>
   <div class='ocr_carea' id='block_1_61' title="bbox 2197 3086 3803 3166">
    <p class='ocr_par' dir='ltr' id='par_1_61' title="bbox 2197 3086 3803 3166">
     <span class='ocr_line' id='line_1_61' title="bbox 2197 3086 3803 3166; baseline 0.012 -30"><span class='ocrx_word' id='word_1_451' title='bbox 2197 3086 2480 3156; x_wconf 73' lang='grc' dir='ltr'><strong>ἐπάνειμι.</strong></span> <span class='ocrx_word' id='word_1_452' title='bbox 2543 3089 2729 3153; x_wconf 73' lang='grc' dir='ltr'>Οὕτως</span> <span class='ocrx_word' id='word_1_453' title='bbox 2792 3093 3007 3146; x_wconf 80' lang='grc' dir='ltr'>ἐκείνου</span> <span class='ocrx_word' id='word_1_454' title='bbox 3062 3097 3570 3165; x_wconf 74' lang='grc' dir='ltr'><strong>καταγνωσθέντος,</strong></span> <span class='ocrx_word' id='word_1_455' title='bbox 3627 3103 3803 3166; x_wconf 77' lang='grc' dir='ltr'>αὐτὸς</span> 
     </span>
    </p>
   </div>
   <div class='ocr_carea' id='block_1_62' title="bbox 508 3159 2107 3264">
    <p class='ocr_par' dir='ltr' id='par_1_62' title="bbox 508 3159 2098 3239">
     <span class='ocr_line' id='line_1_62' title="bbox 508 3159 2098 3239; baseline 0.008 -28"><span class='ocrx_word' id='word_1_456' title='bbox 508 3159 741 3212; x_wconf 75' lang='lat' dir='ltr'><strong>rendam</strong></span> <span class='ocrx_word' id='word_1_457' title='bbox 776 3160 1096 3229; x_wconf 79' lang='lat' dir='ltr'><strong>apparuisse</strong></span> <span class='ocrx_word' id='word_1_458' title='bbox 1157 3162 1397 3231; x_wconf 86' lang='lat' dir='ltr'><strong>signum,</strong></span> <span class='ocrx_word' id='word_1_459' title='bbox 1440 3166 1597 3234; x_wconf 83' lang='lat' dir='ltr'><strong>cujus</strong></span> <span class='ocrx_word' id='word_1_460' title='bbox 1644 3180 1713 3220; x_wconf 87' lang='lat' dir='ltr'><strong>ne</strong></span> <span class='ocrx_word' id='word_1_461' title='bbox 1757 3167 1932 3222; x_wconf 91' lang='lat' dir='ltr'><strong>solum</strong></span> <span class='ocrx_word' id='word_1_462' title='bbox 1976 3171 2098 3239; x_wconf 89' lang='lat' dir='ltr'><strong>qui-</strong></span> 
     </span>
    </p>
   </div>
   <div class='ocr_carea' id='block_1_63' title="bbox 2194 3159 3802 3264">
    <p class='ocr_par' dir='ltr' id='par_1_63' title="bbox 2201 3159 3802 3264">
     <span class='ocr_line' id='line_1_63' title="bbox 2201 3159 3802 3264; baseline 0.009 -34"><span class='ocrx_word' id='word_1_463' title='bbox 2201 3181 2301 3232; x_wconf 78' lang='grc' dir='ltr'><strong>οὑκ</strong></span> <span class='ocrx_word' id='word_1_464' title='bbox 2324 3179 2566 3249; x_wconf 75' lang='grc' dir='ltr'>ἠμέλουν</span> <span class='ocrx_word' id='word_1_465' title='bbox 2592 3199 2606 3213; x_wconf 90' lang='grc'><strong>·</strong></span> <span class='ocrx_word' id='word_1_466' title='bbox 2637 3182 2775 3235; x_wconf 82' lang='grc' dir='ltr'>ἀλλὰ</span> <span class='ocrx_word' id='word_1_467' title='bbox 2798 3185 2889 3236; x_wconf 79' lang='grc' dir='ltr'><strong>καὶ</strong></span> <span class='ocrx_word' id='word_1_468' title='bbox 2911 3184 3102 3255; x_wconf 74' lang='grc' dir='ltr'>ἕτερον</span> <span class='ocrx_word' id='word_1_469' title='bbox 3128 3159 3371 3257; x_wconf 74' lang='grc' dir='ltr'>ἔπεμψα,</span> <span class='ocrx_word' id='word_1_470' title='bbox 3393 3191 3456 3259; x_wconf 84' lang='grc' dir='ltr'>τῇ</span> <span class='ocrx_word' id='word_1_471' title='bbox 3489 3159 3592 3258; x_wconf 54' lang='lat' dir='ltr'><strong>uel;</strong></span> <span class='ocrx_word' id='word_1_472' title='bbox 3618 3159 3802 3264; x_wconf 64' lang='grc' dir='ltr'>οἰήσει</span> 
     </span>
    </p>
   </div>
   <div class='ocr_carea' id='block_1_64' title="bbox 507 3249 2095 3329">
    <p class='ocr_par' dir='ltr' id='par_1_64' title="bbox 507 3249 2095 3329">
     <span class='ocr_line' id='line_1_64' title="bbox 507 3249 2095 3329; baseline 0.008 -26"><span class='ocrx_word' id='word_1_473' title='bbox 507 3249 633 3303; x_wconf 90' lang='lat' dir='ltr'><strong>dem</strong></span> <span class='ocrx_word' id='word_1_474' title='bbox 666 3251 929 3305; x_wconf 86' lang='lat' dir='ltr'><strong>sustinuit</strong></span> <span class='ocrx_word' id='word_1_475' title='bbox 955 3262 1264 3321; x_wconf 86' lang='lat' dir='ltr'><strong>aspectum,</strong></span> <span class='ocrx_word' id='word_1_476' title='bbox 1296 3256 1392 3308; x_wconf 85' lang='lat' dir='ltr'><strong>sed</strong></span> <span class='ocrx_word' id='word_1_477' title='bbox 1423 3256 1588 3311; x_wconf 87' lang='lat' dir='ltr'><strong>rediit</strong></span> <span class='ocrx_word' id='word_1_478' title='bbox 1614 3257 1846 3329; x_wconf 81' lang='lat' dir='ltr'><strong>fugiens.</strong></span> <span class='ocrx_word' id='word_1_479' title='bbox 1877 3260 1971 3316; x_wconf 84' lang='lat' dir='ltr'><strong>Sic</strong></span> <span class='ocrx_word' id='word_1_480' title='bbox 2002 3261 2095 3317; x_wconf 93' lang='lat' dir='ltr'><strong>illo</strong></span> 
     </span>
    </p>
   </div>
   <div class='ocr_carea' id='block_1_65' title="bbox 507 3341 2096 3421">
    <p class='ocr_par' dir='ltr' id='par_1_65' title="bbox 507 3341 2096 3421">
     <span class='ocr_line' id='line_1_65' title="bbox 507 3341 2096 3421; baseline 0.008 -26"><span class='ocrx_word' id='word_1_481' title='bbox 507 3341 894 3405; x_wconf 81' lang='lat' dir='ltr'><strong>condemnato,</strong></span> <span class='ocrx_word' id='word_1_482' title='bbox 963 3343 1081 3413; x_wconf 88' lang='lat' dir='ltr'><strong>ipse</strong></span> <span class='ocrx_word' id='word_1_483' title='bbox 1138 3361 1248 3399; x_wconf 86' lang='lat' dir='ltr'><strong>non</strong></span> <span class='ocrx_word' id='word_1_484' title='bbox 1310 3347 1384 3400; x_wconf 88' lang='lat' dir='ltr'><strong>fui</strong></span> <span class='ocrx_word' id='word_1_485' title='bbox 1432 3349 1738 3421; x_wconf 78' lang='lat' dir='ltr'><strong>negligens,</strong></span> <span class='ocrx_word' id='word_1_486' title='bbox 1789 3353 1884 3407; x_wconf 88' lang='lat' dir='ltr'><strong>sed</strong></span> <span class='ocrx_word' id='word_1_487' title='bbox 1930 3353 2096 3408; x_wconf 86' lang='lat' dir='ltr'><strong>alium</strong></span> 
     </span>
    </p>
   </div>
   <div class='ocr_carea' id='block_1_66' title="bbox 505 3435 2099 3512">
    <p class='ocr_par' dir='ltr' id='par_1_66' title="bbox 505 3435 2099 3512">
     <span class='ocr_line' id='line_1_66' title="bbox 505 3435 2099 3512; baseline 0.01 -26"><span class='ocrx_word' id='word_1_488' title='bbox 505 3448 725 3503; x_wconf 88' lang='lat' dir='ltr'><strong>quoque</strong></span> <span class='ocrx_word' id='word_1_489' title='bbox 774 3435 920 3497; x_wconf 89' lang='lat' dir='ltr'><strong>misi,</strong></span> <span class='ocrx_word' id='word_1_490' title='bbox 988 3435 1105 3505; x_wconf 90' lang='lat' dir='ltr'><strong>qui,</strong></span> <span class='ocrx_word' id='word_1_491' title='bbox 1162 3446 1225 3491; x_wconf 88' lang='lat' dir='ltr'><strong>ut</strong></span> <span class='ocrx_word' id='word_1_492' title='bbox 1279 3439 1627 3496; x_wconf 85' lang='lat' dir='ltr'><strong>existimabat</strong></span> <span class='ocrx_word' id='word_1_493' title='bbox 1677 3444 1920 3512; x_wconf 86' lang='lat' dir='ltr'><strong>quidem,</strong></span> <span class='ocrx_word' id='word_1_494' title='bbox 1976 3455 2099 3501; x_wconf 85' lang='lat' dir='ltr'><strong>erat</strong></span> 
     </span>
    </p>
   </div>
   <div class='ocr_carea' id='block_1_67' title="bbox 511 3518 2100 3592">
    <p class='ocr_par' dir='ltr' id='par_1_67' title="bbox 511 3518 2100 3592">
     <span class='ocr_line' id='line_1_67' title="bbox 511 3518 2100 3592; baseline 0.014 -22"><span class='ocrx_word' id='word_1_495' title='bbox 511 3519 679 3587; x_wconf 82' lang='lat' dir='ltr'><strong>priori</strong></span> <span class='ocrx_word' id='word_1_496' title='bbox 714 3518 877 3591; x_wconf 85' lang='lat' dir='ltr'><strong>longe</strong></span> <span class='ocrx_word' id='word_1_497' title='bbox 929 3521 1125 3577; x_wconf 87' lang='lat' dir='ltr'><strong>fortior</strong></span> <span class='ocrx_word' id='word_1_498' title='bbox 1155 3542 1168 3578; x_wconf 92' lang='lat'><strong>:</strong></span> <span class='ocrx_word' id='word_1_499' title='bbox 1207 3526 1414 3582; x_wconf 78' lang='lat' dir='ltr'><strong>viribus</strong></span> <span class='ocrx_word' id='word_1_500' title='bbox 1448 3538 1632 3583; x_wconf 88' lang='lat' dir='ltr'><strong>autem</strong></span> <span class='ocrx_word' id='word_1_501' title='bbox 1662 3533 1796 3586; x_wconf 89' lang='lat' dir='ltr'><strong>nihil</strong></span> <span class='ocrx_word' id='word_1_502' title='bbox 1842 3547 1959 3590; x_wconf 84' lang='lat' dir='ltr'><strong>erat</strong></span> <span class='ocrx_word' id='word_1_503' title='bbox 1992 3536 2100 3592; x_wconf 85' lang='lat' dir='ltr'><strong>dis-</strong></span> 
     </span>
    </p>
   </div>
   <div class='ocr_carea' id='block_1_68' title="bbox 506 3611 2097 3693">
    <p class='ocr_par' dir='ltr' id='par_1_68' title="bbox 506 3611 2097 3693">
     <span class='ocr_line' id='line_1_68' title="bbox 506 3611 2097 3693; baseline 0.011 -27"><span class='ocrx_word' id='word_1_504' title='bbox 506 3611 723 3668; x_wconf 82' lang='lat' dir='ltr'><strong>similis.</strong></span> <span class='ocrx_word' id='word_1_505' title='bbox 759 3611 893 3668; x_wconf 83' lang='lat' dir='ltr'><strong>Nam</strong></span> <span class='ocrx_word' id='word_1_506' title='bbox 952 3615 1044 3671; x_wconf 86' lang='lat' dir='ltr'><strong>ille</strong></span> <span class='ocrx_word' id='word_1_507' title='bbox 1099 3632 1318 3687; x_wconf 87' lang='lat' dir='ltr'><strong>quoque</strong></span> <span class='ocrx_word' id='word_1_508' title='bbox 1367 3634 1489 3673; x_wconf 91' lang='lat' dir='ltr'><strong>cum</strong></span> <span class='ocrx_word' id='word_1_509' title='bbox 1538 3623 1728 3677; x_wconf 88' lang='lat' dir='ltr'><strong>eadem</strong></span> <span class='ocrx_word' id='word_1_510' title='bbox 1765 3625 2011 3693; x_wconf 85' lang='lat' dir='ltr'><strong>vidisset,</strong></span> <span class='ocrx_word' id='word_1_511' title='bbox 2041 3638 2097 3684; x_wconf 91' lang='lat' dir='ltr'><strong>et</strong></span> 
     </span>
    </p>
   </div>
   <div class='ocr_carea' id='block_1_69' title="bbox 507 3703 2097 3783">
    <p class='ocr_par' dir='ltr' id='par_1_69' title="bbox 507 3703 2097 3783">
     <span class='ocr_line' id='line_1_69' title="bbox 507 3703 2097 3783; baseline 0.013 -28"><span class='ocrx_word' id='word_1_512' title='bbox 507 3717 700 3772; x_wconf 87' lang='lat' dir='ltr'><strong>passus</strong></span> <span class='ocrx_word' id='word_1_513' title='bbox 727 3703 942 3771; x_wconf 86' lang='lat' dir='ltr'><strong>fuisset,</strong></span> <span class='ocrx_word' id='word_1_514' title='bbox 981 3721 1238 3764; x_wconf 83' lang='lat' dir='ltr'><strong>reversus</strong></span> <span class='ocrx_word' id='word_1_515' title='bbox 1263 3720 1365 3766; x_wconf 89' lang='lat' dir='ltr'><strong>est.</strong></span> <span class='ocrx_word' id='word_1_516' title='bbox 1396 3710 1507 3783; x_wconf 81' lang='lat' dir='ltr'><strong>Ego</strong></span> <span class='ocrx_word' id='word_1_517' title='bbox 1539 3722 1721 3769; x_wconf 89' lang='lat' dir='ltr'><strong>autem</strong></span> <span class='ocrx_word' id='word_1_518' title='bbox 1765 3732 1879 3772; x_wconf 90' lang='lat' dir='ltr'><strong>rem</strong></span> <span class='ocrx_word' id='word_1_519' title='bbox 1915 3720 2097 3776; x_wconf 88' lang='lat' dir='ltr'><strong>adhuc</strong></span> 
     </span>
    </p>
   </div>
   <div class='ocr_carea' id='block_1_70' title="bbox 505 3793 2094 3882">
    <p class='ocr_par' dir='ltr' id='par_1_70' title="bbox 505 3793 2094 3882">
     <span class='ocr_line' id='line_1_70' title="bbox 505 3793 2094 3882; baseline 0.014 -35"><span class='ocrx_word' id='word_1_520' title='bbox 505 3793 700 3849; x_wconf 83' lang='lat' dir='ltr'><strong>volens</strong></span> <span class='ocrx_word' id='word_1_521' title='bbox 732 3796 902 3866; x_wconf 86' lang='lat' dir='ltr'><strong>magis</strong></span> <span class='ocrx_word' id='word_1_522' title='bbox 944 3799 1281 3866; x_wconf 78' lang='lat' dir='ltr'><strong>examinare,</strong></span> <span class='ocrx_word' id='word_1_523' title='bbox 1317 3804 1507 3860; x_wconf 90' lang='lat' dir='ltr'><strong>emitto</strong></span> <span class='ocrx_word' id='word_1_524' title='bbox 1560 3805 1739 3876; x_wconf 87' lang='lat' dir='ltr'><strong>ipsum</strong></span> <span class='ocrx_word' id='word_1_525' title='bbox 1787 3811 2094 3882; x_wconf 90' lang='lat' dir='ltr'><strong>principem</strong></span> 
     </span>
    </p>
   </div>
   <div class='ocr_carea' id='block_1_71' title="bbox 505 3886 2089 3975">
    <p class='ocr_par' dir='ltr' id='par_1_71' title="bbox 505 3886 2089 3975">
     <span class='ocr_line' id='line_1_71' title="bbox 505 3886 2089 3975; baseline 0.015 -35"><span class='ocrx_word' id='word_1_526' title='bbox 505 3886 931 3954; x_wconf 69' lang='lat' dir='ltr'><strong>daemoniorum,</strong></span> <span class='ocrx_word' id='word_1_527' title='bbox 964 3891 1182 3962; x_wconf 86' lang='lat' dir='ltr'><strong>ignaros</strong></span> <span class='ocrx_word' id='word_1_528' title='bbox 1212 3902 1269 3949; x_wconf 89' lang='lat' dir='ltr'><strong>et</strong></span> <span class='ocrx_word' id='word_1_529' title='bbox 1293 3896 1611 3967; x_wconf 82' lang='lat' dir='ltr'><strong>inexpertos</strong></span> <span class='ocrx_word' id='word_1_530' title='bbox 1644 3912 1936 3960; x_wconf 84' lang='lat' dir='ltr'><strong>vocantem</strong></span> <span class='ocrx_word' id='word_1_531' title='bbox 1971 3922 2089 3975; x_wconf 88' lang='lat' dir='ltr'><strong>eos,</strong></span> 
     </span>
    </p>
   </div>
   <div class='ocr_carea' id='block_1_72' title="bbox 504 3978 2096 4061">
    <p class='ocr_par' dir='ltr' id='par_1_72' title="bbox 504 3978 2096 4061">
     <span class='ocr_line' id='line_1_72' title="bbox 504 3978 2096 4061; baseline 0.016 -30"><span class='ocrx_word' id='word_1_532' title='bbox 504 3978 598 4046; x_wconf 84' lang='lat' dir='ltr'><strong>qui</strong></span> <span class='ocrx_word' id='word_1_533' title='bbox 623 3979 774 4048; x_wconf 86' lang='lat' dir='ltr'><strong>prius</strong></span> <span class='ocrx_word' id='word_1_534' title='bbox 807 3980 960 4037; x_wconf 87' lang='lat' dir='ltr'><strong>missi</strong></span> <span class='ocrx_word' id='word_1_535' title='bbox 1003 3983 1242 4052; x_wconf 82' lang='lat' dir='ltr'><strong>fuerant,</strong></span> <span class='ocrx_word' id='word_1_536' title='bbox 1272 3996 1327 4041; x_wconf 89' lang='lat' dir='ltr'><strong>et</strong></span> <span class='ocrx_word' id='word_1_537' title='bbox 1372 3991 1463 4058; x_wconf 91' lang='lat' dir='ltr'><strong>qui</strong></span> <span class='ocrx_word' id='word_1_538' title='bbox 1515 3993 1683 4048; x_wconf 85' lang='lat' dir='ltr'><strong>nullis</strong></span> <span class='ocrx_word' id='word_1_539' title='bbox 1724 3994 1959 4061; x_wconf 86' lang='lat' dir='ltr'><strong>insidiis,</strong></span> <span class='ocrx_word' id='word_1_540' title='bbox 1992 4014 2096 4056; x_wconf 88' lang='lat' dir='ltr'><strong>nec</strong></span> 
     </span>
    </p>
   </div>
   <div class='ocr_carea' id='block_1_73' title="bbox 508 4068 2096 4155">
    <p class='ocr_par' dir='ltr' id='par_1_73' title="bbox 508 4068 2096 4155">
     <span class='ocr_line' id='line_1_73' title="bbox 508 4068 2096 4155; baseline 0.015 -33"><span class='ocrx_word' id='word_1_541' title='bbox 508 4068 616 4122; x_wconf 87' lang='lat' dir='ltr'><strong>ulla</strong></span> <span class='ocrx_word' id='word_1_542' title='bbox 643 4080 762 4124; x_wconf 87' lang='lat' dir='ltr'><strong>arte</strong></span> <span class='ocrx_word' id='word_1_543' title='bbox 797 4074 871 4125; x_wconf 89' lang='lat' dir='ltr'><strong>uti</strong></span> <span class='ocrx_word' id='word_1_544' title='bbox 908 4074 1117 4130; x_wconf 86' lang='lat' dir='ltr'><strong>scirent</strong></span> <span class='ocrx_word' id='word_1_545' title='bbox 1159 4077 1225 4131; x_wconf 87' lang='lat' dir='ltr'><strong>ad</strong></span> <span class='ocrx_word' id='word_1_546' title='bbox 1273 4088 1513 4136; x_wconf 88' lang='lat' dir='ltr'><strong>mentem</strong></span> <span class='ocrx_word' id='word_1_547' title='bbox 1541 4083 1921 4155; x_wconf 87' lang='lat' dir='ltr'><strong>decipiendam</strong></span> <span class='ocrx_word' id='word_1_548' title='bbox 1962 4107 1976 4143; x_wconf 76' lang='grc' dir='ltr'>ε</span> <span class='ocrx_word' id='word_1_549' title='bbox 2007 4105 2096 4146; x_wconf 83' lang='lat' dir='ltr'><strong>me</strong></span> 
     </span>
    </p>
   </div>
   <div class='ocr_carea' id='block_1_74' title="bbox 504 4162 2094 4251">
    <p class='ocr_par' dir='ltr' id='par_1_74' title="bbox 504 4162 2094 4251">
     <span class='ocr_line' id='line_1_74' title="bbox 504 4162 2094 4251; baseline 0.015 -38"><span class='ocrx_word' id='word_1_550' title='bbox 504 4169 693 4215; x_wconf 74' lang='lat' dir='ltr'><strong>autem</strong></span> <span class='ocrx_word' id='word_1_551' title='bbox 726 4162 873 4217; x_wconf 80' lang='lat' dir='ltr'><strong>bona</strong></span> <span class='ocrx_word' id='word_1_552' title='bbox 900 4180 997 4235; x_wconf 90' lang='lat' dir='ltr'><strong>spe</strong></span> <span class='ocrx_word' id='word_1_553' title='bbox 1035 4167 1317 4238; x_wconf 82' lang='lat' dir='ltr'><strong>implebat,</strong></span> <span class='ocrx_word' id='word_1_554' title='bbox 1349 4173 1494 4242; x_wconf 90' lang='lat' dir='ltr'><strong>quod</strong></span> <span class='ocrx_word' id='word_1_555' title='bbox 1535 4183 1592 4229; x_wconf 88' lang='lat' dir='ltr'><strong>et</strong></span> <span class='ocrx_word' id='word_1_556' title='bbox 1628 4177 1892 4247; x_wconf 87' lang='lat' dir='ltr'><strong>virginem</strong></span> <span class='ocrx_word' id='word_1_557' title='bbox 1919 4194 2094 4251; x_wconf 84' lang='lat' dir='ltr'><strong>expu-</strong></span> 
     </span>
    </p>
   </div>
   <div class='ocr_carea' id='block_1_75' title="bbox 506 4259 2096 4334">
    <p class='ocr_par' dir='ltr' id='par_1_75' title="bbox 506 4259 2096 4334">
     <span class='ocr_line' id='line_1_75' title="bbox 506 4259 2096 4334; baseline 0.016 -29"><span class='ocrx_word' id='word_1_558' title='bbox 506 4262 720 4322; x_wconf 85' lang='lat' dir='ltr'><strong>gnaret,</strong></span> <span class='ocrx_word' id='word_1_559' title='bbox 749 4267 804 4309; x_wconf 85' lang='lat' dir='ltr'><strong>et</strong></span> <span class='ocrx_word' id='word_1_560' title='bbox 832 4271 974 4323; x_wconf 85' lang='lat' dir='ltr'><strong>eam,</strong></span> <span class='ocrx_word' id='word_1_561' title='bbox 1008 4259 1098 4313; x_wconf 90' lang='lat' dir='ltr'><strong>cui</strong></span> <span class='ocrx_word' id='word_1_562' title='bbox 1124 4262 1341 4330; x_wconf 86' lang='lat' dir='ltr'><strong>vellem,</strong></span> <span class='ocrx_word' id='word_1_563' title='bbox 1372 4266 1619 4334; x_wconf 85' lang='lat' dir='ltr'><strong>quolibet</strong></span> <span class='ocrx_word' id='word_1_564' title='bbox 1660 4268 1871 4325; x_wconf 88' lang='lat' dir='ltr'><strong>facilius</strong></span> <span class='ocrx_word' id='word_1_565' title='bbox 1900 4275 2096 4330; x_wconf 86' lang='lat' dir='ltr'><strong>redde-</strong></span> 
     </span>
    </p>
   </div>
   <div class='ocr_carea' id='block_1_76' title="bbox 510 4345 2093 4434">
    <p class='ocr_par' dir='ltr' id='par_1_76' title="bbox 510 4345 2093 4434">
     <span class='ocr_line' id='line_1_76' title="bbox 510 4345 2093 4434; baseline 0.017 -39"><span class='ocrx_word' id='word_1_566' title='bbox 510 4352 595 4397; x_wconf 87' lang='lat' dir='ltr'><strong>ret</strong></span> <span class='ocrx_word' id='word_1_567' title='bbox 642 4345 988 4418; x_wconf 87' lang='lat' dir='ltr'><strong>morigeram.</strong></span> <span class='ocrx_word' id='word_1_568' title='bbox 1024 4350 1317 4424; x_wconf 88' lang='lat' dir='ltr'><strong>Postquam</strong></span> <span class='ocrx_word' id='word_1_569' title='bbox 1363 4366 1546 4412; x_wconf 89' lang='lat' dir='ltr'><strong>autem</strong></span> <span class='ocrx_word' id='word_1_570' title='bbox 1580 4359 1697 4429; x_wconf 87' lang='lat' dir='ltr'><strong>ipse</strong></span> <span class='ocrx_word' id='word_1_571' title='bbox 1734 4378 1947 4434; x_wconf 87' lang='lat' dir='ltr'><strong>quoque</strong></span> <span class='ocrx_word' id='word_1_572' title='bbox 1972 4381 2093 4422; x_wconf 84' lang='lat' dir='ltr'><strong>eum</strong></span> 
     </span>
    </p>
   </div>
   <div class='ocr_carea' id='block_1_77' title="bbox 508 4441 2090 4522">
    <p class='ocr_par' dir='ltr' id='par_1_77' title="bbox 508 4441 2090 4522">
     <span class='ocr_line' id='line_1_77' title="bbox 508 4441 2090 4522; baseline 0.016 -36"><span class='ocrx_word' id='word_1_573' title='bbox 508 4441 595 4488; x_wconf 87' lang='lat' dir='ltr'><strong>est</strong></span> <span class='ocrx_word' id='word_1_574' title='bbox 624 4450 938 4506; x_wconf 80' lang='lat' dir='ltr'><strong>aggressus,</strong></span> <span class='ocrx_word' id='word_1_575' title='bbox 986 4442 1118 4510; x_wconf 91' lang='lat' dir='ltr'><strong>quid</strong></span> <span class='ocrx_word' id='word_1_576' title='bbox 1154 4444 1373 4513; x_wconf 88' lang='lat' dir='ltr'><strong>quidem</strong></span> <span class='ocrx_word' id='word_1_577' title='bbox 1405 4463 1516 4501; x_wconf 88' lang='lat' dir='ltr'><strong>non</strong></span> <span class='ocrx_word' id='word_1_578' title='bbox 1553 4450 1714 4513; x_wconf 73' lang='lat' dir='ltr'><strong>dixit,</strong></span> <span class='ocrx_word' id='word_1_579' title='bbox 1745 4455 1874 4522; x_wconf 86' lang='lat' dir='ltr'><strong>quid</strong></span> <span class='ocrx_word' id='word_1_580' title='bbox 1909 4466 2090 4512; x_wconf 91' lang='lat' dir='ltr'><strong>autem</strong></span> 
     </span>
    </p>
   </div>
   <div class='ocr_carea' id='block_1_78' title="bbox 2201 3270 3800 3351">
    <p class='ocr_par' dir='ltr' id='par_1_78' title="bbox 2201 3270 3800 3351">
     <span class='ocr_line' id='line_1_78' title="bbox 2201 3270 3800 3351; baseline 0.01 -31"><span class='ocrx_word' id='word_1_581' title='bbox 2201 3270 2383 3339; x_wconf 86' lang='grc' dir='ltr'>πολλῴ</span> <span class='ocrx_word' id='word_1_582' title='bbox 2416 3272 2511 3323; x_wconf 86' lang='grc' dir='ltr'><strong>τοῦ</strong></span> <span class='ocrx_word' id='word_1_583' title='bbox 2544 3273 2914 3344; x_wconf 76' lang='grc' dir='ltr'>προλαϐόντος</span> <span class='ocrx_word' id='word_1_584' title='bbox 2940 3277 3323 3349; x_wconf 78' lang='grc' dir='ltr'>ἰσχυρότερον,</span> <span class='ocrx_word' id='word_1_585' title='bbox 3375 3283 3440 3351; x_wconf 83' lang='grc' dir='ltr'>τῇ</span> <span class='ocrx_word' id='word_1_586' title='bbox 3473 3280 3717 3351; x_wconf 77' lang='grc' dir='ltr'><strong>δυνάμει</strong></span> <span class='ocrx_word' id='word_1_587' title='bbox 3742 3283 3800 3336; x_wconf 73' lang='grc' dir='ltr'>δὲ</span> 
     </span>
    </p>
   </div>
   <div class='ocr_carea' id='block_1_79' title="bbox 2199 3359 3803 3437">
    <p class='ocr_par' dir='ltr' id='par_1_79' title="bbox 2199 3359 3803 3437">
     <span class='ocr_line' id='line_1_79' title="bbox 2199 3359 3803 3437; baseline 0.011 -26"><span class='ocrx_word' id='word_1_588' title='bbox 2199 3359 2322 3412; x_wconf 84' lang='grc' dir='ltr'>κατ’</span> <span class='ocrx_word' id='word_1_589' title='bbox 2345 3361 2501 3413; x_wconf 71' lang='grc' dir='ltr'>οὐδὲν</span> <span class='ocrx_word' id='word_1_590' title='bbox 2522 3364 2788 3431; x_wconf 82' lang='grc' dir='ltr'>ἀνόμοιον</span> <span class='ocrx_word' id='word_1_591' title='bbox 2815 3381 2830 3396; x_wconf 78' lang='grc' dir='ltr'><strong><em>ο</em></strong></span> <span class='ocrx_word' id='word_1_592' title='bbox 2859 3367 2928 3419; x_wconf 76' lang='grc' dir='ltr'><strong>τὰ</strong></span> <span class='ocrx_word' id='word_1_593' title='bbox 2957 3368 3068 3437; x_wconf 76' lang='grc' dir='ltr'><strong>γὰρ</strong></span> <span class='ocrx_word' id='word_1_594' title='bbox 3098 3369 3241 3422; x_wconf 77' lang='grc' dir='ltr'>αὐτὰ</span> <span class='ocrx_word' id='word_1_595' title='bbox 3273 3372 3528 3429; x_wconf 59' lang='grc' dir='ltr'>κάκεῖνα</span> <span class='ocrx_word' id='word_1_596' title='bbox 3576 3374 3705 3426; x_wconf 80' lang='grc' dir='ltr'>ἰδών</span> <span class='ocrx_word' id='word_1_597' title='bbox 3740 3391 3803 3428; x_wconf 78' lang='grc' dir='ltr'><strong>τε</strong></span> 
     </span>
    </p>
   </div>
   <div class='ocr_carea' id='block_1_80' title="bbox 2199 3451 3805 3533">
    <p class='ocr_par' dir='ltr' id='par_1_80' title="bbox 2199 3451 3805 3533">
     <span class='ocr_line' id='line_1_80' title="bbox 2199 3451 3805 3533; baseline 0.009 -28"><span class='ocrx_word' id='word_1_598' title='bbox 2199 3454 2295 3506; x_wconf 73' lang='grc' dir='ltr'><strong>καὶ</strong></span> <span class='ocrx_word' id='word_1_599' title='bbox 2350 3451 2543 3507; x_wconf 82' lang='grc' dir='ltr'>παθὼν</span> <span class='ocrx_word' id='word_1_600' title='bbox 2608 3454 2922 3525; x_wconf 72' lang='grc' dir='ltr'>ἐπανῆκενο</span> <span class='ocrx_word' id='word_1_601' title='bbox 2976 3458 3088 3525; x_wconf 86' lang='grc' dir='ltr'><strong>ἐγὼ</strong></span> <span class='ocrx_word' id='word_1_602' title='bbox 3114 3459 3170 3512; x_wconf 74' lang='grc' dir='ltr'>δὲ</span> <span class='ocrx_word' id='word_1_603' title='bbox 3217 3462 3316 3514; x_wconf 77' lang='grc' dir='ltr'><strong>καὶ</strong></span> <span class='ocrx_word' id='word_1_604' title='bbox 3348 3461 3431 3515; x_wconf 75' lang='grc' dir='ltr'><strong>ἔτι</strong></span> <span class='ocrx_word' id='word_1_605' title='bbox 3482 3462 3713 3533; x_wconf 63' lang='grc' dir='ltr'>βασάνῳ</span> <span class='ocrx_word' id='word_1_606' title='bbox 3738 3468 3805 3520; x_wconf 82' lang='grc' dir='ltr'>τὸ</span> 
     </span>
    </p>
   </div>
   <div class='ocr_carea' id='block_1_81' title="bbox 2198 3543 3803 3622">
    <p class='ocr_par' dir='ltr' id='par_1_81' title="bbox 2198 3543 3803 3622">
     <span class='ocr_line' id='line_1_81' title="bbox 2198 3543 3803 3622; baseline 0.009 -27"><span class='ocrx_word' id='word_1_607' title='bbox 2198 3545 2439 3614; x_wconf 80' lang='grc' dir='ltr'>πρᾶγμα</span> <span class='ocrx_word' id='word_1_608' title='bbox 2470 3543 2669 3611; x_wconf 80' lang='grc' dir='ltr'>διδοὺς,</span> <span class='ocrx_word' id='word_1_609' title='bbox 2701 3546 2869 3601; x_wconf 78' lang='grc' dir='ltr'>αὐτὸν</span> <span class='ocrx_word' id='word_1_610' title='bbox 2892 3550 3107 3602; x_wconf 86' lang='grc' dir='ltr'>ἐκεῖνον</span> <span class='ocrx_word' id='word_1_611' title='bbox 3148 3550 3240 3603; x_wconf 74' lang='grc' dir='ltr'><strong>τὸν</strong></span> <span class='ocrx_word' id='word_1_612' title='bbox 3264 3553 3504 3622; x_wconf 80' lang='grc' dir='ltr'>ἄρχοντα</span> <span class='ocrx_word' id='word_1_613' title='bbox 3538 3556 3651 3606; x_wconf 82' lang='grc' dir='ltr'>τῶν</span> <span class='ocrx_word' id='word_1_614' title='bbox 3680 3556 3803 3608; x_wconf 83' lang='grc' dir='ltr'>δαι-</span> 
     </span>
    </p>
   </div>
   <div class='ocr_carea' id='block_1_82' title="bbox 2201 3635 3800 3715">
    <p class='ocr_par' dir='ltr' id='par_1_82' title="bbox 2201 3635 3800 3715">
     <span class='ocr_line' id='line_1_82' title="bbox 2201 3635 3800 3715; baseline 0.009 -29"><span class='ocrx_word' id='word_1_615' title='bbox 2201 3635 2382 3705; x_wconf 79' lang='grc' dir='ltr'>μόνων</span> <span class='ocrx_word' id='word_1_616' title='bbox 2411 3636 2456 3667; x_wconf 74' lang='grc' dir='ltr'><strong>δ’</strong></span> <span class='ocrx_word' id='word_1_617' title='bbox 2482 3637 2774 3705; x_wconf 71' lang='grc' dir='ltr'>ἐκπέμπεν,</span> <span class='ocrx_word' id='word_1_618' title='bbox 2811 3639 3051 3709; x_wconf 83' lang='grc' dir='ltr'>ἀμαθεῖς</span> <span class='ocrx_word' id='word_1_619' title='bbox 3082 3643 3180 3695; x_wconf 65' lang='grc' dir='ltr'>καλ.</span> <span class='ocrx_word' id='word_1_620' title='bbox 3206 3645 3506 3714; x_wconf 80' lang='grc' dir='ltr'>νηπιώδεις</span> <span class='ocrx_word' id='word_1_621' title='bbox 3537 3647 3664 3709; x_wconf 67' lang='grc' dir='ltr'>τοὺς</span> <span class='ocrx_word' id='word_1_622' title='bbox 3686 3647 3800 3715; x_wconf 73' lang='grc' dir='ltr'><strong>πρὸ</strong></span> 
     </span>
    </p>
   </div>
   <div class='ocr_carea' id='block_1_83' title="bbox 2198 3728 3791 3799">
    <p class='ocr_par' dir='ltr' id='par_1_83' title="bbox 2198 3728 3791 3799">
     <span class='ocr_line' id='line_1_83' title="bbox 2198 3728 3791 3799; baseline 0.006 -18"><span class='ocrx_word' id='word_1_623' title='bbox 2198 3728 2367 3782; x_wconf 80' lang='grc' dir='ltr'>αὐτοῦ</span> <span class='ocrx_word' id='word_1_624' title='bbox 2395 3728 2758 3799; x_wconf 71' lang='grc' dir='ltr'>πεμφθέντας</span> <span class='ocrx_word' id='word_1_625' title='bbox 2787 3734 3202 3798; x_wconf 79' lang='grc' dir='ltr'>ἀποκαλοῦντα,</span> <span class='ocrx_word' id='word_1_626' title='bbox 3239 3738 3337 3790; x_wconf 82' lang='grc' dir='ltr'><strong>καὶ</strong></span> <span class='ocrx_word' id='word_1_627' title='bbox 3383 3740 3540 3791; x_wconf 83' lang='grc' dir='ltr'>οὐδὲν</span> <span class='ocrx_word' id='word_1_628' title='bbox 3568 3739 3791 3790; x_wconf 79' lang='grc' dir='ltr'>ἐπίκλο-</span> 
     </span>
    </p>
   </div>
   <div class='ocr_carea' id='block_1_84' title="bbox 2198 3821 3790 3898">
    <p class='ocr_par' dir='ltr' id='par_1_84' title="bbox 2198 3821 3790 3898">
     <span class='ocr_line' id='line_1_84' title="bbox 2198 3821 3790 3898; baseline 0.007 -25"><span class='ocrx_word' id='word_1_629' title='bbox 2198 3836 2300 3874; x_wconf 82' lang='grc' dir='ltr'><strong>πον</strong></span> <span class='ocrx_word' id='word_1_630' title='bbox 2329 3821 2397 3887; x_wconf 77' lang='lat'><strong>”,</strong></span> <span class='ocrx_word' id='word_1_631' title='bbox 2444 3824 2570 3876; x_wconf 72' lang='grc' dir='ltr'>οὐδὲ</span> <span class='ocrx_word' id='word_1_632' title='bbox 2626 3824 2879 3892; x_wconf 81' lang='grc' dir='ltr'>τεχνικὸν</span> <span class='ocrx_word' id='word_1_633' title='bbox 2936 3826 3073 3895; x_wconf 78' lang='grc' dir='ltr'>πρὸς</span> <span class='ocrx_word' id='word_1_634' title='bbox 3105 3829 3324 3898; x_wconf 82' lang='grc' dir='ltr'><strong>φρενῶν</strong></span> <span class='ocrx_word' id='word_1_635' title='bbox 3359 3829 3582 3897; x_wconf 78' lang='grc' dir='ltr'>ἀπάτην</span> <span class='ocrx_word' id='word_1_636' title='bbox 3615 3834 3790 3884; x_wconf 81' lang='grc' dir='ltr'>ποιεῖν</span> 
     </span>
    </p>
   </div>
   <div class='ocr_carea' id='block_1_85' title="bbox 2196 3916 3797 3994">
    <p class='ocr_par' dir='ltr' id='par_1_85' title="bbox 2196 3916 3797 3994">
     <span class='ocr_line' id='line_1_85' title="bbox 2196 3916 3797 3994; baseline 0.005 -25"><span class='ocrx_word' id='word_1_637' title='bbox 2196 3916 2561 3987; x_wconf 81' lang='grc' dir='ltr'>δυναμένους,</span> <span class='ocrx_word' id='word_1_638' title='bbox 2583 3919 2686 3988; x_wconf 81' lang='grc' dir='ltr'>ἐμὲ</span> <span class='ocrx_word' id='word_1_639' title='bbox 2712 3919 2767 3972; x_wconf 82' lang='grc' dir='ltr'><strong>δέ</strong></span> <span class='ocrx_word' id='word_1_640' title='bbox 2795 3920 3056 3990; x_wconf 83' lang='grc' dir='ltr'>χρηστῶν</span> <span class='ocrx_word' id='word_1_641' title='bbox 3111 3922 3349 3977; x_wconf 79' lang='grc' dir='ltr'>ἐλπίδων</span> <span class='ocrx_word' id='word_1_642' title='bbox 3384 3924 3657 3994; x_wconf 73' lang='grc' dir='ltr'>ἐπλήρου,</span> <span class='ocrx_word' id='word_1_643' title='bbox 3698 3926 3797 3978; x_wconf 68' lang='grc' dir='ltr'>καὶ</span> 
     </span>
    </p>
   </div>
   <div class='ocr_carea' id='block_1_86' title="bbox 2197 4005 3798 4088">
    <p class='ocr_par' dir='ltr' id='par_1_86' title="bbox 2197 4005 3798 4088">
     <span class='ocr_line' id='line_1_86' title="bbox 2197 4005 3798 4088; baseline 0.007 -29"><span class='ocrx_word' id='word_1_644' title='bbox 2197 4005 2258 4059; x_wconf 82' lang='grc' dir='ltr'>τὸ</span> <span class='ocrx_word' id='word_1_645' title='bbox 2277 4007 2375 4077; x_wconf 82' lang='grc' dir='ltr'><strong>τὴν</strong></span> <span class='ocrx_word' id='word_1_646' title='bbox 2402 4009 2675 4079; x_wconf 87' lang='grc' dir='ltr'>παρθένον</span> <span class='ocrx_word' id='word_1_647' title='bbox 2706 4009 2870 4076; x_wconf 77' lang='grc' dir='ltr'>ἑλεῖν,</span> <span class='ocrx_word' id='word_1_648' title='bbox 2895 4013 2991 4065; x_wconf 81' lang='grc' dir='ltr'><strong>καὶ</strong></span> <span class='ocrx_word' id='word_1_649' title='bbox 3022 4006 3066 4081; x_wconf 83' lang='grc' dir='ltr'>ᾧ</span> <span class='ocrx_word' id='word_1_650' title='bbox 3099 4013 3363 4085; x_wconf 82' lang='grc' dir='ltr'>βούλομαι</span> <span class='ocrx_word' id='word_1_651' title='bbox 3398 4016 3599 4070; x_wconf 79' lang='grc' dir='ltr'>θᾶττον</span> <span class='ocrx_word' id='word_1_652' title='bbox 3619 4018 3798 4088; x_wconf 77' lang='grc' dir='ltr'>αὐτὴν</span> 
     </span>
    </p>
   </div>
   <div class='ocr_carea' id='block_1_87' title="bbox 2196 4101 3795 4183">
    <p class='ocr_par' dir='ltr' id='par_1_87' title="bbox 2196 4101 3795 4183">
     <span class='ocr_line' id='line_1_87' title="bbox 2196 4101 3795 4183; baseline 0.008 -31"><span class='ocrx_word' id='word_1_653' title='bbox 2196 4101 2507 4170; x_wconf 83' lang='grc' dir='ltr'>καταπειθῆ</span> <span class='ocrx_word' id='word_1_654' title='bbox 2535 4101 2583 4133; x_wconf 77' lang='grc'><strong>⁸⁸</strong></span> <span class='ocrx_word' id='word_1_655' title='bbox 2614 4102 2807 4168; x_wconf 81' lang='grc' dir='ltr'>δεῖξαι,</span> <span class='ocrx_word' id='word_1_656' title='bbox 2836 4106 2981 4167; x_wconf 81' lang='grc' dir='ltr'>τίνος</span> <span class='ocrx_word' id='word_1_657' title='bbox 3005 4107 3105 4159; x_wconf 78' lang='grc' dir='ltr'><strong>οὐκ</strong></span> <span class='ocrx_word' id='word_1_658' title='bbox 3137 4106 3326 4176; x_wconf 77' lang='grc' dir='ltr'>ἔλεγεν</span> <span class='ocrx_word' id='word_1_659' title='bbox 3354 4110 3795 4183; x_wconf 71' lang='grc' dir='ltr'>εὐχερέστερονς</span> 
     </span>
    </p>
   </div>
   <div class='ocr_carea' id='block_1_88' title="bbox 2212 4183 3797 4272">
    <p class='ocr_par' dir='ltr' id='par_1_88' title="bbox 2212 4183 3797 4272">
     <span class='ocr_line' id='line_1_88' title="bbox 2212 4183 3797 4272; baseline 0.009 -29"><span class='ocrx_word' id='word_1_660' title='bbox 2212 4183 2363 4243; x_wconf 77' lang='grc' dir='ltr'><strong>Ἐπεὶ</strong></span> <span class='ocrx_word' id='word_1_661' title='bbox 2393 4191 2451 4243; x_wconf 71' lang='grc' dir='ltr'><strong>δέ</strong></span> <span class='ocrx_word' id='word_1_662' title='bbox 2481 4193 2576 4244; x_wconf 75' lang='grc' dir='ltr'>καὶ</span> <span class='ocrx_word' id='word_1_663' title='bbox 2601 4193 2764 4256; x_wconf 76' lang='grc' dir='ltr'>αὐτὸς</span> <span class='ocrx_word' id='word_1_664' title='bbox 2787 4196 3130 4264; x_wconf 78' lang='grc' dir='ltr'>προσέϐαλεν</span> <span class='ocrx_word' id='word_1_665' title='bbox 3160 4198 3436 4264; x_wconf 85' lang='grc' dir='ltr'>ἀπελθὼν,</span> <span class='ocrx_word' id='word_1_666' title='bbox 3469 4201 3525 4253; x_wconf 83' lang='grc' dir='ltr'><strong>τί</strong></span> <span class='ocrx_word' id='word_1_667' title='bbox 3557 4201 3664 4272; x_wconf 84' lang='grc' dir='ltr'><strong>μὲν</strong></span> <span class='ocrx_word' id='word_1_668' title='bbox 3694 4207 3797 4257; x_wconf 76' lang='grc' dir='ltr'><strong>οὐκ</strong></span> 
     </span>
    </p>
   </div>
   <div class='ocr_carea' id='block_1_89' title="bbox 2197 4285 3793 4367">
    <p class='ocr_par' dir='ltr' id='par_1_89' title="bbox 2197 4285 3793 4367">
     <span class='ocr_line' id='line_1_89' title="bbox 2197 4285 3793 4367; baseline 0.01 -30"><span class='ocrx_word' id='word_1_669' title='bbox 2197 4285 2379 4351; x_wconf 73' lang='grc' dir='ltr'>ἐλεξες</span> <span class='ocrx_word' id='word_1_670' title='bbox 2414 4286 2469 4339; x_wconf 86' lang='grc' dir='ltr'><strong>τί</strong></span> <span class='ocrx_word' id='word_1_671' title='bbox 2495 4288 2552 4340; x_wconf 82' lang='grc' dir='ltr'>δὲ</span> <span class='ocrx_word' id='word_1_672' title='bbox 2578 4289 2679 4340; x_wconf 81' lang='grc' dir='ltr'><strong>οὑκ</strong></span> <span class='ocrx_word' id='word_1_673' title='bbox 2710 4289 2911 4359; x_wconf 71' lang='grc' dir='ltr'>ἔδρασε</span> <span class='ocrx_word' id='word_1_674' title='bbox 2955 4291 3063 4344; x_wconf 86' lang='grc' dir='ltr'><strong>τῶν</strong></span> <span class='ocrx_word' id='word_1_675' title='bbox 3089 4294 3399 4361; x_wconf 76' lang='grc' dir='ltr'>ἐπάγεσθαι</span> <span class='ocrx_word' id='word_1_676' title='bbox 3426 4296 3793 4367; x_wconf 66' lang='grc' dir='ltr'>δυναμένωνς</span> 
     </span>
    </p>
   </div>
   <div class='ocr_carea' id='block_1_90' title="bbox 2196 4379 3795 4465">
    <p class='ocr_par' dir='ltr' id='par_1_90' title="bbox 2196 4379 3795 4465">
     <span class='ocr_line' id='line_1_90' title="bbox 2196 4379 3795 4465; baseline 0.011 -34"><span class='ocrx_word' id='word_1_677' title='bbox 2196 4381 2351 4432; x_wconf 84' lang='grc' dir='ltr'>ποῖον</span> <span class='ocrx_word' id='word_1_678' title='bbox 2382 4379 2438 4433; x_wconf 78' lang='grc' dir='ltr'>δὲ</span> <span class='ocrx_word' id='word_1_679' title='bbox 2461 4381 2680 4453; x_wconf 78' lang='grc' dir='ltr'>ἀπάτης</span> <span class='ocrx_word' id='word_1_680' title='bbox 2711 4383 2964 4436; x_wconf 79' lang='grc' dir='ltr'>ἐνέλιπεν</span> <span class='ocrx_word' id='word_1_681' title='bbox 2993 4383 3040 4415; x_wconf 81' lang='grc'><strong><em>⁵⁸</em></strong></span> <span class='ocrx_word' id='word_1_682' title='bbox 3073 4381 3254 4452; x_wconf 71' lang='grc' dir='ltr'>εἷδος;</span> <span class='ocrx_word' id='word_1_683' title='bbox 3308 4387 3571 4443; x_wconf 77' lang='grc' dir='ltr'>’Ἃπαντα</span> <span class='ocrx_word' id='word_1_684' title='bbox 3596 4394 3795 4465; x_wconf 72' lang='grc' dir='ltr'>ἐκείνη</span> 
     </span>
    </p>
   </div>
   <div class='ocr_carea' id='block_1_91' title="bbox 2202 4472 3797 4545">
    <p class='ocr_par' dir='ltr' id='par_1_91' title="bbox 2202 4472 3797 4545">
     <span class='ocr_line' id='line_1_91' title="bbox 2202 4472 3797 4545; baseline 0.011 -23"><span class='ocrx_word' id='word_1_685' title='bbox 2202 4473 2411 4540; x_wconf 83' lang='grc' dir='ltr'>μάταια</span> <span class='ocrx_word' id='word_1_686' title='bbox 2445 4472 2642 4542; x_wconf 74' lang='grc' dir='ltr'>ἤλεγξε</span> <span class='ocrx_word' id='word_1_687' title='bbox 2672 4474 2767 4528; x_wconf 75' lang='grc' dir='ltr'><strong>καὶ</strong></span> <span class='ocrx_word' id='word_1_688' title='bbox 2796 4475 2998 4545; x_wconf 77' lang='grc' dir='ltr'>σαθρά.</span> <span class='ocrx_word' id='word_1_689' title='bbox 3038 4477 3149 4529; x_wconf 81' lang='grc' dir='ltr'><strong>Καὶ</strong></span> <span class='ocrx_word' id='word_1_690' title='bbox 3174 4478 3353 4542; x_wconf 77' lang='grc' dir='ltr'>τέλος,</span> <span class='ocrx_word' id='word_1_691' title='bbox 3386 4480 3555 4534; x_wconf 81' lang='grc' dir='ltr'>αὐτὸν</span> <span class='ocrx_word' id='word_1_692' title='bbox 3581 4485 3797 4540; x_wconf 74' lang='grc' dir='ltr'>ἐκεῖνον</span> 
     </span>
    </p>
   </div>
   <div class='ocr_carea' id='block_1_92' title="bbox 514 4526 2107 4640">
    <p class='ocr_par' dir='ltr' id='par_1_92' title="bbox 514 4526 2092 4612">
     <span class='ocr_line' id='line_1_92' title="bbox 514 4526 2092 4612; baseline 0.016 -34"><span class='ocrx_word' id='word_1_693' title='bbox 514 4540 625 4579; x_wconf 87' lang='lat' dir='ltr'><strong>non</strong></span> <span class='ocrx_word' id='word_1_694' title='bbox 658 4526 789 4583; x_wconf 85' lang='lat' dir='ltr'><strong>fecit</strong></span> <span class='ocrx_word' id='word_1_695' title='bbox 822 4544 886 4584; x_wconf 76' lang='lat' dir='ltr'><strong>ex</strong></span> <span class='ocrx_word' id='word_1_696' title='bbox 922 4530 988 4586; x_wconf 92' lang='lat' dir='ltr'><strong>iis</strong></span> <span class='ocrx_word' id='word_1_697' title='bbox 1016 4549 1139 4603; x_wconf 75' lang='lat' dir='ltr'><strong>quae</strong></span> <span class='ocrx_word' id='word_1_698' title='bbox 1185 4547 1414 4606; x_wconf 87' lang='lat' dir='ltr'><strong>possunt</strong></span> <span class='ocrx_word' id='word_1_699' title='bbox 1460 4540 1761 4599; x_wconf 81' lang='lat' dir='ltr'><strong>inducere?</strong></span> <span class='ocrx_word' id='word_1_700' title='bbox 1790 4545 2092 4612; x_wconf 85' lang='lat' dir='ltr'><strong>Quamnam</strong></span> 
     </span>
    </p>
   </div>
   <div class='ocr_carea' id='block_1_93' title="bbox 2194 4526 3799 4640">
    <p class='ocr_par' dir='ltr' id='par_1_93' title="bbox 2199 4526 3799 4640">
     <span class='ocr_line' id='line_1_93' title="bbox 2202 4526 3795 4545; baseline 0.011 -15"><span class='ocrx_word' id='word_1_701' title='bbox 2202 4526 2214 4540; x_wconf 74' lang='grc'><strong>,</strong></span> <span class='ocrx_word' id='word_1_702' title='bbox 2467 4526 2479 4542; x_wconf 84' lang='grc'><strong>,</strong></span> <span class='ocrx_word' id='word_1_703' title='bbox 2556 4526 2566 4538; x_wconf 96' lang='grc'><strong>.</strong></span> <span class='ocrx_word' id='word_1_704' title='bbox 2594 4526 2612 4537; x_wconf 69' lang='grc' dir='ltr'>,ν</span> <span class='ocrx_word' id='word_1_705' title='bbox 2716 4526 2726 4528; x_wconf 61' lang='grc' dir='ltr'><strong>ν</strong></span> <span class='ocrx_word' id='word_1_706' title='bbox 2838 4526 2843 4527; x_wconf 41' lang='grc' dir='ltr'><em>γ</em></span> <span class='ocrx_word' id='word_1_707' title='bbox 2909 4526 2922 4545; x_wconf 75' lang='grc' dir='ltr'>ι</span> <span class='ocrx_word' id='word_1_708' title='bbox 2950 4526 2996 4529; x_wconf 51' lang='grc' dir='ltr'><strong>ην</strong></span> <span class='ocrx_word' id='word_1_709' title='bbox 3038 4526 3145 4529; x_wconf 68' lang='lat'><strong>———~~</strong></span> <span class='ocrx_word' id='word_1_710' title='bbox 3187 4526 3353 4542; x_wconf 48' lang='grc' dir='ltr'><strong>ντί-νῖν</strong></span> <span class='ocrx_word' id='word_1_711' title='bbox 3388 4526 3547 4534; x_wconf 70' lang='grc' dir='ltr'><strong>ν-ν-νν</strong></span> <span class='ocrx_word' id='word_1_712' title='bbox 3581 4526 3795 4540; x_wconf 62' lang='grc' dir='ltr'><strong>*σον-’ν’</strong></span> 
     </span>
     <span class='ocr_line' id='line_1_94' title="bbox 2199 4563 3799 4640; baseline 0.012 -27"><span class='ocrx_word' id='word_1_713' title='bbox 2199 4563 2290 4615; x_wconf 87' lang='grc' dir='ltr'>τὸν</span> <span class='ocrx_word' id='word_1_714' title='bbox 2314 4565 2380 4615; x_wconf 68' lang='grc' dir='ltr'>τὰ</span> <span class='ocrx_word' id='word_1_715' title='bbox 2420 4564 2632 4633; x_wconf 78' lang='grc' dir='ltr'>μεγάλα</span> <span class='ocrx_word' id='word_1_716' title='bbox 2690 4567 2951 4635; x_wconf 79' lang='grc' dir='ltr'>φυσῶντα</span> <span class='ocrx_word' id='word_1_717' title='bbox 2986 4568 3133 4622; x_wconf 77' lang='grc' dir='ltr'>οὕτω</span> <span class='ocrx_word' id='word_1_718' title='bbox 3160 4572 3425 4624; x_wconf 81' lang='grc' dir='ltr'>ταπεινὸν</span> <span class='ocrx_word' id='word_1_719' title='bbox 3470 4573 3649 4640; x_wconf 79' lang='grc' dir='ltr'>ἔδειξε</span> <span class='ocrx_word' id='word_1_720' title='bbox 3700 4580 3799 4632; x_wconf 79' lang='grc' dir='ltr'><strong>καὶ</strong></span> 
     </span>
    </p>
   </div>
   <div class='ocr_carea' id='block_1_94' title="bbox 510 4623 2093 4709">
    <p class='ocr_par' dir='ltr' id='par_1_94' title="bbox 510 4623 2093 4709">
     <span class='ocr_line' id='line_1_95' title="bbox 510 4623 2093 4709; baseline 0.016 -38"><span class='ocrx_word' id='word_1_721' title='bbox 510 4627 696 4673; x_wconf 82' lang='lat' dir='ltr'><strong>autem</strong></span> <span class='ocrx_word' id='word_1_722' title='bbox 740 4623 925 4677; x_wconf 85' lang='lat' dir='ltr'><strong>omisit</strong></span> <span class='ocrx_word' id='word_1_723' title='bbox 984 4627 1223 4694; x_wconf 87' lang='lat' dir='ltr'><strong>speciem</strong></span> <span class='ocrx_word' id='word_1_724' title='bbox 1280 4629 1659 4700; x_wconf 87' lang='lat' dir='ltr'><strong>deceptionis?</strong></span> <span class='ocrx_word' id='word_1_725' title='bbox 1696 4635 1828 4702; x_wconf 58' lang='lat' dir='ltr'><strong>Quae</strong></span> <span class='ocrx_word' id='word_1_726' title='bbox 1872 4640 2093 4709; x_wconf 88' lang='lat' dir='ltr'><strong>quidem</strong></span> 
     </span>
    </p>
   </div>
   <div class='ocr_carea' id='block_1_95' title="bbox 506 4710 2095 4787">
    <p class='ocr_par' dir='ltr' id='par_1_95' title="bbox 506 4710 2095 4787">
     <span class='ocr_line' id='line_1_96' title="bbox 506 4710 2095 4787; baseline 0.016 -25"><span class='ocrx_word' id='word_1_727' title='bbox 506 4710 690 4765; x_wconf 88' lang='lat' dir='ltr'><strong>omnia</strong></span> <span class='ocrx_word' id='word_1_728' title='bbox 720 4712 806 4767; x_wconf 87' lang='lat' dir='ltr'><strong>illa</strong></span> <span class='ocrx_word' id='word_1_729' title='bbox 833 4716 1016 4786; x_wconf 87' lang='lat' dir='ltr'><strong>arguit</strong></span> <span class='ocrx_word' id='word_1_730' title='bbox 1059 4733 1182 4774; x_wconf 86' lang='lat' dir='ltr'><strong>esse</strong></span> <span class='ocrx_word' id='word_1_731' title='bbox 1229 4720 1412 4776; x_wconf 87' lang='lat' dir='ltr'><strong>inania</strong></span> <span class='ocrx_word' id='word_1_732' title='bbox 1443 4736 1500 4780; x_wconf 90' lang='lat' dir='ltr'><strong>et</strong></span> <span class='ocrx_word' id='word_1_733' title='bbox 1531 4725 1799 4783; x_wconf 87' lang='lat' dir='ltr'><strong>imbecilla</strong></span> <span class='ocrx_word' id='word_1_734' title='bbox 1842 4748 1855 4784; x_wconf 92' lang='lat'><strong>:</strong></span> <span class='ocrx_word' id='word_1_735' title='bbox 1883 4741 1939 4786; x_wconf 93' lang='lat' dir='ltr'><strong>et</strong></span> <span class='ocrx_word' id='word_1_736' title='bbox 1973 4741 2095 4787; x_wconf 85' lang='lat' dir='ltr'><strong>tan-</strong></span> 
     </span>
    </p>
   </div>
   <div class='ocr_carea' id='block_1_96' title="bbox 506 4801 2096 4895">
    <p class='ocr_par' dir='ltr' id='par_1_96' title="bbox 506 4801 2096 4895">
     <span class='ocr_line' id='line_1_97' title="bbox 506 4801 2096 4895; baseline 0.016 -39"><span class='ocrx_word' id='word_1_737' title='bbox 506 4801 634 4857; x_wconf 80' lang='lat' dir='ltr'><strong>dem</strong></span> <span class='ocrx_word' id='word_1_738' title='bbox 671 4803 825 4859; x_wconf 90' lang='lat' dir='ltr'><strong>illum</strong></span> <span class='ocrx_word' id='word_1_739' title='bbox 860 4807 1061 4877; x_wconf 89' lang='lat' dir='ltr'><strong>ipsum,</strong></span> <span class='ocrx_word' id='word_1_740' title='bbox 1096 4813 1254 4881; x_wconf 86' lang='lat' dir='ltr'><strong>cujus</strong></span> <span class='ocrx_word' id='word_1_741' title='bbox 1285 4825 1442 4870; x_wconf 85' lang='lat' dir='ltr'><strong>erant</strong></span> <span class='ocrx_word' id='word_1_742' title='bbox 1487 4827 1597 4872; x_wconf 89' lang='lat' dir='ltr'><strong>tam</strong></span> <span class='ocrx_word' id='word_1_743' title='bbox 1635 4822 1887 4892; x_wconf 87' lang='lat' dir='ltr'><strong>ingentes</strong></span> <span class='ocrx_word' id='word_1_744' title='bbox 1928 4827 2096 4895; x_wconf 89' lang='lat' dir='ltr'><strong>spiri-</strong></span> 
     </span>
    </p>
   </div>
   <div class='ocr_carea' id='block_1_97' title="bbox 511 4895 2094 4987">
    <p class='ocr_par' dir='ltr' id='par_1_97' title="bbox 511 4895 2094 4987">
     <span class='ocr_line' id='line_1_98' title="bbox 511 4895 2094 4987; baseline 0.017 -41"><span class='ocrx_word' id='word_1_745' title='bbox 511 4901 618 4959; x_wconf 86' lang='lat' dir='ltr'><strong>tus,</strong></span> <span class='ocrx_word' id='word_1_746' title='bbox 644 4895 781 4951; x_wconf 88' lang='lat' dir='ltr'><strong>adeo</strong></span> <span class='ocrx_word' id='word_1_747' title='bbox 814 4898 1077 4956; x_wconf 86' lang='lat' dir='ltr'><strong>humilem</strong></span> <span class='ocrx_word' id='word_1_748' title='bbox 1107 4905 1349 4962; x_wconf 87' lang='lat' dir='ltr'><strong>reddidit</strong></span> <span class='ocrx_word' id='word_1_749' title='bbox 1378 4918 1434 4963; x_wconf 89' lang='lat' dir='ltr'><strong>et</strong></span> <span class='ocrx_word' id='word_1_750' title='bbox 1462 4910 1776 4983; x_wconf 82' lang='lat' dir='ltr'><strong>fugitivum,</strong></span> <span class='ocrx_word' id='word_1_751' title='bbox 1815 4926 1874 4971; x_wconf 91' lang='lat' dir='ltr'><strong>ut</strong></span> <span class='ocrx_word' id='word_1_752' title='bbox 1904 4928 2094 4987; x_wconf 87' lang='lat' dir='ltr'><strong>aperte</strong></span> 
     </span>
    </p>
   </div>
   <div class='ocr_carea' id='block_1_98' title="bbox 509 4984 2094 5077">
    <p class='ocr_par' dir='ltr' id='par_1_98' title="bbox 509 4984 2094 5077">
     <span class='ocr_line' id='line_1_99' title="bbox 509 4984 2094 5077; baseline 0.017 -38"><span class='ocrx_word' id='word_1_753' title='bbox 509 4984 775 5043; x_wconf 84' lang='lat' dir='ltr'><strong>fateretur</strong></span> <span class='ocrx_word' id='word_1_754' title='bbox 802 4989 1061 5049; x_wconf 82' lang='lat' dir='ltr'><strong>Crucitixi</strong></span> <span class='ocrx_word' id='word_1_755' title='bbox 1107 4996 1252 5053; x_wconf 87' lang='lat' dir='ltr'><strong>vires</strong></span> <span class='ocrx_word' id='word_1_756' title='bbox 1276 5016 1399 5056; x_wconf 90' lang='lat' dir='ltr'><strong>esse</strong></span> <span class='ocrx_word' id='word_1_757' title='bbox 1434 5002 1910 5077; x_wconf 79' lang='lat' dir='ltr'><strong>inexpugnabiles,</strong></span> <span class='ocrx_word' id='word_1_758' title='bbox 1939 5020 1996 5065; x_wconf 89' lang='lat' dir='ltr'><strong>et</strong></span> <span class='ocrx_word' id='word_1_759' title='bbox 2024 5012 2094 5066; x_wconf 88' lang='lat' dir='ltr'><strong>ab</strong></span> 
     </span>
    </p>
   </div>
   <div class='ocr_carea' id='block_1_99' title="bbox 512 5076 2095 5170">
    <p class='ocr_par' dir='ltr' id='par_1_99' title="bbox 512 5076 2095 5170">
     <span class='ocr_line' id='line_1_100' title="bbox 512 5076 2095 5170; baseline 0.018 -41"><span class='ocrx_word' id='word_1_760' title='bbox 512 5076 780 5170; x_wconf 26' lang='lat' dir='ltr'><strong>ipsa‘illos</strong></span> <span class='ocrx_word' id='word_1_761' title='bbox 804 5079 1018 5139; x_wconf 90' lang='lat' dir='ltr'><strong>fortiter</strong></span> <span class='ocrx_word' id='word_1_762' title='bbox 1045 5091 1268 5160; x_wconf 80' lang='lat' dir='ltr'><strong>expelli.</strong></span> <span class='ocrx_word' id='word_1_763' title='bbox 1302 5093 1384 5148; x_wconf 82' lang='lat' dir='ltr'><strong>Ad</strong></span> <span class='ocrx_word' id='word_1_764' title='bbox 1419 5093 1533 5151; x_wconf 74' lang='lat' dir='ltr'><strong>haec</strong></span> <span class='ocrx_word' id='word_1_765' title='bbox 1574 5076 1707 5167; x_wconf 84' lang='lat' dir='ltr'><strong>quid</strong></span> <span class='ocrx_word' id='word_1_766' title='bbox 1736 5114 1824 5154; x_wconf 91' lang='lat' dir='ltr'><strong>me</strong></span> <span class='ocrx_word' id='word_1_767' title='bbox 1875 5111 2095 5170; x_wconf 81' lang='lat' dir='ltr'><strong>oporte-</strong></span> 
     </span>
    </p>
   </div>
   <div class='ocr_carea' id='block_1_100' title="bbox 512 5166 2100 5258">
    <p class='ocr_par' dir='ltr' id='par_1_100' title="bbox 512 5166 2100 5258">
     <span class='ocr_line' id='line_1_101' title="bbox 512 5166 2100 5258; baseline 0.018 -40"><span class='ocrx_word' id='word_1_768' title='bbox 512 5166 606 5221; x_wconf 85' lang='lat' dir='ltr'><strong>bat</strong></span> <span class='ocrx_word' id='word_1_769' title='bbox 634 5167 831 5236; x_wconf 87' lang='lat' dir='ltr'><strong>facere,</strong></span> <span class='ocrx_word' id='word_1_770' title='bbox 862 5173 949 5228; x_wconf 88' lang='lat' dir='ltr'><strong>dic</strong></span> <span class='ocrx_word' id='word_1_771' title='bbox 974 5190 1073 5245; x_wconf 84' lang='lat' dir='ltr'><strong>per</strong></span> <span class='ocrx_word' id='word_1_772' title='bbox 1115 5178 1284 5248; x_wconf 91' lang='lat' dir='ltr'><strong>ipsam</strong></span> <span class='ocrx_word' id='word_1_773' title='bbox 1317 5166 1625 5254; x_wconf 63' lang='lat' dir='ltr'><strong>veritatem,</strong></span> <span class='ocrx_word' id='word_1_774' title='bbox 1657 5203 1690 5243; x_wconf 90' lang='grc' dir='ltr'><strong>ο</strong></span> <span class='ocrx_word' id='word_1_775' title='bbox 1707 5166 2100 5258; x_wconf 43' lang='lat' dir='ltr'><strong>indere—Rem-</strong></span> 
     </span>
    </p>
   </div>
   <div class='ocr_carea' id='block_1_101' title="bbox 514 5266 2097 5349">
    <p class='ocr_par' dir='ltr' id='par_1_101' title="bbox 514 5266 2097 5349">
     <span class='ocr_line' id='line_1_102' title="bbox 514 5266 2097 5349; baseline 0.018 -38"><span class='ocrx_word' id='word_1_776' title='bbox 514 5272 583 5312; x_wconf 91' lang='lat' dir='ltr'><strong>ne</strong></span> <span class='ocrx_word' id='word_1_777' title='bbox 613 5272 797 5317; x_wconf 87' lang='lat' dir='ltr'><strong>mente</strong></span> <span class='ocrx_word' id='word_1_778' title='bbox 823 5266 1030 5336; x_wconf 86' lang='lat' dir='ltr'><strong>agitare</strong></span> <span class='ocrx_word' id='word_1_779' title='bbox 1056 5278 1112 5324; x_wconf 91' lang='lat' dir='ltr'><strong>et</strong></span> <span class='ocrx_word' id='word_1_780' title='bbox 1138 5272 1388 5341; x_wconf 77' lang='lat' dir='ltr'><strong>judicare</strong></span> <span class='ocrx_word' id='word_1_781' title='bbox 1416 5276 1655 5348; x_wconf 84' lang='lat' dir='ltr'><strong>dignam,</strong></span> <span class='ocrx_word' id='word_1_782' title='bbox 1690 5296 1814 5349; x_wconf 67' lang='lat' dir='ltr'><strong>qua:</strong></span> <span class='ocrx_word' id='word_1_783' title='bbox 1840 5284 2097 5339; x_wconf 59' lang='lat' dir='ltr'><strong>conside-</strong></span> 
     </span>
    </p>
   </div>
   <div class='ocr_carea' id='block_1_102' title="bbox 515 5357 2100 5443">
    <p class='ocr_par' dir='ltr' id='par_1_102' title="bbox 515 5357 2100 5443">
     <span class='ocr_line' id='line_1_103' title="bbox 515 5357 2100 5443; baseline 0.016 -42"><span class='ocrx_word' id='word_1_784' title='bbox 515 5360 694 5416; x_wconf 84' lang='lat' dir='ltr'><strong>retur,</strong></span> <span class='ocrx_word' id='word_1_785' title='bbox 719 5367 969 5421; x_wconf 75' lang='lat' dir='ltr'><strong>quamam</strong></span> <span class='ocrx_word' id='word_1_786' title='bbox 1018 5357 1091 5413; x_wconf 89' lang='lat' dir='ltr'><strong>sit</strong></span> <span class='ocrx_word' id='word_1_787' title='bbox 1136 5359 1250 5430; x_wconf 85' lang='lat' dir='ltr'><strong>ipsa</strong></span> <span class='ocrx_word' id='word_1_788' title='bbox 1298 5362 1503 5419; x_wconf 88' lang='lat' dir='ltr'><strong>Christi</strong></span> <span class='ocrx_word' id='word_1_789' title='bbox 1558 5368 1751 5434; x_wconf 89' lang='lat' dir='ltr'><strong>virtus,</strong></span> <span class='ocrx_word' id='word_1_790' title='bbox 1787 5384 1907 5439; x_wconf 76' lang='lat' dir='ltr'><strong>qua:</strong></span> <span class='ocrx_word' id='word_1_791' title='bbox 1939 5372 2100 5443; x_wconf 89' lang='lat' dir='ltr'><strong>vulgo</strong></span> 
     </span>
    </p>
   </div>
   <div class='ocr_carea' id='block_1_103' title="bbox 512 5443 2101 5526">
    <p class='ocr_par' dir='ltr' id='par_1_103' title="bbox 512 5443 2101 5526">
     <span class='ocr_line' id='line_1_104' title="bbox 512 5443 2101 5526; baseline 0.016 -32"><span class='ocrx_word' id='word_1_792' title='bbox 512 5443 771 5511; x_wconf 73' lang='lat' dir='ltr'><strong>iactatur,</strong></span> <span class='ocrx_word' id='word_1_793' title='bbox 808 5461 912 5516; x_wconf 87' lang='lat' dir='ltr'><strong>qua</strong></span> <span class='ocrx_word' id='word_1_794' title='bbox 961 5449 1064 5519; x_wconf 90' lang='lat' dir='ltr'><strong>ipsi</strong></span> <span class='ocrx_word' id='word_1_795' title='bbox 1101 5468 1322 5524; x_wconf 88' lang='lat' dir='ltr'><strong>quoque</strong></span> <span class='ocrx_word' id='word_1_796' title='bbox 1380 5464 1658 5514; x_wconf 88' lang='lat' dir='ltr'><strong>terrentur</strong></span> <span class='ocrx_word' id='word_1_797' title='bbox 1703 5461 2002 5526; x_wconf 71' lang='lat' dir='ltr'><strong>daemones,</strong></span> <span class='ocrx_word' id='word_1_798' title='bbox 2046 5476 2101 5520; x_wconf 91' lang='lat' dir='ltr'><strong>et</strong></span> 
     </span>
    </p>
   </div>
   <div class='ocr_carea' id='block_1_104' title="bbox 587 5630 1244 5701">
    <p class='ocr_par' dir='ltr' id='par_1_104' title="bbox 587 5630 1244 5701">
     <span class='ocr_line' id='line_1_105' title="bbox 587 5630 1244 5701; baseline 0.021 -18"><span class='ocrx_word' id='word_1_799' title='bbox 587 5630 633 5662; x_wconf 74' lang='lat'><strong>“</strong></span> <span class='ocrx_word' id='word_1_800' title='bbox 660 5633 878 5701; x_wconf 78' lang='grc' dir='ltr'>μαθεῖν,</span> <span class='ocrx_word' id='word_1_801' title='bbox 908 5635 970 5691; x_wconf 85' lang='grc' dir='ltr'><strong>Β.</strong></span> <span class='ocrx_word' id='word_1_802' title='bbox 1047 5639 1094 5673; x_wconf 73' lang='grc'><strong>⁸⁸</strong></span> <span class='ocrx_word' id='word_1_803' title='bbox 1115 5640 1244 5697; x_wconf 83' lang='lat' dir='ltr'><strong>add.</strong></span> 
     </span>
    </p>
   </div>
   <div class='ocr_carea' id='block_1_105' title="bbox 520 5699 1833 5785">
    <p class='ocr_par' dir='ltr' id='par_1_105' title="bbox 520 5699 1833 5785">
     <span class='ocr_line' id='line_1_106' title="bbox 520 5699 1833 5785; baseline 0.017 -32"><span class='ocrx_word' id='word_1_804' title='bbox 603 5772 616 5785; x_wconf 30' lang='grc' dir='ltr'>θ</span> <span class='ocrx_word' id='word_1_805' title='bbox 761 5707 1044 5785; x_wconf 42' lang='grc' dir='ltr'>αὐτὴνιΒ.</span> <span class='ocrx_word' id='word_1_806' title='bbox 1073 5781 1116 5785; x_wconf 84' lang='lat'><strong>__</strong></span> <span class='ocrx_word' id='word_1_807' title='bbox 1152 5714 1200 5785; x_wconf 60' lang='grc' dir='ltr'><strong>’ξ</strong></span> <span class='ocrx_word' id='word_1_808' title='bbox 1230 5699 1548 5785; x_wconf 69' lang='grc' dir='ltr'>δαιμονίων,</span> 
     </span>
    </p>
   </div>
   <div class='ocr_carea' id='block_1_106' title="bbox 1279 5643 2960 5722">
    <p class='ocr_par' dir='ltr' id='par_1_106' title="bbox 1279 5643 2960 5722">
     <span class='ocr_line' id='line_1_107' title="bbox 1279 5643 2960 5722; baseline 0.008 -23"><span class='ocrx_word' id='word_1_809' title='bbox 1279 5643 1334 5714; x_wconf 79' lang='grc' dir='ltr'>ὴ,</span> <span class='ocrx_word' id='word_1_810' title='bbox 1367 5645 1447 5722; x_wconf 38' lang='grc' dir='ltr'><strong>Β.-</strong></span> <span class='ocrx_word' id='word_1_811' title='bbox 1507 5647 1552 5679; x_wconf 80' lang='lat'><strong>“</strong></span> <span class='ocrx_word' id='word_1_812' title='bbox 1579 5647 1752 5722; x_wconf 67' lang='lat' dir='ltr'><strong>deest,</strong></span> <span class='ocrx_word' id='word_1_813' title='bbox 1924 5651 1971 5722; x_wconf 53' lang='grc' dir='ltr'>δῖ</span> <span class='ocrx_word' id='word_1_814' title='bbox 1993 5649 2234 5721; x_wconf 82' lang='grc' dir='ltr'>πρώτου,</span> <span class='ocrx_word' id='word_1_815' title='bbox 2291 5650 2354 5708; x_wconf 88' lang='grc' dir='ltr'><strong>Β.</strong></span> <span class='ocrx_word' id='word_1_816' title='bbox 2396 5650 2475 5722; x_wconf 25' lang='grc'><strong>,⁸³</strong></span> <span class='ocrx_word' id='word_1_817' title='bbox 2505 5651 2845 5722; x_wconf 79' lang='grc' dir='ltr'>ἐνειδομένη,</span> <span class='ocrx_word' id='word_1_818' title='bbox 2896 5656 2960 5712; x_wconf 90' lang='grc' dir='ltr'><strong>Β.</strong></span> 
     </span>
    </p>
   </div>
   <div class='ocr_carea' id='block_1_107' title="bbox 1958 5720 2457 5787">
    <p class='ocr_par' dir='ltr' id='par_1_107' title="bbox 1958 5720 2457 5787">
     <span class='ocr_line' id='line_1_108' title="bbox 1958 5720 2457 5787; baseline 0.006 -13"><span class='ocrx_word' id='word_1_819' title='bbox 1958 5720 2005 5754; x_wconf 84' lang='grc'><strong>⁵³</strong></span> <span class='ocrx_word' id='word_1_820' title='bbox 2045 5722 2362 5787; x_wconf 81' lang='grc' dir='ltr'>ἐπίκολπον,</span> <span class='ocrx_word' id='word_1_821' title='bbox 2393 5720 2457 5777; x_wconf 89' lang='grc' dir='ltr'><strong>Β.</strong></span> 
     </span>
    </p>
   </div>
   <div class='ocr_carea' id='block_1_108' title="bbox 2199 4656 3798 4739">
    <p class='ocr_par' dir='ltr' id='par_1_108' title="bbox 2199 4656 3798 4739">
     <span class='ocr_line' id='line_1_109' title="bbox 2199 4656 3798 4739; baseline 0.008 -32"><span class='ocrx_word' id='word_1_822' title='bbox 2199 4656 2442 4724; x_wconf 79' lang='grc' dir='ltr'>φυγάδα,</span> <span class='ocrx_word' id='word_1_823' title='bbox 2477 4657 2553 4720; x_wconf 83' lang='grc' dir='ltr'><strong>ὡς</strong></span> <span class='ocrx_word' id='word_1_824' title='bbox 2582 4657 2851 4725; x_wconf 70' lang='grc' dir='ltr'>ἐπιδήλως</span> <span class='ocrx_word' id='word_1_825' title='bbox 2903 4658 3189 4728; x_wconf 81' lang='grc' dir='ltr'>ὁμολογεῖν</span> <span class='ocrx_word' id='word_1_826' title='bbox 3230 4661 3327 4732; x_wconf 81' lang='grc' dir='ltr'>τὴν</span> <span class='ocrx_word' id='word_1_827' title='bbox 3361 4664 3455 4716; x_wconf 84' lang='grc' dir='ltr'><strong>τοῦ</strong></span> <span class='ocrx_word' id='word_1_828' title='bbox 3510 4666 3798 4739; x_wconf 84' lang='grc' dir='ltr'>ἐσταυρω-</span> 
     </span>
    </p>
   </div>
   <div class='ocr_carea' id='block_1_109' title="bbox 2194 4748 3792 4828">
    <p class='ocr_par' dir='ltr' id='par_1_109' title="bbox 2194 4748 3792 4828">
     <span class='ocr_line' id='line_1_110' title="bbox 2194 4748 3792 4828; baseline 0.009 -27"><span class='ocrx_word' id='word_1_829' title='bbox 2194 4749 2357 4818; x_wconf 83' lang='grc' dir='ltr'>μένου</span> <span class='ocrx_word' id='word_1_830' title='bbox 2382 4748 2615 4819; x_wconf 75' lang='grc' dir='ltr'>δύναμιν</span> <span class='ocrx_word' id='word_1_831' title='bbox 2640 4750 2855 4821; x_wconf 79' lang='grc' dir='ltr'>ἄμαχον</span> <span class='ocrx_word' id='word_1_832' title='bbox 2880 4748 3045 4819; x_wconf 75' lang='grc' dir='ltr'>εἶναι,</span> <span class='ocrx_word' id='word_1_833' title='bbox 3080 4753 3177 4806; x_wconf 78' lang='grc' dir='ltr'><strong>καὶ</strong></span> <span class='ocrx_word' id='word_1_834' title='bbox 3205 4755 3300 4807; x_wconf 83' lang='grc' dir='ltr'><strong>ὑπ’</strong></span> <span class='ocrx_word' id='word_1_835' title='bbox 3327 4756 3551 4828; x_wconf 81' lang='grc' dir='ltr'>ἐκείνης</span> <span class='ocrx_word' id='word_1_836' title='bbox 3584 4760 3792 4826; x_wconf 75' lang='grc' dir='ltr'>αὐτοὺς</span> 
     </span>
    </p>
   </div>
   <div class='ocr_carea' id='block_1_110' title="bbox 2190 4841 3793 4924">
    <p class='ocr_par' dir='ltr' id='par_1_110' title="bbox 2190 4841 3793 4924">
     <span class='ocr_line' id='line_1_111' title="bbox 2190 4841 3793 4924; baseline 0.007 -29"><span class='ocrx_word' id='word_1_837' title='bbox 2190 4841 2481 4912; x_wconf 71' lang='grc' dir='ltr'>κρατάιῶς</span> <span class='ocrx_word' id='word_1_838' title='bbox 2510 4841 2855 4895; x_wconf 81' lang='grc' dir='ltr'>ἐλαύνεσθαι.</span> <span class='ocrx_word' id='word_1_839' title='bbox 2885 4843 3032 4913; x_wconf 80' lang='grc' dir='ltr'><strong>Πρὸς</strong></span> <span class='ocrx_word' id='word_1_840' title='bbox 3062 4845 3256 4911; x_wconf 85' lang='grc' dir='ltr'>ταῦτα,</span> <span class='ocrx_word' id='word_1_841' title='bbox 3275 4847 3332 4899; x_wconf 84' lang='grc' dir='ltr'><strong>τί</strong></span> <span class='ocrx_word' id='word_1_842' title='bbox 3357 4865 3428 4916; x_wconf 91' lang='grc' dir='ltr'>με</span> <span class='ocrx_word' id='word_1_843' title='bbox 3451 4848 3563 4902; x_wconf 77' lang='grc' dir='ltr'>ἔδει</span> <span class='ocrx_word' id='word_1_844' title='bbox 3588 4857 3793 4924; x_wconf 84' lang='grc' dir='ltr'>ποιεῖν;</span> 
     </span>
    </p>
   </div>
   <div class='ocr_carea' id='block_1_111' title="bbox 2195 4933 3795 5011">
    <p class='ocr_par' dir='ltr' id='par_1_111' title="bbox 2195 4933 3795 5011">
     <span class='ocr_line' id='line_1_112' title="bbox 2195 4933 3795 5011; baseline 0.009 -27"><span class='ocrx_word' id='word_1_845' title='bbox 2195 4933 2319 4985; x_wconf 80' lang='grc' dir='ltr'><strong>εῖπέ</strong></span> <span class='ocrx_word' id='word_1_846' title='bbox 2354 4933 2495 5004; x_wconf 85' lang='grc' dir='ltr'>πρὸς</span> <span class='ocrx_word' id='word_1_847' title='bbox 2532 4936 2633 5005; x_wconf 82' lang='grc' dir='ltr'>τῆς</span> <span class='ocrx_word' id='word_1_848' title='bbox 2672 4933 2934 5005; x_wconf 84' lang='grc' dir='ltr'>ἀληθείας</span> <span class='ocrx_word' id='word_1_849' title='bbox 2973 4935 3146 5006; x_wconf 80' lang='grc' dir='ltr'>αὐτῆς</span> <span class='ocrx_word' id='word_1_850' title='bbox 3192 4939 3264 5003; x_wconf 81' lang='grc'><strong>⁸⁸,</strong></span> <span class='ocrx_word' id='word_1_851' title='bbox 3322 4942 3350 4992; x_wconf 84' lang='lat'><em>6</em></span> <span class='ocrx_word' id='word_1_852' title='bbox 3394 4940 3675 5007; x_wconf 76' lang='grc' dir='ltr'>δικάζων’</span> <span class='ocrx_word' id='word_1_853' title='bbox 3713 4950 3795 5011; x_wconf 81' lang='grc' dir='ltr'><strong>εἰς</strong></span> 
     </span>
    </p>
   </div>
   <div class='ocr_carea' id='block_1_112' title="bbox 2200 5025 3789 5106">
    <p class='ocr_par' dir='ltr' id='par_1_112' title="bbox 2200 5025 3789 5106">
     <span class='ocr_line' id='line_1_113' title="bbox 2200 5025 3789 5106; baseline 0.007 -27"><span class='ocrx_word' id='word_1_854' title='bbox 2200 5025 2326 5079; x_wconf 84' lang='grc' dir='ltr'>νοῦν</span> <span class='ocrx_word' id='word_1_855' title='bbox 2358 5026 2654 5094; x_wconf 80' lang='grc' dir='ltr'>βάλλεσθαι</span> <span class='ocrx_word' id='word_1_856' title='bbox 2679 5027 2741 5080; x_wconf 80' lang='grc' dir='ltr'>τὸ</span> <span class='ocrx_word' id='word_1_857' title='bbox 2769 5028 3030 5097; x_wconf 79' lang='grc' dir='ltr'>πρᾶγμα,</span> <span class='ocrx_word' id='word_1_858' title='bbox 3084 5030 3181 5083; x_wconf 78' lang='grc' dir='ltr'><strong>καὶ</strong></span> <span class='ocrx_word' id='word_1_859' title='bbox 3231 5032 3443 5101; x_wconf 77' lang='grc' dir='ltr'>κρίνειν</span> <span class='ocrx_word' id='word_1_860' title='bbox 3475 5035 3789 5106; x_wconf 82' lang='grc' dir='ltr'>ἐπισκοπῆς</span> 
     </span>
    </p>
   </div>
   <div class='ocr_carea' id='block_1_113' title="bbox 2200 5119 3783 5201">
    <p class='ocr_par' dir='ltr' id='par_1_113' title="bbox 2200 5119 3783 5201">
     <span class='ocr_line' id='line_1_114' title="bbox 2200 5119 3783 5201; baseline 0.006 -27"><span class='ocrx_word' id='word_1_861' title='bbox 2200 5119 2373 5188; x_wconf 78' lang='grc' dir='ltr'>ἄξιον,</span> <span class='ocrx_word' id='word_1_862' title='bbox 2393 5120 2530 5191; x_wconf 84' lang='grc' dir='ltr'>τίςή</span> <span class='ocrx_word' id='word_1_863' title='bbox 2562 5120 2938 5193; x_wconf 82' lang='grc' dir='ltr'>θρυλλουμένη</span> <span class='ocrx_word' id='word_1_864' title='bbox 2967 5122 3106 5194; x_wconf 78' lang='grc' dir='ltr'>αὕτη</span> <span class='ocrx_word' id='word_1_865' title='bbox 3138 5127 3233 5179; x_wconf 90' lang='grc' dir='ltr'><strong>τοῦ</strong></span> <span class='ocrx_word' id='word_1_866' title='bbox 3263 5125 3508 5197; x_wconf 84' lang='grc' dir='ltr'>Χριστοῦ</span> <span class='ocrx_word' id='word_1_867' title='bbox 3532 5129 3783 5201; x_wconf 73' lang='grc' dir='ltr'>δύναμις,</span> 
     </span>
    </p>
   </div>
   <div class='ocr_carea' id='block_1_114' title="bbox 2198 5208 3788 5295">
    <p class='ocr_par' dir='ltr' id='par_1_114' title="bbox 2198 5208 3788 5295">
     <span class='ocr_line' id='line_1_115' title="bbox 2198 5208 3788 5295; baseline 0.006 -31"><span class='ocrx_word' id='word_1_868' title='bbox 2198 5208 2233 5287; x_wconf 81' lang='grc' dir='ltr'>ᾖ</span> <span class='ocrx_word' id='word_1_869' title='bbox 2291 5214 2388 5266; x_wconf 73' lang='grc' dir='ltr'><strong>καὶ</strong></span> <span class='ocrx_word' id='word_1_870' title='bbox 2447 5213 2703 5282; x_wconf 85' lang='grc' dir='ltr'>δαίμονες</span> <span class='ocrx_word' id='word_1_871' title='bbox 2761 5215 3062 5283; x_wconf 78' lang='grc' dir='ltr'>κατάφοδοι</span> <span class='ocrx_word' id='word_1_872' title='bbox 3113 5218 3379 5286; x_wconf 83' lang='grc' dir='ltr'>γίνονται,</span> <span class='ocrx_word' id='word_1_873' title='bbox 3432 5225 3529 5276; x_wconf 79' lang='grc' dir='ltr'><strong>καὶ</strong></span> <span class='ocrx_word' id='word_1_874' title='bbox 3573 5224 3719 5295; x_wconf 78' lang='grc' dir='ltr'>μόνῳ</span> <span class='ocrx_word' id='word_1_875' title='bbox 3742 5225 3788 5258; x_wconf 72' lang='grc' dir='ltr'><strong>ε’</strong></span> 
     </span>
    </p>
   </div>
   <div class='ocr_carea' id='block_1_115' title="bbox 2197 5305 3788 5383">
    <p class='ocr_par' dir='ltr' id='par_1_115' title="bbox 2197 5305 3788 5383">
     <span class='ocr_line' id='line_1_116' title="bbox 2197 5305 3788 5383; baseline 0.01 -24"><span class='ocrx_word' id='word_1_876' title='bbox 2197 5308 2275 5377; x_wconf 84' lang='grc' dir='ltr'><strong>τῷ</strong></span> <span class='ocrx_word' id='word_1_877' title='bbox 2303 5306 2529 5376; x_wconf 84' lang='grc' dir='ltr'>φεύγειν</span> <span class='ocrx_word' id='word_1_878' title='bbox 2562 5305 2863 5370; x_wconf 76' lang='grc' dir='ltr'>σώζονταιο</span> <span class='ocrx_word' id='word_1_879' title='bbox 2889 5308 2922 5378; x_wconf 84' lang='grc' dir='ltr'>ἦ</span> <span class='ocrx_word' id='word_1_880' title='bbox 2951 5307 3127 5373; x_wconf 75' lang='grc' dir='ltr'>οὕτως</span> <span class='ocrx_word' id='word_1_881' title='bbox 3154 5311 3366 5381; x_wconf 81' lang='grc' dir='ltr'>ἀλόγως</span> <span class='ocrx_word' id='word_1_882' title='bbox 3408 5314 3646 5371; x_wconf 67' lang='grc' dir='ltr'>ἕπεσθαι</span> <span class='ocrx_word' id='word_1_883' title='bbox 3672 5324 3788 5383; x_wconf 80' lang='grc' dir='ltr'>τοῖς</span> 
     </span>
    </p>
   </div>
   <div class='ocr_carea' id='block_1_116' title="bbox 2198 5392 3795 5478">
    <p class='ocr_par' dir='ltr' id='par_1_116' title="bbox 2198 5392 3795 5478">
     <span class='ocr_line' id='line_1_117' title="bbox 2198 5392 3795 5478; baseline 0.011 -31"><span class='ocrx_word' id='word_1_884' title='bbox 2198 5395 2665 5466; x_wconf 59' lang='grc' dir='ltr'>παραδεδομένος</span> <span class='ocrx_word' id='word_1_885' title='bbox 2722 5392 2812 5449; x_wconf 76' lang='grc' dir='ltr'>οἷα</span> <span class='ocrx_word' id='word_1_886' title='bbox 2842 5396 2956 5451; x_wconf 84' lang='grc' dir='ltr'>τῶν</span> <span class='ocrx_word' id='word_1_887' title='bbox 2984 5397 3154 5469; x_wconf 79' lang='grc' dir='ltr'>ῥινῶν</span> <span class='ocrx_word' id='word_1_888' title='bbox 3191 5400 3529 5472; x_wconf 79' lang='grc' dir='ltr'>ἑλκόμενον;</span> <span class='ocrx_word' id='word_1_889' title='bbox 3564 5408 3795 5478; x_wconf 82' lang='grc' dir='ltr'>Ἔγωγε</span> 
     </span>
    </p>
   </div>
   <div class='ocr_carea' id='block_1_117' title="bbox 2197 5484 3795 5571">
    <p class='ocr_par' dir='ltr' id='par_1_117' title="bbox 2197 5484 3795 5571">
     <span class='ocr_line' id='line_1_118' title="bbox 2197 5484 3795 5571; baseline 0.019 -44"><span class='ocrx_word' id='word_1_890' title='bbox 2197 5484 2293 5542; x_wconf 68' lang='grc' dir='ltr'><strong>οὖν</strong></span> <span class='ocrx_word' id='word_1_891' title='bbox 2345 5487 2593 5558; x_wconf 78' lang='grc' dir='ltr'>ζητήσας</span> <span class='ocrx_word' id='word_1_892' title='bbox 2625 5486 2808 5560; x_wconf 69' lang='grc' dir='ltr'>εὖρον,</span> <span class='ocrx_word' id='word_1_893' title='bbox 2852 5490 2946 5544; x_wconf 75' lang='grc' dir='ltr'>καὶ</span> <span class='ocrx_word' id='word_1_894' title='bbox 2982 5492 3242 5562; x_wconf 80' lang='grc' dir='ltr'>κρούοντι</span> <span class='ocrx_word' id='word_1_895' title='bbox 3270 5495 3557 5568; x_wconf 79' lang='grc' dir='ltr'>διηνοίχθη</span> <span class='ocrx_word' id='word_1_896' title='bbox 3595 5518 3692 5570; x_wconf 88' lang='grc' dir='ltr'><strong>μοι</strong></span> <span class='ocrx_word' id='word_1_897' title='bbox 3724 5505 3795 5571; x_wconf 82' lang='grc'><strong>⁵⁸,</strong></span> 
     </span>
    </p>
   </div>
   <div class='ocr_carea' id='block_1_118' title="bbox 3065 5658 3772 5731">
    <p class='ocr_par' dir='ltr' id='par_1_118' title="bbox 3065 5658 3772 5731">
     <span class='ocr_line' id='line_1_119' title="bbox 3065 5658 3772 5731; baseline 0.014 -20"><span class='ocrx_word' id='word_1_898' title='bbox 3065 5659 3111 5691; x_wconf 70' lang='grc'>⁴⁹</span> <span class='ocrx_word' id='word_1_899' title='bbox 3136 5658 3306 5731; x_wconf 80' lang='grc' dir='ltr'>ἄκων,</span> <span class='ocrx_word' id='word_1_900' title='bbox 3342 5665 3404 5719; x_wconf 88' lang='grc' dir='ltr'><strong>Β.</strong></span> <span class='ocrx_word' id='word_1_901' title='bbox 3512 5664 3560 5697; x_wconf 79' lang='grc'><em>³⁸</em></span> <span class='ocrx_word' id='word_1_902' title='bbox 3587 5669 3772 5721; x_wconf 78' lang='grc' dir='ltr'>εἰπὼν</span> 
     </span>
    </p>
   </div>
   <div class='ocr_carea' id='block_1_119' title="bbox 2559 5722 3861 5808">
    <p class='ocr_par' dir='ltr' id='par_1_119' title="bbox 2559 5722 3861 5808">
     <span class='ocr_line' id='line_1_120' title="bbox 2559 5722 3861 5808; baseline 0.017 -34"><span class='ocrx_word' id='word_1_903' title='bbox 2559 5722 2999 5808; x_wconf 49' lang='grc' dir='ltr'>’δωκαταπειθεζ</span> <span class='ocrx_word' id='word_1_904' title='bbox 3032 5731 3095 5785; x_wconf 83' lang='lat' dir='ltr'><strong>A.</strong></span> <span class='ocrx_word' id='word_1_905' title='bbox 3143 5761 3207 5770; x_wconf 90' lang='lat'><strong>-—</strong></span> <span class='ocrx_word' id='word_1_906' title='bbox 3234 5722 3566 5808; x_wconf 75' lang='grc' dir='ltr'>καταπειθῆ,</span> <span class='ocrx_word' id='word_1_907' title='bbox 3620 5738 3686 5793; x_wconf 89' lang='lat' dir='ltr'><strong>C.</strong></span> <span class='ocrx_word' id='word_1_908' title='bbox 3728 5739 3794 5794; x_wconf 85' lang='lat' dir='ltr'><strong>F.</strong></span> <span class='ocrx_word' id='word_1_909' title='bbox 3851 5760 3861 5773; x_wconf 65' lang='grc' dir='ltr'><strong>ι</strong></span> 
     </span>
    </p>
   </div>
   <div class='ocr_carea' id='block_1_120' title="bbox 520 5772 2675 5861">
    <p class='ocr_par' dir='ltr' id='par_1_120' title="bbox 520 5772 2675 5861">
     <span class='ocr_line' id='line_1_121' title="bbox 520 5772 2675 5861; baseline 0.013 -39"><span class='ocrx_word' id='word_1_910' title='bbox 520 5773 565 5803; x_wconf 78' lang='grc'><strong><em>⁵⁵</em></strong></span> <span class='ocrx_word' id='word_1_911' title='bbox 600 5772 901 5845; x_wconf 64' lang='grc' dir='ltr'>ἐνέλειπεν,</span> <span class='ocrx_word' id='word_1_912' title='bbox 931 5772 993 5835; x_wconf 87' lang='grc' dir='ltr'><strong>Β.</strong></span> <span class='ocrx_word' id='word_1_913' title='bbox 1070 5781 1118 5814; x_wconf 82' lang='grc'><strong>⁸⁸</strong></span> <span class='ocrx_word' id='word_1_914' title='bbox 1143 5772 1339 5854; x_wconf 62' lang='grc' dir='ltr'>αὐτῆς,</span> <span class='ocrx_word' id='word_1_915' title='bbox 1368 5786 1428 5844; x_wconf 90' lang='grc' dir='ltr'><strong>Β.</strong></span> <span class='ocrx_word' id='word_1_916' title='bbox 1462 5772 1548 5848; x_wconf 51' lang='lat' dir='ltr'><strong>F,&#39;</strong></span> <span class='ocrx_word' id='word_1_917' title='bbox 1603 5790 1649 5829; x_wconf 77' lang='grc'><strong>⁸⁷</strong></span> <span class='ocrx_word' id='word_1_918' title='bbox 1680 5772 1838 5861; x_wconf 62' lang='grc' dir='ltr'>μονον</span> <span class='ocrx_word' id='word_1_919' title='bbox 1895 5790 1958 5847; x_wconf 84' lang='grc' dir='ltr'><strong>Β.</strong></span> <span class='ocrx_word' id='word_1_920' title='bbox 2266 5772 2484 5859; x_wconf 43' lang='lat'><strong>145.13.,</strong></span> <span class='ocrx_word' id='word_1_921' title='bbox 2515 5789 2581 5860; x_wconf 79' lang='grc' dir='ltr'>ζ’,</span> <span class='ocrx_word' id='word_1_922' title='bbox 2609 5772 2675 5858; x_wconf 35' lang='grc' dir='ltr'><strong>ζ’..</strong></span> 
     </span>
    </p>
   </div>
  </div>
