4060 6446
290 403 406 467 873

1315 395 1497 459 VITA
1541 396 1603 456 S.
1643 392 2007 452 CYPRIANI
2052 393 2552 454 ANTIOCHENI.

3454 370 3568 448 871‘

294 511 392 566 καὶ
421 510 602 576 φωτὸς
630 511 885 578 γνώσεως
920 511 1333 582 ὲπιλάμψαντός
1364 530 1467 582 μου
1491 517 1556 584 τῇ
1590 511 1788 584 καρδίᾳ
1813 511 1880 572 ¹⁹ο

1987 514 2102 568 sola
2147 513 2272 584 fuga
2313 519 2603 566 servantur
2650 525 2763 564 :an
2799 507 2876 564 sic
2921 508 3055 562 citra
3106 503 3371 559 rationem
3406 505 3559 573 sequi

297 604 560 674 καθαρῶς
619 603 791 673 ἔγνων
839 607 922 658 δτι
975 605 1042 658 τὰ
1077 605 1177 674 μὲν
1207 603 1403 658 εἴδωλα
1453 607 1615 659 ταυτὶ
1641 606 1710 658 τὰ
1745 605 1876 673 παρ’

299 697 456 766 ὑμῶν
488 696 786 766 σεϐόμενα,
811 697 996 766 ἀπάτη
1058 695 1221 766 μόνον
1251 697 1360 749 εἰσὶ
1409 699 1503 750 καὶ
1534 697 1757 764 ψεῦδος,
1792 695 1880 750 ἐπ’

293 788 527 857 ὀνόματι
560 786 697 841 Θεοῦ
729 788 1185 860 προσκυνούμενα
1206 804 1219 816 '
1245 783 1323 851 εἷς
1358 789 1415 842 δὲ
1450 789 1656 860 ἀληθὴς
1684 791 1729 823 ⁸⁸
1749 789 1882 852 Θεὸς

295 878 324 928 ὁ
357 875 615 945 Χριστὸς,
661 876 786 930 τοὺς
837 879 915 939 είς
964 877 1129 931 αὐτὸν
1164 877 1528 942 πιστεύοντας
1576 879 1880 948 δυνάμενος

300 966 520 1030 σώζειν.

1982 621 2044 660 ea
2076 620 2196 674 qua:
2237 613 2366 658 sunt
2411 603 2630 667 tradita,
2667 601 2896 671 perinde
2927 616 2990 653 ac
3034 599 3079 654 si
3130 603 3378 653 traherer
3409 599 3560 650 nari-

1982 697 2120 750 bus?
2155 696 2267 766 Ego
2333 697 2514 765 itaque
2557 709 2679 751 cum
2727 693 3067 764 quasiissem
3103 689 3310 753 inveni,
3346 699 3400 744 et
3440 691 3562 760 pul-

1982 788 2127 842 santi
2169 787 2301 843 mihi
2353 787 2457 842 fuit
2498 796 2770 857 apertum.
2821 784 3044 840 Etcum
3097 784 3188 838 lux
3235 782 3562 850 cognitionis

1982 893 2104 934 meo
2131 879 2279 934 cordi
2318 877 2606 945 illuxisset,
2645 892 2778 947 pure
2827 877 3080 948 cognovi,
3112 875 3258 945 quod
3294 874 3418 928 bazc
3443 873 3564 942 qui-

1984 971 2106 1024 dem
2152 970 2465 1031 simulucra,
2497 984 2618 1038 quae
2655 967 2870 1022 awobis
2901 968 3176 1032 coluntur,
3208 974 3337 1020 sunt
3387 963 3562 1018 solum

300 1059 558 1128 rleceptio
619 1070 676 1115 et
743 1063 1118 1128 mendacium,
1174 1079 1295 1133 quae
1331 1065 1433 1119 sub
1477 1065 1570 1120 Dei
1607 1065 1830 1118 nomine
1865 1061 2185 1116 adorantur.
2229 1061 2379 1116 Unus
2423 1069 2606 1116 autem
2645 1073 2808 1116 verus
2839 1060 2981 1114 Deus
3025 1069 3104 1114 est
3159 1058 3436 1122 Christus,
3471 1057 3562 1125 qui

296 1165 482 1223 potest
511 1172 734 1215 servare
767 1175 883 1225 eos,
908 1160 998 1228 qui
1026 1160 1082 1214 in
1114 1161 1290 1230 ipsum
1320 1163 1568 1216 credunt.

377 1249 505 1306 Kl".
537 1251 766 1315 Τούτοις
794 1254 822 1306 ὁ
843 1254 1021 1323 κόμης
1047 1255 1127 1316 είς
1150 1253 1318 1325 ὀργὴν
1349 1254 1614 1325 κινηθεὶς,
1638 1253 1713 1324 μὴ
1743 1252 1882 1321 ἔχων

299 1340 332 1394 ὅ
356 1357 409 1394 τι
438 1343 571 1396 ποτε
602 1343 738 1413 πρὸς
763 1343 1021 1414 τοιαύτην
1042 1344 1220 1412 λόγων
1249 1346 1406 1414 ἰσχὺν
1438 1344 1880 1415 άντιφθέγξαιτο,

299 1435 367 1486 τὺ
392 1433 688 1504 πρόχειρον
729 1436 926 1501 ἐποίει,
955 1437 1050 1489 καὶ
1080 1439 1195 1499 τοῖς
1237 1439 1379 1508 ὀργῇ
1415 1437 1721 1503 κινηθεῖσιν
1749 1437 1883 1489 ἀκό-

298 1526 498 1580 λουθον
518 1543 534 1557 ο
574 1525 671 1580 καὶ
697 1527 737 1559 ⁸³
770 1527 863 1581 τὸν
895 1528 1052 1595 ἆγιον
1108 1529 1207 1597 μὲν
1242 1527 1464 1581 ἐκέλευε
1493 1527 1881 1597 κρεμασθέντα

299 1616 528 1682 ξέεσθαι
550 1635 566 1650 ο
603 1619 902 1672 Ἰουστίναν
931 1618 989 1672 δὲ
1037 1621 1180 1672 κατά
1209 1620 1271 1672 τὸ
1302 1621 1600 1688 πρόσωπον
1633 1623 1728 1674 καὶ
1753 1621 1882 1683 τοὺς

298 1709 620 1780 ὀφθαλμοὺς
672 1709 997 1775 τύπτεσθαι,
1035 1712 1140 1766 κᾶν
1182 1713 1370 1783 ἐκείνη
1393 1715 1440 1745 ⁶¹
1474 1714 1604 1777 τοὺς
1664 1718 1886 1783 βασανι-

303 1803 441 1866 στάς
470 1805 575 1856 οὐκ
604 1802 843 1865 αἰκίζειν
869 1803 1046 1856 ἐδόκει
1081 1804 1288 1873 μᾶλλον
1333 1803 1366 1874 ἢ
1399 1805 1536 1875 πρὸς
1562 1804 1702 1858 Θεοῦ
1740 1804 1887 1870 δοξο-
1916 1843 1960 1899 Β

299 1895 492 1962 λογίαν
545 1893 734 1963 ὥσπερ
798 1896 1240 1968 ὑπομιμνήσκειν
1275 1899 1362 1930 ⁸³⁸
1403 1898 1717 1967 τυπτομένη
1769 1898 1878 1967 γάρ

298 1985 450 2039 οὕτω
490 1987 861 2058 γεγωνότερον
907 1988 1205 2058 ὲξεὸόησεο
1246 1991 1383 2056 Δόξα
1427 2007 1530 2054 σοι,
1589 1993 1616 2044 ὁ
1649 1991 1805 2054 Θεὸς,
1851 1991 1879 2043 ὁ

299 2069 540 2142 ἀναξίαν
570 2095 634 2147 με
667 2075 835 2132 οὖσαν
882 2081 1338 2152 οἰκειωσάμενος,
1374 2084 1467 2134 καὶ
1495 2082 1634 2153 ὑπὲρ
1661 2082 1754 2134 τοῦ
1785 2082 1879 2134 σοῦ

301 2169 500 2222 παθεῖν
527 2187 593 2241 με
613 2172 960 2238 καταξιώσας
978 2174 1264 2244 ὀνόματος.
1292 2175 1400 2227 Καὶ
1421 2174 1564 2228 οὕτω
1593 2178 1880 2244 πάσχουσα

297 2262 660 2334 διεκαρτέρει,
685 2265 760 2328 ὼς
797 2265 966 2336 αὐτὴν
1003 2266 1168 2337 μηδὲν
1221 2268 1268 2298 ⁸⁵
1319 2267 1566 2335 ἀγεννὲς,
1619 2267 1651 2337 ἢ
1687 2270 1754 2338 τῇ
1785 2269 1882 2338 θη-

296 2352 423 2423 λείᾳ
453 2354 612 2423 φύσει
668 2357 764 2410 καὶ
822 2359 1040 2410 ἀσθενεῖ
1089 2358 1430 2426 κατάλληλον
1463 2359 1876 2424 ἐπιδείξασθαι·

295 2443 428 2507 τοὺς
454 2445 756 2512 τύπτοντας
779 2448 836 2501 δὲ
865 2448 1241 2519 άτονήσαντας
1277 2449 1377 2517 τῆς
1437 2448 1676 2518 βασάνου
1743 2447 1882 2501 παύ-

299 2535 525 2588 σασθαι.
579 2538 896 2607 Κυπριανὸς
943 2537 1054 2592 δὲό
1106 2539 1250 2602 θεῖος
1305 2537 1556 2608 ξεόμενος
1609 2539 1655 2569 ⁵⁸
1711 2537 1882 2606 αὐτῆς

295 2629 444 2682 κατὰ
465 2629 778 2698 πρόσωπον,
800 2629 972 2693 οὓτως
999 2626 1066 2700 ἦν
1098 2629 1468 2691 άταπείνωτός
1501 2646 1556 2681 τε
1591 2629 1682 2681 καὶ
1710 2644 1880 2699 μεγα-

294 2719 536 2790 λόφρων,
577 2722 670 2774 καὶ
713 2721 969 2784 τοιαύτας
1015 2720 1312 2792 ἀνδρώδεις
1366 2721 1412 2752 ⁸⁸
1469 2721 1566 2773 καί⁵
1597 2720 1876 2790 μακαρίας

292 2811 449 2878 ἠφίει
503 2812 707 2878 φωνὰς,
755 2811 830 2875 ὡς
862 2813 989 2875 τοὺς
1047 2811 1420 2880 περιεστῶτας
1450 2810 1751 2874 ἀκούοντας
1799 2811 1879 2874 είς

294 2901 494 2954 ἑαυτὸν
540 2903 902 2967 ἐπισπᾶσθαι,
936 2904 1032 2955 καὶ
1059 2903 1152 2956 τοῦ
1185 2903 1282 2972 τῆς
1317 2904 1578 2965 ἀπιστίας
1604 2903 1647 2934 ⁸⁷
1679 2901 1878 2971 βάθους

293 2993 737 3064 ἀναλαμϐάνειν·
770 2994 924 3062 ἔλεγε
955 2995 1066 3065 γὰρ
1097 2995 1233 3065 πρὸς
1259 2996 1350 3048 τὸν
1372 2994 1610 3065 κόμητα,
1643 2993 1878 3048 ἀποϐλέ-

293 3087 405 3157 ψας
437 3085 583 3154 μάλα
599 3088 844 3154 γενναῖον
870 3086 966 3139 καὶ
987 3086 1192 3156 πλῆρες
1215 3087 1560 3157 φρονήματος
1586 3087 1840 3154 εὐγενοῦς
1859 3101 1874 3115 ⁶

295 3161 418 3230 Ἵνα
435 3179 488 3230 τί
516 3176 689 3241 οὕτως
747 3179 1136 3248 ἀπονενόησαι,
1188 3178 1375 3243 ἀνάξιε
1396 3178 1598 3249 δηλαδὴ
1642 3179 1743 3249 τῆς
1768 3179 1878 3232 τῶν
1908 3199 1950 3256 C

290 3269 542 3338 οὐρανῶν
572 3270 875 3338 βασιλείας,
903 3271 1046 3342 ὑπὲρ
1075 3267 1142 3344 ἧς
1161 3267 1280 3340 Ἐγὼ
1304 3271 1482 3326 πάντα
1512 3271 1705 3325 παθεῖν
1737 3273 1878 3325 είλό⁴

295 3377 431 3431 μην,
479 3361 553 3424 ὡς
611 3363 705 3415 καὶ
757 3364 912 3416 αὐτοὶ
949 3365 1226 3434 μάρτυρες
1277 3364 1328 3417 oi
1362 3364 1447 3417 σοὶ
1476 3363 1552 3434 μὴ
1589 3363 1878 3434 βλέποντες

291 3451 595 3523 ὀφθαλμοίς
627 3455 688 3508 οὐ
715 3455 968 3524 συνήσεις
992 3472 1008 3519 ;
1035 3456 1136 3508 οὐκ
1158 3455 1518 3526 ἀναϐλέψειςς
1548 3457 1648 3509 ούκ
1675 3457 1796 3526 εἴσῃ
1825 3456 1878 3509 τί

294 3540 360 3591 τὸ
390 3541 506 3609 ιρῶς
534 3542 812 3613 ἀληθινὸν,
847 3544 944 3598 καὶ
965 3545 1024 3596 τὸ
1047 3545 1237 3609 σκότος
1266 3545 1552 3599 ἀπολιπὼν
1583 3546 1721 3616 πρδς
1748 3545 1879 3598 αὐτὸ

296 3633 798 3704 μεταπορευθήσῃ;

369 3725 494 3777 KA’.
539 3725 664 3778 Ἐπὶ
697 3729 910 3790 τούτοις
931 3731 958 3782 ὀ
995 3732 1174 3800 κόμης
1206 3731 1343 3802 πρὸς
1397 3731 1758 3786 ἕκαστοντῶν
1791 3733 1878 3786 λε-

292 3817 546 3885 γομένων
583 3817 948 3890 σφοδροτέραν
982 3822 1133 3890 αὐτῷ
1155 3823 1254 3893 τὴν
1285 3823 1479 3894 ὀδύνην
1506 3825 1772 3889 ἐπιτιθείς
1808 3826 1876 3858 ⁸⁸⁸

295 3905 409 3958 Καὶ
446 3909 494 3960 εί
549 3907 821 3962 ἀθανάτου
885 3914 1186 3979 βασιλείας,
1257 3915 1433 3983 ἔλεγε,
1495 3918 1760 3987 φαίνομαί
1795 3934 1876 3970 σοι

291 4000 556 4070 πρόξενος
587 4003 683 4068 ὢν,
715 4005 796 4059 ἔτι
833 4023 916 4060 σοι
945 4006 1406 4060 πολλαπλπσιάσω
1437 4008 1536 4076 τὴν
1577 4007 1876 4078 τιμωρίαν,

293 4093 395 4146 καὶ
425 4095 616 4162 μισθόν
649 4114 741 4166 μοι
766 4100 983 4162 πάντως
1010 4099 1268 4169 ὀφλήσεις
1296 4101 1396 4166 τῆς
1427 4101 1754 4170 εὐεργεσίας
1781 4103 1878 4154 καὶ

291 4182 407 4234 τῶν
440 4186 700 4256 χαρίτων,
735 4183 812 4242 ὧν
846 4189 958 4258 ἐγώ
991 4209 1070 4244 σοι
1108 4191 1369 4260 πρόξενος
1397 4193 1646 4260 γίνομαι.
1687 4193 1876 4248 Ταῦτα

291 4277 466 4330 εἰπὼν
512 4281 604 4331 καὶ
637 4283 834 4352 μικρόν
885 4301 936 4336 τι
970 4283 1110 4347 ξέειν
1164 4287 1599 4356 παραχωρήσας,
1632 4281 1750 4338 εἶτα
1777 4287 1877 4354 τῆς

291 4368 567 4437 τιμωρίας
591 4369 896 4436 επαύσατο,
941 4375 1043 4426 οὐκ
1090 4376 1156 4426 ἐκ
1188 4374 1619 4443 φιλανθρωπίας,
1652 4375 1784 4429 ἀλλὰ
1818 4375 1878 4439 ἐξ

289 4459 549 4531 ἀπορίας,
583 4463 856 4530 ἀπογνοὺς
885 4463 1076 4535 ὥσπερ
1105 4465 1202 4535 τὴν
1223 4465 1330 4518 τῶν
1358 4465 1532 4534 ἁγίων
1558 4466 1871 4535 μετάθεσιν.

2056 1243 2252 1300 XXIII.
2317 1242 2414 1300 llis
2465 1257 2653 1300 comes
2704 1247 2772 1301 ad
2823 1245 2961 1301 iram
3017 1257 3219 1313 motus,
3274 1264 3398 1304 cum
3456 1266 3564 1307 non

1985 1335 2212 1393 haberet
2253 1337 2387 1408 quid
2421 1337 2622 1394 talibus
2669 1338 2888 1394 dicendi
2924 1338 3136 1394 viribus
3185 1344 3562 1413 responderet,

1983 1429 2116 1486 facit
2152 1429 2230 1496 id,
2255 1429 2403 1500 quod
2437 1439 2554 1485 erat
2584 1431 2638 1484 in
2674 1438 2953 1501 promptu,
2988 1439 3045 1486 et
3071 1434 3217 1502 quod
3252 1442 3335 1488 est
3374 1449 3566 1490 conse-

1988 1537 2167 1591 quens
2203 1521 2270 1576 iis
2297 1523 2392 1592 qui
2426 1521 2630 1576 fuerint
2669 1520 2814 1575 irati.
2849 1520 3112 1576 Sanctum
3145 1523 3367 1592 quidem
3399 1521 3582 1594 jussit‘

1986 1627 2317 1683 suspensum
2367 1611 2604 1681 discerpi
2639 1629 2654 1666 :
2686 1611 2915 1667 Iustinae
2965 1623 3148 1666 autem
3184 1628 3246 1667 os
3289 1613 3566 1669 verberari

1986 1713 2041 1758 et
2075 1705 2284 1769 oculos,
2316 1704 2418 1758 etsi
2446 1703 2536 1758 illa
2567 1718 2676 1757 non
2710 1713 2819 1758 tam
2853 1704 3132 1758 videretur
3163 1703 3301 1758 caedi
3332 1720 3362 1759 a
3394 1713 3569 1758 torto—

1986 1795 2158 1856 ribus,
2195 1811 2358 1865 quam
2391 1795 2792 1864 quodammodo
2823 1793 3142 1849 meminisse
3175 1794 3266 1849 Dei
3299 1795 3568 1865 glorifica-

1989 1885 2176 1940 tionis.
2227 1885 2361 1940 Nam
2411 1900 2536 1941 cum
2572 1885 2651 1940 sic
2697 1885 3098 1953 verberaretur,
3135 1885 3241 1940 alta
3286 1901 3420 1942 voce
3453 1890 3568 1941 cla-

1987 1979 2172 2033 mabat
2216 1995 2232 2033 :
2283 1978 2466 2035 Gloria
2522 1979 2642 2046 tibi,
2707 1980 2868 2043 Deus,
2923 1980 3015 2050 qui
3053 1995 3160 2046 me,
3221 1994 3345 2034 cum
3387 1996 3566 2036 essem

1990 2072 2232 2141 indigna,
2267 2072 2362 2126 tibi
2415 2071 2595 2126 fecisti
2657 2073 3002 2138 familiarem,
3049 2083 3103 2127 et
3161 2074 3380 2144 dignam
3435 2089 3563 2128 cen-

1990 2162 2170 2224 suisti,
2222 2173 2282 2219 ut
2315 2180 2415 2234 pro
2447 2174 2540 2219 tuo
2577 2176 2793 2234 paterer
2823 2164 3070 2220 nomine.
3109 2165 3176 2219 Et
3219 2165 3298 2219 sic
3328 2164 3562 2234 patiens,

1989 2257 2124 2310 adeo
2149 2271 2208 2310 se
2236 2255 2450 2310 fortiter
2482 2259 2667 2327 gessit,
2696 2265 2754 2310 ut
2787 2256 2922 2309 nihil
2948 2257 3263 2310 ostenderet
3287 2255 3564 2322 ignavum,

1990 2358 2086 2402 aut
2122 2347 2373 2402 muliebri
2404 2357 2460 2401 et
2496 2347 2780 2404 imbecilla:
2815 2357 3023 2402 naturae
3053 2348 3388 2403 conveniens
3425 2365 3436 2399 :
3473 2350 3566 2415 qui

1989 2447 2173 2494 autem
2236 2439 2622 2503 verberabant,
2693 2439 3080 2494 deﬁcientibus
3136 2439 3218 2494 eis
3277 2439 3567 2506 viribus’,a

1989 2528 2282 2584 tormentis
2323 2538 2694 2584 cessaverunt.
2751 2528 2979 2584 Divinus
3024 2537 3204 2582 autem
3241 2527 3566 2599 Cyprianus.

1988 2637 2112 2678 cum
2159 2637 2221 2676 os
2255 2621 2372 2688 ejus
2409 2619 2730 2684 caederetur,
2789 2620 2948 2690 plane
3000 2632 3113 2675 erat
3159 2637 3356 2692 magno
3394 2631 3450 2676 et
3478 2637 3570 2675 ex-

1988 2713 2136 2769 celso
2168 2714 2374 2775 animo,
2407 2727 2510 2768 nec
2538 2711 2714 2784 frangi
2746 2722 2842 2767 aut
2886 2713 3050 2783 dejici
3085 2722 3323 2783 poterat,
3354 2713 3570 2769 viriles-

1987 2820 2093 2874 que
2128 2813 2184 2860 et
2218 2805 2406 2860 beatas
2446 2803 2580 2860 tales
2605 2804 2804 2859 edebat
2832 2818 3015 2869 voces,
3049 2812 3110 2858 ut
3149 2803 3439 2858 audientes
3471 2817 3569 2858 eos

1987 2897 2082 2966 qui
2126 2895 2626 2961 circumsistebant,
2662 2895 2732 2950 ad
2772 2909 2831 2949 se
2857 2894 3158 2949 attralieret
3187 2902 3244 2948 et
3275 2894 3343 2948 ab
3387 2893 3569 2948 incre-

1987 2989 2230 3045 dulitatis
2276 2988 2551 3059 profundo
2594 2987 2856 3058 eriperet.
2897 2985 3122 3043 Dicebat
3157 2991 3305 3041 enim
3355 2987 3566 3049 comiti,

1986 3095 2186 3152 magno
2225 3091 2278 3135 et
2314 3095 2580 3151 generoso
2622 3081 2828 3144 animo,
2858 3078 3178 3150 ingentique
3212 3078 3410 3149 spiritu
3440 3093 3567 3134 eum

1986 3171 2210 3224 intuens
2249 3187 2262 3222 :
2294 3173 2406 3223 Cur
2439 3185 2500 3224 es
2537 3169 2672 3225 adeo
2706 3179 2903 3224 emotae
2939 3171 3158 3234 mentis,
3197 3169 3431 3241 indignae
3463 3176 3570 3225 sct-

1983 3263 2114 3316 licet
2165 3277 2334 3331 regno
2397 3262 2657 3316 caelorum
2725 3275 2826 3331 pro
2881 3276 2990 3330 quo
3046 3275 3148 3332 ego
3209 3262 3392 3316 omnia
3455 3263 3567 3330 pati

1984 3355 2172 3416 statui,
2215 3365 2272 3409 ut
2313 3355 2385 3408 tui
2423 3370 2640 3424 quoque
2678 3363 2809 3408 sunt
2849 3362 3034 3416 testes.
3070 3353 3164 3423 qui
3207 3368 3314 3408 non
3347 3353 3562 3416 vident,

1983 3447 2170 3500 oculi?
2201 3445 2321 3499 Non
2370 3447 2650 3515 respicies,
2695 3461 2806 3501 non
2841 3459 3162 3516 cognosres,
3199 3461 3449 3515 quaenam
3496 3446 3569 3500 sit

1983 3553 2110 3592 vera
2148 3539 2240 3590 lux
2281 3557 2293 3591 :
2333 3547 2386 3591 et
2419 3537 2622 3591 relictis
2657 3537 2924 3602 tenebris,
2957 3538 3023 3591 ad
3056 3537 3232 3606 ipsam
3266 3537 3565 3594 transibis?

2055 3732 2245 3787 XXIV.
2299 3732 2531 3802 Propter
2595 3734 2706 3788 haec
2781 3748 2966 3787 comes
3020 3733 3085 3789 ad
3133 3737 3564 3806 unumquodque

1981 3845 2171 3884 eorum
2231 3845 2350 3898 quzc
2379 3829 2723 3890 dicebantur,
2787 3833 3093 3901 graviorem
3149 3833 3196 3885 ei
3268 3832 3565 3902 imponens

1981 3919 2223 3973 dolorem
2256 3936 2270 3973 :
2302 3919 2381 3984 Si,
2415 3921 2610 3988 inquit,
2648 3920 2739 3973 tibi
2776 3921 2959 3974 videor
2991 3921 3299 3975 immortale
3332 3937 3560 3992 regnum

1986 4010 2303 4073 conciliare,
2357 4010 2452 4062 tibi
2509 4010 2838 4080 supplicium
2867 4011 3049 4065 adhuc
3078 4011 3474 4082 multiplicabo,
3505 4025 3562 4066 et

1980 4101 2207 4154 omnino
2251 4099 2382 4155 mihi
2422 4099 2646 4156 habebis
2688 4106 2917 4173 gratiam
2954 4112 3179 4173 propter
3228 4105 3560 4162 beneficium

1981 4205 2036 4248 et
2065 4196 2350 4250 commoda
2377 4211 2609 4265 quorum
2645 4212 2746 4266 ego
2778 4214 2898 4252 sum
2931 4198 3024 4253 tibi
3055 4199 3398 4255 conciliator.
3435 4199 3563 4256 Haec

1981 4303 2104 4342 cum
2134 4289 2385 4351 dixisset,
2413 4298 2469 4343 et
2500 4289 2678 4344 adhuc
2705 4289 2986 4358 paululum
3019 4305 3144 4345 eum
3178 4291 3315 4346 credi
3343 4307 3565 4348 conces-

1982 4380 2166 4445 sisset,
2216 4380 2416 4435 dciude
2461 4383 2696 4436 cessavit
2735 4381 3002 4448 cruciare,
3053 4398 3163 4436 non
3205 4397 3271 4437 ex
3309 4383 3562 4440 humani-

1983 4481 2116 4535 tate,
2158 4472 2251 4529 sed
2283 4473 2428 4542 quod
2473 4471 2630 4542 inops
2661 4480 2808 4527 esset
2853 4473 3090 4538 consilii,
3135 4485 3194 4529 ut
3227 4476 3321 4546 qui
3369 4478 3562 4546 despe-

290 4552 395 4603 Διὰ
431 4551 496 4620 δὴ
541 4553 734 4619 ταῦτα,
773 4558 866 4608 καὶ
890 4559 968 4618 εἰς
1005 4557 1252 4626 φρουρὰν
1283 4557 1382 4627 μὲν
1409 4559 1500 4611 τὸν
1531 4559 1872 4630 Κυπριανὺν,

1985 4571 2158 4618 rasset
2194 4562 2305 4616 fieri
2351 4577 2534 4631 posse,
2583 4573 2660 4628 ut,
2709 4565 2884 4620 sancti
2931 4575 3296 4622 mutarentur.
3335 4567 3564 4637 Propter

304 4640 600 4696 ’ίουστίναν
631 4644 686 4697 δὲ
721 4647 800 4710 είς
850 4645 912 4698 τὸ
965 4650 1062 4712 τῆς
1107 4649 1431 4718 Τερεντίνης
1482 4651 1527 4682 ⁸⁸
1584 4652 1875 4720 λεγόμενον

290 4737 710 4808 φροντιστήριον
732 4738 1048 4809 ἀπαχθῆναι
1074 4741 1405 4812 προστάττει
1425 4758 1440 4772 ο
1465 4741 1623 4806 αὖθις
1647 4743 1703 4796 δὲ
1737 4746 1874 4813 μετὰ

293 4825 491 4897 χρόνον
515 4831 576 4882 οὐ
614 4829 989 4901 πολυήμερον,
1020 4833 1100 4894 είς
1135 4831 1385 4898 ἐξέτασιν
1415 4833 1677 4904 δευτέραν
1705 4853 1878 4907 παρα-

295 4921 638 4989 στησάμενος
665 4924 795 4986 τοὺς
830 4923 1043 4991 άγίους,
1087 4923 1376 4994 πραότητά
1429 4941 1489 4979 τε
1524 4927 1870 4996 ὑποκριθείς·

293 5009 390 5078 Μὴ
421 5010 711 5082 θελήσητε,
737 5012 864 5083 ἔφη,
891 5013 1168 5085 ἀνθρώπῳ
1200 5016 1246 5047 ⁷ο
1280 5015 1539 5069 τεθνεῶτι
1573 5017 1872 5087 ἀκολουθῆ-

298 5117 412 5167 σαι,
442 5104 576 5174 μηδὲ
603 5104 890 5158 πιστεῦσαι
945 5106 1023 5171 τῷ
1057 5106 1494 5178 τεθανατωμένῳ
1516 5108 1585 5160 τὰ
1609 5109 1705 5177 τῆς
1738 5109 1875 5176 ὑμε-

289 5198 458 5266 τέρας
512 5198 692 5267 ζωῆςο
734 5199 797 5252 οὐ
858 5200 966 5269 γὰρ
1026 5200 1291 5268 ζωοδότης
1342 5201 1615 5263 πάντωςὸ
1662 5202 1796 5272 μηδὲ
1829 5202 1870 5232 τ’

293 5283 475 5354 ἑαυτῷ
502 5290 757 5361 δυνηθεὶς
810 5290 1144 5359 ἐπαρκέσαι,
1207 5294 1301 5344 καὶ
1329 5294 1430 5363 τὴν
1459 5293 1663 5346 οἰκείαν
1692 5293 1873 5366 ψυχὴν

289 5373 726 5442 περισώσαοθαι,

360 5465 492 5520 KE'.
519 5465 632 5536 Τὴν
660 5474 983 5537 παραίνεσιν
1010 5474 1215 5545 ταύτην
1249 5475 1299 5528 οἱ
1326 5474 1471 5543 ἆγιοι
1501 5477 1577 5538 ὡς
1612 5476 1871 5546 περιττὴν

363 5649 411 5721 ιο
436 5648 538 5718 τὴν
560 5647 908 5721 καρδίανλΒ,
1026 5651 1072 5682 ⁶⁹
1101 5652 1409 5721 άληθεινδς,
1437 5657 1498 5712 Β.

296 5717 344 5748 ει
368 5717 803 5792 Pgopzﬁcgew,
825 5720 883 5775 Β,
924 5762 930 5767 .
961 5722 1006 5754 ⁸⁸
1029 5722 1156 5776 add.
1189 5717 1308 5792 μὲν,
1432 5727 1494 5782 C.
1528 5727 1585 5782 θ’.

1610 5659 1870 5732 “Deest,
1925 5661 1988 5726 Β,
2027 5669 2198 5725 recte,
2245 5671 2303 5717 ut
2336 5663 2468 5717 mibi
2525 5665 2748 5732 quidem
2783 5666 3020 5722 videtur.

1665 5730 1710 5760 “
1737 5729 2028 5801 ξεώμενος,
2059 5733 2118 5787 Β.

1977 4655 2093 4709 haec
2146 4655 2198 4706 in
2261 4667 2533 4708 carcerem
2590 4654 2810 4723 quidem
2871 4655 3225 4727 Cyprianum,
3283 4657 3558 4713 Justiuam

1977 4755 2158 4800 autem
2213 4745 2372 4814 jubet
2424 4745 2616 4800 adduci
2656 4747 2709 4800 in
2752 4745 3086 4809 Terentina'e,
3141 4748 3287 4817 quod
3337 4749 3558 4811 dicitur,

1977 4836 2399 4890 monasterium.
2460 4835 2671 4894 Rursus
2733 4845 2915 4893 autem
2979 4849 3108 4908 post
3175 4849 3390 4910 tempus
3447 4855 3556 4893 non

1979 4927 2276 4982 multorum
2321 4925 2558 4988 dierum,
2594 4941 2717 4982 cum
2751 4937 2974 4983 sanctos
3003 4930 3068 4982 ad
3101 4929 3396 4985 secundam
3429 4945 3557 4999 pro-

1979 5017 2229 5071 duxisset
2303 5016 2786 5080 examinationem,
2853 5019 3117 5073 simulans
3180 5020 3558 5075 mansuetudi-

1984 5122 2106 5160 nem
2141 5124 2155 5164 :
2191 5107 2390 5171 Nolite,
2449 5109 2646 5179 inquit,
2708 5109 2861 5178 sequi
2917 5111 3197 5166 hominem
3253 5122 3556 5172 mortuum,

1979 5213 2162 5270 neque
2204 5211 2383 5256 morte
2429 5201 2623 5262 affecto
2674 5215 2909 5257 vestram
2947 5204 3106 5258 fidem
3155 5207 3398 5260 credere.
3439 5205 3556 5259 Non

1976 5304 2060 5346 est
2111 5293 2258 5346 enim
2311 5295 2536 5349 omnino
2583 5297 2704 5350 vitae
2738 5293 2916 5363 dator,
2963 5297 3054 5366 qui
3100 5313 3168 5354 ne
3201 5298 3303 5353 sibi
3338 5298 3553 5368 quidem

1980 5387 2161 5457 potuit
2196 5402 2354 5456 opem
2389 5387 2553 5453 ferre,
2588 5397 2643 5442 et
2684 5403 2838 5443 suam
2873 5403 3094 5444 servare
3125 5389 3386 5454 animam.

2052 5475 2220 5533 XXV.
2282 5478 2436 5535 Hanc
2495 5480 2926 5536 admonitionem
2997 5491 3318 5552 reputantes
3379 5483 3559 5538 sancti

3125 5664 3169 5696 "
3210 5663 3462 5733 κάκείνη,
3497 5661 3556 5716 Β.

2225 5735 2269 5765 ⁸⁸
2298 5733 2635 5802 ἀνδριώδεις,
2657 5737 2714 5794 Β.
2812 5742 2854 5777 ⁸⁷
2877 5737 3186 5804 ἁπιστεξας,
3219 5734 3280 5788 Β.
3359 5733 3408 5765 ⁸⁸
3436 5736 3558 5786 ἐπει

286 5787 500 5858 τηθεὶς,
535 5787 595 5842 B.
674 5791 718 5820 ⁸³
764 5790 1101 5857 Τερεντίνος,
1137 5787 1201 5846 B.
1275 5787 1321 5828 ⁷⁸
1343 5793 1387 5852 ὦ
1417 5799 1712 5869 ἀνθρωττοι,
1747 5787 1807 5855 Β.
1848 5787 1860 5801 ’
1884 5803 1926 5836 ⁷⁸
2092 5803 2150 5857 Β.

620 5889 894 5949 Parnm.
929 5889 1043 5951 Gn.
1079 5891 1266 5953 CXV.

1748 5973 1868 5998 δυνά--

3205 5903 3280 5964 '28
