4060 6442
270 413 372 483 881

1336 417 1439 477 MA
1451 416 1806 480 RTYRIUM
1839 415 1902 478 S.
1945 418 2032 478 CA
2045 417 2470 479 LLISTRATI.

3397 413 3534 480 .882

275 530 471 600 μένου,
531 529 627 582 καὶ
665 527 774 582 τῶν
805 529 1005 597 τιμίων
1056 527 1197 582 οὕτω
1227 527 1499 598 λειψάνων
1557 531 1849 599 κειμένων,
1880 577 1885 590 .

1960 529 2202 598 iacerent
2270 529 2537 600 reliquiae,
2604 529 2825 600 quidam
2890 543 2956 583 ex
3022 524 3373 604 Christianis,
3440 524 3533 593 qui

273 620 588 674 διαπόντιον
637 621 700 673 ἐκ
729 619 832 689 τῆς
874 619 1096 690 Ῥώμης
1130 621 1358 692 πορείαν
1389 622 1534 686 τινὲς
1581 621 1689 675 τῶν
1716 621 1853 693 Χρι-

275 709 509 764 στιανῶν
564 709 936 782 στελλόμενοι,
995 712 1117 765 ἐπεὶ
1151 712 1241 765 τὸν
1284 711 1382 782 μὲν
1434 712 1594 780 ἆγιον
1650 712 1852 774 ἰδόντες

275 800 441 864 εὐθὺς
484 800 812 870 ἐγνώρισαν,
877 802 978 854 οὐκ
1032 799 1180 872 εἶχον
1203 801 1260 854 δὲ
1300 802 1426 864 τοὺς
1452 800 1560 854 τῶν
1594 800 1850 870 φυλάκων

273 889 461 944 λαϐεῖν
496 891 811 960 ὀφθαλμούς
835 911 846 922 ·
871 891 921 944 οἳ
957 891 1047 945 ἐπ’
1102 891 1234 945 αὐτὸ
1274 890 1431 944 τοῦτο
1457 890 1502 923 ¹⁹
1541 891 1851 964 παρέμενον

274 983 373 1054 τὴν
397 984 508 1036 τῶν
536 983 808 1052 λειψάνων
837 981 1084 1053 φυλακὴν
1127 983 1614 1054 ἐπιτετραμμένοι,
1644 984 1740 1037 τοῦ
1777 983 1852 1055 μὴ

276 1074 430 1144 παρά
465 1090 632 1128 τινων
693 1074 1084 1143 ἀποκλαπῆναι
1129 1073 1303 1128 ταῦτα
1351 1073 1456 1138 ἕως
1479 1073 1546 1129 ἂν
1600 1074 1850 1144 φθάσωσι

271 1164 451 1237 τροφή
479 1166 525 1197 ³⁸
573 1167 839 1230 πετεινοῖς
864 1166 962 1220 καὶ
1005 1165 1215 1246 Grip-(ou;
1245 1166 1530 1236 γινόμενα,
1560 1167 1671 1221 οὐδ’
1697 1166 1854 1220 αὐτοὶ

271 1255 376 1327 τῆς
410 1257 737 1328 προσεδρῑας
777 1259 817 1290 ⁸⁸
851 1258 1088 1329 ἠμέλουν
1149 1259 1309 1330 ἄχρις
1364 1252 1423 1313 οὗ
1453 1260 1498 1291 ³³
1538 1260 1586 1312 oi
1613 1259 1854 1329 φύλακες

277 1351 379 1420 μὲν
414 1348 584 1403 ὕπνου
649 1347 965 1420 ἡττήθησαν
991 1366 1006 1382 ο
1057 1351 1212 1404 αὐτοὶ
1258 1351 1320 1406 δὲ
1351 1351 1482 1414 τοὺς
1519 1350 1852 1421 πολυτίμους

273 1439 594 1508 ἀνελόμενοι
645 1439 961 1512 θησαυροὺς
998 1442 1092 1494 ἐπὶ
1117 1441 1216 1510 τὴν
1285 1440 1506 1512 Ῥώμην
1564 1442 1851 1508 ἁνέπλεον,

275 1530 668 1601 ἐπιφερόμενοι
706 1533 799 1585 καὶ
825 1533 894 1586 τὰ
948 1533 1046 1604 τῆς
1074 1532 1353 1602 ἀθλήσεως
1401 1531 1582 1588 αὐτῶν
1608 1534 1855 1604 ὑπομνή-

281 1637 455 1700 ματα,
506 1620 542 1672 ἆ
600 1638 706 1675 τινι
739 1622 849 1676 τῶν
911 1623 1396 1694 περιφανεστάτων
1451 1625 1588 1694 μετᾶ
1621 1623 1856 1678 καὶτῶν

277 1709 442 1778 ἱερῶν
472 1711 742 1779 σωμάτων
770 1712 1089 1766 πιστεύουσι
1113 1713 1390 1780 γυναικῶν
1415 1714 1432 1785 ζ
1448 1713 1724 1785 Μαρτώνῃ
1755 1714 1854 1784 μὲν

275 1801 537 1871 τοῦνομα,
586 1803 839 1876 Ῥουφίνῃ
890 1803 946 1857 δὲ
985 1804 1044 1857 τὸ
1085 1803 1420 1876 ἐπώνυμον)
1455 1805 1722 1861 Κλαύδιον
1756 1808 1851 1860 a6-

277 1892 455 1964 χούσῃ
487 1893 533 1926 ³³
561 1892 655 1946 τοῦ
689 1895 879 1963 γένους
909 1895 1152 1966 ἀρχηγόν
1175 1914 1188 1926 ·
1211 1897 1358 1967 ἤπερ
1395 1899 1452 1949 ὲν
1473 1895 1551 1968 τῷ
1585 1898 1858 1968 ἐπισημο-

275 1986 424 2054 τάτῳ
461 1985 602 2057 λόγῳ
633 1986 734 2055 τῆς
763 1986 972 2050 πόλεως
1000 1989 1198 2055 τιμίως
1234 1989 1294 2041 ἑν
1315 1988 1475 2060 τιμεᾳ
1497 1987 1672 2043 ταῦτα
1693 2007 1856 2043 κατα-

275 2079 458 2146 τίθησι
493 2078 655 2150 θήκῃ,
689 2080 862 2142 ἰάσεις
893 2078 1158 2149 ἀφθόνους
1187 2079 1249 2133 οὐ
1273 2081 1386 2142 τοῖς
1417 2082 1474 2134 ἐν
1500 2083 1568 2152 τῇ
1609 2079 1800 2155 Ῥώμῃ
1816 2082 1865 2114 ’⁸

278 2171 439 2238 μόνον
470 2170 734 2234 οἰκοῦσιν,
769 2171 906 2224 ἀλλὰ
937 2172 1031 2224 καὶ
1070 2174 1183 2234 τοῖς
1218 2171 1558 2244 πανταχόθεν
1605 2175 1652 2206 ’⁵
1680 2176 1860 2228 ἐκεῖσε

276 2258 540 2322 φοιτῶσιν
567 2261 688 2315 ὅσαι
713 2261 918 2332 ἡμέραι
945 2265 1252 2334 παρέχοντα
1279 2266 1360 2328 εἰς
1391 2263 1548 2330 δόξαν
1573 2266 1706 2320 Θεοῦ
1738 2269 1854 2321 [Ια-

272 2351 404 2423 τρὸς
438 2353 530 2405 καὶ
595 2355 800 2423 Κυρίου
829 2356 986 2427 ήμῶν
1019 2357 1194 2428 Ἰησοῦ
1237 2353 1562 2428 Χριστοῦ,ᾧ
1594 2361 1640 2394 ’⁸
1668 2363 1699 2431 ἡ
1729 2360 1854 2427 δόξα

271 2447 355 2507 ei;
383 2446 507 2509 τοὺς
531 2447 732 2512 αἰῶνας
760 2448 868 2502 τῶν
901 2449 1135 2504 αξὼνων.
1172 2452 1370 2522 Ἀμήν.

354 2738 407 2812 ’ξ
434 2737 615 2812 deest,
646 2741 718 2812 Ι),
792 2741 838 2773 ⁸⁸
877 2743 1072 2812 τροφῇ,
1242 2743 1286 2774 ἰ
1323 2743 1704 2812 προσεδρείας,
1731 2743 1792 2798 C.

275 2807 468 2876 αὐτῆς,
500 2806 562 2862 C.
587 2808 648 2862 D.
689 2811 749 2866 F.
825 2811 871 2842 ”
892 2806 1069 2873 dce—st,
1093 2811 1153 2865 Β.
1231 2813 1277 2843 ⁸⁸
1300 2806 1434 2871 add,
1458 2806 1724 2876 οἱδὶουσιν,
1767 2814 1832 2871 D.

275 2895 406 2930 πεια
444 2877 536 2930 νῦν
571 2881 665 2931 καὶ
698 2882 782 2937 ἀεὶ
805 2880 902 2934 καὶ
929 2881 1098 2942 sim...
1158 2881 1219 2937 Β.
1245 2881 1306 2939 C.
1340 2883 1400 2940 D.
1435 2883 1496 2938 F.

496 3099 558 3108 .4

277 3095 1552 3130 =-.______________._

1900 2745 1946 2775 η
1985 2745 2062 2782 nTn

1930 2745 1946 2775 '
1985 2742 2100 2804 οὖν,
2132 2743 2198 2800 Β.
2293 2742 2338 2775 ’³
2369 2743 2737 2813 αὕχούσης....
2779 2742 2973 2810 αὐτῆς,
3003 2742 3066 2793 Β.
3094 2766 3165 2777 -
3193 2742 3534 2807 αὑχοῠσῃ....

1930 2813 1975 2844 ³⁸
2011 2814 2212 2884 πρέπει
2240 2814 2400 2884 τιμὴ,
2421 2815 2570 2869 πᾶσα
2599 2810 2947 2882 μεγαλοσύνη
2978 2823 3038 2860 τε
3069 2806 3166 2860 καὶ
3193 2805 3536 2879 μεγαλοπρέ-

1960 619 2134 675 Roma
2183 620 2237 674 in
2299 620 2703 676 transmarinas
2757 618 3054 675 veniebant
3112 615 3384 687 regiones.
3441 614 3534 668 ubi

1960 721 2206 766 sanctum
2243 712 2503 767 vidissent
2538 721 2593 768 et
2623 727 2746 766 eum
2793 711 2978 766 statim
3009 708 3388 780 agnovissent,
3420 720 3534 760 non

1961 812 2184 871 possent
2209 814 2391 860 autem
2425 805 2611 862 fallere
2640 806 2927 862 custodum
2958 805 3169 866 oculos,
3200 802 3292 871 qui
3330 801 3397 856 ad
3430 801 3535 855 hoc

1960 894 2138 962 ipsum
2179 894 2494 957 manebant,
2551 897 2696 964 quod
2748 902 2894 950 esset
2947 893 3027 947 eis
3073 894 3422 961 imperatum,
3475 895 3535 942 ut

1959 984 2298 1041 custodirent
2343 984 2620 1054 reliquias,
2654 1000 2723 1039 nc
2753 999 2831 1040 eae
2858 983 2926 1038 ab
2964 982 3146 1051 aliquo
3180 981 3531 1048 subriperen-

1961 1084 2068 1139 tur,
2101 1079 2279 1130 donec
2303 1084 2488 1131 essent
2515 1075 2789 1130 devorata:
2817 1091 2847 1130 a
2879 1072 3191 1129 volucribus
3219 1079 3274 1126 et
3301 1069 3489 1125 bestiis
3516 1088 3531 1121 :

1959 1182 2138 1237 neque
2181 1167 2280 1238 ipsi
2338 1175 2556 1237 tempus
2611 1167 2908 1222 observare
2971 1164 3348 1234 neglexerunt,
3408 1174 3534 1214 cum

1961 1259 2213 1316 custodes
2258 1260 2479 1330 quidem
2507 1274 2537 1313 a
2578 1273 2772 1315 somno
2803 1257 2927 1312 victi
2973 1255 3149 1310 fuere.
3183 1253 3341 1308 Tunc
3386 1251 3534 1307 enim

1961 1351 2092 1422 ipsi,
2149 1351 2386 1422 acceptis
2428 1350 2683 1421 pretiosis
2731 1347 3027 1410 thesauris,
3081 1344 3306 1400 Romam
3353 1343 3536 1397 denuo

1960 1442 2323 1512 navigarunt,
2377 1440 2670 1495 afferentes
2718 1439 2886 1495 etiam
2938 1444 3294 1491 monumenta
3343 1447 3534 1488 eorum

1962 1532 2372 1589 decertationis.
2421 1529 2553 1598 Quae
2585 1530 2804 1601 quidem
2839 1527 3002 1583 simul
3038 1541 3160 1582 cum
3202 1523 3374 1579 sacris
3417 1537 3540 1574 cor-

1960 1624 2186 1696 poribus
2207 1625 2440 1680 credunt
2468 1623 2594 1679 ﬁdei
2616 1620 2900 1692 cujusdam
2927 1618 3172 1675 mulieris
3193 1612 3535 1676 clarissimae,

1961 1713 2051 1770 cui
2085 1730 2284 1769 nomen
2313 1715 2532 1785 quidem
2565 1721 2685 1770 erat
2713 1711 2981 1775 Martona,
3015 1720 3319 1780 cognomen
3354 1709 3538 1758 autem

1971 1805 2186 1861 Rutilus
2230 1826 2243 1861 :
2276 1822 2398 1876 quae
2445 1805 2663 1861 dicebat
2705 1819 2763 1860 se
2794 1817 2966 1874 genus
2995 1801 3195 1856 ducere
3226 1814 3256 1851 a
3286 1793 3534 1848 Claudio.

1958 1896 2034 1952 Ea
2074 1907 2255 1952 autem
2291 1898 2345 1952 in
2377 1897 2614 1952 maxime
2658 1894 2854 1965 insigni
2910 1891 3119 1946 tumulo
3164 1886 3399 1943 civitatis
3442 1881 3537 1938 illa

1960 1990 2263 2044 honoriﬁce
2293 1990 2520 2060 deponit
2552 1988 2605 2041 in
2637 2003 2744 2041 una
2776 1986 2956 2045 theca.
2988 1982 3189 2039 affatim
3221 1979 3536 2034 curationes

1960 2097 2073 2136 non
2120 2081 2187 2135 iis
2220 2080 2373 2143 solis,
2410 2079 2503 2147 qui
2553 2078 2780 2132 Romam
2828 2076 3095 2136 habitant,
3142 2072 3238 2127 sed
3266 2070 3432 2125 etiam
3465 2067 3534 2121 iis

1959 2174 2052 2243 qui
2084 2174 2214 2228 illuc
2260 2173 2490 2226 veniunt
2533 2188 2600 2226 ex
2627 2167 2782 2225 omni
2811 2175 2985 2239 parte,
3025 2165 3322 2236 pra‘bentia
3356 2162 3539 2231 quoti-

1960 2267 2048 2322 die
2076 2283 2091 2320 :
2125 2265 2192 2320 ad
2228 2263 2455 2336 gloriam
2508 2261 2600 2316 Dei
2655 2261 2852 2323 Patris,
2883 2267 2939 2314 et
2967 2258 3174 2313 Domini
3211 2256 3380 2311 nostri
3410 2251 3540 2309 Jcsu

1961 2357 2162 2415 Christi
2213 2374 2227 2412 :
2269 2371 2431 2426 quem
2484 2355 2641 2410 decet
2694 2352 2870 2408 omnis
2923 2351 3119 2412 honor,
3175 2347 3432 2417 maiestas
3484 2353 3542 2401 et

1960 2449 2393 2521 magniﬁcentia,
2433 2462 2583 2502 nunc
2615 2455 2670 2500 et
2700 2459 2938 2515 semper,
2968 2452 3024 2498 et
3054 2443 3108 2497 in
3140 2441 3336 2498 saecula
3368 2452 3542 2494 smcu-

1956 2543 2159 2598 lorum.
2189 2541 2390 2594 Amen.

2293 2742 2338 2775 "
2369 2743 2756 2813 abxoqu...._
2779 2740 2973 2813 αὐτῆς,
3003 2737 3066 2793 Β.
3094 2766 3165 2813 -τ
3193 2732 3534 2813 αὒχοῷσῃ..ε.

996 3175 1872 3293 ΜΑΡΤΥΡΙΟΝ
1967 3177 2272 3294 ΤΟΥ
2381 3178 2836 3310 ΑΓΙΟΥ

1575 3392 2233 3452 ΜΕΓΑΛΟΜΑΡΤΥΡΟΣ

1250 3564 2570 3704 ΚΑΛΛΙΣΤΡΑΤΟΥ

1544 3814 1682 3867 KAI
1740 3812 1879 3866 των
1916 3813 2061 3867 .mv
2103 3811 2315 3882 arm.

1222 4176 2015 4332 MARTYRIUM
2137 4171 2602 4281 SANCTI

1539 4413 1630 4467 ET
1665 4411 1882 4468 MAGNI
1921 4409 2280 4468 MARTYRIS

1149 4597 2675 4757 CALLISTRATI

1646 4871 1744 4927 ET
1793 4870 2174 4930 SOCIORUM.

690 5025 890 5088 (Latine
913 5028 1044 5090 apud
1079 5024 1278 5077 Surlum
1302 5027 1359 5076 ad
1397 5027 1528 5078 diem
1562 5027 1621 5076 27
1647 5024 1978 5088 Septembris,
2015 5025 2184 5074 Grece
2209 5036 2341 5074 nunc
2372 5023 2585 5088 primum
2617 5033 2680 5072 ex
2705 5021 2812 5074 cod.
2835 5033 2926 5071 ms.
2959 5019 3138 5078 Paris.)

349 5347 430 5397 A'.
471 5344 584 5416 Τὴν
608 5346 704 5400 τοῦ
731 5347 934 5420 Κυρίου
969 5348 1205 5422 ποίμνην
1235 5351 1356 5407 ὅσαι
1414 5351 1621 5423 ήμέραι
1656 5352 1861 5422 πληθυ-

2040 5351 2082 5407 1.
2121 5350 2259 5407 Cum
2290 5349 2494 5409 Christi
2517 5363 2735 5421 gregem
2791 5345 2969 5402 indies
3018 5341 3363 5416 multiplicari
3386 5343 3541 5401 vidc-

281 5433 519 5503 νομένην
565 5437 596 5486 ό
642 5434 920 5508 δυσμενής
970 5439 1223 5510 καθορῶν
1281 5439 1451 5511 πολλῇ
1513 5440 1634 5494 κατ’
1693 5439 1866 5509 αὐτῆς

291 5521 524 5592 ὥρμησε
551 5526 620 5594 τῇ
666 5525 856 5596 μανίᾳ,
887 5527 1199 5600 διαφθεῖραι
1229 5532 1408 5584 πᾶσαν
1453 5529 1862 5600 διανοούμενος.

283 5611 500 5675 Λύκους
538 5614 650 5685 γάρ
683 5633 838 5678 τινας
891 5621 1166 5690 πονηροὺς
1204 5621 1299 5674 καὶ
1331 5619 1556 5690 ἀγρίους
1592 5618 1730 5689 αὐτῇ
1763 5621 1868 5672 επ-

282 5703 468 5772 αφεὶς,
501 5706 912 5778 Διοκλητιανὸν,
966 5712 1137 5782 φημὶ,
1199 5713 1293 5765 καὶ
1346 5710 1692 5783 Μαξιμιανὸν
1741 5712 1867 5773 τοὺς

280 5794 610 5868 τυράννους,
664 5802 758 5856 καὶ
807 5801 980 5873 θῆρας
1035 5802 1236 5876 μᾶλλον
1285 5804 1611 5876 ἢβασιλεῖς,
1651 5805 1867 5877 πικρῶς

1967 5451 2053 5498 ret
2084 5442 2358 5507 inimicus,
2395 5441 2452 5495 in
2483 5455 2610 5496 eum
2658 5452 2853 5509 magno
2885 5436 3044 5493 irruit
3095 5436 3303 5500 furore,
3365 5444 3539 5490 totum

1967 5530 2199 5601 perdere
2223 5531 2489 5602 cogitans.
2532 5527 2799 5596 lmprobis
2832 5527 2980 5582 enim
3005 5534 3061 5580 et
3085 5523 3390 5596 agrestibus
3420 5524 3544 5595 qui-

1967 5623 2198 5678 busdam
2239 5623 2381 5692 lupis
2417 5623 2472 5677 in
2519 5637 2642 5676 eum
2695 5619 2974 5681 immissis,
3019 5615 3397 5680 Diocletiano,
3449 5614 3541 5669 in-

1966 5727 2154 5784 quam,
2217 5720 2272 5767 et
2310 5711 2640 5767 Maximiano
2671 5711 2938 5784 tyrannis,
2989 5708 3065 5762 et'
3104 5705 3296 5763 bestiis
3333 5705 3540 5776 potius,

1970 5819 2132 5876 quam
2173 5802 2620 5875 imperatoribus,
2669 5801 3022 5859 acerbissime
3065 5807 3120 5858 et
3171 5795 3545 5854 crudelissime
