4060 6432
246 346 397 417 885’

248 553 407 627 ἡμῶν
438 549 663 623 Γραφῆς
699 542 1036 619 μεμαθηκὼς
1067 539 1340 613 ὀνομάζω.
1383 560 1402 593 ι
1436 539 1642 599 Πάντες
1686 536 1824 627 γὰρ,

250 626 439 717 φησὶν,
492 644 545 695 oi
585 640 700 695 θεοὶ
734 638 845 693 τῶν
877 637 1048 691 ἐθνῶν
1083 633 1362 704 δαιμόνια,
1395 630 1490 685 καὶ
1527 628 1598 682 τὰ
1637 626 1832 682 εἴδωλα

249 738 360 794 τῶν
413 736 583 791 ἐθνῶν
631 732 898 805 ἀργύριον
946 730 1045 786 καὶ
1100 728 1353 801 χρυσίον,
1435 726 1575 797 ἔργα
1626 723 1833 796 χειρῶν

250 827 583 900 ἀνθρώπων.
615 843 635 877 ι
675 823 838 877 Θύειν
883 822 940 875 δὲ
964 820 1042 894 τῷ
1090 819 1210 890 Θεῷ
1240 818 1433 873 θυσίαν
1463 815 1719 877 αἰνέσεως
1742 813 1836 868 ml.

251 919 562 975 ἀποδιδόναι
584 915 663 987 τῷ
702 915 942 985 ’Υψίστῳ
972 913 1073 977 τὰς
1113 911 1278 984 εὐχὰς
1313 908 1465 978 παρά
1517 908 1617 975 τῆς
1665 906 1836 976 αὐτῆς

259 1012 429 1066 πάλιν
460 1011 689 1080 Γραφῆς
714 1007 1110 1076 πεπαίδευμαι.
1149 1005 1212 1058 Ei
1250 1005 1349 1075 μὲν
1374 1002 1467 1057 οὖν
1489 1001 1551 1055 τὸ
1575 999 1835 1070 διαφέρον

253 1101 351 1156 τοῦ
382 1100 652 1170 δόγματος
686 1098 937 1171 ἐμποδών
985 1097 1089 1168 μού
1136 1115 1191 1150 τι
1240 1096 1373 1165 πρὸς
1420 1094 1520 1163 τὴν
1558 1109 1835 1162 στρατιωο

259 1193 421 1263 τικὴν
460 1188 812 1261 λειτουργίαν
851 1188 1175 1251 καθίστατο,
1225 1183 1378 1248 εἰκὸς
1419 1179 1489 1251 ἦν
1538 1183 1636 1237 xui.
1678 1182 1838 1236 τοῦτο

254 1280 480 1346 δικαίως
509 1279 881 1335 ὲνδιαὸἀλλειν
913 1297 1005 1351 με,
1040 1280 1132 1332 καὶ
1161 1280 1223 1331 τὸ
1288 1276 1380 1330 σδν
1417 1274 1839 1348 μεγαλοπρεπὲς

254 1372 532 1441 ἐπιμελῶς
566 1372 663 1441 τῆς
701 1370 954 1441 διαϐολῆς
996 1367 1239 1432 ἀκούειν,
1277 1369 1367 1421 καὶ
1404 1367 1489 1438 ἐφ’
1519 1360 1601 1429 οἷς
1633 1364 1834 1428 ἐνδεῶς

254 1463 459 1533 εχομεν
488 1462 665 1516 αἰτίαν
695 1461 959 1531 ἐπάγειν·
996 1461 1119 1514 ἐπεὶ
1175 1460 1232 1513 δὲ
1280 1460 1400 1512 κατ’
1439 1457 1593 1512 οὐδὲν
1632 1453 1837 1528 τυγχά-

256 1569 424 1623 νομεν
456 1550 835 1622 ὑστεροῦντες,
860 1550 1003 1613 τίνος
1036 1549 1194 1621 χάριν
1229 1551 1292 1603 ἐκ
1325 1548 1488 1620 μόνου
1518 1547 1615 1600 τοῦ
1650 1547 1726 1617 μὴ
1758 1545 1837 1616 τῷ

259 1643 513 1713 ὑμετέρῳ
555 1642 877 1712 συμϐαίνειν
923 1641 1177 1709 δόγματι,
1232 1642 1448 1703 τούτοις
1507 1657 1567 1692 τε
1622 1638 1828 1709 ῥᾳδίως

262 1735 485 1804 ὑπέχεις
516 1734 615 1797 τάς
645 1734 835 1797 ἀκοὰς,
868 1732 1015 1802 κάμὲ
1049 1732 1154 1785 ὑπὸ
1187 1731 1347 1802 δίκην
1367 1731 1552 1799 ἄγειςς

1298 334 1771 399 MARTYRIUM
1812 332 1875 393 S.
1914 327 2436 391 CALLISTRATL

249 464 406 527 θεοὺς
439 460 573 528 ἐγὼ,
617 457 752 512 ἀλλά
815 454 1070 523 δαιμόνια
1118 451 1319 521 μᾶλλον
1351 449 1503 520 παρά
1536 448 1635 517 τῆς
1682 443 1832 506 θείας

1963 440 2080 511 luit,
2114 438 2189 492 dii
2243 436 2489 508 gentium
2520 435 2789 492 daemonia
2842 439 2857 471 '
2901 457 2917 507 ;

3409 328 3543 401 886,.

2973 457 2991 492 ι
3020 448 3076 495 et
3114 454 3129 493 :
3167 454 3186 491 ι
3220 437 3524 495 Simulacra

1937 528 2208 599 gentium,
2238 535 2522 597 argentum
2552 533 2609 580 et
2639 541 2856 592 aurum,
2904 542 3072 599 opera
3124 542 3383 584 manuum
3421 527 3495 582 ho

1937 618 2148 673 minum
2174 619 2250 671 ’.ι
2285 616 2397 671 Deo
2423 623 2605 671 autem
2642 617 2953 673 sacriﬁcare
2974 618 3302 676 sacriﬁcium
3326 618 3523 676 laudis.

1938 718 1995 764 ct
2048 708 2281 764 reddere
2366 708 2649 763 Altissimo
2693 716 2818 762 vota
2860 709 2901 770 ³,
2978 711 3046 765 ab
3096 710 3285 766 eadem
3334 723 3526 763 rursus

1940 798 2107 854 didici
2141 797 2448 869 Scriptura.
2484 798 2660 869 Atque
2706 797 2753 852 si
2794 794 3101 853 differentia
3132 799 3350 865 quidem
3390 797 3526 869 dog-

1939 892 2099 948 matis
2126 899 2273 945 esset
2302 889 2436 945 mihi
2465 888 2861 959 impedimento
2901 889 2966 943 ad
3016 904 3217 942 munus
3265 888 3524 949 militare,

1942 992 2371 1040 consentaneum
2406 989 2571 1044 esset,
2600 987 2658 1034 et
2684 994 2778 1034 eos
2814 994 2902 1034 me
2943 980 3094 1049 juste
3140 976 3445 1041 criminari,
3474 986 3532 1034 et

1953 1085 2101 1130 tuam
2134 1071 2596 1144 magniﬁcentiam
2624 1069 2911 1141 diligenter
2952 1068 3142 1123 audire
3197 1069 3448 1132 insidias,
3474 1077 3531 1123 et

1949 1170 2238 1233 propterea
2272 1160 2417 1231 quod
2446 1175 2555 1215 non
2583 1160 2741 1230 plene
2771 1156 2950 1213 oﬂicio
2979 1157 3198 1213 functus
3216 1172 3410 1219 essem,
3443 1174 3531 1212 mo

1944 1266 2224 1308 accusare.
2262 1250 2371 1329 Sed
2402 1266 2525 1306 cum
2560 1249 2706 1303 nulla
2740 1250 2793 1302 in
2826 1263 2886 1302 re
2917 1249 3249 1318 delinquam,
3295 1264 3528 1318 quanam

1943 1343 2009 1399 de
2041 1357 2205 1397 causa
2233 1358 2296 1397 ex
2329 1357 2397 1396 eo
2427 1342 2566 1403 solo,
2597 1342 2744 1410 quod
2780 1358 2904 1397 cum
2938 1352 3121 1398 vestro
3147 1343 3396 1413 dogmate
3421 1355 3529 1393 non

1949 1431 2302 1495 conveniam,
2332 1438 2388 1484 et
2419 1430 2499 1485 eis
2528 1430 2685 1485 facile
2717 1447 2879 1488 aures
2914 1434 3148 1505 praebes,
3176 1440 3230 1485 et
3263 1445 3348 1485 me
3378 1428 3533 1485 ducis

1946 1520 1998 1575 in
2032 1520 2299 1593 judicium
2344 1522 2366 1573 τ

331 1784 664 1893 Ᾰῖὴνῖορέίῆς
713 1784 1113 1886 επϊτούτοιςό
1159 1784 1552 1892 στρατηλόιτης,
1594 1800 1839 1889 ἀναπλη-

2024 1800 2114 1855 ιν.
2154 1800 2249 1855 His
2277 1799 2358 1854 ira
2392 1800 2632 1869 repletus
2665 1799 2771 1853 dux
2801 1798 3073 1854 exercitus
3110 1817 3122 1853 :
3166 1798 3286 1853 Non
3321 1808 3421 1865 cst,
3451 1800 3533 1853 in-

262 1917 436 1980 σθεὶς,
500 1915 576 1968 Οὐ
630 1914 961 1985 ῥητορικῶν,
1010 1914 1134 1981 ἔφη,
1184 1914 1418 1981 λόγωνό
1467 1911 1562 1964 νῦν
1609 1913 1850 1983 ὑπάρχει

262 2010 484 2080 καιρὸς,
544 2007 683 2061 ἀλλά
745 2005 997 2076 βασάνων
1060 2005 1296 2074 μάλιστα
1357 2004 1705 2075 πικροτάτων
1752 2002 1851 2057 καὶ

262 2098 548 2168 τιμωριῶν
576 2098 824 2167 φοϐερῶν
856 2091 931 2149 ὧν
949 2097 1048 2149 οὒκ
1090 2097 1171 2157 είς
1199 2092 1419 2164 μακρὰν
1453 2095 1649 2164 πείρας
1674 2094 1848 2158 ἕξεις,

265 2176 323 2241 ιῒ
351 2205 414 2256 γε
454 2187 551 2258 μὴ,
596 2186 839 2249 πεισθεὶς
886 2185 1035 2257 ἐμοὶ,
1076 2188 1191 2248 τοῖς
1226 2185 1368 2247 θεοῖς
1412 2183 1597 2246 θύσεις
1642 2177 1722 2247 οἷς
1756 2185 1853 2238 καὶ

279 2278 538 2349 βασιλεὺς
584 2278 747 2341 αὐτὸς
797 2279 1122 2348 προσκυνεῖ.
1171 2276 1307 2330 Οὐδὲ
1352 2274 1459 2345 γὰρ
1493 2276 1706 2343 ἀγνοεῖς
1740 2271 1853 2338 οἶος

265 2374 385 2445 ἐγὼ
415 2375 668 2445 φοϐερδς,
705 2376 800 2430 ἆτε
815 2375 880 2446 δὴ
902 2376 996 2429 καὶ
1026 2374 1305 2446 βλέμματι
1336 2375 1484 2446 μόνῳ
1507 2375 1603 2428 καὶ
1628 2373 1852 2445 λεοντίῳ

268 2466 608 2538 βρυχήματι,
664 2466 848 2529 ἱκανὸς
883 2464 958 2517 ὢν
989 2464 1340 2533 καταπλῆξαι
1380 2463 1487 2533 πρὸ
1552 2461 1659 2514 τῶν
1708 2463 1854 2515 αίκι-

270 2558 448 2629 σμῶν.
484 2558 542 2611 Ὀ
567 2557 623 2611 δὲ
660 2557 1088 2626 Καλλίστρατος,
1131 2555 1192 2610 '0
1217 2555 1331 2621 σὸς,
1364 2556 1490 2624 ἔφη,
1521 2553 1769 2624 βρυγμὸς
1799 2554 1856 2605 ό-

270 2654 429 2715 ποῖος
478 2652 545 2705 ἂν
601 2646 699 2705 καὶ
749 2646 805 2723 ᾖ,
861 2649 1206 2719 πρόσκαιρον
1260 2649 1374 2719 ἔχει
1405 2647 1467 2700 τὸ
1522 2646 1723 2717 φοϐοὖν
1759 2645 1856 2699 καὶ

267 2741 640 2813 ὀλιγοχρόνιον
662 2756 678 2773 ’
716 2741 744 2793 ό
778 2741 834 2794 δὲ
862 2740 972 2794 τῶν
1003 2740 1235 2794 ὀδόντων
1273 2742 1481 2803 ἐκεῖνος
1528 2738 1768 2801 αἰώνιος,
1812 2730 1858 2805 ᾧ

273 2834 543 2905 ἐμπεσεῖν
562 2833 703 2886 πάνυ
732 2833 964 2902 φρίττω,
991 2831 1089 2885 καὶ
1120 2831 1257 2902 μόνῃ
1282 2834 1345 2902 τῇ
1371 2831 1566 2902 μνήμῃ
1596 2828 1856 2900 περιδεὴς

269 2925 520 2993 γίνομαι.
559 2925 616 2977 Ὀ
635 2924 691 2977 δὲ
724 2924 1128 2994 στρατηλάτης,
1157 2923 1342 2976 οὐκέτι
1374 2924 1627 2993 κατέχειν
1652 2918 1764 2985 οἷός
1794 2937 1855 2973 τε

270 3015 351 3069 ὢν
393 3014 717 3086 τδνρθυμὸν,
754 3012 971 3068 κελεύει
1000 3014 1242 3067 ταθέντα
1278 3012 1492 3078 τοῦτον,
1536 3012 1641 3065 ὑπὸ
1681 3028 1853 3082 στρα-

272 3107 485 3161 τιωτῶν
511 3107 745 3174 ἀφειδῶς
779 3103 1100 3159 τύπτεσθαι.
1149 3104 1209 3157 '0
1263 3105 1320 3158 δὲ
1362 3105 1458 3157 καὶ
1499 3104 1841 3173 τυπτόμενος
1875 3116 1920 3174 c

273 3200 378 3252 οὐκ
405 3199 619 3268 ἀφῆκεν
646 3198 988 3267 όδυνωμένου
1025 3196 1230 3266 φωνὴν,
1259 3197 1360 3249 οὐκ
1390 3196 1677 3266 ἀνέπεμψε
1714 3195 1856 3266 πρὸς

272 3285 458 3343 οίκτόν
477 3308 598 3345 τινα
631 3292 957 3359 στεναγμὸν,
999 3288 1112 3343 ἀλλ’
1140 3290 1329 3361 ὥσπερ
1365 3290 1525 3344 ἄλλου
1553 3290 1650 3360 τὴν
1691 3289 1862 3358 βάσα-

274 3403 369 3437 νον
392 3384 755 3453 ὑπομένοντος
785 3385 949 3447 αὖτδς
983 3382 1201 3453 ἔψαλλε,
1236 3382 1433 3448 λέγων’
1464 3401 1482 3434 ι
1517 3382 1732 3451 ’Ὤμοσα
1765 3383 1861 3434 καὶ

278 3475 487 3546 εστησα
511 3475 605 3528 τοῦ
631 3475 973 3546 φυλάξασθαι
1004 3474 1073 3528 τὰ
1103 3474 1347 3544 κρίματα
1380 3475 1478 3543 τῆς
1510 3472 1862 3543 δικαιοσύνης

281 3588 402 3636 σου,
421 3573 666 3628 Δέσποτα
686 3589 698 3603 ·
735 3593 754 3625 ι
779 3573 871 3626 καὶ
892 3570 1046 3633 αὖθις
1071 3590 1084 3604 ·
1112 3592 1129 3623 ι
1166 3570 1566 3644 Ἐταπεινώθην
1593 3572 1698 3635 ἕως
1729 3572 1862 3644 σφό-

278 3664 389 3736 δρα
408 3681 423 3696 ·
443 3665 636 3735 Κύριε,
657 3664 820 3737 ζῆσόν
867 3682 934 3734 με
959 3663 1102 3718 κατά
1129 3663 1219 3720 τὸν
1254 3664 1412 3732 λόγον
1439 3681 1556 3729 σου,
1598 3682 1616 3716 ι
1656 3665 1753 3718 καὶ
1785 3664 1861 3733 μὴ

280 3755 388 3825 δῷς
418 3756 700 3826 ὲπίχαρμα
724 3755 802 3825 τῷ
833 3755 1072 3826 λυμεῶνι
1094 3755 1268 3823 τούτῳ
1292 3754 1547 3823 γενέσθαι
1571 3770 1585 3785 ο
1608 3754 1725 3807 ἀλλ’
1754 3754 1865 3807 ὲνίο

286 3849 487 3917 σχυτόν
527 3865 618 3916 με,
646 3847 913 3913 Δέσποτα,
950 3850 1049 3911 τὰς
1090 3845 1360 3918 βασάνους
1390 3844 1597 3908 ταύτας
1619 3846 1857 3914 ὑπενεγ-

286 3940 428 4000 κεῖν,
450 3937 626 4001 διδοὺς
652 3939 884 4009 δύναμιν
921 3938 998 4008 τῷ
1026 3936 1269 4007 ταπεινῷ
1307 3937 1484 4006 τούτῳ
1520 3939 1617 3989 καὶ
1644 3935 1864 3989 ἀσθενεῖ

290 4025 525 4096 σώματι,
562 4028 654 4082 καὶ
682 4030 781 4099 τὴν
808 4028 989 4099 ψυχὴν
1009 4029 1362 4103 ἰσχυροτέραν
1384 4028 1860 4098 ἀπεργαζόμενος.

305 4116 397 4180 Ὦς
418 4118 497 4184 δὲ,
520 4120 616 4171 ἐπὶ
649 4119 874 4181 πολλαῖς
894 4122 1013 4182 ταῖς
1039 4118 1213 4189 ὥραις
1235 4120 1577 4188 τυπτομένου
1601 4118 1697 4171 τοῦ
1721 4119 1866 4190 μόιρ⁴

288 4225 479 4278 τυρος,
512 4211 572 4263 τὸ
599 4205 739 4280 αἷμα
766 4210 959 4264 τούτου
989 4211 1081 4264 ἴσα
1112 4210 1207 4264 καὶ
1239 4212 1509 4280 ποταμοῖς
1541 4210 1819 4281 ἀπορρέον
1841 4209 1870 4262 ό

293 4303 615 4371 παράνομος
644 4302 903 4372 δικαστὴς
934 4302 1214 4363 ἐθεάσατο,
1250 4301 1510 4369 ἀνεθῆναι
1536 4300 1644 4353 τῶν
1694 4300 1870 4370 βασά-

1956 1892 2097 1961 quit,
2134 1889 2529 1945 rhetoricarum
2586 1904 2733 1944 nunc
2786 1899 3002 1958 tempus
3056 1887 3533 1950 orationumg'seil

1959 1988 2354 2034 tormentorum
2404 1979 2562 2049 longe
2617 1976 3092 2032 accrbissimorum
3128 1986 3183 2031 et
3238 1977 3536 2047 supplicio.

1957 2080 2078 2119 rum
2115 2058 2642 2133 terribiliuquuaz
2697 2065 2848 2119 brevi
2885 2064 3204 2134 experieris,
3262 2066 3366 2120 nisi
3404 2067 3536 2121 mihi

1960 2170 2182 2227 parens,
2215 2155 2321 2210 diis
2354 2153 2777 2219 sacriﬁcaveris,
2810 2169 2948 2223 quos
2979 2165 3032 2208 et
3060 2155 3178 2225 ipse
3213 2156 3405 2211 adorat
3434 2156 3539 2211 im-

1958 2255 2201 2317 perator.
2232 2245 2422 2315 Neque
2449 2245 2597 2299 enim
2628 2244 2870 2315 ignoras,
2909 2260 3069 2314 quam
3111 2244 3208 2299 sim
3247 2260 3346 2316 ego
3380 2246 3540 2301 terri-

1957 2335 2110 2400 bilis,
2144 2342 2206 2388 ut
2229 2335 2320 2401 qui
2357 2334 2472 2388 solo
2503 2344 2721 2401 aspectu
2756 2344 2810 2388 et
2839 2348 2972 2388 voce
3000 2335 3201 2402 possint
3229 2324 3565 2405 perterrere'

1958 2422 2044 2475 vel
2078 2431 2207 2476 ante
2235 2422 2528 2491 supplicia.
2575 2414 2921 2477 Callistratus
2958 2432 3140 2476 autem
3189 2439 3203 2477 :
3237 2423 3410 2489 Tuus,
3453 2425 3541 2478 in-

1958 2515 2100 2583 quit,
2128 2514 2349 2579 stridor,
2379 2514 2906 2584 cujusmodicunque
2932 2513 3117 2578 fuerit,
3162 2523 3424 2569 terrorem
3453 2515 3539 2569 af-

1960 2606 2068 2660 l‘crt
2107 2605 2173 2659 ad
2209 2605 2376 2659 breve
2411 2616 2625 2674 tempus
2666 2623 2681 2659 :
2738 2616 2821 2659 est
2864 2620 2996 2659 vero
3048 2615 3288 2661 aeternus
3341 2605 3542 2662 stridor

1960 2698 2052 2752 ille
2080 2698 2327 2752 dentium
2360 2698 2402 2761 ⁸,
2437 2698 2490 2752 in
2521 2713 2682 2765 quem
2723 2698 2881 2754 valde
2921 2700 3121 2753 horreo
3180 2696 3442 2765 incidere,
3486 2709 3543 2755 et

1961 2789 2074 2843 8018
2112 2798 2325 2843 ιριοτιδοι·
2369 2792 2654 2843 memoria.
2693 2788 2809 2843 Dux
2856 2799 3037 2845 autem
3067 2791 3361 2851 exercitus,
3417 2807 3541 2847 cum

1963 2880 2097 2934 iram
2135 2896 2242 2935 non
2275 2889 2462 2951 posset
2503 2881 2786 2947 cohibere,
2834 2881 2992 2950 jubet
3039 2896 3163 2937 eum
3214 2896 3244 2936 a
3280 2882 3542 2937 militibus

1963 2980 2249 3026 extensum
2312 2973 2489 3028 valide
2540 2972 2844 3028 verberari.
2893 2972 2989 3029 llle
3021 2989 3152 3029 vero
3205 2974 3370 3029 etiam
3416 2990 3540 3030 cum

1965 3062 2367 3127 verberaretur,
2401 3076 2511 3115 non
2538 3061 2721 3116 emisit
2751 3077 2939 3117 vocem
2993 3063 3231 3119 dolentis
3265 3082 3277 3116 :
3316 3078 3426 3117 non
3477 3064 3543 3116 ad

1967 3150 2296 3205 movendam
2327 3150 2762 3206 misericordiam
2786 3152 3021 3221 aliquem
3052 3153 3222 3208 edidit
3249 3152 3542 3224 gemitum:

1963 3242 2060 3299 sed
2098 3244 2326 3313 perinde
2358 3258 2422 3298 ac
2447 3244 2492 3298 si
2525 3243 2666 3298 alius
2697 3253 3029 3299 tormentum
3076 3245 3393 3309 sustineret,
3430 3245 3547 3314 ipse

1963 3334 2252 3404 psallebat,
2282 3334 2475 3389 dicens
2526 3352 2539 3388 :
2584 3352 2602 3386 ι
2636 3334 2822 3390 Juravi
2845 3344 2902 3389 et
2949 3336 3118 3390 statui
3153 3349 3371 3390 servare
3401 3334 3550 3403 judi-

1964 3421 2047 3475 cia
2076 3420 2306 3490 justitia:
2335 3430 2440 3476 tua:
2471 3422 2513 3485 ',
2551 3421 2801 3478 Domine.
2838 3441 2863 3474 ιι
2900 3420 2967 3475 Et
3012 3437 3202 3476 rursus
3248 3440 3260 3475 :
3300 3440 3319 3473 ι
3361 3419 3550 3476 Humi-

1965 3509 2130 3565 liatus
2161 3526 2282 3565 sum
2314 3511 2471 3566 valde
2524 3528 2537 3563 :
2581 3510 2830 3577 Domine,
2870 3510 3084 3565 viviﬁea
3113 3524 3203 3564 me
3245 3509 3546 3565 secundum

1965 3602 2194 3657 verbum
2233 3614 2388 3657 tuum
2420 3602 2442 3634 ⁸
2474 3619 2489 3656 ;
2525 3621 2545 3654 ›
2589 3612 2646 3657 et
2693 3618 2762 3658 ne
2808 3603 3098 3672 permittas
3158 3611 3219 3656 ut
3245 3601 3349 3656 sim
3402 3600 3577 3655 ludi»

1965 3690 2086 3747 brio
2115 3692 2243 3746 huic
2275 3692 2394 3747 viro
2444 3692 2708 3762 pestifero
2741 3710 2756 3747 :
2789 3694 2885 3749 sed
2921 3708 3010 3748 me
3037 3693 3324 3756 contlrma,
3365 3706 3401 3746 ο
3447 3691 3551 3747 Do-

1968 3782 2137 3847 mine,
2171 3790 2233 3835 ut
2266 3780 2435 3836 ieram
2464 3781 2578 3836 bzec
2619 3792 2914 3848 tormenta,
2946 3783 3083 3838 dans
3118 3782 3264 3837 vires
3291 3781 3419 3837 huic
3448 3781 3551 3835 hu—

1968 3873 2082 3927 mili
2116 3880 2173 3927 et
2207 3872 2480 3928 imbecillo
2508 3873 2745 3943 corpori,
2784 3882 2839 3929 et
2871 3872 3115 3928 animum
3171 3871 3412 3927 elliciens
3441 3871 3553 3927 for-

1970 3963 2187 4019 tiorem.
2218 3961 2356 4017 Cum
2391 3971 2597 4026 autem,
2640 3963 2771 4017 dum
2804 3963 2996 4018 multis
3043 3962 3198 4017 horis
3234 3961 3553 4017 verberare-

1975 4062 2062 4108 tur
2092 4062 2318 4124 martyr,
2360 4053 2479 4122 ejus
2524 4054 2848 4123 sanguinem
2892 4054 3066 4108 instar
3113 4053 3260 4108 ﬂuvii
3311 4053 3556 4108 deﬂuen-

1973 4152 2083 4199 tem
2148 4146 2453 4215 aspexisset
2499 4145 2721 4215 iuiquus
2769 4145 2957 4214 judex.
3005 4145 3172 4215 jussit
3233 4144 3458 4199 relaxari
3523 4160 3556 4200 ι

1976 4236 2291 4301 tormentis,
2321 4243 2377 4289 et
2407 4235 2543 4290 dixit
2571 4236 2620 4289 ci
2655 4254 2668 4290 :
2698 4234 2823 4290 llaec
2851 4245 2980 4289 sunt
3008 4235 3274 4305 principia
3309 4234 3558 4304 praemio-

1975 4341 2096 4379 rum
2140 4326 2899 4392 inobcdientize,Callistrate.
2956 4326 3246 4396 Sapienter
3290 4340 3420 4395 ergo
3459 4324 3556 4382 tibi

296 4410 403 4445 νων
438 4393 680 4458 ἐκέλευε,
711 4395 805 4446 καί
839 4410 973 4462 φησι
1007 4395 1145 4464 πρὸς
1173 4393 1358 4458 αὐτὸν,
1388 4386 1559 4447 Αὖται
1593 4395 1649 4447 ai.
1680 4393 1858 4463 ἀρχαὶ1

1978 4417 2297 4479 consulens,
2326 4432 2536 4471 morem
2564 4432 2694 4486 gere
2741 4417 2827 4480 iis,
2876 4433 2997 4487 quae
3044 4418 3189 4484 dico,
3237 4427 3297 4470 ut
3339 4416 3408 4473 al)
3469 4415 3554 4482 iis,

298 4483 395 4535 καὶ
416 4483 644 4536 τοιαῦτα
670 4483 738 4537 τά
779 4483 1044 4553 προοίμιά
1071 4501 1152 4537 σοι
1205 4486 1303 4555 τῆς
1332 4485 1641 4550 ἀπειθείας,
1662 4482 1868 4537 Καλλί-

299 4592 522 4645 στρατε.
556 4576 804 4646 Σώφρονι
830 4578 1011 4631 τοίνυν
1042 4577 1388 4648 χρησάμενος
1436 4578 1706 4648 λογισμῷ,
1761 4579 1876 4640 τοῖς

297 4668 454 4736 ἐμοῖς
500 4670 754 4739 πείσθητι
798 4670 1001 4738 λόγοις,
1045 4670 1188 4723 ὥστε
1224 4672 1334 4724 τῶν
1379 4672 1462 4724 ἔτι
1505 4670 1786 4740 μενουσῶν
1818 4687 1878 4727 σε

301 4760 552 4828 βασάνων
593 4761 999 4831 ἀπαλλαγῆναι.
1032 4748 1299 4831 -Ὄμνυμι
1341 4763 1452 4833 γάρ
1482 4780 1567 4816 σοι
1614 4761 1792 4828 θεοὺς,
1830 4767 1879 4816 εί

305 4852 405 4923 μὴ,
431 4853 511 4920 τῷ
547 4853 810 4923 βασιλικῷ
843 4853 1181 4924 θεσπίσματι
1213 4854 1388 4924 εἴξας2
1438 4853 1634 4918 θυσίας
1659 4854 1881 4924 προσοίο

306 4918 419 5005 est;
455 4918 666 5006 αὐτοῖς,
698 4918 928 5009 βάσανοί
964 4918 1060 4997 σου
1090 4945 1152 4998 τὸ
1187 4945 1347 5014 σῶμα
1371 4918 1756 5015 διαφθεροῦσῇι,
1785 4947 1883 4999 καὶ

304 5037 470 5094 κύνες
500 5035 598 5102 μὲν
623 5033 686 5087 τὸ
719 5031 861 5103 αἷμά
892 5051 988 5088 σου
1027 5036 1284 5105 λάψουσι,
1316 5035 1534 5099 λέοντες
1575 5035 1633 5088 δέ
1663 5051 1758 5088 σου
1781 5037 1882 5099 τὰς

304 5135 521 5205 σάρκας
578 5135 814 5189 ἔδονται.
885 5134 944 5187 Ὀ
1001 5136 1060 5187 δὲ
1133 5139 1383 5203 γενναῖος
1447 5135 1883 5207 Καλλίστρατος,

307 5226 554 5279 Ἤλπισα
571 5228 664 5279 ἐπὶ
685 5226 778 5279 τὸν
800 5225 954 5292 Θεὸν,
978 5221 1121 5289 εἷπε,
1135 5227 1227 5279 τὸν
1248 5225 1490 5296 ἰσχυρον,
1508 5226 1599 5278 τὸν
1618 5223 1885 5292 σώζοντα,

305 5318 390 5373 ὅτι
431 5319 596 5383 αὐτὸς
628 5319 900 5374 ἑκσπάσει
936 5337 1001 5388 με
1037 5320 1101 5372 ἐκ
1130 5317 1403 5386 στόματος
1433 5316 1670 5382 λέοντος,
1702 5319 1801 5370 καὶ
1818 5320 1883 5371 ἐκ

306 5409 495 5480 χειρὸς
518 5408 700 5463 κυνῶν
728 5427 791 5463 τε
823 5408 1089 5481 μονογενῆ
1123 5426 1225 5477 μου
1249 5408 1429 5480 ψυχὴν
1458 5408 1709 5479 ῥύσεται.
1728 5409 1885 5479 Μόνη

309 5503 424 5571 γὰρ
455 5500 534 5570 τῷ
561 5501 676 5556 ὄντι
707 5503 765 5556 ὲν
795 5501 947 5573 πάσῃ
976 5503 1040 5570 τῇ
1071 5517 1135 5570 γε
1171 5501 1276 5552 ὑπό
1312 5518 1371 5554 σε
1399 5501 1637 5572 στρατιᾷ
1690 5498 1883 5554 τοῦτον

1977 4522 2099 4576 quae.
2147 4508 2331 4562 adhuc
2364 4517 2416 4561 te
2465 4516 2712 4572 manent,
2765 4508 3018 4564 libereris
3067 4507 3373 4564 tormentis.
3421 4504 3560 4562 Deos

1979 4595 2127 4651 enim
2164 4596 2258 4650 tibi
2290 4595 2438 4665 juro,
2489 4596 2596 4648 nisi
2661 4595 3020 4665 imperatorio
3063 4596 3265 4651 cedens
3314 4596 3555 4673 decreto,

1978 4687 2062 4741 eis
2100 4684 2519 4743 sacriﬁcaveris.
2551 4694 2821 4739 tormenta
2872 4700 3073 4755 corpus
3111 4694 3261 4741 tuum
3306 4685 3558 4754 perdent,

1980 4786 2037 4831 et
2067 4790 2233 4830 canes
2279 4774 2495 4844 quidem
2553 4774 2875 4846 sanguinem
2905 4783 3055 4828 tuum
3090 4774 3319 4845 lingcnt,
3373 4774 3561 4829 leones

1983 4876 2167 4922 autem
2202 4876 2325 4920 tuas
2348 4881 2545 4921 carnes
2575 4865 2761 4920 edent.
2805 4864 3121 4920 Generosus
3165 4872 3347 4919 autem
3401 4863 3563 4917 Calli-

1981 4965 2184 5014 stratus
2223 4973 2237 5011 ι
2272 4956 2463 5026 Spero,
2495 4955 2689 5025 inquit,
2724 4955 2778 5009 in
2826 4954 2994 5010 Deum
3035 4953 3255 5019 fortem,
3283 4952 3451 5011 Deum
3486 4952 3565 5007 vi-

1982 5058 2226 5111 ventem,
2259 5047 2403 5121 quod
2436 5048 2554 5118 ipse
2603 5061 2690 5101 me
2745 5045 2997 5101 extrahet
3045 5061 3115 5101 ex
3160 5060 3254 5099 ore
3282 5035 3477 5112 leonis,
3507 5055 3563 5100 et

1983 5153 2048 5195 ex
2079 5154 2249 5193 manu
2279 5152 2478 5193 canum
2530 5137 2870 5208 unigenitam
2913 5152 3089 5191 meam
3140 5135 3396 5193 animam.
3435 5136 3563 5196 Sola

1986 5238 2169 5284 autem
2205 5244 2395 5283 revera
2424 5243 2573 5284 nunc
2616 5229 2670 5281 iu
2716 5236 2853 5292 toto,
2898 5227 2991 5297 qui
3039 5226 3136 5283 tibi
3188 5236 3344 5299 paret
3403 5241 3559 5281 exer—

1983 5322 2118 5386 citu,
2149 5322 2296 5376 hunc
2338 5318 2510 5374 Deum
2552 5319 2819 5390 agnoscit.
2864 5316 3061 5373 Verum
3106 5319 3161 5374 in
3198 5333 3265 5373 eo
3316 5312 3565 5380 conﬁdo,

1983 5412 2130 5484 quod
2159 5429 2268 5468 non
2308 5412 2505 5476 solam,
2529 5412 2624 5467 sed
2660 5426 2785 5465 cum
2835 5410 3085 5479 pluribus
3112 5411 3234 5466 aliis
3269 5425 3388 5466 eam
3419 5409 3563 5465 acci-

1982 5505 2118 5577 piet,
2155 5503 2239 5560 eis
2269 5519 2485 5574 (tuoque
2518 5502 2690 5558 indita
2725 5503 3039 5574 cognitione
3067 5504 3230 5575 hujus
3276 5501 3453 5558 sancti
3508 5511 3563 5555 ct

309 5591 681 5660 ἐπιγινώσκει
720 5592 877 5646 Θεόν.
932 5591 1095 5645 ’Λλλά
1136 5591 1247 5661 γὰρ
1278 5591 1428 5663 αὕτῷ
1463 5589 1738 5656 πεποιθώς
1774 5592 1858 5661 είμ

1989 5597 2252 5653 adorandi
2290 5596 2549 5653 nominis.

390 5728 568 5785 'Psal.
598 5746 720 5799 xcv,
760 5730 814 5788 5.
890 5731 909 5762 ¹
942 5728 1084 5786 Psal.
1119 5745 1264 5798 cxut,
1302 5731 1354 5786 ι.
1432 5732 1452 5764 ³
1483 5730 1625 5788 Psal.
1648 5747 1793 5802 ms,
1838 5731 1931 5790 1L
2001 5718 2236 5786 ‘Matth.
2270 5743 2382 5797 vtu,
2428 5728 2512 5783 12.
2589 5729 2609 5760 ³
2638 5726 2779 5785 Psal.
2808 5741 2999 5797 cxvttt,
3024 5727 3142 5783 l06.
3223 5728 3243 5759 ⁸
3278 5724 3411 5783 Ibid.
3439 5722 3557 5781 107.
