4060 6450
478 350 584 415 887
619 338 622 342 “

1710 372 1992 433 MENSlS
2029 375 2499 439 SEPTEMBER.

3637 379 3745 446 888

471 459 553 523 εὲι
588 469 663 538 μὴ
709 470 900 541 μόνην,
940 470 1072 525 ἀλλὰ
1110 474 1205 528 σὺν
1249 473 1457 530 πλεὲοσι
1502 480 1592 534 καὶ
1627 481 1838 553 ἑτέροις
1867 484 2038 555 αὐτὴν
2075 484 2329 557 λήψεται,
2391 489 2488 561 τὴν
2515 479 2811 560 ἐπίγνωσιν
2846 491 2940 548 καὶ
2970 493 3154 556 αὐτοῖς
3217 489 3393 556 ὶνθεὶς
3419 489 3512 545 τοῦ
3575 487 3741 558 ἁγίου

476 561 642 615 αὑτοῦ
678 561 770 614 καὶ
811 566 1192 634 προσκυνητοῦ
1231 569 1518 639 ὀνόματος.

549 654 608 708 V.
644 655 742 711 His
775 655 953 712 verbis
1009 659 1182 730 magis
1229 661 1444 721 irritata
1525 668 1616 722 illa
1660 670 1855 735 bestia,
1900 671 2056 742 jubet

2238 671 2316 724 E'.
2360 670 2487 723 Ἐπὶ
2525 669 2692 724 πλέον
2721 674 2836 735 τοῖς
2867 668 3047 738 λόγοις
3082 669 3296 735 τούτοις
3330 671 3357 723 ὁ
3388 671 3495 742 θὴρ
3529 673 3745 740 ἐκεῖνος

477 744 674 800 multas
701 746 939 802 minutas
971 756 1138 807 testas
1187 754 1487 825 subSterni,
1531 767 1587 814 et
1628 769 1917 832 martyrem
1964 777 2057 829 su-

475 834 664 902 pinum
723 851 889 909 super
945 839 1095 911 ipsas
1130 844 1297 909 tralii,
1342 856 1401 901 ut
1450 850 1695 925 corporis
1753 851 1925 924 plagis
1977 853 2057 909 sic

474 923 758 995 discerpti,
820 929 1073 986 dolorum
1112 942 1260 990 esset
1316 923 1517 993 sensus
1540 939 1738 1007 acrior.
1800 923 1912 997 lloc
1961 957 2057 997 au-

475 1025 581 1068 tem
632 1014 781 1072 dicto
821 1019 986 1076 citius
1038 1021 1257 1087 eﬂ'ccto,
1301 1025 1458 1095 jubet
1508 1024 1700 1083 rursus
1744 1027 2057 1085 infundibu-

472 1107 584 1162 lum
616 1108 695 1164 ori
735 1108 852 1180 ejus
888 1112 1132 1181 immitti,
1191 1126 1245 1171 ct
1278 1118 1478 1187 pelvim
1514 1135 1668 1191 aqum
1710 1120 1761 1176 ei
1816 1121 2053 1186 infundi,

478 1192 538 1253 ut
572 1199 746 1255 instar
793 1203 933 1259 utris
972 1205 1291 1277 impleretur
1335 1220 1577 1266 sanctus.
1619 1210 1914 1283 Postquam
1957 1230 2056 1269 au-

476 1298 586 1343 tom
624 1291 729 1346 hoc
758 1293 1090 1363 supplicium
1118 1296 1338 1353 fortiter
1364 1301 1628 1357 sustinuit
1677 1320 1694 1357 :
1744 1303 1864 1359 Nisi
1919 1304 2053 1362 mihi

472 1384 741 1449 parueris,
771 1383 953 1456 inquit
1008 1387 1200 1458 judex,
1239 1393 1406 1450 maris
1453 1394 1674 1451 habebit
1730 1405 1782 1452 te
1826 1397 2057 1468 proluu-

412 1491 443 1558 κ.
473 1476 627 1529 dum.
657 1474 877 1532 Clarum
933 1490 1014 1534 est
1045 1482 1217 1547 enim,
1249 1484 1394 1555 quod
1429 1486 1534 1542 nisi
1571 1494 1623 1541 te
1662 1487 1815 1543 brevi
1845 1489 1911 1544 de
1942 1505 2054 1545 me-

472 1564 565 1620 dio
597 1569 897 1639 sustulero,
950 1573 1086 1629 alios
1120 1592 1338 1645 quoque
1372 1577 1523 1633 mihi
1579 1582 1776 1649 perdes
1828 1582 2054 1638 milites.

470 1653 815 1715 Callistratus
843 1671 1025 1716 autem
1067 1681 1080 1717 :
1119 1663 1238 1719 Tibi
1294 1667 1539 1736 quidem,
1572 1662 1765 1740 inquit,
1804 1687 1836 1727 ο
1883 1673 2054 1729 scele-

470 1743 769 1812 ratissime,
806 1765 1015 1821 magnte
1069 1762 1156 1809 est
1189 1770 1357 1824 curm,
1394 1766 1454 1813 ut
1502 1761 1593 1829 qui
1626 1771 1711 1816 est
1759 1762 1861 1817 sub
1903 1772 2055 1833 patre

472 1846 569 1891 tuo
624 1839 865 1906 diabolo,
918 1844 1198 1901 custodias
1251 1863 1472 1921 gregem
1519 1865 1629 1906 non
1687 1852 2052 1922 diminutum;

480 1925 611 1980 mihi
650 1937 832 1983 autem
872 1931 923 1985 in
960 1932 1068 1989 Deo
1115 1950 1242 2005 spes
1293 1947 1453 1994 estet
1488 1940 1705 2007 ﬁducia,
1735 1944 1881 2012 quod
1912 1944 2055 2000 hunc

2161 760 2548 832 παροξυνθεὶς,
2603 761 2810 831 πλῆθος
2845 761 3063 817 λεπτῶν
3119 763 3416 833 ὀστράκων
3445 765 3745 837 ὑποστρω-

2160 853 2320 923 θῆναι
2354 852 2590 919 κελεύει,
2637 855 2730 908 τὸν
2772 854 3033 925 μάρτυρά
3066 873 3125 908 τε
3171 855 3364 909 ὕπτιον
3414 857 3506 910 ἐπ’
3555 859 3742 923 αὐτοῖς

2160 944 2411 999 ἕλκεσθαι
2434 945 2575 1000 ὥστε
2607 944 2719 999 τῶν
2753 946 3006 1018 πληγῶν,
3036 947 3184 1002 οὕτω
3210 947 3306 1001 τοῦ
3331 946 3590 1018 σώματος
3620 953 3743 1005 ἐπι·

2161 1034 2503 1105 ξαινομένου,
2527 1035 2863 1108 δριμυτέραν
2895 1037 3045 1105 αὐτῴ
3066 1039 3166 1107 τὴν
3190 1036 3453 1103 αἴσθησιν
3477 1039 3585 1093 τῶν
3619 1041 3743 1095 65L:-

2159 1127 2265 1183 νῶν
2300 1126 2569 1197 γίνεσθαι.
2612 1128 2817 1182 Τούτου
2858 1128 2916 1182 δὲ
2966 1128 3163 1182 θᾶττον
3221 1129 3254 1201 ἢ
3302 1130 3463 1199 λόγος
3507 1132 3738 1201 ἐκτελε-

2157 1196 2398 1291 σθέντος,
2419 1221 2629 1276 κελεύει
2655 1223 2819 1276 πάλιν
2841 1221 3021 1293 χώνην
3051 1222 3216 1276 αὐτοῦ
3242 1222 3318 1292 τῷ
3343 1223 3573 1292 στόματι
3591 1196 3742 1278 €31.1-

2157 1315 2343 1388 θῆναι,
2398 1316 2493 1369 καὶ
2540 1315 2777 1386 λεκάνην
2830 1315 2973 1393 ¹αὐτῇ
3038 1314 3233 1393 ὕδατος
3288 1313 3609 1385 ἔσχυθῆναι,
3659 1316 3741 1379 ὡς

2156 1406 2331 1461 ἀσκοῦ
2381 1406 2539 1477 δίκην
2575 1405 2931 1478 πληρωθῆναι
2982 1405 3073 1482 τὸν
3129 1405 3311 1475 ἅγιον.
3387 1406 3477 1470 Ὦς
3528 1406 3584 1460 δὲ
3637 1407 3736 1462 καὶ

2156 1499 2363 1572 ταύτην
2395 1501 2674 1571 ὑπήνεγκε
2733 1498 3000 1568 γενναίως
3044 1498 3144 1569 τὴν
3188 1497 3486 1571 τιμωρίαν,
3538 1498 3602 1552 El
3662 1498 3739 1569 μὴ

2156 1593 2391 1662 πεισθῇς
2424 1609 2535 1663 μοι.
2570 1594 2599 1645 ό
2635 1590 2897 1661 δικαστὴς
2952 1590 3077 1661 ἔφη,
3115 1591 3144 1645 ό
3180 1590 3339 1661 βυθὸς
3376 1591 3491 1656 ἕξει
3528 1607 3588 1644 σε
3635 1590 3740 1658 τῆς

2159 1686 2459 1756 θαλάσσης.
2497 1684 2735 1755 Εὔδηλον
2786 1684 2896 1753 γὰρ
2952 1684 3051 1746 ώς,
3106 1685 3155 1736 εί
3191 1685 3266 1753 μή
3331 1699 3392 1735 σε
3446 1683 3736 1753 συντόμως

2155 1774 2405 1845 ἐπιτρίψω
2427 1816 2441 1840 ,
2478 1775 2575 1828 καὶ
2607 1774 2832 1842 ἐτέρους
2865 1773 2976 1825 τῶν
3001 1772 3369 1841 ’στρατιωτῶν
3406 1788 3497 1839 μοι
3531 1787 3744 1842 προσα-

2160 1865 2429 1929 πολέσεις.
2475 1864 2533 1918 '0
2558 1864 2614 1918 δὲ
2642 1863 3082 1934 Καλλίστρατος,
3125 1863 3217 1916 Σοὶ
3250 1862 3352 1933 μὲν
3381 1860 3574 1933 πολλὴ,
3610 1861 3743 1930 ἔφη,

2163 1957 2393 2029 σπουδὴ,
2454 1956 2796 2028 μιαρώτατε,
2841 1956 2938 2026 τὴν
2992 1954 3100 2008 ὑπὸ
3146 1955 3225 2022 τῷ
3263 1954 3433 2023 πατρί
3498 1969 3592 2007 σου
3661 1952 3744 2023 τῷ

475 2019 753 2087 acquiram
781 2021 1001 2080 Christo
1027 2025 1183 2093 Imeo,
1235 2039 1289 2085 et
1351 2048 1475 2086 vera
1531 2031 1636 2088 ﬁde
1696 2007 2053 2101 conﬁrmabo,

2416 2007 2768 2121 τεταγμένην
3040 2007 3394 2117 διαφυλάξειν
3425 2007 3739 2115 ἀμείωτονι·

474 2118 529 2163 et
562 2109 616 2163 in
647 2111 825 2165 media
860 2112 963 2169 bac
992 2117 1213 2173 civitate
1245 2119 1403 2191 ﬁgam
1439 2124 1522 2176 eis
1565 2124 1884 2180 ecclesiam.
1935 2126 2054 2182 Dux

474 2213 605 2253 vero
644 2204 917 2260 exercitus
957 2207 1131 2278 magis
1186 2211 1369 2266 animo
1413 2215 1772 2271 conturbatus
1827 2234 1842 2271 :
1890 2216 2055 2287 lxnpie

477 2298 555 2356 tu,
589 2290 748 2357 dixit,
776 2305 832 2350 et
866 2296 1082 2364 infelix,
1126 2303 1317 2358 mortis
1350 2306 1625 2362 sententia
1678 2317 1772 2364 tuo
1801 2309 1913 2379 jam
1948 2308 2048 2365 im—

477 2385 677 2451 pendet
704 2390 894 2459 capiti,
928 2401 985 2446 et
1020 2394 1229 2464 cegitas
1271 2396 1436 2468 ﬁgere
1477 2400 1786 2466 ecclesiam,
1817 2412 1873 2459 et
1910 2407 2055 2460 mul-

476 2489 559 2533 tos
586 2496 649 2535 ex
679 2483 888 2540 nostris
920 2486 984 2542 ad
1034 2487 1206 2543 Deum
1244 2500 1395 2546 tuum
1447 2493 1758 2549 adducere?
1790 2494 1902 2553 [loc
1928 2514 2053 2552 eum

474 2571 725 2639 dixisset,
751 2575 909 2645 jubet
939 2578 1040 2633 sibi
1067 2580 1254 2636 aﬂerri
1284 2598 1528 2652 saccum,
1559 2594 1614 2640 et
1654 2586 1712 2640 in
1744 2603 1870 2643 eum
1902 2588 2052 2659 iujici

474 2674 748 2733 sanctum,
795 2681 851 2726 et
895 2674 1078 2729 statim
1115 2676 1328 2733 demitti
1385 2679 1437 2735 in
1480 2680 1811 2751 profundum
1865 2685 2050 2741 maris.

475 2755 597 2824 lpse
631 2771 815 2817 autem
855 2765 1036 2822 stabat
1087 2770 1140 2823 in
1206 2770 1411 2835 littore,
1451 2775 1584 2829 nulli
1619 2776 1711 2830 alii
1766 2793 1882 2833 rem
1930 2794 2052 2835 ere.

477 2847 636 2915 dens,
658 2850 765 2907 nisi
798 2856 1034 2925 propriis
1062 2860 1255 2917 oculis.
1287 2861 1492 2918 Saccus
1521 2880 1669 2932 vero,
1708 2867 1890 2922 divina
1917 2884 2054 2938 qua-

476 2940 600 2995 dam
635 2946 1001 3012 providentia,
1062 2951 1268 3022 impetu
1303 2970 1570 3023 aquarum
1604 2967 1790 3027 petrae,
1845 2975 1966 3030 qua:
1998 2963 2053 3017 in

473 3033 612 3089 mari
656 3034 879 3103 latebat,
908 3040 1119 3104 allisus,
1164 3043 1265 3099 fuit
1290 3044 1590 3115 disruptus,
1612 3048 1766 3118 justo
1796 3058 2054 3121 tanquam

374 3172 378 3176 Α
477 3126 533 3179 in
563 3134 759 3184 ventre
789 3133 944 3196 coeti,
981 3134 1039 3188 in
1080 3150 1146 3190 eo
1177 3147 1395 3194 orante.
1434 3139 1562 3195 Erat
1621 3149 1805 3197 autem
1829 3145 2056 3201 omnino

478 3218 623 3276 Deus
651 3222 1082 3289 admirabilium.
1137 3228 1284 3284 sicut
1312 3231 1464 3299 prius
1505 3231 1723 3296 Jonam,
1759 3233 1832 3290 ita
1872 3234 2054 3306 ipsum

2164 2141 2289 2212 ἐμοὶ
2322 2141 2378 2194 δὲ
2411 2140 2569 2205 ἐλπὶς
2619 2141 2677 2193 ἐν
2724 2138 2845 2209 Θεῷ
2876 2141 2969 2193 καὶ
2999 2138 3351 2207 πεποίθησις,
3405 2138 3490 2190 ὅτι
3549 2153 3751 2209 προνο-

2168 2234 2357 2302 μεύσω
2420 2232 2628 2302 ταύτην
2686 2231 2766 2302 τῷ
2819 2232 2941 2302 ὲμῷ
2995 2230 3238 2303 Χριστῷ,
3293 2229 3389 2285 καὶ
3427 2232 3495 2300 τῇ
3548 2227 3751 2297 ἀληθεῖ

2164 2323 2347 2376 πίστει
2398 2322 2703 2392 βεϐαιώσω,
2763 2321 2932 2377 αὐτοῦ
2986 2339 3045 2376 τε
3101 2322 3200 2391 τὴν
3264 2321 3597 2391 Ἐκκλησίαν
3686 2322 3750 2374 ὲν

2166 2415 2318 2484 μέσῳ
2346 2414 2509 2485 τῆσδε
2539 2417 2640 2486 τῆς
2676 2414 2890 2478 πόλεως
2920 2414 3248 2486 καταπήξω.
3302 2415 3411 2469 Καὶ
3440 2417 3468 2468 ὁ
3503 2431 3748 2484 στρατη·-

2162 2504 2333 2574 λάτης
2371 2504 2570 2574 μᾶλλον
2602 2504 2702 2573 τὴν
2744 2503 2925 2574 ψυχὴν
2957 2502 3482 2573 διαταραττόμενος,
3528 2504 3745 2556 Ἀνόσιε

2165 2597 2230 2650 σὺ
2280 2596 2378 2648 καὶ
2439 2595 2802 2665 κακόδαιμον,
2840 2590 3017 2659 εἶπεν,
3065 2596 3099 2665 ὴ
3134 2594 3231 2647 τοῦ
3282 2592 3515 2648 θανάτου
3564 2591 3751 2663 ψῆφος

2163 2688 2263 2761 ἤδη
2313 2688 2453 2760 ὑπὲρ
2485 2687 2731 2758 κεφαλῆς
2762 2703 2855 2740 σου
2884 2686 3131 2759 ᾐώρηται
3158 2702 3172 2716 ο
3211 2687 3276 2740 σὺ
3308 2685 3366 2739 δὲ
3410 2683 3751 2754 Ἐκκλησίαν

2162 2780 2255 2834 καὶ
2303 2780 2398 2832 νῦν
2446 2779 2616 2850 πῆξαι
2650 2779 2880 2842 διανοεῖς
2925 2779 3020 2831 καὶ
3052 2778 3285 2842 πολλοὺς
3313 2777 3423 2831 τῶν
3454 2778 3753 2848 ἡμετέρων

2161 2872 2239 2945 τῷ
2273 2872 2392 2943 Θεῷ
2448 2888 2542 2925 σου
2596 2872 3002 2942 προσαγαγεῖν;
3059 2869 3232 2924 Τοῦτο
3288 2869 3481 2935 εἰπὼν,
3532 2867 3749 2921 σάκκον

2163 2964 2454 3036 ἐνεχθῆναι
2488 2965 2848 3037 προστάττει,
2882 2962 2979 3016 καὶ
3012 2963 3105 3016 τὸν
3140 2961 3301 3029 ἅγιον
3352 2961 3502 3030 αὑτῷ
3535 2959 3754 3029 ἐμϐλη-

2162 3061 2326 3132 θῆναι
2358 3059 2632 3130 ἀφεθῆναί
2665 3076 2723 3112 τε
2759 3059 2902 3113 κατὰ
2931 3058 2992 3110 τὸ
3022 3057 3188 3127 μέσον
3216 3057 3381 3117 εὐθὺς
3407 3056 3508 3124 τῆς
3538 3053 3756 3109 θαλάσ-

2164 3170 2283 3224 σης.
2317 3152 2489 3215 Αὐτὸς
2516 3152 2575 3206 δὲ
2601 3151 2757 3222 παρὰ
2806 3153 2898 3203 τὸν
2943 3148 3195 3218 αἰγιαλὸν
3250 3147 3518 3216 εἱστήκει,
3563 3144 3752 3198 οᾷδενὶ

2162 3245 2311 3316 ἄλλῳ
2340 3245 2423 3298 ὅτι
2453 3245 2528 3315 μὴ
2573 3243 2874 3313 ὀφθαλμοῖς
2906 3241 3057 3304 ἰδίοις
3083 3240 3145 3294 τὸ
3177 3241 3412 3311 πρᾶγμα
3444 3236 3754 3292 πιστεύων.

476 3329 698 3384 quoque
730 3328 1072 3375 servaturos.
1097 3321 1218 3377 Duo
1252 3322 1437 3393 itaque
1486 3325 1761 3396 delphini,
1794 3339 2051 3399 tanquam

2173 3339 2233 3393 Ὀ
2269 3340 2325 3392 δὲ
2363 3338 2565 3401 σάκκος
2596 3336 2720 3407 θεία
2754 3337 2864 3389 τινὶ
2925 3331 3245 3406 προμηθείᾳ
3278 3334 3345 3403 τῇ
3378 3330 3490 3383 τῶν
3530 3330 3752 3383 ὑδάτων

471 3406 637 3476 iussi,
669 3408 1019 3476 adnatantes,
1051 3428 1175 3468 cum
1221 3424 1474 3471 sanctum
1508 3426 1662 3490 tergo
1691 3420 2059 3490 excepissent,

478 3500 712 3555 sublime
763 3501 984 3566 tollunt,
1017 3505 1213 3561 deinde
1255 3507 1323 3563 ad
1357 3507 1509 3564 littus
1536 3512 1885 3576 accedentes,
1938 3529 2069 3569 sen—

477 3594 581 3648 sim
609 3605 665 3649 et
687 3603 847 3650 caute
868 3612 994 3651 eum
1048 3597 1331 3664 deponunt
1377 3601 1433 3655 in
1473 3613 1636 3658 terra.
1670 3604 1791 3669 Quo
1840 3607 1897 3660 in
1942 3606 2064 3662 loco

479 3694 707 3741 sanctus
731 3695 935 3758 martyr
977 3700 1288 3760 opportune
1331 3708 1536 3749 canens
1562 3709 1649 3759 ea,
1688 3712 1810 3764 qua:
1844 3697 2010 3753 David
2045 3714 2063 3754 :

481 3773 640 3839 Veni,
691 3777 931 3844 dicebat,
974 3779 1028 3833 in
1093 3782 1424 3851 profundum
1473 3786 1672 3851 maris;
1727 3793 1823 3841 sed
1880 3804 2062 3857 neque

478 3870 717 3939 procella
748 3885 836 3927 me
867 3872 1126 3936 obruit",
1148 3890 1326 3945 neque
1355 3876 1597 3932 laboravi
1637 3876 1899 3943 clamans,
1931 3878 2061 3933 dum

479 3974 696 4014 orarem
728 3960 797 4016 ad
822 3970 877 4017 te
900 3962 945 4026 ⁸,
996 3962 1252 4021 Domine.
1295 3964 1567 4031 Quoniam
1613 3968 1871 4022 celeriter
1914 3984 2066 4024 meas

477 4049 699 4105 audiisti
737 4067 957 4122 preces,
1012 4065 1069 4109 et
1126 4072 1192 4110 ex
1226 4056 1464 4112 vinculis
1520 4058 1956 4124 inevitabilibus,
2009 4068 2065 4115 et

477 4156 547 4195 ex
594 4142 866 4211 profundo
913 4144 1105 4199 inﬁmo
1161 4162 1250 4202 me
1303 4148 1595 4217 abripuisti
1649 4150 2062 4225 admirabiliter.

478 4248 544 4287 ac
575 4244 778 4302 praeter
819 4234 1136 4305 opinionem
1190 4255 1203 4292 :
1258 4248 1314 4293 et
1373 4253 1532 4295 sacco
1591 4255 1715 4296 meo
1783 4240 2058 4312 disrupto.

478 4325 888 4384 circumdedisti
917 4344 1005 4385 me
1036 4329 1219 4386 laetitia
1244 4333 1286 4385 ‘.

2162 3432 2306 3501 φορᾷ
2363 3430 2571 3501 πέτρας
2593 3426 2802 3497 ὑφάλου
2826 3426 3075 3498 ρήγματι
3095 3420 3427 3492 προσπεσὼν
3448 3419 3751 3491 διερῤάγη,

2160 3523 2255 3579 τοῦ
2289 3524 2500 3577 δικαίου
2527 3521 2781 3591 καθάπερ
2812 3523 2870 3573 ὲν
2903 3518 3086 3591 κοιλίᾳ
3135 3519 3335 3587 κήτους
3389 3515 3521 3568 εἴσω
3550 3513 3751 3566 τούτου

2160 3617 2632 3688 προσευχομένου,
2676 3614 2917 3686 Ἔμελλε
2955 3613 3011 3666 δὲ
3053 3611 3271 3673 πάντως
3304 3611 3330 3662 ὁ
3364 3609 3476 3661 τῶν
3532 3608 3743 3676 θαυμα-

2163 3711 2295 3765 σίων
2324 3711 2478 3775 Θεὸς,
2504 3710 2697 3779 ὥσπερ
2732 3709 2824 3761 τὸν
2846 3706 3035 3760 Ἰωνᾶν
3069 3706 3360 3774 πρότερον,
3388 3699 3535 3754 οὕτω
3559 3699 3623 3768 δὴ
3648 3699 3742 3750 καὶ

2161 3805 2325 3858 αὐτὸν
2352 3801 2750 3857 διασώσασθαι.
2790 3800 2894 3853 Δύο
2923 3796 3218 3868 τοιγαροῦν
3252 3795 3501 3864 δελφῖνες
3534 3790 3595 3854 ἐξ
3622 3790 3721 3841 ἐπι-

2161 3897 2440 3966 τάγματος
2472 3896 2665 3965 ῶσπερ
2700 3893 3126 3962 ὑπονηξάμενοι,
3171 3888 3313 3942 κατὰ
3353 3885 3524 3940 νώτου
3550 3900 3609 3937 τε
3656 3881 3745 3935 τον

2160 3989 2315 4059 διγιον
2345 3986 2729 4049 ὑπολαϐόντες,
2759 3982 3209 4054 μετεωρίζουσιν,
3242 3976 3363 4033 εἶτα
3388 3974 3465 4046 τῷ
3505 3971 3754 4043 αἰγιαλῶ

2163 4078 2586 4150 προσελθόντες,
2637 4076 2826 4147 ἡρέμα
2882 4077 2979 4128 καὶ
3024 4073 3149 4126 λίαν
3207 4066 3639 4140 πεφυλαγμένον
3679 4066 3754 4134 τῇ

2164 4175 2236 4244 γῇ
2277 4171 2444 4225 αὑτὸν
2488 4169 2863 4223 ἀποτίθενται.
2904 4165 3076 4220 Ἔνθα
3121 4163 3219 4218 καὶ
3262 4163 3292 4215 ὀ
3326 4160 3483 4230 ἅγιος
3535 4158 3758 4229 μάρτυς

2165 4264 2237 4318 τὰ
2259 4263 2354 4317 τοῦ
2387 4260 2554 4316 Δαυῖδ
2583 4261 2889 4330 ἐπικαίρως
2914 4257 3159 4326 ψάλλων,
3189 4248 3418 4319 Ἵίλθον,
3446 4251 3638 4318 ἔλεγεν
3672 4248 3754 4311 είς

2167 4356 2236 4411 τὰ
2265 4355 2405 4427 βάθη
2436 4352 2537 4422 τῆς
2581 4351 2862 4421 θαλάσσης
2883 4365 2898 4381 ⁸
2933 4348 3054 4411 ἀλλ’⁸
3074 4347 3199 4401 οὕτε
3225 4345 3481 4413 καταιγίς
3512 4359 3579 4413 με
3612 4358 3754 4395 κατ-

475 4445 781 4515 επόντισεν,
813 4447 940 4502 οὔτε
970 4448 1077 4521 μὴν
1102 4450 1372 4505 ἐκοπίασα
1400 4452 1644 4523 κράζων,
1677 4454 1734 4506 ἐν
1764 4453 1842 4525 τῷ
1871 4454 2089 4508 δέεσθαι
2120 4469 2191 4523 με
2245 4449 2382 4523 πρὸς
2407 4449 2488 4514 σὲ,
2532 4446 2738 4518 Κύριε·
2786 4446 2869 4500 ὃτι
2919 4461 3027 4515 μου
3078 4442 3291 4512 ταχέως
3346 4439 3450 4509 τῆς
3507 4436 3756 4507 δεήσεως

478 4540 743 4610 ἧκουσας,
800 4543 896 4596 καὶ
942 4541 999 4608 ἐξ
1043 4542 1302 4612 ἀφύκτων
1332 4544 1549 4618 δεσμῶν
1583 4547 1677 4599 καὶ
1717 4545 1882 4617 βυθοῦ
1908 4546 2229 4601 κατωτάτου
2288 4541 2606 4615 παραδόξως
2654 4541 3027 4631 Many-110.34?
3056 4537 3149 4588 τὸν
3174 4535 3375 4590 σάκκον
3420 4530 3752 4603 διαρῥήξας.

477 4630 823 4701 εὐφροσύνην
859 4647 928 4703 με
951 4632 1315 4705 περιέζωσας.

552 4722 642 4782 Vl.
676 4722 784 4778 Sed
826 4724 946 4779 haec
970 4724 1192 4791 quidem
1225 4726 1308 4780 sic
1346 4728 1579 4784 canebat
1613 4729 1818 4786 athleta
1845 4728 1899 4785 in
1927 4743 2057 4785 voce

2239 4726 2331 4791 ς’.
2368 4720 2533 4776 Ἀλλὰ
2559 4719 2731 4775 ταῦτα
2760 4718 2859 4785 μὲν
2890 4716 3062 4780 οὕτως
3087 4716 3145 4769 ὲν
3170 4714 3340 4787 χείλει
3362 4713 3751 4783 ἀγαλλιάσεως

479 4814 887 4875 exsultationis.
944 4814 1234 4872 Multitudo
1288 4831 1468 4874 autem
1503 4820 1737 4875 militum
1802 4822 2063 4892 obstupe-

481 4907 624 4962 facta
661 4922 728 4961 eo
755 4908 903 4976 quod
931 4906 1137 4961 factum
1173 4918 1290 4967 erat
1327 4918 1527 4980 praeter
1564 4910 1903 4981 Opinionem,
1939 4928 2063 4981 pro-

481 4996 628 5051 tinus
707 4997 1094 5067 procidcntes,
1165 5001 1340 5055 sancti
1409 5002 1576 5071 pedes
1658 5003 2065 5072 preliensabant

483 5090 664 5158 (erant
689 5099 875 5145 autem
913 5106 1143 5146 numero
1189 5092 1547 5165 quadraginta
1594 5103 1648 5149 et
1691 5097 1931 5166 novem),
1972 5111 2066 5166 pe—

485 5190 666 5236 tentes
717 5181 940 5238 liberari
994 5183 1063 5238 ab
1120 5197 1311 5238 errore
1360 5184 1809 5252 simulacrorum,
1878 5198 1933 5243 et
1994 5190 2060 5244 ad

484 5271 765 5329 Christum
802 5273 1020 5330 adduci.
1076 5273 1214 5330 Ecce
1249 5278 1420 5339 enim,
1465 5277 1641 5343 aiunt,
1706 5279 2062 5347 cognovimus

486 5364 657 5420 Deum
697 5373 851 5419 tuum
882 5380 1004 5421 esse
1058 5381 1244 5421 revera
1289 5383 1567 5438 magnum,
1618 5371 1710 5440 qui
1770 5380 1821 5425 te
1868 5374 1949 5426 vel
1995 5388 2060 5427 ex

486 5455 765 5528 profundo
800 5457 966 5511 maris
1001 5457 1249 5512 liberavit
1279 5457 1698 5516 admirabiliter.
1728 5460 1931 5517 Beatus
1966 5480 2063 5517 au-

491 5557 598 5601 tem
630 5556 834 5616 martyr
865 5563 882 5602 :
912 5546 1083 5612 Meus,
1117 5545 1313 5618 inquit,
1343 5546 1605 5604 Dominus
1652 5548 1907 5608 Christus
1952 5568 2059 5606 non

490 5637 701 5705 repellit
730 5652 847 5704 eos,
879 5638 970 5707 qui
998 5640 1065 5695 ad
1100 5642 1278 5709 ipsum
1324 5643 1611 5698 accedunt.
1656 5641 1747 5697 ille
1789 5644 1931 5697 enim
1976 5643 2057 5697 di-

2161 4819 2189 4871 ό
2222 4814 2463 4887 ἀθλητὴς
2494 4810 2613 4887 ᾖδε.
2649 4812 2722 4865 Τὸ
2747 4812 2805 4866 δὲ
2851 4810 2961 4864 τῶν
3003 4807 3354 4881 στρατιωτῶν
3401 4806 3632 4877 πλῆθος,
3670 4807 3751 4875 τῷ

2165 4908 2455 4979 παραδόξῳ
2500 4906 2596 4959 τοῦ
2629 4907 2927 4974 γενομένου
2976 4898 3452 4969 καταπλαγέντες,
3499 4914 3752 4967 προσπε-

2165 5002 2351 5064 σόντες
2381 4998 2544 5063 εὐθὺς
2592 4996 2700 5050 τῶν
2730 4995 2825 5048 τοῦ
2873 4995 3033 5063 ἁγίου
3079 4993 3256 5047 ποδῶν
3304 4991 3516 5060 εἴχοντο
3564 4990 3745 5073 (ἐννέα

2163 5094 2218 5147 δὲ
2260 5092 2356 5146 καὶ
2385 5089 2801 5159 τεσσαράκοντα
2845 5086 2934 5139 τὸν
2971 5084 3209 5155 ἀριθμὸν
3240 5077 3429 5153 ἦσαν),
3475 5082 3739 5150 ῥυσθῆναι

2163 5183 2262 5255 τῆς
2283 5182 2391 5237 τῶν
2420 5180 2654 5233 εἰδώλων
2684 5179 2893 5249 πλάνης
2924 5175 3079 5231 αίτού
3090 5193 3266 5245 μενοι,
3299 5173 3390 5228 καὶ
3417 5171 3496 5244 τῷ
3517 5169 3739 5243 Χριστῷ

2163 5273 2563 5344 προσαχθῆναι.
2616 5271 2748 5326 Ἰδοὺ
2788 5273 2919 5342 γάρ,
2959 5269 3148 5339 φασὶν,
3175 5268 3427 5339 ἔγνωμεν
3448 5269 3536 5321 ὅτι
3569 5267 3750 5337 μέγας

2162 5372 2220 5421 ὲν
2281 5369 2511 5442 ἀληθεία
2552 5372 2579 5423 ὁ
2626 5371 2718 5431 σος
2762 5367 3004 5437 ὑπάρχει
3063 5366 3222 5431 Θεὸς,
3278 5366 3336 5429 ὅς
3391 5380 3451 5417 σε
3502 5363 3604 5417 καὶ
3644 5358 3747 5413 τοῦ

2165 5459 2331 5531 βυθοῦ
2384 5461 2485 5530 τῆς
2541 5459 2817 5528 θαλάσσης
2878 5458 3179 5528 ὑπερφυῶς
3226 5456 3520 5529 ἐρρύσατο.
3572 5453 3636 5506 '0
3692 5451 3751 5505 δὲ

2168 5553 2441 5622 μακάριος
2477 5550 2707 5623 μάρτυς,
2745 5552 2805 5603 Ὀ
2833 5550 3137 5620 ὲμδς,Εφη,
3161 5550 3441 5618 Δεσπότης
3474 5543 3746 5617 Χριστὸς,

2117 5630 2121 5633 ⁵
2164 5643 2291 5707 τοὺς
2320 5642 2471 5713 αὗτῷ
2512 5644 2838 5714 προσιόντας
2870 5643 2968 5697 οὑκ
3002 5642 3343 5698 ἀπωθεῖται·
3380 5637 3595 5691 ἐκείνου
3626 5635 3740 5705 γὰρ

606 5779 622 5809 τ
652 5776 796 5836 Psal.
824 5782 1082 5848 mrtuus,
1121 5781 1179 5837 4.
1252 5783 1271 5815 ⁸
1308 5782 1454 5839 l‘sal.
1487 5781 1727 5848 xxx,23.
1806 5784 1826 5815 ’
1869 5781 2008 5836 Ps'al.
2038 5799 2185 5848 xxxx,
2228 5782 2308 5837 l2.
