4060 6468
349 382 455 449 88'.)

1403 377 1508 438 MA
1521 377 1868 440 BTYRIUM
1907 380 1968 438 S.
2011 375 2532 437 CALLISTRATI.

3513 375 3619 437 890

351 492 544 559 λόγος’
586 507 606 542 ι
637 468 804 542 Δεῦτε
842 486 979 560 πρός
1031 505 1122 561 με,
1153 487 1356 553 πάντες
1406 491 1457 542 οἱ
1488 488 1791 551 κοπιῶντες
1843 488 1939 541 καὶ

2048 484 2119 539 cit
2150 501 2163 537 :
2202 504 2220 536 ι
2259 482 2456 538 Venite
2485 482 2553 537 ad
2581 496 2689 545 me,
2717 494 2910 536 omnes
2940 481 3033 551 qui
3078 480 3341 536 laboratis
3377 490 3431 535 et
3485 496 3619 535 one.-

355 580 812 655 πεφορτισμένοι,
879 578 1036 649 κάγὼ
1091 579 1394 634 ἀναπαύσω
1452 581 1622 650 ὑμᾶς.
1692 579 1932 650 Χαίρετε

353 672 674 743 τοιγαροῦν,
735 672 901 742 ὑμεῖς
956 673 1053 725 καὶ
1099 671 1462 740 ἀγαλλιᾶσθε,
1499 659 1609 725 ’ὃτι
1660 671 1690 724 ό
1741 670 1933 741 μισθὸς

357 764 512 836 ὑμῶν
538 763 705 826 πολὺς
722 764 782 817 ὲν
801 765 915 827 τοῖς
941 763 1212 834 οὐρανοῖς.
1245 783 1262 815 ι
1288 762 1474 817 Ταῦτα
1496 763 1691 830 εἰπὼν,
1718 764 1812 818 καὶ
1834 763 1936 827 τὰς

357 858 549 928 χεῖρας
576 855 772 927 διάρας
794 857 875 921 είς
910 855 1165 927 οὐρανὸν,
1199 855 1399 926 Κύριε,
1440 851 1617 920 εἶπεν,
1645 858 1674 910 ὁ
1708 858 1764 910 ἐν
1797 855 1937 927 ὑψη-

356 949 469 1010 λοῖς
492 947 786 1013 κατοικῶν,
809 947 903 1000 καὶ
927 946 998 1000 τὰ
1022 946 1261 1001 ταπεινὰ
1282 946 1519 1016 ἐφορῶν,
1540 946 1636 999 καὶ
1659 947 1935 1016 διαμένων

358 1040 442 1102 είς
472 1039 601 1102 τοὺς
643 1036 866 1103 αίῶνας,
902 1036 1054 1090 ἔπιδε
1100 1037 1190 1089 ἐπὶ
1222 1036 1282 1089 τὸ
1310 1036 1505 1108 μικρόν
1544 1053 1638 1089 σου
1686 1037 1938 1106 ποίμνιον

360 1130 543 1195 τοῦτο,
575 1128 672 1183 καὶ
707 1128 888 1199 πάσης
920 1128 1127 1201 βλάϐης
1146 1129 1445 1199 ὁρωμένων
1475 1144 1534 1181 τε
1566 1130 1661 1182 καὶ
1689 1129 1939 1200 ἀοράτων

359 1220 546 1292 θηρῶν
572 1222 940 1292 συντήρησον·
965 1221 1049 1275 ὅτι
1072 1222 1235 1291 μόνον
1260 1220 1528 1292 ὑπάρχεις
1546 1219 1940 1291 δεδοξασμένος

365 1316 451 1377 είς
477 1314 607 1379 τοὺς
643 1312 870 1377 αἰῶνας.
926 1312 1120 1383 ⁹Αμήν.

430 1407 502 1462 Ζ’.
526 1406 713 1462 Ταῦτα
753 1406 876 1460 ἐπεὶ
899 1406 1158 1477 γνώριμα
1190 1405 1437 1474 κατέστη
1460 1404 1537 1476 τῷ
1565 1405 1938 1476 στρατηλάτῃ,

360 1498 497 1570 πρδς
530 1499 591 1553 τὸ
619 1496 982 1569 στρατόπεδον
1007 1497 1234 1561 ἀπιδὼν,
1279 1495 1362 1567 Νὴ
1391 1495 1483 1551 τδν
1531 1496 1939 1566 λαμπρότατον,

362 1586 537 1652 εἶπεν,
567 1590 746 1661 ἥλιον,
775 1590 1033 1660 μεγάλων
1079 1589 1499 1659 ἀναπέπλησται
1536 1588 1815 1660 ’γοητειῶν
1852 1587 1944 1642 οὐ·

362 1682 501 1737 τοσί.
553 1683 666 1754 Τήν
697 1698 757 1735 τε
788 1681 897 1753 γὰρ
925 1682 1105 1753 ὁρμὴν
1127 1680 1223 1734 τοῦ
1258 1679 1454 1744 ὓδατος
1482 1678 1771 1748 ὲπὲδησεν,
1794 1679 1940 1731 ἁπα-

2036 575 2141 630 rati
2166 576 2319 649 esus,
2347 584 2404 629 et
2447 587 2552 643 ego
2582 571 2826 627 reﬁciam
2854 586 2953 626 vos
2982 572 3047 624 ¹⁶.
3095 571 3340 626 Gaudete
3387 586 3519 642 ergo
3565 582 3621 624 ιιι

2037 664 2330 730 exsultate,
2381 662 2640 732 quoniam
2691 675 2904 716 merces
2941 670 3122 716 vestra
3167 661 3390 731 capiosa
3431 671 3517 716 est
3562 660 3618 715 in

2036 759 2192 815 cmlis
2224 759 2290 811 “.
2336 776 2357 810 ι
2387 756 2515 811 Haec
2543 769 2669 810 cum
2696 753 2946 816 dixisset,
2988 762 3045 808 et
3098 767 3294 807 manus
3324 752 3390 807 ad
3419 752 3619 807 cmluni

2038 851 2351 908 sustulisset
2386 866 2401 905 :
2429 848 2680 911 Domine,
2728 846 2885 908 dixit,
2920 846 3012 916 qui
3036 846 3089 899 in
3119 846 3272 901 caelis
3303 845 3537 907 habitas.
3567 857 3622 898 et

2040 941 2267 997 humilia
2315 938 2545 1009 respicis
2584 939 2651 1001 ",
2699 947 2754 992 et
2805 949 3096 1006 permanes
3161 935 3218 989 in
3295 935 3497 990 saecula
3547 933 3616 995 ".

2038 1033 2222 1108 aspice
2254 1030 2323 1086 ad
2354 1030 2501 1085 hunc
2530 1043 2755 1099 partum
2794 1036 2946 1082 tuum
2982 1041 3219 1097 gregem,
3273 1035 3329 1080 et
3356 1040 3621 1080 conserva

2039 1125 2109 1179 ab
2141 1122 2289 1177 omni
2336 1122 2559 1188 damno,
2622 1132 2732 1173 tam
2790 1119 3112 1182 bestiarum,
3166 1133 3288 1186 quae
3345 1117 3618 1177 videntur.

2040 1231 2202 1287 quam
2251 1228 2373 1284 quae
2420 1212 2524 1267 sub
2571 1219 2852 1280 aspectum
2910 1223 3024 1262 non
3075 1208 3298 1264 cadunt.
3355 1207 3620 1275 Quoniam

2041 1308 2194 1362 solus
2220 1321 2282 1362 es
2307 1303 2640 1375 glorificatus
2677 1303 2732 1356 in
2759 1301 2957 1357 saecula
2995 1300 3351 1356 saeculorum.
3383 1300 3582 1355 Amen.

2114 1418 2223 1474 νη.
2260 1417 2560 1486 Postquam
2605 1416 2721 1470 haec
2763 1415 2982 1470 fuerunt
3036 1414 3252 1485 cognita
3297 1413 3420 1469 duci
3463 1429 3623 1468 exer-

2047 1511 2191 1566 citus
2226 1528 2240 1565 :
2271 1509 2375 1564 Per
2423 1506 2851 1567 lucidissimum,
2900 1504 3105 1574 inquit,
3153 1503 3349 1569 solem,
3402 1502 3493 1557 hic
3536 1510 3625 1555 cst

2047 1601 2259 1671 magnis
2284 1599 2528 1670 repletus
2568 1596 2882 1668 praestigiis.
2910 1594 3045 1649 Nam
3093 1602 3148 1649 et
3180 1610 3333 1665 aquze
3367 1595 3626 1663 repressit

2049 1694 2337 1762 impetum,
2387 1702 2677 1758 emergens
2726 1687 2928 1741 ill-.esus
2965 1701 2994 1740 a
3039 1687 3197 1741 malis
3237 1702 3250 1738 :
3293 1692 3346 1740 et
3401 1685 3521 1745 hos.
3569 1692 3628 1738 ut

363 1776 463 1838 θὴς
490 1773 680 1827 κακῶν
709 1773 928 1836 ἀναδὺς,
960 1772 1057 1826 καὶ
1080 1771 1327 1838 τούτους,
1355 1774 1431 1835 ὡς
1484 1770 1723 1843 προέφη,
1770 1786 1940 1824 κατα-

2048 1783 2319 1853 praeuixit,
2390 1780 2636 1845 attraxit,
2714 1793 2904 1833 eorum
2959 1776 3345 1848 praestringens
3416 1774 3623 1829 oculos.

363 1863 593 1936 γοητείᾳ
671 1861 1048 1915 ἐπεσπάσατο.
1108 1856 1242 1914 Εἶτα
1302 1861 1569 1932 στραφεὶς
1657 1860 1795 1931 πρὸς
1852 1860 1943 1913 τὸν

367 1954 637 2025 μάρτυρα,
680 1950 824 2021 Ἐγώ
881 1967 1000 2016 σου,
1041 1951 1170 2022 ἔφη,
1209 1952 1309 2013 τὰς
1359 1953 1617 2020 γοητείας
1664 1951 1942 2020 διελέγξω,

365 2044 768 2115 Καλλίστρατε·
808 2043 925 2096 Οὐκ
953 2044 1035 2106 είς
1061 2043 1281 2114 μακρὰν
1308 2042 1365 2095 δὲ
1388 2043 1509 2117 είσῃ
1539 2043 1622 2105 τίς
1664 2045 1764 2113 μὲν
1807 2044 1947 2113 Περ-

366 2133 621 2206 σερτῖνός’
655 2134 827 2198 ἐστιν,
851 2133 878 2185 ὁ
907 2131 1018 2185 τῶν
1070 2132 1329 2202 μεγάλων
1376 2130 1516 2185 θεῶν
1563 2117 1942 2202 θεραπευπήφ

362 2226 447 2290 τίς
471 2223 528 2276 δὲ
547 2226 574 2276 ὁ
594 2221 1014 2299 ἐσταυρωμένος
1040 2221 1101 2275 ὃν
1128 2221 1290 2285 αὐτός
1328 2237 1389 2275 τε
1424 2223 1623 2287 σέϐεις,
1665 2223 1758 2279 καὶ
1787 2223 1875 2293 ἐφ’
1901 2220 1945 2293 ᾧ
1969 2216 1982 2225 ’

369 2314 671 2386 ματαίωςὸ
704 2316 1014 2384 κατάρατος
1066 2314 1354 2378 πέποιθας.
1415 2313 1659 2379 Καθίσας
1704 2312 1798 2369 οὖν
1851 2317 1945 2370 ἐπὶ

363 2408 459 2461 τοῦ
480 2394 725 2479 βήματος
743 2406 966 2480 ῥοπάλῳ
993 2404 1117 2459 καθ’
1138 2406 1234 2460 ἕνα
1258 2405 1474 2459 κελεύει
1501 2406 1799 2462 τύπτεσθαι
1820 2408 1945 2471 τοὺς

365 2498 803 2562 πεπιστευκότας
831 2497 1078 2561 ἅπαντας
1116 2496 1495 2568 στρατιώτας·
1531 2498 1580 2552 οἳ
1622 2500 1715 2552 καὶ
1741 2499 1946 2551 τυπτό-

370 2605 522 2659 μενοι
555 2587 834 2659 χαλεπῶς,
862 2588 934 2641 τὰ
965 2588 1103 2658 μέλη
1134 2604 1195 2641 τε
1219 2588 1863 2660 κατακλώμενοι,ῶσπερ
1887 2590 1946 2654 ἐξ

366 2682 485 2745 ἑνὸς
507 2681 796 2750 στόματος,
827 2678 996 2746 Κύριε
1030 2679 1204 2750 Ἰησοῦ
1232 2680 1457 2752 Χριστὶ,
1481 2680 1686 2751 ελεγον,
1710 2683 1824 2745 τοῖς
1851 2699 1947 2736 σου

365 2773 571 2838 δούλοις
632 2772 911 2844 ἐπίστηθι,
954 2773 1163 2846 βοήθεὶ,
1204 2776 1298 2829 καὶ
1338 2774 1425 2838 δὸς
1452 2776 1589 2846 ἡμῖν
1629 2776 1728 2846 τὴν
1784 2777 1947 2846 μέχρι

363 2865 550 2928 τέλους
578 2865 858 2936 ὑπομονήν
880 2880 895 2896 ·
919 2863 1009 2918 διὰ
1040 2866 1100 2918 σὲ
1127 2864 1236 2936 γὰρ
1271 2867 1367 2919 καὶ
1397 2866 1497 2937 τὴν
1529 2866 1610 2929 είς
1652 2865 1712 2918 σὲ
1761 2867 1948 2920 πίστιν

364 2954 515 3010 οὕτω
540 2955 772 3026 πάσχειν
802 2954 1081 3027 εἱλόμεθα.
1107 2956 1204 3028 Εῐη
1243 2956 1301 3010 δὲ
1331 2957 1484 3028 παρᾶ
1535 2957 1630 3010 σοῦ
1678 2957 1949 3027 φυλαττό-

368 3064 530 3119 μενος
578 3049 676 3101 καὶ
726 3048 755 3100 ό
810 3047 1085 3118 ἡμέτερος
1136 3048 1454 3112 διδάσκαλός
1497 3065 1558 3102 τε
1593 3051 1689 3103 κα)⁸
1741 3050 1948 3121 ποιμὴν

367 3140 795 3212 Καλλίστρατος,
820 3139 895 3204 ὡς
923 3141 988 3195 ἄν
1026 3157 1085 3194 τε
1113 3140 1386 3213 λειότερον
1416 3125 1485 3195 δι’
1502 3141 1665 3196 αὐτὸν
1694 3141 1795 3214 τῆς
1817 3144 1947 3197 ἀσε-

366 3234 517 3298 ϐείας
550 3233 709 3302 λόγον
740 3230 1168 3304 κατηχηθέντες,
1203 3232 1577 3304 βεσαιωτέραν
1606 3236 1702 3288 καὶ
1720 3235 1818 3304 τὴν
1845 3235 1947 3304 σὴν

366 3326 659 3396 ἐπίγνωσιν
685 3325 962 3396 λάϐωμεν.
984 3325 1097 3380 Νῦν
1123 3323 1234 3396 γὰρ
1251 3324 1325 3386 ῶς
1353 3325 1671 3380 ἀπολωλότα
1697 3324 1949 3394 πρόϐατα

365 3418 597 3473 ὲνώπιόν
628 3416 722 3471 σού
751 3417 941 3488 ἐσμεν,
970 3415 1170 3487 Κύριε.
1197 3415 1336 3485 Ὂψὲ
1365 3417 1422 3483 δέ
1447 3432 1577 3470 ποτε
1605 3417 1704 3487 τῆς
1743 3417 1946 3487 μανίας

366 3513 527 3582 κόρον
578 3507 764 3566 λαϐὼν
802 3510 830 3562 ό
889 3510 1091 3579 μανίας
1145 3506 1326 3578 πάσης
1356 3506 1655 3578 καὶ-ὁρτῆς
1689 3507 1948 3578 ἔμπλεως

363 3590 621 3672 ἀνεθῆναι
669 3601 770 3671 μὲν
800 3600 999 3679 αὐτοὺς
1031 3598 1142 3653 τῶν
1194 3602 1482 3669 μαστίγων
1543 3598 1780 3667 κελεύει,
1810 3599 1947 3670 πρὶς

364 3691 541 3763 δὲτὴν
580 3691 828 3762 φρουρὰν
873 3690 1188 3761 ἀπαχθῆναι
1240 3689 1760 3762 φυλαχθησομένους
1801 3692 1942 3761 αὐτῇ

370 3782 561 3854 μέχρις
601 3784 669 3838 ἂν
712 3781 1100 3852 διασκέψηται,
1135 3781 1252 3844 πῶς
1297 3782 1366 3835 τὰ
1425 3783 1553 3851 περὶ
1609 3783 1708 3851 τῆς
1762 3781 1945 3833 αὐτῶν

365 3877 616 3947 διάθηται
646 3874 946 3938 ἀπωλείας.
980 3874 1114 3928 Οὐδὲ
1169 3874 1278 3943 γὰρ
1321 3875 1559 3945 μετρίως
1598 3873 1765 3928 αὐτοῦ
1816 3873 1948 3928 καθ-

372 3968 518 4019 ίκετο
570 3967 633 4019 τδ
681 3966 1021 4037 πεντήκοντα
1070 3964 1434 4036 στρατιώταις
1500 3966 1664 4027 εὐθὺς
1724 3964 1947 4018 ἔλαττον

369 4059 621 4128 γενέσθαι
656 4059 720 4112 τὸ
745 4055 910 4112 αὑτοῦ
939 4057 1278 4128 στράτευμα,
1315 4060 1410 4112 καὶ
1449 4058 1624 4114 ταῦτα
1671 4060 1737 4130 τῇ
1783 4074 1948 4130 μετα-

371 4153 518 4208 θέσει
540 4151 750 4207 καὶτοῦ
789 4150 1156 4222 σεϐάσματος.
1201 4214 1205 4219 ,

439 4243 522 4300 H'.
562 4244 669 4298 Σὺν
699 4243 818 4314 ἅμα
848 4244 980 4312 γοῦν
1003 4243 1082 4313 τῷ
1140 4241 1273 4314 ἱερῷ
1321 4242 1717 4314 Καλλιστράτῳ
1762 4244 1824 4298 τὸ
1858 4245 1947 4298 δε-

373 4339 687 4409 σμωτήριον
752 4335 1204 4407 κατακριθέντες,
1233 4333 1333 4406 τὴν
1371 4335 1547 4408 ἀληθῆ
1604 4335 1945 4405 θεογνωσίαν

371 4428 461 4481 ὑπ’
484 4427 697 4480 ἐκείνου
730 4425 1171 4491 ἑξεπσιιδεύοντο.
1198 4420 1294 4490 Εἷς
1332 4427 1519 4498 μέντοι
1564 4426 1774 4481 τούτων
1801 4427 1943 4482 Δαλ-

2052 1873 2258 1928 Deinde
2297 1885 2600 1926 conversus
2636 1871 2702 1924 ad
2732 1877 3025 1939 martyrem
3057 1886 3070 1921 :
3112 1867 3223 1938 Ego
3250 1873 3393 1931 tuas,
3429 1864 3624 1934 inquit,

2052 1964 2296 2019 refellam
2348 1961 2685 2033 prastigias,
2753 1976 2787 2015 ο
2837 1959 3166 2014 Callistrate.
3220 1956 3379 2011 Brevi
3445 1964 3625 2010 autem

2051 2056 2214 2121 scies,
2243 2054 2493 2126 quisnam
2523 2053 2594 2107 sit
2637 2052 2859 2122 quidem
2893 2051 3268 2113 Persentiuus,
3310 2063 3627 2119 magnorum

2050 2149 2283 2203 deorqu
2313 2145 2493 2200 cultor
2532 2143 2699 2211 :quis
2754 2150 2934 2196 autem
2983 2138 3309 2206 Cruciilxus,
3354 2155 3515 2209 quem
3574 2147 3629 2193 et

2052 2240 2172 2309 ipse
2206 2237 2364 2300 colis.
2397 2247 2453 2291 et
2480 2237 2534 2290 in
2566 2250 2675 2304 quo
2701 2232 3072 2288 exsecrandus
3113 2231 3351 2285 inaniter
3378 2230 3626 2285 conﬁdis.

2050 2331 2186 2387 Cum
2214 2345 2347 2400 ergo
2374 2327 2606 2386 sedisset
2648 2342 2748 2398 pro
2786 2324 3066 2391 tribunali,
3094 2324 3267 2394 jubet
3295 2323 3462 2380 clavis
3508 2337 3631 2377 ver-

2066 2421 2247 2475 herari
2272 2430 2467 2474 omnes
2489 2416 2581 2487 qni
2626 2415 2996 2478 crediderant,
3052 2413 3253 2467 milites
3297 2412 3436 2480 :qui
3464 2411 3628 2466 etiam

2057 2513 2185 2568 dum
2240 2510 2480 2583 graviter
2532 2508 2975 2567 verberarentur.
3031 2512 3087 2559 et
3136 2504 3381 2559 membra
3437 2517 3628 2558 eorum

2053 2599 2559 2670 confringerentnr,
2598 2596 2914 2670 velutiguno
2953 2609 3050 2649 ore
3079 2593 3337 2649 dicebant
3393 2607 3410 2648 :
3450 2590 3632 2645 Domi-

2049 2708 2123 2747 ne
2154 2690 2285 2746 .lesu
2312 2688 2553 2753 Christe,
2591 2687 2737 2742 adsis
2786 2685 3007 2756 adjutor
3054 2684 3164 2739 tuis
3204 2682 3445 2747 famulis,
3478 2690 3534 2736 et
3560 2680 3629 2735 da

2050 2782 2213 2841 nobis
2241 2781 2309 2836 ad
2334 2779 2495 2835 tinent
2520 2794 2694 2848 usque
2725 2775 3062 2849 patientiam.
3090 2773 3323 2843 Propter
3360 2782 3417 2827 te
3452 2772 3627 2835 enim,

2051 2887 2107 2933 et
2135 2891 2256 2946 quae
2283 2882 2366 2930 est
2403 2874 2458 2928 in
2496 2883 2548 2930 te
2583 2871 2767 2936 ﬁdem,
2801 2871 2882 2925 sic
2930 2867 3041 2940 pati
3075 2875 3265 2923 nostra
3291 2873 3493 2936 sponte
3518 2872 3630 2920 sta-

2054 2966 2282 3021 tuimus.
2308 2964 2352 3017 A
2381 2973 2433 3019 te
2481 2970 2665 3018 autem
2697 2969 2950 3016 servetur
2980 2966 3172 3014 noster
3224 2970 3439 3035 quoque
3488 2968 3629 3026 prae-

2052 3066 2244 3126 ceptor
2270 3066 2325 3111 et
2355 3063 2546 3126 pastor
2569 3052 2936 3116 Callistratus,
2962 3060 3022 3105 ut
3053 3063 3151 3120 per
3174 3062 3298 3104 cum
3333 3045 3630 3118 perfectius

2053 3148 2291 3203 instituti
2348 3147 2403 3200 in
2440 3145 2607 3200 verbo
2665 3143 2909 3214 pietatis,
2955 3141 3286 3210 accipiamus
3333 3139 3628 3195 llrmiorem

2054 3249 2201 3294 tuam
2231 3237 2588 3309 agnitionem.
2618 3235 2778 3291 Nunc
2831 3234 2980 3290 enim
3030 3241 3291 3303 tanquam
3331 3246 3464 3286 oves
3504 3243 3633 3301 per-

2055 3331 2183 3385 ditae
2211 3344 2403 3384 sumus
2432 3329 2489 3382 in
2542 3336 2841 3397 conspectu
2890 3333 3008 3389 tuo,
3056 3324 3307 3379 Domine.
3374 3323 3512 3377 Cum
3543 3321 3632 3376 vix

2053 3422 2271 3477 tandem
2328 3427 2514 3473 autem
2558 3417 2761 3473 furoris
2801 3431 2926 3471 eum
2968 3415 3208 3486 cepisset
3239 3414 3483 3476 satietas,
3531 3412 3627 3481 qui

2052 3522 2171 3566 erat
2203 3511 2400 3580 plenus
2431 3509 2585 3563 omni
2641 3507 2830 3561 furore
2872 3515 2926 3560 et
2960 3505 3062 3569 ira,
3098 3520 3193 3559 eos
3220 3502 3438 3573 quidem
3477 3501 3633 3572 jubet

2054 3597 2287 3653 relaxari
2334 3613 2363 3649 ει
2418 3595 2665 3666 ﬂagellis,
2719 3594 2914 3649 abduci
2946 3602 3131 3647 autem
3212 3592 3266 3645 in
3300 3592 3629 3654 custodiam,

2052 3689 2165 3745 illic
2234 3688 2420 3743 tandiu
2480 3685 2893 3747 custodiendos,
2960 3682 3624 3744 doneuconsideraverit,

2054 3776 2416 3850 quidnamde
2463 3791 2653 3831 eorum
2701 3783 2905 3828 statuat
2953 3774 3201 3828 interittt.
3246 3771 3433 3840 Neque
3482 3770 3629 3824 enim

2051 3886 2177 3926 eum
2210 3869 2447 3940 angebat
2472 3866 2849 3932 mediocriter,
2899 3865 3046 3935 quod
3095 3862 3486 3934 quinquaginta
3529 3862 3633 3915 mi-

2052 3958 2242 4012 litibus
2272 3955 2531 4025 protinus
2573 3963 2718 4010 esset
2770 3953 3103 4009 minuendus
3126 3952 3420 4013 exercitus,
3471 3948 3631 4017 idque

2054 4053 2125 4109 ob
2158 4060 2426 4108 mutatam
2454 4048 2806 4121 religionem.

2121 4246 2256 4305 Vlll.
2325 4245 2501 4302 Simul
2556 4258 2686 4316 ergo
2731 4257 2856 4299 cum
2910 4250 3261 4298 sacrosancto
3319 4237 3630 4294 Callistrato

2050 4339 2289 4396 damnati
2320 4338 2387 4394 ad
2418 4351 2720 4401 carcerem,
2748 4333 3055 4391 didicerunt
3094 4334 3163 4388 ab
3194 4334 3285 4388 illo
3314 4346 3498 4388 veram
3531 4328 3628 4385 Dei

2052 4431 2406 4504 agnitionem.
2437 4428 2596 4485 Unus
2627 4427 2772 4483 enim
2820 4442 2887 4482 ex
2940 4426 3032 4492 iis,
3060 4425 3340 4481 Dalmatus
3386 4424 3627 4490 nomine,

375 4519 539 4586 ράτος
580 4518 776 4588 δνομα,
840 4520 897 4570 ὲν
931 4517 1119 4589 μέσοις
1173 4517 1360 4580 αὐτοῖς
1394 4517 1548 4583 στὰς,
1583 4518 1788 4589 Δεόμαί
1822 4536 1942 4587 σου,

2052 4533 2202 4579 stans
2239 4522 2307 4576 in
2355 4519 2536 4576 medio
2562 4532 2755 4574 eorum
2785 4534 2800 4572 :
2831 4516 2982 4588 llogo
3023 4524 3098 4582 te,
3127 4525 3450 4588 praeceptor,
3500 4513 3632 4569 dicit

369 4607 680 4672 διδάσκαλε,
711 4606 788 4677 τῷ
824 4608 965 4677 ἁγίῳ
996 4606 1155 4677 φησι,
1189 4606 1516 4678 τρανότερον
1548 4609 1697 4677 ἡμᾶς
1722 4608 1794 4661 τὰ
1822 4607 1944 4662 θεῖα

368 4695 611 4766 δόγματα
659 4695 998 4767 διδαχθῆναι,
1058 4697 1200 4756 ὥστε
1262 4698 1356 4752 τὸν
1385 4696 1513 4752 νοῦν
1544 4698 1705 4768 ἡμῶν
1732 4701 1799 4770 τῇ
1850 4697 1947 4753 τοῦ

373 4786 614 4857 Χριστοῦ
649 4789 832 4842 πίστει
873 4788 1261 4859 ἑδραιωθῆναι,
1293 4789 1499 4858 γνῶναί
1530 4804 1592 4842 τε
1645 4790 1794 4859 ἡμᾶς
1845 4791 1947 4855 τὰς

372 4874 593 4939 ἐλπίδας
627 4877 725 4948 τῆς
758 4877 1219 4947 προσδοκωμένης
1250 4877 1419 4947 ζωῆς,
1462 4878 1549 4929 ἵνα
1596 4879 1815 4948 μηκέτι,
1852 4878 1944 4930 τὸν

371 4964 631 5032 λογισμὸν
659 4967 979 5036 ἀστήρικτοι
1014 4965 1190 5028 ὄντες,
1218 4964 1620 5034 εὐεξαπάτητοι
1651 4966 1944 5035 γενώμεθα

371 5056 485 5118 τοῖς
506 5054 860 5124 διαστρέφειν
891 5055 1037 5125 ἡμᾶς
1071 5054 1436 5124 βουλομένοις.
1460 5056 1710 5110 Γενέσθω
1732 5058 1788 5109 δὲ
1810 5057 1944 5126 ἡμῖν

370 5148 628 5219 γρώριμα
685 5148 782 5202 καὶ
811 5147 883 5201 τὰ
919 5148 1019 5217 τῆς
1041 5146 1360 5217 οἰκονομίας
1404 5150 1706 5220 μυστήρια,
1738 5147 1808 5201 τὰ
1839 5148 1943 5217 τῆς

370 5239 719 5303 ἀναστάσεως
774 5256 835 5292 τε
886 5240 982 5293 καὶ
1026 5241 1124 5311 τῆς
1178 5239 1613 5302 ἁνταποδόσεως·
1667 5239 1793 5292 οὐδὲ
1836 5238 1946 5309 γὰρ

2047 4623 2258 4680 sancto,
2290 4621 2352 4666 ut
2384 4625 2487 4666 nos
2514 4610 2695 4665 divina
2726 4608 2976 4680 dogmata
3022 4609 3320 4664 doceamur
3349 4615 3625 4676 apertius,

2048 4721 2162 4775 quo
2187 4716 2344 4757 mens
2376 4708 2566 4756 nostra
2601 4698 2707 4755 tide
2746 4698 2955 4755 Christi
2988 4697 3313 4761 stabiliatur,
3342 4704 3398 4751 et
3425 4710 3630 4768 cogno-

2047 4807 2264 4850 scamus
2316 4805 2469 4862 spem
2518 4788 2660 4855 vitae,
2697 4804 2817 4858 qua
2857 4796 3228 4857 exspectatur,
3274 4795 3464 4842 utnon
3508 4801 3631 4840 am-

2047 4884 2191 4957 ptius
2215 4881 2501 4939 instabiles
2553 4880 2902 4950 cogitatione,
2935 4878 3092 4934 facile
3134 4879 3309 4949 decipi
3357 4877 3629 4949 possimus

2047 4973 2115 5027 ab
2163 4971 2249 5036 iis,
2301 4971 2394 5040 qui
2459 4985 2559 5024 nos
2605 4968 2797 5023 volunt
2835 4978 3178 5025 convertere.
3232 4968 3364 5023 Nota
3409 4982 3627 5037 quoque

2044 5062 2204 5117 nobis
2234 5062 2468 5117 evadant
2496 5060 2922 5130 diSpensationis
2969 5060 3153 5115 carnis
3210 5067 3475 5130 susceptae
3510 5075 3625 5130 my-

2045 5152 2241 5217 steria,
2284 5151 2812 5219 resurrectionisque
2843 5158 2898 5205 et
2929 5151 3401 5205 remunerationis.
3439 5149 3624 5220 Neque

2046 5246 2190 5299 enim
2223 5260 2254 5297 a
2283 5243 2491 5298 nostris
2513 5242 2854 5311 parentibus,
2885 5257 3063 5311 neque
3088 5242 3153 5295 ab
3178 5242 3285 5298 ullo
3312 5243 3420 5299 alio
3443 5242 3509 5297 de
3542 5242 3628 5297 his

371 5331 619 5403 ἔφθημεν
673 5329 798 5384 οὔτε
857 5331 1008 5402 παρὰ
1036 5331 1144 5384 τῶν
1178 5332 1431 5401 πατέρων
1465 5330 1645 5401 ὑμῶν,
1676 5330 1802 5385 οὔτε
1833 5330 1943 5401 μὴν

2049 5345 2209 5389 antea
2238 5333 2441 5403 aliquid
2472 5332 2778 5386 didicimus.
2805 5331 3002 5387 Beatus
3035 5340 3216 5386 autem
3245 5331 3589 5386 Callistratus
3609 5345 3630 5386 ι

371 5422 478 5474 ὑπό
515 5437 662 5485 τινος
711 5420 879 5476 ἄλλου
919 5419 1264 5490 διδαχθέντες
1317 5439 1377 5474 τι
1426 5422 1555 5491 περὶ
1593 5422 1824 5476 τούτων.
1881 5423 1943 5474 '0

2054 5424 2435 5495 Unusquisque
2456 5432 2720 5488 vestrum,
2753 5423 2950 5493 inquit,
2974 5422 3040 5477 de
3064 5438 3171 5494 quo
3196 5423 3341 5488 velit,
3390 5422 3627 5476 interro-

374 5511 645 5583 μακάριος
676 5511 1102 5582 Καλλίστρατος,
1127 5510 1404 5575 Ἕκαστος
1430 5513 1606 5583 ὑμῶν,
1640 5508 1790 5579 εἷπε,
1814 5514 1943 5584 περὶ

2053 5528 2186 5587 get;
2250 5534 2269 5567 ι
2310 5515 2453 5570 Deus
2497 5523 2703 5578 autem,
2752 5516 2842 5584 qui
2901 5515 3061 5570 docet
3116 5514 3394 5570 hominem
3448 5514 3629 5570 scien-

368 5596 431 5657 οὗ
448 5603 699 5672 βούλεται
728 5602 1105 5661 πννθανέσθω.
1134 5622 1152 5656 ι
1193 5603 1251 5659 ’0
1267 5603 1324 5656 δὲ
1350 5603 1483 5671 Θεὸς
1508 5608 1536 5660 ό
1556 5603 1824 5659 διδάσκων
1851 5606 1944 5661 ἄν·

2056 5609 2182 5662 tiam
2206 5608 2269 5672 ιδ,
2307 5626 2324 5658 ι
2361 5606 2518 5662 nobis
2537 5621 2750 5677 quoque
2802 5606 3065 5675 praebebit
3110 5621 3629 5663 sermonertrcausa

440 5787 485 5820 ¹⁰
516 5787 706 5845 Matth.
744 5805 819 5856 ιι,
851 5788 938 5845 28.
1018 5792 1057 5825 “
1089 5789 1280 5848 Matth.
1322 5808 1375 5859 v,
1424 5790 1510 5847 12.
1591 5790 1633 5824 ¹⁸
1678 5790 1820 5850 l‘sal.
1870 5805 1944 5847 CII

2048 5787 2079 5857 ἱ,
2105 5788 2160 5848 6.
2237 5774 2279 5822 ί³
2306 5789 2447 5846 Psal.
2478 5805 2547 5857 Cl,
2584 5790 2666 5845 l3.
2744 5791 2783 5823 “
2824 5790 2962 5846 Pstl.
2997 5807 3148 5859 xum,
3184 5791 3272 5847 10.
