4060 6496
410 372 518 433 895

1643 388 1924 448 MENSIS
1965 388 2434 458 SEPTEMBER.

3563 345 3670 465 'st

411 493 520 536 tem
571 485 696 540 hinc
735 488 959 546 evidens
994 511 1006 546 :
1048 494 1453 551 «Tolerabilius
1487 498 1634 552 enim
1675 501 1780 554 erit
1819 499 1993 556 Sodo-

2096 505 2263 574 Δῆλον
2290 505 2334 558 δ’
2352 504 2622 558 ἐντεῦθεν·
2657 526 2674 557 ι
2701 507 3079 594 Ἀνεκτότξρον
3099 507 3203 578 γάρ
3229 508 3382 561 ἔσται
3415 509 3672 580 Σοδόμοις

413 574 518 628 mis
561 574 614 628 in
664 578 751 633 die
786 581 1000 648 judicii,
1050 601 1211 654 quam
1255 590 1550 655 civitati",
1579 611 1596 642 ι
1645 595 1841 660 inquit,
1889 593 1986 660 illi,

412 682 536 735 quae
582 683 692 723 non
735 674 936 742 accipit
981 675 1104 731 ﬁdei
1150 679 1352 736 Christi
1386 684 1849 750 praedicationem.
1900 686 1991 740 Sic

415 757 562 810 enim
593 760 921 830 ostenditur,
951 781 1059 820 non
1093 769 1341 826 sullicere
1377 771 1694 840 Sudomitis,
1729 776 1876 845 quod
1907 784 1990 831 est

415 847 504 902 hic
535 850 879 917 supplicium.
915 855 958 908 si
988 872 1198 924 eorum,
1224 876 1346 930 quae
1373 874 1752 931 peccaverunt,
1785 867 1990 920 habea-

412 948 502 990 tur
534 941 702 1007 ratio;
734 943 827 997 sed
870 946 1048 1002 adhuc
1077 950 1186 1004 illic
1224 964 1537 1010 reservatur
1563 956 1660 1009 faex
1693 957 1878 1012 calicis
1904 958 1992 1028 ju-

411 1027 537 1080 dicii
575 1029 688 1086 Dei.
726 1030 881 1097 Quod
910 1035 954 1088 si
985 1039 1261 1094 nonnullis
1290 1057 1506 1112 quoque
1545 1045 1708 1114 iustis
1740 1046 1991 1101 inferun-

413 1129 501 1170 tur
523 1119 733 1202 'acerba
769 1123 1018 1190 quasdam
1053 1137 1107 1182 et
1131 1145 1323 1200 aspera
1358 1133 1411 1186 in
1441 1135 1692 1203 praisenti
1729 1136 1860 1200 vita,
1887 1137 1990 1190 mi-

411 1208 560 1263 nime
581 1221 662 1264 est
685 1212 992 1270 mirandum
1024 1236 1039 1271 :
1068 1235 1131 1275 ea
1155 1223 1301 1276 enim
1335 1235 1464 1279 sunt
1492 1227 1742 1295 probatio
1775 1228 1991 1284 virtutis

411 1314 573 1367 quam
605 1303 975 1375 collegerunt,
1009 1321 1104 1366 aut
1143 1313 1304 1369 etiam
1357 1317 1678 1373 delictorum
1731 1335 1992 1389 quorum-

412 1389 535 1443 dam
583 1393 816 1461 punitio,
861 1413 959 1466 per
1011 1417 1132 1470 quae
1183 1407 1404 1472 penitus
1450 1409 1751 1475 emundati,
1803 1412 1990 1466 mundi

413 1481 638 1537 omnino
673 1489 1122 1545 transmittuntur
1149 1495 1215 1548 ad
1251 1496 1437 1561 vitam,
1463 1515 1585 1568 quae
1610 1501 1722 1556 illic
1768 1513 1871 1558 est.
1897 1504 1992 1558 Est

415 1585 544 1640 ergo
577 1574 731 1628 vobis
760 1591 977 1648 quoque
1009 1584 1337 1640 studendum
1366 1604 1435 1642 ne
1464 1591 1618 1644 stetis
1666 1608 1696 1646 a
1748 1595 1991 1661 partibus

415 1677 606 1718 eorum
639 1667 729 1731 qui
762 1669 1068 1736 puniuntur
1100 1685 1323 1745 prepter
1369 1690 1623 1748 peccata;
1661 1685 1754 1738 sed
1782 1701 1845 1737 ex
1871 1700 1993 1754 par-

417 1753 562 1807 tibus
595 1769 808 1823 eorum,
840 1763 930 1828 qui
961 1762 1071 1818 Deo
1098 1767 1334 1835 placent,
1373 1779 1426 1823 et
1458 1780 1660 1827 acterna
1687 1753 1990 1844 consequa-

415 1843 548 1897 miui
595 1851 838 1914 praemia.
890 1854 1077 1911 Ell‘ecti
1134 1860 1279 1914 enim
1333 1863 1466 1917 estis
1516 1880 1642 1917 vasa
1687 1866 1991 1934 elemionis,

415 1950 538 1988 cum
581 1937 690 1993 Deo
736 1943 1118 2013 credideritis;
1156 1951 1459 2008 ellieiemini
1514 1966 1695 2011 autem
1747 1959 1993 2026 perfecti,

417 2030 604 2086 divino
635 2035 906 2104 baptismo
933 2040 1252 2110 illuminati;
1285 2045 1594 2102 eﬂiciemini
1625 2051 1861 2122 denique
1883 2069 1997 2123 per-

418 2121 693 2188 fectiores,
721 2127 766 2179 si
796 2131 1038 2200 martyrii
1083 2148 1304 2188 cursum
1340 2137 1462 2191 forti
1511 2151 1566 2193 et
1605 2141 1770 2196 alacri
1814 2121 1996 2201 animo

417 2213 708 2280 peragatis.
759 2217 976 2274 Stemus
1021 2239 1150 2292 ergo
1206 2241 1400 2296 magno
1443 2238 1499 2283 et
1545 2232 1759 2286 excelso
1789 2235 1994 2300 animo,

420 2298 633 2369 ﬁdeque
665 2305 855 2359 muniti
905 2310 1224 2367 resistamus
1269 2315 1504 2380 diabolo,
1535 2319 1771 2390 legitime
1803 2298 1997 2378 decere

423 2398 618 2454 temus,
663 2393 1062 2469 {trudamusque
1101 2412 1154 2457 et
1194 2417 1474 2462 vertamus
1509 2410 1870 2469 adversarios.
1904 2413 1996 2471 Sic

419 2481 565 2534 enim
597 2486 828 2542 maxima
865 2486 1086 2560 praemia
1126 2510 1527 2569 consequemur
1556 2518 1586 2557 a
1623 2501 1841 2561 Christo
1866 2521 1996 2579 ago-

421 2573 668 2631 notheta.

494 2663 607 2721 Xll.
645 2670 770 2725 Haec
807 2682 864 2728 et
909 2675 995 2729 his
1031 2677 1184 2746 plura
1229 2681 1432 2738 monita
1476 2685 1568 2739 diu
1602 2698 1881 2760 noctuque
1916 2693 1998 2749 eis

419 2755 557 2812 dans
582 2759 802 2818 divinus
821 2764 1188 2831 Calliswatus,
1218 2772 1528 2846 docensque
1563 2755 1818 2849 tanquam
1839 2765 1998 2853 ἰιι-ιε-

419 2858 611 2917 ceptor
635 2867 954 2922 puerorum,
985 2861 1210 2928 parabat
1249 2871 1302 2917 ct
1349 2866 1592 2921 animum
1639 2870 1874 2926 addebat
1927 2874 1996 2928 ad

419 2949 694 2998 certamen
725 2949 1079 3016 propositum.
1113 2952 1206 3008 Die
1233 2963 1412 3010 autem
1435 2961 1685 3027 sequenti
1721 2962 1827 3016 dux
1845 2978 1999 3018 excr-

422 3031 587 3095 eitus.
614 3049 738 3091 cum
771 3038 825 3092 in
874 3039 1069 3112 insigni
1115 3044 1346 3112 quodam
1379 3047 1500 3103 loco
1530 3049 1766 3105 civitatis
1796 3069 2000 3122 przese-

2093 597 2150 649 ἓν
2171 598 2354 668 ἡμέρᾳ
2378 598 2651 668 κρίσεωςή
2677 602 2739 670 τῇ
2764 599 2930 661 πόλει,
2963 619 2981 652 ι
3005 617 3076 669 φη
3089 602 3158 664 σί,
3191 604 3253 670 τῇ
3299 602 3374 671 μὴ
3407 602 3671 673 δεχομένῃ

2093 689 2152 740 τὸ
2234 690 2331 756 τῆς
2404 690 2640 758 Χριστοῦ
2718 691 2952 752 πίστεως
3023 693 3308 760 κήρυγμα.
3384 693 3674 747 Δείκνυται

2093 780 2203 850 γὰρ
2267 779 2443 842 οὕτως
2505 782 2586 834 ὅτι
2651 783 2726 850 μὴ
2808 782 3054 856 ἀρκοῦσα
3124 786 3441 854 Σοδομίταις
3495 787 3530 856 ἡ
3583 788 3671 838 ὲν-

2094 870 2267 925 ταῦΘα
2315 873 2536 936 κόλασις
2581 874 2720 942 πρὸς
2769 874 3062 941 ἀναλογίας
3131 871 3204 929 ὢν
3259 878 3670 947 ἡμαρτήκασιν,

2093 963 2207 1016 ἀλλ’
2242 967 2268 1017 ὁ
2294 965 2522 1033 τρυγίας
2551 965 2633 1018 ἔτι
2669 965 2762 1018 τοῦ
2795 967 3053 1035 ποτηρίου
3083 967 3182 1036 τῆς
3216 967 3308 1020 τοῦ
3339 967 3475 1020 Θεοῦ
3511 969 3672 1037 δίκης

2093 1053 2213 1106 ἐκεῖ
2247 1058 2617 1124 συντηρεῖται.
2637 1057 2698 1110 Εἰ
2729 1055 2786 1109 δὲ
2817 1058 2911 1109 καὶ
2943 1057 3175 1120 δικαίοις
3201 1057 3344 1110 τισὶν
3375 1057 3673 1126 ἐπάγονται

2092 1140 2328 1213 δυσχερῆ
2359 1144 2501 1198 κατὰ
2521 1144 2612 1196 τὸν
2647 1144 2892 1214 παρόντα
2942 1145 3078 1214 βίον,
3105 1143 3409 1214 θαυμάζειν
3439 1146 3499 1198 ού
3527 1149 3672 1216 χρή·

2093 1233 2336 1305 δοκίμιον
2370 1235 2480 1307 γάρ
2515 1229 2632 1290 ἔστι
2660 1235 2835 1290 ταῦτα
2864 1239 2958 1292 καὶ
3008 1231 3340 1308 βάσανο;,ἦς
3383 1237 3674 1303 συνέλεξαν

2090 1323 2314 1396 ἀρετῆς,
2339 1326 2433 1379 καὶ
2478 1325 2813 1396 σφαλμάτων
2854 1327 3017 1380 τινῶν
3083 1327 3314 1390 ἕκτισις,
3337 1327 3406 1380 δι’
3429 1319 3504 1380 ὧν
3533 1327 3678 1388 ὅλως

2093 1413 2557 1488 ἀπορρυφθέντες,
2583 1416 2816 1488 καθαροὶ
2856 1416 3170 1470 παντάπασι
3200 1415 3277 1486 τῷ
3309 1416 3518 1468 ἐκεῖθεν
3568 1431 3676 1468 πα-

2098 1511 2478 1580 ραπέμπονται
2519 1509 2640 1579 βίῳ.
2663 1509 2768 1562 Καὶ
2801 1509 2930 1578 ὑμῖν
2961 1508 3251 1579 τοιγαροῦν
3309 1506 3676 1560 σπουδαστέον

2096 1600 2170 1672 μὴ
2189 1600 2295 1654 τῶν
2318 1601 2404 1654 διὰ
2421 1601 2696 1670 ἁμαρτίας
2715 1600 3116 1670 κολαζομένων,
3140 1599 3277 1653 ἀλλὰ
3301 1600 3398 1668 τῆς
3417 1597 3526 1650 τῶν
3550 1597 3677 1650 εύαο

2097 1691 2430 1762 ρεστούντων
2479 1691 2556 1759 τῷ
2596 1691 2715 1762 Θεῷ
2778 1690 3032 1758 γενέσθαι
3109 1690 3348 1760 μερίδος,
3396 1689 3492 1742 καὶ
3565 1687 3676 1739 τῶν

2095 1783 2328 1837 αἰωνίων
2356 1784 2656 1852 ἀξιωθῆναι
2703 1782 3102 1853 γερῶνηΣκεύη
3151 1780 3250 1848 μὲν
3290 1782 3398 1848 γὰρ
3438 1779 3678 1846 ἐκλογῆς

2095 1873 2376 1940 γεγόνατε,
2431 1873 2822 1936 πιστεύσαντες
2860 1872 2938 1940 τῷ
2983 1871 3133 1940 Θεῴο
3159 1870 3331 1922 τέλεοι
3365 1868 3420 1922 δὲ
3449 1867 3682 1936 γενήσει

2099 1965 2215 2027 σθε,
2235 1964 2313 2032 τῷ
2344 1963 2472 2035 θείῳ
2499 1963 2838 2034 βαπτίσματι
2890 1962 3271 2031 φωτιζόμενοι,
3312 1961 3360 2012 εί
3392 1954 3450 2012 δὲ
3480 1956 3684 2014 τελεὼο

2094 2069 2243 2125 τεροι
2275 2052 2436 2106 πάλιν
2472 2050 2952 2123 ἀναδειχθήσεσθε,
2981 2051 3069 2104 τὸν
3093 2049 3184 2102 τοῦ
3215 2047 3518 2119 μαρτυρίου
3544 2047 3680 2115 δρό-

2099 2165 2198 2218 μον
2231 2145 2482 2216 εὐψύχως
2512 2147 2606 2198 καὶ⁵
2632 2144 2900 2216 ἀνδρικῶς
2933 2141 3262 2203 διανύοντες.
3295 2140 3518 2210 Στῶμεν
3566 2156 3684 2191 τοι-

2097 2238 2303 2309 γαροῦν
2337 2239 2626 2306 γενναίως,
2661 2239 2728 2308 τῇ
2781 2237 2974 2288 πίστει
3013 2232 3485 2305 περιφραξάμενοι
3536 2233 3683 2284 ἀντι.

2099 2332 2313 2402 στῶμεν
2340 2329 2419 2399 τῷ
2455 2327 2706 2397 διαϐόλῳ,
2737 2327 2983 2400 νομίμως
3032 2325 3376 2394 άθλήσωμεν,
3421 2324 3517 2375 καὶ
3549 2320 3681 2382 τοὺς

2097 2422 2373 2485 ἐναντίους
2425 2417 2815 2492 στρεφώμεθα·
2840 2415 2982 2470 οὓτω
3009 2414 3116 2484 γὰρ
3140 2414 3234 2468 καὶ
3258 2415 3366 2466 τῶν
3401 2413 3681 2482 μεγίστων

2096 2513 2276 2568 ἄθλων
2303 2513 2455 2581 παρά
2483 2509 2578 2563 τοῦ
2605 2506 2942 2578 ἀγωνοθέτου
2973 2503 3209 2574 Χριστοῦ
3237 2501 3554 2572 τευξόμεθα.

2168 2676 2268 2730 1Β⁹.
2293 2675 2476 2729 Ταῦτα
2506 2690 2600 2728 και
2630 2671 2836 2726 τούτων
2865 2668 3083 2723 πλείονα
3125 2667 3210 2720 διά
3238 2665 3415 2734 πάσης
3460 2663 3683 2732 ἡμέρας

2097 2785 2156 2822 τε
2180 2767 2275 2822 καὶ
2305 2767 2406 2836 τῆς
2438 2765 2634 2828 νυκτὸς
2684 2767 2711 2817 ὁ
2743 2763 2886 2826 θεῖος
2939 2759 3348 2829 Καλλίστρατος
3403 2751 3682 2807 νουθετῶν

2096 2862 2294 2923 αὐτοὺς
2341 2861 2437 2914 καὶ
2463 2858 2752 2922 διδάσκων,
2783 2850 2872 2910 οἷά
2899 2870 2983 2916 τις
3014 2850 3386 2922 παιδοτρίϐης,
3422 2846 3560 2918 πρὸς
3585 2846 3684 2900 τὸν

2099 2951 2464 3024 προκείμενον
2486 2949 2711 3020 εἴληφεν
2739 2947 2948 3014 ἀγῶνα.
2985 2945 3064 3013 Τῇ
3104 2943 3162 2996 δὲ
3213 2943 3341 3011 ἐξης
3373 2941 3402 2993 ὁ
3432 2955 3679 3009 στρατη-

2097 3046 2289 3115 λάτης,
2310 3043 2365 3096 ἐν
2378 3061 2482 3097 τινι
2500 3041 2652 3111 τόπῳ
2663 3039 2956 3110 περιφανεῖ
2970 3037 3066 3106 τῆς
3084 3036 3292 3098 πόλεως
3310 3032 3680 3103 προκαθίσας,

422 3121 614 3186 disset,
670 3126 788 3194 ejus
840 3143 1056 3198 quoque
1093 3134 1386 3192 assistente
1430 3139 1694 3206 exercitu,
1763 3121 1994 3199 accersit

2101 3134 2516 3209 παρισταμένης
2539 3130 2690 3201 αύτῷ
2712 3132 2806 3185 καὶ
2828 3129 2929 3200 τῆς
2962 3127 3244 3230 στρατιάς,
3292 3127 3381 3230 τὸν
3421 3122 3682 3230 ικαλλίνιὶ-

421 3211 716 3279 gloriosum
745 3217 1007 3276 victorem
1056 3223 1448 3294 Callistratum,
1484 3239 1540 3284 et
1591 3247 1707 3296 eos,
1739 3235 1828 3302 qui
1873 3251 1996 3290 eum

423 3303 514 3356 illo
539 3315 714 3369 erant,
753 3319 1032 3381 martyres.
1062 3313 1162 3380 Qui
1196 3333 1318 3371 cum
1369 3323 1617 3388 producti
1647 3335 1866 3381 essent:
1904 3327 1998 3382 Dic

421 3395 576 3456 mihi.
634 3398 829 3468 inquit,
873 3403 1203 3484 callistrate,
1241 3419 1363 3466 tene
1397 3425 1450 3467 et
1502 3413 1603 3471 hos
1639 3417 1994 3484 admonuisti,

423 3497 478 3541 ut
510 3489 614 3544 diis
647 3480 987 3558 sacrificetis,
1027 3509 1080 3552 et
1110 3499 1177 3555 ab
1230 3500 1583 3561 intolerandis
1615 3511 1899 3565 tormentis
1936 3512 1998 3566 li-

424 3580 723 3637 beremiui?
751 3601 819 3639 an
861 3589 1040 3643 adhuc
1074 3591 1126 3644 in
1163 3593 1324 3661 priori
1358 3599 1649 3662 persistitis
1678 3602 1997 3658 iuobedien-

425 3673 528 3724 tia?
558 3671 779 3744 Magnus
806 3689 984 3732 autem
1011 3680 1379 3740 Callistratus:
1413 3685 1487 3742 De
1514 3690 1727 3760 meipso
1753 3694 1995 3762 quidem,

421 3763 577 3830 dixit,
625 3767 694 3820 do
747 3783 1092 3839 responsum,
1127 3775 1272 3844 quod
1326 3791 1502 3847 neque
1542 3797 1660 3834 sum
1711 3782 1994 3840 honestam

422 3856 758 3914 inliciaturus
783 3862 1211 3928 confessionem.
1245 3883 1423 3938 neque
1449 3871 1582 3925 mihi
1612 3877 1856 3942 persuasi
1883 3894 1998 3932 om-

422 3947 555 4004 nino
587 3949 823 4006 deﬁcere
865 3968 895 4006 a
931 3952 1176 4023 partibus
1225 3957 1684 4031 Christianorum,
1716 3981 1817 4020 nec
1863 3969 1996 4023 mihi

423 4054 663 4110 unquam
692 4044 893 4111 poterit
915 4047 1252 4112 persuaderi,
1276 4059 1334 4104 ut
1361 4065 1471 4105 non
1499 4062 1632 4106 stem
1667 4057 1837 4120 pactis
1867 4073 2000 4113 con-

423 4132 602 4186 ventis
630 4148 754 4187 eum
770 4133 988 4190 Christo
1006 4137 1174 4194 initis.
1214 4140 1288 4195 De
1321 4142 1408 4196 bis
1425 4152 1608 4199 autem
1628 4145 1744 4215 ipse
1764 4147 1998 4205 interro-

421 4240 485 4292 ga
506 4240 520 4290 ;
543 4223 646 4294 ipsi
660 4225 727 4281 de
743 4241 800 4280 se
819 4227 913 4282 tibi
932 4231 1292 4289 enuntiabunt
1308 4251 1322 4288 :
1341 4235 1478 4290 satis
1491 4237 1638 4292 enim
1653 4241 1897 4310 sapiunt.
1916 4245 1997 4299 Ad

424 4329 518 4369 eos
542 4316 725 4385 itaque
756 4317 985 4375 intuitus
1009 4321 1114 4375 dux
1138 4324 1410 4380 exercitus
1437 4345 1450 4379 :
1477 4328 1580 4382 Vos
1610 4339 1812 4397 autem,
1837 4332 1995 4397 dixit.

424 4407 551 4477 quid
581 4408 780 4476 dicitis,
811 4412 902 4480 qui
933 4413 1147 4469 seducti
1184 4417 1315 4471 estis
1355 4417 1563 4474 artibus
1587 4421 1890 4478 maleﬁcia?
1918 4423 1994 4479 illi

2101 3248 2195 3284 κον
2221 3227 2618 3300 μεταϐάλλεται
2647 3222 3077 3292 Καλλίστρατον,
3111 3218 3206 3273 καὶ
3233 3218 3356 3280 τοὺς
3386 3218 3482 3270 σὺν
3525 3214 3682 3284 αὐτῷ

2103 3322 2408 3392 μάρτυρας.
2429 3311 2529 3370 Ὦν
2557 3315 2624 3387 δὴ
2654 3314 2748 3370 καὶ
2766 3311 3180 3383 παραστάντων,
3207 3309 3347 3374 Λέγε
3380 3325 3498 3376 μοι,
3541 3304 3676 3374 ἔφη,

2099 3413 2500 3481 Καλλίστρατε,
2540 3405 2932 3475 νενουθέτηκας
2981 3401 3176 3456 σαυτόν
3208 3417 3267 3453 τε
3302 3401 3396 3453 καὶ
3430 3398 3681 3460 τούτους,

2098 3505 2240 3558 ὥστε
2296 3503 2458 3556 θῦσαι
2509 3502 2624 3561 τοῖς
2676 3499 2841 3560 θεοῖς,
2893 3495 2989 3549 καὶ
3028 3494 3276 3564 βασάνων
3331 3489 3681 3544 ἀνυποίστων

2099 3592 2556 3662 ἁπαλλαγῆναι,ἦ
2589 3591 2668 3644 ἔτι
2696 3590 2792 3659 τῆς
2819 3587 3092 3658 προτέρας
3122 3583 3311 3654 ἔχεσθε
3359 3581 3679 3646 ἁπειθείας;

2100 3691 2211 3744 Καὶ
2243 3690 2270 3741 ὁ
2310 3688 2483 3757 μέγας
2538 3683 2979 3752 Καλλίστρατος,
3005 3678 3140 3747 Περὶ
3196 3677 3293 3746 μὲν
3324 3673 3685 3744 sudorema-

2102 3797 2258 3851 ρηκε,
2282 3778 2380 3846 τὴν
2405 3775 2700 3840 ἀπόκρισιν
2721 3773 2933 3840 δίδωμι,
2954 3769 3028 3832 ὠς
3053 3767 3178 3820 οὔτε
3213 3767 3311 3838 τὴν
3338 3765 3518 3835 κακήν
3546 3767 3682 3832 ὁμο-

2098 3872 2283 3938 λογίαν
2312 3869 2640 3938 ὲξήρνημαι,
2659 3863 2785 3917 οὔτε
2810 3862 3049 3915 πέπεικα
3071 3857 3309 3929 ἐμαυτὸν
3329 3856 3388 3909 τὸ
3414 3854 3683 3925 παράπαν

2098 3962 2198 4031 τῆς
2231 3958 2448 4029 μερίδος
2475 3952 2783 4022 ἀποστῆναι
2811 3948 3072 4022 Χριστοῦ,
3097 3946 3214 4000 οὗθ’
3233 3947 3372 4008 ὅλως
3411 3959 3682 4015 μεταπειο

2101 4054 2375 4123 σθήσομαι
2415 4049 2512 4125 τὰς
2543 4047 2679 4118 πρὸς
2728 4045 2890 4101 αὑτὸν
2928 4042 3188 4112 ἀθετῆσαι
3221 4037 3520 4108 συνθήκας
3545 4038 3683 4106 περὶ

2099 4146 2156 4199 δὲ
2208 4144 2416 4197 τούτων
2465 4140 2666 4202 αὐτοὺς
2721 4136 2936 4207 έρώταυ
2997 4135 3150 4188 αὐτοὶ
3197 4131 3264 4186 τὰ
3319 4131 3448 4200 περὶ
3494 4129 3684 4184 αὐτῶν

2099 4232 2666 4304 ἀπαγγελοῦσιν·ἑπεὶ
2691 4231 2785 4283 καὶ
2816 4228 3129 4299 φρονήσεως
3178 4224 3502 4295 μετέχουσιν
3552 4225 3681 4276 ἱκα-

2099 4329 2224 4392 νῶς.
2262 4324 2601 4392 ’Δποόλέψας
2631 4317 2725 4377 οῦν
2758 4321 2897 4392 πρὸς
2947 4320 3170 4386 αὐτοὺς,
3205 4321 3233 4372 ὁ
3265 4318 3679 4390 στρατηλάτης·

2111 4421 2305 4489 Ὑμεῖς
2370 4417 2426 4471 δὲ
2501 4416 2553 4469 τί
2603 4431 2764 4484 φατε,
2824 4409 3065 4478 εἷπεν,οί
3123 4413 3406 4482 γοητικαῖς
3458 4410 3682 4480 τέχναις

423 4509 602 4555 autem
653 4518 668 4556 :
709 4501 870 4568 Quid,
900 4504 1178 4572 dixerunt,
1231 4508 1427 4566 frustra
1485 4513 1715 4582 teipsum
1759 4517 1991 4588 decipis,

2103 4507 2652 4582 παρακρουσθέντες;
2686 4507 2748 4559 0i
2779 4504 2856 4570 δὲ,
2880 4504 2945 4557 Τί
2976 4505 3174 4574 μάτην,
3192 4503 3425 4574 ἔφησαν,
3449 4505 3684 4557 σεαυτὸν

424 4600 620 4660 putans
673 4591 790 4649 fore
831 4603 892 4650 ut
936 4611 1037 4650 nos
1081 4597 1359 4668 decipias?
1385 4599 1520 4656 Nam
1568 4604 1614 4658 si
1659 4604 1726 4660 de
1754 4609 1996 4662 exercitu

423 4683 646 4751 quidem
670 4685 752 4740 vis
793 4701 894 4742 nos
923 4688 1258 4756 examinare,
1293 4690 1345 4744 in
1377 4709 1484 4762 quo
1511 4695 1610 4749 tibi
1651 4697 1994 4765 subjicimur,

425 4773 478 4826 in
511 4775 764 4830 omnibus
800 4777 894 4831 tibi
939 4779 1206 4846 cedimus,
1236 4793 1290 4836 et
1331 4784 1482 4837 nullo
1523 4784 1684 4840 modo
1715 4787 1810 4842 tibi
1861 4790 1998 4844 resi-

423 4864 640 4919 stimus.
679 4863 736 4919 Si
761 4873 942 4922 autem
972 4867 1040 4924 de
1077 4870 1183 4925 ﬁde
1205 4881 1258 4926 et
1285 4873 1567 4944 religione,
1607 4891 1636 4931 a
1669 4878 1830 4933 nobis
1858 4881 1994 4936 nihil

423 4956 566 5011 aliud
597 4957 808 5024 audies,
840 4959 945 5015 nisi
980 4962 1124 5030 quod
1151 4962 1447 5020 Christiani
1480 4982 1693 5034 sumus,
1718 4981 1774 5025 et
1822 4970 1994 5028 Deum

423 5069 591 5108 unum
639 5055 1005 5123 agnoscimus,
1035 5057 1366 5124 fell‘ectorem
1423 5063 1544 5117 coeli
1589 5073 1644 5118 et
1699 5073 1878 5133 terrae,
1938 5069 1993 5122 in

421 5163 580 5215 quem
607 5149 773 5203 etiam
821 5149 1118 5208 credimus.
1167 5163 1223 5206 et
1257 5152 1451 5208 Filium
1483 5154 1604 5223 ejus
1654 5159 1992 5228 unigenitum

425 5237 716 5291 Dominum
756 5247 1002 5293 nostrum
1050 5237 1234 5296 Jcsum
1293 5242 1572 5298 Christum
1625 5255 1680 5302 et
1731 5249 1992 5317 Spiritum

421 5339 692 5394 Sanctum,
725 5333 998 5400 quomodo
1043 5347 1142 5387 nos
1169 5334 1354 5388 docuit
1409 5335 1500 5389 hic
1533 5337 1749 5406 sapiens
1805 5348 1990 5394 noster

423 5431 739 5490 ναι-θερίαν.

497 5512 637 5567 XIII.
676 5513 800 5569 Haec
823 5529 945 5569 cum
992 5517 1347 5589 quadraginta
1400 5529 1453 5574 et
1488 5513 1682 5576 novem
1724 5531 1988 5592 martyres

421 5613 678 5674 tauquam
716 5622 822 5662 uno
843 5625 937 5664 ore
965 5612 1392 5678 respondissent,
1426 5629 1518 5670 eos
1549 5613 1989 5683 verberarijubet

492 5782 533 5811 ’⁷
568 5783 754 5836 Matth.
797 5800 848 5846 Χ,
885 5785 970 5841 ίὸ.

2097 4603 2334 4671 ἀπατᾷς,
2365 4598 2672 4669 ἀπατήσειν
2701 4596 2850 4667 ἡμᾶς
2882 4596 3160 4666 οἱὸμενος;
3187 4596 3252 4648 El.
3285 4596 3383 4665 μὲν
3399 4594 3506 4666 γὰρ
3544 4597 3682 4667 περὶ

2094 4695 2195 4764 τῆς
2220 4691 2509 4760 στρατείας
2525 4687 2802 4754 ἐξετάζειν
2827 4686 3027 4758 βούλει,
3051 4685 3176 4739 καθ’
3196 4688 3263 4758 ἢν
3291 4686 3398 4755 ἄρα
3423 4687 3518 4740 καὶ
3537 4687 3681 4740 ὑπο-

2095 4781 2330 4852 κείμεθά
2357 4797 2460 4846 σοι,
2497 4776 2800 4844 ύπείκομεν
2829 4776 2888 4828 ὲν
2923 4775 3201 4841 ﬂammai.
3245 4774 3437 4828 οὐδένα
3465 4775 3679 4843 τρόπον

2094 4869 2526 4941 άντιταττόμεθα
2552 4887 2567 4903 ο
2602 4870 2649 4921 εί
2675 4868 2730 4921 δὲ
2762 4866 2892 4938 περὶ
2942 4865 3182 4928 πίστεως
3222 4865 3318 4920 καὶ
3348 4865 3678 4934 θρησκείας,

2092 4964 2246 5018 οὐδὲν
2303 4961 2513 5031 ἀκούσῃ
2571 4959 2703 5027 παρ’
2753 4957 2909 5028 ήμῶν
2960 4956 3149 5027 ἓτερον
3179 4955 3210 5026 ἢ
3239 4956 3319 5008 ὅτι
3351 4956 3681 5027 Χριστιανοί

2091 5058 2279 5126 ἐσμεν,
2300 5051 2397 5106 καὶ
2426 5051 2558 5104 Θεὸν
2585 5050 2682 5104 ἕνα
2743 5046 3206 5117 έπιγινὼσκομεν,
3241 5046 3473 5117 ποιητὴν
3503 5046 3675 5116 ούρα-

2091 5146 2184 5200 νοῦ
2208 5161 2268 5198 τε
2293 5145 2384 5198 καὶ
2409 5145 2536 5212 γῆς,
2557 5144 2636 5205 είς
2662 5143 2833 5210 ὅνπερ
2861 5140 2926 5211 δὴ
2948 5141 3042 5194 καὶ
3071 5139 3427 5210 πιστεύομεν,
3453 5141 3552 5193 καὶ
3582 5140 3670 5192 τὸν

2094 5237 2222 5292 Υἱδν
2251 5237 2414 5290 αὑτοῦ
2442 5235 2532 5289 τὸν
2559 5235 2846 5305 μονογενῆ,
2884 5233 2976 5285 τδν
3007 5230 3215 5300 Κύριον
3264 5233 3423 5303 ἡμῶν
3467 5229 3677 5300 Ἰησοῦν

2100 5330 2354 5399 Χριστὸν,
2375 5328 2469 5381 καὶ
2505 5327 2567 5378 τὸ
2603 5323 2828 5394 Πνεῦμα
2856 5324 2916 5377 τὸ
2945 5323 3122 5390 ἆγιον,
3146 5322 3332 5386 καθὼς
3383 5323 3531 5391 ἡμᾶς
3565 5321 3679 5374 ἐδί-

2098 5423 2258 5485 δαξεν
2286 5421 2314 5473 ὁ
2352 5418 2512 5487 σοφὸς
2543 5417 2701 5486 ήμῶν
2728 5416 2909 5468 οὑτοσὶ
2931 5414 3272 5476 διδάσκαλος.

2170 5516 2269 5568 ll".
2319 5511 2504 5564 Ταῦτα
2549 5510 2658 5562 τῶν
2712 5507 3282 5578 τεσσαρακονταεννὲα
3324 5505 3682 5577 στρατιωτῶν

2099 5612 2171 5673 ὡς
2203 5607 2258 5674 ἐξ
2304 5605 2421 5669 ἑνὸς
2442 5603 2706 5672 στόματος
2737 5597 3210 5670 ἀποκριναμένων,
3254 5596 3554 5652 τύπτεσθαι
3582 5612 3683 5648 κε-
