4060 6432
324 397 439 462 89⁷1

1446 401 1546 459 MA
1561 400 1910 461 RTYRIUM
1954 400 2012 461 S.
2055 399 2571 464 CALLISTBATI.

3495 406 3599 469 898

325 510 473 564 λεύει
503 505 726 570 τούτους
772 507 800 561 6
850 507 1250 577 στρατηλάτης,
1278 503 1400 560 εἶτα
1429 508 1682 572 δεθέντας
1715 513 1900 578 χεῖρας

2027 510 2110 564 lux
2145 512 2444 577 exercitus;
2493 511 2692 568 deinde
2754 513 2964 571 vinctos
3000 518 3227 586 pedibus
3257 527 3312 572 ct
3343 520 3595 572 manibus

330 603 420 654 καὶ
444 601 630 662 πόδας,
649 601 730 672 είς
758 599 856 670 τὴν
886 599 1112 670 πλησίον
1131 599 1508 668 ἀπορριφῆναι
1526 599 1917 672 κολυμϐήθραν

325 691 567 748 ὠκεανὸν
597 669 741 743 οὕτω
782 691 1140 760 καλούμενον.
1186 691 1340 742 Ἐπεὶ
1386 685 1483 742 οὖν
1536 689 1918 760 δεσμήσαντες

330 785 625 851 ἐπαφεῖναι
656 782 881 845 τούτους
901 781 979 850 τῷ
1005 781 1157 834 ὕδατι
1180 780 1428 850 ἔμελλον,
1450 782 1480 833 6
1503 780 1917 849 Καλλίστρατος

331 871 682 942 προσηύξατο
746 869 922 936 λέγων
952 885 968 900 ·
997 869 1246 922 Δέσποτα
1299 869 1492 938 Κύριε,
1523 870 1551 919 6
1589 871 1646 921 ἐν
1692 869 1918 939 ὑψηλοῖς

329 962 624 1028 κατοικῶν,
680 963 774 1015 καὶ
824 963 894 1014 τά
941 961 1178 1014 ταπεινά
1217 962 1455 1030 ἐφορῶν,
1485 960 1783 1030 ἐπίδλεψον
1825 962 1920 1014 ἐπὶ

330 1057 390 1107 τὸ
426 1055 599 1125 βραχύ
646 1071 738 1107 σου
771 1055 928 1108 τουτὶ
982 1053 1255 1118 ποίμνιον,
1284 1055 1375 1106 καὶ
1413 1053 1754 1118 καταξίωσον
1785 1055 1919 1108 αὐτὸ

333 1150 390 1202 ἰν
421 1153 533 1213 τοῖς
561 1150 718 1203 ὕδασι
749 1149 964 1213 τούτοις
1015 1149 1311 1202 λούσασθαι
1363 1148 1596 1219 λουτρὸν
1650 1149 1919 1216 παλιγγε-

334 1243 518 1304 νεσίας
547 1259 609 1294 τε
638 1241 733 1295 καὶ
759 1242 1031 1304 υἱοθεσίας
1089 1241 1178 1294 διὰ
1222 1242 1321 1310 τῆς
1376 1241 1780 1312 ἐπιφοιτήσεως
1825 1239 1918 1294 τοῦ

335 1332 492 1399 ἁγίου
525 1350 619 1386 σου
652 1331 992 1403 Πνεύματος,
1012 1334 1086 1398 ὡς
1116 1333 1204 1398 ἂν,
1227 1334 1292 1386 δι’
1342 1335 1506 1388 αὐτὸν
1535 1336 1718 1388 πᾶσαν
1747 1335 1921 1404 ἀπορ-

336 1423 643 1497 ῥυψάμενοι
670 1425 766 1478 τοῦ
796 1425 1032 1479 παλαιοῦ
1078 1425 1370 1496 ἀνθρώπου
1403 1426 1500 1496 τὴν
1548 1425 1917 1496 ματαιότητα,

336 1515 584 1566 κοινωνοὶ
619 1515 884 1581 γένωνται
913 1516 1009 1568 τιιῦ
1050 1517 1252 1586 κλήρου
1285 1517 1395 1568 τῶν
1445 1517 1540 1569 ἀπ’
1587 1516 1780 1580 αἰῶνός
1835 1533 1918 1569 σοι

337 1606 842 1676 εὐαρεστησάντων.
868 1609 1021 1677 “Apta
1061 1609 1117 1660 δὲ
1155 1608 1234 1678 τῷ
1287 1611 1513 1680 ῥιφῆναι
1566 1611 1765 1672 αὐτοὺς
1808 1613 1920 1672 τοῖς

341 1694 522 1761 ὕδασι,
564 1697 798 1768 πρᾶγμα
855 1699 1120 1770 συνῆλθεν
1197 1699 1370 1769 ἀκοῆς
1405 1716 1464 1752 τε
1493 1700 1586 1752 καὶ⁵
1641 1700 1921 1769 θαύματος

339 1787 514 1852 ἀξιον.
536 1788 769 1842 Λύονται
821 1789 930 1860 γάρ
961 1791 1142 1853 αὐτοῖς
1169 1790 1239 1842 τά
1265 1791 1462 1860 δεσμά,
1505 1791 1601 1842 καὶ
1661 1791 1919 1861 φαιδραῖς

2023 601 2212 670 proﬁci
2263 602 2316 655 in
2369 604 2731 674 propinquam
2783 605 3068 675 piscinam,
3111 625 3236 677 qua:
3298 609 3598 663 vocabat-nr

2019 691 2291 746 Oceanus.
2335 695 2470 746 (Iuni
2523 708 2652 762 ergo
2704 710 2798 750 eos
2843 697 3183 764 vinxissent,
3215 708 3268 754 et
3318 708 3504 755 essent
3546 703 3599 754 in

2019 795 2212 849 aquam
2245 781 2564 847 immissuri,
2600 797 2854 852 precatus
2875 798 2960 840 est
2984 789 3351 853 Callistratus,
3375 790 3598 846 dicens:

2023 871 2270 934 Domine,
2303 874 2394 942 qui
2425 876 2476 926 in
2509 877 2636 929 altis
2664 877 2900 942 habitas,
2942 889 2998 933 et
3028 881 3252 935 humilia
3284 883 3512 952 respicis
3533 884 3600 943 ",

2021 963 2259 1018 adhunc
2308 965 2592 1019 minimum
2643 978 2792 1021 tuum
2842 986 3053 1041 gregem
3102 974 3290 1028 oculos
3321 976 3512 1045 dirige,
3549 985 3604 1028 et

2021 1053 2250 1120 dignare
2277 1055 2456 1122 ipsum
2509 1057 2560 1108 iu
2593 1056 2679 1108 his
2705 1058 2861 1126 aquis
2902 1060 3069 1115 lavari
3119 1063 3337 1116 lavacro
3371 1079 3601 1132 regene-

2020 1146 2250 1200 rationis
2276 1153 2330 1200 ει
2361 1145 2674 1215 adoptionis
2707 1163 2804 1216 per
2829 1148 3122 1203 adventant
3159 1153 3328 1206 sancti
3370 1155 3446 1205 tui
3471 1144 3604 1222 ’Βρί-

2022 1239 2180 1302 ritus,
2210 1248 2269 1292 ιιι
2308 1254 2406 1308 per
2439 1239 2615 1308 ipsum
2687 1242 2966 1295 emundati
3000 1242 3067 1297 ab
3088 1245 3235 1298 omni
3272 1245 3471 1298 veteris
3503 1245 3604 1297 bo-

2021 1330 2186 1384 minis
2221 1332 2481 1396 vanitate,
2535 1333 2664 1384 (iant
2711 1332 2842 1385 secii
2889 1333 3223 1388 hmreditatis
3255 1349 3470 1399 eorum,
3509 1335 3602 1404 qui

2023 1425 2118 1478 tibi
2161 1424 2481 1494 placuerunt
2525 1441 2554 1478 a
2597 1425 2816 1482 smculo.
2861 1425 3034 1480 Simul
3074 1437 3254 1480 autem
3305 1439 3470 1498 atque
3501 1429 3603 1497 ipsi

2023 1513 2174 1568 fuere
2208 1514 2262 1566 in
2295 1529 2463 1584 aquas
2510 1516 2762 1586 projecti,
2795 1517 2976 1570 evenit
3023 1532 3111 1571 res
3138 1519 3299 1588 digna
3327 1520 3515 1575 auditu
3545 1530 3602 1574 et

2021 1606 2408 1660 admiratione.
2441 1607 2534 1661 Eis
2583 1608 2729 1661 enim
2784 1609 3070 1662 solvuntur
3115 1610 3348 1674 vincula,
3381 1618 3434 1664 et
3481 1610 3603 1662 lmtn

2022 1699 2173 1750 vultu
2214 1705 2269 1751 et
2309 1697 2474 1752 alacai
2529 1697 2716 1753 habitu
2770 1699 2952 1752 statim
3009 1709 3296 1768 emergunt
3336 1715 3400 1753 cx
3439 1715 3601 1769 aqua.

2027 1787 2249 1840 Divinus
2285 1796 2463 1841 autem
2499 1786 2835 1841 Callistratus
2876 1787 3024 1841 \isus
3077 1797 3160 1841 est
3217 1787 3270 1841 in
3317 1788 3492 1858 capite
3526 1788 3606 1841 fe-

336 1882 457 1943 ταῖς
500 1879 678 1949 ὄψεσι,
714 1879 969 1950 φαιδραίς
998 1883 1115 1942 ταῖς
1147 1881 1361 1943 στολαῖς
1405 1880 1498 1932 τοῦ
1544 1879 1734 1943 ὓδατος
1759 1879 1919 1942 εὐθὺς

2027 1895 2150 1932 rens
2177 1894 2431 1933 coronam
2461 1880 2617 1950 longe
2644 1880 3128 1948 Speciosissimam,
3161 1889 3217 1935 et
3251 1895 3354 1934 vox
3387 1881 3455 1934 ad
3478 1895 3602 1933 eum

336 1971 680 2029 ἁναδύουσιν.
725 1971 785 2024 ’0
815 1972 870 2024 δέ
901 1989 961 2039 γε
995 1973 1136 2035 θεῖος
1160 1973 1700 2042 Καλλίστρατος,καὶ
1720 1972 1921 2040 στέφα-

340 2079 428 2116 νον
452 2065 545 2117 ἐπὶ
571 2064 674 2134 τῆς
705 2065 946 2132 κεφαλῆς
969 2059 1080 2117 οἷον
1105 2065 1552 2134 ἐκπρεπέστατον
1581 2064 1798 2136 ἑωράθη
1823 2080 1919 2132 aco-

342 2157 473 2230 ρῶν,
491 2156 587 2209 καὶ
605 2157 759 2225 φωνὴ
785 2157 918 2224 πρὸς
950 2157 1111 2209 αὑτὸν
1128 2157 1424 2226 οὐρανόθεν
1445 2158 1676 2224 γίνεται,
1694 2157 1920 2226 θάρσει,

341 2249 742 2320 Καλλίστρατε,
785 2249 1044 2317 λέγουσι,
1089 2253 1187 2303 σὶιν
1223 2249 1296 2319 τῷ
1347 2250 1587 2320 ποιμνίῳ
1635 2249 1812 2320 τούτῳ
1843 2249 1922 2319 τῷ

344 2342 422 2412 σῷ
441 2357 456 2372 ⁶
497 2344 592 2396 καὶ
617 2341 770 2394 δεῦτε
801 2343 902 2413 ἤδη
928 2344 1047 2404 ταῖς
1075 2344 1321 2401 αίωνῖαις
1352 2346 1578 2413 σκηναῖς
1607 2345 1924 2396 ἐπαναπαυ-

343 2434 581 2504 σόμενοι.
603 2435 755 2504 ’Δμα
792 2435 846 2488 δὲ
874 2437 939 2506 τῇ
975 2438 1147 2504 φωνῇ,
1170 2437 1263 2487 καὶ
1293 2437 1435 2504 μέγα
1464 2437 1491 2488 6
1515 2435 1646 2498 Θεὸς
1691 2435 1919 2498 ἔσεισ;ν,

343 2527 483 2582 ὥστε
514 2527 575 2580 τὸ
611 2528 842 2598 πλησίον
889 2544 993 2580 που
1043 2527 1266 2595 ἄγαλμα
1336 2531 1696 2592 καταπεσεῖν,
1718 2529 1812 2580 καὶ
1844 2528 1922 2589 είς

347 2619 498 2676 κόνιν
543 2621 882 2692 διαλυθῆναι.
904 2621 1087 2692 ἐιπερ
1134 2623 1333 2684 ιδὸντες
1363 2639 1420 2674 τε
1460 2623 1553 2674 καὶ
1589 2619 1926 2684 ἀκούσαντες

345 2713 522 2786 ἕτεροι
541 2713 647 2766 τῶν
685 2714 1038 2782 στρατιωτῶν
1085 2714 1276 2784 ἄνδρες
1310 2715 1475 2765 πέντε
1500 2714 1597 2764 καὶ
1627 2714 1926 2782 τριάκοντα

346 2805 480 2874 πρὸς
501 2808 614 2867 τοῖς
636 2805 852 2866 ἑκατὸν,
882 2803 1139 2856 πιστεύον
1153 2821 1198 2856 τι
1223 2808 1316 2855 καὶ
1350 2803 1526 2856 αύτοί.
1562 2804 1636 2856 Οὐ
1678 2803 1917 2872 συλλαμ-

348 2895 600 2948 ϐάνονται
625 2895 844 2965 δὲμετά
884 2896 992 2947 τῶν
1037 2895 1240 2947 λοιπῶν
1291 2897 1449 2948 ἐννέα
1507 2897 1605 2947 καὶ
1651 2895 1924 2965 τεσσαρά-

346 3002 542 3040 κοντα’
599 2985 713 3038 ἀλλ’
742 2988 941 3038 ἐκεῖνοι
983 2988 1159 3054 μόνοι,
1215 2987 1790 3056 τεσσαρακονταεννέα
1823 3003 1926 3055 φα-

349 3079 466 3148 μὲν,
493 3077 638 3131 οὕτω
658 3078 752 3130 τοῦ
780 3075 1160 3148 στρατηλάτου
1197 3075 1584 3141 κελεύσαντος,
1613 3079 1679 3146 τῇ
1711 3077 1928 3148 φρουρᾷ

347 3170 753 3240 παραδίδονται.
787 3170 951 3236 Λέγει
989 3173 1173 3223 τοίνυν
1218 3169 1352 3236 πρὸς
1412 3169 1611 3232 αὐτοὺς
1656 3173 1684 3222 6
1727 3169 1928 3223 Καλλί-

351 3278 581 3334 στρατος
607 3279 622 3295 ο
675 3259 828 3327 Ἰδοὺ,
859 3261 1101 3331 ἀδελφοὶ,
1127 3264 1194 3333 τῇ
1225 3263 1319 3314 τοῦ
1347 3262 1554 3331 Κυρίου
1583 3263 1789 3333 χάριτι,
1831 3260 1928 3314 τοῦ

348 3349 694 3422 λουτρούτῆς
709 3351 1129 3418 παλιγγενεσίας
1154 3349 1553 3420 κατηξιώθητε.
1573 3351 1695 3421 Χρὴ
1705 3367 1929 3422 τοιγαρ-

348 3440 445 3496 οὖν
473 3440 572 3513 τὴν
616 3441 1001 3512 προσήκουσαν
1039 3439 1187 3510 αύτῴ
1217 3441 1378 3510 χάριν
1412 3439 1784 3512 ὁμολογῆσαι·
1835 3442 1930 3494 καὶ

348 3534 415 3604 δὴ
444 3533 776 3595 ἀναστάντες
814 3531 1268 3603 προσευξώμεθα.
1297 3531 1393 3593 Είς
1415 3534 1507 3584 τὸν
1537 3531 1770 3602 οὐρανὸν
1799 3533 1928 3600 γοῦν

348 3624 450 3688 τὰς
480 3626 670 3695 χεῖρας
700 3623 1059 3687 διαπετάσας,
1091 3621 1264 3694 Κύριε
1304 3621 1332 3674 6
1354 3618 1699 3687 Θεὸς,εῐπεν,
1721 3625 1748 3677 6
1787 3625 1925 3677 πάν-

348 3731 448 3778 τας
463 3716 706 3785 σωθῆναι
723 3715 892 3770 θέλων
915 3715 1011 3768 καί⁵
1033 3717 1110 3776 είς
1131 3714 1431 3782 ἐπίγνωσιν
1450 3713 1708 3781 ἀληθείας
1729 3711 1922 3780 ἐλθεῖν,

349 3810 379 3862 6
424 3810 520 3863 καὶ
557 3808 719 3862 τοῦτό
782 3825 877 3862 σου
920 3806 982 3861 τὸ
1019 3807 1270 3878 ποίμνιον
1323 3807 1418 3859 τοῦ
1467 3808 1661 3878 νοητοῦ
1715 3806 1926 3869 λέοντος

2033 1972 2244 2025 exstitit
2275 1985 2306 2023 ο
2339 1971 2514 2045 οωιὶε,
2549 1971 2738 2026 dicens
2771 1988 2785 2024 :
2844 1969 2972 2024 Esto
3016 1972 3157 2024 bono
3204 1973 3410 2033 animo,
3443 1970 3605 2024 Call.-

2023 2072 2212 2127 strate,
2251 2078 2373 2116 cum
2413 2071 2505 2116 tuo
2531 2078 2715 2134 grege,
2746 2064 2926 2132 etjam
2955 2063 3156 2129 venite,
3187 2065 3240 2116 in
3269 2063 3488 2117 aeternis
3517 2071 3606 2116 re:

2023 2153 2257 2221 quieturi
2303 2153 2686 2210 tabernaculis.
2721 2154 2895 2207 Simul
2927 2165 3108 2209 autem
3154 2169 3276 2208 cum
3313 2170 3443 2209 voce
3488 2171 3606 2207 ma-

2025 2260 2189 2315 gnum
2214 2261 2432 2318 quoque
2463 2245 2606 2300 Deus
2630 2243 2892 2298 excitavit
2915 2254 3069 2298 terra:
3097 2256 3323 2308 motuin,
3355 2245 3489 2298 adio
3527 2254 3602 2306 ut,

2024 2354 2143 2406 qure
2185 2344 2489 2407 prOpinqua
2524 2346 2662 2403 erat,
2699 2347 2877 2390 statua
2912 2336 3194 2400 ceciderit,
3231 2347 3283 2390 et
3316 2338 3369 2390 in
3422 2337 3606 2406 pulve-

2025 2445 2138 2484 rem
2170 2431 2242 2484 sit
2285 2433 2540 2485 resoluta.
2568 2429 2700 2496 Quae
2760 2447 2884 2485 cum
2921 2432 3184 2487 vidissent
3217 2442 3272 2485 et
3302 2431 3607 2486 audiisscnt

2025 2522 2115 2575 alii
2171 2522 2390 2589 milites,
2421 2523 2511 2592 qui
2545 2531 2705 2577 erant
2761 2537 2988 2577 numero
3030 2535 3250 2577 centum
3294 2535 3349 2577 et
3387 2523 3606 2593 triginta

2026 2615 2292 2684 quinque,
2333 2615 2434 2684 ipsi
2491 2629 2710 2684 quoque
2760 2614 3012 2669 credunt.
3071 2615 3187 2669 Non
3246 2616 3608 2684 comprehen-

2027 2707 2231 2760 duntur
2263 2718 2444 2760 autem
2479 2721 2602 2760 cum
2622 2707 2733 2774 jam
2763 2705 2956 2772 dictis;
2993 2707 3090 2761 sed
3137 2706 3210 2760 illi
3245 2707 3342 2761 soli
3374 2706 3609 2774 quadra-

2027 2799 2173 2868 ginta
2205 2813 2424 2865 novcm,
2452 2815 2577 2852 cum
2625 2802 2705 2854 sic
2748 2798 3006 2868 jussisset
3033 2798 3138 2852 dux
3171 2797 3462 2862 exercitus,
3495 2807 3606 2851 tra-

2027 2892 2229 2941 duntur
2262 2888 2315 2941 in
2347 2891 2675 2944 custodiam.
2719 2888 2858 2942 Dicit
2890 2889 2969 2944 eis
3010 2890 3190 2958 itaque
3224 2888 3604 2943 Callistratus:

2031 2981 2190 3044 licem
2225 2980 2439 3047 fratres,
2481 2979 2686 3036 Christi
2733 2981 2927 3051 gratia,
2962 2981 3169 3052 dignati
3215 2982 3348 3036 estis
3394 2981 3608 3034 lavacro

2031 3075 2545 3146 regenerationis".
2601 3074 2832 3145 Oportet
2866 3089 3014 3145 ergo,
3058 3089 3195 3143 quas
3253 3090 3348 3144 par
3401 3083 3508 3138 est,
3557 3074 3607 3129 ei

1955 3203 1997 3261 ο
2031 3184 2191 3240 agere
2228 3169 2451 3240 gratias.
2484 3166 2672 3236 Itaque
2717 3181 3008 3236 surgamus
3061 3175 3115 3221 et
3163 3181 3403 3222 oremus.
3456 3165 3609 3220 Tunc

2031 3263 2287 3330 expansis
2315 3260 2368 3313 in
2400 3259 2598 3315 caelum
2626 3260 2879 3314 manibus
2912 3276 2926 3312 :
2959 3256 3187 3313 Domine
3223 3257 3388 3324 Deus,
3411 3259 3606 3327 inquit,

2031 3354 2124 3422 qui
2153 3354 2233 3406 vis
2253 3367 2446 3406 omnes
2474 3351 2726 3406 homines
2743 3351 2922 3406 salvos
2947 3350 3083 3414 ﬂeri,
3109 3362 3160 3404 et
3189 3351 3255 3405 ad
3277 3350 3535 3420 agnitioni
3557 3365 3608 3402 ιιι

2029 3446 2216 3500 venire
2247 3445 2528 3511 veritatis;
2572 3446 2665 3515 qui
2697 3445 2859 3498 etiam
2912 3453 3065 3498 tuum
3106 3459 3322 3512 gregem
3359 3442 3610 3510 eripui-ti

2029 3553 2095 3591 ex
2127 3552 2220 3592 ore
2250 3537 2448 3602 leonis,
2480 3546 2536 3590 et
2583 3538 2785 3591 vocasti
2821 3538 2888 3590 ad
2927 3537 3158 3589 salutem
3209 3545 3490 3595 alternam,
3523 3535 3608 3586 di-

2031 3641 2197 3695 gnare
2232 3627 2284 3679 in
2329 3637 2418 3679 tua
2453 3627 2557 3680 (ide
2587 3640 2688 3679 nos
2727 3640 2920 3680 omnes
2949 3624 3338 3688 consummari,
3371 3634 3426 3676 et
3463 3625 3529 3676 ad
3560 3635 3611 3676 te

2033 3715 2323 3771 Dominum
2349 3717 2538 3770 venire
2567 3717 2947 3770 immaculatos
2969 3725 3024 3770 et
3056 3715 3321 3777 mundos;
3354 3719 3608 3781 quoniam

2035 3822 2095 3861 es
2128 3806 2453 3860 benedictus
2484 3806 2536 3859 in
2570 3807 2790 3860 saecula.

350 3901 703 3972 ἀφαρπάσας,
727 3904 823 3954 καὶ
867 3900 1003 3968 προς
1025 3897 1299 3970 σωτηρίαν
1324 3899 1563 3962 καλέσας
1591 3898 1831 3966 αἰώνιον,
1873 3897 2209 3964 καταξίωσον
2242 3899 2299 3949 ἐν
2329 3901 2392 3968 τῇ
2426 3904 2490 3968 σῇ
2543 3898 2724 3951 πίστει
2785 3895 3136 3969 τελειωθῆναι
3190 3899 3399 3962 πάντας
3443 3901 3609 3982 ἡμᾶς⁹

353 3999 446 4050 καὶ¹
481 3997 616 4068 πρὸς
650 3995 710 4046 σέ
748 3995 840 4046 τὸν
870 3993 1148 4062 Δεσπότην
1202 3992 1466 4056 ἁσπίλους
1514 3994 1770 4060 φοιτῆσαι
1807 3993 1900 4046 καὶ
1930 3994 2227 4061 καθαρούς·
2257 3993 2339 4044 ὅτι
2380 3993 2673 4063 εὐλογητὸς
2705 3992 2972 4062 ὑπάρχεις
3010 3995 3089 4056 είς
3118 3993 3243 4056 τοὺς
3279 3995 3506 4058 αἰῶνας.

427 4087 520 4142 ΙΔ’.
581 4088 743 4141 Ἀλλά
793 4087 966 4139 ταῦτα
1018 4088 1118 4155 μὲν
1159 4087 1216 4138 ἐν
1249 4089 1313 4155 τῇ
1363 4082 1576 4157 φρουρᾷ
1607 4087 1717 4148 τοῖς
1749 4085 1930 4153 ἁγίοις
1964 4148 1968 4153 η

355 4181 676 4251 ἐπράττετο.
717 4179 775 4232 ’0
802 4178 859 4231 δέ
911 4179 1313 4250 στρατηλάτης,
1347 4178 1532 4240 δείσας
1590 4181 1798 4247 μήπιτε
1841 4177 1932 4230 διὰ

356 4271 452 4340 τῆς
475 4269 684 4322 τούτων
709 4269 1156 4338 θαυματουργίας
1187 4267 1353 4320 αὑτοῦ
1396 4286 1455 4320 τε
1477 4269 1756 4321 ἀποστῶσὶ
1786 4284 1932 4328 τινες

357 4367 448 4415 καὶ
485 4363 648 4432 ἐτέρα
676 4363 902 4428 γένηται
934 4362 1010 4432 τῴ
1055 4362 1278 4431 Χριστῴ
1331 4362 1514 4431 μερὶς,
1550 4360 1934 4428 κοινολογησά-

360 4455 616 4524 μενοςτῷ
643 4455 1124 4523 συγκατακλείστῳ
1147 4454 1333 4506 τούτου
1377 4453 1544 4525 ’Υῖρῳ
1574 4453 1910 4522 Δουκιναρίῳ

359 4551 450 4601 καὶ
504 4548 702 4610 κοινῶς
762 4548 912 4617 αύτῴ
975 4546 1532 4615 συνδιασκεψάμενος,
1590 4545 1932 4614 στρατιώτας

360 4641 569 4710 πέμπει
620 4640 838 4705 νυκτὸς,
864 4638 1026 4692 τοῦτο
1079 4639 1568 4708 κεκελευςμένους,
1607 4639 1666 4690 τὺ
1701 4637 1933 4708 μεληδὸν

317 4727 326 4785 Ϊ
357 4737 481 4794 τοὺς
524 4731 716 4798 ἁγίους
742 4733 798 4781 ἐν
828 4733 891 4800 τῇ
926 4730 1142 4799 φρουρᾷ
1171 4727 1503 4796 κατακόψαι.
1535 4729 1600 4780 '0
1633 4728 1699 4796 δὴ
1726 4727 1818 4779 καὶ
1839 4728 1932 4794 γέ·

358 4839 481 4890 γονε
509 4821 650 4874 κατὰ
678 4821 777 4890 τὴν
807 4819 1042 4888 ἑϐδόμην
1091 4820 1185 4871 καὶ
1237 4819 1490 4888 εἰκοστὴν
1538 4817 1632 4869 τοῦ
1677 4819 1933 4886 Σεπτεμ-

359 4914 514 4984 6ρίου
559 4911 920 4986 μηνος.ΟΞδὲ
953 4910 1347 4972 πιστεύσαντες
1404 4909 1567 4960 πέντε
1623 4910 1717 4962 καὶ
1775 4909 1931 4979 τριά-

360 5019 524 5055 κοντα
573 5002 668 5054 καὶ
719 5001 914 5054 ἑκατὸν
977 5001 1308 5070 στρατιῶται
1379 4999 1813 5069 παραγενόμεννι
1865 5000 1935 5052 τὰ

359 5093 468 5145 τῶν
518 5092 687 5160 ἁγίων
737 5091 1014 5144 ἀνείλοντο
1049 5090 1304 5160 σώματα,
1328 5091 1562 5162 ἐντίμως
1597 5107 1654 5142 τε
1690 5089 1931 5159 ἔθαψαν

357 5189 452 5239 καὶ
503 5187 631 5241 ναὸν
705 5186 890 5248 αὐτοῖς
954 5185 1015 5236 ού
1087 5185 1303 5246 πολλοῖς
1355 5183 1540 5254 ὅμοιον
1601 5183 1678 5252 τῷ
1748 5182 1934 5236 καλλει

357 5280 677 5347 ἀνήγειραν*
704 5277 799 5328 καί
836 5269 992 5338 οὗτος
1043 5275 1190 5328 κατᾶ
1242 5275 1412 5345 μέσην
1454 5274 1655 5343 ἔστηκε
1693 5272 1934 5344 Ῥώμην,

356 5371 455 5438 τὴν
503 5370 938 5439 βασιλικωτάτην
968 5369 1076 5422 τῶν
1123 5368 1357 5423 πόλεων.
1393 5365 1564 5438 Εὗρον
1591 5367 1648 5420 δὲ
1679 5369 1773 5419 καὶ
1803 5371 1938 5436 χάρ-

357 5481 459 5535 την
487 5465 545 5515 ἐν
575 5466 642 5534 τῇ
671 5464 906 5532 φρουρᾷ,
1002 5461 1320 5515 διδασκαλία
1349 5478 1434 5524 τις
1464 5463 1560 5513 καὶ
1597 5459 1934 5522 διατύπωσις

358 5553 730 5630 ἐνεγέγραπτο
803 5558 898 5610 τοῦ
950 5556 1362 5628 Καλλιστράτου
1428 5558 1727 5626 μάρτυρος.
1779 5555 1934 5608 Μετά

357 5651 416 5703 δὲ
457 5651 555 5722 τὴν
585 5651 811 5704 ἐκείνων
855 5651 1134 5703 τελείωσιν
1189 5651 1464 5719 μαρτυρεῖ
1532 5649 1628 5700 καὶ
1666 5649 1932 5718 Μαρῖνος,

429 5828 476 5860 ³³
504 5825 648 5882 Psal.
687 5843 819 5895 cut,
851 5828 902 5883 5.
976 5832 1020 5862 "
1047 5828 1148 5884 Tit.
1189 5847 1266 5899 υι,
1299 5831 1348 5886 5.

1917 4493 1930 4516 ’
1967 4497 2010 4550 D

2104 4084 2244 4139 XIV.
2279 4085 2382 4139 Sed
2405 4087 2517 4140 haec
2539 4086 2753 4155 quidem
2772 4085 2975 4140 ﬁebant
2996 4100 3026 4138 a
3046 4085 3250 4141 sanctis
3273 4087 3326 4140 in
3345 4088 3610 4143 custodia.

2032 4177 2256 4232 Timens
2299 4187 2480 4232 autem
2533 4179 2643 4232 dux
2687 4178 2985 4244 exercitus,
3021 4193 3088 4233 ne
3127 4194 3222 4248 per
3267 4194 3351 4242 ea,
3397 4195 3518 4249 qum
3546 4181 3615 4234 ab

2033 4271 2113 4324 cis
2153 4271 2376 4333 ﬁebant,
2402 4270 2684 4333 miracula,
2716 4270 2867 4323 tnulti
2895 4270 2962 4324 ab
2994 4285 3059 4324 eo
3085 4269 3406 4335 deﬁcerent,
3437 4281 3492 4325 et
3512 4272 3614 4324 alia

2035 4376 2161 4431 pars
2201 4360 2416 4414 Christo
2467 4361 2777 4426 accederet,
2828 4375 2885 4415 re
2921 4361 3324 4417 communicata
3361 4377 3486 4416 cum
3517 4379 3618 4416 suo

2037 4466 2312 4506 assessore
2339 4450 2475 4505 Vero
2501 4452 2824 4518 Ducenario,
2857 4469 2981 4508 cum
3012 4458 3378 4509 communiter
3407 4469 3530 4509 cum
3549 4470 3618 4508 eo

2035 4542 2422 4605 consultasset,
2456 4552 2621 4594 noctu
2675 4542 2840 4596 mittit
2885 4544 3106 4612 milites,
3142 4547 3340 4614 quibus
3368 4546 3473 4599 hoc
3514 4548 3618 4600 int-

2032 4646 2278 4703 peratum
2319 4634 2518 4695 fuerat,
2562 4641 2618 4685 ut
2651 4634 3001 4688 membratim
3036 4645 3257 4690 sanctos
3289 4637 3615 4691 conscinde-

2032 4735 2157 4781 rent
2195 4727 2248 4779 in
2289 4724 2559 4780 custodia.
2594 4726 2749 4790 Quod
2795 4727 3014 4807 qui/dem
3074 4729 3236 4782 etiam
3291 4727 3496 4782 factum
3535 4741 3617 4783 est

2031 4820 2290 4872 vicesimo
2324 4817 2557 4886 septimo
2591 4816 2953 4885 Septembris.
2997 4817 3102 4884 Qui
3155 4828 3339 4873 autem
3367 4819 3618 4874 credideo

2035 4924 2156 4966 rant
2189 4923 2411 4966 centum
2452 4922 2508 4966 et
2550 4912 2768 4983 triginta
2812 4911 3056 4979 quinque
3113 4912 3336 4976 milites,
3369 4927 3494 4966 cum
3523 4927 3615 4966 ac-

2033 5007 2352 5071 cessissent,
2383 5005 2724 5059 sustulerunt
2771 5015 3085 5058 sanctorum
3135 5019 3388 5073 corpora.
3420 5015 3473 5058 et
3518 5005 3616 5058 ho-

2034 5099 2259 5166 nqirilice
2306 5097 2643 5166 sepelierunt
2677 5113 2690 5149 :
2729 5103 2787 5149 et
2815 5095 2896 5150 eis
2944 5095 3205 5164 templum
3252 5105 3438 5165 postea
3469 5098 3617 5150 exci-

2036 5200 2311 5254 taverunt,
2355 5191 2443 5244 cui
2497 5186 2908 5260 pulchritudine
2970 5196 3102 5242 sunt
3152 5202 3322 5258 pauca
3365 5189 3612 5244 similia:

2037 5282 2183 5353 quod
2215 5291 2325 5336 stat
2358 5281 2412 5334 in
2434 5280 2610 5334 media
2637 5278 2828 5345 Roma,
2851 5279 3134 5333 civitatum
3168 5281 3412 5334 omnium
3441 5279 3617 5333 maxi-

2046 5390 2130 5429 me
2183 5375 2354 5444 regia.
2406 5371 2578 5426 Porro
2624 5381 2806 5425 autem
2841 5369 3086 5425 chartam
3119 5385 3335 5440 quoque
3387 5369 3616 5424 invene-

2044 5475 2171 5518 runt
2212 5466 2268 5518 in
2301 5462 2572 5529 custodia,
2607 5461 2660 5515 in
2691 5477 2798 5532 qua
2840 5469 2957 5517 erat
2987 5463 3232 5530 quaedam
3285 5459 3532 5515 doctrina
3565 5471 3615 5514 et

2043 5557 2343 5627 descriptio
2361 5556 2580 5626 gloriosi
2617 5563 2672 5610 et
2699 5555 3194 5624 victoria‘insignis
3221 5553 3474 5623 martyris
3492 5551 3619 5606 Cal-

2043 5648 2262 5704 listrati.
2326 5646 2455 5702 Post
2514 5647 2728 5704 illorum
2791 5655 2973 5700 autem
3043 5643 3614 5710 consummationem,
