4060 6440
339 442 443 510 901

1570 436 1747 499 VlTA
1783 436 1844 495 S.
1886 435 2029 496 (ΖΗΛ
2044 433 2381 495 RITONIS.

3504 431 3607 496 932

337 558 451 614 τῶν
483 551 733 611 διωκτῶν
758 549 1011 620 θόρυϐος,
1036 548 1133 612 τὰς
1164 547 1273 601 τῶν
1306 546 1517 601 πιστῶν
1544 545 1778 619 ιτάραξε
1814 548 1921 600 δια.

2036 553 2373 608 secutorum,
2415 557 2626 600 mentes
2678 544 3025 600 conturbavit
3089 543 3358 601 fidelium.
3400 552 3452 599 et
3505 559 3615 597 nou

342 647 512 710 νοίας,
538 644 633 697 καὶ
662 640 918 709 καθάπερ
963 657 1015 693 τι
1065 636 1217 708 κῦμα
1248 640 1281 709 ἡ
1338 636 1519 691 αὐτῶν
1557 638 1929 700 ἐπανάστασις

341 739 445 793 οῦκ
474 736 693 805 ὀλίγους
724 732 832 786 τῶν
862 729 1212 801 Χριστιανῶν
1258 729 1334 800 τῷ
1361 730 1461 798 τῆς
1494 729 1751 792 ἀσεϐείας
1783 727 1930 799 βυθῷ

343 826 740 884 κατεϐάπτισε.
779 823 892 893 Τῆς
925 822 1035 893 γὰρ
1079 821 1370 890 Ῥωμαίων
1430 819 1711 890 βασιλείας
1743 821 1929 891 Αὐρη-

342 918 546 981 λιανδς,
569 917 598 969 ὁ
631 914 726 968 τοῦ
780 912 1001 968 Σατανᾶ
1047 911 1306 982 θεράπων
1358 909 1558 980 κομιδῆ
1584 910 1835 980 γνήσιος,
1860 909 1930 962 τά

346 1008 604 1077 σκῆπτρα
629 1002 1084 1070 πεπιστευμένος,
1114 1000 1181 1054 τὰ
1212 999 1311 1069 μὲν
1348 1000 1563 1067 πρῶτα,
1599 1002 1647 1052 εί
1677 1000 1772 1052 καὶ
1820 999 1929 1051 τῶν

343 1095 582 1150 εἰδώλων
609 1094 816 1165 λάτρης
837 1092 1174 1165 θερμότατος
1201 1087 1292 1161 ἦν,
1318 1090 1433 1144 ἀλλ’
1457 1089 1548 1143 οῦν
1576 1107 1638 1159 γε
1667 1091 1711 1142 Χ
1722 1107 1920 1159 ριστια-

347 1187 469 1251 νοὺς
499 1186 651 1240 οὐδὲν
674 1186 880 1240 ἐκώλυε
903 1186 997 1238 τὸν
1023 1184 1198 1255 ἀληθῆ
1225 1183 1359 1236 Θεὸν
1387 1186 1717 1254 προσκυνεῖν
1739 1199 1752 1211 ·
1782 1178 1926 1249 εἶτα,

346 1278 450 1333 ὑπὸ
481 1278 592 1332 τῶν
638 1278 731 1333 ὑπ’
765 1276 936 1331 αὑτοῦ
985 1274 1445 1347 θεραπευομένων
1485 1274 1761 1344 δαιμόνων
1793 1275 1927 1327 ὑπο-

345 1368 586 1440 ϐληθεὶς,
613 1368 858 1431 ἅπαντας
885 1368 1014 1430 τοὺς
1060 1367 1150 1420 τὸν
1198 1364 1434 1436 Χριστὸν
1482 1365 1615 1418 δεῖν
1667 1362 1928 1434 ἀνομολο-

344 1460 597 1528 γοῦντας,
633 1456 773 1530 μετὰ
816 1458 876 1511 τὸ
925 1457 1146 1518 πολλαῖς
1176 1458 1258 1508 ὅτι
1291 1454 1527 1526 μάλιστα
1572 1454 1667 1508 καὶ
1704 1457 1927 1524 πικραῖς

344 1550 552 1603 αἰκίσαι
583 1552 702 1613 ταῖς
740 1549 1020 1620 βασάνοις,
1044 1548 1297 1619 χαλεπῶς
1332 1549 1427 1600 καὶ
1467 1546 1561 1601 τοῦ
1594 1545 1694 1617 ζῇν
1745 1545 1926 1617 ἀπήλ-

344 1639 557 1703 λαττεν,
592 1641 623 1711 ἢ
663 1640 806 1709 ξίφει
862 1642 1127 1709 ἀναιρῶν,
1169 1639 1202 1711 ἢ
1236 1638 1445 1717 θηρίοις
1504 1636 1923 1709 παραδιδοὺς,ἣ

345 1730 564 1801 manu
602 1731 696 1782 xui.
736 1730 1077 1800 βαρυτάτους
1117 1729 1300 1792 λίθους
1327 1729 1508 1781 αὐτῶν
1550 1727 1928 1799 ὲξαρτῶν,καὶ

344 1822 488 1875 οὕτω
538 1822 818 1894 θαλασσίῳ
859 1822 1251 1892 παραπέμπων
1286 1820 1456 1891 βυθῷ.
1491 1819 1772 1874 Ἐντεῦθεν
1802 1816 1927 1873 καθ’

2035 649 2198 689 secus
2265 650 2325 686 ac
2367 634 2510 687 nuda
2563 636 2835 704 quaedam,
2870 649 3058 688 eorum
3089 633 3439 698 insurrectio,
3506 649 3614 686 nou

2036 742 2239 795 paucos
2294 726 2640 780 Christianos
2699 725 2883 780 obruit
2939 725 3213 796 profundo
3296 724 3615 796 impietatis.

2031 817 2164 872 Cum
2198 818 2346 873 enim
2380 815 2723 882 Aurelianus,
2753 828 2957 873 satana:
2985 818 3141 872 valde
3177 833 3474 887 germanus
3510 819 3617 872 mi-

2032 910 2232 976 nister,
2296 913 2630 980 suscepisset
2688 922 2903 981 sceptra
2974 910 3187 979 imperii
3222 909 3613 971 Romanorum,

2030 1006 2270 1074 primum
2301 1003 2545 1072 quidem,
2603 1004 2708 1057 etsi
2766 1002 3189 1057 ardentissimus
3238 1011 3381 1056 esset
3438 1002 3617 1055 cultor

2034 1091 2476 1166 simulacrorum,
2512 1091 2857 1147 Christianos
2896 1101 3074 1146 tamen
3103 1091 3240 1145 nihil
3291 1091 3617 1161 prohibebat

2030 1198 2220 1237 verum
2257 1181 2425 1237 Deum
2472 1182 2722 1237 adorare.
2758 1182 2963 1236 Deinde
2994 1199 3116 1237 cum
3148 1183 3197 1237 id
3225 1182 3273 1237 ei
3319 1181 3617 1253 suggessis-

2028 1284 2172 1339 sent,
2205 1276 2296 1343 qui
2332 1275 2401 1329 ab
2439 1289 2506 1329 eo
2547 1275 2890 1340 colebantur,
2931 1274 3228 1335 dzemones,
3260 1288 3473 1332 omnes.
3522 1272 3614 1340 qui

2026 1364 2302 1420 Christum
2333 1364 2503 1419 Deum
2526 1364 2949 1429 conﬁtebantur,
2978 1373 3262 1435 postquam
3288 1364 3537 1434 plurimis
3562 1373 3617 1418 et

2027 1457 2399 1512 acerbissimis
2427 1457 2687 1512 allecerat
2714 1456 3018 1527 suppliciis,
3039 1458 3279 1527 graviter
3315 1457 3480 1510 etiam
3506 1457 3612 1509 vita

2027 1545 2299 1616 privabat,
2330 1556 2425 1602 aut
2486 1562 2619 1603 ense
2666 1548 3011 1613 interimens,
3032 1557 3127 1601 aut
3149 1547 3370 1601 tradens
3402 1547 3611 1607 bestiis,

2027 1645 2124 1691 aut
2156 1638 2289 1708 igni,
2325 1646 2420 1692 aut
2488 1640 2652 1694 etiam
2706 1639 3064 1710 gravissimos
3128 1640 3208 1694 eis
3289 1637 3609 1708 appendens

2028 1727 2262 1796 lapides,
2293 1737 2350 1783 et
2379 1728 2434 1782 in
2464 1730 2632 1785 maris
2677 1730 2758 1784 sic
2813 1728 3151 1798 profundum
3209 1730 3611 1784 tranSmittens.

2027 1817 2236 1872 Deinde
2269 1820 2325 1873 in
2362 1836 2689 1890 unaquaque
2719 1819 2943 1875 civitate
2971 1827 3027 1874 et
3072 1822 3312 1891 regione,
3344 1836 3467 1889 qua:
3494 1821 3614 1889 eius

346 1914 586 1982 ἑκάστην
622 1912 776 1968 πόλιν
817 1914 913 1968 καὶ
942 1911 1127 1983 χώραν
1152 1911 1394 1981 ὑποτελῆ
1416 1909 1591 1981 τούτῳ
1618 1910 1921 1981 τυγχάνου-

2039 1910 2268 1979 parebat
2297 1912 2553 1981 imperio,
2592 1911 2646 1966 in
2678 1910 2800 1966 l‘oro
2829 1911 3058 1981 impium
3091 1926 3407 1981 praponens
3458 1911 3607 1967 edic-

346 2020 445 2056 σαν
500 2006 563 2056 τ’)
628 2004 827 2066 ἀσεόὲς
888 2003 979 2056 ἐπ’
1029 2004 1240 2073 ἀγορᾶς
1296 2003 1576 2072 προτιθεὶς
1622 2001 1922 2071 διάταγμα,

344 2096 550 2164 σπουδῇ
580 2097 816 2167 παρῄνει
856 2096 926 2149 τὰ
975 2095 1388 2165 κεκελευσμένα
1438 2095 1636 2147 ποιεῖν.
1685 2088 1797 2146 Ἦν
1830 2089 1927 2146 οὖν

344 2181 472 2233 ίδεῖν
504 2182 759 2256 καθάπερ
787 2182 969 2238 λύκων
998 2182 1193 2253 ἑσμοῦ,
1239 2183 1463 2253 μεγάλῳ
1513 2181 1928 2246 ἐπεισελθόντος

341 2274 599 2342 ποιμνίῳ,
627 2274 695 2328 τά
741 2274 836 2328 τοῦ
899 2274 1157 2344 ἀληθινοῦ
1218 2275 1483 2344 Ποιμένος
1537 2275 1661 2345 τῇδε
1699 2274 1927 2327 κακεῖσε

339 2364 770 2436 διασπειρόμενα
819 2365 1138 2436 θρέμματα.
1188 2366 1346 2419 Ὅσοι
1388 2366 1487 2437 μὲν
1520 2367 1630 2437 γάρ
1678 2365 1739 2417 τὸ
1768 2364 1927 2419 ἄθεον

351 2457 531 2510 ἐκεῖνο
615 2456 850 2526 δημοσίᾳ
909 2456 1334 2527 προτεθειμένον
1413 2457 1928 2526 προανεγνώκεισαν

339 2546 778 2616 πρόγραμμα,οί
812 2548 911 2615 μὲν
950 2548 1180 2618 δρασμῷ
1217 2546 1557 2617 χρησάμενοι
1589 2546 1820 2617 ᾤχοντο,
1876 2547 1926 2600 ot

338 2637 418 2701 δὲ,
471 2638 663 2706 μυχοῖς
718 2639 780 2691 τὸ
842 2641 1107 2710 πρότερον
1162 2640 1604 2708 ἐγκλεισάμενοι,
1665 2635 1766 2690 εἶθ’
1823 2640 1928 2692 ὑπὸ

338 2730 510 2783 νύκτα
546 2729 1043 2798 διαδιδράσκουσι-,ο
1076 2733 1125 2783 οί
1165 2732 1242 2795 δὲ,
1266 2731 1481 2800 ἀθρόως
1530 2730 1589 2795 ἐξ
1638 2730 1811 2799 αὐτῆς
1850 2733 1929 2784 οὶ-

340 2823 464 2884 κξας
506 2821 960 2889 κατασχεθέντες,
981 2823 1073 2873 ἐπὶ
1093 2823 1153 2874 τὸ
1179 2821 1552 2891 δεσμωτήριον
1569 2824 1787 2891 inm/10'
1811 2820 1932 2874 ἔτε-

343 2929 430 2982 ροι
452 2915 533 2979 δὲ,
565 2913 700 2983 μηδὲ
735 2914 834 2975 τὰς
879 2913 1101 2985 πρώτας
1134 2914 1533 2983 ὑπομείναντες
1598 2914 1926 2983 ἐρωτήσεις,

342 3004 450 3072 φεῦ
500 3004 850 3075 ψυχοφθόρου
907 3004 1183 3068 ἀπωλείας
1216 3006 1229 3059 l
1259 3005 1484 3066 ἑαυτοὺς
1522 3005 1838 3071 ἑνεγκόντες
1860 3005 1926 3074 τῇ

339 3092 520 3161 πλάνῃ
556 3093 1031 3147 κατεδουλώσαντο
1054 3135 1068 3159 ,
1098 3094 1191 3146 τὸν
1221 3093 1316 3146 νῦν
1358 3095 1752 3164 ἀγαπήσαντες
1786 3095 1928 3147 κατὰ

337 3182 437 3238 τὸν
464 3186 654 3254 Δημᾶν
677 3186 871 3253 αἰῶνα,
890 3187 982 3238 καὶ
1006 3185 1242 3254 Χριστὸν
1272 3188 1403 3240 ἄνευ
1437 3187 1702 3240 κ.νδύνων
1728 3187 1924 3256 ἐξομο-

2032 2009 2170 2065 tum,
2200 2002 2522 2058 hortabatur
2582 2002 2870 2074 diligenter
2900 2002 3125 2072 exsequi
3151 2018 3235 2068 ea,
3287 2020 3411 2074 qum
3456 2004 3609 2074 jussa

2029 2091 2274 2147 fuerant.
2306 2094 2531 2149 Licebat
2563 2109 2696 2165 ergo
2731 2095 2940 2162 videre,
2979 2095 3207 2166 perinde
3241 2111 3304 2151 ac
3328 2096 3373 2149 si
3418 2111 3610 2166 agmen

2027 2184 2283 2255 luporum
2314 2185 2371 2240 in
2406 2201 2664 2256 magnum
2703 2202 2918 2259 gregem
2962 2187 3234 2250 irruisset,
3266 2187 3378 2241 veri
3422 2194 3610 2256 pasto-

2029 2277 2107 2331 ris
2141 2292 2276 2333 oves
2322 2277 2432 2332 huc
2471 2288 2526 2333 et
2584 2278 2714 2335 illuc
2760 2278 3023 2349 dispergi.
3079 2277 3404 2348 Quicunque
3462 2278 3608 2332 enim

2030 2369 2158 2422 illud
2194 2369 2422 2439 impium
2475 2369 2692 2438 publice
2751 2370 3094 2439 propositum
3156 2370 3396 2424 edictum
3460 2370 3611 2440 prius

2028 2458 2298 2529 legerant,
2332 2460 2423 2513 alii
2466 2460 2689 2529 quidem
2743 2459 2870 2530 fuga
2934 2460 3039 2515 sibi
3076 2461 3437 2516 consulebant
3471 2480 3484 2516 :
3517 2462 3609 2515 alzi

2030 2561 2217 2605 autem
2256 2552 2409 2620 prius
2442 2551 2637 2606 inclusi
2669 2552 3063 2621 penetralibus.
3099 2553 3299 2608 deinde
3339 2552 3442 2607 sub
3474 2568 3609 2607 noc-

2034 2649 2141 2693 tem
2177 2640 2554 2707 cliugiebant:
2591 2640 2684 2695 alii
2723 2638 2854 2697 vero
2914 2651 3139 2711 repente
3180 2642 3235 2695 in
3294 2642 3411 2711 ipsa
3446 2643 3610 2697 domo

2027 2733 2415 2801 comprehensi
2449 2733 2792 2787 ducebantur
2824 2733 2878 2786 in
2910 2747 3185 2786 carcerein
3216 2748 3230 2786 :
3262 2733 3357 2786 alii
3400 2744 3608 2795 autem.

2029 2843 2156 2882 cum
2205 2845 2307 2883 nec
2338 2830 2546 2899 primas
2597 2830 2816 2899 quidem
2866 2828 3263 2883 sustinuissent
3303 2829 3609 2899 interroga-

2032 2921 2213 2976 tiones
2263 2924 2337 2992 (ο,
2378 2923 2471 2990 qui
2514 2922 2752 2975 animam
2782 2920 3002 2990 'perdit,
3059 2920 3386 2987 interitum),
3437 2921 3608 2974 errori

2028 3014 2243 3082 scipsos
2282 3012 2693 3080 mancipabaut,
2727 3012 2873 3081 quod
2906 3026 3052 3065 nunc
3090 3020 3193 3075 cst,
3225 3011 3268 3065 si
3304 3021 3362 3064 ut
3394 3009 3607 3073 Demas,

2038 3104 2301 3159 sacculum
2352 3104 2662 3173 diligentes,
2711 3112 2768 3157 et
2822 3104 3103 3157 Christum
3173 3103 3289 3157 sine
3355 3104 3610 3172 periculis

2030 3194 2350 3264 abjurantes
2395 3192 2528 3248 :alii
2566 3208 2691 3246 cum
2724 3194 2841 3245 zelo
2888 3192 3110 3262 pietatis
3153 3192 3364 3246 animas
3406 3195 3611 3245 conlir.

343 3276 605 3345 σάμενοι·
658 3278 833 3343 ἄλλοι,
882 3277 960 3348 τῷ
998 3279 1095 3347 τῆς
1122 3278 1376 3340 ἀσεὸείας
1400 3277 1548 3347 ζήλῳ
1594 3278 1692 3341 τὰς
1740 3279 1919 3347 ψυχὰς

2023 3284 2370 3353 massent,§ad
2393 3283 2633 3352 judicem
2662 3298 2760 3338 sua
2784 3291 2979 3352 sponte
2995 3282 3346 3347 accedebant,
3365 3282 3609 3338 dicentes

339 3367 772 3438 ἐπιρράψαντες.
816 3373 975 3421 ποσὶν
1037 3368 1370 3437 αὐτομάτοις,
1426 3368 1803 3439 προσήρχοντο
1841 3366 1918 3437 τῷ

337 3457 632 3522 δικάζοντι.
656 3458 865 3529 ἕτοιμοι
892 3459 1141 3527 λέγοντες
1171 3457 1314 3511 εἶναι
1348 3461 1530 3522 πάσας
1562 3476 1620 3510 τε
1648 3461 1918 3527 βασάνους

340 3549 665 3619 ὑπενεγκεῖν
690 3552 784 3605 καὶ
809 3550 953 3604 οὕτω
1001 3554 1097 3604 τοῦ
1146 3549 1244 3622 ζῇν
1300 3550 1491 3620 βιαίως
1525 3550 1856 3615 ὑπεξελθεῖν,
1882 3551 1916 3621 ἢ

340 3642 439 3707 τῆς
467 3642 546 3703 είς
576 3643 808 3712 Χριστὸν
834 3643 1071 3705 πίστεως
1104 3646 1383 3696 ἐκπεσεῖν.

412 3728 489 3785 Γ.
518 3731 650 3784 Τότε
690 3732 757 3802 δὴ
801 3733 925 3786 τότε
949 3732 1041 3786 καὶ
1085 3733 1230 3789 κατά
1276 3731 1375 3803 τὴν
1451 3731 1714 3786 ἰκονιέων
1766 3731 1919 3786 πόλιν

334 3822 437 3889 τῆς
470 3822 765 3876 Λυκαόνων
800 3824 1071 3895 ἐπαρχίας
1126 3822 1222 3877 τοῦ
1258 3822 1463 3878 τοιοῦδε
1500 3821 1918 3893 διαγγελθέντος

338 3913 796 3985 προστάγματοςο
854 3913 977 3981 ἥτις
1052 3916 1147 3968 καὶ
1224 3916 1426 3986 πατρνς
1477 3916 1795 3985 Χαρίτωνος
1823 3910 1916 3987 ἧν,

338 4003 528 4075 ἔπειδή
580 4008 700 4068 ταῖς
757 4005 851 4060 τοῦ
901 4007 1153 4078 Σωτῆρος
1196 4008 1437 4071 ἐντολαῖς
1489 4008 1517 4060 ὁ
1550 4006 1721 4077 μέγας
1762 4005 1918 4068 οὗτος

336 4095 846 4165 περιλαμπόμενος,
898 4099 1227 4170 περιϐόητος
1259 4098 1462 4151 ἅπασιν
1493 4099 1789 4167 ἐτύγχανεν
1817 4095 1916 4164 ὢν,

336 4185 680 4255 ἁνάρπαστος
701 4188 862 4252 εὐθὺς
885 4190 977 4241 ἐπὶ
1004 4190 1064 4242 τὸ
1080 4189 1175 4244 τοῦ
1209 4189 1438 4253 ἀσεὸοῦς
1490 4188 1748 4260 ἄρχοντος
1788 4188 1919 4259 ἄγε-

334 4291 424 4329 ται
460 4273 631 4346 βῆμα.
666 4277 831 4332 Ἀλλά
852 4279 1175 4349 ἀκούσωμεν
1200 4276 1290 4333 οἷα
1309 4278 1664 4349 ἐρωτώμενος
1684 4282 1714 4333 ὁ
1736 4279 1915 4348 ἅγιος,

333 4366 424 4426 οἷα
465 4373 607 4442 μετὰ
657 4371 974 4443 παρρησίας
1028 4371 1348 4441 ἐφθέγγετο.
1375 4371 1441 4422 Τί
1472 4366 1567 4424 οὖν
1598 4375 1625 4424 ὁ
1656 4370 1914 4441 ἠγεμώνς

335 4463 602 4533 πρότερον
624 4461 676 4515 τί
730 4461 903 4531 ὄνομα
941 4462 1091 4532 αύτῷ
1125 4461 1366 4532 διηρώτα
1422 4464 1517 4515 καὶ
1564 4464 1650 4526 τίς
1705 4466 1738 4533 η
1781 4463 1917 4534 θρη-

338 4552 496 4605 σκεία
522 4570 535 4583 ’
558 4553 633 4615 ώς
660 4552 717 4606 δὲ
745 4552 1079 4623 Χριστιανὸν
1096 4548 1262 4619 εἶναι,
1288 4552 1474 4606 καὶτὰ
1505 4554 1698 4645 πρῶτα
1727 4554 1914 4622 φέρειν
1947 4590 1991 4645 D

335 4644 433 4714 τῆς
454 4644 751 4714 είρημένης
780 4644 1051 4713 ἐμάνθανε
1074 4643 1303 4710 πόλεως,
1322 4645 1386 4695 Τί
1407 4644 1634 4713 δήποτε,
1664 4637 1709 4697 ὧ
1734 4641 1911 4710 οῦτο;,

297 4721 310 4736 ’
333 4735 461 4805 εφη,
491 4739 612 4798 ταῖς
653 4734 745 4788 τοῦ
778 4735 1071 4806 κρατίστου
1100 4734 1369 4802 βασιλέως
1416 4736 1914 4804 ἀντιφθεγγόμενος

334 4826 557 4897 ψήφοις,
584 4829 698 4888 τοῖς
745 4825 1034 4888 ἀθανάτοις
1068 4824 1217 4878 θύειν
1262 4826 1465 4895 ἣκιστα
1516 4824 1697 4895 βούλει
1730 4827 1909 4891 θεοῖςς

350 4914 646 4987 Ἐπειδὴλού
678 4915 813 4977 θεοὶ,
835 4911 882 4969 ὧ
910 4917 1163 4981 ὑπατικὲ,
1195 4915 1246 4967 oi
1268 4917 1376 4968 θεοὶ
1412 4915 1588 4986 ὑμῶν,
1613 4919 1640 4968 ό
1666 4917 1913 4983 γενναῖος

341 5010 548 5078 μάρτυς
586 5008 682 5060 τοῦ
737 5008 975 5079 Χριστοῦ
1034 5007 1389 5075 ἀπεκρίνατο,
1430 5006 1680 5075 δαιμόνια
1712 5007 1769 5060 δὲ
1814 5024 1913 5060 πο·-

336 5102 593 5170 νηρὰ,ώς
627 5101 724 5155 καὶ
772 5103 841 5153 τὰ
892 5102 1013 5154 θεῖά
1064 5118 1200 5173 φησι
1249 5101 1423 5170 λόγια,
1477 5101 1560 5155 ὅτι
1603 5100 1807 5162 Πάντες
1859 5100 1909 5153 oi

333 5193 447 5244 θεοὶ
481 5192 588 5243 τῶν
616 5193 787 5245 ἐθνῶν
816 5194 1132 5264 δαιμόνια,ό
1156 5194 1211 5246 δὲ
1249 5194 1456 5263 Κύρως
1487 5193 1613 5255 τοὺς
1636 5194 1904 5263 οὐρανοὺς

332 5285 579 5354 εποίησε.
618 5285 729 5337 Καὶ
760 5284 987 5352 ἑτέρωθι
1018 5300 1031 5314 ·
1054 5285 1197 5350 Θεοὶ,
1224 5284 1275 5336 οἳ
1310 5285 1401 5338 τὸν
1423 5285 1651 5353 οὐρανὸν
1695 5286 1790 5337 καὶ
1816 5287 1910 5354 τὴν

332 5378 436 5448 γῆν
456 5378 559 5429 οὐκ
589 5376 880 5445 ἐποίησαν,
907 5376 1318 5431 άπολέσθωσαν.
1340 5377 1508 5431 Αὐτοὶ
1537 5375 1719 5430 τοίνυν
1743 5379 1908 5446 ὑμᾶς,

328 5473 456 5531 τοὺς
493 5469 570 5537 μὴ
614 5467 1010 5537 δοκιμάζοντας
1042 5468 1136 5520 τὸν
1164 5468 1320 5531 Θεὸν,
1457 5485 1625 5539 φησιν
1682 5472 1711 5523 ὁ
1752 5470 1913 5524 Ἀπό-

331 5559 544 5623 στολος,
569 5559 713 5629 ἔχειν
759 5563 819 5613 ιν
851 5560 1169 5628 ἐπιγνώσει,
1205 5560 1454 5614 πείθουσι
1485 5561 1642 5623 θεοὺς
1686 5560 1911 5625 τούτους

329 5654 585 5723 ἡγεῖσθαι
625 5653 772 5707 δυοῖν
800 5655 983 5725 χάριν,
1030 5652 1099 5705 ἵν’
1133 5654 1291 5706 αὐτοὶ
1323 5654 1421 5724 μὲν
1459 5657 1524 5725 τῇ
1567 5655 1910 5726 προσηγορία

327 5743 504 5816 ταύτῃ
535 5743 882 5809 δοξάζοιντοθ
903 5744 1123 5815 ἥδονται
1152 5746 1282 5815 γὰρ,
1310 5747 1406 5801 ἅτε
1458 5745 1684 5817 πλήρεις
1715 5747 1908 5811 αλαξοσ

326 5839 478 5902 νείας
502 5838 682 5904 ὄντες,
711 5836 788 5900 ὡς
833 5836 947 5889 θεοὶ
982 5838 1319 5910 τιμώμενοι·
1353 5839 1495 5909 ὑμᾶς
1527 5839 1605 5908 δὲ,
1631 5838 1725 5903 οὓς
1757 5842 1903 5909 ἠπα-

2019 3388 2080 3428 se
2104 3388 2225 3429 esse
2259 3381 2479 3443 paratos
2521 3373 2587 3426 ad
2622 3372 2806 3426 omnia
2843 3371 3064 3425 ferenda
3102 3380 3392 3435 tormenta,
3442 3382 3495 3426 et
3528 3372 3628 3425 sic.

2019 3479 2119 3533 per
2179 3465 2287 3518 vim
2335 3464 2447 3518 vita
2502 3463 2772 3518 excedere
2830 3463 3013 3533 potius
3070 3478 3234 3532 quam
3293 3481 3324 3518 ει
3395 3463 3499 3518 llde
3553 3466 3608 3516 in

2017 3554 2298 3609 Christum
2333 3557 2611 3610 excidere.

2094 3733 2182 3787 Ill.
2213 3731 2390 3797 Tunc,
2423 3742 2551 3786 tunc
2586 3731 2752 3786 etiam
2793 3730 2848 3784 in
2882 3730 3102 3785 civitate
3155 3728 3425 3785 lconiensi
3466 3747 3598 3801 pro-

2019 3826 2213 3880 vincia
2240 3823 2511 3894 Lycaonia
2548 3824 2653 3877 hoc
2705 3822 3031 3875 annuntiato
3070 3820 3268 3886 edicto,
3314 3836 3436 3889 qua:
3477 3822 3602 3890 qui-

2021 3919 2143 3972 dem
2207 3925 2327 3970 erat
2376 3915 2551 3985 patria
2625 3913 2961 3975 Charitonis,
3012 3912 3270 3980 quoniam
3335 3914 3603 3967 mandatis

2022 4007 2328 4063 Salvatoris
2360 4007 2451 4060 hic
2488 4007 2569 4059 vir
2609 4020 2840 4076 magnus
2886 4004 3247 4071 illuminatus,
3273 4005 3456 4059 clarus
3485 4016 3602 4059 erat

2019 4098 2163 4168 apud
2197 4112 2412 4161 omnes,
2470 4104 2729 4165 arreptus
2767 4096 2951 4149 statim
3000 4093 3220 4149 ducitur
3250 4094 3320 4148 ad
3363 4092 3601 4147 tribunal

2021 4189 2174 4259 impii
2216 4187 2489 4258 praesidis.
2522 4186 2629 4242 Sed
2661 4186 2972 4251 audiamus,
3006 4200 3131 4241 cum
3167 4195 3372 4255 quanta
3423 4185 3600 4239 inter-

2019 4288 2240 4350 rogatus
2300 4277 2534 4332 Sauctus
2588 4276 2915 4347 loquebatur
2994 4276 3211 4331 ﬁducia.
3271 4275 3414 4344 Quid
3472 4291 3601 4346 ergo

2018 4370 2265 4442 praeses?
2302 4370 2456 4423 Prius
2500 4369 2875 4440 interrogavit,
2916 4370 3059 4438 quod
3096 4378 3241 4423 esset
3281 4368 3334 4422 ei
3377 4383 3597 4431 nomen,

2019 4475 2076 4519 et
2105 4481 2225 4534 qua:
2258 4463 2469 4532 religio.
2506 4462 2798 4532 Postquam
2852 4471 3034 4515 autem
3080 4475 3203 4515 esse
3225 4459 3598 4515 Christianum

2020 4554 2319 4615 intellexit,
2361 4564 2415 4606 et
2450 4555 2655 4622 priuas
2699 4552 2949 4606 obtinere
2981 4560 3164 4620 partes
3213 4550 3270 4604 in
3321 4551 3541 4605 civitate
3581 4566 3595 4601 :

2020 4647 2221 4714 Quare,
2272 4643 2468 4712 inquit,
2525 4656 2561 4696 o
2591 4651 2668 4706 tu,
2720 4642 3008 4695 sententiae
3038 4656 3103 4695 ac
3156 4642 3380 4695 decreto
3437 4655 3599 4709 repu-

2013 4753 2193 4810 gnans
2219 4735 2590 4804 imperatoris,
2624 4732 2849 4787 minime
2880 4732 2962 4787 vis
3014 4731 3324 4785 sacriﬁcare
3347 4729 3456 4784 diis
3489 4729 3596 4783 im-

2013 4829 2377 4885 mortalibus?
2411 4827 2684 4894 Quouiam
2714 4838 2825 4880 non
2867 4833 2999 4879 sunt
3026 4824 3125 4888 dii,
3175 4837 3210 4877 ο
3265 4820 3592 4882 consularis,

2012 4922 2183 4977 vestri
2214 4920 2312 4985 dii,
2348 4920 2634 4989 respondit
2662 4931 2965 4989 generosus
2990 4914 3196 4970 Christi
3243 4923 3467 4986 martyr,
3496 4912 3593 4967 sed

2012 5014 2157 5068 mala
2197 5013 2490 5075 daemonia,
2522 5011 2669 5066 sicut
2693 5009 2887 5063 dicunt
2922 5007 3106 5069 divina
3140 5004 3360 5073 eloquia
3398 5018 3413 5058 :
3460 5002 3592 5058 Om-

2013 5118 2114 5157 nes
2137 5102 2211 5157 dii
2246 5103 2490 5173 gentium
2536 5099 2826 5163 daemonia,
2880 5098 3140 5155 Dominus
3192 5104 3375 5151 autem
3423 5094 3591 5152 colos

2012 5191 2160 5247 fecit.
2197 5192 2262 5246 Et
2291 5192 2422 5246 alibi
2456 5207 2472 5243 :
2503 5190 2609 5254 Dii,
2635 5190 2727 5259 qui
2761 5188 2958 5243 coelum
2989 5196 3045 5242 et
3071 5196 3269 5242 terram
3299 5199 3410 5240 non
3445 5185 3592 5241 ieco-

2014 5291 2166 5349 runt,
2199 5290 2446 5352 pereant.
2496 5281 2607 5350 Ipsi
2659 5293 2792 5349 ergo
2838 5278 3016 5341 vobis.
3054 5276 3149 5346 Qui
3206 5291 3315 5331 non
3348 5275 3590 5345 probatis

2014 5376 2215 5440 Deum,
2240 5385 2301 5431 ut
2325 5378 2403 5428 ait
2430 5375 2745 5443 Apostolus,
2799 5372 3000 5425 habere
3042 5368 3100 5423 iu
3129 5369 3431 5438 agnitione,
3461 5381 3592 5436 per-

2012 5468 2245 5526 suadent
2298 5480 2397 5520 eos
2452 5465 2586 5520 deos
2632 5463 2950 5517 existimare
2991 5460 3208 5517 duabus
3272 5460 3341 5515 de
3384 5457 3586 5524 causis,

2013 5575 2213 5630 nempe
2254 5569 2312 5614 ut
2342 5557 2446 5628 ipsi
2476 5556 2698 5626 quidem
2747 5554 3124 5626 gloriﬁcentur
3178 5555 3280 5607 bac
3331 5552 3586 5621 appella—

2013 5655 2185 5718 tione,
2220 5650 2480 5721 (gaudent
2507 5647 2676 5713 enini,
2711 5655 2769 5700 ut
2796 5645 2891 5714 qui
2925 5646 3040 5700 sint
3082 5643 3226 5714 pleni
3253 5640 3586 5712 arrogantia.

2012 5763 2072 5804 se
2100 5760 2358 5813 tanquam
2391 5744 2527 5795 deos
2551 5738 2854 5805 honorari),
2886 5751 2980 5790 vos
3012 5745 3216 5798 autem,
3251 5748 3391 5804 quos
3418 5732 3589 5788 decec

2012 5844 2232 5907 perunt,
2263 5833 2539 5887 attrahunt
2570 5831 2627 5884 in
2660 5829 2764 5884 sibi
2817 5836 3066 5897 paratum
3116 5826 3318 5897 ignem,
3348 5824 3441 5895 qui
3471 5838 3585 5880 non
