4060 6454
460 387 569 450 903

1698 381 1978 440 MENSIS
2020 379 2493 441 SEI‘TEMBER.

3623 372 3724 436 θυι

461 490 848 562 exstinguitur.
892 489 1099 545 Pracses
1128 489 1265 544 dixit
1294 508 1307 544 :
1345 489 1635 560 Oporteret
1653 488 1869 556 quidem
1896 485 2040 540 indi-

2146 486 2398 554 τήκπισιν,
2427 487 2509 542 είς
2546 484 2606 537 τὺ
2632 483 3037 554 ἡτοιμασμένον
3069 486 3253 548 αὐτοῖς
3280 483 3543 539 ἄσϐεστον
3567 484 3730 536 ἑλιύ·

463 581 640 651 gnari,
675 588 731 635 et
762 580 1013 649 protinus
1038 578 1133 633 tibi
1169 578 1419 632 ultimum
1452 576 1651 630 inferre
1694 574 2039 644 supplicium,

466 671 559 741 qui
596 671 700 725 diis
729 669 1204 739 omnipotentibus
1232 668 1305 721 ita
1346 666 1695 723 insultaveris
1731 680 1745 718 :
1784 664 1878 720 sed
1905 679 2041 733 quo-

468 764 614 817 niam
641 763 676 818 ii
714 770 842 816 sunt
873 761 1098 831 placidi,
1130 769 1184 815 et
1234 761 1303 815 ad
1337 762 1472 813 iram
1503 774 1612 813 non
1647 757 1925 828 propensi,
1950 770 2044 810 eos

466 870 567 925 ego
589 868 806 924 quoque
845 852 900 906 in
934 853 1225 923 prmsentia
1277 852 1520 914 imitans,
1550 864 1802 921 suggero,
1858 861 1918 903 ut
1959 847 2041 902 fa-

466 946 582 999 cias
612 945 687 1008 id,
739 943 882 1012 quod
927 943 1025 996 tibi
1080 943 1360 997 conducit.
1416 941 1549 996 Illud
1599 951 1777 995 autem
1823 949 1927 1003 est,
1958 947 2040 1004 ut,

469 1038 649 1108 longis
684 1037 891 1092 relictis
926 1034 1290 1101 orationibus,
1324 1035 1429 1090 diis
1458 1033 1657 1088 oﬂ‘eras
1691 1030 2041 1087 sacriﬁcium.

473 1128 565 1182 Sic
593 1128 738 1182 enim
773 1127 873 1182 tibi
905 1127 1092 1182 licebit
1124 1126 1338 1181 laudem
1371 1139 1565 1195 parare
1593 1138 1660 1178 ex
1690 1123 2039 1194 imperatore.

536 1392 627 1450 ιν.
686 1393 785 1449 Sin
821 1392 859 1447 ii
893 1391 1117 1461 quidem
1157 1398 1286 1445 sunt
1340 1388 1458 1445 haec
1511 1386 1674 1442 surda
1724 1396 1778 1441 et
1836 1384 2040 1447 inania,

469 1485 761 1557 respondit
798 1483 1001 1540 Christi
1031 1496 1250 1546 servus,
1282 1495 1394 1534 non
1433 1487 1583 1533 recte
1634 1477 1787 1539 facis,
1836 1490 1870 1529 ο
1910 1491 2048 1531 con-

469 1576 690 1639 sularis,
742 1574 934 1628 leviter
978 1570 1161 1627 ferens
1189 1585 1304 1633 eas,
1336 1568 1536 1639 quibus
1578 1567 1844 1620 allicimus
1873 1564 2043 1633 ipsos,

468 1664 855 1724 contumelias.
886 1663 983 1717 Sin
1014 1671 1198 1716 autem
1237 1675 1343 1714 non
1375 1668 1504 1714 sunt
1535 1656 1630 1721 dii,
1677 1657 1817 1710 sicut
1858 1669 2044 1709 revera

2148 591 2282 628 σωσι
2317 575 2451 646 πῦρ.
2492 574 2793 646 Ὀἡγεμὼν
2826 575 2930 646 ἔφη
2956 594 2971 607 ο
3015 577 3332 646 ’Δσχάλλειν
3368 577 3466 645 μὲν
3493 576 3601 629 ἔδει
3631 577 3727 629 καὶ

2143 665 2243 735 τὴν
2269 667 2507 735 ἐσχάτην
2551 667 2715 727 εὐθὺς
2761 667 2989 735 ἐπάγειν
3042 684 3126 720 σοι
3158 667 3455 735 τιμωρίαν,
3487 667 3569 728 είς
3597 666 3726 728 τοὺς

2145 753 2586 824 παντοδυνάμους
2617 752 2790 818 οὕτως
2821 754 3324 825 ἑμπεπαρῳνηκότι
3356 751 3547 813 θεούς·
3586 750 3725 819 πλὴν

2146 847 2270 899 ἐπεὶ
2318 845 2577 916 μειλίχιοι
2628 840 2775 900 obs):
2812 847 2911 900 καὶ
2939 846 3062 899 λίαν
3097 846 3383 915 ἀόργητοι,
3405 844 3634 907 τούτους
3668 845 3727 894 ὲν

2143 935 2223 1001 τῷ
2278 937 2507 1004 παρόντι
2543 937 2635 991 καὶ
2674 937 2834 1000 αὐτὸς
2871 937 3279 1007 μιμησάμενος,
3308 935 3370 989 τὸ
3412 932 3727 989 λυσιτελοῦν

2147 1042 2233 1079 σοι
2266 1030 2440 1079 ποιεῖν
2474 1026 2797 1097 ὑποτίθημι.
2820 1028 2893 1080 Ἰὺ
2922 1028 2980 1081 δέ
3004 1030 3145 1094 ἐστι,
3169 1026 3297 1091 τοὺς
3348 1027 3596 1097 μακροὺς
3629 1028 3728 1080 ἐά-

2146 1133 2315 1170 σαντα
2345 1118 2560 1184 λόγους,
2585 1121 2702 1182 τοῖς
2735 1118 2878 1182 θεοῖς
2908 1120 3099 1174 θυσίαν
3126 1119 3552 1189 προσενεγκεῖνο
3579 1116 3727 1172 οὕτω

2144 1206 2255 1278 γάρ
2286 1206 2503 1273 ἐξέσται
2549 1224 2634 1262 σοι
2665 1209 2929 1280 κερδῆσαι
2968 1211 3063 1264 καὶ
3091 1210 3152 1263 τὸ
3189 1208 3287 1264 τοῦ
3333 1208 3605 1280 βασιλέως
3634 1226 3725 1277 φι-

2144 1298 2388 1370 λότιμον.

2215 1394 2289 1446 Δ’.
2317 1392 2380 1444 Εἰ
2430 1392 2530 1461 μὲν
2585 1392 2698 1446 θεοὶ
2754 1393 2914 1447 ταυτὶ
2950 1392 3022 1445 τὰ
3063 1391 3222 1460 κωφά
3249 1408 3310 1445 τε
3343 1390 3441 1445 καὶ
3465 1389 3725 1461 “Atan

2147 1482 2403 1552 θεράπων
2432 1484 2768 1554 ἁπεκρίνατο
2802 1484 2897 1538 τοῦ
2937 1484 3202 1556 Χριστοῦ,
3227 1484 3329 1537 οὐκ
3350 1481 3412 1537 εὖ
3432 1499 3497 1550 γε
3526 1484 3724 1544 ποιεῖς,

2147 1573 2405 1638 ύπατικὲ,
2431 1574 2802 1647 μακροθυμῶν
2840 1575 2926 1645 ἐφ’
2958 1569 3047 1639 αἷς
3073 1591 3181 1645 περ
3212 1575 3400 1635 αὐτοῖς
3439 1574 3726 1643 ἐπάγομεν

2147 1662 2375 1734 ύόρεσιν
2401 1681 2414 1695 ·
2466 1669 2516 1717 εἰ
2562 1666 2620 1718 δὲ
2664 1664 2917 1737 μὴσθεοὶ,
2943 1665 3134 1736 ὥσπερ
3166 1666 3288 1720 οὐδὲ
3319 1665 3421 1736 τῆς
3464 1664 3728 1734 ἀληθείας

469 1776 578 1816 non
608 1765 758 1823 sunt,
799 1768 1007 1812 temere
1037 1752 1283 1817 minaris,
1315 1762 1372 1807 et
1423 1760 1476 1807 te
1519 1750 1795 1806 incassum
1857 1750 2044 1819 inique

2148 1753 2286 1819 θεοὶ,
2326 1754 2506 1825 μάτην
2563 1756 2809 1819 ἀπειλεῖς
2860 1756 2971 1827 ἄρα
3024 1758 3119 1809 καί
3162 1754 3422 1824 διακενῆς
3475 1755 3726 1822 άνομεῖςο

466 1851 633 1923 geris.
688 1847 773 1903 Me
828 1847 975 1901 enim
1041 1859 1153 1899 non
1219 1843 1401 1898 vincet
1482 1841 1650 1896 ullum
1715 1838 2039 1909 periculum,

2159 1819 2429 1914 Ἐμὲ·γὰρ
2460 1819 2559 1915 οὐχ
2582 1845 2797 1915 αἱρήσει
2833 1819 3072 1907 κίνδυνος
3105 1844 3303 1910 οὐδεὶς,
3326 1819 3446 1897 ούδὲ
3470 1819 3650 1897 πείσει
3670 1858 3726 1893 τι

467 1954 646 2011 neque
672 1937 969 2008 quidquam
1024 1933 1379 2006 persuadebit
1427 1947 1494 1986 ex
1534 1929 1818 1993 omnibus,
1874 1926 2044 1982 Deum

463 2031 685 2103 quidem
733 2028 1044 2095 relinquere
1093 2024 1393 2088 viventem,
1446 2022 1710 2076 scelestos
1759 2029 1938 2073 autem
1992 2027 2046 2070 et

467 2118 684 2172 invidos
709 2114 959 2170 venerari
993 2114 1292 2167 daemones.
1336 2111 1474 2165 Nam
1507 2110 1625 2177 ipse
1668 2123 1885 2178 quoque
1923 2121 2042 2162 sum

468 2208 776 2278 discipulus
825 2207 1066 2271 Theelte,
1104 2219 1226 2275 quae
1290 2205 1464 2258 instar
1492 2204 1778 2257 luminaris
1834 2202 1887 2256 in
1942 2201 2046 2255 hac

470 2302 694 2356 civitate
722 2297 1093 2352 lconiensium
1127 2294 1441 2364 resplendet
1476 2293 1860 2363 splendoribus
1898 2306 2042 2345 mar-

467 2391 597 2461 tyrii
632 2408 647 2444 :
689 2398 744 2445 et
764 2387 918 2442 Pauli
948 2386 1131 2458 magni
1161 2385 1433 2456 praeconis
1458 2385 1729 2449 veritatis,
1754 2385 1845 2454 qui
1872 2384 2044 2453 ipsam

472 2496 694 2552 quoque
726 2479 1010 2541 instruxit,
1044 2489 1099 2533 et
1136 2478 1421 2533 adornavit
1448 2477 1514 2531 ad
1543 2476 1839 2531 conamina
1877 2491 2044 2544 prop-

471 2582 553 2626 ter
573 2571 852 2626 Christum
881 2568 1254 2639 suscipienda.
1284 2567 1350 2623 Et
1381 2569 1504 2623 ideo
1535 2581 1636 2635 ego
1670 2582 1887 2637 quoque
1916 2581 2043 2620 cum

468 2665 594 2734 ipso
620 2662 785 2718 hodie
826 2663 954 2717 dico
1009 2679 1022 2715 :
1067 2660 1202 2728 Quis
1248 2675 1336 2716 me
1370 2660 1649 2730 separabit
1698 2674 1729 2714 a
1781 2657 2045 2714 charitate

469 2754 607 2810 Dei?
663 2754 964 2819 tribulatio,
1025 2770 1096 2808 an
1144 2753 1414 2826 angustia,
1470 2767 1539 2807 an
1592 2751 1921 2823 persecutio,
1975 2766 2044 2806 an

467 2847 802 2917 periculum,
837 2861 907 2900 an
944 2845 1188 2917 gladius,
1218 2860 1286 2899 an
1329 2843 1530 2914 aliquid
1575 2842 1725 2898 aliud
1755 2857 1821 2898 ex
1870 2841 2047 2897 omni-

467 2938 617 2994 bus?
646 2937 789 3009 Dixit
818 2952 1023 3008 praeses
1057 2954 1071 2992 :
1106 2935 1163 2991 Si
1193 2951 1306 2991 non
1336 2946 1467 2990 sunt
1496 2934 1596 3003 dii,
1628 2942 1691 2989 ut
1718 2933 1878 2997 dicis,
1903 2947 2045 3004 quos

469 3030 544 3101 pii
575 3029 810 3086 adorant
845 3030 1227 3099 imperatores,
1275 3026 1556 3099 quomodo
1602 3040 1724 3090 nos,
1751 3025 1844 3095 qui
1872 3025 1930 3079 in
1959 3024 2046 3095 ip.

2145 1935 2255 1988 τῶν
2286 1936 2536 1991 ἁπάντων
2559 1937 2692 1989 Θεὸν
2715 1939 2811 2007 μὲν
2842 1936 3231 2005 ἐγκαταλιπεῖν
3263 1935 3442 2001 ζῶντα
3462 1975 3479 2001 ,
3506 1934 3727 2003 δαίμοσι

2145 2028 2202 2082 δὲ
2233 2028 2523 2098 προσέχειν
2555 2022 2771 2096 ἐναγέσι
2800 2031 2896 2083 καὶ
2939 2028 3244 2098 φθονεραῖς.
3284 2027 3441 2079 Ἐπεὶ
3473 2025 3729 2095 μαθητής

2149 2120 2265 2187 είμι
2305 2118 2396 2170 καὶ
2432 2118 2595 2180 αὐτὸς
2652 2119 2883 2187 θέκλης,
2913 2118 3036 2188 ἥτις
3069 2117 3362 2186 φωστῆρος
3396 2115 3553 2184 δίκην
3585 2116 3731 2168 κατὰ

2144 2210 2301 2280 τήνδε
2342 2209 2440 2281 τὴν
2514 2210 2779 2262 Ἰκονιέων
2833 2211 2957 2272 ταῖς
3000 2209 3094 2262 τοῦ
3159 2206 3462 2279 μαρτυρίου
3522 2206 3732 2276 λάμπει

2149 2302 2566 2372 μαρμαρυγαῖς,
2593 2301 2808 2356 Παύλου
2843 2318 2902 2355 τε
2931 2298 3028 2354 τού
3071 2299 3311 2372 μεγάλου
3341 2300 3441 2370 τῆς
3467 2297 3729 2369 ἀληθείας

2147 2394 2412 2463 κήρυκος,
2436 2391 2496 2454 ὃς
2527 2392 2622 2446 καὶ
2656 2393 2829 2461 αὐτὴν
2872 2392 3010 2462 πρὸς
3039 2393 3165 2457 τοὺς
3201 2392 3290 2445 διὰ
3319 2390 3554 2463 Χριστὸν
3584 2389 3734 2462 ﬁlat-

2146 2487 2247 2557 ψεν
2274 2485 2511 2553 ἀγῶνας.
2541 2484 2650 2539 Καὶ
2675 2486 2764 2537 δια
2807 2486 2967 2538 τοῦτο
3022 2484 3181 2553 κάγὼ
3230 2501 3372 2555 φημι
3411 2486 3531 2553 μετ’
3560 2482 3732 2534 αὐτοῦ

2149 2578 2420 2649 σήμερον·
2458 2576 2555 2639 Τίς
2606 2577 2752 2647 ἡμᾶς
2812 2577 3047 2647 χωρίσει
3076 2576 3188 2630 ἀπὸ
3237 2575 3337 2645 τῆς
3376 2574 3595 2645 ἀγάπης
3628 2575 3729 2627 τοῦ

2146 2667 2323 2736 Geo-3.;
2358 2664 2559 2735 θλίψις,
2588 2667 2621 2736 ἢ
2655 2667 3061 2737 στενοχωρία,ἢ
3091 2666 3352 2736 διωγμὸς,
3382 2666 3415 2736 ἢ
3452 2663 3728 2725 κίνδυνος.

2146 2759 2179 2829 ἢ
2208 2758 2524 2830 μάχαιρα,ῆ
2559 2758 2689 2813 ἄλλο
2722 2776 2777 2813 τι
2806 2761 2917 2812 τῶν
2952 2760 3250 2827 ἀπάντιον;
3293 2761 3353 2813 '0
3382 2761 3567 2831 ἄρχων
3594 2758 3725 2827 ἔφη·

2147 2850 2260 2903 Καὶ
2287 2851 2333 2902 εί
2364 2849 2444 2920 μὴ
2465 2850 2632 2915 ὅντως
2662 2849 2798 2918 θεοὶ,
2824 2851 2898 2915 ὡς
2922 2853 3047 2923 ςῂς,
3069 2851 3164 2915 οὓς
3184 2851 3537 2915 εὐσεϐοῦντες
3558 2867 3733 2918 προσ-

2147 2941 2401 2995 κυνοῦσιν
2421 2943 2471 2994 οί
2517 2941 2781 3014 βασιλεῖς,
2833 2942 2949 3006 πῶς
2983 2945 3172 3014 ἡμεῖς,
3204 2942 3390 3006 αὐτοῖς
3435 2957 3735 2994 πεπιστευ-

2150 3035 2331 3099 κότες,
2355 3035 2454 3098 τὰς
2477 3033 2572 3086 τοῦ
2621 3032 2719 3104 ζῇν
2750 3034 2961 3087 ἐκεῖθεν
3004 3035 3203 3105 ἔχομεν
3254 3034 3553 3104 άφὸρμάς;
3586 3033 3737 3088 Πλα-

471 3134 565 3176 sos
608 3120 907 3186 credimus,
941 3118 1092 3173 illinc
1137 3118 1262 3173 vita:
1322 3117 1588 3173 habemus
1662 3114 2044 3171 occasionem?

472 3206 511 3226 ι,
759 3223 773 3226 Α
1283 3222 1511 3226 _-______
1576 3206 1831 3226 “-4.”
1932 3206 2041 3226 ,μη

2150 3124 2576 3197 νᾶσθε,ηγεμὼν
2605 3127 2656 3196 (ὁ
2696 3125 2872 3196 μέγας
2899 3125 3006 3197 ἔφη
3049 3126 3356 3198 Χαρίτων),
3389 3126 3546 3191 θεοὺς
3584 3122 3734 3178 εἶναι

470 3206 705 3272 Erratis,
748 3223 782 3265 o
835 3222 1068 3280 prases,
1103 3207 1236 3263 dicit
1282 3222 1516 3277 magnus
1574 3206 1858 3270 Chariten,
1914 3206 2046 3261 deos

466 3312 594 3356 esse
622 3298 870 3355 dicentes
921 3313 1017 3365 ea,
1063 3312 1185 3368 quae
1235 3297 1508 3352 fabricata:
1560 3295 1787 3355 luerunt
1851 3309 2049 3350 manus

475 3390 786 3456 hominum,
820 3400 878 3445 et
901 3404 1023 3460 qua:
1069 3402 1264 3445 carent
1297 3391 1446 3445 omni
1492 3389 1728 3454 ratione,
1782 3402 1947 3444 sensu
1993 3397 2049 3443 et

472 3478 765 3550 sapientia.
814 3477 893 3533 De
922 3479 1126 3549 quibus
1194 3479 1328 3534 dicit
1379 3479 1547 3534 ctiam
1596 3478 1782 3534 divina
1861 3485 2045 3532 nostra

472 3567 800 3637 Scriptura:
840 3568 916 3625 Os
967 3569 1172 3625 habent
1200 3579 1258 3625 et
1301 3584 1413 3624 non
1460 3570 1755 3639 loquentur
1806 3587 1820 3625 :
1854 3569 2044 3625 oculos

470 3659 699 3725 habent,
733 3668 789 3715 et
849 3675 960 3715 non
996 3660 1257 3716 videbunt
1295 3678 1308 3715 :
1360 3676 1522 3716 aures
1580 3660 1786 3716 habent
1828 3670 1884 3716 et
1934 3674 2045 3715 non

470 3751 746 3807 audient:
797 3765 976 3821 neque
1033 3752 1179 3807 enim
1211 3761 1296 3807 est
1341 3752 1569 3821 spiritus
1629 3753 1684 3807 in
1745 3768 1841 3809 ore
1893 3753 2045 3822 ipso-

473 3855 620 3895 rum.
655 3840 880 3896 Similes
904 3841 987 3897 eis
1032 3840 1187 3908 nant,
1221 3843 1314 3911 qui
1367 3841 1575 3897 faciunt
1628 3856 1714 3905 ea,
1746 3852 1803 3897 et
1853 3855 2046 3897 omnes

470 3934 565 4002 qui
599 3932 884 3987 conﬁdunt
931 3933 986 3986 in
1018 3931 1121 3987 eis.
1178 3936 1375 4000 Annon
1427 3948 1557 3988 vera
1591 3933 1727 3988 dicit
1771 3933 1885 3988 haec
1913 3948 2043 4003 pro-

468 4022 655 4078 ferens
696 4022 1020 4092 Scriptura?
1050 4023 1317 4090 Admove,
1363 4023 1409 4078 si
1440 4023 1597 4090 velis,
1645 4024 1825 4094 ignem
1858 4039 2045 4080 eorum

469 4113 762 4179 lateribus,
788 4122 886 4167 aut
918 4112 1051 4183 jube
1080 4116 1259 4170 securi
1305 4113 1479 4186 frangi
1519 4129 1710 4170 eorum
1756 4116 1933 4182 tibias,
1991 4126 2048 4171 et

471 4205 618 4257 scies
651 4203 901 4268 omnino,
939 4204 1045 4259 nisi
1081 4205 1197 4273 ipse
1240 4220 1460 4274 quoque
1499 4205 1576 4260 sis
1602 4204 1850 4261 similiter
1878 4206 2046 4262 allec-

471 4300 582 4358 tus,
610 4307 675 4346 ea
707 4306 831 4346 esse
856 4293 1009 4348 nullo
1043 4310 1209 4349 sensu
1243 4296 1485 4365 prazdita,
1518 4306 1574 4351 et
1612 4311 1789 4367 neque
1820 4299 2045 4354 omnino

473 4397 633 4452 posse
658 4384 890 4448 moveri,
928 4396 1022 4439 aut
1051 4384 1220 4451 loqui.

2146 3216 2397 3288 λέγοντες
2426 3218 2497 3270 τὰ
2515 3215 2831 3289 ύπδχειρῶν
2851 3217 3156 3290 ἀνθρώπων
3184 3218 3733 3289 δεδημιουργημένα,

2148 3314 2245 3367 καὶ
2274 3311 2436 3378 λόγου
2468 3309 2670 3372 παντο,
2699 3310 2796 3363 καὶ
2851 3311 3064 3380 φρενῶν
3108 3309 3238 3364 ὄντα
3272 3310 3369 3364 καὶ
3418 3310 3734 3381 αἰσθήσεως

2147 3403 2358 3472 ἔρημα·
2395 3403 2525 3473 περὶ
2556 3396 2633 3456 ὧν
2691 3402 2787 3456 καὶ
2812 3402 2845 3472 ἡ
2870 3402 2992 3456 θεία
3023 3401 3185 3473 ἡμῶν
3243 3402 3348 3474 ἐφη
3378 3402 3572 3473 Γραφὴ
3643 3404 3735 3456 ὅτι

2157 3513 2175 3546 ι
2207 3495 2389 3565 Στόμα
2401 3495 2606 3563 ἔχουσι,
2628 3494 2726 3547 καὶ
2745 3494 2805 3547 οὐ
2819 3494 3167 3566 λαλήσουσιν·
3186 3494 3500 3567 ὀφθαλμοὺς
3516 3498 3735 3568 ἔχουσι,

2147 3586 2242 3639 καί
2278 3587 2380 3640 ούκ
2415 3587 2658 3657 δψονται·
2687 3580 2802 3641 ὦτα
2832 3585 3151 3658 ἔχουσι,καὶ
3178 3588 3279 3641 οὐκ
3330 3589 3735 3659 ὲνωτισθήσον-

2145 3677 2405 3731 ταισούδὲ
2435 3680 2543 3749 γάρ
2583 3679 2699 3731 ἐστι
2757 3678 2977 3749 πνεῦμα
3010 3682 3070 3732 ὲν
3112 3681 3192 3752 τῷ
3242 3682 3476 3752 στόματι
3521 3682 3733 3737 αὐτῶν.

2149 3770 2369 3840 Ὅμοιοι
2398 3770 2583 3834 αὐτοῖς
2611 3770 2852 3839 γένοιντο
2880 3772 2930 3823 οί
2965 3773 3247 3836 ποιοῦντες
3271 3773 3438 3840 αὐτὰ,
3463 3773 3562 3828 καὶ
3590 3775 3735 3828 πᾶν·

2146 3877 2236 3924 τες
2259 3862 2310 3915 οί
2332 3861 2656 3926 πεποιθότες
2680 3862 2766 3915 ἐπ’
2791 3863 2993 3926 αὐτοῖς.
3025 3880 3045 3916 ι
3074 3862 3140 3917 Ἢ
3160 3864 3260 3917 οὐκ
3280 3861 3534 3935 ἀληθεύει
3552 3864 3734 3919 ταῦτα

2144 3947 2289 4003 οὕτω
2316 3951 2547 4019 λέγουσα
2578 3953 2611 4025 ἡ
2644 3951 2834 4023 Γραφή
2859 3970 2874 4019 ;
2927 3952 3169 4023 Πρόσθες
3198 3955 3306 4027 γὰρ
3338 3955 3453 4027 πῦρ
3484 3959 3605 4021 ταῖς
3630 3960 3737 4010 a5—

2145 4038 2275 4104 τῶν,
2306 4040 2352 4091 εί
2395 4039 2595 4110 βούλει,
2622 4040 2909 4112 πλευραῖς,
2950 4043 2983 4113 ἢ
3029 4042 3187 4116 ἀξίνῃ
3219 4045 3286 4098 τὰ
3314 4046 3495 4098 αὐτῶν
3526 4064 3733 4101 κατεα-

2146 4131 2313 4201 γῆναι
2352 4132 2658 4204 πρόσταξον
2687 4132 2876 4203 σκέλη,
2903 4136 2997 4186 καὶ
3020 4135 3142 4208 εἴσῃ
3166 4137 3405 4201 πάντως,
3431 4140 3479 4190 εί
3514 4140 3591 4209 μὴ
3636 4142 3736 4192 καὶ

2146 4229 2306 4292 αὐτὸς
2335 4228 2479 4299 ἔχεις
2516 4229 2739 4298 ὁμοίως,
2762 4230 2836 4292 ὡς
2859 4230 3161 4302 ἀναίσθητα
3206 4233 3333 4297 είσι,
3362 4237 3455 4286 καὶ
3482 4233 3608 4286 οὐδὲ
3642 4216 3737 4290 κιέ

2146 4320 2352 4373 νεῖσθαι
2381 4320 2414 4390 ἢ
2445 4319 2774 4387 φθέγγεσθαι
2802 4321 2863 4373 τὸ
2899 4322 3162 4391 παράπαν
3189 4322 3488 4396 δυνάμενα.

543 4472 606 4527 V.
644 4473 741 4529 His
784 4475 853 4529 ad
894 4475 1031 4530 iram
1069 4484 1252 4532 motus
1287 4477 1514 4547 iniquus
1541 4479 2044 4552 consularis,juhet

2224 4478 2300 4535 E'.
2325 4478 2549 4543 Τούτοις
2571 4480 2598 4533 ὁ
2647 4480 2962 4552 παράνομος
3016 4483 3283 4548 ὑπατικὸς
3315 4487 3396 4551 εἰς
3437 4487 3611 4561 ὀργὴν
3648 4506 3735 4543 au-

474 4574 727 4619 sanctum
762 4575 914 4621 veste
942 4564 1160 4634 nudari,
1190 4576 1246 4622 et
1290 4569 1343 4623 in
1379 4580 1614 4639 quatuor
1644 4582 1827 4643 partes
1855 4583 2046 4628 exten-

473 4669 619 4722 sum,
652 4658 842 4712 nervis
870 4658 1168 4713 crudeliter
1200 4661 1496 4716 verberari.
1546 4662 1752 4719 Deinde
1777 4680 1903 4720 cum
1943 4666 2046 4723 hoc

468 4747 832 4816 processisset
878 4748 943 4803 ad
978 4748 1261 4814 ell'ectum,
1298 4750 1434 4806 dicit
1476 4751 1529 4807 ei
1576 4754 1742 4823 judex
1776 4773 1789 4809 :
1825 4755 2047 4811 Sacriﬁ-

469 4837 719 4903 cabisne,
751 4852 785 4892 ο
811 4836 1098 4905 Chariten,
1134 4841 1240 4895 diis
1265 4840 1685 4910 immortalibus,
1728 4860 1798 4900 an
1828 4848 1909 4901 vis
1951 4855 2045 4900 tuo

470 4929 691 4997 corpori
726 4928 913 4999 plures
942 4930 1133 4984 inferri
1162 4932 1384 5003 plagas?
1420 4931 1563 4999 Non,
1611 4937 1789 5005 inquit
1819 4947 2041 5009 martyr,

467 5016 551 5069 eis
606 5017 949 5073 sacriﬁcabo.
986 5018 1044 5073 Si
1100 5021 1247 5076 enim
1300 5020 1418 5075 ﬁeri
1472 5032 1679 5091 posset,
1730 5032 1789 5077 ut
1847 5026 2043 5080 millies

477 5120 728 5161 morerer
763 5121 865 5178 pro
910 5124 1036 5166 meo
1073 5110 1377 5177 Salvatore,
1432 5111 1664 5168 libenter
1711 5115 1765 5170 id
1804 5117 2045 5187 suscipe-

468 5212 583 5251 rem
612 5209 870 5271 prompto
901 5209 960 5257 et
1010 5201 1179 5258 alacri
1235 5205 1442 5269 animo,
1488 5206 1673 5275 potius
1713 5221 1875 5276 quam
1924 5209 2044 5280 ejus

468 5300 728 5360 negarem
762 5290 1136 5359 divinitatem,
1171 5302 1228 5348 et
1256 5296 1567 5352 exitialibus
1597 5298 1937 5354 daemonibus
1959 5300 2046 5355 ol-

467 5379 671 5435 l‘errem
716 5383 1068 5439 sacriﬁcium.
1130 5383 1339 5441 Tandiu
1398 5402 1526 5459 ergo
1571 5388 1735 5459 jussit
1764 5402 1890 5443 eum
1922 5405 2044 5445 rur-

467 5487 564 5527 sus
590 5473 874 5530 verberari
902 5476 1070 5532 boum
1100 5480 1308 5545 nervis,
1338 5480 1512 5550 utqui
1543 5495 1668 5535 eum
1694 5482 2038 5552 torquebant,

468 5562 681 5616 viscera
714 5566 1112 5634 prepemodorn
1150 5577 1460 5639 tangerent.
1492 5568 1631 5624 Cum
1668 5585 1799 5642 ergo
1840 5573 2042 5629 multas

467 5649 634 5704 horas
663 5661 851 5709 mutus
892 5658 1183 5712 mansisset
1212 5655 1469 5719 Sanctus,
1523 5658 1811 5716 lictoribus
1846 5662 1900 5715 in
1959 5663 2043 5715 in-

463 5738 714 5819 (ligendi:
767 5745 943 5819 plagis
992 5748 1218 5805 minime
1270 5750 1620 5817 cedentibus,
1667 5766 1763 5811 eos
1821 5767 2038 5810 cessare

2148 4569 2351 4640 νηθεὶς,
2380 4570 2719 4639 γυμνοῦσθαι
2754 4573 2852 4640 τῆς
2877 4571 3105 4642 ἐσθῆτος
3156 4574 3369 4630 κελεύει
3420 4578 3512 4632 τὸν
3550 4580 3733 4648 ἅγιον,

2146 4664 2241 4715 καὶ
2269 4660 2599 4732 τετραχόθεν
2628 4663 2963 4733 τεινόμενον,
2992 4665 3206 4736 νεύροις
3236 4668 3475 4738 ἀφειδῶς
3527 4670 3735 4724 τύπτει

2148 4752 2292 4805 σθαι.
2342 4750 2497 4818 Είτα,
2522 4753 2667 4823 ἔργῳ
2712 4753 2904 4807 τούτου
2940 4756 3262 4826 προϐάντος,
3305 4763 3441 4828 φησι
3472 4761 3610 4829 πρὸς
3633 4767 3731 4818 αὑ.

2144 4846 2236 4899 τὸν
2283 4850 2311 4897 ὸ
2355 4845 2629 4909 δικάζων’
2664 4844 2845 4912 Θύεις,
2890 4849 2918 4900 ὁ
2967 4846 3239 4919 Χαρίτων,
3273 4854 3386 4914 τοῖς
3435 4853 3731 4920 ἀθανάτοις

2146 4934 2307 4998 θεοῖς,
2334 4934 2367 5006 ἢ
2396 4930 2645 5001 πλείονας
2681 4938 3041 5008 ἐπενεχθῆναι
3069 4940 3248 5011 βούλει
3277 4945 3357 5014 τῷ
3386 4940 3603 5015 σώματί
3631 4964 3726 5001 σου

2146 5024 2362 5095 πληγάς
2387 5043 2402 5094 ;
2431 5026 2528 5093 υῦ,
2554 5028 2720 5098 φησιν
2763 5033 2793 5085 ὁ
2815 5032 3128 5102 μάρτυς,ού
3161 5034 3311 5090 θύσω
3327 5037 3543 5101 τούτοις
3576 5038 3686 5106 ἐγώ
3706 5055 3720 5070 ·

2145 5117 2196 5168 εί
2235 5117 2344 5188 γὰρ
2374 5119 2469 5171 καὶ
2529 5119 2794 5190 μυριάκις
2844 5121 3069 5177 δυνατὸν
3119 5122 3188 5197 ἦν
3248 5128 3390 5197 ὑπὲρ
3443 5130 3538 5183 τοῦ
3584 5129 3717 5199 ἐμ.ιῦ

2145 5207 2396 5278 Σωτῆρος
2448 5211 2761 5277 ἀποθανεῖν,
2814 5212 3040 5286 εἱλόμην
3087 5216 3153 5270 ἂν
3212 5217 3593 5292 προθύμως,ἢ
3624 5221 3722 5290 τὴν

2144 5298 2316 5351 αὑτοῦ
2342 5298 2571 5369 θεότητα
2591 5299 3009 5371 διαρνήσασθαι,
3037 5306 3132 5359 καὶ
3164 5306 3419 5377 δαίμοσιν
3452 5310 3727 5384 ὀλεθρίοις

2144 5387 2337 5442 θυσίαν
2368 5393 2783 5459 προσενεγκεῖν.
2832 5389 2967 5448 Ἐπὶ
3000 5396 3254 5451 τοσοῦτον
3292 5394 3387 5453 οὖν
3440 5402 3605 5456 αὐτὸν
3635 5404 3730 5456 τύ-

2144 5479 2375 5532 πτεσθαι
2398 5481 2560 5533 πάλιν
2592 5483 2703 5543 τοῖς
2729 5481 3042 5556 βουνεύροις
3076 5487 3386 5559 ἐκέλευσεν,
3410 5493 3488 5556 ὡς
3520 5494 3726 5565 μικροῦ

2144 5576 2238 5623 καὶ
2260 5570 2372 5623 τῶν
2397 5572 2723 5641 σπλάγχνων
2754 5574 3000 5644 ἅψασθαι
3027 5579 3153 5642 τοὺς
3170 5581 3505 5646 αίκίζοντας.
3533 5585 3726 5654 ’Διρωο

2143 5679 2233 5726 νος
2261 5662 2441 5716 τοίνυν
2463 5663 2560 5715 ἐπὶ
2588 5663 2787 5730 πολλὰς
2818 5668 2846 5720 ὁ
2873 5669 3028 5736 ἅγιος
3057 5672 3154 5735 τὰς
3187 5673 3337 5744 ὥρας
3370 5678 3724 5747 μεμενηκὼς,

2143 5754 2238 5808 καὶ
2276 5753 2388 5809 τῶν
2437 5754 2647 5826 δημίων
2690 5758 2987 5824 ἀνενδότως
3042 5766 3358 5830 ἐπαγόντων
3417 5768 3568 5839 αὐτῷ
3625 5771 3726 5831 τὰς
