4060 6440
317 451 424 514 905

1541 454 1720 520 VITA
1757 454 1816 515 S.
1857 453 2348 519 CHARITONIS.

3464 457 3571 520 906

318 576 557 644 πληγάς,
603 573 916 629 παύσασθαι
968 575 1242 641 τούτουςό
1269 577 1465 649 μιαρὸς
1523 579 1897 650 προσέταττεν

2013 579 2156 642 Lubet
2181 578 2448 634 scelestus
2485 590 2704 648 praeses,
2741 591 2850 632 non
2880 576 3026 647 quod
3063 576 3114 633 ei
3155 587 3406 633 censeret
3438 593 3569 649 par-

317 667 523 736 ἄρχων,
549 668 609 720 οὐ
641 668 853 734 φειδοῦς
898 686 1042 734 τινος
1075 669 1236 724 αὑτὸν
1281 670 1468 739 ἀξιῶν,
1523 671 1711 738 (πόθεν
1730 671 1768 738 ;)
1786 671 1900 725 ἀλλ’

320 760 461 812 ῶστε
495 762 570 831 μὴ
601 761 797 814 θᾶττον
823 761 1164 816 ἀποθανόντα
1195 763 1294 825 τάς
1341 765 1689 837 μακροτέρας
1715 765 1889 834 ἔκφυ-

319 857 439 921 γετν
467 854 756 924 τιμωρίας.
783 855 890 906 Καὶ
920 853 985 924 δὴ
1013 853 1203 908 τοῦτον
1231 854 1280 907 oi
1328 855 1727 926 ὑπηρετοῦντες
1754 858 1898 909 ὲπω-

326 947 618 1017 μισάμενοι
680 946 823 1016 (οὐδὲ
859 947 968 1016 γάρ
1009 940 1123 1011 οἷός
1167 965 1228 1000 τε
1257 942 1326 1018 ἦν
1382 947 1604 1012 οἰκείοις
1663 948 1902 1018 βαδίζειν

331 1037 503 1106 ποσὶ),
549 1038 643 1089 καὶ
685 1035 763 1106 τῷ
817 1037 1180 1107 δεσμωτηρίῳ
1236 1037 1647 1109 έναποθέμενοι,
1673 1039 1904 1112 δευτέρᾳ

323 1129 677 1198 ταμιεύουσιν
739 1129 1004 1195 ἐξετάσει,
1066 1130 1160 1184 καὶ
1233 1131 1320 1184 ῖνα
1401 1132 1683 1202 συντόμως
1757 1133 1902 1186 εἴπω

329 1222 457 1293 (χρὴ
519 1223 629 1292 γὰρ
691 1222 979 1292 συνελεῖν),
1032 1222 1197 1277 πάλιν
1250 1224 1394 1278 κατά
1443 1224 1505 1277 τὺ
1551 1225 1902 1296 δικαστήριον

329 1317 470 1386 μετά
508 1317 609 1386 τὴν
639 1316 748 1368 τῶν
776 1317 952 1369 ἑλκῶν
976 1317 1174 1384 ἀγεται
1218 1316 1540 1388 θεραπείαν,
1581 1318 1678 1370 καὶ⁸
1732 1317 1898 1370 κολα-

327 1406 504 1469 κείαις
534 1406 825 1477 πρότερον,
849 1403 970 1460 εἶτα
1003 1407 1099 1462 καὶ
1135 1408 1311 1476 τιμῶν
1364 1405 1726 1477 ὑποσχέσεσιν
1757 1406 1898 1460 ὥστε

327 1499 490 1552 θῦσαι
539 1501 651 1561 τοῖς
686 1497 947 1564 εἰδώλοις,
980 1499 1009 1550 ὀ
1059 1499 1361 1562 δεινότατος
1415 1497 1641 1568 ἡγεμὼν
1705 1498 1902 1569 ἐπείρα

326 1591 520 1643 τούτου
551 1588 612 1642 τδ
635 1589 851 1642 εὔτονον
902 1589 1225 1644 ὑπεκλύειν.
1284 1589 1441 1642 Ἐπεὶ
1469 1589 1526 1642 δὲ
1573 1590 1776 1660 μᾶλλον
1801 1591 1896 1645 τοῦ

327 1683 564 1754 Χριστοῦ
596 1682 808 1754 μάρτυς
842 1682 1192 1753 ίσχυρότερος
1221 1683 1316 1736 καὶ
1357 1682 1611 1752 βασάνων
1665 1685 1760 1739 καὶ
1787 1685 1898 1739 θω-

327 1774 498 1828 πειῶν
550 1774 929 1843 κατεφαίνετο,
976 1773 1072 1826 καὶ
1121 1772 1250 1837 τοὺς
1305 1773 1472 1826 αὑτοῦ
1549 1774 1900 1845 μυκτηρίζων

326 1866 542 1936 λόγους,
588 1865 848 1936 μειζόνων
878 1864 910 1936 ἢ
942 1864 1206 1935 πρότερον
1253 1866 1348 1918 καὶ
1413 1862 1571 1930 αὖθις
1623 1867 1899 1922 κολάσεων

2005 667 2240 722 cendum
2259 706 2274 733 ,
2323 667 2617 737 (quomodo
2646 666 2845 736 enim?)
2878 667 2973 722 sed
3003 681 3072 722 ne
3107 667 3267 722 citius
3295 683 3394 736 per
3421 684 3572 724 mor-

2005 769 2114 815 tem
2134 761 2374 831 longiora
2396 759 2662 831 effugeret
2680 759 2968 830 supplicia.
2989 761 3163 830 Atque
3193 776 3316 815 eum
3349 761 3570 830 quidem

2004 866 2150 915 cum,
2215 851 2308 920 qui
2396 851 2803 916 ministrabant,
2887 851 3240 907 sustulissent
3325 852 3570 906 humeris

2005 940 2206 1010 (neque
2247 939 2392 994 enim
2452 938 2567 993 fieri
2617 945 2851 1008 poterat,
2910 947 2971 993 ut
3025 939 3140 994 suis
3191 940 3572 1011 ingrederetur

2003 1030 2319 1105 pedibus),
2400 1038 2457 1085 et
2527 1030 2586 1085 in
2686 1045 2907 1086 carcere
2976 1030 3379 1101 deposuissent,
3447 1050 3572 1089 eum

2005 1123 2259 1179 secundae
2313 1132 2600 1178 reservant
2662 1124 3050 1180 examinationi
3097 1141 3115 1180 :
3169 1133 3229 1180 et
3271 1134 3330 1179 ut
3386 1127 3578 1196 paucis

2005 1215 2182 1269 dicam
2235 1215 2475 1287 (oportet
2552 1217 2699 1272 enim
2754 1233 2870 1272 rem
2929 1219 2988 1272 in
3039 1234 3210 1288 pauca
3278 1219 3577 1290 conferre),

2006 1321 2200 1362 rursus
2232 1308 2524 1364 deducitur
2553 1309 2622 1364 ad
2655 1309 2788 1364 deos
2821 1309 3081 1366 colendos
3114 1325 3266 1366 more
3310 1312 3576 1382 gentium.

2004 1398 2072 1453 Et
2096 1399 2248 1469 prius
2277 1400 2576 1465 blamlitiis,
2612 1401 2813 1456 deinde
2843 1402 3007 1456 etiam
3046 1403 3315 1458 bonorum
3348 1404 3582 1474 promis-

1973 1492 2104 1557 'sis,
2134 1499 2195 1546 ut
2233 1491 2574 1548 sacrificaret
2620 1493 2956 1557 simulacris,
3001 1495 3300 1549 conabatur
3343 1495 3580 1550 callidis-

2009 1587 2185 1638 simus
2232 1599 2435 1654 praeses
2485 1584 2606 1654 ejus
2651 1585 3012 1641 constantiam
3061 1586 3378 1642 dissolvere.
3427 1586 3583 1642 Post-

2003 1691 2165 1745 quam
2187 1685 2372 1732 autem
2402 1685 2458 1732 et
2486 1677 2778 1732 tormentis
2806 1687 2860 1732 et
2890 1677 3170 1734 blanditiis
3203 1678 3407 1734 Christi
3435 1693 3581 1732 mar-

2004 1775 2088 1838 tyr
2120 1768 2268 1824 visus
2303 1777 2390 1824 est
2427 1771 2702 1840 superior,
2733 1778 2788 1826 et
2820 1785 2884 1825 ea
2911 1785 3033 1841 qua:
3076 1773 3124 1826 is
3167 1772 3420 1835 dicebat,
3453 1771 3585 1828 sub-

2013 1873 2272 1925 sannarc,
2303 1874 2428 1916 cum
2461 1862 2764 1932 majoribus
2791 1877 2954 1932 quam
2999 1863 3153 1933 prius
3187 1863 3419 1920 affectus
3449 1864 3584 1920 fuis—

327 1935 637 2026 πειραθεὶς,
666 1955 762 2009 καὶ
797 1953 865 2008 τά
897 1935 1102 2025 στέρνα
1133 1956 1257 2016 ταῖς
1303 1955 1556 2024 λαμπάσι
1623 1959 1899 2026 καταφλε-

2013 1959 2096 2004 set
2125 1951 2434 2021 suppliciis,
2463 1961 2520 2007 et
2563 1953 2800 2008 fuissent
2830 1954 2949 2023 ejus
2978 1967 3197 2024 pectora
3241 1956 3582 2027 lampadibus

327 2048 498 2119 χθεὶς,
519 2048 585 2118 τῇ
617 2047 810 2117 είρκτῇ
845 2043 1185 2115 σιδηρὸδετος
1220 2044 1597 2114 παραδίδοται.

403 2266 495 2335 ς’.
522 2267 598 2321 Οὑ
626 2266 764 2320 πολὺ
798 2263 860 2320 τὸ
897 2263 1086 2336 μέσον,
1121 2263 1215 2318 καὶ⁹
1268 2263 1424 2331 ἀξίας
1459 2255 1535 2318 ὧν
1598 2263 1740 2318 κατά
1768 2262 1907 2335 Χρι-

335 2360 563 2414 στιανῶν
580 2360 607 2411 ό
625 2357 894 2428 θεομάχος
914 2356 1181 2426 ἐτόλμησε
1204 2355 1459 2426 βασιλεὺς
1504 2355 1659 2418 δίκας
1686 2356 1914 2426 εἰσπρα-

330 2453 501 2524 χθεὶς,
531 2451 622 2504 τὸν
651 2449 994 2520 ἀνθρώπινον
1026 2449 1054 2500 ό
1085 2446 1253 2511 κακὸς
1287 2447 1469 2510 κακῶς
1505 2447 1748 2512 ὑπέξεισι
1776 2447 1910 2517 βίον.

327 2544 394 2598 Τί
432 2543 524 2596 οῦν
564 2542 624 2594 τδ
647 2540 933 2606 ὲντεῦθενς
977 2535 1039 2592 Ὅ
1065 2539 1133 2594 τὰ
1167 2540 1419 2610 σκῆπτρα
1445 2539 1541 2608 τῆς
1577 2538 1914 2610 Αὑρηλιανοΰ

327 2635 421 2689 τοῦ
453 2632 746 2696 δυσσεϐοῦς
777 2630 1162 2700 διαδεξάμενος
1194 2630 1501 2700 βασιλείας,
1530 2629 1607 2701 τῷ
1649 2629 1744 2684 τοῦ
1777 2647 1912 2700 προ-

330 2710 784 2789 σεϐασιλευκότος
817 2724 1182 2794 ὑποδείγματι
1229 2723 1653 2793 σωφρονίςεται,
1681 2723 1777 2777 καὶ
1802 2722 1913 2776 δείο

330 2837 431 2883 σας
481 2821 715 2889 μήποτε,
749 2816 817 2870 τὰ
851 2817 990 2870 αὑτά
1049 2816 1191 2870 κατά
1236 2814 1583 2886 Χριστιανῶν
1631 2815 1794 2886 δρῶν,
1822 2815 1916 2868 καὶ

328 2915 453 2976 ταῖς
482 2912 676 2976 αὐταῖς
707 2911 962 2972 ὑπόδικος
1013 2909 1243 2980 γένηται
1285 2909 1602 2980 τιμωρίαις,
1652 2908 1745 2962 τὸν
1774 2909 1916 2962 κατά

327 3003 440 3057 τῶν
467 3001 814 3072 Χριστιανῶν
859 2999 1178 3055 παύσασθαι
1244 2999 1487 3069 διωγμὸν
1533 2998 1676 3052 κατὰ
1724 3000 1905 3052 πᾶσαν

329 3095 620 3150 ἐκέλευσεν
649 3094 948 3167 ἐπαρχίαν.
973 3093 1091 3148 Ἵνα
1116 3092 1174 3146 δὲ
1210 3091 1286 3164 μὴ
1311 3093 1454 3146 τέλει
1487 3091 1790 3162 μαρτυρίου
1822 3089 1916 3143 τοῦ

329 3189 477 3242 θείου
498 3189 689 3242 τούτου
719 3185 1098 3249 τελειωθέντος
1137 3185 1330 3256 ἀνδρὸς
1365 3182 1684 3254 ζημιωθῶσι
1728 3181 1914 3237 πολλοὶ

2013 2041 2280 2108 ustulata,
2317 2043 2466 2098 ferro
2511 2042 2729 2098 vinetus
2775 2043 2968 2098 iterum
3002 2045 3237 2100 traditur
3291 2046 3349 2100 in
3395 2057 3581 2102 custo-

2012 2132 2179 2188 diam.

2088 2267 2176 2322 Ἦ.
2212 2268 2332 2323 Non
2362 2269 2592 2326 multum
2626 2270 2941 2327 intercessit
2982 2272 3244 2342 temporis
3281 2283 3335 2328 et
3361 2273 3588 2336 meritas

2017 2357 2175 2415 luens
2207 2374 2398 2430 poenas
2431 2376 2644 2427 eorum,
2677 2378 2798 2432 quae
2826 2377 2994 2418 ausus
3020 2363 3200 2418 fuerat
3233 2363 3288 2418 in
3323 2365 3589 2422 Christia-

2015 2467 2138 2517 nos,
2195 2454 2490 2522 imperator
2515 2454 2690 2507 malus
2736 2467 2767 2508 e
2803 2454 2910 2508 vita
2950 2455 3186 2510 excessit
3215 2456 3472 2513 humana.
3508 2459 3588 2530 (Ι)

2015 2539 2157 2605 Quid
2211 2541 2408 2595 deinde
2477 2541 2874 2612 consequitur?
2940 2543 3043 2609 Qui
3100 2545 3252 2616 impii
3307 2549 3587 2604 Aureliani

2015 2641 2226 2701 sceptra
2290 2632 2551 2702 suscepit,
2622 2629 2769 2704 ejus
2808 2633 2901 2704 qui
2982 2635 3135 2705 prius
3207 2636 3586 2708 imperaverat,

2016 2721 2270 2791 exemplo
2311 2723 2610 2792 castigatur
2643 2739 2658 2775 :
2689 2731 2743 2777 et
2773 2723 2970 2778 timens
3005 2739 3074 2779 ne
3121 2725 3259 2782 forte
3287 2729 3476 2784 eadem
3505 2732 3588 2786 fa-

2016 2813 2168 2867 ciens
2199 2814 2462 2869 adversus
2505 2813 2872 2880 Christianos,
2916 2817 3070 2872 fieret
3120 2818 3284 2874 etiam
3317 2822 3588 2879 obnoxius

2015 2905 2222 2961 eisdem
2277 2907 2582 2977 suppliciis,
2620 2907 2788 2978 jussit
2845 2909 3279 2978 persecutionem
3323 2913 3586 2971 adversus

2015 2995 2360 3052 Christianos
2407 3013 2623 3054 cessare
2655 3015 2752 3069 per
2796 3015 2987 3056 omnes
3018 3003 3351 3073 provincias.
3386 3005 3462 3061 Ne
3494 3023 3590 3060 au-

2017 3098 2124 3142 tem
2169 3087 2277 3143 fine
2339 3089 2586 3160 martyrii
2638 3090 2826 3146 divino
2875 3091 2979 3147 hoc
3015 3093 3134 3147 viro
3186 3108 3586 3163 consummato,

2017 3179 2173 3234 multi
2209 3179 2508 3235 maximum
2547 3181 2806 3256 damnum
2848 3197 2943 3238 acc
2983 3193 3178 3254 perent
3215 3187 3410 3256 privati
3443 3189 3588 3242 utili-

333 3281 434 3355 τὴν
490 3280 756 3354 μεγίστην
818 3279 1045 3350 ζημίαν,
1092 3277 1483 3349 διαμαρτόντες
1517 3271 1584 3348 ἦς
1617 3275 1910 3332 ἀπολαύειν

2023 3280 2150 3338 tate,
2180 3287 2342 3342 quam
2398 3281 2554 3327 crant
2596 3275 2968 3341 consecuturi,
2995 3275 3103 3331 vita
3127 3277 3196 3331 ab
3226 3293 3292 3333 eo
3340 3279 3584 3344 formati,

332 3376 557 3448 ἔμελλον
585 3373 875 3444 ὠφελείας,
915 3371 1009 3425 καὶ
1045 3369 1144 3441 βίῳ
1195 3368 1530 3436 τυπούμενοι
1566 3369 1694 3438 παρ’
1721 3365 1912 3434 αὑτοῦ,

335 3467 432 3522 καὶ
460 3466 640 3536 λόγοις
685 3467 766 3528 εἰς
817 3463 1019 3536 ἀρετὴν
1070 3461 1523 3532 προτρεπόμενοι,
1550 3457 1915 3531 οἰκονομεῖται

332 3575 388 3612 τι
411 3559 566 3630 ῖπσρά
596 3558 692 3628 τῆς
721 3557 904 3620 καλῶς
928 3555 1108 3608 πάντα
1136 3552 1444 3620 διοικούσης
1490 3551 1757 3623 Προνοίας
1801 3567 1916 3605 κοιο

333 3649 756 3718 νωςρελέστερον.
783 3648 891 3701 Καὶ
923 3645 1031 3699 τῶν
1063 3645 1160 3716 μὲν
1183 3643 1398 3714 δεσμῶν
1427 3643 1523 3696 καὶ
1546 3641 1644 3710 τῆς
1671 3643 1914 3714 φρουρᾶς

331 3743 363 3794 ό
399 3743 608 3812 μάρτυς
631 3742 841 3794 ἀνεῖται
869 3779 884 3804 ,
918 3735 1199 3808 βασιλικοῦ
1236 3735 1394 3788 τοῦτο
1452 3736 1915 3805 συγχωρήσαντος

335 3834 749 3902 ἐπιτάγματος·
787 3831 976 3899 ῶσπερ
1006 3828 1063 3881 δὲ
1089 3829 1188 3898 ἤδη
1233 3826 1529 3899 νεκρωθεὶς
1561 3825 1638 3897 τῷ
1669 3824 1793 3896 βίῳ,
1822 3825 1915 3878 καὶ

334 3927 415 3996 τῷ
440 3923 660 3996 Χριστῷ
709 3922 806 3996 ζῇν
831 3921 1056 3984 ἐθέλων,
1103 3920 1154 3972 εί
1188 3920 1283 3972 καὶ
1327 3917 1423 3971 τοῦ
1481 3917 1664 3972 θανεῖν
1714 3916 1912 3988 ἀφείθη

339 4015 430 4068 διὰ
479 4013 738 4084 Χριστὸν,
802 4010 873 4064 τὰ
903 4011 1115 4064 ἐκείνου
1178 4008 1453 4080 στίγματα
1485 4007 1542 4062 ὲν
1575 4009 1654 4081 τῷ
1703 4007 1914 4079 σώματι

339 4105 418 4176 τῷ
449 4103 643 4158 ἑαυτοῦ
676 4102 1017 4174 περιφέρων,
1043 4100 1141 4172 τὴν
1172 4099 1308 4170 πρὸς
1337 4101 1436 4170 τὴν
1485 4100 1648 4164 ἁγίαν
1678 4100 1833 4153 πόλιν
1863 4101 1917 4153 ό-

337 4197 516 4250 δεύειν
542 4195 794 4265 ἄρχεται.
817 4194 932 4246 Καὶ
964 4192 1062 4260 τῆς
1097 4191 1195 4260 μὲν
1222 4189 1422 4260 στερῆς
1454 4190 1654 4254 εὐθέως
1677 4190 1914 4261 ἐπιλαμ-

338 4283 583 4348 ϐάνεται,
633 4282 960 4351 πειρασμοῖς
993 4279 1050 4332 δὲ
1090 4278 1437 4332 κατάσκοπον
1485 4279 1914 4349 περιϐάλλεταιο

335 4375 622 4444 τοιγάρτοι
651 4375 747 4426 καὶ
773 4370 1002 4443 πλησίον
1030 4371 1198 4442 αὑτῆς
1244 4372 1554 4442 γενόμενος,
1576 4373 1782 4441 έτέροις
1813 4388 1915 4423 πεο

346 4469 592 4539 ριπίπτει
620 4465 881 4530 διώκταις
901 4504 916 4530 ,
939 4464 1049 4519 τῶν
1089 4464 1472 4536 προλαϐόντων
1497 4467 1576 4527 είς
1606 4465 1805 4519 κακίαν
1829 4466 1916 4519 ιν-

2017 3373 2073 3419 et
2108 3364 2286 3420 verbis
2324 3364 2532 3420 incitati
2570 3366 2638 3420 ad
2668 3367 2946 3432 virtutem,
2989 3383 3021 3423 a
3060 3368 3432 3438 Providentia,
3466 3389 3588 3442 qua:

2017 3454 2200 3508 omnia
2230 3463 2379 3508 recte
2426 3455 2728 3525 dispensat,
2770 3458 3088 3527 providetur
3125 3459 3330 3531 aliquid
3377 3462 3585 3519 utilius.

2015 3543 2082 3598 Et
2109 3561 2140 3599 a
2169 3545 2399 3600 vinculis
2431 3547 2648 3616 quidem
2685 3556 2741 3603 et
2781 3549 3028 3604 custodia
3073 3560 3276 3622 martyr
3317 3553 3588 3610 relaxatur

2019 3631 2119 3704 (2),
2151 3632 2494 3702 imperatoris
2542 3633 2647 3689 hoc
2674 3633 2827 3701 jussu
2875 3637 3211 3692 concedente
3263 3655 3278 3693 :
3329 3649 3586 3711 tanquam

2019 3734 2202 3780 autem
2230 3725 2342 3795 jam
2370 3732 2547 3780 morte
2571 3725 2801 3782 allectus
2847 3737 3011 3795 esset,
3045 3738 3100 3784 et
3125 3730 3340 3786 Christo
3373 3741 3582 3789 tantum

2016 3817 2227 3871 volens.
2285 3817 2506 3883 vivere,
2574 3817 2787 3872 etiamsi
2837 3833 2869 3872 a
2921 3828 3096 3876 morte
3145 3822 3430 3878 subeunda
3487 3840 3588 3894 pro

2017 3909 2243 3965 Christo
2265 3909 2341 3965 sit
2366 3910 2662 3977 relaxatus,
2689 3910 2944 3982 illiusque
2961 3912 3210 3982 stigmata
3245 3914 3299 3967 in
3335 3929 3433 3970 suo
3466 3931 3589 3970 cor-

2015 4017 2154 4074 pore
2183 3986 2600 4064 circumferens,
2648 3999 2842 4071 incipit
2871 4002 2978 4057 iter
3001 4003 3212 4073 ingredi
3241 4005 3308 4058 ad
3340 4019 3584 4068 sanetam

2016 4094 2318 4149 civitatem.
2353 4095 2420 4149 Et
2440 4104 2648 4150 arctam
2681 4096 2903 4166 quidem
2933 4096 3075 4150 viam
3115 4095 3365 4167 protinus
3394 4113 3586 4170 δεδι-ος

2015 4187 2216 4243 ditur:
2253 4187 2308 4241 in
2335 4187 2664 4243 tentationes
2709 4196 2915 4252 autem,
2963 4202 3084 4258 quae
3134 4203 3360 4259 scopum
3412 4191 3591 4260 impe-

2016 4279 2264 4346 diebant,
2294 4278 2508 4335 incidit.
2537 4281 2672 4336 Cum
2698 4280 2846 4334 enim
2878 4295 2982 4334 non
3021 4279 3214 4349 procul
3240 4280 3310 4334 ab
3333 4295 3396 4335 ea
3428 4282 3590 4336 abes-

2016 4381 2122 4438 set,
2189 4373 2245 4426 in
2294 4373 2432 4427 alios
2480 4371 2672 4427 incidit
2733 4381 3136 4442 persecutores,
3184 4373 3276 4442 qui
3318 4374 3590 4444 prioribus

2018 4461 2160 4516 nihil
2196 4464 2424 4517 omnino
2457 4463 2727 4518 cedebant
2750 4463 3124 4533 improbitate.
3151 4462 3262 4517 Viri
3290 4466 3436 4519 enim
3458 4465 3588 4518 mali

340 4561 521 4615 δέουσι
552 4558 834 4622 παντελῶς
887 4557 1062 4612 οὐδέν.
1115 4557 1346 4628 ’Δνδρες
1395 4556 1504 4628 γὰρ
1557 4559 1785 4629 πονηροὶ
1821 4557 1910 4612 καὶ

2018 4565 2072 4610 et
2110 4555 2257 4618 saevi,
2287 4563 2344 4609 et
2372 4555 2466 4624 qui
2501 4555 2586 4608 vel
2619 4555 2818 4609 itinere
2841 4556 3146 4625 spoliabant
3177 4571 3290 4623 eos,
3316 4557 3408 4627 qui
3432 4571 3590 4612 accc-

345 4649 746 4704 ἀτίθασσοικαὶ
783 4647 1004 4711 παιδιᾶς
1047 4647 1212 4718 μέρος
1252 4647 1313 4699 τὸ
1342 4647 1667 4716 σφαγιάζειν
1699 4647 1914 4719 ἀνθρώ-

341 4762 476 4808 πους
505 4745 801 4815 τιθέμενοι,
828 4741 922 4796 καὶ
955 4741 1144 4802 αὑταῖς
1177 4741 1314 4804 ὁδοῖς
1334 4741 1458 4803 τοὺς
1483 4742 1776 4812 παριόντας
1810 4743 1914 4796 λω-

342 4835 715 4900 ποδυτοῦντες,
741 4835 865 4888 ἐπεὶ
909 4833 1002 4886 τὸν
1049 4833 1205 4901 ἅγιον
1257 4833 1419 4900 μόνον
1457 4833 1604 4886 ίόντα
1640 4835 1782 4886 κατά
1815 4834 1918 4903 τὴν

341 4927 460 4979 ὁδὸν
482 4925 796 4988 ἐθεάσαντο,
821 4923 875 4976 εί
895 4939 947 4976 τι
986 4922 1085 4990 μὲν
1119 4920 1348 4991 ἐφοδίων
1370 4921 1532 4991 χάριν
1576 4921 1835 4992 ἐπήγετο,
1857 4923 1919 4975 τὺ

341 5017 508 5087 τάχος
568 5015 854 5086 ἀφείλοντο
879 5031 894 5045 ·
942 5014 1112 5084 ἄμφω
1145 5012 1202 5066 δὲ
1247 5012 1324 5066 τὼ
1369 5015 1519 5083 χεῖρε
1559 5013 1640 5076 είς
1677 5013 1920 5069 τούπίσω

341 5108 736 5178 δεσμήσαντες,
765 5105 861 5159 καὶ
908 5104 1075 5174 κλοιῷ
1119 5102 1320 5174 σιῑηρῷ
1369 5102 1462 5157 τὸν
1507 5101 1717 5156 ἐκείνου
1763 5118 1920 5172 περι-

343 5198 597 5261 ϐαλόντες
633 5197 926 5269 τράχηλον,
971 5195 1160 5266 ὥσπερ
1188 5211 1242 5246 τι
1274 5194 1497 5265 θήραμα
1546 5192 1710 5263 θῆρες
1737 5194 1919 5266 ἄγριοι

341 5294 425 5353 τίς
457 5291 518 5343 τὸ
544 5289 753 5343 ἑαυτῶν
782 5289 1070 5358 ἀπήγαγον
1113 5287 1328 5356 ἄντρον.
1352 5286 1525 5339 Πάλαι
1556 5285 1656 5356 μὲν
1688 5285 1782 5340 οῦν
1812 5287 1920 5341 τῶν

358 5382 629 5435 Ἰουδαίων
657 5381 1019 5450 κατηγορεῖτο
1052 5378 1284 5448 πληθὺς,
1306 5377 1384 5442 ὡς
1407 5377 1621 5449 λῃστῶν
1651 5379 1920 5449 σπήλαιον

342 5472 438 5528 τὸν
489 5473 636 5545 ίερὺν
703 5474 912 5526 ἐκεῖνον
989 5472 1324 5541 πεποιηκυῖα
1388 5470 1554 5524 ναόν*
1588 5470 1650 5524 τὸ
1715 5470 1772 5525 δὲ
1826 5470 1920 5526 νῦν

417 5713 496 5785 (1)
525 5714 630 5768 An.
657 5713 764 5769 278
794 5712 1121 5785 Aurelianus
1153 5711 1302 5785 imp.
1359 5711 1413 5766 in
1445 5711 1676 5785 Thracia
1716 5729 1755 5785 _a
1809 5718 1923 5775 suis

342 5781 657 5858 occiditt_tr,_
677 5783 815 5858 etei
866 5781 1373 5858 succedit_Tacitus
1405 5797 1479 5837 vn
1527 5783 1647 5839 Kal.
1701 5782 1920 5858 Octob...

347 5866 409 5912 ut
437 5855 598 5910 tradit
619 5854 904 5924 Vopiscus.
943 5853 1078 5909 Vide
1105 5852 1304 5907 Baron.
1335 5854 1436 5909 hoc
1458 5869 1624 5912 anno.

671 5952 940 6011 ΡΑτιιοι..
975 5951 1083 6010 Gn.
1124 5949 1293 6016 CXV.

1944 4602 1996 4662 1)

2020 4645 2242 4709 debant,
2297 4644 2384 4698 vel
2415 4658 2512 4712 pro
2535 4643 2660 4698 ludo
2683 4645 2959 4700 ducebant
2983 4647 3230 4703 homines
3257 4648 3587 4716 interficere,

2020 4751 2145 4792 eum
2176 4735 2440 4791 vidissent
2472 4745 2720 4790 sanctum
2754 4737 2930 4793 solum
2975 4753 3070 4806 per
3091 4739 3232 4794 viam
3274 4751 3514 4804 euntem,
3542 4744 3588 4797 si

2020 4828 2150 4900 quid
2177 4827 2398 4898 quidem
2429 4829 2693 4883 afferebat
2716 4829 2920 4893 viatici,
2955 4831 3005 4886 id
3045 4832 3154 4886 cito
3192 4831 3539 4888 abstulerunt
3573 4851 3589 4888 :

2021 4936 2160 4991 pone
2191 4928 2372 4974 autem
2403 4921 2646 4975 vinctum
2675 4920 2941 4977 ambabus
2992 4923 3265 4988 manibus,
3315 4933 3370 4978 et
3410 4923 3591 4979 ferreo

2020 5011 2204 5066 collari
2231 5012 2370 5067 collo
2405 5013 2526 5083 ejus
2569 5012 2792 5083 injecto,
2822 5014 2986 5068 veluti
3019 5015 3311 5084 quamdam
3352 5016 3587 5084 praedam

2020 5105 2152 5162 ferae
2194 5106 2459 5161 immanes
2512 5107 2565 5160 in
2621 5123 2775 5162 suam
2839 5107 3152 5178 speluncam
3218 5109 3585 5166 abduxerunt.

2022 5197 2202 5267 Atque
2227 5196 2358 5252 olim
2396 5197 2616 5268 quidem
2665 5197 2770 5253 fuit
2822 5207 3113 5253 accusatus
3151 5201 3586 5269 populusJudae-

2021 5303 2202 5354 orum,
2233 5288 2378 5358 quod
2432 5303 2650 5343 sacrum
2691 5289 2822 5344 illud
2869 5290 3129 5360 templum
3187 5291 3406 5347 fecisset
3471 5305 3594 5361 spe-

2021 5380 2240 5435 luncam
2271 5381 2542 5435 latronum
2585 5381 2682 5436 :in
2732 5383 3017 5452 przesentia
3047 5392 3225 5438 autem
3263 5399 3351 5437 res
3402 5392 3592 5439 contra

2023 5485 2082 5526 se
2109 5471 2291 5526 habet.
2323 5471 2456 5526 Nam
2495 5472 2637 5528 banc
2690 5473 2963 5528 latronum
3009 5473 3348 5545 speluncam,
3382 5473 3592 5528 videbis

2098 5715 2175 5784 (2)
2209 5715 2549 5773 S.Chariton
2574 5715 2866 5771 dimittitur
2906 5733 2938 5771 e
2987 5715 3252 5781 custodia,
3303 5731 3370 5770 ex
3417 5713 3591 5770 Taciti

2024 5785 2208 5843 edicto
2240 5797 2374 5843 trste
2416 5787 2650 5843 Baronio
2689 5802 2833 5843 anno
2857 5787 2980 5844 279.

3277 5954 3351 6016 29
