4060 6458
537 487 641 548 907

1774 468 2057 532 MENSIS
2097 465 2385 527 SEPTEM
2400 464 2568 525 BER.

3641 466 3731 530 908

534 603 602 657 ab
629 615 692 654 eo
735 597 901 650 fuisse
944 593 1138 647 factam
1199 588 1290 642 Dei
1375 584 1659 643 ecclesiam
1697 601 1710 638 :
1762 581 2119 653 quemadmo-

2225 576 2465 646 ἔμπαλιν
2518 571 2912 645 πεπραγμένον
2960 569 3119 625 ἐστί⁶
3160 569 3221 625 τὸ
3262 572 3366 643 γάρ
3415 572 3514 628 τῶν
3559 575 3745 649 λῃστῶν

537 695 664 749 dum
694 698 902 751 autem,
937 685 1200 754 deinceps
1229 679 1609 737 ostendemus.

610 953 723 1011 νη.
765 949 846 1006 llli
872 954 1054 1003 autem
1082 937 1360 1002 scelerati,
1410 947 1536 988 eum
1569 936 1818 986 sanctum
1858 923 2111 995 reliquis-

543 1058 668 1105 sent
700 1045 949 1100 vinclum
987 1038 1042 1092 in
1100 1034 1244 1088 dicta
1299 1027 1580 1099 spelunca,
1621 1024 1730 1078 huc
1775 1029 1829 1076 et
1871 1019 2018 1082 illuc,
2053 1026 2114 1071 ut

540 1141 624 1196 eis
657 1151 780 1192 mos
807 1141 946 1196 erat,
979 1128 1097 1183 vias
1127 1123 1355 1178 obibant
1376 1117 1642 1188 publicas,
1695 1113 1740 1168 si
1772 1111 1911 1167 l'orte
1935 1109 2113 1164 viato-

547 1230 699 1285 ribus
746 1223 968 1280 solitum
1018 1216 1218 1271 allerre
1263 1216 1490 1281 possent
1528 1205 1775 1260 exitium.
1809 1201 1902 1256 Ille
1932 1208 2113 1254 autem

549 1322 792 1392 primum
828 1312 1050 1384 quidem
1093 1306 1235 1362 ludit
1283 1316 1496 1374 preces,
1520 1307 1576 1354 et
1604 1297 1718 1351 Deo
1751 1294 1862 1366 egit
1890 1291 2114 1364 gratias,

539 1409 819 1466 molestias
871 1405 1128 1458 lubenter
1189 1393 1496 1465 suscipiens
1541 1395 1762 1460 propter
1797 1400 1937 1450 eam,
1994 1398 2116 1453 qua:

544 1503 697 1556 iilinc
751 1504 1026 1566 speratur,
1077 1483 1576 1543 remunerationem
1633 1496 1648 1533 :
1697 1475 1894 1532 deinde
1951 1472 2116 1527 etiam

549 1587 847 1657 malignum
873 1581 1201 1639 daemonem,
1246 1572 1339 1643 qui
1369 1569 1486 1625 hac
1521 1568 1785 1623 adversus
1834 1577 1959 1618 eum
2001 1569 2119 1615 erat

545 1655 913 1738 machinatus,
945 1672 1025 1726 sic
1075 1665 1376 1723 fortissime
1422 1661 1723 1732 alloquitur
1778 1675 1793 1716 :
1837 1655 2118 1725 Tanquam

541 1768 634 1836 qui
667 1764 868 1820 mortis
901 1756 1207 1831 perieulum
1246 1751 1624 1811 formidarem,
1673 1746 1835 1801 hisne
1887 1758 1973 1798 me
2006 1753 2121 1796 tra-

2210 669 2364 722 τουτὶ
2386 667 2652 738 σπήλαιον
2681 665 2980 737 ἐκκλησίαν
3008 662 3142 716 Θεοῦ
3169 663 3295 733 παρ’
3318 666 3468 720 αὐτοῦ
3495 671 3747 740 γενόμενον

2209 761 2369 828 ὕφει.
2421 763 2567 824 ὅπως
2615 759 2675 812 δὲ
2734 759 2829 812 καὶ
2877 758 3002 810 τίνα
3058 754 3150 807 τὸν
3190 756 3486 825 τρόπον,τά
3515 761 3630 832 ἑξῆς
3668 765 3748 818 τοῦ

2210 852 2368 921 λόγου
2394 849 2625 921 δηλώσει
2663 850 2870 918 σαφῶς.

2281 941 2353 997 Z'.
2394 943 2624 995 Ἐκεῖνοι
2652 941 2751 1011 μὲν
2779 938 2894 1004 οὖν,
2915 940 3109 1011 ὥσπερ
3139 940 3372 1010 ἔφημεν,
3396 941 3444 993 oi
3466 942 3754 1011 ἀλάστορες,

2211 1033 2438 1102 δέσμιον
2470 1033 2528 1086 ἐν
2553 1031 2630 1101 τῷ
2667 1032 2967 1102 δηλωθέντι
2997 1031 3098 1102 ἤδη
3128 1033 3376 1102 σπηλαίῳ
3401 1035 3755 1102 καταλιπόντες

2213 1124 2307 1178 τὸν
2333 1123 2512 1192 ἅγιον,
2539 1124 2637 1176 καὶ
2667 1117 2768 1176 ὧδε
2801 1124 2936 1193 περὶ
2962 1123 3060 1187 τὰς
3087 1123 3417 1194 λεωφόρους,
3442 1125 3512 1188 ὡς
3543 1125 3650 1190 ἔθος
3671 1130 3756 1181 αὐ-

2214 1219 2362 1282 τοῖς,
2395 1216 2719 1287 περιῄεσαν,
2756 1215 2811 1267 εἴ
2840 1234 2941 1268 που
2960 1217 3056 1270 καὶ
3085 1215 3265 1279 ἄλλοις
3293 1217 3399 1270 τῶν
3420 1218 3690 1289 ὁδοιπόρων
3708 1223 3758 1275 τὸ

2219 1303 2446 1374 σύνηθες
2471 1303 2627 1356 αὐτοὶ
2648 1304 2818 1358 κακὸν
2848 1304 3086 1358 ἔσονται.
3127 1305 3186 1358 '0
3213 1305 3269 1358 δὲ
3303 1305 3490 1375 πρῶτα
3545 1309 3636 1377 μὲν
3683 1311 3755 1363 εύ-

2216 1394 2320 1464 χὰς
2373 1394 2627 1448 ἀπεδίδου
2699 1393 2795 1447 καὶ
2847 1395 3119 1464 ὡμολόγει
3167 1395 3287 1465 Θεῷ
3335 1397 3574 1465 χάριτας,
3613 1399 3760 1469 ἡδέως

2218 1484 2508 1555 ὑπομένων
2544 1485 2610 1538 τα
2638 1483 2880 1555 λυπηρά,
2905 1484 2996 1538 διὰ
3037 1484 3137 1557 τὴν
3177 1485 3384 1538 ἐκεῖθεν
3434 1486 3762 1561 ἐλπιζομένην

2217 1579 2490 1634 ἀντίδοσιν
2512 1596 2529 1618 -'
2565 1580 2763 1634 ἔπειτα
2787 1581 2882 1634 καὶ
2907 1581 2986 1651 τῷ
3019 1581 3248 1636 τοιαῦτα
3268 1584 3640 1654 τεχνασαμένῳ
3658 1585 3763 1637 κατ’

2218 1667 2384 1720 αὐτοῦ
2411 1667 2637 1739 πονηρῷ
2665 1669 2880 1739 δαίμονι
2905 1670 3108 1724 οὑτωσί
3143 1687 3264 1730 πως
3301 1672 3659 1742 ἀνδρικώτατα
3674 1675 3767 1727 διε·

2223 1755 2416 1825 λέγετο
2439 1773 2453 1788 ’
2498 1758 2588 1821 Ὠς
2641 1760 2926 1815 δειλιῶντά
2965 1779 3033 1832 με
3067 1761 3166 1832 τὴν
3199 1760 3298 1815 τοῦ
3339 1761 3567 1830 θανάτου
3597 1769 3765 1836 πεῖραν

543 1859 733 1914 didisti
774 1850 1087 1924 parricidis,
1133 1863 1166 1904 o
1193 1845 1422 1900 sceleste
1460 1857 1560 1896 :an
1592 1837 1992 1910 prohibiturus,
2051 1847 2121 1888 ne

2222 1851 2336 1912 τοῖς
2395 1850 2744 1920 ἀνδροφόνοις
2802 1853 3011 1914 τούτοις
3087 1852 3271 1923 φέρων
3353 1856 3681 1925 παρέδωκας,
3731 1850 3770 1908 ὦ

540 1953 607 2007 ad
653 1919 906 2006 ell‘eetum
948 1957 1131 1999 meum
1167 1939 1347 1995 veniat
1379 1930 1754 2007 propositum?
1801 1929 1857 1984 Si
1880 1929 2114 2000 primum

2225 1941 2468 2011 μιαρέ,ἢ
2605 1941 2703 2012 τὴν
2728 1941 2866 2012 ἐμὴν
2905 1919 3171 1996 κωλύσων
3199 1945 3286 2008 εἰς
3315 1919 3470 2014 ἔργον
3518 1947 3769 2016 προελθεῖν
3835 1971 3838 1974 ~

541 2043 789 2114 quidem,
823 2047 885 2092 ut
914 2035 1008 2105 qui
1049 2031 1143 2086 Dei
1171 2029 1397 2102 gratiam
1430 2029 1629 2081 bonam
1673 2022 1904 2077 habeam
1934 2027 2116 2073 custo-

539 2135 702 2198 dem,
761 2135 997 2184 mortem
1041 2123 1266 2180 omnino
1315 2117 1560 2187 despicio
1601 2133 1614 2168 :
1659 2114 1743 2168 sin
1792 2121 1996 2172 autem,
2058 2117 2118 2163 ut

541 2239 630 2280 me
665 2221 956 2293 prohibeas
987 2231 1017 2270 a
1066 2228 1189 2269 meo
1230 2228 1297 2266 ex
1325 2209 1544 2266 Christo
1571 2205 1789 2260 vivendi
1816 2201 2111 2267 desiderio,

481 2321 490 2329 '
545 2314 684 2370 nihil
719 2310 941 2366 omnino
968 2305 1190 2370 cﬂicies,
1223 2303 1268 2358 si
1316 2303 1431 2372 ipse
1465 2298 1591 2353 velit
1626 2315 1639 2350 :
1671 2297 1786 2352 vult
1831 2309 1960 2350 vero
2000 2307 2117 2348 om-

542 2405 702 2469 nino,
734 2402 990 2472 quoniam
1019 2396 1214 2470 gaudet
1245 2395 1368 2449 vitae
1397 2401 1452 2448 et
1483 2393 1678 2446 animae
1701 2388 1890 2443 videns
1927 2400 2120 2458 purga-

543 2499 774 2560 tionem,
813 2502 978 2562 utque
1033 2489 1226 2544 habeat
1257 2485 1625 2548 occasionem,
1655 2496 1780 2536 cum
1823 2480 1893 2534 sit
1921 2479 2116 2541 bonus,

541 2588 681 2643 bona
704 2582 983 2656 prxhendi
1033 2581 1124 2645 iis,
1151 2579 1242 2650 qui
1284 2585 1414 2632 sunt
1470 2573 1698 2630 studiosi
1730 2569 1965 2625 virtutis.
2012 2567 2119 2623 Sed

541 2693 668 2735 cum
708 2677 826 2732 haec
855 2673 1076 2745 quidem
1115 2671 1195 2726 sic
1249 2669 1316 2726 ab
1362 2683 1428 2723 eo
1485 2666 1819 2729 dicerentur,
1849 2663 2037 2732 vipera
2065 2661 2120 2714 in

542 2790 642 2830 vas
675 2771 949 2843 quoddam
989 2780 1340 2840 proserpens,
1382 2763 1526 2834 quod
1557 2771 1674 2817 erat
1712 2760 1838 2816 vino
1876 2759 2116 2830 plenum,

543 2869 767 2938 impleta
803 2874 888 2920 est
917 2876 1088 2932 usque
1114 2860 1180 2915 ad
1204 2859 1511 2914 satietatem
1543 2871 1556 2908 :
1590 2854 1785 2910 deinde
1806 2867 1915 2907 non
1940 2866 2119 2912 secus,

540 2969 708 3030 atque
735 2957 867 3012 mali
903 2955 1176 3018 homines,
1207 2965 1307 3020 pro
1333 2947 1600 3004 beneﬁcio
1630 2945 1832 3000 malum
1867 2943 2120 3007 reddens,

545 3061 602 3105 et
634 3058 820 3118 potum
866 3055 1078 3098 veneno
1125 3051 1509 3102 remunerans,
1563 3033 1810 3088 recessit.
1860 3031 2123 3087 Latrones

541 3150 724 3199 autem
757 3150 884 3192 cum
912 3134 1130 3188 domum
1154 3129 1459 3191 rediissent,
1484 3133 1544 3180 ut
1569 3127 1657 3195 qui
1686 3125 1770 3179 siti
1794 3125 2120 3192 laborarent,

545 3245 758 3288 merum
789 3227 1010 3298 quidem
1045 3221 1228 3279 statim
1262 3219 1547 3283 hauriunt,
1583 3225 1638 3272 et
1667 3217 1825 3272 simul
1877 3217 2120 3271 moriun-
2151 3257 2195 3315 ο

545 3333 635 3378 tur
670 3339 685 3376 :
726 3330 780 3376 ct
811 3318 893 3373 sic
931 3315 1057 3370 mali
1099 3329 1128 3366 a
1162 3311 1304 3367 malo
1339 3312 1662 3383 puniuntur,
1693 3317 1748 3363 et
1789 3323 1887 3377 pro
1937 3308 2123 3362 multis

545 3410 750 3480 injuria
811 3404 1028 3462 allectis
1081 3402 1261 3458 divina
1291 3399 1499 3470 justitia
1529 3397 1597 3452 de
1625 3398 1693 3452 iis
1716 3395 1938 3451 meritas
1959 3397 2125 3450 sumit

543 3517 756 3576 pmnas.
827 3499 1036 3552 Dehinc
1091 3493 1550 3550 exsecrandorum
1595 3491 1809 3544 illorum
1853 3491 2124 3543 latronum

547 3590 945 3654 habitaculum,
975 3588 1117 3643 sicut
1149 3601 1269 3640 sum
1321 3583 1594 3654 pollicitus
1625 3582 1809 3635 dicere
1832 3619 1846 3646 ,
1890 3581 1949 3635 lit
1994 3595 2121 3635 san-

543 3695 694 3741 ctum
719 3680 810 3736 Dei
851 3678 1134 3749 templum,
1156 3677 1297 3746 quod
1313 3690 1460 3728 nunc
1473 3671 1936 3742 vocaturAnliqua
1953 3670 2126 3725 eccle-

527 3776 832 3842 -sia,etsita
868 3782 1130 3842 estprope
1154 3765 1816 3830 sanctissimamLauram,
1844 3779 1962 3834 quae
1987 3763 2125 3817 Pha-

548 3885 642 3925 rus
665 3866 882 3931 dicitur,
911 3862 1127 3918 condita
1167 3860 1235 3914 ab
1259 3859 1364 3914 hoc
1397 3874 1590 3929 magno
1609 3857 1902 3911 Charitone
1934 3873 1948 3910 :
2003 3855 2125 3909 ride

545 3971 730 4017 autem
799 3960 918 4014 haec
945 3969 1159 4026 quoque
1188 3967 1349 4023 quam
1395 3951 1676 4022 pulchram
1736 3958 1792 4004 et
1833 3947 2125 4002 admirabi-

538 4055 651 4108 ‘lcm
685 4053 1011 4106 invenerunt
1057 4044 1546 4114 dispensationem.
1582 4040 1722 4107 Quid
1772 4042 1921 4098 enim
1961 4041 2040 4107 lit,
2071 4049 2125 4094 et

546 4158 658 4215 quo
683 4158 772 4198 res
797 4142 916 4214 ejus
943 4136 1282 4210 procedunt?

620 4337 766 4393 Ylll.
797 4337 1003 4406 Captus
1036 4335 1412 4405 improborum
1457 4334 1736 4397 manibus,
1760 4342 1821 4388 ut
1844 4333 1953 4404 jam
1995 4343 2123 4388 ante

556 4429 928 4493 ostendimus,
955 4442 984 4480 a
1014 4428 1119 4494 \ia,
1149 4441 1269 4496 quae
1296 4426 1549 4481 tendebat
1575 4425 1945 4497 Hierosolyma
1977 4427 2125 4481 utili-

551 4529 635 4574 ter
664 4527 885 4574 arcetur
931 4535 944 4572 :
993 4521 1164 4571 instar
1187 4515 1386 4586 captivi
1439 4516 1656 4571 ducitur
1682 4516 1737 4570 in
1783 4515 2118 4586 speluncam,

2222 2031 2482 2102 πρόθεσιν
2518 2050 2534 2098 ;
2565 2033 2626 2086 Εί
2665 2033 2766 2104 μὲν
2806 2029 2899 2088 οὖν
2929 2033 2992 2087 τὸ
3026 2037 3246 2106 πρῶτον
3279 2036 3416 2090 αὑτά
3446 2053 3502 2089 σε
3529 2037 3687 2090 πείθει
3714 2038 3770 2091 τὰ

2222 2123 2523 2192 πράγματα
2567 2123 2788 2206 ώςέγὼ
2834 2125 2935 2194 τὴν
2993 2125 3086 2178 τοῦ
3143 2127 3284 2180 Θεοῦ
3346 2127 3531 2199 χάριν,
3584 2129 3769 2198 ἀγαθὴν

2222 2213 2362 2284 ἔχων
2388 2216 2644 2286 φρουρὸν,
2670 2217 2868 2280 παντὸς
2896 2217 3131 2272 θανάτου
3164 2221 3498 2290 καταφρονῶ
3517 2236 3532 2250 ο
3566 2223 3613 2273 εί
3635 2221 3683 2273 δέ
3719 2221 3771 2273 τὸ

2223 2309 2466 2363 κωλῦσαί
2500 2328 2567 2381 με
2597 2311 2698 2381 τῆς
2727 2312 3029 2382 ἐπιθυμίας
3056 2313 3150 2366 τοῦ
3175 2313 3344 2383 ζῆσαι
3371 2315 3511 2365 κατὰ
3530 2311 3767 2383 Χρισίδν,

2223 2400 2444 2464 ἀνύσεις
2479 2403 2541 2455 τὸ
2593 2403 2858 2474 παράπαν
2893 2403 3046 2457 οὐδὲν
3077 2403 3249 2457 αὐτοῦ
3285 2402 3604 2474 βουλομένου
3628 2418 3643 2434 ο
3670 2401 3773 2473 βού-

2224 2491 2374 2546 λεται
2411 2492 2466 2546 δὲ
2510 2493 2761 2557 πάντως·
2800 2495 2925 2548 ἐπεὶ
2956 2495 3052 2548 καὶ
3109 2495 3321 2567 χαίρει,
3345 2494 3464 2563 βίου
3495 2495 3583 2546 καὶ
3619 2491 3773 2561 ψυχῆς

2223 2583 2366 2657 ὁρῶν
2400 2583 2690 2656 κάθαρσιν,
2718 2585 2784 2638 ἵν’
2815 2585 2928 2658 ἔχει
2956 2587 3263 2658 πρόφασιν,
3291 2586 3494 2656 ἀγαθὸς
3516 2584 3587 2638 ὢν
3616 2581 3770 2651 ἀγαθά

2224 2675 2490 2746 παρέχειν
2535 2677 2650 2738 τοῖς
2684 2675 3020 2745 φιλαρέτοις.
3090 2676 3262 2730 Ἀλλά
3313 2677 3520 2729 τούτων
3545 2671 3638 2728 ὦδε
3665 2669 3774 2741 παρ’

2224 2767 2387 2821 αὑτοῦ
2419 2766 2755 2838 λεγομένων,
2806 2768 2946 2839 ἔχις,
2969 2768 3077 2822 τῶν
3102 2769 3323 2824 σκευῶν
3363 2786 3466 2822 τινι
3504 2761 3776 2837 προσερπύ-

2227 2877 2388 2926 σασα,
2412 2862 2548 2931 ὅπερ
2576 2861 2720 2913 οἴνου
2753 2860 2954 2931 μεστὸν
2984 2858 3072 2932 ἢν,
3106 2865 3199 2913 καὶ
3231 2862 3314 2925 είς
3359 2860 3518 2929 κόρον
3561 2861 3775 2926 ἐμφορη-

2227 2952 2419 3005 θεῖσαο
2477 2947 2599 3004 εἷτα
2652 2953 2795 3005 κατὰ
2832 2953 2958 3015 τοὺς
2997 2955 3277 3022 πονηροὶς
3331 2953 3439 3004 τῶν
3488 2948 3774 3019 ἀνθρώπων,

2226 3041 2381 3114 κακῷ
2409 3042 2507 3113 τὴν
2532 3042 2852 3112 εὐεργεσίαν
2879 3043 3251 3115 ἀμειϐομένη,
3287 3046 3383 3096 καὶ
3418 3044 3493 3095 ίὸν
3516 3037 3777 3094 ἀντιδοῦσα

2226 3135 2326 3206 τῆς
2353 3135 2589 3200 πόσεως,
2617 3136 3016 3206 ἀπηλλάττετο,
3040 3137 3103 3189 Οί
3130 3136 3338 3206 λῃσταὶ
3379 3134 3434 3186 δὲ
3468 3133 3599 3185 οίκοι
3636 3143 3778 3183 κατα-

2227 3225 2502 3290 λαϐόντες,
2519 3226 2614 3280 ἆτε
2639 3227 2780 3296 δίψει
2802 3227 3264 3296 κατειλημμένοι,
3290 3225 3469 3280 σπῶσι
3497 3223 3588 3294 μὲν
3608 3219 3779 3278 εὐθέως

2226 3315 2322 3369 τοῦ
2381 3319 2648 3388 ἀκράτου,
2701 3318 3002 3387 θνήσκουσι
3050 3317 3108 3370 δὲ
3165 3317 3313 3388 ὁμοῦ
3344 3333 3358 3348 ·
3412 3317 3507 3368 καὶ
3558 3312 3711 3372 οὕτως
3738 3307 3778 3359 οἱ

2226 3409 2389 3462 κακοὶ
2422 3407 2502 3479 τῷ
2534 3408 2690 3480 κακῷ
2723 3410 3125 3480 τιμωροῦνται,
3162 3410 3268 3462 κοιλ.
3303 3407 3516 3462 πολλῶν
3547 3400 3780 3474 ἠδικημέ-

2226 3517 2332 3553 νων
2363 3500 2642 3571 ἐκδίκησιν
2677 3503 2710 3572 ὴ
2744 3501 2864 3553 θεία
2894 3499 3019 3570 δίκη
3065 3502 3239 3554 ποιεῖ.
3284 3498 3564 3552 Ἐντεῦθεν
3598 3497 3650 3549 τὸ
3691 3492 3781 3544 τῶν

2229 3592 2443 3664 μιαρῶν
2474 3591 2698 3645 ἐκείνων
2727 3591 2938 3663 λῃστῶν
2975 3591 3364 3663 καταγώγιον,
3389 3593 3526 3662 ὅπερ
3552 3592 3783 3657 ἐπηγγει-

2151 3751 2154 3756 _
2224 3687 2408 3756 λάμην
2443 3686 2638 3750 εἰπεῖν,
2666 3684 2794 3747 ναὸς
2825 3684 2959 3738 Θεοῦ
2997 3685 3154 3752 ἅγιος
3182 3685 3434 3752 γίνεται,
3455 3685 3513 3747 ὃς
3549 3685 3580 3752 ἡ
3607 3676 3782 3733 παλαιὰ

2226 3780 2321 3833 νῦν
2390 3776 2686 3847 Ἐκκλησία
2723 3777 3173 3848 κατονομάζεται,
3221 3777 3320 3832 καὶ
3384 3777 3518 3847 πρὸς
3538 3778 3598 3845 τῇ
3624 3774 3790 3836 εὐαγε-

2229 3871 2398 3942 στάτῃ
2454 3869 2688 3941 Λαύρᾳ,
2739 3871 2806 3939 τῇ
2863 3868 3131 3940 λεγομένῃ
3189 3871 3400 3940 Φάρος,
3451 3861 3781 3927 διάκειται,ἢ

2227 3964 2332 4017 ὑπὸ
2365 3963 2460 4016 τοῦ
2504 3962 2746 4032 μεγάλου
2792 3961 2986 4014 τούτου
3045 3961 3378 4032 Χαρίτωνος
3425 3963 3525 4030 τὴν
3557 3957 3784 4011 σύστασιν

2225 4057 2406 4126 ἔσχεν.
2431 4055 2574 4126 Ὅρα
2600 4053 2659 4107 δὲ
2687 4054 2778 4106 καὶ
2808 4053 3005 4118 ταῦτα,
3031 4054 3150 4115 πῶς
3183 4055 3370 4124 καλὴν
3408 4049 3533 4123 εὗρε
3563 4054 3648 4104 καὶ
3671 4047 3784 4099 θαυ-

2228 4147 2442 4218 μαστὴν
2468 4146 2568 4218 τὴν
2597 4145 3020 4214 οίκονομίαν.Τί
3052 4145 3163 4216 γάρ
3191 4147 3415 4216 γίνεται
3450 4143 3546 4198 καὶ⁹
3583 4144 3696 4195 ὅποι
3729 4135 3786 4189 τὰ

2227 4238 2347 4294 κατ’
2380 4238 2544 4292 αὑτὸν
2573 4237 2820 4306 πρόεισιν
2840 4253 2856 4302 ;

2297 4330 2378 4386 Η’.
2407 4331 2557 4385 "lle
2587 4334 2704 4394 ταῖς
2735 4331 2962 4401 ἀνόμοις
2989 4330 3096 4384 τῶν
3125 4330 3474 4403 κακούργων
3507 4327 3705 4399 χερσὶν,
3727 4321 3787 4382 ὡς

2224 4427 2327 4496 ἤδη
2359 4424 2665 4494 φθάσαντες
2703 4421 3080 4492 ἐδηλώσαμεν,
3103 4423 3204 4492 τῆς
3229 4425 3331 4476 ἐπὶ
3355 4425 3425 4477 τά
3465 4417 3786 4490 Ἱεροσόλυμα

2226 4517 2498 4588 φερούσης
2556 4515 2854 4577 λυσιτελῶς
2916 4514 3163 4586 εἴργεται
3235 4513 3589 4586 αἰχμαλώτου
3635 4509 3788 4574 δίκηνο

550 4613 816 4666 adversus
852 4608 1156 4680 parricidas
1187 4609 1347 4663 struit
1373 4608 1565 4672 aciem,
1613 4623 1723 4662 non
1763 4623 1972 4674 ensem,
2011 4622 2121 4660 non

2227 4610 2318 4662 ἐπὶ
2347 4609 2406 4662 τὸ
2441 4608 2709 4677 σπήλαιον
2738 4607 2954 4675 ἄγεται,
2981 4606 3421 4673 παρατάσσεται
3455 4607 3567 4666 τοῖς
3602 4596 3789 4671 μιαιφό-

547 4706 818 4774 elypeum,
913 4716 1025 4755 non
1123 4700 1309 4764 telum,
1361 4715 1466 4754 non
1549 4700 1729 4768 aliqua
1790 4699 1893 4753 alia
1974 4713 2122 4752 arma

547 4795 816 4856 inferens,
867 4792 1068 4862 quibus
1121 4807 1182 4846 se
1226 4801 1411 4861 posset
1448 4790 1648 4844 ulcisci
1703 4807 1715 4842 :
1767 4790 1862 4844 sed
1924 4791 2124 4844 sanctis

547 4885 828 4954 precibus,
861 4883 1001 4938 sicut
1043 4883 1172 4938 olim
1221 4882 1486 4936 adversus
1530 4881 1859 4936 Amaleeilas
1924 4880 2121 4946 Moses,

548 4975 907 5028 etiamsinon
944 4972 1182 5026 extensis
1217 4972 1470 5026 manibus
1521 4973 1655 5042 (erat
1681 4976 1824 5027 enim
1859 4974 2120 5042 vinetus).

551 5065 649 5120 sed
677 5081 798 5135 qua:
834 5065 1050 5120 easdem
1081 5064 1345 5118 haberent
1381 5065 1545 5126 vires,
1577 5074 1631 5119 et
1661 5082 1724 5120 cx
1755 5081 1912 5134 aequo
1949 5066 2120 5120 audiri

554 5166 801 5226 possent,
837 5156 1002 5209 veluti
1031 5155 1357 5224 quibusdam
1397 5155 1518 5209 telis
1547 5157 1842 5212 sceleratos
1884 5157 2006 5211 ferit
2031 5173 2123 5211 ve-

550 5263 697 5303 neno
720 5247 944 5316 viperae.
984 5246 1185 5300 Deinde
1206 5246 1374 5316 quid?
1420 5246 1530 5301 Sua
1573 5259 1767 5317 Sponte
1799 5247 2032 5301 solvitur
2056 5246 2124 5300 ab

551 5345 642 5407 iis,
671 5342 867 5412 quibus
909 5341 1214 5404 tenebatur,
1261 5339 1535 5395 vinculis:
1570 5340 1630 5393 lit
1683 5349 1862 5394 autem
1909 5353 2125 5394 succes-

554 5451 648 5491 sor
687 5431 959 5504 pecunia},
991 5447 1110 5500 quae
1167 5431 1310 5486 male
1344 5432 1570 5486 collecta
1611 5431 1813 5485 fuerat.
1865 5429 1939 5484 Ea
1994 5446 2124 5484 vero

551 5532 702 5580 recte
727 5522 1094 5588 distribuitur,
1146 5522 1316 5592 fitquc
1372 5524 1489 5592 ipse
1533 5520 1702 5574 divini
1735 5519 1991 5590 prreccpli
2025 5522 2122 5574 ad-

549 5615 820 5678 minister,
859 5622 918 5667 ut
945 5615 1036 5682 qui
1069 5623 1278 5682 partem
1313 5614 1533 5683 quidem
1563 5613 1911 5682 pauperibus,
1943 5622 1997 5666 et
2038 5614 2122 5676 iis,

549 5706 644 5774 qui
703 5704 760 5758 in
809 5705 1109 5760 solitudine
1147 5706 1403 5775 agebant,
1459 5704 1713 5760 Patribus
1759 5704 2121 5759 distribuerit.

551 5793 721 5846 Erant
755 5804 936 5849 autem
978 5805 1106 5850 tunc
1148 5796 1253 5849 rari
1316 5805 1370 5850 et
1427 5811 1538 5850 non
1571 5795 1724 5850 valde
1782 5811 1974 5865 magno
2026 5811 2127 5850 nu-

563 5894 762 5937 mero:
817 5886 910 5952 qui
977 5885 1079 5954 ipsi
1124 5900 1344 5956 quoque
1397 5897 1643 5960 tempore
1697 5887 2118 5958 persecutionis,

2226 4717 2333 4762 νοις
2355 4714 2370 4730 ο
2394 4698 2494 4753 ούκ
2521 4699 2746 4769 αἰχμὴν,
2781 4696 2880 4749 οὐκ
2903 4696 3128 4763 ἀσπίδα,
3174 4695 3240 4750 οὐ
3277 4695 3460 4765 βέλος,
3493 4694 3590 4764 οὐχ
3630 4685 3790 4758 ἔτερόν

2223 4809 2275 4845 τι
2323 4791 2432 4845 τῶν
2480 4788 2840 4860 ἀμυντηρίων
2891 4787 3243 4858 ἐπαγόμενος
3284 4789 3514 4842 ὃπλων·
3543 4783 3715 4854 εὐχαῖς
3742 4776 3789 4829 δὲ

2227 4882 2436 4950 ἁγίαις,
2466 4881 2719 4952 καθάπερ
2756 4879 2899 4934 κατά
2953 4877 3064 4932 τῶν
3116 4878 3522 4950 Ἀμαληκιτῶν
3553 4870 3786 4937 Μωῦσῆςι

2227 4977 2276 5027 εί
2307 4973 2402 5027 καὶ
2443 4973 2517 5042 μὴ
2550 4971 2772 5024 ἐκτάσει
2800 4967 2998 5040 χειρῶν
3023 4963 3176 5034 οὗτος
3242 4970 3487 5039 (ἐδέδετο
3519 4966 3664 5036 γάρ),
3693 4962 3786 5012 ίσο-

2225 5066 2483 5135 δυνάμοις
2518 5062 2574 5115 δὲ
2602 5063 2698 5114 καὶ
2726 5062 2786 5112 τὸ
2821 5061 3052 5128 εὐήκοον
3086 5059 3291 5130 ἐπίσης
3324 5059 3588 5131 ἐχούσαις
3627 5050 3782 5125 βάλλει

2225 5158 2350 5218 τοὺς
2383 5153 2762 5224 παλαμναίους
2811 5147 2922 5204 οἷόν
2962 5169 3074 5206 τισι
3110 5152 3299 5223 βέλεσι
3350 5154 3430 5222 τῷ
3463 5153 3563 5221 τῆς
3603 5146 3782 5218 ἐχίδνης

2231 5249 2311 5319 ίῷ.
2336 5245 2470 5301 Εἶτα
2499 5244 2590 5314 τίς
2622 5245 2746 5299 Τῶν
2788 5241 2870 5308 οἷς
2911 5244 3012 5314 μὲν
3042 5246 3339 5316 ἐκρατεῖτο
3379 5245 3618 5315 δεσμῶν,
3657 5236 3790 5293 aim-

2229 5345 2414 5414 μάτως
2443 5339 2673 5393 λύεται·
2709 5337 2955 5406 διάδοχος
2999 5336 3056 5390 δὲ
3079 5334 3191 5389 τῶν
3228 5337 3430 5401 κακῶς
3467 5325 3796 5398 συνειλεγμὲοι

2226 5449 2331 5484 νων
2358 5431 2658 5502 χρημάτων
2688 5429 2918 5498 γίνεται.
2956 5428 3254 5492 Οἰκονομεῖ
3284 5427 3471 5481 ταῦτα
3516 5425 3689 5487 καλῶς
3714 5411 3824 5474 καὶ”

2228 5520 2501 5588 ὑπουργὸς
2529 5517 2679 5580 θείας
2703 5517 2923 5585 ἐντολῆς
2950 5515 3258 5578 δείκνυται,
3284 5515 3410 5568 ἔνια
3444 5516 3545 5584 μὲν
3586 5509 3799 5580 πτωχοῖς

2228 5613 2322 5665 καὶ
2365 5613 2475 5673 τοῖς
2522 5610 2608 5661 ἐπ’
2673 5609 2910 5678 ἐρημίας
2962 5607 3140 5674 ἁγίοις
3189 5606 3494 5676 διανείμας
3549 5601 3800 5673 Πατοράσι.

2230 5701 2453 5755 Σπάνιοι
2485 5700 2541 5752 δέ
2568 5693 2714 5753 οὗτοι
2763 5701 2857 5752 καὶ
2895 5697 3116 5769 ἀριθμῷ
3146 5695 3407 5766 βραχεῖς,
3437 5697 3534 5749 καὶ
3583 5695 3728 5750 αύτοὶ
3753 5691 3804 5743 δὲ

2228 5795 2368 5846 κατά
2400 5793 2496 5856 τὰς
2517 5792 2610 5844 τοῦ
2641 5789 2884 5860 διωγμοῦ
2913 5789 3128 5860 ἡμέρας
3169 5787 3276 5857 τὴν
3305 5787 3520 5860 ἔρημον
3545 5786 3643 5856 τῆς
3671 5785 3808 5849 ένΞτ·

2231 5884 2473 5956 καμένης
2526 5885 2695 5952 φειδοῖ
2752 5882 2860 5939 τῶν
2919 5882 3231 5938 διωκόντων
3295 5877 3574 5946 ἑλόμενοι,
3629 5874 3677 5929 οἳ
3723 5871 3808 5925 καὶ
