4060 6442
426 496 534 563 909
552 454 557 459 ’

1651 497 1829 560 νιΤΑ
1872 497 1933 559 S.
1964 495 2458 559 ClIARITONlS‘.

3579 503 3686 568 910

425 613 703 685 σποράδην
742 614 801 668 ἐν
830 614 942 678 τοῖς
967 613 1060 669 τοῦ
1088 608 1417 684 καλαμῶνος
1455 607 1731 687 διέτριϐον
1772 613 2001 686 σπηλαί-

2119 612 2311 682 patriie
2346 611 2709 683 pra'ferebant
2734 600 3112 679 solitudinem,
3145 623 3200 668 et
3245 614 3471 686 sparsim
3499 631 3687 671 versa-

421 723 526 768 οις,
546 704 711 774 ἐγγύς
751 724 853 759 που
892 706 991 775 τῆς
1029 706 1249 778 Νεκρᾶς
1300 706 1578 777 Θαλάσσης
1632 705 2002 775 διακειμένου.

435 796 560 858 Τοῖς
593 795 649 849 δέ
698 810 761 862 γε
815 794 1026 857 λοιποῖς
1064 794 1173 847 τῶν
1229 795 1528 866 χρημάτων
1553 795 1651 865 τὴν
1707 796 1808 866 ἥδη
1869 811 2008 864 μνη-

426 884 785 958 μονευθεῖσαν
844 887 998 956 ίερὰν
1023 885 1247 956 Λαύραν
1276 887 1584 957 οἰκοδομετο
1619 885 1759 956 πρὸς
1795 886 1854 940 δὲ
1906 885 2005 940 καὶ

423 977 525 1046 τὴν
558 977 875 1044 ἅγιωτάτην
902 977 1076 1045 αὐτῆς
1117 976 1438 1047 ἐκκλησίαν,
1475 978 1541 1047 ἢν
1570 977 1599 1030 ὁ
1631 976 1776 1041 θεῖος
1817 979 2009 1045 ἐγκαι-

427 1069 563 1132 νίςει
617 1069 927 1141 Μακάριος,
985 1070 1086 1140 τῆς
1126 1072 1185 1125 ἐν
1239 1069 1630 1143 Ἱεροσολύμοις
1681 1071 1803 1125 τότε
1859 1071 1998 1125 Θεοῦ

439 1156 765 1226 Ἐκκλησίας
833 1157 1087 1212 διιθύνων
1145 1157 1274 1223 τοὺς
1325 1158 1614 1223 οἴακας,δς
1667 1160 1764 1213 καὶ
1824 1159 1919 1213 τοῦ
1947 1160 2006 1213 ὲν

426 1248 631 1319 Nimia.
663 1249 1013 1314 συνελθόντος
1041 1249 1300 1315 εύσεὸοὖς
1350 1252 1616 1322 ἐτύγχανε
1673 1251 2003 1320 καταλόγου.

498 1425 577 1481 6'.
609 1427 699 1480 Ἐν
745 1427 880 1499 τῷδε
922 1428 1218 1499 τοιγαροῦν
1269 1429 1350 1498 τῷ
1395 1429 1648 1501 σπηλαίῳ
1709 1432 2007 1503 ἡσυχάζειν

429 1519 684 1589 ἑλόμενος
713 1522 741 1573 ό
771 1522 1063 1591 μακάριος,
1093 1521 1256 1591 δῆλός
1287 1538 1348 1575 τε
1376 1524 1512 1577 πᾶσι
1536 1523 1626 1578 διὰ
1655 1524 1765 1577 τῶν
1795 1525 2009 1594 θαυμά-

429 1626 535 1663 των
582 1609 891 1679 γινόμενος,
936 1611 1144 1681 πλῆθος
1188 1612 1430 1684 ἀριθμοῦ
1487 1616 1760 1684 κρεῖττον,
1822 1614 2009 1687 Ἕλλη-

428 1717 536 1753 νων
571 1717 634 1753 τε
665 1701 761 1755 καὶ
789 1700 1088 1768 Ἰουδαίων,
1121 1701 1182 1755 τὸ
1213 1704 1482 1773 σωτήριον
1517 1704 1775 1771 δέξασθαι
1814 1704 2010 1775 βάπτι-

427 1808 542 1860 σμα
569 1792 730 1854 ποιεῖ,
758 1790 855 1845 καὶ
909 1792 971 1845 ού
1007 1794 1171 1865 μέχρι
1231 1793 1428 1848 τούτου
1481 1796 1695 1867 στῆναι,
1729 1796 1865 1850 ἀλλὰ
1914 1799 2007 1851 κα)⁵

421 1883 513 1935 τὸν
541 1882 754 1953 μονήρη
784 1881 901 1952 βίον
928 1883 1150 1939 ἑλέσθαι
1176 1885 1618 1955 παρασκευάζει.
1651 1886 1726 1941 Οὐ
1761 1887 2007 1957 θαύμασι

2108 704 2311 759 bantur
2369 704 2425 758 iu
2492 704 2771 774 speluncis
2808 705 3144 771 arundineti,
3198 707 3343 778 quod
3382 709 3547 764 situm
3599 720 3680 768 est

2109 811 2283 866 prope
2332 812 2487 852 mare
2547 807 2849 854 mortuum.
2908 797 3154 868 Reliquis
3204 809 3390 855 autem
3435 802 3686 871 pecuniis

2106 887 2345 942 aediﬁcat
2374 903 2589 943 sacram
2625 887 2881 954 Lauram,
2909 889 3070 959 cujus
3101 889 3255 960 prius
3304 890 3679 946 meminimus.

2107 976 2384 1035 Praeterea
2437 988 2622 1035 autem
2672 981 3071 1036 sanctissimam
3109 997 3327 1053 quoque
3354 982 3475 1053 eius
3509 983 3686 1039 eccle-

2108 1067 2266 1133 siam,
2308 1084 2474 1139 quam
2504 1069 2723 1124 divinus
2747 1070 2962 1126 dedicat
3009 1069 3298 1134 Macarius,
3341 1071 3557 1127 clavum
3605 1083 3688 1128 te-

2118 1172 2259 1214 nens
2300 1159 2393 1214 Dei
2432 1159 2709 1223 Ecclesiae,
2763 1176 2887 1230 quae
2926 1170 3057 1216 tune
3105 1170 3223 1216 erat
3269 1161 3686 1234 Hierosolymis,

2105 1251 2198 1323 qui
2240 1251 2404 1307 etiam
2431 1250 2533 1307 fuit
2568 1267 2713 1307 unus
2743 1267 2809 1308 ex
2846 1250 2938 1322 pio
2991 1251 3263 1323 catalogo,
3338 1254 3436 1323 qui
3485 1268 3687 1310 conve—

2102 1342 2187 1398 nit
2217 1342 2432 1398 Nicaeae.

2180 1431 2274 1487 IX.
2307 1430 2443 1488 Cum
2480 1432 2535 1487 in
2571 1443 2675 1488 nae
2704 1448 2834 1503 ergo
2854 1434 3112 1503 Spelunca
3143 1433 3423 1490 silentium
3458 1445 3513 1491 et
3533 1435 3685 1506 quie—

2108 1531 2214 1576 tem
2251 1537 2414 1592 agere
2440 1523 2726 1578 statuisset
2759 1523 3048 1589 Chariten,
3075 1532 3132 1579 et
3167 1524 3423 1579 omnibus
3450 1540 3547 1595 per
3583 1527 3688 1580 nii-

2107 1612 2289 1666 racula
2322 1613 2589 1668 evasisset
2623 1613 2971 1679 manifestus,
3005 1611 3189 1679 eﬂicit,
3227 1621 3287 1667 ut
3312 1612 3689 1669 innumerabi-

2106 1703 2172 1759 lis
2209 1703 2502 1759 multitudo
2532 1703 2818 1775 gentilium
2845 1711 2903 1759 et
2941 1702 3256 1760 Iudaeorum
3309 1715 3560 1760 sanetum
3590 1706 3688 1760 ba—

2104 1796 2366 1867 ptismum
2391 1796 2642 1865 accipiat,
2695 1804 2747 1851 et
2794 1811 2902 1851 non
2932 1796 3043 1851 illic
3075 1797 3361 1862 consistat,
3401 1798 3496 1855 sed
3521 1796 3685 1851 etiam

2107 1888 2273 1942 vitam
2292 1888 2456 1959 eligat
2474 1887 2855 1943 monasticam.
2878 1887 2996 1941 Non
3014 1888 3188 1943 solum
3207 1897 3391 1942 autem
3410 1888 3688 1944 miraculis

421 1975 479 2029 es
532 1977 717 2046 μόνον,
769 1976 906 2032 ἀλλὰ
956 1978 1051 2032 καὶ
1112 1978 1191 2049 τῷ
1256 1979 1359 2049 βίῳ
1422 1979 1651 2043 πολλοὺς
1698 1981 1999 2050 ἐφείλκετο.

2106 1979 2202 2035 sed
2236 1979 2405 2034 etiam
2442 1980 2548 2033 vita
2580 1980 2781 2035 multos
2812 1980 3140 2035 attrahebat.
3187 1979 3691 2035 Eratenimmiran-

422 2068 620 2138 Θαῦμα
652 2069 762 2140 γὰρ
785 2064 854 2140 ἦν
888 2071 1098 2124 ἐκεῖνον
1126 2071 1260 2142 όρᾷν
1304 2070 1542 2142 τοσαύτῃ
1569 2072 1706 2143 πρὸς
1731 2070 1828 2142 τὴν
1859 2071 2003 2126 κατὰ

422 2159 557 2214 Θεὸν
577 2161 856 2217 πολιτείαν
897 2160 1184 2233 χρώμενον
1224 2164 1293 2234 τῇ
1340 2161 1576 2233 σπουδῇ,
1602 2178 1605 2181 ·
1631 2162 1728 2215 καὶ
1786 2162 2003 2233 τρυφὴν

427 2252 529 2322 μὲν
563 2252 871 2322 ἡγούμενον
905 2254 1006 2324 τὴν
1030 2254 1365 2325 ἐγκράτειαν
1386 2268 1399 2282 ’
1429 2251 1664 2307 πλοῦτον
1683 2252 1762 2317 δὲ,
1803 2253 1865 2307 τὸ
1891 2270 1999 2323 μη-

421 2342 514 2396 δὲν
543 2344 843 2413 κεκτῆσθαι
865 2356 883 2375 ⁶
917 2344 1228 2415 χαμευνίαν
1255 2343 1313 2398 δὲ
1358 2343 1456 2397 καὶ
1512 2343 1575 2396 τὸ
1614 2343 1887 2415 πάννυχον
1944 2346 2003 2399 ὲν

422 2432 544 2494 ταῖς
569 2430 916 2502 ψαλμῳδίαις
985 2431 1134 2486 οὕτω
1169 2430 1495 2502 στέρξαντα,
1535 2431 1612 2493 ὡς
1645 2430 1812 2500 μηδὲν
1839 2430 2003 2484 πλέον

421 2523 572 2593 ἒχειν
597 2524 854 2594 ἡγεῖσθαι
883 2524 1013 2587 τοὺς
1062 2523 1361 2593 φιλοζὼους
1401 2522 1454 2576 οἳ
1489 2523 1626 2594 παρ’
1672 2522 1800 2593 ὅλην
1830 2520 2005 2577 νύκτα

423 2616 738 2685 στρωμναῖς
798 2614 1060 2681 ἁπαλαῖς,
1115 2615 1209 2668 ἐπὶ
1269 2613 1469 2668 κλινῶν
1524 2613 1861 2677 καθεύίουσι,
1893 2613 2002 2666 τῶν

421 2707 818 2775 ἐλεφαντίνων,
839 2707 920 2778 τῷ
941 2706 1254 2777 τρυχίνῳιδε
1283 2705 1542 2777 ὲνδύματι
1564 2704 1642 2776 τῷ
1666 2706 1791 2768 τοὺς
1825 2706 2002 2776 ἱεροὺς

421 2797 590 2852 αὐτοῦ
643 2797 886 2863 παίζοντι
942 2796 1217 2865 μώλωπας
1269 2797 1532 2867 ἡδόμενον
1596 2796 1818 2866 μᾶλλον,
1867 2796 1901 2866 ἢ
1952 2796 2003 2849 oi

422 2890 521 2953 τὰς
569 2889 818 2958 μαλακὰς
844 2887 1083 2959 ἐσθῆτας
1113 2889 1457 2958 ἐνδεδυμένοι
1483 2904 1499 2923 ο
1528 2891 1563 2959 ἡ
1598 2889 1707 2956 γὰρ
1740 2888 1839 2956 τῆς
1868 2887 2002 2941 αἰω-

421 2978 539 3032 νίου
569 2979 975 3049 μακαριότητος
998 2976 1176 3042 ἐλπὶς,
1207 2977 1428 3031 ἅπαντα
1459 2980 1626 3029 πόνον
1652 2977 1781 3046 ῥᾷον
1814 2974 2002 3044 φέρειν

422 3072 585 3127 αὐτὸν
623 3072 935 3126 ἀνέπειθεν.
980 3070 1265 3141 Ἐλεήμων
1296 3067 1385 3141 ἦν,
1420 3069 1738 3139 συμπαθὴς,
1776 3067 1997 3137 φιλόξε-

420 3182 534 3231 νος,
558 3166 737 3236 ἤπιος,
769 3164 995 3236 ἥσυχος,
1033 3163 1360 3233 εὐπρόσιτος
1405 3162 1565 3230 πᾶσι,
1593 3161 1999 3225 διδασκαλικὸς,

418 3257 580 3326 λόγον
638 3255 780 3327 ἔχων
827 3256 1011 3326 πολλῷ
1040 3255 1204 3308 πλέον
1256 3252 1400 3306 οίνου
1439 3252 1538 3316 τὰς
1575 3250 1685 3305 τῶν
1718 3250 2002 3322 ἀκροατῶν

2103 2068 2230 2122 dum
2263 2067 2472 2132 videre,
2515 2067 2666 2121 illum
2691 2081 2902 2123 tantum
2940 2082 3146 2137 ponere
3171 2071 3413 2124 studium
3430 2071 3497 2125 ad
3518 2071 3685 2126 vitam

2101 2174 2167 2215 ex
2196 2158 2419 2214 Christo
2442 2159 2730 2229 agendam,
2762 2168 2816 2212 et
2843 2158 3069 2214 delicias
3111 2160 3331 2229 quidem
3375 2161 3690 2218 existimare

2102 2250 2499 2306 continentiam
2556 2269 2571 2306 :
2634 2251 2855 2306 divitias
2907 2260 3114 2316 autem,
3168 2252 3306 2307 nihil
3354 2252 3685 2323 possidere:

2103 2342 2258 2398 humi
2285 2358 2413 2399 vero
2447 2344 2798 2399 eubationem
2831 2354 2887 2398 et
2941 2345 2997 2398 in
3047 2345 3371 2402 Psalmodiis
3397 2356 3690 2418 pernocta-

2106 2434 2311 2488 tioneiu
2343 2434 2480 2490 adeo
2502 2435 2749 2505 diligere.
2776 2444 2838 2490 ut
2870 2435 3044 2490 nihilo
3071 2436 3268 2492 melius
3296 2439 3381 2508 agi
3412 2439 3690 2495 existima-

2108 2532 2191 2578 ret
2213 2537 2338 2577 cum
2366 2522 2449 2588 iis,
2479 2523 2570 2592 qui
2601 2526 2726 2578 vitae
2757 2532 2884 2579 sunt
2921 2523 3128 2593 cupidi,
3158 2523 3205 2580 si
3229 2532 3340 2580 tota
3368 2533 3528 2580 nocte
3555 2526 3687 2581 dor-

2103 2615 2280 2670 miant
2313 2613 2368 2667 in
2399 2614 2658 2670 mollibus
2694 2614 2950 2685 stragulis
2971 2629 3136 2683 super
3176 2615 3345 2670 lectos
3372 2615 3643 2671 eburneos
3669 2633 3686 2671 :

2105 2704 2390 2775 eilicioque
2423 2694 2619 2760 saeros
2658 2704 2777 2775 ejus
2818 2692 3102 2775 premente
3132 2705 3356 2770 vibices,
3392 2706 3564 2776 magis
3593 2706 3690 2763 de-

2102 2798 2312 2862 lecturi,
2348 2813 2510 2867 quam
2549 2798 2610 2865 ii,
2637 2797 2730 2869 qui
2761 2807 2890 2851 sunt
2920 2780 3383 2853 mollibusuinduti
3411 2798 3684 2854 vestibus.

2106 2887 2244 2957 Spes
2272 2888 2420 2942 enim
2466 2896 2690 2942 aeternas
2720 2885 3078 2943 beatitudinis
3106 2886 3158 2941 ei
3177 2876 3357 2942 '{acile
3389 2889 3690 2959 persuade—

2104 2977 2198 3032 hat
2251 2993 2470 3033 omnem
2515 2977 2659 3033 ferre
2707 2978 2972 3033 laborem.
3002 2976 3131 3032 Erat
3165 2977 3428 3044 clemens,
3478 2980 3692 3035 miseri-

2104 3084 2248 3136 cors,
2285 3068 2594 3139 hospitalis,
2628 3075 2967 3134 mansuetus,
3010 3068 3249 3138 quietus,
3282 3068 3352 3124 ad
3380 3083 3544 3140 quem
3571 3084 3692 3126 om-

2104 3161 2268 3217 nibus
2317 3161 2495 3217 facils
2553 3160 2773 3232 patebat
2819 3161 3027 3223 aditus,
3098 3160 3304 3216 habens
3350 3175 3686 3228 sermonem,

2104 3253 2195 3323 qui
2218 3253 2391 3324 magis
2418 3253 2725 3309 laetiﬁcabat
2749 3252 2914 3307 corda
2933 3252 3265 3320 auditorum,
3290 3268 3451 3323 quam
3475 3254 3686 3310 vinum.

418 3348 790 3420 εὐφραίνοντα
823 3347 1075 3417 καρδίας.
1129 3344 1294 3400 Ὅθεν
1361 3342 1608 3415 ποταμοῦ
1665 3342 1847 3412 δίκην,
1904 3339 1997 3395 τοῦ

2105 3344 2469 3410 Quamobrem
2518 3344 2689 3399 inStar
2741 3343 2893 3399 ﬂuvii
2939 3344 3195 3399 universo
3246 3343 3315 3397 ad
3346 3357 3469 3398 cum
3553 3360 3688 3399 con-

420 3439 556 3494 λαοῦ
593 3439 791 3504 παντὸς
822 3440 899 3503 ὡς
952 3438 1122 3493 αὑτὸν
1154 3437 1392 3509 ῥέοντος,
1458 3437 1554 3490 καὶ
1605 3434 1760 3488 πόλιν
1809 3433 1998 3504 ὥσπερ

422 3535 488 3604 τῇ
525 3530 820 3601 πολυοχλίῃ
853 3530 952 3601 τὴν
991 3528 1203 3599 ἕρημον
1247 3525 1679 3596 ὲπιδεξαμένων,
1735 3523 1998 3595 ἑωρακὼς

421 3623 617 3678 ἑαυτὸν
640 3626 667 3677 ό
708 3622 984 3693 μακάριος
1008 3624 1076 3675 ἐκ
1101 3619 1195 3673 τοῦ
1229 3616 1483 3673 ἐντεῦθεν
1511 3615 1802 3686 γινομένου
1837 3612 1999 3685 θορύ-

421 3714 542 3782 ϐου,
589 3714 688 3785 τῆς
738 3714 902 3784 φίλης
948 3713 1301 3780 ἀπαγόμενον
1336 3709 1588 3779 ἡσυχίας,
1617 3706 1791 3768 ἄλλως
1824 3723 1883 3758 τε
1940 3703 1997 3757 δὲ

425 3809 520 3861 καὶ
569 3808 669 3877 τὴν
707 3808 767 3874 δξ
831 3805 1137 3877 ἀνθρώπων
1176 3805 1337 3872 δόξαν
1364 3801 1591 3872 φεύγειν
1646 3796 1999 3859 ἐσπουδακὼς

425 3898 567 3969 (ᾔδει
595 3898 706 3970 γὰρ
722 3899 806 3953 ὅτι
830 3899 1045 3969 χαλεπὴ
1078 3897 1221 3968 αὕτη
1253 3896 1483 3966 συγχέαι
1536 3893 1742 3965 κόσμον
1797 3889 1997 3962 ψυχῆς)

429 3991 765 4061 ἐπισκήπτει
815 3991 915 4061 μὲν
975 3991 1108 4062 περὶ
1154 3989 1375 4043 πάντων
1396 3990 1508 4051 τοῖς
1551 3984 1856 4055 φοιτηταῖς,
1899 3984 1999 4037 ὅσα

426 4080 492 4151 δὴ
538 4081 877 4135 καταστάσει
906 4082 1180 4152 προσήκει
1210 4076 1503 4148 μοναχικῇ,
1559 4071 1752 4144 καιρόν
1779 4088 1839 4124 τε
1868 4086 1997 4140 τρο-

423 4173 530 4245 φῆς
573 4173 850 4241 διατάξας,
888 4173 1063 4244 ὅσπερ
1116 4171 1239 4224 ἐστί⁹
1296 4166 1574 4238 ληγούσης
1622 4163 1858 4236 ἡμέρας·
1901 4163 1997 4217 καὶ

421 4265 484 4317 τὸ
523 4264 599 4335 μὴ
631 4265 767 4332 πρὸς
827 4262 994 4334 κόρον
1024 4260 1253 4328 ἐσθίειν,
1321 4258 1457 4313 ἀλλὰ
1488 4256 1758 4330 ζητούσης
1789 4254 1868 4307 ἔτι
1897 4270 1998 4322 γα-

423 4356 584 4427 στρὸς
614 4355 911 4420 παύεσθαι,
946 4351 1087 4409 εἶναι
1134 4354 1193 4407 δὲ
1222 4354 1319 4424 τὴν
1350 4349 1582 4424 τροφὴν,
1609 4350 1774 4420 ἄρτον
1814 4346 2019 4419 μόνονί

424 4451 518 4503 καὶ
564 4452 692 4514 τοὺς
736 4449 869 4513 ἅλας
920 4448 1233 4519 ἡδύσματος
1265 4446 1449 4517 χώραν
1497 4441 1990 4513 ἀποπληροῦντας’

422 4543 484 4596 τὺ
510 4542 567 4596 δὲ
593 4544 757 4596 ποτὸν
786 4542 955 4613 ὕδωρ,
987 4540 1084 4595 καὶ¹
1127 4538 1263 4595 αὐτὸ
1308 4538 1496 4610 μέτρῳ
1532 4536 1629 4590 καὶ
1653 4533 1830 4605 φειδοῖ
1852 4533 1996 4602 λαμ-

428 4635 745 4707 σανόμενον.
779 4631 912 4689 Εῑτα
951 4634 1045 4688 καὶ
1073 4635 1203 4704 περὶ
1261 4629 1581 4702 ψαλμῳδίας
1639 4628 1734 4680 καὶ
1764 4641 1998 4694 προσευ-

425 4727 525 4798 χῆς
546 4726 927 4798 εντειλάμενος
976 4726 1245 4795 ἡμερινῆς
1283 4721 1398 4792 ἅμα
1445 4721 1539 4775 καὶ
1583 4719 1682 4788 τῆς
1736 4718 1796 4770 ὲν
1840 4716 1998 4768 νυκτὶ

427 4819 723 4890 γινομένης
744 4834 758 4849 ’
793 4820 975 4890 μισεῖν
1003 4833 1068 4869 τε
1097 4816 1296 4887 ἀργίαν
1323 4814 1398 4878 ὡς
1421 4809 1633 4865 πολλῶν
1663 4806 1847 4861 αἰτίαν
1899 4821 2000 4859 κα·

427 4911 557 4965 κῶν·
591 4912 755 4981 ἔργον
802 4910 861 4962 δὲ
887 4910 1008 4972 ταῖς
1043 4909 1204 4979 χερσὶ
1231 4906 1453 4968 διδόναι,
1483 4905 1591 4967 τοῖς
1645 4902 1810 4970 ἱεροῖς
1860 4898 1996 4969 ψαλ·

426 5006 547 5075 μοῖς
584 5002 981 5075 κατᾳδόμενον,
1006 5002 1056 5054 εί
1090 5001 1147 5054 δέ
1169 5017 1252 5063 τις
1285 4997 1544 5068 λογισμὸς
1575 4993 1776 5065 φαῦλος
1802 4986 1914 5045 οἷόν
1942 5006 1996 5044 τι

425 5095 664 5161 ζιζάνιον
705 5096 858 5167 παρὰ
882 5094 977 5148 τοῦ
1009 5092 1189 5147 κοινοῦ
1233 5092 1451 5146 πάντων
1481 5086 1679 5159 ἐχθροῦ
1711 5088 1766 5138 ὲν
1796 5086 1866 5156 τῇ
1897 5084 1993 5152 τῆς

426 5187 654 5257 καρδίας
682 5188 934 5261 ἑνσπαρῇ
965 5186 1060 5255 γῇ,
1098 5182 1325 5254 νηστείᾳ
1356 5178 1513 5234 τοῦτο
1545 5177 1641 5232 καὶ
1688 5171 1998 5247 προσευχῆς

426 5276 520 5329 ἰπὶ
581 5276 745 5347 μόνον
778 5275 922 5344 ξίφει
966 5273 1173 5344 ταύτης
1208 5273 1529 5342 ὲκτέμνειν’
1572 5268 1661 5321 ἶνα
1712 5264 1788 5336 μὴ
1817 5263 2001 5335 χώραν

429 5368 584 5440 σχοίη
615 5368 708 5422 τὸν
738 5366 938 5437 πικρὸν
980 5366 1081 5434 τῆς
1125 5361 1462 5434 ἡδυπαθείας
1510 5357 1831 5428 γεωργῆσαι
1862 5370 1998 5422 καρ-

425 5462 548 5527 πόν,
584 5454 686 5513 ὧδε
736 5460 846 5528 γὰρ
889 5456 956 5512 ἂν
992 5457 1194 5529 μᾶλλον
1242 5453 1474 5526 ἁρμόσει
1502 5453 1561 5505 τὸ
1602 5451 1694 5504 τοῦ
1723 5446 1960 5519 Χριστοῦ
1983 5463 2006 5494 ο.

425 5553 508 5606 ὅτι
542 5552 711 5606 Τουτὶ
725 5552 787 5605 τὸ
811 5551 964 5621 γένος
990 5549 1142 5603 οὐδὲν
1174 5548 1364 5619 ἕτερον
1393 5546 1428 5618 ἢ
1449 5543 1672 5617 νηστεία
1690 5542 1884 5609 ἐξώτει
1906 5539 2001 5594 καὶ

425 5645 730 5716 προσευχή.
767 5642 913 5715 Πρὸς
934 5642 1152 5706 τούτοις
1180 5630 1448 5703 ἐδίδασκε,
1488 5639 1564 5708 μὴ
1595 5636 1704 5689 δεῖν
1726 5635 1826 5696 τὰς
1864 5648 2000 5701 προ-

425 5736 581 5801 όδους
611 5737 859 5808 συνεχεῖς
892 5732 1194 5801 ποιεῖσθαι,
1232 5730 1437 5804 ἡσυχίᾳ
1472 5731 1528 5784 δὲ
1582 5726 1796 5799 χαίρειν
1823 5724 1898 5788 ὡς
1932 5724 2001 5777 τὰ

423 5828 609 5883 «πολλὰ
644 5828 817 5900 μητρὶ
836 5827 948 5880 τῶν
969 5825 1186 5897 ἀρετῶν
1226 5823 1386 5896 οὓσῃ,
1427 5824 1521 5876 καὶ⁸
1548 5818 1846 5891 ὀφθαλμῶν
1897 5817 2002 5886 du-

427 5920 532 5993 κῆς
592 5919 778 5992 λήμην
830 5918 1152 5990 ἐπιτηδείως
1204 5915 1488 5988 καθαίρειν
1546 5911 1769 5984 ἐχούσῃ.
1866 5909 2000 5963 Οὐδὲ

2106 3434 2307 3492 ﬂuente
2343 3436 2564 3506 populo,
2591 3445 2648 3490 et
2681 3436 2852 3491 turhze
2895 3434 3248 3488 multitudine
3280 3434 3686 3505 quodammodo

2105 3529 2381 3584 civitatem
2414 3527 2684 3583 efﬁciente
2728 3527 3103 3593 solitudinem,
3139 3543 3263 3583 cum
3299 3527 3525 3583 vidisset
3554 3528 3684 3581 bea-

2108 3629 2194 3676 tus
2231 3634 2292 3674 se
2335 3634 2405 3675 ex
2453 3633 2518 3674 eo
2561 3619 2653 3689 qui
2696 3617 2824 3674 hinc
2869 3618 3169 3681 oriebatur.
3210 3620 3465 3682 tumultu,
3509 3634 3539 3671 a
3584 3618 3686 3673 sibi

2105 3719 2258 3781 grata
2301 3710 2495 3766 abduci
2545 3708 2864 3772 solitudine,
2895 3718 2950 3763 et
3001 3709 3234 3763 maxime
3263 3724 3387 3763 cum
3440 3707 3688 3763 studeret

2070 3796 2294 3872 'fugere
2338 3798 2561 3871 gloriam
2601 3796 2885 3853 hominum
2931 3796 3173 3866 (sciebat
3203 3794 3351 3849 enim
3401 3810 3518 3849 eam
3571 3810 3687 3848 ma-

2105 3906 2266 3964 gnam
2299 3891 2420 3966 vim.
2444 3889 2648 3945 habere
2680 3888 2748 3943 ad
2795 3885 3243 3943 confundendum
3292 3885 3488 3940 anima:
3518 3901 3685 3941 orna-

2109 3981 2273 4055 tum),
2314 3982 2383 4038 de
2404 3982 2661 4038 omnibus
2691 3981 2935 4052 quidem,
2966 3979 3083 4035 suis
3127 3978 3348 4034 mandat
3384 3979 3685 4049 discipulis,

2107 4090 2171 4129 ea
2199 4090 2323 4146 quae
2375 4075 2541 4129 statui
2576 4073 2882 4128 monastico
2928 4072 3285 4137 conveniunt,
3334 4080 3545 4141 tempus
3576 4071 3686 4126 cibi

2104 4166 2358 4223 sumendi
2388 4174 2660 4232 statuens,
2695 4165 2841 4236 quod
2869 4164 3087 4235 quidem
3120 4172 3205 4218 est
3249 4162 3337 4218 die
3368 4163 3686 4218 desinente:

2102 4267 2159 4314 et
2197 4273 2306 4313 non
2337 4259 2483 4314 vesci
2512 4257 2581 4312 ad
2612 4259 2940 4324 satietatem,
2974 4258 3069 4314 sed
3118 4267 3308 4313 ventre
3353 4258 3531 4313 adhuc
3584 4273 3681 4326 po-

2104 4351 2343 4408 stulante
2372 4365 2588 4407 cessare
2613 4368 2627 4404 :
2660 4365 2782 4405 esse
2807 4360 2991 4406 autem
3023 4350 3338 4404 alimentum
3371 4365 3565 4420 panem
3593 4364 3681 4404 so-

2107 4444 2221 4499 lum
2248 4453 2305 4499 et
2335 4444 2527 4509 salem,
2555 4443 2647 4513 qui
2690 4442 2911 4512 impleat
2936 4442 3115 4497 locum
3158 4442 3493 4497 condimenti
3528 4459 3544 4496 :
3578 4458 3677 4511 po-

2108 4544 2221 4590 tum
2248 4544 2429 4589 autem
2458 4549 2676 4602 aquam,
2693 4549 2813 4603 quin
2837 4534 2951 4603 ipsa
2977 4549 3194 4602 quoque
3219 4533 3429 4595 modice
3446 4542 3498 4588 et
3516 4549 3680 4603 parce

2109 4633 2379 4699 sumatur.
2404 4624 2611 4678 Deinde
2645 4638 2772 4678 eum
2819 4625 2885 4677 de
2946 4623 3246 4692 psalmodia
3282 4623 3591 4678 mandasset
3624 4634 3677 4679 et

2108 4714 2378 4781 oratione,
2409 4722 2514 4768 tam
2548 4712 2765 4779 diurna,
2795 4729 2959 4783 quam
2982 4729 3103 4782 qua:
3125 4723 3287 4768 noctu
3318 4716 3493 4774 ﬂeret,
3524 4713 3683 4782 jubet

2106 4822 2201 4863 eos
2225 4805 2351 4861 odio
2385 4806 2589 4861 habere
2630 4804 2826 4869 otium,
2863 4812 2923 4857 ut
2955 4818 3176 4858 causam
3221 4802 3515 4858 multarunt
3557 4816 3681 4857 ma-

2097 4899 2320 4955 lorum:
2353 4912 2494 4969 opus
2541 4905 2724 4951 autem
2757 4895 2969 4951 tradere
3011 4895 3287 4960 manibus,
3313 4894 3456 4965 quod
3504 4894 3676 4949 sacris

2100 4988 2333 5046 Psalmis
2363 4989 2643 5060 irrigetur.
2699 4986 2758 5041 Si
2788 5001 2893 5056 qua
2935 4999 3067 5040 vero
3095 4985 3237 5039 mala
3263 4984 3540 5056 cogitatio,
3584 4997 3677 5036 vc-

2102 5080 2206 5136 luti
2247 5079 2496 5150 quaedam
2552 5077 2786 5143 zizania,
2820 5093 2851 5131 a
2902 5077 3180 5132 communi
3227 5076 3384 5131 hoste
3432 5077 3676 5129 omnium

2104 5184 2219 5231 sata
2263 5174 2433 5230 fuerit
2461 5174 2517 5228 in
2550 5181 2694 5228 terra
2728 5172 2932 5234 cordis,
2964 5169 3172 5240 jejunio
3210 5178 3264 5224 et
3296 5169 3526 5223 assiduae
3556 5184 3680 5222 ora-

2103 5268 2268 5324 tionis
2295 5283 2428 5323 ense
2453 5281 2572 5321 eam
2605 5265 2948 5328 exscindere,
2995 5278 3064 5317 ne
3113 5262 3294 5318 locum
3347 5270 3581 5330 occupet
3607 5260 3675 5312 ad

2103 5359 2510 5433 producendum
2569 5359 2826 5413 acerbum
2899 5356 3137 5410 fructum
3199 5351 3516 5422 voluptatis.
3583 5349 3677 5404 Sic

2105 5454 2252 5509 enim
2284 5451 2566 5523 impletum
2600 5450 2667 5504 iri
2697 5448 2826 5503 illud
2854 5446 3061 5502 Christi
3090 5463 3103 5499 :
3135 5445 3248 5500 lloe
3274 5457 3448 5514 genus
3472 5442 3676 5496 dieme-

2106 5545 2325 5600 niorum
2353 5542 2486 5599 nihil
2532 5541 2680 5597 aliud
2700 5540 2958 5610 expellet,
2988 5554 3149 5608 quam
3178 5535 3445 5607 jejunium
3476 5543 3532 5588 et
3552 5549 3677 5587 ora-

2106 5637 2202 5692 tio.
2240 5635 2444 5689 Prazter
2478 5648 2541 5686 ea
2571 5642 2753 5687 autem
2781 5633 2866 5686 do:
2885 5635 3012 5684 ehat
3036 5644 3145 5684 non
3175 5635 3427 5698 oportere
3456 5624 3676 5680 assidue

2104 5724 2404 5795 procedere
2442 5740 2455 5777 :
2485 5720 2705 5776 silentio
2736 5736 2866 5775 vero
2897 5729 2951 5775 et
2978 5720 3160 5790 quiete
3200 5716 3435 5790 gaudere
3460 5724 3520 5771 ut
3554 5716 3680 5786 plu-

2104 5818 2323 5882 rimum,
2355 5830 2475 5884 qua:
2499 5822 2583 5868 est
2618 5821 2789 5868 mater
2820 5812 3112 5877 virtutum,
3149 5822 3202 5865 et
3234 5810 3357 5879 apte
3377 5821 3679 5887 expurgare

2107 5911 2300 5966 lernam
2350 5905 2631 5963 oculorum
2662 5904 2876 5959 animm.
2926 5903 3114 5973 Neque
3164 5916 3293 5957 vero
3336 5896 3686 5983 prieterniisit
