4060 6448
401 507 500 576 9H

398 728 506 784 que
535 688 732 764 studio
757 704 872 758 ltuit
907 701 1089 756 dicere
1138 711 1260 766 qua:
1293 691 1720 748 conveniebant.
1753 688 1978 743 Dicebat

397 781 567 869 enim,
597 797 896 860 neminem,
926 793 969 848 si
998 790 1117 845 ﬁeri
1148 799 1356 860 posset,
1389 794 1645 855 oportere
1660 781 1847 837 vacuis
1863 795 1979 834 ma-

369 882 375 887 .
401 899 564 954 nibus
593 891 875 947 dimittere
916 901 981 940 ex
1016 884 1102 950 iis,
1133 881 1222 952 qui
1244 878 1518 934 accedunt
1556 875 1628 931 ad
1653 875 1876 940 ostium,
1907 887 1979 927 ne

395 991 539 1044 forte
577 983 858 1040 Christum
912 979 1209 1034 inscientes
1258 973 1584 1044 despiciant,
1611 968 1706 1039 qui
1751 964 1979 1038 suscipit

401 1097 690 1157 personam
722 1091 1046 1150 pauperum.

455 1177 606 1229 Cum
634 1174 714 1226 sic
740 1169 987 1234 dixisset,
1017 1173 1072 1220 et
1089 1163 1341 1234 elegisset
1373 1173 1543 1214 unum
1585 1172 1648 1212 ex
1680 1151 1977 1225 discipulis,

402 1266 495 1336 qui
540 1275 593 1319 et
631 1263 738 1317 vita
774 1258 1064 1331 praestabat
1102 1255 1244 1317 aliis,
1281 1261 1338 1306 et
1371 1260 1536 1321 aptus
1579 1255 1716 1310 erat,
1759 1251 1818 1299 ut
1860 1244 1982 1311 ejus

404 1331 526 1410 fidei
560 1354 790 1408 fratrum
810 1349 1125 1404 crederetur
1157 1342 1503 1415 praefectura,
1537 1337 1585 1392 ei
1615 1351 1682 1392 ex
1709 1331 1981 1390 sententia

403 1449 636 1502 aliorum
685 1445 849 1498 etiam
882 1438 1276 1508 discipulorum
1318 1430 1614 1487 committit
1657 1427 1979 1483 rectionem.

405 1541 526 1608 Ipse
570 1545 748 1590 autem
801 1530 1078 1603 egreditur
1118 1540 1149 1580 e
1189 1524 1385 1585 Laura,
1417 1520 1616 1574 multas
1654 1517 1873 1587 quidem
1907 1515 1986 1568 la-

406 1646 620 1702 crymas
650 1643 712 1682 ex
743 1624 918 1681 oculis
956 1618 1330 1676 emittentibus
1359 1611 1666 1677 monachis,
1690 1618 1744 1663 et
1774 1617 1832 1663 ut
1868 1609 1984 1676 ipse

407 1701 652 1778 maneret
693 1715 1027 1788 rogantibus,
1063 1712 1181 1780 ipso
1229 1717 1410 1762 autem
1458 1703 1591 1758 nulli
1638 1701 1891 1764 cedente,
1928 1706 1986 1753 ut

406 1815 497 1886 qui
530 1812 801 1884 aspiceret
833 1807 898 1861 ad
930 1805 984 1860 id
1012 1803 1210 1866 solum,
1243 1799 1390 1868 quod
1429 1805 1514 1851 est
1546 1793 1698 1849 utile.
1722 1791 1778 1846 Si
1815 1790 1984 1854 enim,

407 1881 610 1977 inquit,
632 1919 665 1958 ο
696 1900 812 1966 ﬁlii,
843 1897 969 1953 hinc
989 1887 1552 1966 migravero,nemine
1577 1885 1687 1940 huc
1716 1881 1987 1938 ventitan-

407 1975 497 2064 ιθ,
540 2009 596 2053 et
647 1995 888 2066 quietem
933 1985 1317 2055 conturbante,
1368 1981 1509 2035 bene
1559 1977 1666 2031 erit
1715 1975 1980 2042 utrisque.

407 2089 642 2146 Facilius
666 2065 820 2139 enim
873 2086 930 2134 et
961 2092 1064 2148 ego
1103 2081 1285 2130 vester
1329 2078 1483 2140 pater
1516 2065 1733 2137 spiritu,
1766 2072 1821 2118 et
1861 2075 1980 2127 vos,

408 2197 547 2254 quos
597 2180 651 2233 in
695 2175 915 2231 Christo
959 2168 1120 2242 genui
1168 2181 1266 2236 per
1315 2161 1691 2233 Evangelium,
1722 2158 1890 2214 veluti
1932 2158 1986 2212 in

408 2251 738 2348 quibusdam
789 2264 1088 2321 alvearium
1133 2258 1286 2314 cellis
1329 2254 1619 2324 tranquille
1655 2251 1987 2315 habitantes,

409 2347 583 2424 instar
611 2377 772 2434 apum
805 2358 912 2414 mel
954 2353 1172 2412 virtutis
1215 2351 1598 2423 producemus.
1631 2347 1767 2401 Cum
1798 2358 1989 2399 omnes

410 2474 540 2529 ergo
565 2464 757 2511 sancto
787 2447 1141 2522 impertiisset
1189 2443 1397 2509 osculo,
1430 2437 1908 2505 benedixissetque
1937 2442 1992 2490 et

410 2527 632 2607 Christo
676 2542 1139 2602 commendasset,
1175 2536 1277 2591 iter
1306 2544 1384 2590 est
1424 2534 1725 2603 ingressus.
1754 2527 1820 2582 Et
1865 2541 1990 2581 eum

412 2641 714 2714 peregisset
748 2637 853 2691 iter
881 2632 1044 2688 unius
1069 2627 1200 2692 diei,
1225 2625 1434 2682 accedit
1468 2623 1534 2677 ad
1577 2621 1736 2697 aliam
1773 2618 1993 2689 spelun-

412 2706 709 2800 carn,'qu:e
749 2727 850 2782 sita
879 2720 1097 2793 quidem
1132 2722 1252 2772 erat
1280 2713 1344 2770 ad
1392 2720 1577 2784 partes
1621 2706 1994 2764 llierichunti-

412 2842 513 2882 nas
541 2798 561 2878 ﬁ:
597 2798 716 2877 erat
753 2826 934 2873 autem
972 2813 1211 2876 deserta,
1241 2815 1296 2862 et
1341 2815 1460 2861 erat
1508 2801 1789 2874 aptissima
1819 2799 1886 2854 ad
1921 2798 1996 2853 si-

411 2918 640 2974 lentium
676 2906 1026 2982 przebendum
1056 2910 1111 2956 et
1131 2901 1390 2970 quietem.
1411 2895 1548 2952 Cum
1573 2895 1793 2965 longum
1811 2902 1992 2947 autem

417 3017 631 3073 tempus
679 2981 790 3052 illic
825 3004 968 3050 esset
1005 2997 1274 3050 versatus,
1310 2995 1365 3041 et
1405 2999 1524 3055 quae
1563 2999 1622 3038 se
1667 2981 1992 3044 oﬂerebant,

415 3070 604 3150 herbis
649 3095 896 3144 uteretur
925 3082 992 3138 ad
1025 3081 1367 3141 alimentum,
1401 3074 1516 3130 Deo
1548 3074 1670 3140 soli,
1703 3080 1764 3127 ut
1801 3080 1917 3128 erat
1943 3070 1993 3126 ei

1618 483 1900 548 MENSIS
1937 479 2412 543 SEP’I‘EMBER.
3285 538 3294 544 ,

392 615 750 690 benignitatis
785 610 962 667 lacere
1000 603 1334 662 mentionem
1367 616 1380 655 :
1415 597 1510 656 sed
1543 598 1612 655 de
1644 598 1731 652 illa
1769 597 1818 651 e'.
1844 610 1978 666 quo-

2090 595 2212 658 τοὺς
2246 592 2378 664 περὶ
2435 585 2872 659 φιλανθρωπίαν,
2903 583 3094 651 λόγους
3136 578 3350 652 ἀφῆκεν
3407 579 3654 652 ἀμνημο-

3545 467 3653 534 9ιῖ

2081 687 2328 749 νεύτους⁶
2381 681 2518 738 ἀλλά
2562 681 2658 734 καὶ
2710 680 2838 750 περὶ
2877 675 3048 744 αὐτῆς
3083 673 3342 742 ἐπιμελὲς
3389 671 3592 742 ἔσχεν,
3620 671 3658 728 ἃ

2081 779 2362 848 προσῆκεν
2399 773 2602 827 εἰπεῖν.
2643 769 2794 839 Ἔφη
2822 767 2954 838 γὰρ,
2981 767 3031 818 εί
3053 763 3282 818 δυνατὸν
3315 764 3523 834 μηδένα
3545 767 3656 818 τῶν

2079 872 2148 940 τῇ
2175 867 2319 940 θύρᾳ
2347 865 2685 938 προσιόντων
2717 862 2908 922 κεναῖς
2936 856 3296 926 ἀποπέμπειν
3327 858 3511 927 χερσὶ,
3547 857 3657 926 μή-

2080 979 2213 1015 ποτε
2244 961 2338 1013 καὶ
2369 959 2587 1014 λάθοιτε
2612 952 2852 1025 Χριστὸν
2901 950 3246 1021 παριδόντες,
3277 949 3398 1013 ἐνὸς
3420 948 3532 1004 τῶν
3567 951 3658 1003 ἐν·

2079 1055 2217 1108 δεῶν
2241 1053 2365 1120 ὄψιν
2402 1049 2796 1121 ὑποκριθέντα.
3155 1091 3158 1094 .

2153 1147 2214 1199 I'.
2246 1144 2436 1206 Οὕτως
2469 1140 2643 1195 εἰπὼν
2676 1141 2774 1194 καὶ
2803 1140 2899 1194 ἕνα
2927 1139 3039 1192 τῶν
3068 1137 3328 1209 μαθητῶν
3355 1133 3655 1206 ἐκλεξάμε-

2088 1254 2199 1303 νος,
2232 1236 2334 1307 βίῳ
2363 1252 2422 1288 τε
2449 1233 2557 1287 τῶν
2588 1230 2763 1286 ἀλλων
2789 1229 3280 1299 διενεγκόντα,καὶ
3321 1227 3505 1280 ἱκανὸν
3528 1226 3662 1278 ὄντα

2084 1328 2422 1402 προστασίαν
2453 1325 2698 1394 ἀδελφῶν
2738 1323 3119 1394 πιστευθῆναι,
3169 1323 3349 1392 τούτῳ
3393 1319 3533 1392 μετὰ
3565 1318 3665 1373 καὶ

2081 1424 2182 1494 τῆς
2210 1423 2320 1476 τῶν
2357 1421 2533 1476 ἄλλων
2558 1420 2834 1490 φοιτητῶν
2855 1416 3107 1488 γνώμης,
3137 1417 3238 1483 τὴν
3267 1414 3442 1487 ἀρχὴν
3481 1415 3663 1482 ἐγχειο

2089 1513 2253 1586 ρίζει.
2283 1512 2458 1576 Αὐτὸς
2490 1513 2549 1565 δέ
2578 1512 2680 1582 τῆς
2722 1511 2950 1580 Λαύρας
2987 1509 3158 1580 ἐξῄει,
3208 1508 3382 1560 πολλά
3422 1506 3520 1577 μὲν
3571 1506 3664 1558 δά-

2085 1623 2232 1677 κρυα
2283 1604 2392 1658 τῶν
2445 1601 2743 1672 ὀφθαλμῶν
2796 1602 3065 1671 ἀφιέντων
3101 1600 3207 1652 τῶν
3249 1598 3524 1669 μοναχῶν,
3568 1596 3668 1650 καὶ

2091 1698 2274 1768 μένειν
2307 1695 2472 1748 αὐτὸν
2519 1693 2817 1758 ἀξούντων,
2855 1691 3022 1746 αὑτοῦ
3069 1691 3127 1744 δὲ
3166 1692 3408 1752 είκοντος
3440 1688 3616 1742 οὐδενί
3647 1704 3664 1720 ο

2088 1789 2181 1843 ἆτε
2235 1787 2372 1858 πρὸς
2442 1786 2603 1856 μόνον
2656 1787 2720 1838 τὸ
2772 1783 3050 1846 λυσιτελὲς
3102 1783 3413 1854 βλέποντος.
3461 1782 3524 1834 El
3555 1781 3667 1851 γὰρ

2093 1877 2327 1942 ἐνθένδε,
2356 1877 2548 1946 φησιν,
2602 1868 2647 1929 ὧ
2699 1876 2887 1937 τέκνα,
2922 1871 3365 1943 μεταναστεύσω,
3436 1871 3669 1940 μηδενὸς

2088 1969 2325 2022 ἐνταῦθα
2355 1969 2648 2038 φοιτῶντος
2676 1967 2768 2022 καὶ
2782 1969 2879 2036 τὴν
2910 1965 3148 2038 ἡσυχίαν
3178 1963 3663 2033 ἐπιταράττοντος,

2089 2060 2418 2130 ἀμφοτέροις
2449 2060 2561 2125 ἕξει
2598 2059 2781 2122 καλῶς
2811 2074 2826 2089 ·
2859 2060 2990 2130 ῥᾷον
3025 2059 3132 2128 γὰρ
3165 2057 3277 2126 ἐγώ
3305 2074 3364 2111 τε
3397 2059 3426 2112 ὁ
3465 2058 3666 2126 ὑμέτε-

2093 2168 2188 2221 ρος
2214 2149 2362 2204 κατά
2416 2149 2637 2218 πνεῦμα
2673 2149 2879 2218 πατὴρ,
2915 2150 3010 2202 καὶ
3043 2149 3202 2219 ὑμεῖς
3231 2147 3326 2211 οὓς
3349 2149 3408 2201 ἐν
3440 2147 3664 2219 Χριστῷ

2089 2241 2181 2296 διὰ
2225 2241 2320 2294 τοῦ
2345 2239 2678 2308 Εὑαγγελίου
2731 2241 3019 2311 ἐγέννησα,
3075 2236 3187 2296 οἷόν
3240 2222 3351 2293 τισι
3393 2239 3667 2310 σιμϐλοις,

2089 2334 2218 2394 ταῖς
2289 2330 2515 2393 κέλλαις
2571 2330 2849 2402 γαληνίως
2903 2329 3333 2401 ἐναυλιζόμενοι,
3403 2330 3672 2401 μελιττῶν

2091 2424 2248 2495 δίκην
2279 2425 2340 2478 τὸ
2369 2426 2469 2494 τῆς
2501 2425 2702 2495 ἀρετῆς
2746 2423 2866 2493 μέλι
2892 2423 3419 2494 καρποφορήσομεν.
3453 2423 3670 2476 ’Ἅπαν-

2091 2534 2191 2581 τας
2218 2516 2310 2570 οὖν
2352 2518 2408 2570 ἐν
2441 2516 2703 2588 φιλήματι
2730 2514 3031 2585 περιελθὼν
3060 2516 3230 2585 ἁγίῳ,
3264 2514 3567 2584 εὐλογήσας
3598 2531 3659 2567 τι

2093 2611 2187 2665 καὶ
2217 2609 2296 2681 τῷ
2327 2609 2548 2682 Χριστῷ
2599 2609 3002 2682 παραθέμενος,
3035 2607 3154 2662 ὁδοῦ
3185 2609 3379 2678 εἴχετο,
3414 2611 3506 2661 καὶ
3536 2609 3671 2678 μιᾶς

2092 2702 2349 2768 διανύσας
2379 2703 2591 2772 ἡμέρας
2619 2702 2758 2768 ὁδὸν,
2813 2700 2983 2773 ἐτέρῳ
3013 2692 3345 2772 προσϐάλλει
3394 2698 3669 2771 σπηλαίῳ,

2095 2796 2237 2852 κατὰ
2267 2796 2364 2866 μὲν
2398 2795 2467 2848 τὰ
2495 2795 2853 2866 Ὶεριχούντια
2885 2793 3026 2865 μέρη
3090 2792 3442 2864 διακειμένῳ,
3479 2793 3672 2864 ἐρήμῳ

2093 2889 2151 2942 δὲ
2179 2888 2290 2941 ὄντι
2315 2888 2410 2941 καὶ
2440 2885 2674 2957 ἡσυχίαν
2699 2883 2774 2947 ὡς
2799 2883 3041 2956 μάλιστα
3071 2883 3335 2954 παρέχειν
3363 2881 3672 2952 ἐπιτηδείῳ.

2095 2981 2304 3052 Χρόνον
2330 2978 2509 3032 τοίνυν
2553 2979 2734 3031 ἐκεῖσε
2759 2976 3050 3047 διατρίψας
3102 2977 3316 3046 συχνὸν,
3347 2977 3442 3030 καὶ
3501 2975 3670 3045 βοτα-

2096 3073 2204 3126 νῶν
2245 3072 2368 3134 ταῖς
2395 3068 2783 3140 ἐπιτυχούσαις
2804 3069 2884 3130 εἰς
2919 3066 3128 3137 τροφὴν
3177 3065 3488 3137 χρώμενος,
3544 3064 3667 3136 Θεῷ

416 3196 654 3260 gratum,
693 3179 913 3236 vivebat
958 3181 1245 3246 perpetuo.
1277 3169 1369 3223 Sic
1411 3177 1593 3223 autem
1634 3181 1760 3221 eum
1805 3177 1995 3220 rursus

2105 3165 2271 3234 μόνῳ,
2315 3159 2499 3223 καθὼς
2528 3157 2648 3229 Θεῷ
2708 3157 2883 3227 φίλον,
2937 3155 3046 3220 ζῶν
3074 3156 3321 3210 διετέλει.
3351 3154 3536 3228 Ταύτῃ
3592 3172 3678 3209 τοι

417 3248 563 3332 flens
595 3270 792 3341 aperit,
827 3276 881 3322 et
927 3267 1106 3320 denuo
1130 3259 1478 3317 manifestum
1511 3257 1691 3314 reddit
1720 3270 1866 3323 eum,
1902 3255 1992 3328 qui

2097 3256 2190 3310 καὶ
2219 3254 2350 3316 Θεδς
2380 3251 2540 3307 αὐτὸν
2569 3251 2814 3321 φανεροϊ,
2865 3251 2961 3302 καὶ
2987 3248 3155 3319 ⁸δῆλον
3191 3248 3283 3301 τὸν
3348 3249 3680 3320 κεκρυμμέ-

418 3377 538 3426 erat
569 3333 887 3421 absconsus.
934 3354 1280 3411 Manifestum
1328 3361 1510 3407 autem
1559 3349 1736 3405 reddit
1773 3365 1870 3420 per
1907 3363 1991 3416 ea,

2101 3364 2191 3403 vov
2221 3343 2378 3408 αὖθις
2403 3341 2733 3412 καθίστησι·
2795 3342 3024 3410 φανεροῖ
3051 3340 3110 3393 δὲ
3143 3339 3214 3394 δι’
3246 3333 3322 3394 ῶν
3345 3340 3517 3394 ἐτέλει
3547 3341 3681 3394 θαυ-

419 3479 540 3536 quae
566 3458 816 3520 faciebat,
847 3449 1127 3506 miracula.
1173 3446 1344 3502 Morbi
1382 3445 1527 3500 enim
1571 3459 1669 3514 per
1701 3443 1878 3514 ipsum
1903 3457 1995 3498 ex-

419 3555 786 3630 pellebantur,
810 3557 1208 3616 corporumque
1237 3539 1397 3594 simul
1423 3538 1548 3593 vitia
1575 3547 1629 3592 et
1669 3536 1994 3591 animarum.

423 3627 628 3705 llarum
661 3652 842 3697 autem
879 3636 1071 3706 magis,
1101 3632 1358 3704 quoniam
1393 3646 1454 3686 ea
1483 3645 1627 3700 saepe
1658 3628 1901 3699 corporis
1922 3627 2000 3682 vi-

423 3736 499 3791 tia
532 3731 845 3788 conciliant.
887 3728 1021 3781 Cum
1075 3721 1231 3776 multi
1278 3733 1408 3791 ergo
1451 3721 1520 3774 ab
1570 3718 1686 3786 ipso
1720 3715 1996 3772 consecuti

423 3835 609 3883 essent
651 3820 1013 3882 curationem,
1050 3822 1106 3869 et
1148 3812 1473 3868 statuissent
1499 3811 1664 3865 vitam
1698 3809 1844 3865 illius
1878 3808 2002 3863 imi-

426 3919 553 3982 tari,
598 3917 688 3970 hic
717 3924 934 3982 quoque
961 3905 1191 3961 azdiiicat
1240 3904 1470 3958 alterum
1502 3902 1762 3956 virtutum
1790 3899 2005 3954 habita-

425 4009 633 4072 culum,
675 4001 819 4073 quod
856 3997 1102 4068 Elpidius
1144 3993 1364 4064 quidem
1398 4000 1586 4063 postea
1631 3989 1999 4061 ampliﬁcavit,

2104 3441 2314 3508 μάτων⁰
2366 3435 2512 3490 νόσοι
2537 3432 2647 3503 γάρ
2687 3431 3062 3502 ἀπηλαύνοντο
3086 3432 3156 3487 δι’
3176 3431 3366 3499 αὐτοῦ,
3410 3433 3507 3488 καὶ
3528 3433 3678 3505 πάθη

2104 3528 2374 3599 σωμάτων
2405 3526 2522 3597 ἅμα
2551 3527 2647 3580 καὶ
2679 3524 2788 3578 τῶν
2809 3524 3017 3596 ψυχῶν.
3069 3526 3182 3580 Καὶ
3209 3525 3417 3579 τούτων
3447 3525 3505 3579 δὲ
3545 3525 3683 3596 μᾶλ-

2102 3624 2213 3688 λον,
2252 3624 2363 3692 ὂσιρ
2394 3619 2461 3692 δὴ
2488 3621 2584 3674 καὶ
2609 3619 2868 3681 πολλάκις
2887 3618 2998 3674 τῶν
3023 3619 3354 3690 σωματικῶν
3375 3620 3518 3675 αὐτὰ
3546 3619 3682 3674 καθ-

2109 3715 2352 3768 ίστανται
2384 3712 2640 3783 πρόξενα.
2693 3709 2998 3789 Τοιγαροῦν
3061 3711 3272 3766 πολλῶν
3329 3709 3463 3782 παρ’
3513 3711 3684 3766 αὐτοῦ

2105 3804 2407 3878 θεραπείας
2440 3802 2808 3870 ἀξιωθέντων,
2837 3805 2933 3857 καὶ
2967 3803 3061 3858 τὸν
3117 3804 3331 3859 ἐκείνου
3363 3805 3479 3876 βίον
3507 3805 3689 3875 ζηλῶ-

2110 3916 2202 3954 σαι
2247 3897 2669 3970 προῃρημένων,
2717 3897 2905 3967 ἕτερον
2965 3895 3243 3968 οἰκοδομεῖ
3294 3899 3391 3951 καὶ
3433 3889 3538 3950 ὧδε
3569 3896 3686 3949 τῶν

2108 3990 2322 4062 ἀρετῶν
2352 3990 2698 4060 οἰκητήριον,
2727 3990 2866 4060 ὅπερ
2917 3988 3188 4052 Ἐλπίδιος
3243 3989 3344 4060 μὲν
3385 3990 3692 4044 ἐπλάτυνεν

425 4101 511 4153 vir
539 4095 828 4166 praeclarus
869 4095 1018 4142 recte
1063 4085 1221 4139 factis
1275 4085 1326 4137 in
1359 4083 1766 4137 exercitatione.
1802 4079 1996 4134 Ducem

2112 4083 2368 4154 ὕστερον,
2405 4082 2547 4152 ἀνὴρ
2585 4084 2697 4145 τοῖς
2723 4082 3049 4152 ἀσκητικοτς
3092 4080 3238 4152 μάλα
3294 4080 3692 4153 κατορθώμασι

427 4196 611 4243 autem
648 4198 771 4238 eum
828 4177 1190 4247 appellabant,
1227 4174 1368 4245 quod
1417 4183 1671 4242 tanquam
1699 4170 1838 4225 .Dux
1884 4169 1996 4240 qui-

2111 4173 2442 4246 διαπρέψας.
2473 4171 2654 4227 Δοῦκα
2683 4173 2739 4226 δὲ
2760 4173 2926 4226 αὐτὸν
2948 4173 3381 4244 προσηγόρευον,
3407 4173 3486 4242 τῷ
3521 4173 3694 4230 ὃοῦκὰ

423 4282 555 4335 dam
578 4288 745 4331 sacrae
765 4271 844 4326 illi
878 4273 1065 4324 Laura‘.
1096 4273 1373 4337 praeesset,
1413 4273 1467 4318 et
1504 4272 1718 4318 arceret
1745 4263 1996 4333 impetus,

2111 4285 2234 4321 τινα
2273 4267 2375 4338 τῆς
2403 4268 2557 4336 ἱερᾶς
2586 4266 2751 4338 τῆσδε
2785 4266 3012 4337 Λαύρας
3042 4267 3431 4340 προΐστασθαι,
3458 4267 3555 4320 καὶ
3590 4269 3694 4332 τὰς

429 4372 525 4440 qui
571 4371 626 4422 in
665 4380 785 4418 eam
829 4362 1050 4424 fiebant,
1097 4373 1236 4428 quos
1269 4356 1486 4427 quidem
1541 4353 1756 4410 Hebraei
1809 4353 1996 4408 infere-

2114 4360 2378 4431 ἐπηρείας
2413 4361 2620 4432 εἵργειν
2662 4359 2764 4422 τὰς
2793 4361 2915 4414 κατ’
2949 4360 3144 4430 αὐτῆς,
3177 4361 3248 4424 ἃς
3295 4359 3538 4432 Ἑϐραῖοι
3560 4360 3695 4414 ’τότε

420 4465 586 4525 bant,
622 4457 713 4528 qui
747 4455 1064 4510 habitabant
1088 4450 1303 4505 Noeron
1329 4449 1610 4518 praedium,
1645 4446 1787 4517 quod
1815 4446 1896 4500 sic
1914 4460 1996 4500 νο-

2115 4455 2167 4507 oi
2201 4454 2262 4508 τὸ
2290 4454 2476 4523 νοερὸν
2501 4453 2642 4506 οὕτω
2670 4449 3008 4521 καλούμενον
3033 4452 3313 4515 οἰκοῦντες
3336 4451 3564 4522 χωρίον,
3590 4468 3695 4505 πο-

421 4555 682 4617 -eabatur,
711 4562 969 4620 magnum
999 4544 1220 4600 invidia:
1256 4543 1445 4598 {tntum
1475 4541 1863 4612 parturientes.

2117 4545 2216 4598 λὺν
2241 4545 2526 4609 ώδίνοντες
2551 4546 2642 4598 τὸν
2667 4546 2882 4616 φθόνον,
2918 4546 3144 4617 ἐπῆγον.

506 4646 597 4700 .\.'|.
623 4615 900 4710 Quoniam
931 4655 1060 4709 ergo
1104 4637 1192 4692 hic
1227 4650 1466 4706 quoque,
1498 4635 1682 4689 multis
1707 4631 1996 4689 accedenti-

2190 4637 2305 4692 ΙΝ.
2347 4637 2504 4690 Ἐπεὶ
2543 4631 2639 4691 οὖν
2677 4615 2958 4692 κάνταῦθα
2984 4615 3200 4691 πολλῶν
3229 4639 3588 4710 προσιόντων,
3629 4637 3702 4691 τά

415 4739 561 4800 'bus,
595 4731 1098 4801 interrumpebatur
1142 4728 1190 4781 ei
1245 4725 1400 4795 quies
1446 4740 1510 4779 ac
1550 4724 1850 4787 silentium,
1888 4737 1996 4777 curr

2117 4726 2218 4795 τῆς
2268 4726 2499 4798 ἡσυχίας
2556 4729 2707 4799 αὐτῷ
2749 4729 3088 4795 διεκόπτετο,
3144 4729 3539 4800 διαταξάμενος
3593 4731 3694 4783 καὶ

417 4828 558 4882 ‘istis
603 4836 820 4894 quoque
854 4818 1146 4874 monachis
1193 4815 1437 4872 dedisset
1484 4814 1926 4877 constitutiones,
1961 4820 2018 4867 et

437 4919 791 4992 praecepisset
818 4914 1091 4986 quomodo
1120 4921 1368 4982 oporteat
1393 4910 1573 4964 vivere
1591 4923 1704 4971 eos,
1722 4908 2014 4978 quicuram

440 5019 637 5083 gerunt
666 5011 882 5074 animae,
921 5017 975 5061 et
1005 5020 1130 5060 eum
1167 5005 1520 5074 designa-ssct,
1553 5002 1641 5071 qui
1697 5011 1844 5056 esset
1881 5015 2018 5070 pra:-

440 5103 683 5166 t‘uturns,
721 5099 848 5153 hinc
879 5113 1069 5152 rursus
1113 5095 1345 5160 recedit,
1380 5102 1434 5148 et
1483 5092 1694 5147 accedit
1745 5093 1811 5146 ad
1851 5092 2015 5146 aliam

441 5203 653 5266 partem
684 5189 1018 5254 solitudinis,
1043 5204 1170 5258 quae
1199 5185 1612 5256 quatuordecim
1637 5185 1826 5241 stadiis
1857 5185 2016 5255 paulo

444 5284 566 5354 plus
596 5290 694 5336 aut
745 5279 926 5334 minus
974 5280 1145 5334 distat
1180 5294 1209 5332 a
1255 5278 1478 5348 regione
1523 5276 1893 5331 Thecoorum.
1927 5277 2019 5332 Sic

439 5376 592 5430 enim
639 5373 889 5428 Salvator
921 5371 1112 5426 mundi
1157 5387 1281 5426 cum
1318 5380 1540 5425 mutare
1571 5370 1702 5425 fecit
1728 5369 2018 5425 habitatio-

444 5482 574 5534 nes,
597 5466 730 5535 quid
763 5466 865 5521 sibi
903 5467 1114 5530 volens,
1151 5473 1205 5519 et
1237 5480 1344 5534 quo
1379 5475 1538 5518 utens
1565 5463 1832 5518 consilio?
1863 5462 2016 5516 illum

443 5560 663 5630 quidem
695 5558 928 5612 reddens
960 5556 1238 5626 cognitum
1275 5563 1327 5610 et
1358 5555 1565 5609 clarum
1601 5554 1854 5608 omnibus
1885 5569 2020 5610 :eos

443 5659 650 5710 autem,
680 5649 772 5716 qui
809 5648 875 5701 ad
907 5647 1081 5716 ipsum
1114 5646 1452 5700 ventilabam
1487 5647 1668 5717 (erant
1697 5658 1831 5700 vero
1855 5661 1920 5700 ex
1953 5647 2020 5702 iis

446 5739 760 5808 complures
783 5739 1057 5811 gentiles),
1085 5740 1283 5810 partim
1307 5739 1522 5808 quidem
1548 5737 1814 5791 inducens
1831 5737 1896 5793 ad
1920 5752 2020 5793 ex-

443 5831 757 5900 purgandas
781 5833 1048 5901 baptismo
1076 5831 1310 5899 animas,
1341 5831 1534 5902 partim
1579 5842 1761 5887 autem
1805 5833 1874 5887 ad
1905 5847 2020 5886 mo-

445 5921 790 5976 nachismum
816 5938 914 5992 per
945 5923 1098 5978 illum
1138 5925 1432 5994 deducens,
1463 5925 1597 5983 Cum
1620 5935 1803 5984 autem
1830 5941 2020 5984 rursus

2119 4820 2326 4884 αὐτοῖς,
2362 4820 2457 4874 καὶ
2488 4820 2660 4875 είπὼν
2689 4819 2766 4885 ὡς
2797 4821 3046 4891 προσῆκε
3078 4821 3178 4894 ζῇν
3205 4823 3332 4886 τοὺς
3366 4823 3545 4892 ψυχῆς
3567 4823 3698 4876 ἐπι-

2123 4911 2478 4981 μελομένους,
2539 4911 2814 4981 γνωρίσας
2851 4914 2909 4966 δὲ
2940 4916 3035 4967 καὶ
3081 4914 3174 4967 τὸν
3216 4916 3694 4986 προστησόμενον,

2118 5003 2353 5058 αὐτόθεν
2384 5004 2546 5058 πάλιν
2580 5004 2868 5075 ἀνεχώρει,
2897 5007 2992 5060 καὶ
3016 5008 3096 5069 είς
3125 5006 3318 5079 ἕτερον
3343 5009 3443 5079 τῆς
3483 5010 3694 5080 ἐρήμου

2122 5099 2291 5169 μέρος
2345 5097 2623 5166 ἐπιφοιτᾷ,
2655 5099 2952 5169 τέσσαρσιν
2990 5098 3085 5152 ἐπὶ
3119 5101 3231 5162 τοῖς
3267 5100 3402 5152 δέκα
3438 5100 3690 5164 σταδίοις,

2119 5191 2214 5244 καὶ
2245 5189 2434 5260 μικρῷ
2466 5190 2631 5244 πλέον
2655 5190 2688 5262 ἢ
2714 5189 2938 5245 ἔλαττον
2972 5190 3067 5246 τοῦ
3107 5191 3342 5261 Θεκῴων
3365 5192 3513 5246 οὕτω
3541 5194 3694 5260 λεγο-

2124 5290 2292 5354 μένου
2323 5281 2624 5352 διεστηκώς
2673 5283 2978 5353 κτήματοςο
3041 5285 3185 5339 οὕτω
3240 5287 3350 5356 γὰρ
3382 5287 3550 5340 αὐτὸν
3603 5287 3704 5351 τὰς

2121 5374 2368 5441 οἰκήσεις
2398 5373 2425 5424 ὁ
2459 5369 2554 5424 τοῦ
2606 5373 2814 5442 κόσμου
2878 5373 3070 5446 Σωτὴρ
3107 5376 3359 5446 ἀμείϐειν
3403 5376 3600 5442 ἐποίει,
3651 5378 3707 5430 τί

2123 5465 2450 5537 βουλόμενος
2472 5466 2568 5517 καὶ
2591 5465 2644 5516 τί
2660 5464 2770 5536 ἄρα
2803 5466 2945 5520 θεῖον
2963 5468 3300 5540 οἰκονομῶνς
3335 5470 3575 5524 Ἐκεῖνον
3601 5469 3708 5539 μὲν

2120 5553 2400 5625 γνώριμόν
2429 5574 2487 5609 τε
2527 5554 2626 5609 καὶ
2651 5555 2941 5625 καταφανῆ
2975 5558 3112 5610 πᾶσι
3140 5550 3356 5610 ποιῶν·’
3383 5558 3511 5621 τοὺς
3533 5559 3591 5611 δέ
3641 5574 3708 5626 γε

2123 5643 2259 5714 πρὸς
2282 5645 2346 5697 αὐ
2363 5645 2442 5697 τὸν
2475 5641 2782 5715 φοιτῶντας
2811 5641 3096 5712 (Ἓλληνες
3117 5643 3173 5698 δὲ
3194 5645 3399 5698 τούτων
3414 5648 3462 5699 oi
3486 5645 3712 5709 πλείους

2125 5737 2482 5808 ἐτύγχανον),
2529 5731 2695 5791 τοῦτο
2738 5735 2840 5802 μὲν
2893 5735 2974 5800 είς
3018 5735 3197 5808 ψυχῆς
3262 5737 3531 5808 κάθαρσιν
3581 5737 3713 5792 ἐνά-

2124 5846 2259 5898 γων,
2289 5831 2445 5885 τοῦτο
2470 5831 2526 5884 δὲ
2557 5835 2650 5885 καὶ
2694 5827 2896 5897 μᾶλλον
2927 5829 3067 5900 πρὸς
3104 5830 3205 5902 τὴν
3228 5831 3309 5894 είς
3341 5830 3502 5884 αὑτὸν
3519 5828 3711 5882 πίστιν

2127 5922 2193 5975 δι’
2218 5924 2429 5980 ἐκείνου
2451 5921 2838 5997 χειραγωγῶν.
2871 5921 3092 5982 Πολλῶν
3147 5924 3202 5980 δὲ
3232 5924 3323 5980 καὶ
3355 5921 3513 5986 αὖθις
3543 5921 3709 5975 ἀδελ-
