4060 6462
462 343 572 409 913

1684 340 1861 401 Vl'l‘A
1905 337 1945 397 S
2004 333 2496 398 CHARITONIS.

3608 322 3719 391 914

464 464 584 532 φῶν
618 462 1124 534 συναγειρομένων,
1155 461 1203 516 οῖ
1230 463 1298 534 τῇ
1351 460 1442 514 τοῦ
1476 457 1683 528 κόσμου
1717 461 1835 528 μὲν,
1870 457 1946 517 ὡς
1982 452 2044 507 ἀν

2153 450 2310 505 multi
2336 450 2533 506 fratres
2561 462 3046 522 congregarentur,
3076 446 3171 517 qui
3202 442 3386 501 mundi
3405 441 3724 513 quidem.ut

468 559 619 611 εῖποι
669 574 777 624 τις,
802 557 1173 611 άπετάττοντο
1224 552 1486 625 ἀκοσμίᾳ*
1522 551 1638 621 Θεῷ
1685 550 1742 604 δὲ
1785 549 1881 603 καί⁵
1929 548 2041 609 τοῖς

468 650 615 704 κατά
645 649 784 702 Θεὸν
837 647 1007 713 ζῶσιν
1064 645 1306 710 εὖλαίῶς
1357 643 1744 699 συνετάττοντο
1780 641 2045 711 (ἤκουσαν

464 743 577 813 γάρ
612 739 710 796 τοῦ
759 742 906 796 θείου
929 740 1119 796 τούτου
1155 741 1253 793 καὶ
1287 741 1436 810 ἱεροῦ
1484 737 1730 809 ῥήματος
1757 750 1771 765 ⁸
1815 729 2046 797 Ἀγαθὸν

465 835 622 906 ἀνδρὶ
674 835 701 888 ε
731 833 780 887 τ’
813 833 881 889 ἂν
909 834 1019 906 ἄρῃ
1065 833 1227 903 ζυγὸν
1256 833 1321 884 ὲκ
1365 830 1612 899 νεότητνς
1656 824 1870 895 αὑτοῦ).
1905 822 2045 877 καθα

467 925 629 998 ῖσῃτε
688 925 1023 995 καταμόνας,
1050 924 1131 988 είς
1168 922 1329 993 ἔργον
1384 921 1567 985 αὐτοῖς
1612 918 1672 972 τὸ
1729 915 1872 971 κατὰ
1921 911 2046 967 νοῦν

467 1018 734 1083 ὲξέόαινε.
769 1018 869 1073 Διά
907 1015 1081 1072 ταῦτα
1125 1017 1222 1069 καὶ⁵
1256 1014 1455 1086 ἑτέραν
1485 1006 2044 1078 ἐκεῖσε-κατασκευά-

466 1106 552 1173 ζει
616 1107 842 1180 Λαύραν
894 1106 923 1160 6
960 1105 1279 1177 θαυμαστὸς
1330 1096 1486 1167 οὗτος
1534 1101 1817 1174 Χαρίτων,
1865 1099 2045 1170 ἥνπερ

466 1200 599 1254 ἔνιοι
641 1198 741 1271 μὲν
785 1203 851 1271 τῇ
917 1201 1070 1272 Σύρᾳ
1121 1198 1339 1271 γλώττῃ
1399 1197 1610 1251 Σουκάν
1663 1190 2043 1265 ὀνομάζουσιν.

538 1292 641 1348 lB’.
659 1291 803 1347 Ἀλλ’
833 1287 973 1365 ἧκεν
998 1295 1133 1365 ἡμῖν
1167 1291 1310 1347 κατὰ
1341 1290 1519 1363 βραχὺ
1548 1288 1792 1361 βαδίζων
1812 1289 1840 1341 6
1863 1286 2043 1353 λόγος·

465 1383 564 1437 ἐπὶ
590 1382 654 1436 τὸ
682 1382 1000 1437 τελευταῖον
1051 1381 1154 1450 μὲν
1206 1383 1272 1452 τῇ
1305 1380 1478 1447 τάξει,
1516 1378 1734 1450 πρῶτον
1760 1376 1817 1429 δὲ
1848 1378 1931 1447 τῇ
1956 1375 2048 1428 δυ-

466 1475 649 1545 νάμει.
682 1475 777 1528 καὶ
803 1475 880 1545 τῷ
924 1474 1199 1545 μεγαλείῳ
1236 1472 1333 1526 τοῦ
1385 1471 1684 1542 θαύματος.
1719 1466 1878 1521 Ἐπεὶ
1933 1466 2043 1537 γάρ

2146 541 2218 596 ita
2252 541 2507 608 dixerim,
2536 541 2895 596 immunditiae
2939 537 3325 595 renuntiabant
3373 530 3724 606 (audiverant

2146 632 2293 687 enim
2316 632 2562 687 divinum
2599 632 2702 688 hoc
2737 640 2794 688 et
2819 646 3034 688 sacrum
3079 629 3305 683 verbum
3340 625 3591 682 :Bonum
3621 626 3723 679 ho-

2148 722 2305 786 mini,
2329 723 2551 792 quando
2577 723 2758 778 tulcrit
2790 724 2982 794 jugum
3012 735 3040 775 a
3064 722 3360 791 iuventute
3402 733 3522 782 sua,
3551 724 3607 771 et
3637 730 3726 770 sc—

2148 814 2293 870 derit
2318 813 2612 885 seorsum),
2640 817 2903 885 processit
2929 814 2995 869 ad
3024 828 3183 884 Opus,
3219 809 3363 882 quod
3396 817 3514 864 erat
3543 823 3609 862 ex
3629 823 3724 862 σου

2149 919 2270 959 rum
2293 907 2587 961 sententia.
2621 904 2909 974 Propterea
2928 905 3085 958 aliam
3116 916 3334 974 quoque
3364 901 3472 956 illic
3496 898 3726 955 aediﬁcat

2147 994 2380 1051 Lauram
2412 996 2748 1052 admirabilis
2801 995 2892 1051 hic
2922 995 3184 1051 Chariten
3215 1012 3229 1048 :
3260 1008 3423 1064 quam
3471 992 3721 1046 nonnulli

2149 1093 2372 1162 quidem
2408 1093 2591 1165 lingua
2640 1094 2777 1164 Syra
2819 1090 3021 1148 Sucam
3072 1089 3375 1155 nominant,
3421 1085 3511 1143 alii
3541 1095 3722 1142 autem

2146 1198 2280 1240 vace
2315 1184 2503 1241 Graeca
2524 1194 2764 1240 veterem
2794 1182 3028 1238 Lauram
3057 1182 3355 1253 appellant.

2215 1275 2334 1332 Xll.
2377 1276 2486 1332 Sed
2517 1276 2679 1332 nobis
2708 1275 2972 1346 paulatim
3017 1274 3319 1345 procedens
3365 1271 3519 1327 venit
3549 1271 3727 1327 oratio

2142 1367 2213 1424 ad
2242 1367 2299 1421 id
2337 1411 2352 1435 ,
2393 1367 2540 1439 quod
2568 1375 2652 1423 est
2686 1367 2938 1423 ultimum
2982 1366 3201 1430 quidem
3235 1363 3448 1428 ordine.
3485 1351 3724 1434 primum

2120 1467 2330 1541 “autem
2354 1458 2555 1513 virtute
2615 1465 2670 1513 et
2702 1456 2947 1513 miraculi
2995 1455 3394 1527 magnitudine.
3431 1453 3565 1508 Nam
3601 1468 3725 1509 cum

466 1565 544 1629 ὥς
574 1566 791 1629 οὐδενὸς
822 1565 985 1622 ἀλλου
1038 1563 1357 1636 ἐφρόντιζεν
1412 1561 1667 1633 ἡσυχίας,
1730 1558 1805 1631 μὴ
1833 1557 2044 1625 ἀγνοῶν

2145 1562 2333 1604 curam
2361 1557 2576 1619 gereret
2605 1549 2807 1620 quietis
2830 1555 2886 1604 et
2924 1548 3132 1605 silentii
3172 1558 3230 1603 ut
3263 1546 3470 1602 nullius
3499 1546 3727 1601 alterius

466 1659 569 1714 ὅσα
603 1659 739 1730 πρὸς
780 1658 982 1731 ἀρετὴν
1010 1655 1151 1728 αὕτη
1186 1656 1412 1712 δύναται
1466 1652 1739 1708 συντελεῖν
1780 1648 2044 1722 σπήλαιόν

2147 1643 2224 1698 rei
2256 1644 2428 1714 magis
2450 1686 2464 1709 ,
2508 1658 2617 1698 non
2649 1643 2910 1714 ignorans
2940 1651 3209 1713 quantum
3260 1649 3444 1712 posset
3477 1637 3728 1694 conferre
3786 1676 3789 1679 -

467 1766 523 1804 τι
572 1749 909 1820 καταμαθὼν
969 1748 1063 1802 ἐπί
1119 1765 1267 1813 τινος
1307 1747 1490 1816 ὅρους,
1547 1742 1904 1816 κρημνώδους
1947 1740 2044 1795 καὶ

2146 1732 2215 1787 ad
2246 1733 2525 1794 virtutem.
2547 1748 2670 1788 cum
2696 1732 3003 1789 rcscivissct
3026 1748 3147 1789 esse
3185 1732 3473 1803 quamdam
3510 1730 3730 1800 spelun-

2151 1837 2261 1843 ρ-..
2297 1822 2346 1843 3..
2385 1822 2647 1843 _.____!_!.!
2687 1823 2895 1843 .___21-,_-
2942 1832 2985 1843 ,ι
3020 1832 3293 1843 -..-.-..μ-...,
3318 1830 3504 1843 ...Α-..Α
3540 1821 3701 1843 ΔΕΑ-..

474 1840 754 1910 ἀποτόμου
785 1840 1063 1911 κείμενον,
1116 1839 1179 1894 οὗ
1213 1840 1404 1911 πόρρω
1437 1837 1493 1892 δὲ
1526 1839 1626 1907 τῆς
1663 1836 1815 1907 ίερᾶς
1839 1833 2043 1904 ταύτης

469 1928 693 2001 Λαύρας
721 1929 1052 2001 ἀφεστηκὸς,
1102 1927 1132 1982 δ
1172 1927 1235 1980 τὸ
1268 1925 1596 1998 Κρεμαστδν
1628 1925 1708 1988 είς
1738 1921 1908 1993 δεῦρο
1931 1938 2044 1975 κα-

465 2022 642 2076 λεῖται
677 2021 935 2093 (βάσιμον
964 2021 1075 2094 γάρ
1132 2021 1234 2074 οὐκ
1264 2020 1439 2083 ἄλλως
1487 2020 1537 2072 εἰ
1577 2018 1651 2089 μὴ
1695 2016 1928 2083 κλίμακι
1964 2015 2044 2086 τῷ

470 2114 781 2184 βουλομένῳ
803 2113 1060 2182 γίνεται),
1093 2111 1256 2167 τοῦτο
1282 2114 1312 2166 6
1340 2113 1589 2180 γενναῖος
1610 2111 1776 2163 οίκεῖ.
1830 2107 2043 2178 Χρόνου

462 2204 525 2259 δὲ
557 2205 856 2269 διελθόντος
876 2204 1092 2277 συχνοῦ,
1122 2206 1220 2258 καὶ
1244 2203 1404 2258 τοῦτο
1432 2201 1533 2273 μὲν
1565 2202 1739 2272 γήρᾳ,
1787 2199 1945 2253 τοῦτο
1986 2198 2044 2253 δὲ

469 2295 568 2349 καὶ
601 2297 717 2358 τοῖς
742 2297 975 2366 μακροῖς
1007 2297 1106 2365 τῆς
1132 2294 1423 2365 ἀσκήσεως
1474 2292 1660 2356 πόνοις
1689 2289 2043 2354 ἐνδεδωκότος

464 2386 623 2457 αὐτῷ
662 2386 763 2440 τοῦ
818 2385 1093 2458 σώματος’
1126 2387 1225 2441 καὶ
1254 2386 1356 2456 οὐχ
1391 2385 1505 2439 οἴου
1552 2400 1613 2438 τε
1668 2384 1825 2448 ὄντος
1864 2380 2044 2452 ἑαυτῷ

464 2479 834 2550 λειτουργεῖν,
864 2479 962 2532 καὶ
986 2477 1137 2549 ὕδωρ
1165 2477 1586 2547 μετακομίζειν,
1613 2476 1775 2539 αὐτὸς
1809 2475 1884 2545 μὴ
1922 2473 2047 2545 βου-

468 2568 695 2637 λόμενος
717 2569 879 2623 πάλιν
897 2569 1068 2640 ἑτέρῳ
1081 2568 1373 2639 ἐπιτρέψαι
1393 2565 1492 2639 τὴν
1511 2566 1853 2638 λειτουργίαν
1865 2582 1880 2597 ·
1906 2565 2043 2621 ἀλλά

466 2661 530 2714 τὸ
559 2660 814 2731 φοστικδς
846 2661 972 2732 (sic)
994 2699 1008 2724 ,
1041 2660 1219 2713 δοκεῖν
1265 2658 1593 2728 διαφεύγων,
1615 2657 1668 2711 τί
1701 2659 1846 2711 ποιεῖ
1867 2673 1884 2724 ;
1905 2655 2043 2710 Θεοῦ

466 2751 641 2804 δεῖται
670 2751 763 2805 τοῦ
795 2751 864 2805 τά
894 2751 1132 2806 ἀδύνατα
1159 2750 1364 2804 δυνατά
1399 2751 1577 2803 ποιεῖν
1598 2747 1921 2817 δυναμένου,
1948 2747 2045 2802 καὶ

476 2844 653 2914 πέτρᾳ
684 2843 848 2898 πάλιν
890 2842 1014 2914 οὐχὶ
1076 2844 1277 2914 ῥάϐδῳ,
1338 2842 1453 2897 ἀλλ’
1498 2841 1632 2913 εὐχῇ
1679 2842 2042 2911 παταχθεῖσα,

468 2933 616 3005 ὕδωρ
651 2933 878 3003 ἀφίησιν
926 2934 1027 2988 οὐκ
1084 2933 1304 2989 ἀπειθεῖ
1332 2931 1448 3003 λαῷ
1502 2931 1599 2985 καὶ
1657 2930 2045 3001 ἀνόμῳ,.άλλά

466 3028 565 3082 καὶ
591 3026 837 3082 εὐπειθεῖ
861 3026 1001 3092 λίαν,
1029 3027 1123 3080 καὶ
1139 3025 1277 3079 Θεοῦ
1305 3025 1492 3095 νόμοις
1522 3026 1745 3080 εῖκοντι.
1787 3024 1881 3077 Ἐκ
1913 3024 2045 3093 μιᾶς

2145 1837 2265 1877 eam
2297 1822 2351 1876 in
2385 1822 2648 1893 praecipiti
2680 1823 2900 1893 quidem
2936 1832 2991 1878 et
3020 1832 3299 1894 praerupto
3317 1830 3508 1877 monte
3538 1821 3725 1881 sitam,

2144 1914 2239 1970 sed
2265 1929 2377 1970 non
2412 1915 2572 1986 longe
2601 1913 2895 1980 distantem
2934 1913 3004 1969 ab
3040 1914 3141 1969 hac
3172 1904 3331 1969 Sacra
3376 1912 3576 1977 Laura,
3607 1926 3727 1980 qua:

2146 2019 2320 2074 usque
2362 2003 2419 2058 in
2460 2004 2788 2059 hodiernum
2825 2004 2971 2059 diem
3030 2004 3336 2074 appellatur
3382 2003 3724 2060 Cremastos.

2144 2091 2201 2146 id
2233 2099 2340 2158 est,
2375 2091 2603 2161 pensilis
2623 2092 2755 2160 (non
2788 2092 2934 2147 enim
2967 2101 3149 2163 potest
3183 2093 3306 2162 quis
3332 2092 3398 2147 ad
3426 2091 3598 2161 ipsam
3638 2106 3729 2145 ac-

2143 2181 2363 2245 cedere,
2396 2180 2503 2236 nisi
2550 2180 2764 2252 scalis),
2796 2196 2914 2236 eam
2956 2181 3172 2238 habitat
3202 2181 3285 2236 rir
3330 2181 3419 2236 ille
3452 2179 3723 2251 egregius.

2141 2271 2280 2329 Cum
2309 2281 2491 2328 autem
2512 2272 2746 2327 multum
2771 2273 3034 2341 temporis
3061 2271 3506 2343 praeteriissct,et
3527 2273 3724 2342 partim

2143 2365 2364 2436 quidem
2399 2363 2577 2431 senio,
2608 2363 2806 2433 partim
2844 2371 3026 2418 autem
3060 2363 3235 2436 longis
3274 2362 3551 2419 laboribus
3573 2377 3731 2417 exer-

2144 2453 2440 2518 citationis,
2476 2452 2527 2507 ei
2558 2452 2848 2507 remissum
2879 2459 3026 2507 esset
3049 2465 3258 2521 corpus
3293 2471 3307 2507 :
3341 2459 3396 2507 et
3423 2467 3606 2522 neque
3623 2452 3724 2507 sibi

2145 2553 2331 2616 posset
2364 2544 2675 2600 ministrare
2695 2552 2750 2598 et
2785 2559 2980 2614 aquam
3010 2542 3227 2606 amare.
3269 2544 3382 2613 ipse
3417 2544 3608 2599 nolens
3635 2545 3726 2598 alii

2145 2650 2337 2692 rursus
2363 2635 2467 2690 hoc
2494 2634 2755 2690 mandare
2780 2635 3166 2703 ministerium,
3197 2637 3327 2707 quid
3361 2636 3528 2692 facit?
3554 2636 3723 2704 Deum

2143 2737 2321 2802 rogat,
2352 2729 2469 2800 qui,
2500 2743 2623 2799 qua
2653 2727 2770 2784 fieri
2800 2720 2910 2784 non
2957 2736 3211 2799 possunt,
3246 2728 3427 2785 facere
3455 2736 3637 2800 potest
3667 2737 3727 2782 ut

2145 2825 2278 2880 tlant
2316 2843 2330 2880 :
2365 2837 2421 2880 et
2465 2833 2619 2895 petra
2670 2839 2896 2888 rursus,
2935 2839 3047 2880 non
3096 2827 3247 2897 virga
3300 2839 3579 2896 percussa,
3628 2824 3724 2879 sed

2144 2916 2480 2987 precatione,
2511 2916 2705 2985 aquam
2737 2915 2961 2981 emittit,
2990 2931 3102 2970 non
3130 2915 3183 2970 in
3221 2915 3497 2973 obcdienli
3530 2924 3727 2971 contu-

2146 3007 2398 3078 macique
2425 3006 2628 3077 populo
2673 3015 2729 3060 et
2748 3005 2957 3076 iniquo,
2988 3006 3083 3063 sed
3130 3007 3284 3063 valle
3336 3006 3634 3072 obedienti,
3670 3013 3727 3061 et

469 3118 581 3192 γάρ
624 3118 721 3172 τοῦ
773 3118 977 3189 ἄντρου
1018 3116 1263 3188 πλευρᾶς
1310 3117 1457 3186 ὕδωρ
1507 3117 1670 3181 εὐθὺς
1696 3116 1892 3170 ἔϐλυσε
1941 3115 2044 3185 ψυ-

2146 3098 2362 3155 cedenti
2396 3097 2494 3153 Dei
2522 3097 2756 3170 legibus.
2795 3096 2875 3151 Ex
2903 3112 3016 3153 uno
3042 3097 3190 3153 enim
3219 3097 3363 3153 antri
3397 3096 3568 3152 latere
3596 3111 3723 3167 pro-

468 3209 734 3283 χρότατόν
752 3227 811 3264 τε
840 3210 935 3265 καὶ
963 3209 1351 3274 διειδίστατον,
1377 3208 1408 3263 ὃ
1438 3208 1533 3263 καὶ
1563 3209 1643 3272 είς
1673 3206 1835 3279 δεῦρο
1866 3208 2040 3278 μένει,

467 3301 532 3356 οὐ
555 3301 714 3373 δίψαν
744 3301 939 3364 ἁπλῶς
971 3300 1223 3372 ίώμενον,
1251 3301 1387 3355 ἀλλὰ
1418 3301 1516 3356 καὶ
1543 3300 1848 3372 μαρτύριον
1879 3302 2045 3371 ἀκρι-

467 3393 563 3458 ϐὲς
591 3395 903 3466 γινόμενον,
932 3389 1001 3469 ἧς
1035 3389 1150 3465 εἷχε
1182 3393 1440 3466 Χαρίτων
1479 3392 1620 3464 πρὸς
1664 3392 1797 3447 Θεὸν
1828 3391 2043 3447 οίκειώι

466 3501 627 3553 σεως.
731 3516 735 3520 ·

543 3645 641 3703 ll".
675 3647 742 3702 Τί
772 3646 852 3703 ἔτι
889 3648 1046 3722 ςτὴν
1074 3650 1175 3719 τῆς
1214 3647 1480 3719 ἐκδημίας
1503 3646 1598 3702 τοῦ
1634 3645 1883 3717 σώματος
1899 3647 2042 3718 ἠμέ-

474 3757 602 3811 ραν,
638 3740 845 3811 μᾶλλον
866 3740 925 3794 δὲ
978 3739 1115 3812 πρὸς
1144 3739 1279 3794 Θεὸν
1304 3740 1573 3811 ἐκδημίαν
1607 3739 1772 3811 (οὕτω
1815 3739 1924 3810 γάρ
1967 3740 2045 3794 εί-

469 3831 593 3883 πεῖν
620 3831 1001 3901 οἰκειότερον),
1033 3832 1099 3884 ὲκ
1119 3829 1274 3895 θείας
1309 3829 1708 3900 ἀποκαλύψεως
1732 3832 1826 3886 ἰπὶ
1848 3829 2044 3902 θύραις

469 3914 615 3973 εἶναι
637 3918 970 3989 διεγνωκὼς,
1004 3921 1256 3983 ἃπαντας
1306 3921 1405 3990 μὲν
1435 3921 1510 3984 ὡς
1542 3922 1707 3976 αὐτὸν
1737 3922 1891 3977 καλεῖ
1918 3924 2045 3988 τοὺς

467 4009 576 4063 τῶν
604 4012 912 4084 είρημὲνων
943 4012 1112 4082 τριῶν
1161 4011 1429 4084 σεμνείων
1488 4012 1752 4085 ποιμένας
1801 4013 1918 4085 ἅμα
1947 4016 2045 4069 καὶ

468 4105 750 4175 ποίμνην
789 4106 886 4158 καὶ
937 4105 1144 4161 ἅπασιν
1202 4105 1342 4176 ὁμοῦ
1393 4105 1602 4169 τούτοις
1641 4109 1722 4170 είς
1751 4106 1855 4184 τὴν
1894 4107 2045 4178 ἱεράν

469 4202 835 4273 παραγίνεται
897 4200 1120 4272 Λαύραν
1167 4200 1376 4271 Φαράν,
1431 4202 1521 4256 ἵνα
1579 4201 1646 4273 δὴ
1703 4201 1770 4256 τδ
1819 4203 2045 4274 πρῶτον

467 4291 784 4362 ἀσκητικῶν
804 4288 1031 4361 ἀγώνων
1063 4292 1552 4365 ίδρῶταςέσταξεν.
1595 4294 1810 4365 Ὠσπερ
1840 4296 1898 4349 δέ
1921 4312 2045 4349 τινα

470 4384 675 4455 κλῆρον
709 4384 898 4448 αὐτοῖς
950 4386 1136 4456 ἀφιεὶς
1160 4386 1261 4451 τὰς
1292 4387 1446 4458 ίεράς
1492 4388 1663 4442 αὐτοῦ
1703 4388 1946 4457 ἐντολὰς,
1979 4389 2042 4443 οὐ

2148 3189 2299 3246 tinus
2350 3187 2604 3245 scaturiit
2655 3203 2796 3258 aqua
2835 3186 3186 3259 frigidissima
3223 3198 3280 3244 et
3321 3187 3723 3259 limpidissima.

2142 3294 2264 3351 quae
2288 3288 2478 3336 manet
2516 3294 2692 3345 usque
2728 3279 2785 3334 in
2829 3278 3154 3335 hodiernum
3191 3280 3358 3347 diem,
3389 3295 3503 3335 non
3555 3280 3725 3334 solam

2143 3371 2291 3429 sitim
2315 3373 2534 3435 sedans,
2564 3371 2658 3429 sed
2688 3386 2808 3441 qua
2831 3380 2918 3428 est
2944 3371 3111 3428 etiam
3134 3370 3435 3442 perfectum
3478 3371 3726 3427 testimo-

2143 3461 2296 3517 nium
2319 3460 2767 3527 necessitudinis,
2808 3476 2973 3533 quam
3003 3477 3128 3517 cum
3172 3461 3285 3517 Deo
3320 3460 3553 3517 habebat
3581 3462 3726 3517 Cha.-

2144 3554 2313 3611 riton.

2212 3666 2353 3725 Xlli.
2383 3669 2524 3737 Quid
2553 3671 2828 3744 amplius?
2849 3671 2987 3728 Cum
3016 3686 3174 3726 suum
3209 3685 3239 3725 a
3271 3681 3500 3740 corpore
3527 3679 3723 3722 exces-

2143 3772 2289 3826 sum,
2322 3761 2409 3817 vel
2432 3764 2616 3833 potius
2643 3766 2709 3820 ad
2740 3762 2910 3820 Deum
2945 3778 3227 3819 accessum
3263 3761 3366 3831 (sic
3386 3760 3531 3815 enim
3550 3761 3723 3829 magis

2143 3851 2403 3907 convenit
2438 3850 2643 3921 dicere)
2698 3866 2765 3906 ex
2819 3851 3005 3906 divina
3051 3849 3390 3904 revelatione
3425 3849 3480 3902 in
3511 3846 3726 3902 foribus

2146 3938 2338 3995 adesse
2368 3943 2734 4012 cognovisset,
2761 3957 2956 3997 omnes
2990 3942 3214 4012 quidem
3257 3941 3526 3996 dictorum
3557 3939 3719 3992 trium

2145 4033 2601 4089 monasteriorum
2629 4044 2873 4104 pastores
2894 4034 3054 4089 simul
3084 4044 3138 4088 et
3152 4047 3343 4104 greges
3362 4031 3430 4085 ad
3451 4046 3511 4086 se
3536 4042 3722 4084 accer-

2146 4120 2239 4186 sit,
2272 4132 2329 4177 et
2376 4121 2539 4177 simul
2595 4138 2720 4178 eum
2772 4123 2859 4179 his
2904 4122 3161 4177 omnibus
3212 4119 3359 4177 venit
3396 4119 3464 4173 ad
3512 4132 3721 4171 sacram

2145 4209 2380 4265 Lauram
2412 4210 2649 4266 Pharum
2677 4211 2900 4277 dictam,
2939 4211 3028 4266 ubi
3067 4213 3303 4281 primum
3334 4207 3723 4264 distillavitsu-

2146 4302 2310 4359 tiores
2344 4304 2706 4358 certaminum
2754 4302 3190 4360 exercitationis.
3227 4302 3509 4370 Tanquam
3544 4308 3723 4353 autem

2147 4394 2441 4465 quamdam
2483 4396 2856 4452 haereditatem
2888 4405 3239 4451 sacrosancta
3293 4394 3375 4449 eis
3401 4392 3724 4463 relinquens

470 4474 732 4560 ζρήματα
789 4474 887 4530 καὶ
915 4475 1143 4532 πλοῦτον
1180 4478 1450 4549 ἐπίκηρον
1507 4478 1898 4550 προξενούσας,
1927 4480 2044 4534 ἀλλ’

2149 4497 2443 4557 praecepta,
2472 4503 2595 4557 quae
2617 4504 2727 4544 non
2758 4489 3029 4560 pecunias
3058 4495 3114 4543 et
3149 4493 3565 4542 momentaneas
3593 4497 3726 4552 opes

467 4557 547 4616 ὦν
565 4565 730 4629 αὐτὸς
760 4566 870 4637 ἦρα
917 4567 1099 4621 καλῶν
1157 4570 1271 4631 τοῖς
1335 4570 1446 4624 τῶν
1496 4571 1700 4642 ὁμοίων
1725 4572 1928 4643 ἐρῶσιν
1959 4574 2048 4627 οὐ-

466 4655 657 4711 δέποτε
689 4659 1010 4730 φθείρεσθαι
1060 4660 1310 4725 δυνατὸν,
1359 4661 1534 4731 λόγων
1585 4661 1761 4726 οὕτως
1811 4664 2046 4735 ἐχόντων

466 4748 606 4818 πρὸς
634 4751 827 4815 αὐτοὺς
855 4751 1107 4824 ἄρχεται·
1160 4752 1304 4821 Ἐγὼ
1341 4754 1464 4825 μὲν,
1515 4753 1709 4822 τέκνα,
1755 4755 1855 4826 ἤδη
1906 4755 2048 4826 πρὸς

467 4840 604 4896 Θεὸν
627 4843 924 4916 ἐπείγομαι
962 4848 1055 4900 καὶ
1086 4847 1116 4900 6
1166 4848 1361 4918 xatp‘u;
1410 4847 1510 4917 τῆς
1559 4846 1700 4917 ἐμῆς
1739 4847 2047 4918 δφέστηκεν

462 4933 801 5000 ἀναλύσεως.
836 4936 954 5009 Χρὴ
989 4934 1089 4992 οὖν
1127 4940 1276 5011 ὑμᾶς
1308 4938 1635 5010 ἐπιμέλειαν
1684 4937 1798 4993 τῶν
1824 4940 2046 4994 οίκείων

466 5024 657 5078 θέσθαι
684 5024 895 5097 ψυχῶν,
927 5026 1033 5092 ἕως
1061 5028 1190 5082 ἐστὶ
1253 5029 1467 5105 καιρὸς,
1502 5029 1712 5096 εἰδότας
1755 5029 1839 5086 ὅτι
1879 5047 2046 5102 μετα-

463 5116 615 5183 νοίας
642 5118 784 5189 μετά
827 5119 1057 5176 θάνατον
1101 5121 1253 5197 ἰσχὺς
1304 5124 1536 5196 οὐδεμία
1560 5142 1574 5157 ο
1607 5123 1726 5179 ἀλλ’
1771 5126 1891 5178 ἐκεῖ
1944 5124 2045 5194 μὲν

460 5206 579 5261 τῶν
607 5209 937 5271 ἀντιδόσεων
979 5218 1011 5271 6
1058 5217 1273 5289 καιρὸς,
1325 5216 1565 5271 ἐνταῦθα
1612 5216 1672 5270 δὲ
1711 5215 1824 5270 τῶν
1864 5214 2046 5269 πόνων

464 5300 565 5353 ναὶ
592 5300 706 5361 τῶν
737 5307 990 5378 ἀγώνων,
1031 5311 1130 5365 καὶ
1169 5311 1254 5365 ὃτι
1286 5309 1399 5365 τῶν
1456 5309 1744 5380 παρόντων
1770 5308 1874 5363 κᾶν
1914 5325 2045 5380 τερ·

465 5399 600 5451 πνὸν
693 5416 747 5452 τι
763 5402 857 5454 καὶ
878 5401 1158 5474 ὀφθαλμὸν
1188 5401 1482 5475 εὐφραῖνον
1514 5401 1547 5472 ἢ
1582 5401 1866 5473 φάρυγγα,
1908 5400 2048 5456 ἀλλὰ

465 5495 680 5567 ταχέως
720 5495 806 5566 ῥεῖ
834 5497 930 5551 καὶ
957 5497 1038 5559 εις
1084 5495 1147 5549 τὸ
1192 5495 1269 5567 μὴ
1323 5494 1386 5549 δν
1438 5493 1810 5566 περιίσταται,
1848 5493 1959 5547 κᾶν
1991 5510 2047 5546 τι

467 5586 711 5657 λυπηρίν
739 5586 833 5640 καὶ
856 5585 1135 5650 ἐπίπονον,
1163 5587 1255 5640 καὶ
1282 5585 1443 5639 τοῦτο
1465 5585 1603 5656 ταχὺ
1631 5584 1900 5656 λυομένην
1933 5582 2047 5655 εχει

469 5675 568 5730 καὶ
612 5678 950 5747 πρόσκαιρον
1004 5675 1105 5745 τὴν
1152 5675 1349 5748 ὀδύνην
1381 5692 1400 5711 ο
1462 5676 1573 5731 τῶν
1615 5674 1917 5745 μελλόντων
1966 5674 2041 5737 δὲ,

470 5768 565 5823 καὶ
592 5766 652 5822 τὸ
680 5769 975 5840 εὐφραῖνον
1003 5768 1221 5825 αἰώνιον
1252 5784 1267 5800 '
1313 5769 1402 5824 xui.
1426 5767 1485 5823 τὸ
1517 5767 1746 5838 ἀλγῦνον
1779 5767 1863 5824 ἀεί
1890 5818 1893 5819 ,
1917 5780 2043 5822 ποτε

2148 4576 2537 4641 conciliabant,
2571 4578 2668 4632 sed
2708 4592 2796 4641 ea,
2855 4592 2979 4647 quae
3026 4577 3143 4647 ipse
3190 4576 3429 4641 amabat,
3462 4574 3603 4629 bona
3635 4573 3723 4635 iis,

2146 4669 2240 4737 qui
2269 4667 2469 4723 similia
2503 4668 2757 4737 diligunt,
2793 4684 3074 4738 nunquam
3116 4668 3431 4731 interitura,
3465 4665 3547 4721 sic
3574 4665 3723 4734 loqui

2147 4759 2337 4830 incipit
2365 4777 2379 4815 :
2410 4759 2524 4829 Ego
2562 4758 2808 4829 quidem,
2856 4775 2897 4815 ο
2938 4760 3059 4822 ﬁlii,
3086 4758 3202 4829 jam
3260 4757 3327 4812 ad
3380 4756 3551 4811 Deum
3587 4771 3725 4810 con-

2149 4851 2338 4919 tendo,
2378 4860 2432 4906 et
2467 4850 2614 4905 venit
2647 4859 2863 4919 tempus
2903 4865 3040 4904 mete
3087 4848 3458 4906 resolutionis.
3495 4847 3727 4917 Oportet

2146 4956 2277 5014 ergo
2314 4955 2413 4997 vos
2447 4949 2750 4996 vestrarum
2782 4940 3093 4996 animarum
3129 4956 3316 4996 curam
3348 4954 3560 5009 gerere,
3591 4939 3722 4994 dum

2148 5045 2234 5090 est
2260 5042 2497 5103 tempus,
2528 5033 2770 5087 scientes
2813 5042 2938 5103 post
2964 5042 3194 5088 mortem
3235 5032 3412 5086 nullus
3436 5047 3556 5086 esse
3579 5031 3724 5084 vires

2150 5125 2509 5198 pmnitentim,
2537 5125 2635 5180 sed
2678 5124 2785 5180 illic
2824 5124 3042 5194 quidem
3072 5138 3196 5179 esse
3221 5133 3436 5193 tempus
3467 5137 3724 5177 remune-

2149 5217 2452 5282 rationum,
2491 5216 2582 5272 hic
2619 5226 2803 5272 autem
2843 5216 3091 5271 laborum
3141 5223 3198 5271 et
3225 5215 3591 5275 certaminum
3626 5224 3725 5270 :ct

2148 5308 2498 5382 praesentium
2528 5309 2770 5380 quidem,
2799 5324 2900 5365 seu
2943 5308 3012 5365 sit
3063 5307 3268 5379 aliquid
3307 5306 3636 5377 jucundum,
3668 5320 3717 5363 οι

2148 5402 2294 5472 quod
2326 5400 2559 5457 delectat
2606 5401 2795 5458 oculos
2840 5408 2937 5456 aut
3001 5408 3210 5472 guttur,
3239 5400 3293 5456 id
3325 5399 3437 5457 cito
3468 5399 3636 5455 liuere
3668 5400 3725 5454 οι

2149 5493 2320 5566 redigi
2348 5492 2415 5548 ad
2438 5492 2669 5548 nihilum
2701 5510 2716 5548 :
2746 5508 2842 5549 seu
2882 5492 3172 5550 molestum
3198 5502 3253 5550 et
3275 5492 3631 5557 laboriosum,
3668 5492 3723 5547 id

2149 5596 2367 5652 quoque
2405 5582 2631 5650 habere,
2676 5582 2769 5653 qui
2820 5582 3116 5639 resolvitur
3160 5593 3217 5641 et
3257 5592 3341 5639 est
3389 5584 3456 5639 ad
3485 5591 3720 5651 tempus,

2151 5673 2395 5729 dolorem
2428 5689 2444 5729 :
2478 5675 2788 5730 futurorum
2822 5682 3007 5731 autem
3059 5682 3116 5730 et
3147 5674 3293 5746 quod
3317 5673 3571 5738 delectat,
3599 5685 3723 5726 esse

2154 5773 2418 5823 aeternum
2446 5775 2540 5836 tet
2584 5765 2730 5839 quod
2764 5765 3015 5824 molestia
3049 5764 3233 5836 allicit,
3266 5778 3479 5836 semper
3510 5774 3723 5833 perma-
