4060 6446
445 269 554 334 915

447 473 605 538 fides,
634 476 782 531 nullo
810 476 1092 534 labascens
1121 479 1362 549 periculo
1390 498 1403 536 :
1438 481 1635 537 deinde
1672 483 1780 539 vita
1808 501 2028 557 quoque

447 565 519 620 sit
549 581 710 635 pura,
735 575 829 621 aut
874 577 1233 639 espurgetur.
1262 571 1332 626 Et
1374 582 1503 628 ante
1541 575 1726 630 omnia
1770 578 1927 634 vobis
1954 579 2028 634 sit

445 672 592 712 cum
611 658 857 729 corporis
882 661 1261 728 sanctiﬁcatio,
1290 672 1350 717 ut
1390 663 1446 718 in
1492 667 1690 736 templa
1741 668 2025 739 impolluta

446 750 513 802 ad
552 765 647 804 vos
679 752 900 806 accedat
930 760 986 806 et
1021 751 1312 820 inhabitet,
1346 756 1438 826 qui
1467 766 1551 811 est
1576 772 1769 827 purus,
1794 771 1851 814 et
1890 775 2022 815 san-

445 838 771 894 ctiﬁcatione
794 855 891 895 sua
926 850 978 895 et
1011 842 1155 898 bono
1180 844 1349 899 odore
1371 845 1608 901 animam
1638 848 1878 918 impleat.
1914 849 2026 907 Res

446 926 588 980 enim
615 928 756 983 mala
804 936 891 984 est
930 929 1033 997 ira,
1065 940 1118 987 et
1161 933 1208 989 si
1243 933 1374 1005 quid
1413 935 1563 991 aliud
1612 937 1811 995 laedere
1841 949 2024 1009 potest

442 1015 673 1072 fratrum
693 1033 960 1077 amorem.
990 1021 1038 1077 A
1064 1023 1221 1079 vobis
1264 1033 1445 1081 autem
1477 1028 1703 1084 omnino
1722 1030 2023 1087 retineatur

443 1122 506 1163 ac
532 1107 784 1165 foveatur
821 1126 929 1183 pax
964 1121 1022 1170 et
1057 1117 1442 1172 mansuetudo.
1471 1117 1628 1184 Quod
1673 1120 1720 1174 si
1756 1120 1898 1178 inter
1924 1137 2022 1179 vos

440 1197 735 1268 aliquando
780 1203 1079 1274 contigerit
1107 1207 1355 1272 otl‘cnsio,
1389 1224 1462 1263 ne
1493 1210 1574 1266 sol
1607 1211 1821 1267 occidat
1842 1214 2019 1283 vobis,

437 1306 469 1345 a
499 1291 621 1347 luce
645 1292 782 1349 adeo
820 1296 1046 1352 remotis
1080 1313 1147 1353 ex
1175 1300 1319 1355 odio.
1359 1301 1466 1356 Sed
1500 1303 1864 1358 revocandum
1898 1314 2013 1373 est,

439 1395 601 1451 quam
633 1381 1050 1455 diligentissime
1077 1388 1193 1443 fieri
1222 1391 1444 1458 poterit,
1476 1393 1678 1449 bonum
1707 1396 2017 1465 cltaritatis,

439 1483 628 1545 utpote
659 1476 805 1545 quod
838 1477 957 1532 sine
985 1493 1052 1534 eo
1085 1495 1197 1535 non
1248 1481 1410 1538 liceat
1449 1484 1637 1540 videre
1682 1485 1889 1551 Solem,
1922 1488 2015 1559 qui

337 1597 346 1605 -
436 1564 738 1635 percipitur
769 1566 1148 1641 intelligentia.
1190 1571 1416 1630 Si.mala
1462 1585 1643 1632 autem
1675 1577 1933 1651 cogitatio
1962 1581 2016 1636 in

1670 281 1958 342 MENSIS
1997 285 2473 351 SEPTEMBER.

449 398 602 439 nere.
626 385 802 451 Atque
833 385 1069 455 primum
1095 387 1315 457 quidem
1339 390 1407 443 sit
1428 388 1584 445 vobis
1616 401 1764 447 recta
1788 402 1844 448 et
1869 394 2005 449 ﬁrm:

2129 397 2405 469 διαμένον.
2479 404 2677 466 lla-3.1::
2734 408 2834 478 μὲν
2884 403 2978 464 οὖν
3007 411 3139 482 ὑμῖν
3180 412 3249 467 τὰ

3576 314 3668 381 916

3312 418 3404 488 τῆς
3457 422 3673 493 πίστεως

2135 490 2306 559 ὑγιῶς
2333 493 2611 564 ἐχέτωσαν
2656 498 2755 552 καὶ
2786 498 3044 569 βεϐαίως,
3106 505 3342 579 κινδύνῳ
3373 514 3554 580 μηδενὶ
3586 535 3674 573 σαι

2131 581 2426 654 λευόμενα.
2458 588 2690 643 Ἔπειτα
2733 592 2791 645 δὲ
2831 595 2929 655 κοιλ¹
2978 597 3006 650 6
3036 595 3154 666 βίος
3202 599 3435 671 καθαρὸς
3486 605 3668 681 ἔστωῆ

2131 674 2499 746 καθαιρέσθω.
2557 681 2668 735 Καὶ
2713 684 2819 751 πρό
2880 701 2945 751 γε
2979 686 3196 740 πάντων
3234 688 3262 740 6
3291 691 3383 744 τοῦ
3445 674 3673 766 σώματος

2132 764 2406 836 ἁγιασμὸς
2446 769 2853 837 σπουδαζέσθω,
2884 773 3025 828 ὥστε
3072 778 3216 842 ναοῖς
3255 764 3562 849 ἀμολύντοις
3589 788 3673 842 οὐ·

2133 870 2240 919 σιν,
2267 858 2623 929 ὲπιφοιτῆσαι
2651 861 2711 914 τὸ
2738 863 2983 935 καθαρὸν
3010 867 3145 938 ὑμῖν
3181 868 3397 941 πνεῦμα
3433 876 3526 929 καὶ
3554 879 3677 934 ἐνοι-

2130 948 2325 1016 κῆσαι,
2354 951 2449 1003 καὶ
2473 951 2568 1004 τοῦ
2602 953 2882 1025 άγιασμού
2917 956 3083 1011 αὐτοῦ
3101 960 3196 1013 καὶ
3225 965 3324 1032 τῆς
3353 964 3572 1031 εὐωδίας
3587 970 3674 1041 τὴν

2126 1039 2307 1114 ψυχὴν
2352 1042 2661 1115 πληρῶσαι.
2715 1049 2965 1121 Πονηρὸν
3015 1053 3176 1124 ὀργὴ,
3212 1056 3306 1110 καὶ
3355 1058 3537 1127 θυμὸς,
3586 1039 3675 1116 καὶ

2127 1132 2186 1186 ετ
2207 1151 2258 1188 τι
2285 1134 2414 1189 ἄλλο
2442 1135 2704 1206 βλάπτειν
2732 1140 2797 1193 τὸ
2822 1141 3144 1213 φιλάδελφον
3169 1144 3414 1201 δύναται·
3449 1150 3571 1220 ὑμῖν
3603 1153 3674 1218 δὲ,

2125 1227 2267 1282 ἀλλὰ
2294 1228 2461 1282 παντὶ
2486 1231 2674 1301 τρόπῳ
2701 1235 3100 1302 περιποιείσθω
3127 1236 3187 1289 τὸ
3222 1220 3493 1309 εἰρηνικόν
3515 1258 3569 1295 τε
3589 1246 3677 1297 καὶ

2122 1318 2355 1391 ἥμερον.
2404 1319 2470 1374 Εἰ
2522 1321 2580 1377 δὲ
2610 1322 2701 1376 καὶ
2729 1323 2971 1396 συμϐαίη
3006 1327 3137 1380 ποτὲ
3184 1328 3424 1400 ἀλλήλων
3483 1335 3676 1402 μεταξύ

2127 1412 2450 1467 σκάνδαλον
2494 1413 2571 1488 μὴ
2605 1416 2876 1471 ἐπιδυέτω
2896 1418 3026 1489 ὑμῖν
3060 1421 3088 1473 6
3120 1422 3295 1492 ἥλιος,
3319 1424 3488 1488 οὕτως
3519 1430 3678 1497 ἀφεγο

2123 1503 2236 1571 γῶς
2261 1503 2479 1574 ἔχουσιν
2531 1506 2597 1559 ὲκ
2652 1507 2749 1561 τοῦ
2796 1509 3023 1579 μίσους.
3058 1512 3202 1567 Ἀλλ’
3251 1515 3576 1588 ἀνακλητέον
3610 1521 3680 1585 ὡς

2122 1588 2235 1647 οἷόν
2271 1611 2331 1647 τε
2359 1595 2663 1660 σπουδαίως
2690 1599 2752 1652 τὸ
2771 1601 2871 1671 τῆς
2901 1601 3122 1673 ἀγάπης
3145 1605 3330 1669 καλὸν,
3363 1607 3435 1670 ὡς
3466 1610 3537 1680 μὴ
3570 1611 3677 1676 ἐξὸν

435 1654 632 1710 vestris
656 1666 771 1712 sata
798 1658 1106 1725 sitanimis,
1143 1677 1289 1718 cura;
1319 1665 1474 1721 vobis
1514 1668 1585 1722 sit
1625 1683 1745 1724 eam
1788 1672 1898 1727 cito
1923 1686 2005 1727 ex‘

435 1745 641 1766 __..A_A
695 1747 779 1766 ω,
826 1764 835 1766 _
890 1751 901 1762 .
1014 1751 1035 1766 .
1618 1761 1628 1766 _
1721 1760 1746 1766 -
1943 1764 1952 1766 _

2121 1686 2313 1743 τούτου
2353 1690 2544 1761 χωρὶς,
2580 1689 2671 1742 τὸν
2693 1654 2885 1763 νοητδν
2934 1654 3267 1766 ἰδεῖνιῆλιον.
3293 1654 3503 1752 (ﬁctile:
3592 1654 3677 1755 λο-

434 1745 664 1815 pellere.
694 1747 784 1803 Sic
815 1751 960 1805 enim
1011 1751 1226 1809 facilius
1257 1770 1378 1810 eam
1428 1758 1682 1827 ejicietis.
1711 1760 1831 1828 Quo
1865 1764 2013 1820 enim
2053 1731 2094 1787 Β

434 1837 611 1906 magis
637 1852 702 1893 ea
734 1839 940 1896 sinitur
966 1857 1310 1913 permanere,
1343 1862 1410 1902 eo
1438 1848 1557 1917 plus
1587 1851 1871 1909 exhibebit
1913 1871 2013 1912 ne-

432 1928 589 1997 gotii,
631 1935 688 1985 et
716 1930 821 1985 erit
859 1943 1173 2005 expugnata
1214 1937 1489 1993 dillicilior
1518 1941 1593 2008 ei,
1623 1943 1715 2012 qui
1747 1946 2015 2004 adversus

431 2019 577 2075 illam
614 2021 845 2077 voluerit
887 2024 1188 2083 decertare.
1220 2027 1343 2084 Sint
1367 2041 1548 2085 autem
1582 2035 1737 2091 vobis
1764 2052 1917 2093 arma
1945 2040 2013 2094 ad

430 2108 659 2175 bellum,
707 2112 1007 2183 jejunium,
1040 2117 1238 2183 oratio,
1264 2118 1532 2193 lacrymaa,
1566 2126 1828 2180 memoria
1864 2144 2014 2182 mor-

433 2198 502 2253 tis
536 2209 593 2255 et
622 2201 908 2272 gehennae,
932 2215 988 2260 et
1023 2209 1167 2278 quod
1185 2220 1269 2265 est
1308 2213 1551 2269 omnium
1617 2216 2012 2275 validissimum

430 2297 487 2342 et
512 2288 749 2349 inimicis
769 2295 1005 2352 maxime
1036 2298 1297 2366 terribile,
1329 2301 1487 2357 beata
1520 2305 1841 2362 humilitas:
1877 2324 2010 2365 cau-

432 2378 637 2451 tioque,
668 2399 739 2439 ne
768 2401 1009 2456 unquam
1065 2404 1163 2445 vos
1195 2407 1380 2463 pravae
1413 2405 1685 2466 occupent
1720 2399 2009 2470 cogitatio-

430 2486 529 2526 nes
567 2489 581 2527 :
613 2488 677 2528 ac
721 2477 1026 2535 observatio
1061 2494 1344 2548 sensuum,
1371 2493 1427 2539 et
1473 2501 1583 2556 prae
1614 2491 1843 2558 caeteris,
1876 2509 2008 2550 ocu-

428 2562 617 2639 lorutn’
633 2574 689 2620 et
715 2568 952 2626 aurium.
1003 2571 1140 2628 Hinc
1168 2575 1317 2629 enim
1363 2585 1447 2633 est
1472 2577 1581 2636 illis
1612 2582 1876 2639 adversus
1903 2601 2006 2643 nos

2124 1782 2326 1851 γισμοῠ
2359 1787 2477 1848 ταῖς
2508 1785 2805 1856 ὑμετέραις
2834 1786 3197 1857 ἑνσπαρέντος
3243 1787 3463 1859 ψυχαῖς,
3495 1792 3677 1862 ἐπιμε-

2121 1872 2211 1937 λὲς
2241 1875 2371 1944 ὑμῖν
2400 1875 2637 1943 γινέσθω
2684 1878 2872 1948 τάχιον
2904 1878 3064 1934 αὐτὸν
3097 1879 3343 1948 ἐξωθεῖν.
3375 1882 3528 1938 Οὕτω
3580 1886 3677 1954 γὰρ

2119 1967 2495 2039 εὐχερεστέρῳ
2534 1970 2673 2040 πρὸς
2700 1971 2800 2033 τὴν
2839 1972 3070 2043 ἐκϐολὴν
3102 1974 3400 2044 χρήσεσθε,
3435 1978 3526 2030 καὶ
3577 1978 3676 2046 γάρ

2119 2062 2337 2133 ὅσῳπερ
2366 2062 2436 2117 ἂν
2483 2062 2644 2115 πλέον
2689 2063 3029 2133 παραμένειν
3086 2062 3246 2135 tam,
3309 2064 3543 2136 τοσούτῳ
3593 2067 3679 2122 καὶ

2124 2152 2341 2207 πλείονα
2382 2154 2611 2221 παρέξει
2670 2154 2739 2208 τὰ
2771 2154 3070 2225 πράγματα
3117 2155 3212 2209 καὶ
3280 2156 3680 2229 δυσμαχώτερος

2117 2243 2270 2300 ἔσται
2296 2246 2375 2317 τῷ
2406 2246 2888 2315 καταγωνίσασθαι
2914 2246 3246 2320 βουλομένῳ.
3281 2249 3350 2305 Ὅ
3361 2249 3460 2303 πλα
3487 2250 3541 2304 δὲ
3554 2250 3671 2319 ὑμῖν

2116 2337 2261 2394 ἔστω
2292 2340 2429 2411 πρὸς
2449 2341 2542 2395 τὸν
2572 2340 2739 2395 αὐτοῦ
2772 2341 3029 2411 πόλεμον,
3082 2346 3335 2412 νηστεία,
3395 2342 3677 2413 προσευχὴ,

2113 2431 2350 2503 δάκρυα,
2390 2432 2581 2503 μνήμη
2606 2449 2665 2485 τε
2698 2432 2932 2487 θανάτου
2967 2432 3060 2486 καὶ
3082 2432 3337 2504 γεέννης,
3372 2436 3465 2487 καὶ
3482 2432 3539 2485 τὸ
3553 2432 3680 2486 πάν-

2113 2539 2222 2577 των
2246 2523 2598 2594 ἰσχυρότατόν
2630 2540 2688 2577 τε
2718 2524 2811 2578 καὶ
2842 2522 3222 2593 φοϐερώτατον
3281 2525 3395 2586 τοῖς
3458 2521 3673 2592 ἐχθροῖς,

2064 2800 2073 2808 ’
2115 2815 2253 2853 σεων
2296 2798 2531 2871 φυλακὴ,
2563 2799 2658 2853 καὶ
2716 2798 2823 2870 πρό
2858 2815 2923 2867 γε
2976 2798 3087 2852 τῶν
3137 2797 3346 2861 ἄλλων,
3397 2796 3676 2867 ὀφθαλμῶν

2106 2880 2207 2945 Δικαὶ
2235 2888 2412 2947 ὢτων.
2452 2889 2733 2945 Ἐντεῦθεν
2752 2888 2860 2960 γὰρ
2890 2888 3122 2952 ἐκείνοις
3152 2888 3335 2959 ήκειθ⁹
3365 2890 3518 2960 ἡμῶν
3544 2886 3674 2941 eiso-

2109 2983 2220 3049 δος,
2258 2983 2349 3038 καὶ
2378 2984 2406 3036 6
2434 2981 2524 3036 διὰ
2539 2981 2646 3036 τῶν
2673 2981 2913 3052 θυρίδων
2940 2978 3127 3034 εἰσιὼν
3152 2982 3298 3049 ἡμῖν
3336 2979 3579 3042 θάνατος.

495 3060 637 3116 XIV.
666 3061 1073 3120 Possessionem
1103 3066 1349 3122 omnium
1383 3069 1835 3138 pretiosissimam
1864 3076 1993 3133 novi

2173 3075 2275 3133 IA'.
2294 3074 2499 3144 Κτῆμα
2529 3075 2749 3127 πάντων
2785 3071 3114 3142 τιμιώτατον
3144 3067 3271 3127 οῖδα
3297 3073 3398 3145 τὴν
3428 3069 3676 3140 ἀκτησταν

424 3152 503 3206 nil
544 3151 844 3221 possidere,
875 3163 929 3209 et
963 3155 1045 3209 Ilii?
1084 3167 1210 3210 sunt
1241 3172 1386 3214 verae
1431 3160 1634 3217 divitia:
1676 3164 1748 3224 ei.
1779 3167 1873 3235 qui
1924 3179 2006 3225 est

424 3258 553 3299 vere
601 3258 902 3314 generosus
946 3255 1003 3301 et
1054 3246 1216 3318 plane
1251 3249 1411 3319 liber,
1445 3252 1595 3308 nulla
1634 3269 1848 3326 eorum,
1884 3274 2006 3330 quae

426 3336 647 3398 adsunt,
699 3334 942 3391 vinctum
971 3350 1093 3391 esse
1119 3337 1433 3406 cupiditate.
1486 3340 1779 3399 Dimetitur
1822 3357 2002 3403 autem

421 3425 644 3480 divinus
672 3428 964 3495 Apostolus
996 3443 1150 3483 usum
1180 3432 1398 3500 corpori
1434 3438 1805 3492 necessarium
1842 3456 1857 3494 :
1890 3438 2000 3493 Ha-

423 3520 635 3582 bentes,
694 3517 903 3586 dicens,
956 3521 1211 3576 alimenta
1252 3533 1307 3577 et
1346 3524 1546 3594 quibus
1596 3536 1861 3597 tegamur,
1914 3533 2001 3589 bis

421 3610 662 3664 contenti
705 3610 898 3665 simus.
932 3611 1037 3665 Res
1070 3621 1153 3667 cst
1178 3612 1377 3685 gravis,
1406 3616 1544 3672 elate
1574 3618 1642 3674 de
1665 3635 1723 3675 se
1749 3622 1951 3678 sentire
1981 3640 1997 3679 :

422 3714 597 3769 neque
641 3711 727 3755 est
773 3700 943 3769 aliud,
991 3704 1138 3772 quod
1179 3706 1348 3776 magis
1396 3717 1577 3776 posset
1625 3720 1896 3768 evertere.
1941 3714 1998 3767 Id

420 3800 602 3845 autem
638 3792 781 3848 solet
831 3801 893 3847 ut
939 3794 1233 3863 plurimum
1271 3799 1532 3867 consequi
1566 3816 1698 3870 opes
1740 3814 1889 3859 recte
1914 3804 1998 3861 fa-

418 3894 631 3940 ctorum
659 3902 673 3940 :
706 3894 761 3941 et
785 3893 911 3941 tunc
939 3886 1238 3943 timendum
1274 3901 1358 3945 est
1376 3889 1576 3947 earum
1628 3894 1991 3967 naufragium.

423 3974 529 4030 Sed
562 3982 671 4031 stat
716 3977 999 4032 dexteram
1032 3980 1319 4050 porrigens
1357 3982 1515 4037 nobis
1551 4000 1741 4042 rursus
1779 3987 1997 4045 divinus

422 4069 735 4138 Apostolus,
766 4078 822 4125 et
849 4070 1016 4126 verbo
1040 4071 1128 4135 iis.
1159 4074 1254 4141 qui
1296 4075 1497 4130 habent
1526 4092 1710 4142 aures,
1744 4094 1992 4151 magnam

421 4165 671 4234 praebens
715 4166 1087 4223 securitatem.
1119 4168 1221 4238 Qui
1269 4170 1417 4225 enim
1468 4173 1680 4228 videtur
1719 4185 1887 4239 stare,
1912 4177 1995 4231 in-

418 4255 562 4325 quit,
592 4256 775 4311 videat
802 4272 872 4312 ne
898 4261 1077 4314 cadat.
1109 4258 1357 4316 Fratrem
1392 4261 1660 4331 judicare.
1689 4267 1991 4322 cavendum

416 4358 506 4403 est
547 4364 648 4418 pro
679 4348 907 4405 viribus.
938 4349 1038 4405 Hic
1077 4360 1163 4405 est
1190 4351 1338 4406 enim
1386 4351 1553 4409 foetus
1597 4355 1814 4423 animae,
1842 4372 1993 4417 more

418 4439 731 4496 l’barisaico
767 4440 904 4497 alios
944 4437 1409 4513 despicientis,et
1443 4447 1584 4516 ejus,
1615 4448 1710 4518 qui
1738 4463 1835 4518 per
1854 4450 1992 4507 alio-

419 4548 539 4588 rum
568 4535 1082 4591 condemuationem
1111 4551 1169 4592 se
1196 4538 1310 4592 vult
1336 4537 1660 4607 justiﬁeare.
1691 4542 1798 4598 Sed
1829 4552 1907 4610 tu,
1927 4560 1994 4600 eo

416 4628 664 4696 dimisso,
722 4629 768 4685 si
809 4629 1090 4700 iudicandi
1134 4630 1374 4689 tenearis
1419 4634 1729 4705 desiderio,
1764 4653 1889 4694 cum
1940 4649 1995 4697 te

419 4721 666 4791 proxime
702 4721 928 4791 habeas,
960 4737 1032 4779 ne
1070 4740 1255 4781 cesses
1285 4736 1338 4783 te
1379 4728 1627 4797 quotidie
1668 4729 1915 4799 judicare
1938 4742 1993 4789 et

413 4813 756 4881 examinare,
791 4822 847 4871 et
876 4830 1040 4886 quam
1073 4818 1278 4888 optime
1307 4819 1603 4889 corrigere.
1628 4822 1710 4876 Ad
1741 4823 1991 4893 petulan-

414 4903 545 4958 tiam
576 4919 642 4960 ae
678 4908 1064 4963 contumeliam
1100 4924 1367 4980 propensa
1391 4925 1482 4967 res
1524 4920 1613 4968 est
1643 4922 1863 4980 venter,
1895 4917 1987 4984 qui

414 5003 659 5063 curatur,
693 4999 788 5067 qui
831 5008 1118 5056 curantem
1149 5001 1351 5057 misere
1380 5014 1780 5060 remuneratur.
1811 5006 1991 5063 Labo-

414 5087 567 5142 ribus
617 5097 799 5144 autem
848 5089 1105 5158 ﬂectitur,
1161 5102 1216 5148 et
1250 5093 1461 5164 jejunio
1501 5096 1773 5163 domatur,
1827 5109 1904 5164 et,
1930 5109 1992 5155 ut

413 5180 589 5236 audax
621 5195 820 5252 equus,
846 5183 914 5238 ab
948 5183 1290 5242 immodestis
1329 5194 1547 5242 arcetur
1582 5190 1986 5249 saltationibus.

410 5269 531 5326 Non
577 5280 662 5328 est
690 5287 719 5327 a
757 5272 915 5330 vobis
956 5275 1217 5331 oblivioni
1263 5278 1569 5334 mandanda
1622 5280 1984 5352 hospitalitas.

411 5361 663 5430 Hospitio
693 5373 877 5421 autem
911 5367 1278 5437 excipientes,
1319 5371 1487 5439 pedes
1513 5386 1731 5442 quoque
1761 5372 1987 5432 humili-

406 5452 533 5508 liter
564 5455 741 5511 lavate
775 5474 789 5510 :
825 5458 931 5513 hoc
964 5467 1050 5516 est
1094 5461 1242 5516 enim
1278 5460 1479 5520 Christi
1516 5473 1847 5536 praceptum
1886 5485 1900 5520 :
1931 5475 1988 5523 et

409 5546 556 5612 quod
602 5547 721 5617 ipse
746 5552 956 5619 primus
986 5551 1137 5615 fecit,
1179 5568 1281 5608 nos
1307 5554 1468 5625 jussit
1500 5556 1680 5612 facere
1712 5557 1983 5613 similiter.

408 5631 515 5688 Per
545 5636 599 5690 id
633 5638 781 5693 enim
812 5655 922 5696 non
972 5642 1150 5698 solum
1182 5645 1391 5715 geritur
1434 5661 1564 5701 cura
1592 5648 1850 5717 proximi,
1886 5647 1984 5704 sed

411 5731 595 5790 potest
624 5726 789 5784 etiam
820 5733 998 5789 curari
1050 5733 1231 5805 gravis
1278 5737 1472 5795 anima:
1504 5737 1762 5809 morbus,
1789 5753 1986 5812 nempe

2110 3170 2204 3225 καὶ
2238 3166 2399 3221 τοῦτο
2432 3164 2664 3228 πλοῦτος
2695 3163 2773 3233 τῷ
2817 3164 3034 3231 εὐγενεῖ
3079 3161 3260 3227 ὅντως
3301 3162 3398 3217 καὶ
3448 3157 3678 3227 ἀκριϐῶς

2108 3258 2405 3331 ἐλευθέρῳ,
2436 3257 2498 3311 τὸ
2527 3256 2768 3328 μηδεμιᾷ
2824 3254 3073 3309 δεδέσθαι
3102 3253 3211 3309 τῶν
3248 3255 3532 3326 παρόντων
3561 3253 3675 3305 ἔπιε

2107 3354 2299 3426 θυμίᾳ.
2359 3351 2679 3422 Ἑπιμετρεῖ
2710 3350 2896 3420 μέντοι
2968 3348 3069 3419 τὴν
3099 3347 3419 3418 ἀναγκαίαν
3462 3344 3536 3416 τῷ
3569 3342 3678 3397 σῶ-

2109 3464 2240 3516 ματι
2287 3446 2477 3516 χρείαν
2508 3444 2537 3496 6
2591 3444 2733 3505 θεῖος
2773 3440 3130 3505 Ἀπόστολος’
3161 3442 3452 3513 Ἔχοντες,
3488 3437 3672 3505 λέγων,

2104 3538 2405 3607 διατροφας
2462 3537 2556 3590 καὶ
2626 3535 2992 3604 σκεπάσματα
3063 3533 3293 3598 τούτοις
3350 3528 3675 3605 ἀρκεσθησό-

2105 3629 2245 3698 μεθα
2265 3644 2281 3660 ·
2307 3627 2478 3683 δεινὸν
2508 3626 2921 3697 ὑψηλοφροσύνη
2957 3627 3052 3679 καὶ
3078 3626 3154 3688 ὡς
3183 3626 3350 3680 οὐδὲν
3398 3624 3524 3679 ἄλλο
3553 3621 3675 3676 καθ-

2100 3723 2275 3793 αιρεῖν
2347 3719 2663 3790 δυνάμενον,
2715 3719 2750 3790 ἢ
2799 3717 3010 3785 πέφυκε
3063 3716 3165 3784 μὲν
3245 3717 3327 3780 ὡς
3390 3717 3460 3771 τὰ
3518 3711 3677 3769 πολλὰ

2099 3811 2320 3883 πλούτῳ
2352 3810 2801 3882 κατορθωμάτων
2834 3809 3087 3874 ἕπεσθαι,
3120 3803 3253 3862 εἶτα
3284 3807 3532 3878 γίνεσθαι
3559 3804 3675 3860 τούο

2096 3922 2193 3958 του
2226 3904 2463 3976 χαλεπὸν
2512 3904 2695 3973 ἐκείνη
2749 3903 3032 3971 ναυάγιον.
3076 3901 3224 3956 ’Δλλ⁹
3251 3902 3455 3974 ἕστηκε
3501 3897 3670 3965 δεξιάν

2097 3998 2234 4068 ἡμῖν
2277 3994 2576 4050 ὑποτείνων
2618 3995 2648 4047 6
2679 3994 2822 4058 θεῖος
2852 3994 3016 4048 πάλιν
3053 3993 3414 4060 Ἀπόστολος,
3464 3993 3558 4046 καὶ
3596 3989 3667 4059 τῷ

2098 4090 2168 4161 ρή
2178 4106 2310 4160 ματι
2367 4087 2570 4159 πολλὴν
2594 4087 2855 4158 παρέχων
2877 4088 2991 4151 τοῖς
3012 4080 3126 4139 ὦτα
3155 4087 3349 4157 ἔχουσι
3377 4087 3476 4157 τὴν
3500 4082 3668 4153 ἀσφά-

2094 4180 2268 4235 λειαν.
2324 4180 2384 4234 '0
2442 4178 2551 4250 γὰρ
2582 4178 2755 4234 δοκῶν
2782 4180 3028 4243 ἑστάναι,
3081 4180 3242 4248 φησὶ,
3304 4178 3549 4250 βλεπέτω
3597 4175 3668 4244 μὴ

2096 4272 2260 4342 πέσῃ.
2291 4270 2367 4323 Τὸ
2414 4270 2623 4340 κρίνειν
2664 4270 2758 4323 τὸν
2809 4268 3061 4338 ἀδελφὸν,
3105 4268 3443 4335 εὐλαϐητέον
3503 4267 3664 4336 ὁπόση

2093 4361 2358 4431 δύναμις·
2383 4363 2631 4432 γέννημα
2687 4360 2799 4432 γάρ
2851 4359 3013 4414 τοῦτο
3058 4358 3241 4430 ψυχῆς
3292 4358 3668 4431 ὑπεροπτικῶς

2103 4454 2358 4523 ἐχούσης,
2419 4453 2518 4506 καὶ
2565 4452 2913 4522 φαρισαῖκῶς
2959 4451 3054 4506 καὶ
3086 4452 3339 4507 δικαιοῦν
3368 4451 3558 4508 ἑαυτὸν
3584 4450 3665 4503 διὰ

2094 4544 2198 4615 τῆς
2221 4544 2318 4597 τοῦ
2344 4543 2574 4616 πλησίον
2597 4543 2983 4615 κατακρίσεως
3009 4543 3372 4613 βουλομένου.
3416 4543 3575 4597 Ἀλλὰ
3605 4540 3664 4593 σύ

2094 4634 2289 4689 τούτου
2337 4634 2605 4702 ἀποστάς,
2655 4635 2710 4687 ετ
2751 4650 2836 4689 σοι
2902 4634 3056 4700 φίλον
3108 4634 3343 4703 κρίνειν,
3402 4634 3665 4703 ἐγγύτατα

2101 4704 2326 4776 σεαυτὸν
2341 4721 2502 4793 ἔχων,
2527 4723 2601 4795 μὴ
2617 4723 2886 4787 διαλίποις
2903 4724 3026 4779 ὅσαι
3051 4724 3262 4795 ἡμέραι
3283 4725 3489 4796 κρίνων
3501 4740 3558 4777 τε
3581 4721 3666 4777 καὶ

2093 4816 2423 4885 ἀνακρίνων,
2445 4815 2542 4870 καὶ
2564 4817 2640 4881 ὡς
2678 4816 2879 4887 ἄριστα
2904 4816 3317 4889 διορθούμενος.
3374 4816 3666 4889 Πρόχειρον

2092 4909 2170 4971 εἰς
2185 4908 2344 4980 ὕϐριν
2365 4910 2604 4980 γαστὴρ,
2620 4908 2822 4964 καὶτὸν
2838 4910 3179 4982 θεραπευτὴν
3197 4912 3409 4974 ἀθλίως
3447 4909 3664 4981 άμειϐου

2097 5000 2270 5071 μένη·
2310 5003 2496 5066 πόνοις
2522 5001 2581 5056 δὲ
2621 5002 2936 5072 κάμπτεται
3010 5003 3107 5057 καὶ
3148 5003 3382 5075 νηστείᾳ
3434 5000 3663 5070 δαμάζε-

2093 5092 2323 5157 ται,κα“ι
2348 5093 2424 5158 ὡς
2471 5093 2680 5164 θρασὺς
2708 5094 2898 5158 ἵππος,
2940 5094 3051 5146 τῶν
3109 5094 3372 5149 ἀτάκτων
3429 5096 3660 5163 εἴργεται

2093 5184 2505 5253 σκιρτημάτων.
2542 5185 2657 5254 Τῆς
2677 5184 2984 5254 φιλοξενίας
3018 5185 3148 5254 ὑμῖν
3173 5184 3281 5238 οὐκ
3312 5183 3657 5254 ὲπιληστέον(

2092 5272 2395 5338 ξενίζοντας
2419 5274 2496 5340 δὲ,
2526 5276 2621 5329 καὶ
2650 5277 2779 5336 τοὺς
2811 5277 2981 5338 πόδας
3012 5275 3408 5348 μετριοπαθῶς
3432 5276 3661 5331 νίπτετε·

2089 5367 2246 5422 τοῦτο
2279 5369 2391 5440 γάρ
2438 5367 2630 5440 ἐντολὴ
2663 5367 2929 5440 Χριστοῦ,
2966 5370 3059 5422 καὶ
3096 5367 3320 5439 πρῶτος
3350 5366 3518 5429 αὐτὸς
3542 5361 3666 5435 δρά-

2088 5477 2208 5525 σας,
2244 5462 2382 5531 ήμῖν
2410 5459 2633 5530 ἔχεσθαι
2666 5460 2762 5515 τοῦ
2799 5461 2992 5530 ὁμοίου
3018 5459 3494 5531 παρεκελεύσατο.
3519 5458 3671 5510 Ἐστι·

2088 5552 2197 5624 γὰρ
2245 5553 2307 5607 οὐ
2343 5552 2736 5626 θεραπευτικὸν
2762 5552 2859 5607 τοῦ
2918 5551 3150 5625 πλησίον
3190 5551 3379 5619 μόνον,
3419 5543 3666 5607 ἀλλὰκαὶ

2086 5646 2146 5699 τδ
2177 5645 2414 5718 Χαλεπὸν
2440 5646 2658 5716 νόσημα
2685 5645 2788 5715 τῆς
2818 5645 3002 5716 ψυχῆς
3028 5646 3132 5716 τὴν
3192 5642 3398 5713 οίησιν,
3454 5639 3528 5702 ὡς
3569 5637 3665 5690 οὐκ

2100 5739 2231 5796 ἄλλο
2258 5755 2308 5795 τι
2349 5738 2676 5811 θεραπεύειν
2708 5738 3024 5812 δυνάμενον.
3053 5734 3242 5794 Πολλὰ
3274 5736 3373 5805 μὲν
3420 5732 3511 5788 καὶ
3538 5728 3663 5785 ἄλλα
