4060 6492
396 306 503 371 917

1612 314 1792 376 νιΤΑ
1834 312 1899 373 S.
1938 312 2329 373 CHARITON
2344 314 2434 376 IS.

3546 310 3650 380 918

392 420 488 473 τοῦ
516 419 690 491 ῥύπου
714 421 812 491 τῆς
840 423 1116 494 ἁμαρτίας
1180 425 1478 498 καθάρσια,
1531 426 1561 481 ό
1608 426 1848 499 Ποιητής
1880 428 1967 483 καὶ

2080 428 2245 482 nimia
2274 428 2342 482 de
2372 443 2432 483 se
2464 428 2767 498 persuasio.
2796 428 2973 497 Atque
3000 429 3200 482 multas
3227 427 3446 497 quidem
3486 427 3651 480 etiam

399 511 593 584 Σωτὴρ
632 512 739 566 τῶν
766 514 1053 587 ἡμετέρων
1079 516 1266 589 ἐξεῦρε
1289 516 1496 589 ψυχῶν,
1540 514 1673 587 οἷον,
1726 520 1962 591 δάκρυα,

398 602 773 673 στενάγματα,
809 607 1104 679 συντρισὴν
1132 610 1381 680 καρδίας,
1423 610 1702 681 νηστείαν,
1731 627 1967 682 προσευε-

397 693 520 764 χὴν.
544 695 869 765 χαμευνίαν,
896 698 991 750 καὶ
1019 698 1076 752 si
1103 717 1157 753 τι
1185 700 1312 755 ἄλλο
1332 701 1627 771 φάρμακον
1656 701 1753 771 τῆς
1809 701 1967 771 epota.

398 783 549 850 νείας
577 785 846 840 δέδεικται
877 788 1190 857 μετανοίας.
1256 790 1397 844 Ἀλλ’
1433 791 1667 845 ἐπίπονα
1702 793 1797 847 καὶ
1861 809 1964 847 κα-

402 877 621 949 ματηρά
642 877 843 945 ταῦτα,
876 880 978 934 κᾶν
1007 880 1205 949 πολλὴν
1230 882 1513 954 παρέχωσι
1552 883 1651 955 τὴν
1671 883 1962 953 ὠφέλειαν.

376 966 498 1039 ⁵Ἓν
524 966 583 1021 δὲ
612 964 730 1021 οἶδα
759 969 898 1023 πάνυ
941 971 1041 1038 μὲν
1077 970 1308 1037 ἄπονον,
1343 973 1484 1027 πάνυ
1514 972 1571 1029 δὲ
1600 975 1840 1046 καθᾶραι
1871 973 1967 1045 ῥύ-

395 1069 497 1108 πον
523 1055 701 1127 ψυχῆς
728 1058 1101 1129 ἰσχυρότατον.
1133 1058 1202 1115 Τί
1230 1059 1390 1114 τοῦτό
1424 1062 1541 1116 ἐστι
1566 1079 1581 1127 ;
1635 1062 1715 1117 To
1743 1062 1965 1133 ἀφιέναι

394 1147 511 1208 τοῖς
534 1146 795 1201 πταίσασι
839 1149 900 1202 τδ
930 1147 1255 1221 ἁμάρτημα.
1298 1150 1476 1221 Ὅπερ
1503 1150 1565 1204 οὐ
1623 1151 1701 1223 τῷ
1733 1151 1851 1224 Θεῷ
1875 1153 1968 1223 μό-

395 1252 488 1289 νον
526 1235 680 1304 φίλον
709 1236 851 1304 ἐστὶ,
881 1237 978 1294 καὶ⁵
1014 1236 1172 1292 λύσιν
1203 1238 1299 1292 ἀπ’
1347 1239 1559 1294 ἐκείνου
1623 1239 1730 1295 τῶν
1768 1241 1967 1311 ἠμετέ-

403 1344 512 1396 ρων
542 1326 836 1397 πρεσϐεύει
869 1328 1075 1395 κακῶν,
1104 1329 1243 1383 ἀλλὰ
1277 1328 1374 1383 καὶ
1412 1332 1681 1403 τιμωρίας
1706 1330 1965 1396 πολλάκις

400 1419 756 1492 σφοδρότερον
796 1420 1029 1476 ἅπτεται
1061 1419 1157 1475 τοῦ
1193 1422 1598 1493 ἡμαρτηκότος,
1630 1424 1727 1477 καὶ
1778 1423 1966 1478 δοῦλον

398 1511 519 1565 ἀντ’
555 1511 843 1582 ἐλευθέρου
881 1512 959 1583 τῷ
1005 1515 1366 1583 συνεγνωκότι
1401 1517 1548 1568 ποιεῖ
1675 1514 1827 1568 δοκεῖ
1869 1514 1965 1569 καὶ

399 1605 506 1665 τοῖς
554 1600 810 1674 θύραθεν,
839 1603 1172 1679 Συγγνώμη,
1201 1604 1440 1676 λέγουσι,
1468 1605 1740 1677 τιμωρίας
1784 1605 1967 1677 κρείτ-

394 1709 524 1749 των.
1414 1717 1423 1725 '

466 1869 570 1930 IE'.
604 1872 790 1929 Ταῦτα
811 1873 908 1929 καὶ
934 1876 1104 1930 πολλὰ
1120 1876 1255 1932 ἄλλα
1283 1877 1510 1933 τοιαῦτα
1533 1880 1647 1944 τοῖς
1673 1882 1963 1952 φοιτηταῖς

397 1961 652 2032 εἰρηκὼς,
680 1964 1050 2036 ἐπευξάμενός
1073 1984 1134 2021 τε
1164 1967 1344 2040 ψυχῆς
1377 1970 1677 2041 σωτηρίαν,
1736 1971 1832 2025 καὶ
1873 1972 1967 2025 εὐ-

396 2052 633 2125 λογήσας
672 2055 893 2124 αὐτοὺς,
924 2057 1186 2128 οὐδεμίαν
1230 2061 1387 2114 νόσου
1444 2062 1629 2116 λαόὼν
1693 2062 1966 2134 αἴσθησιν,

395 2142 518 2197 οὐδὲ
547 2145 793 2216 ἀλγήσας
840 2164 893 2201 τι
930 2148 1040 2202 τῶν
1080 2150 1288 2222 μορίων
1320 2150 1414 2206 τοῦ
1452 2153 1731 2224 σώματος,
1761 2156 1967 2210 ἀναπεο

401 2235 508 2290 σὼν
540 2236 598 2291 ἐν
628 2254 735 2292 τινι
762 2239 870 2293 τῶν
919 2242 1236 2313 σκιμπόδων
1264 2243 1434 2315 ἀνῆκε
1465 2246 1567 2315 μὲν
1614 2248 1742 2311 τοὺς
1774 2247 1964 2315 πόδας,

396 2328 575 2397 άφῆκε
602 2328 660 2382 δὲ
690 2328 789 2400 τὴν
819 2332 1100 2404 μακαρίαν
1126 2332 1328 2406 ψυχὴν,
1357 2335 1607 2407 χαίρουσι
1665 2340 1967 2412 χαίρουσαν

398 2422 511 2482 τοῖς
545 2419 773 2489 ἀγαθοῖς
822 2422 994 2494 αὐτὴν
1045 2426 1325 2497 παραδοὺς
1364 2428 1642 2498 ἀγγέλοις,
1696 2432 1851 2503 χερσί
1906 2450 1967 2487 τε

393 2511 601 2579 ἁγίαις,
650 2511 843 2586 ὥσπερ
898 2516 1046 2582 είκδς
1077 2512 1168 2590 ἦν,
1202 2517 1281 2591 τῷ
1317 2520 1486 2592 τάφῳ
1520 2525 1966 2595 παραπεμφθεὶς,

395 2602 479 2664 είς
516 2602 618 2674 τὴν
675 2604 912 2676 ἄληκτον
960 2608 1276 2678 μεταϐαίνει
1339 2611 1507 2682 ζωὴν,
1580 2613 1709 2668 ἔνθα
1756 2611 1968 2688 ἀπέδρα

394 2693 576 2765 ὀδύνη,
603 2695 749 2766 λύπη
784 2698 881 2753 καὶ
917 2702 1227 2771 στεναγμός
1248 2719 1263 2735 ο
1294 2702 1424 2759 ἔνθα
1474 2705 1771 2776 πρόςωπον
1832 2709 1969 2779 πρὸς

398 2787 712 2857 πρόσωπον,
777 2793 890 2856 τοῖς
924 2791 1186 2864 καθαροῖς
1209 2795 1308 2867 τὴν
1341 2796 1590 2868 καρδίαν,
1632 2800 1666 2870 ή
1691 2799 1792 2870 τῆς
1816 2799 1968 2865 θείας

396 2879 627 2949 Τριάδος
679 2883 952 2953 ὲμφάνεια
984 2885 1228 2956 γίνεταιο
1278 2887 1410 2941 ἔνθα
1468 2890 1826 2962 παράκλησις
1874 2892 1969 2946 καὶ

393 2970 726 3039 ἀνάπαυσις,
765 2976 879 3040 τοῖς
908 2977 986 3049 τῷ
1013 2977 1161 3050 καλῷ
1192 2980 1629 3054 προσιδρώσασιν
1656 2984 1968 3053 ἀμπελῶνι,

395 3062 492 3115 καὶ
528 3060 626 3132 τὴν
676 3065 935 3122 ἐπίπονον
977 3070 1074 3123 καὶ
1119 3074 1380 3142 τραχεῖαν
1418 3074 1518 3139 τῆς
1566 3075 1772 3146 ἀρετῆς
1818 3076 1968 3130 ὁδεύ-

397 3170 544 3211 σασι.
565 3157 715 3230 Πλὴν
743 3158 882 3214 άλλά
914 3161 1158 3219 τοιοῦτον
1189 3164 1290 3234 μὲν
1313 3164 1440 3237 ἔσχε
1468 3167 1731 3239 Χαρίτων
1760 3168 1823 3223 τδ
1866 3169 1965 3239 τῆς

393 3248 540 3319 ζωῆς
560 3249 736 3317 τέλος,
766 3251 867 3306 οὐκ
922 3253 1116 3324 ἄδηλον
1163 3255 1242 3323 δὲ,
1280 3257 1404 3312 οὐδὲ
1443 3258 1549 3330 πρὸ
1585 3259 1680 3314 τοῦ
1733 3260 1964 3317 θανάτου

395 3340 563 3410 μηδὲν
590 3342 720 3414 περὶ
741 3343 933 3398 τούτου
971 3348 1243 3417 προγνούς
1261 3351 1436 3405 τεκαὶ
1457 3350 1961 3424 προφθεγξάμενος,

390 3432 582 3503 ὥσπερ
609 3435 711 3506 ἤδη
762 3437 856 3503 καὶ
891 3436 1196 3509 φθάσαντες
1226 3441 1612 3515 ἐγνωρίσαμεν
1636 3458 1652 3475 ·
1679 3443 1817 3498 ἀλλὰ
1867 3446 1965 3499 καὶ

393 3525 520 3597 περὶ
546 3527 737 3594 αὑτοῦ,
784 3529 880 3583 καὶ⁵
919 3529 1016 3585 τοῦ
1054 3532 1346 3602 μέλλοντος
1393 3535 1753 3606 ἐκταράττειν
1800 3536 1963 3591 σάλου

389 3618 490 3682 τὰς
509 3619 808 3689 ἐκκλησίας
832 3624 1172 3694 προμυηθεὶς
1192 3626 1588 3697 ἀκριϐέστατα.

460 3708 577 3778 ις’.
602 3713 744 3767 Ὅσα
774 3713 976 3779 τοίνυν,
1011 3716 1308 3789 ἀγαπητοὶ,
1331 3718 1439 3772 τῶν
1465 3718 1679 3775 ἐκείνου
1711 3716 1963 3789 πράξεων

390 3803 484 3857 καὶ
525 3801 842 3875 θαυμάτων,
907 3807 1102 3877 χρόνον
1136 3824 1195 3861 τε
1235 3813 1332 3863 καὶ
1376 3810 1546 3881 λήθην
1579 3811 1820 3883 ἠδυνήθη
1851 3812 1963 3864 δια-

390 3898 605 3964 φυγεῖν,
634 3896 808 3951 ταῦτα
850 3898 1164 3967 φιλοκάλοις
1212 3901 1368 3974 ὑμῶν
1413 3901 1606 3967 άκοαῖς
1656 3903 1963 3975 παραδεδώ·

390 4004 590 4058 καμεν.
623 3990 760 4043 Οὐδὲ
793 3991 902 4062 γάρ
940 3992 1122 4060 ὀλίγον
1149 3993 1213 4048 τὸ
1264 3993 1470 4065 μεταξὺ
1532 3995 1635 4065 τῆς
1686 3994 1964 4068 Αὐρηλια-

390 4076 485 4132 νοῦ
521 4078 802 4151 βασιλείας
867 4081 964 4136 καὶ
1009 4084 1173 4154 μέχρι
1214 4085 1460 4157 τήμερον
1509 4085 1603 4140 τοῦ
1636 4087 1830 4158 χρόνου
1854 4087 1966 4143 διά-

393 4187 600 4242 στημα.
645 4171 800 4226 Ἐπεὶ
857 4175 951 4228 καὶ
1005 4176 1140 4247 παρ’
1185 4177 1401 4241 οὐδενὸς
1446 4179 1597 4233 οὐδὲν
1669 4180 1963 4252 ἐγγράφως

391 4261 754 4332 καταλειφθὲν
786 4266 948 4335 ἡμεῖς
984 4268 1394 4340 παρελάϐομεν,
1429 4271 1494 4324 ἐκ
1544 4269 1640 4324 τοῦ
1674 4272 1962 4337 σπανίζειν

389 4353 481 4406 τὸν
527 4354 649 4406 τότε
688 4357 900 4426 χρόνον,
926 4357 986 4410 οὐ
1017 4358 1269 4430 μοναχῶν
1323 4363 1509 4430 μόνον,
1530 4359 1667 4415 ἀλλὰ
1701 4362 1797 4417 καὶ
1828 4364 1962 4436 Χρι-

393 4446 627 4500 στιανῶν
674 4448 864 4513 ἁπλῶς
919 4452 1015 4506 καὶ
1063 4451 1144 4524 τῷ
1208 4454 1350 4521 φωτὶ
1397 4456 1817 4524 σημειωθέντων
1864 4458 1964 4529 τῆς
1996 4487 2040 4542 D

392 4536 766 4606 ἐπιγνώσεως,
807 4541 946 4610 πρὸς
965 4541 1021 4595 δὲ
1046 4544 1143 4597 καὶ
1176 4543 1357 4598 αὐτῶν
1384 4546 1495 4600 τῶν
1520 4546 1693 4602 ὄντων
1741 4549 1966 4602 κλονου-

397 4626 575 4696 μένων
604 4628 948 4701 καθεκάστην
977 4635 1090 4696 τοῖς
1129 4633 1425 4704 διωγμοῖς.
1474 4634 1694 4690 Ἐκεῖνα
1723 4635 1782 4689 δέ
1802 4636 1964 4703 εἰσιν,

390 4713 467 4773 ὧν
507 4722 675 4791 ἡμεῖς
735 4722 976 4779 ἐνταῦθα
1022 4724 1125 4796 τὴν
1186 4728 1410 4798 μνήμην
1464 4728 1872 4799 ἐποιησάμεθα,
1933 4728 1970 4783 ἃ.

394 4810 668 4881 θεοφιλεῖς
693 4814 888 4887 ἄνδρες
936 4817 1029 4870 καὶ
1056 4818 1399 4890 φιλαλήθεις,
1443 4824 1574 4885 παῖς
1594 4821 1745 4893 παρὰ
1763 4824 1969 4893 πατρδς

391 4907 610 4974 παραλα
620 4905 859 4976 μϐάνων,
876 4910 1192 4981 σωματικοῦ
1206 4927 1262 4963 τε
1273 4951 1288 4977 ,
1308 4911 1472 4982 φημὶ,
1488 4911 1583 4966 καὶ
1598 4911 1969 4983 πνευματικοῦ

395 4995 563 5067 μέχρι
625 4998 719 5052 καὶ
779 5000 938 5070 ἡμῶν
1000 4998 1352 5057 διεσώσαντο·
1407 5003 1490 5065 εἰς
1550 5002 1711 5070 δόξαν
1760 5003 1971 5074 Πατρδς

393 5086 487 5140 καὶ
512 5086 644 5141 Υίοῦ
672 5091 766 5145 καὶ
800 5092 955 5160 ἁγίου
996 5092 1332 5163 Πνεύματος,
1358 5093 1458 5165 τῆς
1485 5096 1614 5162 μιᾶς
1649 5093 1742 5147 καὶ
1771 5096 1971 5165 όμοου-

393 5182 511 5236 σίου
558 5182 845 5254 Θεότητος,
962 5183 1168 5255 πρέπει
1209 5186 1359 5240 πᾶσα
1399 5183 1557 5253 δόξα,
1610 5186 1749 5258 τιμή
1782 5202 1843 5240 τε
1879 5186 1971 5241 καὶ

393 5276 766 5345 προσκὶνησις
810 5274 906 5328 νῦν
930 5277 1025 5330 καὶ
1059 5276 1146 5329 ἀεὶ
1180 5276 1277 5331 καὶ
1303 5277 1382 5342 είς
1418 5279 1543 5341 τοὶς
1582 5276 1969 5352 άτελευτὴτους

396 5365 592 5432 αἰῶνας
616 5367 726 5423 τῶν
778 5366 1003 5440 αἰώνων,
1048 5368 1240 5442 Ἄλλην.

2071 517 2207 572 alias
2234 518 2442 587 peccati
2465 517 2711 573 sordium
2746 518 3088 588 expiatidnes
3116 517 3325 573 invenit
3344 516 3576 572 Creator
3593 525 3651 572 et

2074 609 2330 664 Salvator
2386 617 2699 664 nostrarum
2753 609 3086 674 animarum,
3127 615 3314 678 utpote
3361 606 3647 677 lacrymas,

2071 698 2330 770 gemitus,
2364 698 2547 754 cordis
2591 698 3006 763 conti-itionem,
3039 697 3336 769 jejunium,
3378 695 3651 767 precatio—

2071 806 2219 855 nem,
2246 790 2398 844 humi
2423 790 2796 856 cubationem,
2827 800 2883 843 et
2907 789 2953 844 si
2987 788 3133 859 quod
3180 798 3265 844 est
3296 786 3440 842 aliud
3475 787 3651 841 medi-

2071 888 2380 936 camentum
2428 879 2675 950 benignae
2721 880 3077 950 paenitentiae.
3111 878 3219 935 Sed
3258 874 3494 934 diilicllla
3520 885 3648 932 sunt

2071 970 2187 1025 hate
2211 977 2265 1024 et
2291 968 2583 1034 laboriosa,
2634 968 2845 1025 etiamsi
2883 970 3106 1024 multam
3134 969 3416 1040 praebeant
3443 968 3647 1023 utilita-

2073 1069 2202 1116 tem.
2234 1059 2419 1116 Unum
2437 1070 2619 1114 autem
2648 1059 2798 1127 novi,
2827 1060 2972 1130 quod
3004 1067 3088 1116 est
3110 1060 3400 1116 admodum
3425 1058 3643 1127 quidem

2071 1166 2265 1222 expers
2295 1150 2518 1216 laboris,
2557 1152 2624 1207 ad
2653 1151 2965 1224 purgandas
3004 1161 3189 1207 autem
3218 1151 3414 1206 animae
3451 1150 3648 1206 sordes

2070 1251 2156 1298 est
2203 1245 2621 1300 validissimum.
2646 1244 2790 1312 Quid
2818 1245 2919 1301 hoc
2941 1244 3062 1300 est?
3086 1244 3156 1299 lis
3185 1248 3276 1314 qui
3295 1243 3642 1314 delinquunt,

2069 1343 2292 1404 peccata
2324 1334 2800 1405 dimittererQuod
2818 1335 3039 1406 quidem
3075 1350 3185 1390 non
3215 1343 3298 1391 est
3324 1334 3499 1391 solum
3535 1332 3646 1388 Deo

2070 1435 2311 1498 gratum,
2343 1436 2399 1481 et
2423 1436 2741 1482 nostrorum
2767 1427 3035 1482 malorum
3077 1427 3146 1482 ab
3178 1440 3244 1481 eo
3270 1433 3462 1481 exorat
3490 1422 3646 1479 solu-

2073 1506 2300 1581 tionem,
2336 1516 2431 1571 sed
2464 1516 2628 1572 etiam
2662 1515 2931 1588 supplicio
2969 1530 3113 1587 saepe
3149 1514 3528 1572 vehementius
3557 1522 3645 1568 at-

2072 1606 2234 1678 tingit
2260 1621 2411 1672 eum,
2440 1607 2535 1678 qui
2565 1607 2835 1677 peccavit,
2868 1615 2924 1662 et
2953 1622 3050 1677 pro
3066 1607 3238 1662 libero
3272 1605 3403 1662 facit
3427 1620 3645 1661 servum
3752 1614 3759 1620 '

2071 1697 2144 1764 ei,
2175 1698 2270 1768 qui
2324 1697 2573 1769 ignovit:
2604 1697 2883 1769 quomodo
2912 1697 3079 1752 etiam
3132 1696 3371 1762 videtur,
3406 1696 3646 1752 externis

1997 1781 2039 1837 Β
2067 1789 2413 1846 dicentibus:
2452 1790 2543 1845 Est
2572 1789 2731 1846 venia
2767 1789 3039 1860 supplicio
3069 1789 3365 1859 potentior.

2138 1879 2250 1935 XV.
2286 1879 2422 1936 Cum
2473 1879 2590 1935 hmo
2635 1887 2692 1934 et
2737 1877 2906 1934 multa
2947 1876 3054 1932 alia
3098 1875 3367 1947 ejusmodi
3423 1875 3647 1932 dixisset

2067 1969 2375 2040 discipulis,
2398 1978 2453 2025 et
2486 1978 2744 2040 precatus
2783 1976 2933 2023 esset
2974 1966 3206 2022 salutem
3238 1966 3456 2029 animm,
3480 1974 3536 2020 et
3565 1966 3646 2019 eis

2067 2061 2461 2128 hencdixisset,
2491 2061 2704 2116 nullum
2736 2068 2918 2114 autem
2968 2058 3272 2129 accepisset
3306 2056 3483 2111 morbi
3518 2070 3647 2110 sen-

2067 2166 2211 2217 sum,
2245 2166 2424 2222 neque
2456 2150 2692 2219 partium
2729 2148 2975 2220 corporis
3001 2149 3168 2203 ullum
3202 2146 3463 2202 sensisset
3494 2146 3648 2200 dolo-

2067 2259 2210 2307 rem,
2248 2244 2300 2297 in
2330 2242 2568 2313 quodam
2606 2242 2751 2298 lecto
2796 2241 3147 2305 accumbens,
3181 2239 3394 2294 remisit
3423 2236 3646 2306 quidem

2067 2330 2255 2400 pedes,
2280 2329 2464 2385 emisit
2508 2337 2691 2385 autem
2731 2327 2948 2384 beatam
2995 2341 3211 2400 qunque
3255 2324 3517 2387 animam,
3551 2322 3643 2377 lae-

2069 2421 2308 2476 tantibus
2360 2421 2537 2476 laetam
2571 2434 2688 2475 eam
2745 2418 2966 2474 tradens
3010 2417 3244 2489 angelis;
3281 2416 3645 2484 manibusque

2067 2512 2293 2577 sanctis,
2332 2520 2391 2567 ut
2438 2526 2535 2580 par
2593 2518 2732 2576 erat,
2767 2509 3058 2564 mandatus
3100 2508 3417 2578 sepulturae,
3448 2505 3647 2560 transit

2066 2604 2135 2658 ad
2163 2604 2349 2669 vitam,
2380 2617 2502 2674 quae
2528 2616 2805 2673 nunquam
2829 2601 3049 2657 desinit.
3096 2601 3217 2667 Quo
3247 2600 3298 2653 in
3334 2599 3457 2653 loco
3487 2596 3648 2652 auius

2066 2695 2142 2766 git
2168 2695 2346 2757 dolor,
2370 2694 2627 2751 molestia
2649 2705 2704 2749 et
2731 2680 2989 2765 gemitus.
3021 2690 3142 2758 Quo
3173 2691 3228 2745 in
3252 2691 3371 2746 loco
3401 2689 3541 2745 facie
3574 2688 3643 2743 ad

2067 2784 2264 2841 faciem
2293 2784 2383 2849 iis,
2408 2786 2499 2856 qui
2540 2794 2671 2840 sunt
2722 2783 2929 2838 mundo
2971 2781 3158 2849 corde,
3185 2780 3430 2837 cernitur
3457 2778 3644 2834 divina

2068 2877 2327 2932 Trinitas.
2357 2876 2476 2944 Quo
2512 2878 2712 2934 inloco
2742 2885 2826 2934 est
2847 2875 3033 2931 laetitia
3049 2883 3108 2929 et
3138 2871 3429 2931 exsultatio
3454 2868 3646 2925 inetia-

2067 2971 2214 3028 bilis.
2249 2971 2370 3039 Quo
2399 2973 2453 3028 in
2481 2972 2603 3029 loco
2633 2981 2717 3029 est
2744 2971 3044 3028 consolatio
3074 2976 3131 3026 et
3163 2967 3382 3038 requies
3428 2965 3516 3031 iis,
3547 2962 3644 3033 qui

2071 3061 2125 3116 in
2181 3063 2411 3133 pulchra
2455 3064 2795 3119 sudaverunt
2837 3062 3016 3129 vinea,
3049 3071 3104 3117 et
3136 3058 3367 3131 ingrcssi
3401 3062 3532 3113 sunt
3564 3056 3644 3109 Ia-

2071 3153 2351 3208 boriosum
2384 3162 2439 3209 et
2472 3169 2727 3225 asperum
2780 3155 2883 3210 iter
2911 3152 3153 3208 virtutis.
3183 3149 3293 3207 Sed
3334 3149 3496 3204 talem
3526 3146 3649 3217 qui-

2071 3244 2196 3299 dem
2245 3243 2438 3301 bahuit
2500 3245 2623 3301 vitae
2658 3246 2863 3301 exitum
2911 3243 3196 3310 Chariton,
3220 3256 3330 3298 non
3377 3239 3469 3311 qui
3518 3248 3645 3294 ante

2072 3347 2304 3393 mortem
2346 3338 2479 3393 nihil
2532 3338 2916 3409 praescivisset,
2963 3346 3058 3392 aut
3108 3333 3464 3408 praedixisset,
3500 3329 3646 3385 sicut

2070 3430 2225 3501 prius
2264 3431 2503 3486 diximus
2545 3432 2685 3487 :sed
2727 3432 2794 3487 de
2823 3446 2910 3497 ea,
2941 3439 2996 3486 et
3038 3429 3108 3485 de
3147 3435 3490 3498 tempestate,
3522 3438 3645 3494 quae

2069 3529 2188 3575 erat
2219 3532 2477 3577 vexatura
2505 3521 2798 3590 Ecclesias,
2825 3520 3233 3578 accuratissime
3262 3515 3644 3589 signiﬁcasset.

2140 3717 2279 3774 XVI.
2309 3716 2659 3788 Quaecunque
2692 3702 2855 3790 ergo,
2888 3732 2920 3771 ο
2949 3714 3159 3780 dilecti,
3191 3729 3257 3770 ex
3300 3712 3447 3768 illius
3488 3709 3646 3765 factis

2071 3817 2125 3864 et
2160 3808 2456 3872 miraculis,
2489 3819 2702 3880 tempus
2730 3817 2787 3865 et
2818 3808 3147 3864 oblivionem
3178 3809 3475 3876 potuerunt
3507 3800 3647 3858 eil‘u—

2071 3916 2218 3973 gere,
2254 3916 2316 3955 ea
2346 3900 2604 3956 studiosis
2636 3896 2833 3957 vestris
2879 3899 3105 3954 auribus
3149 3895 3495 3952 tradidimus.
3540 3889 3646 3945 Ne-

2068 4007 2176 4063 que
2237 3992 2385 4048 enim
2435 3992 2783 4048 intervallum
2839 3991 3112 4047 modicum
3164 3990 3308 4046 inter
3361 3974 3644 4043 Aureliami

2071 4085 2358 4155 imperium
2417 4092 2473 4140 et
2514 4082 2629 4140 hoc‘
2668 4093 2884 4154 tempus
2936 4082 3244 4159 intercedit.
3281 4079 3393 4137 Nos
3433 4077 3578 4135 enim
3612 4092 3643 4132 a

2070 4177 2222 4233 nullo
2262 4176 2481 4247 scriptis
2523 4176 2818 4248 quidquam
2866 4175 3183 4231 mandatum
3231 4171 3543 4243 accepimus
3576 4183 3645 4225 ex

2068 4268 2194 4334 hoc,
2228 4268 2374 4340 quod
2404 4285 2470 4325 eo
2505 4278 2751 4339 tempore
2780 4276 2969 4324 essent
2998 4266 3153 4336 pauci
3179 4280 3290 4342 non
3318 4264 3495 4321 solum
3520 4276 3643 4316 mo-

2069 4361 2255 4426 nachi,
2287 4361 2384 4418 sed
2413 4360 2577 4416 etiam
2621 4360 2850 4416 omnino
2891 4358 3212 4425 Christiani,
3242 4365 3298 4413 et
3329 4356 3424 4427 qui
3454 4361 3644 4412 essent

2069 4457 2266 4529 signati
2305 4457 2427 4511 luce
2472 4455 2804 4527 cognitionis
2836 4471 2851 4507 :
2882 4452 2919 4508 ii
2952 4461 3158 4518 autem,
3190 4448 3281 4520 qui
3318 4455 3496 4512 erant,
3529 4444 3642 4516 agi-

2068 4550 2325 4604 tabantur
2377 4545 2710 4616 quotidianis
2756 4541 3255 4614 persecutionibus.
3311 4538 3409 4592 lila
3456 4542 3642 4590 autem

2068 4647 2217 4704 sunt,
2249 4651 2480 4707 quorum
2516 4634 2609 4690 hic
2632 4634 2862 4690 fecimus
2897 4632 3256 4697 mentionem,
3287 4642 3407 4711 quae
3439 4624 3541 4682 viri
3567 4624 3640 4694 pii

2069 4742 2126 4787 et
2148 4728 2388 4787 veritatis
2429 4736 2726 4792 amatores,
2761 4724 2908 4780 ﬁlius
2939 4739 2968 4778 a
3011 4730 3167 4795 patre
3195 4718 3493 4791 accipiens,
3519 4730 3644 4772 cor-

2067 4821 2266 4894 porali,
2295 4820 2538 4890 inquam,
2563 4828 2620 4874 et
2654 4814 2906 4888 spiritali,
2936 4818 3334 4870 conservarunt
3359 4807 3425 4863 ad
3452 4814 3638 4862 nostra

2071 4926 2241 4982 usque
2265 4919 2512 4983 tempora
2547 4926 2562 4964 :
2607 4909 2675 4964 ad
2700 4908 2927 4980 gloriam
2962 4904 3159 4968 Patris,
3193 4911 3250 4958 et
3282 4900 3416 4970 Filii
3435 4907 3492 4954 et
3510 4896 3639 4967 Spi-

2068 5004 2207 5059 ritus
2231 5004 2430 5067 sancti,
2462 5003 2628 5056 unius
2652 5008 2708 5056 et
2732 4998 2978 5071 ejusdem
3009 4983 3262 5052 essentiaé
3284 4988 3595 5047 Divinitatis
3621 5002 3636 5040 :

2068 5109 2231 5165 quam
2260 5093 2421 5150 decet
2448 5095 2630 5148 omn’s
2657 5091 2845 5163 gloria,
2882 5089 3076 5155 honor,
3104 5093 3160 5144 et
3190 5079 3437 5142 adoratio
3466 5090 3636 5143 nune,

2068 5194 2124 5244 et
2163 5189 2216 5244 in
2250 5186 2451 5244 saecula
2476 5186 2820 5244 saeculorum.
2852 5180 3047 5239 Amen.
