4060 6434
376 312 480 382 921

1675 321 1859 387 VITA
1898 323 1959 387 S.
1987 324 2320 389 CYRIACI.

3518 330 3629 396 922

375 427 507 488 τοὺς
561 424 704 480 κατά
731 424 927 495 γενεάν
988 425 1229 500 ἑκάστην
1278 427 1718 501 εὒηρεστηκότας
1758 428 1947 501 αὐτῷ,

2054 435 2204 490 tione
2228 435 2581 506 placuerunt,
2610 444 2761 493 tanto
2787 436 2861 493 sit
2887 436 3095 493 honore
3119 434 3394 508 dignatus,
3421 452 3629 510 eosque

374 514 714 587 τηλικαύτης
759 517 963 587 ἠξίωσε
1004 519 1105 589 τῆς
1132 519 1325 590 τιμῆς,
1357 520 1455 574 καί⁸
1492 520 1781 594 λαμπροὺς
1806 521 1951 578 οὕτω

375 609 471 663 καὶ
507 608 825 680 περιδόξους
853 610 1123 681 πεποίηκε
1159 612 1252 667 τὸν
1294 612 1396 683 μὲν
1429 611 1593 669 ’Δσελ
1634 615 1726 670 διά
1757 614 1950 680 θυσίας

373 698 627 764 δοξάσας,
678 698 770 752 τὸν
799 699 857 753 δι
904 700 1080 772 Ἐνὼχ
1122 702 1192 755 δι’
1213 702 1624 773 εὐαρεστήσεως
1665 706 1732 776 τῇ
1780 721 1949 776 μετα·

374 790 523 843 θέσει
565 789 800 861 τιμήσας
821 805 837 820 θ
869 790 960 847 διά
993 791 1366 867 δικαιοσύνης,
1411 794 1683 866 σπινθῆρα
1714 795 1808 849 τοῦ
1854 795 1949 866 γέ-

374 890 500 937 νους
544 874 636 929 τὸν
679 875 803 929 Νῶε
842 875 1151 950 [σπινθῆρα
1199 879 1278 951 τῷ
1304 880 1430 934 Νῶε
1456 882 1473 913 ³
1498 881 1518 954 _'|
1542 882 1784 953 φυλάξας
1807 898 1822 916 ο
1858 883 1949 938 τὸν

385 965 660 1036 Ἀϐραάμ,
690 965 779 1021 διὰ
825 967 1061 1033 πίστεως
1104 970 1317 1041 πατέρα
1361 970 1574 1027 πολλῶν
1601 973 1774 1028 ἐθνῶν
1818 974 1950 1030 ἀνα-

373 1054 554 1122 δείξας
582 1071 599 1089 ’
656 1055 757 1125 τὴν
825 1056 1023 1129 εὐσεϐῆ
1090 1049 1187 1112 ⁶ιιοῦ
1255 1060 1593 1131 Μελχισεδὲκ
1646 1063 1949 1134 ἱερωσύνην

374 1146 780 1218 ἀποδεξάμενος
803 1162 820 1181 ·
870 1148 1150 1222 ὑπομονῆς
1199 1167 1261 1205 τε
1310 1153 1404 1207 καὶ
1450 1154 1807 1227 σωφροσύνης
1854 1158 1948 1215 τὸν

393 1234 592 1305 Ἰωσὴφ
614 1236 806 1292 είκόνα
833 1235 908 1308 τῷ
942 1237 1062 1310 βίῳ,
1090 1239 1184 1294 καὶ
1210 1238 1302 1295 τὸν
1346 1240 1469 1295 Ἰὼϐ
1494 1246 1942 1317 παρασχόμενος⁹

371 1326 466 1380 τὸν
502 1327 707 1382 Μωσέα
744 1329 1045 1402 νομοθέτην
1079 1330 1402 1398 ἀναδείξας⁶
1438 1333 1639 1408 σελήνῃ
1672 1338 1771 1393 καὶ
1809 1339 1947 1412 ἡλίῳ

373 1417 592 1489 ἡνίοχον
628 1418 839 1490 Ἰησοῦν
872 1420 965 1474 τὸν
987 1422 1082 1476 τοῦ
1119 1422 1279 1494 Ναυῆ
1313 1426 1698 1495 καταστήσας’
1728 1431 1946 1501 προφή-

371 1523 493 1579 την,
526 1507 623 1561 καὶ
645 1510 894 1580 βασιλέα,
927 1511 1022 1565 καὶ
1059 1513 1298 1585 φρικτοῦ
1340 1517 1641 1588 μυστηρίου
1680 1518 1947 1589 πρόγονον

369 1601 462 1654 τὸν
521 1601 692 1657 Δαυῖδ
753 1604 1079 1671 ἀποδείξαςο
1131 1606 1234 1675 τῆς
1296 1608 1642 1673 Βαϐυλωνίας
1711 1612 1944 1682 καμίνου

366 1689 471 1759 τὴν
502 1689 679 1759 φλόγα
704 1693 817 1756 τοῖς
848 1694 1035 1747 παισὶν
1062 1694 1144 1757 είς
1170 1694 1363 1766 δρόσον
1396 1699 1803 1770 μεταποιήσας.

2050 529 2187 585 adeo
2210 531 2385 586 claros
2413 528 2655 585 eﬂecerit
2689 538 2743 587 et
2773 530 3058 603 gloriosos,
3091 538 3152 585 ut
3176 529 3271 600 qui
3317 530 3453 586 Abel
3501 548 3629 603 pro-

2048 634 2173 694 pter
2189 623 2515 679 sacrificium
2559 622 2726 695 gloria
2772 621 3018 678 affecerit
3047 638 3063 687 ;
3096 621 3287 676 Enoch
3335 630 3627 693 propterea

2048 715 2193 785 quod
2222 715 2273 771 ei
2312 715 2599 786 placuerit,
2632 714 2990 772 translatione
3031 713 3316 769 honorarit
3349 731 3365 769 :
3404 726 3629 787 propter

2046 807 2339 878 justitiam,
2387 807 2677 864 scintillam
2711 806 2929 877 generis
2965 804 3082 860 Noe
3117 805 3396 860 servarit:
3452 806 3631 862 Abra-

2050 893 2200 957 ham,
2254 902 2480 965 propter
2525 894 2712 961 tidem,
2763 902 2971 964 patrem
3028 893 3324 948 multarum
3374 893 3624 965 gentium

2048 983 2292 1040 eliecerit
2320 1001 2337 1039 :
2369 985 2521 1056 pium
2575 984 2973 1041 Melchisedech
3034 986 3409 1042 sacerdotium
3467 1002 3627 1043 acce-

2048 1084 2201 1148 ptum
2268 1076 2525 1133 hahuerit
2562 1094 2577 1132 :
2609 1077 2884 1148 patientiae
2942 1085 3001 1132 et
3061 1077 3348 1143 castitatis,
3410 1077 3621 1149 Joseph

1994 1234 2001 1241 _
2048 1166 2341 1238 imaginem
2379 1168 2608 1235 mundo,
2642 1176 2697 1224 et
2728 1166 2832 1225 .lob
2861 1168 3157 1239 prtebuerit
3206 1185 3222 1225 :
3270 1167 3477 1225 Mosem
3540 1172 3622 1225 le-

2045 1259 2352 1332 gislatorem
2390 1260 2628 1317 fecerit:
2657 1262 2801 1317 lunae
2849 1270 2906 1317 et
2978 1262 3081 1318 soli
3121 1262 3363 1333 aurigam
3431 1261 3621 1320 Jesum

2046 1350 2197 1407 Nave
2229 1350 2466 1422 (tilium)
2499 1352 2849 1407 constituerit
2878 1369 2892 1406 :
2925 1350 3281 1422 Prophetam,
3309 1364 3366 1409 et
3414 1369 3620 1425 regem,

2045 1451 2102 1498 et
2148 1442 2403 1513 stupendi
2445 1442 2689 1514 mysterii
2724 1443 3127 1513 progenitorem
3161 1443 3330 1498 David
3367 1444 3622 1499 reddide-

2047 1533 2118 1588 rit
2148 1550 2162 1587 :
2192 1532 2533 1605 Babylonica:
2562 1532 2804 1590 fornacis
2832 1532 3104 1589 ﬂammam
3138 1534 3327 1605 pueris
3352 1534 3407 1590 in
3441 1550 3620 1592 rorem

2045 1626 2444 1681 transmutarit.

442 1780 588 1851 Πρὸς
607 1780 839 1847 τούτοις,
861 1782 1122 1853 ἠπορεῖτο
1142 1759 1305 1838 πλέον
1328 1759 1513 1838 ἐκεῖνα
1534 1759 1942 1857 διανοούμενος,

2118 1785 2386 1843 Prmterea
2416 1786 2473 1840 in
2508 1785 2703 1856 majori
2747 1785 3070 1842 versabatur
3117 1781 3484 1848 dubitatione,
3530 1783 3618 1837 illa

371 1872 464 1926 τ“.ν
488 1873 648 1925 τόκον
685 1872 780 1925 τὸν
814 1871 1078 1945 ἄσπορον,
1110 1873 1210 1946 τὴν
1239 1875 1510 1948 παρθένον
1532 1876 1702 1945 αὐτὴν
1727 1879 1822 1932 καὶ
1847 1894 1946 1950 μη-

369 1963 534 2035 τέρα·
564 1964 711 2028 ὅπως
738 1980 799 2017 τε
841 1964 975 2028 Θεὸς
1012 1965 1186 2036 Λόγος
1212 1965 1308 2033 ὢν,
1346 1966 1632 2039 ἄνθρωπος
1659 1970 1945 2042 ἀτρέπτως

373 2056 593 2125 ἐγένετο
617 2070 634 2088 ⁸
676 2054 775 2110 καὶ
808 2056 956 2121 ὅπως
993 2057 1086 2112 διά
1131 2057 1369 2130 σταυροῦ
1396 2058 1488 2114 τὸν
1538 2059 1674 2134 ᾅδην
1718 2061 1946 2115 σκυλεύ-

374 2163 488 2200 σειε
505 2145 881 2219 [σκυλεύσειεν
907 2148 977 2222 '],
1004 2149 1096 2203 τὸν
1116 2149 1411 2206 ἀπατεῶνά
1430 2167 1489 2205 τε
1510 2151 1634 2222 ὅφιν
1663 2153 1948 2226 κατήργη-

374 2251 456 2301 σε,
490 2237 584 2291 καὶ
611 2237 702 2291 τὸν
739 2236 911 2309 Ἀδὰμ
939 2239 1022 2302 είς
1048 2237 1138 2292 τὸν
1182 2239 1512 2310 παράδεισον
1555 2239 1710 2305 αὖθις
1745 2242 1948 2313 ἐπανή-

371 2336 537 2390 γαγε.

446 2413 634 2468 Ταῦτα
679 2415 774 2469 καί¹
821 2415 892 2470 τὰ
940 2416 1177 2485 ¹τοιαῦτα
1229 2418 1307 2482 είς
1362 2415 1486 2472 νοῦν
1542 2418 1868 2495 βαλλόμενος
1917 2429 1948 2482 ό

375 2501 679 2572 Κυριακδς,
715 2502 1133 2575 διεθερμαίνετο
1176 2504 1277 2577 τὴν
1330 2506 1559 2579 καρδίαν
1594 2508 1728 2580 θείῳ
1773 2513 1942 2585 ζήλῳ,

373 2592 472 2647 καί
521 2610 608 2657 τις
652 2595 816 2649 αὐτὸν
861 2595 1042 2651 ἔννοια
1072 2598 1263 2668 εἰσῄει,
1308 2598 1411 2671 βίῳ
1457 2600 1701 2667 καὶτοῖς
1754 2605 1813 2659 ὲν
1846 2604 1948 2677 βίῳ

373 2684 590 2755 χαίρειν
611 2686 856 2751 εἰπόντα,
888 2689 982 2741 ἐπὶ
1036 2688 1136 2760 τὴν
1184 2690 1349 2759 ἁγίαν
1404 2692 1706 2762 ἀφικέσθαι
1766 2697 1943 2763 πόλιν,

375 2778 470 2830 καὶ
499 2777 668 2846 άγίως
712 2779 774 2832 ὲν
801 2779 943 2850 ἁγίῳ
972 2778 1166 2850 βιῶσαι
1216 2782 1387 2854 τόπῳ,
1421 2786 1488 2855 τῇ
1537 2785 1741 2857 ἠσυχίᾳ
1773 2803 1946 2860 προσ-

375 2867 646 2939 κείμενον.
670 2870 826 2925 Κατά
842 2872 962 2928 τινά
987 2872 1041 2941 γ’
1057 2866 1151 2926 οὖν
1176 2889 1309 2928 ποτε
1324 2876 1644 2949 Κυριακην,
1677 2880 1775 2951 τῆς
1797 2880 1948 2945 θείας

374 2962 435 3015 ἐν
464 2961 544 3031 τῷ
570 2962 891 3033 Εὑαγγελίῳ
920 2966 1104 3036 φωνῆς
1130 2966 1372 3032 ἀκούσας
1397 2981 1413 2998 ⁶
1450 2968 1519 3023 Et
1544 2987 1629 3035 τις
1658 2971 1805 3026 θέλει
1831 2974 1949 3028 ὀπί·

2044 1881 2314 1951 cogitans,
2347 1887 2563 1949 partum
2610 1877 2731 1933 sine
2780 1877 3016 1940 semine,
3054 1873 3333 1947 Virginem
3367 1875 3617 1929 eamdem

2044 1981 2101 2029 et
2123 1979 2357 2027 matrem
2390 1987 2405 2025 :
2432 1979 2488 2026 et
2519 1970 2796 2039 quomodo
2827 1967 3089 2032 Verbum,
3108 1981 3246 2022 .cum
3277 1966 3422 2021 Deus
3446 1974 3619 2031 esset,

2044 2062 2209 2119 homo
2241 2060 2361 2117 sine
2385 2061 2685 2116 mutatione
2721 2061 2924 2115 factum
2954 2059 3027 2113 sit
3050 2074 3064 2112 :
3087 2067 3145 2116 et
3175 2072 3284 2130 quo
3327 2065 3488 2130 pacto
3524 2070 3622 2129 per

2045 2167 2265 2210 crucem
2306 2152 2515 2206 inferos
2543 2151 2881 2225 spoliaverit,
2924 2148 3279 2222 fallacemque
3307 2158 3622 2220 serpentem

2046 2242 2294 2320 fregerit,
2355 2249 2412 2301 et
2465 2245 2736 2301 Adatnum
2795 2260 2990 2302 rursus
3047 2244 3104 2299 in
3160 2242 3478 2315 paradisum
3534 2256 3624 2297 re-

2045 2340 2264 2397 duxerit
2277 2378 2285 2389 .
3314 2381 3328 2391 .

2120 2431 2249 2488 Haec
2287 2441 2344 2487 et
2390 2431 2589 2488 similia
2622 2437 2805 2486 mente
2834 2429 3049 2500 agitans
3091 2428 3377 2500 Cyriacus,
3429 2426 3621 2482 divino

2048 2525 2166 2581 zelo
2212 2525 2269 2579 in
2323 2524 2488 2580 corde
2537 2520 3002 2586 inﬂammabatur,
3054 2521 3217 2590 eique
3264 2519 3523 2574 veniebat
3565 2518 3623 2571 in

2048 2626 2310 2683 mentem,
2357 2615 2567 2670 mundo
2595 2623 2651 2669 et
2694 2614 2912 2682 iisquae
2942 2613 2998 2667 in
3035 2611 3238 2666 mundo
3278 2617 3409 2665 sunt
3436 2609 3623 2664 valere

2046 2707 2234 2780 jussis,
2265 2708 2321 2762 in
2354 2713 2599 2781 sanctam
2630 2719 2690 2760 se
2724 2704 2979 2759 conferre
3009 2702 3315 2766 civitatem,
3346 2711 3402 2755 et
3433 2709 3625 2754 sancte

2049 2802 2106 2858 in
2137 2808 2328 2856 sancto
2355 2799 2478 2854 loco
2498 2806 2555 2853 et
2582 2796 2639 2851 in
2668 2810 2887 2852 secessu
2915 2794 3132 2866 degere.
3165 2792 3410 2859 Quodam
3438 2791 3624 2860 itaque

2049 2893 2137 2949 die
2170 2891 2479 2956 Dominico,
2528 2905 2653 2946 cum
2688 2890 2928 2946 divinam
2977 2888 3034 2942 in
3099 2885 3390 2957 Evangelio
3431 2897 3622 2940 vocem

2050 2985 2360 3040 audiisset:
2420 2981 2480 3038 Si
2523 2982 2642 3052 quis
2691 2979 2803 3035 vult
2850 2986 2962 3049 post
3007 2994 3087 3032 me
3119 2978 3318 3042 uenire,
3369 2974 3623 3046 (abneget

378 3070 459 3159 σω
502 3071 603 3127 μου
641 3054 836 3159 ἐλθεῖν,
882 3058 1295 3129 ἀπαρνησάσθω
1337 3061 1554 3129 ἑαυτὸν,
1607 3066 1704 3119 καὶ
1756 3066 1947 3139 ἀράτω

2048 3078 2404 3146 semetipsum,
2451 3072 2535 3145 et)
2590 3071 2749 3127 tollat
2797 3086 3000 3125 crucem
3049 3085 3226 3133 suam,
3276 3076 3326 3122 et
3373 3076 3625 3137 sequatur

376 3147 474 3203 τὸν
530 3148 765 3220 σταυρὸν
815 3149 1012 3217 αὑτοῦ,
1072 3151 1168 3206 καὶ
1223 3152 1589 3237 ἀκολουθείτω
1655 3174 1782 3228 μοι·
1847 3161 1949 3215 οὐκ

376 3237 547 3293 ἐδωκέ
579 3237 800 3311 [ἔδωκεν
830 3238 1021 3314 ³]τινι
1077 3242 1136 3295 τὸ
1192 3245 1428 3315 πρᾶγμα
1480 3248 1738 3320 μελλήσει
1763 3291 1779 3318 ,
1827 3252 1950 3306 οὐδὲ

380 3331 589 3403 βραχὺν
631 3332 831 3405 ἐπέσχε
872 3333 1084 3405 χρόνον,
1133 3334 1167 3405 ἢ
1203 3335 1531 3408 διεσκέψατο
1556 3354 1571 3370 ο
1610 3340 1727 3395 ἀλλ’
1755 3343 1834 3407 είς
1860 3343 1948 3417 ἔρ-

376 3440 474 3494 γον
510 3424 671 3489 εὐθὺς
702 3425 804 3496 τὴν
848 3424 1075 3496 γνώμην
1106 3426 1319 3498 προῆγε
1341 3445 1358 3461 ο
1391 3431 1486 3484 καὶ
1517 3432 1614 3500 τῆς
1646 3434 1951 3505 ἐκκλησίας

378 3519 508 3588 σιγῇ
534 3515 609 3581 ὡς
635 3512 779 3589 εἶχεν
807 3516 1140 3587 ὑπεξελθὼν,
1179 3521 1258 3584 είς
1285 3521 1570 3593 Κεγχρεὰς
1599 3525 1911 3595 ἀφικνεῖται
1932 3544 1947 3560 ’

375 3611 473 3664 καὶ
494 3609 682 3663 πλοίου
714 3609 949 3664 ἐνταῦθα
975 3612 1056 3675 εἰς
1080 3609 1444 3683 Παλαιστίνην
1461 3614 1808 3685 καταίροντος
1832 3618 1954 3671 επι-

375 3699 500 3765 ϐἀς,
528 3701 665 3773 πρὸς
703 3699 1052 3773 Ἱεροσόλυμα
1091 3702 1296 3774 σπουδῇ
1346 3704 1729 3778 παραγίνεται,
1779 3708 1954 3763 ὀκτω-

378 3790 706 3846 καιδέκατον
744 3792 847 3863 ἢδη
890 3793 1131 3862 γεγονὼς
1168 3793 1321 3862 ἔτος,
1365 3799 1541 3869 ἐνάτῳ
1584 3799 1685 3871 μὲν
1728 3801 1793 3874 δὴ
1851 3805 1953 3876 τῆς

382 3880 659 3951 βασιλείας
692 3883 922 3948 Λέοντος
960 3884 1057 3939 τοῦ
1093 3886 1332 3957 μεγάλου
1380 3890 1635 3962 ἐνιαυτῷ,
1677 3894 1851 3967 ὀγδόῳ
1893 3896 1951 3952 δὲ

393 3974 745 4029 ’Δναστασίου
773 3976 875 4046 τῆς
910 3976 1297 4052 Ἰεροσολύμων
1325 3983 1634 4055 ίεραρχίας.

463 4066 708 4124 Ἐκεῖθεν
733 4070 914 4123 τοίνυν
936 4073 1014 4135 είς
1038 4071 1138 4144 τὴν
1176 4071 1336 4142 άγίαν
1366 4073 1522 4129 πόλιν
1565 4076 1756 4143 ἐλθὼν,
1802 4081 1955 4153 παρὰ

380 4156 461 4229 τῷ
494 4160 715 4232 μεγάλῳ
780 4162 1096 4235 Εὐστοργίφ
1135 4164 1457 4233 κατάγεται,
1498 4167 1671 4240 ἀνδρὶ,
1714 4170 1851 4241 φίλῳ
1892 4191 1952 4228 τε

380 4248 583 4319 ἀρετῆς
620 4249 819 4315 ἄλλως,
867 4251 1111 4317 καὶτοῖς
1163 4255 1260 4308 τοῦ
1284 4255 1603 4326 Πνεύματος
1648 4258 1953 4333 χαρίσμασι

378 4339 739 4411 διαλάμποντι
756 4358 772 4373 ο
796 4342 896 4396 ὅδὲ
915 4338 1004 4398 οἷα
1024 4343 1373 4416 φιλόστοργος
1392 4346 1469 4418 τῷ
1493 4347 1607 4403 ὄντι
1633 4349 1810 4423 [παπὴ
1818 4371 1849 4424 ρ
1873 4354 1893 4385 ³
1906 4352 1949 4427 ],

383 4431 551 4503 πολλῇ
592 4433 781 4489 τοῦτον
813 4434 1004 4506 ὥσπερ
1047 4437 1195 4501 είκὺς
1240 4437 1513 4503 δεξιοῦται
1563 4445 1631 4513 τῇ
1675 4443 1949 4501 διαθέσειο

383 4524 478 4577 καὶ
513 4524 651 4598 πρὸς
671 4524 750 4598 τῷ
780 4525 874 4582 ὑπ’
897 4527 1111 4582 ἐκείνου
1145 4529 1249 4601 ἤδη
1292 4532 1547 4589 συστάντι
1578 4534 1806 4607 πλησίον
1851 4539 1955 4610 τῆς

456 4707 532 4779 (3)
566 4705 706 4763 Hinc
759 4705 930 4777 liquet
972 4708 1334 4779 AAnastasium
1413 4710 1728 4768 ordinatum
1784 4715 1955 4774 fuisse

382 4777 844 4850 Jerosolymorum
897 4777 1256 4850 episcopum,
1304 4794 1453 4850 anno
1529 4782 1654 4837 458.
1709 4783 1793 4844 Id.
1824 4802 1955 4844 vero

383 4847 858 4919 contigisSeinitio
887 4847 1101 4919 mensis
1121 4847 1267 4911 Julii,
1304 4848 1469 4905 habet
1496 4850 1619 4906 Vita
1647 4852 1701 4908 S.
1734 4853 1955 4919 Euthy-

383 4873 675 4919 wuuglssc
704 4873 858 4902 llllllU
887 4873 1096 4903 tumulata
1121 4873 1267 4911 dum,
1304 4873 1469 4905 navet
1506 4873 1619 4906 tua
1647 4873 1701 4908 δ.
1734 4873 1874 4911 nutu
1915 4888 1950 4901 -

382 4919 477 4974 ιιιὶἰ
507 4935 543 4972 a-
567 4911 1226 4992 Cyrillo_conscri_pta,_in
1266 4935 1372 4990 qua
1413 4919 1631 4992 legitur,
1675 4937 1822 4979 anno

383 4987 718 5070 vitae_sanctl
766 4987 1078 5060 Euthymii,
1122 4987 1442 5070 Iuvenalem
1469 4987 1948 5070 :Jergsolymorum

383 5060 894 5128 archiepiscopum,
945 5073 1071 5114 cum
1103 5073 1305 5114 annum
1346 5060 1418 5114 44
1473 5060 1525 5114 in
1575 5060 1952 5122 Patriarchatu

384 5128 689 5200 implesset,
741 5129 909 5200 vitam
960 5128 1233 5196 ﬁnivisse;
1290 5130 1638 5200 Anastasium
1703 5149 1833 5189 vero
1895 5138 1950 5192 in

383 5195 569 5257 sedem
604 5195 795 5252 Jacobi
848 5209 1098 5254 evectum
1154 5195 1278 5255 esse
1319 5199 1473 5255 initio
1529 5202 1735 5258 mensis
1800 5205 1950 5264 Julii.

384 5271 488 5329 Ubi
538 5283 640 5338 pro
688 5267 759 5324 85
810 5269 1098 5338 legendum
1139 5282 1298 5338 iesse
1326 5269 1416 5335 Si,
1451 5272 1714 5327 suadetur
1764 5290 1830 5330 ex
1886 5293 1952 5334 eo

383 5343 529 5415 quod
543 5337 672 5415 sive
701 5355 825 5395 cum
862 5337 1097 5415 Baronio
1128 5337 1443 5415 Iuvenalem
1470 5341 1673 5415 abiisse
1701 5343 1952 5415 dicamus

385 5404 532 5486 anno
561 5409 689 5474 457,
719 5425 792 5486 es
814 5410 1051 5486 quodam
1070 5410 1203 5486 loco
1237 5409 1587 5486 Vit:e_sar_t_ct_i
1623 5414 1799 5486 Sanga,
1831 5404 1952 5486 qua;

355 5484 618 5539 'habetur
648 5481 795 5550 apud
819 5479 1036 5533 Snrium
1065 5481 1145 5550 5d
1165 5477 1293 5535 Dec.
1343 5479 1435 5535 ubi
1467 5482 1668 5536 dicitur
1707 5477 1951 5543 Juvena-

384 5561 490 5610 lem
531 5548 724 5607 eodem
750 5564 920 5621 anno,
948 5564 1057 5618 quo
1099 5548 1405 5607 Marcianus
1449 5550 1771 5621 imperator,
1800 5572 1948 5611 mor-

390 5635 543 5686 tuum
576 5636 722 5685 esse,
754 5620 846 5689 qui
875 5619 1180 5675 Marcianus
1218 5634 1362 5675 anno
1394 5620 1508 5676 457
1535 5619 1575 5676 e
1609 5624 1717 5677 vita
1755 5619 1949 5682 exces-

384 5695 485 5755 sit:
514 5693 631 5748 sive
663 5689 979 5761 Bollandum
1021 5704 1336 5758 sequamur,
1384 5694 1477 5761 qui
1512 5690 1565 5745 in
1596 5692 1717 5748 Vita
1772 5698 1950 5754 sancti

384 5763 681 5837 Euthymii,
714 5761 802 5819 die
816 5761 886 5816 20
907 5759 1170 5834 Januarii,
1203 5760 1317 5818 lucc
1343 5759 1505 5820 verba
1538 5762 1734 5834 rejicit,
1761 5766 1942 5839 aitque

2052 3184 2136 3223 me
2177 3183 2196 3223 :
2245 3182 2361 3222 rem
2413 3164 2639 3220 minime
2692 3161 2923 3225 distulit,
2973 3176 3037 3217 ac
3087 3175 3160 3214 ne
3210 3159 3360 3213 brevi
3403 3158 3623 3227 quidem

2051 3270 2300 3330 tempore
2356 3268 2625 3321 moratus,
2682 3262 2781 3309 aut
2837 3252 3170 3315 deliberans,
3227 3264 3386 3305 suum
3443 3248 3624 3302 statim

2050 3350 2394 3422 propositum
2459 3347 2528 3403 ad
2572 3346 2828 3402 eﬂectum
2872 3341 3146 3414 perduxit.
3182 3340 3400 3410 libaque
3427 3354 3493 3393 ex
3538 3352 3628 3392 eo-

2062 3443 2230 3500 clesia
2283 3450 2341 3495 ut
2392 3439 2573 3511 potuit
2620 3438 2759 3494 clam
2799 3450 2861 3491 se
2905 3434 3238 3496 subducens,
3291 3431 3443 3485 venit
3483 3430 3628 3484 Cen-

2050 3534 2247 3590 chreas
2292 3550 2306 3586 :
2339 3540 2397 3585 et
2424 3541 2726 3585 conscensa
2759 3524 2834 3581 ibi
2871 3539 3011 3580 nave
3039 3538 3160 3593 quae
3190 3521 3244 3575 in
3281 3519 3626 3579 Palaestinam

2053 3624 2389 3689 solvebatur,
2460 3620 2719 3676 celeriter
2784 3616 3177 3687 Jerosolymam
3271 3612 3443 3675 venit,
3508 3611 3622 3681 jam

2051 3716 2240 3771 decem
2279 3721 2335 3768 et
2368 3720 2492 3767 octo
2525 3724 2697 3764 annos
2731 3716 2928 3771 natus,
2968 3720 3115 3761 nono
3148 3703 3367 3774 quidem
3408 3700 3626 3769 imperii

2052 3805 2249 3861 Leonis
2296 3802 2477 3874 Magni
2522 3814 2689 3865 anno,
2735 3798 3090 3870 pontificatus
3139 3804 3320 3850 autem
3350 3789 3628 3846 Anastasii

2049 3895 2512 3969 Jerosolymurum
2551 3890 2795 3963 episcopi
2810 3896 3042 3945 ‘octavo.

2123 4075 2259 4132 Cum
2296 4074 2448 4129 illinc
2488 4087 2620 4144 ergo
2660 4071 2719 4126 in
2763 4078 3005 4125 sanctam
3054 4066 3328 4122 civitatem
3361 4062 3626 4129 venisset,

2052 4167 2193 4237 apud
2232 4180 2486 4239 magnum
2539 4162 2883 4234 Eustorgium
2931 4161 3259 4221 diversatur,
3296 4157 3488 4222 virum,
3532 4155 3627 4224 qui
3728 4217 3740 4233 _

2053 4266 2111 4313 et
2154 4256 2359 4326 alioqui
2390 4262 2602 4309 amator
2631 4251 2852 4309 virtutis
2896 4256 3036 4313 erat,
3080 4256 3141 4305 et
3183 4246 3423 4316 Spiritus
3466 4246 3628 4300 donis

2055 4348 2378 4421 splendebat
2405 4364 2420 4403 :
2468 4348 2560 4403 ille
2591 4354 2773 4401 antem
2813 4354 2875 4400 ut
2906 4357 3096 4399 revera
3129 4341 3500 4412 philostorgus
3535 4340 3630 4408 (id

1983 4427 2029 4483 θ
2059 4452 2164 4509 est,
2212 4445 2435 4511 amans)
2474 4438 2655 4503 Pater,
2690 4451 2886 4508 magno
2918 4450 3071 4501 eum,
3113 4443 3173 4488 ut
3223 4449 3321 4504 par
3368 4442 3503 4497 erat,
3538 4447 3632 4486 ex-

2059 4537 2195 4608 cipit
2256 4533 2478 4590 affectu.
2539 4530 2801 4601 Cyriacus
2861 4542 3011 4595 vero,
3068 4542 3192 4582 cum
3239 4526 3383 4598 apud
3420 4526 3633 4597 insigne

2057 4732 2171 4773 non
2234 4711 2466 4770 inveniri
2523 4711 2580 4765 in
2640 4711 2864 4778 antiqua
2896 4709 3016 4766 Vita
3078 4722 3176 4777 per
3221 4704 3479 4776 Cyrillum
3532 4704 3633 4759 de-

2057 4789 2297 4857 scripta:
2327 4782 2616 4857 utrumvis,
2633 4781 2900 4857 _inq_uam_,_
2929 4788 3235 4857 teneamus,
3261 4790 3397 4857 cum.
3417 4783 3629 4857 cenrttun

2058 4842 2133 4914 sit
2170 4842 2398 4910 'annnm
2451 4852 2574 4906 vitae
2605 4842 2903 4920 'Eut'hymii
2949 4848 3043 4920 A81
3110 4843 3399 4920 complecti
3465 4842 3629 4897 finem

2055 4927 2185 4982 anni
2213 4926 2316 4981 457
2372 4932 2428 4977 et
2464 4922 2680 4976 initium
2712 4915 2840 4974 an'ni
2869 4917 2992 4974 458.
3020 4930 3195 4986 usque
3226 4916 3292 4986 ad
3324 4915 3630 4986 Augustum

2057 4980 2327 5060 mensem,
2352 4994 2559 5048 clarum
2591 5001 2673 5047 est
2702 4991 2770 5045 ab
2798 4991 3053 5043 omnibus
3084 4980 3372 5060 legendum
3395 4980 3631 5060 essen8l.

2056 5051 2326 5123 Similiter
2368 5078 2467 5133 pro
2500 5062 2591 5115 44.
2637 5060 3089 5133 legendutn_es_se
3122 5051 3212 5109 40.
3260 5056 3452 5109 volunt
3507 5051 3631 5133 ppl-

2054 5122 2198 5191 landi
2231 5122 2643 5189 continuatores
2682 5122 2911 5199 fom._lll
2941 5127 3062 5183 Maii
3095 5141 3218 5199 pag.
3240 5138 3500 5199 unum.“
3504 5122 3627 5176 10:2.

2052 5207 2216 5263 Certe
2250 5219 2359 5258 non
2408 5211 2536 5256 ante
2574 5192 2834 5256 mensem
2869 5191 3269 5269 Septembrem,
3328 5195 3410 5269 vel
3462 5191 3628 5269 Octo-

2052 5261 2207 5332 brem
2241 5275 2369 5329 anni
2400 5272 2528 5326 M7.
2563 5270 2815 5326 collocari
2861 5261 3025 5336 posse
3073 5267 3298 5336 initium?
3324 5261 3625 5336 Juvenalis,

2054 5353 2267 5403 constat
2297 5360 2363 5398 ex
2426 5341 2655 5411 epistola
2683 5333 2884 5411 losimi
2943 5335 3393 5411 Papae,_qni_lioe
3431 5333 3627 5411 eodem

2054 5432 2199 5471 anno
2232 5415 2335 5469 417
2386 5405 2480 5466 19Ῑ
2516 5409 2764 5480 Augusti.
2819 5405 3368 5480 sutntntis_Po_ntifett
3413 5408 3632 5457 creatus

2052 5496 2157 5551 est,
2192 5487 2246 5539 in
2283 5498 2391 5554 qna
2422 5474 2675 5554 epistola,
2730 5480 2856 5554 data
2888 5492 2954 5554 xt_
3006 5476 3129 5554 Kal.
3168 5475 3290 5554 Qct.
3319 5474 3504 5554 aithse
3535 5485 3630 5554 ae-

2051 5540 2268 5627 cepis:e
2302 5540 2603 5627 lepist'olam
2636 5540 3089 5627 ierosolymitani‘
3117 5544 3355 5627 episcopi
3408 5540 3628 5627 ln’raylii,

2051 5614 2144 5706 qui
2192 5614 2364 5706 _anté
2429 5620 2750 5679 iuvenalem
2846 5614 3032 5677 sedem
3114 5614 3628 5686 Jerosolymitanatn

2054 5705 2250 5755 tenuit.
