4060 6432
285 434 392 500 9‘29

1529 453 1532 456 ·
1576 425 1752 488 νΙτΑ
1795 424 1856 485 S.
1896 422 2228 486 CYRIACI.

3431 420 3540 484 9ἶο

288 564 392 619 μον
425 543 702 616 ἀναχωρεῖ
727 556 742 574 ⁶
803 537 886 612 τῷ
939 538 998 594 δέ
1053 539 1164 610 ἄρα
1216 539 1310 592 mi.
1369 535 1618 608 μαθητὴς
1651 536 1909 598 εἰπέτω]

2011 541 2170 589 uente
2201 531 2488 604 discipulo.
2518 533 2656 591 Cum
2688 535 2874 605 itaque
2902 533 3030 590 cibo
3062 529 3305 588 destituti
3335 538 3544 591 essent,

296 638 694 709 ’Δπορούμενοι
752 636 937 688 τοίνυν
989 633 1219 703 τροφῆς,
1249 632 1343 684 καὶ
1375 630 1477 684 οὐκ
1504 629 1719 700 ἔχοντες
1743 627 1866 681 ὃθεν

287 735 390 806 τὴν
416 732 517 802 τῆς
545 731 764 799 φύσεως
798 727 1052 796 ἀνάγκην
1074 723 1590 796 παραμυθήσονται·
1620 722 1743 775 οὐδὲ
1761 720 1870 792 γὰρ

291 824 437 898 [οὐδὲ
479 819 534 892 1]
569 819 842 890 μελάγρια
866 817 1011 870 κατά
1034 815 1133 886 τὴν
1162 815 1370 886 ἔρημον
1406 814 1664 884 πεφύκει·
1696 811 1873 866 ταῦτα

292 918 402 986 γὰρ
466 912 628 983 ἱκανὴ
682 909 899 973 τούτοις
958 907 1202 970 ἑστίασις
1257 901 1346 978 ἦν,
1403 904 1622 976 εὔχεται
1669 907 1699 959 6
1729 904 1873 966 θεῖος

294 1003 578 1075 κυριακδς
606 999 685 1071 τῷ
713 1000 852 1069 Θεῷ,
882 999 1094 1070 τροφὴν
1121 998 1306 1060 αὐτοῖς
1347 999 1414 1050 ἐκ
1467 996 1578 1049 τῶν
1638 993 1871 1049 ἐνταῦθα

294 1096 482 1152 δοῦναι
508 1093 741 1148 σκιλλῶν
804 1089 1057 1164 [σκιλῶν]
1086 1103 1102 1122 ⁶
1157 1087 1398 1159 δαψιλῶς
1451 1087 1559 1158 γὰρ
1598 1087 1870 1155 τούτωνή

301 1188 513 1260 ερημος
566 1192 664 1239 καὶ
731 1183 983 1254 ἀφθόνως
1011 1178 1150 1252 εἶχε.
1193 1183 1302 1235 Καὶ
1330 1179 1470 1250 πρὸς
1497 1179 1589 1233 τὸν
1621 1179 1874 1249 μαθητὴν

300 1280 681 1350 ἐπιστραφεὶς,
707 1276 1009 1345 Συνάγαγε,
1053 1274 1210 1346 φησὶ,
1275 1274 1463 1327 τέκνον
1514 1273 1579 1326 ἐκ
1649 1271 1878 1326 τουτωνὶ

302 1375 412 1427 τῶν
441 1370 677 1426 σκιλλῶν
705 1369 936 1442 [σκιλῶν
965 1366 1055 1440 η,
1077 1367 1172 1420 καὶ
1195 1365 1328 1430 ἃλας
1363 1364 1638 1419 ἐπιϐαλὼν
1665 1364 1877 1431 αὐταῖς,

305 1469 362 1518 ἐν
385 1466 562 1535 χύτρᾳ
605 1462 809 1535 ἐψησον
838 1477 854 1492 ·
912 1461 1006 1514 καὶ
1055 1457 1346 1528 εὐλογητὸς
1370 1459 1397 1510 6
1429 1457 1582 1522 Θεὸς,
1612 1457 1694 1510 ὃτι
1723 1455 1879 1510 ἔσται

306 1560 403 1610 καὶ
433 1557 566 1626 ἡμῖν
593 1555 652 1621 ἐξ
681 1552 863 1608 αὐτῶν
885 1550 1282 1622 χορτασθῆναι.

381 1649 569 1702 Ταῦτα
597 1649 625 1701 6
655 1646 753 1718 μὲν
785 1645 863 1716 τῷ
889 1644 1107 1715 μαθητῇ
1140 1643 1494 1714 ἐπισκήπτει,
1528 1641 1662 1706 Θεὸς
1703 1642 1759 1694 δέ
1782 1640 1884 1711 τῆς

309 1742 478 1814 εὐχῆς
525 1738 735 1794 ἀνωθεν
798 1737 1034 1807 ἐπήκοος
1065 1733 1154 1806 ἦν,
1187 1737 1215 1789 6
1242 1738 1336 1788 καὶ
1392 1734 1535 1805 ὕδωρ
1561 1735 1626 1786 ἐκ
1677 1733 1886 1803 πέτρας

312 1834 592 1906 πηγάσας,
619 1831 714 1884 καὶ
744 1828 844 1900 τὴν
876 1827 1079 1906 πολλὴν
1113 1825 1333 1896 ἐκείνην
1361 1825 1463 1894 τῆς
1488 1825 1716 1896 Μερρἄς
1748 1823 1886 1895 [Με-

1969 641 2072 681 nec
2138 627 2409 682 haberem
2470 630 2614 684 unde
2677 637 2889 684 naturae
2944 625 3333 681 necessitatem
3398 621 3543 677 sola-

1969 728 2162 773 rentur
2211 718 2302 790 (in
2329 718 2423 774 illa
2453 722 2656 790 quippe
2683 735 2869 775 eremo
2896 734 2967 774 ne
3025 716 3284 786 melagria
3315 714 3538 783 quidem

1969 811 2354 876 nascebantur,
2405 827 2528 880 quae
2583 821 2732 866 certe
2775 812 2857 867 eis
2906 811 2975 865 ad
3019 807 3329 865 convivium
3374 804 3543 859 suile-

1972 901 2231 970 cissent);
2268 901 2434 956 Deum
2464 913 2617 973 rogat
2655 903 2876 958 divinus
2919 903 3198 973 Cyriacus,
3244 906 3306 952 ut
3354 897 3541 952 cibum

1973 991 2106 1062 ipsis
2133 1009 2196 1048 ex
2229 993 2337 1048 illic
2369 996 2710 1049 exstantibus
2725 994 2907 1060 scillis.
2934 993 3276 1062 impertiret;
3307 989 3374 1042 iis
3397 986 3544 1041 enim

1974 1084 2288 1138 abundabat
2317 1085 2407 1138 illa
2441 1086 2721 1140 solitudo.‘
2745 1085 3166 1152 Conversusque
3193 1081 3262 1136 ad
3305 1079 3548 1147 discipu-

1974 1175 2109 1241 lum,
2143 1176 2370 1246 Collige,
2408 1176 2604 1247 inquit,
2653 1177 2750 1241 ﬁli,
2805 1191 2873 1231 ex
2917 1175 3002 1229 his
3058 1174 3247 1236 scillis,
3280 1153 3335 1225 et
3382 1169 3549 1223 salem

1977 1268 2086 1324 illis
2144 1283 2460 1338 aspcrgens,
2530 1284 2706 1337 coque
2763 1269 2820 1324 in
2887 1267 2994 1322 olla
3039 1273 3161 1329 :et,
3223 1261 3552 1318 Benedictus

1981 1360 2149 1424 Deus,
2179 1363 2438 1432 quoniam
2474 1377 2540 1418 ex
2577 1363 2684 1418 illis
2718 1363 2880 1417 nobis
2916 1361 3065 1416 vesci
3101 1358 3310 1415 licebit.

2055 1637 2181 1693 Haec
2227 1637 2316 1691 ille
2351 1637 2566 1708 quidem
2600 1637 2809 1707 discipu
2834 1654 2868 1692 ο
2916 1636 3162 1694 mandat.
3201 1633 3342 1689 Deus
3374 1639 3556 1686 autem

1985 1729 2200 1783 caelitus
2251 1743 2441 1798 preces
2490 1727 2717 1792 audivit,
2773 1728 2866 1798 qui
2929 1738 2984 1782 et
3035 1741 3230 1796 aquam
3287 1741 3354 1778 ex
3406 1734 3560 1794 petra

1988 1817 2252 1873 scaturire
2315 1817 2463 1883 fecit,
2527 1829 2581 1872 et
2640 1818 2928 1872 maximam
2995 1817 3140 1872 illam
3201 1817 3360 1870 Mam
3413 1829 3565 1867 ama-

444 1925 496 1998 1]
540 1895 768 1994 πικρίαν
799 1895 906 1984 ⁷είς
947 1895 1214 1986 ἀνάλογον
1274 1895 1517 1988 ἀμείψας
1546 1895 1882 1984 γλυκύτητα.

2011 1909 2286 1962 -ἱιυιιίηθιιι
2375 1909 2428 1962 in
2526 1924 2822 1979 congruam
2902 1909 3247 1964 dulcedinem
3323 1921 3566 1961 commu-

314 2021 384 2078 Δῖ
405 2037 465 2072 τε
493 2019 602 2091 γὰρ
631 2007 870 2078 exiliat,
902 2011 1003 2080 τῆς
1046 2011 1290 2082 ἐμφύτου
1343 2013 1437 2063 καὶ
1468 2009 1636 2062 αὗται
1665 2009 1891 2079 πικρίας

321 2110 638 2184 μετέϐαλον,
688 2107 784 2160 καὶ
849 2107 929 2167 είς
976 2103 1252 2174 τέσσαρας
1290 2102 1352 2166 ἐξ
1404 2102 1616 2154 ἐκείνου
1668 2101 1893 2170 χρόνους

318 2203 494 2276 τροφὴ
539 2204 651 2263 τοῖς
688 2197 982 2269 μακαρίοις
1026 2196 1272 2264 ἐγένοντο
1309 2193 1574 2265 [ἐγίνοντο
1610 2191 1680 2263 1].
1721 2192 1843 2245 Ἀλλ
1858 2191 1892 2256 ‘,

325 2317 345 2352 ι
381 2298 494 2351 Οὐκ
564 2290 953 2365 ἐγκαταλείψει
1002 2290 1208 2359 Κύριος
1247 2288 1372 2350 τοὺς
1427 2287 1606 2349 ὁσίους
1637 2283 1825 2351 αὐτοῦ,
1868 2302 1888 2335 ι

319 2389 591 2459 εὐκαίρως
619 2385 697 2455 τῷ
725 2382 853 2453 ἱερῷ
887 2380 1053 2436 Δαυῒδ
1107 2378 1347 2432 ἐνταῦθα
1379 2378 1688 2448 εἰρήσεται.
1729 2376 1896 2445 Ἀνὴρ

322 2481 430 2552 γάρ
456 2497 539 2542 τις
569 2477 678 2532 άπὸ
703 2474 805 2545 τῆς
841 2471 1037 2543 κώμης
1067 2470 1302 2523 Θεκωῶν
1331 2466 1570 2539 [Θεκόων
1604 2464 1680 2536 η,
1742 2462 1913 2536 παρά

323 2572 434 2625 τῶν
474 2570 532 2621 ἐν
565 2570 631 2636 τῇ
665 2566 858 2638 ἐρήμῳ
919 2561 1214 2631 θρέμματα
1268 2556 1546 2627 νεμόντων
1595 2554 1900 2624 πυθόμενος

324 2664 395 2716 τά
427 2661 568 2715 κατά
625 2658 717 2711 τὸν
763 2654 1066 2724 κυριακὸν,
1125 2651 1324 2720 ἄρτους
1367 2648 1605 2716 θερμοὺς
1660 2645 1754 2698 ἐπὶ
1811 2643 1901 2696 τὸν

325 2754 450 2808 ὖνον
484 2750 614 2824 [τῶν
657 2747 793 2801 ὄνων
828 2744 882 2816 1]
940 2743 1227 2812 ἐνθέμενος
1248 2741 1397 2810 ἥκει·
1443 2738 1541 2789 καὶ
1560 2733 1693 2805 παρ’
1750 2730 1902 2801 αὑτῷ

328 2846 589 2907 καταθεὶς
640 2843 732 2896 τὸν
777 2839 1005 2910 φόρτον,
1059 2832 1234 2888 ἀπιὼν
1293 2830 1498 2902 ᾤχετο*
1560 2826 1655 2880 καὶ
1694 2825 1904 2887 τούτοις

327 2943 356 2993 6
393 2935 668 3006 Κυριακὸς
705 2929 798 2983 τοῦ
828 2928 1020 2981 λοιποῦ
1057 2925 1154 2977 σὺν
1184 2922 1266 2992 τῷ
1300 2921 1520 2991 μαθητῇ
1545 2915 1906 2987 διέζη.Ἀλλὰ

329 3029 452 3086 τότε
480 3027 579 3101 μὲν
605 3026 632 3082 6
668 3021 917 3098 μαθητὴς
957 3017 1046 3078 τὸν
1085 3015 1292 3091 συνήθη
1323 3012 1528 3088 τρόπον)
1549 3010 1648 3081 τὰς
1680 3007 1907 3077 stillat;

332 3125 562 3195 ἑψήσας,
631 3123 707 3193 μὴ
754 3118 1060 3188 ἐπιτραπέν
1132 3111 1282 3184 αύτῷ
1323 3111 1430 3165 ύπδ
1477 3109 1572 3164 τοῦ
1629 3107 1906 3180 μακαρίου

334 3215 638 3288 Κιδριακοῦ,
691 3213 846 3266 ἔθετο
872 3212 1106 3268 δεῖπνον.
1149 3203 1286 3262 Εἶτα
1331 3202 1430 3272 τὴν
1465 3203 1647 3257 αὐτῶν
1677 3200 1909 3272 πικρίαν

332 3310 436 3364 οὐκ
465 3307 762 3377 ἐνεγκόντι,
792 3305 888 3358 καὶ
916 3304 951 3374 ἡ
982 3302 1212 3371 δύναμις
1239 3298 1391 3368 αύτῷ
1423 3295 1565 3366 μετὰ
1592 3293 1695 3364 τῆς
1726 3292 1910 3362 φωνῆς

333 3400 598 3471 ἐσϐέσθη,
657 3399 754 3452 καὶ
780 3395 915 3451 ὡσεὶ
944 3393 1136 3465 νεκρὸς
1167 3393 1366 3446 ἔκειτο.
1391 3388 1695 3459 Συμϐαλὼν
1729 3386 1912 3440 τοίνυν

335 3497 364 3548 6
393 3494 535 3556 θεῖος
603 3490 880 3562 Κυριακὸς
935 3487 1036 3558 τῆς
1101 3485 1392 3555 συμφορᾶς
1422 3481 1520 3553 τὴν
1565 3480 1770 3541 αἰτίαν,
1819 3477 1911 3529 καὶ

336 3586 530 3655 χεῖρας
586 3583 669 3645 εἰς
728 3577 1042 3651 προσευχὴν
1089 3575 1228 3645 ὑπὲρ
1282 3573 1379 3626 τοῦ
1409 3569 1656 3642 μαθητοῦ
1693 3567 1902 3635 διάρας.

1994 2000 2147 2053 lavit.
2182 1999 2356 2052 Scilla;
2387 2014 2621 2068 namque
2651 2002 2892 2053 innatam
2941 2000 3359 2053 amaritudinem
3399 1997 3566 2066 depo-

1994 2102 2176 2150 suere,
2223 2096 2278 2140 et
2313 2086 2508 2142 exinde
2554 2103 2651 2156 per
2703 2087 3120 2157 quadriennium
3165 2087 3342 2142 beatis
3375 2086 3484 2141 illis
3512 2085 3568 2138 in

1995 2177 2120 2232 cibo
2173 2177 2350 2232 fuere.
2403 2177 2512 2233 Sed
2566 2178 2718 2244 illud,
2770 2178 2891 2233 Non
2943 2179 3267 2249 derelinquat
3313 2177 3572 2232 Dominus

1995 2277 2204 2321 sanctos
2234 2284 2380 2334 suos,
2414 2279 2726 2339 opportune
2753 2286 2783 2325 a
2808 2287 2964 2326 sacro
2997 2271 3184 2338 David,
3219 2271 3307 2325 hic
3335 2271 3571 2324 dicetur.

1999 2357 2094 2412 Vir
2131 2358 2280 2413 enim
2321 2360 2540 2430 quidam
2570 2377 2636 2416 ex
2664 2363 2789 2417 vico
2816 2361 3182 2426 Thecoorum,
3231 2379 3357 2417 cum
3389 2377 3452 2416 ex
3482 2362 3572 2426 iis,

1999 2450 2093 2521 qui
2135 2451 2192 2505 in
2220 2467 2409 2508 eremo
2454 2468 2650 2523 pecora
2697 2455 3016 2522 pascebant,
3060 2455 3128 2508 de
3160 2453 3390 2523 Cyriaco
3423 2453 3578 2507 audi-

2000 2542 2191 2607 visset,
2233 2544 2466 2613 panibus
2502 2544 2697 2599 calidis
2737 2546 2892 2600 asino
2937 2545 3206 2614 impositis
3248 2546 3482 2606 accedit.
3518 2555 3576 2601 et

2003 2647 2172 2688 onere
2225 2635 2368 2702 apud
2424 2649 2549 2688 eum
2599 2627 2872 2704 depoSito,
2911 2635 3068 2700 abiit,
3120 2636 3314 2705 hisque
3359 2636 3413 2689 in
3451 2637 3580 2691 reli-

2006 2743 2176 2796 quum
2246 2727 2506 2799 Cyriacus
2565 2743 2690 2782 cum
2749 2729 3013 2798 discipulo
3077 2729 3242 2783 vitam
3305 2729 3567 2783 traduxit.

2005 2819 2270 2890 Tuncque
2317 2821 2644 2891 discipulus,
2695 2822 2867 2876 coctis
2900 2822 2967 2876 de
3019 2836 3172 2875 more
3224 2821 3414 2885 scillis,
3467 2834 3578 2874 non

2003 2914 2190 2984 jussus
2232 2929 2264 2968 a
2307 2913 2473 2968 beato
2524 2914 2752 2984 Cyriaco
2803 2929 2894 2968 cas
2942 2915 2996 2967 in
3048 2928 3260 2975 coenam
3305 2920 3577 2989 apposuit.

2011 3005 2224 3070 Deinde
2263 3019 2389 3069 εωη
2435 3021 2624 3069 carum
2661 3027 2770 3069 non
2803 3004 2972 3067 ferret
3000 3013 3446 3074 amaritudinem,
3473 3026 3584 3065 una

2009 3121 2136 3161 cum
2186 3121 2321 3162 voce
2349 3105 2495 3162 vires
2552 3107 2672 3176 ejus
2716 3105 3002 3161 exstinctae
3037 3114 3185 3170 sunt,
3219 3111 3274 3158 et
3309 3113 3584 3170 tamquam

2013 3208 2265 3254 mortuus
2316 3199 2553 3270 jacebat.
2609 3199 2745 3252 Cum
2797 3199 2984 3268 itaque
3042 3197 3262 3251 divinus
3319 3193 3586 3266 Cyriacus

2020 3291 2303 3347 infortunii
2343 3305 2564 3345 causam
2605 3289 2981 3355 intellexisset,
3019 3298 3075 3343 et
3103 3303 3298 3342 manus
3324 3287 3392 3341 ad
3421 3301 3588 3340 oran-

2020 3385 2148 3439 dum
2188 3400 2286 3454 pro
2323 3383 2591 3452 discipulo
2620 3383 2950 3446 sustulisset,
2990 3381 3166 3450 ipsum
3205 3381 3417 3445 erexit;
3445 3380 3591 3434 divi-

2017 3490 2197 3543 naque
2234 3473 2310 3530 illi
2339 3475 2656 3543 impertiens
2693 3480 3035 3527 sacramenta
3057 3511 3071 3535 ,
3102 3485 3295 3525 sanum
3339 3470 3592 3541 protinus

2019 3566 2284 3630 reddidit,
2317 3575 2372 3620 et
2399 3566 2633 3635 benigne
2662 3581 2691 3618 a
2730 3565 2926 3619 timore
2962 3567 3243 3617 recreavit.

339 3654 596 3744 ἀνίστησι
672 3671 879 3737 τοῦτον,
948 3669 1042 3722 καὶ
1115 3666 1226 3724 τῶν
1277 3665 1436 3718 θείων
1489 3660 1642 3732 αύτῷ
1699 3657 1964 3729 μεταδους
2025 3658 2368 3728 μυστηρίων,
2399 3657 2557 3726 ’ὑγιῆ
2605 3673 2665 3708 τε
2723 3654 3161 3726 ἀποκαθίστησιν
3211 3655 3431 3722 αὐτίκα,
3500 3655 3596 3709 καὶ

338 3773 441 3845 τῆς
469 3772 672 3834 δειλίας
699 3770 878 3840 ἠπίως
909 3763 1306 3834 ἀναλαμϐάνει.

428 3865 628 3933 Ὀλίγῳ
659 3863 715 3915 δὲ
745 3860 972 3931 ὕστερον
1017 3855 1380 3910 ἐπιλιπόντων
1411 3853 1595 3922 αὐτοῖς
1623 3847 1921 3924 [αύτοὺςὲ]

343 3959 456 4014 τῶν
507 3958 710 4026 ἀρτων,
758 3949 1158 4024 [χαλεπωτάτῳ
1203 3945 1350 4016 λιμῷ
1400 3943 1711 4014 συνείχοντο
1738 3940 1922 3994 πάλιν.

347 4051 461 4107 Καὶ
491 4046 679 4118 πάλιν]
713 4048 742 4100 6
803 4045 1080 4116 μακάριος
1107 4033 1262 4104 οὗτος
1287 4040 1380 4093 τὸν
1418 4036 1668 4109 μαθητὴν
1700 4034 1927 4096 σκίλλας

350 4143 536 4204 αὐτοῖς
595 4139 828 4192 δεῖπνον·
861 4133 1288 4205 παρασκευάσαι
1339 4130 1729 4202 προτρέπεται.
1777 4127 1836 4179 '0
1871 4126 1928 4180 δὲ

349 4236 450 4307 τὴν
495 4232 706 4305 τροφὴν
754 4227 1220 4300 ἐξεργασάμενος,
1273 4224 1371 4277 καὶ
1415 4223 1622 4290 ταύτην
1679 4218 1926 4290 προθεὶς,

352 4330 504 4400 ὅμως
566 4323 824 4378 ἐδεδοίκει
887 4317 1220 4390 χρήσασθαι.
1277 4313 1468 4386 Είσῄει
1523 4312 1634 4382 γὰρ
1688 4310 1851 4364 αὐτὸν
1893 4311 1929 4379 ἡ

355 4415 706 4489 προλαϐοῦσα
741 4416 958 4481 πικρία*
995 4411 1087 4463 καὶ
1115 4410 1264 4468 ὅπως
1296 4406 1562 4476 φαγόντα,
1595 4403 1656 4456 ού
1686 4401 1748 4455 τὸ
1762 4401 1930 4470 φθέγ-

355 4511 549 4582 γεσθαι
573 4510 755 4580 μόνον,
788 4507 926 4560 ἀλλά
952 4507 1047 4558 καὶ
1075 4502 1135 4556 τὸ
1155 4499 1428 4555 κινεῖσθαι
1459 4497 1624 4554 αὐτὸν
1646 4496 1929 4550 ἐπέλιπεν.

357 4603 768 4674 Εύλογήσαντος
827 4598 928 4669 μέν
971 4613 1054 4649 τοι
1086 4594 1183 4648 τοῦ
1237 4590 1545 4662 Κυριακοῦ,
1589 4588 1684 4642 καὶ
1719 4586 1810 4642 τὸν
1836 4587 1932 4640 τοῦ

362 4694 602 4766 σταυροῦ
651 4692 824 4747 τύπον
880 4688 1266 4751 ἐπιϐαλόντος,
1326 4679 1447 4736 εἶτα
1498 4682 1592 4734 καὶ
1647 4677 1932 4748 ἁψαμένου

361 4790 470 4842 τῶν
505 4786 890 4857 προκειμένων
937 4780 1033 4834 καὶ
1082 4776 1304 4847 πρώτου
1365 4773 1656 4843 φαγόντος,
1696 4770 1938 4838 ἀναθαρο

364 4881 536 4951 σήσας
556 4880 651 4932 καὶ
691 4880 720 4931 6
753 4875 1022 4947 μαθητὴς,
1049 4871 1215 4932 εὐθὺς
1241 4870 1451 4940 ἥπτετο
1475 4882 1489 4897 ·
1521 4867 1619 4919 καὶ
1640 4861 1845 4934 ἔφαγόν
1877 4877 1938 4913 τε

363 4976 536 5045 ἡδέως
559 4973 662 5026 καὶ⁸
692 4971 896 5032 ίκανως
944 4965 1337 5035 ἀνεκτήσαντο.

439 5063 702 5132 Πέμπτος
729 5059 833 5128 τῆς
875 5060 934 5110 ἐν
987 5053 1066 5126 τῷ
1112 5052 1375 5122 Νατουφᾷ
1425 5049 1599 5118 τούτῳ
1659 5043 1943 5116 διατριϐῆς

370 5156 566 5227 ἠνύετο
593 5153 808 5225 χρόνοςο
840 5151 936 5204 καί
963 5164 1108 5210 τινος
1139 5147 1238 5216 μὲν
1267 5146 1380 5207 υίὸς
1395 5143 1503 5196 τῶν
1527 5143 1586 5194 ἐν
1609 5143 1677 5212 τῇ
1712 5135 1944 5191 Θεκωῶν

373 5247 614 5319 [Θεκόων
643 5243 695 5315 1]
738 5257 960 5312 πονηρῳ
991 5242 1265 5309 συνείχετο
1295 5232 1600 5304 πνεύματι*
1626 5233 1722 5284 καὶ
1751 5227 1948 5296 δυσφό-

375 5359 488 5413 ρως
521 5337 637 5410 εἶχε
668 5338 763 5392 καὶ
825 5335 1099 5407 χαλεπῶς.
1160 5334 1242 5386 Τὰ
1283 5330 1412 5400 περὶ
1444 5326 1538 5380 τοῦ
1569 5325 1716 5378 θείου
1741 5321 1798 5376 δέ
1833 5324 1948 5413 Κυ-

373 5412 568 5501 ριακοῦ
607 5425 796 5498 μαθὼν
825 5425 1037 5479 ἐκαστα
1065 5422 1094 5474 6
1123 5422 1328 5491 πατὴρ,
1372 5417 1502 5488 παρ’
1534 5417 1696 5469 αὐτόν
1733 5429 1792 5465 τε
1827 5412 1950 5501 ἄγει

373 5499 469 5574 τὸν
527 5518 715 5582 παῖδα,
775 5515 872 5568 καὶ
921 5512 1139 5584 θερμῶς
1189 5511 1382 5574 ἐδεῖτο,
1415 5506 1622 5577 ἀμῦναι
1665 5503 1744 5575 τῷ
1797 5499 1954 5555 παιδὶ⁵

371 5609 628 5684 χαλεπῶς
677 5605 1045 5678 κάμνοντι.⁹υ
1073 5604 1129 5657 δὲ
1152 5603 1248 5656 καὶ
1277 5600 1620 5670 ἀμφοτέρους
1645 5594 1955 5684 οἰκτείρας,

371 5683 466 5759 τὸν
506 5701 608 5772 μὲν
658 5699 755 5754 τοῦ
810 5699 1040 5768 πάθους,
1105 5696 1197 5751 τὸν
1234 5693 1292 5749 δὲ
1354 5693 1455 5766 τῆς
1525 5691 1617 5744 ἐπὶ
1675 5686 1753 5756 τῷ
1802 5683 1956 5740 παιδὶ

448 5861 564 5933 (14)
597 5861 737 5917 Ann.
775 5857 900 5917 529.

2091 3843 2223 3899 Post
2254 3843 2416 3913 paulo
2455 3851 2640 3897 autem
2684 3841 3063 3898 deﬁcientibus
3101 3841 3354 3913 panibus,
3390 3844 3600 3913 gravis—

2030 3939 2170 3992 sima
2229 3950 2418 3990 rursus
2476 3935 2620 3989 fame
2681 3935 3090 4004 premebantur.
3162 3933 3361 3989 Beatus
3415 3943 3599 3988 autem

2021 4028 2111 4083 ille
2143 4027 2468 4097 discipulum
2525 4027 2723 4081 iterum
2780 4043 2845 4081 ex
2900 4025 3070 4081 scillis
3122 4040 3341 4080 ccenam
3401 4040 3598 4095 parare

2021 4120 2196 4190 jubet.
2251 4118 2343 4173 llle
2387 4134 2514 4173 vero
2548 4133 2673 4172 cum
2723 4117 2902 4172 cibum
2951 4126 3202 4187 paratum
3239 4120 3601 4186 apposuisset,

2029 4227 2096 4267 eo
2140 4222 2320 4266 tamen
2356 4211 2432 4264 uti
2469 4211 2783 4265 verebatur.
2819 4209 3064 4264 Venerat
3103 4209 3247 4263 enim
3277 4213 3329 4264 ei
3371 4210 3424 4263 in
3455 4223 3610 4263 men-

2031 4313 2144 4360 tem
2196 4304 2513 4374 praecedens
2553 4303 2882 4367 amaritudo,
2913 4311 2966 4357 et
2994 4302 3452 4372 quemadmodum
3483 4316 3609 4356 cum

2035 4396 2392 4459 comedisset,
2443 4408 2554 4448 non
2609 4395 2768 4449 modo
2819 4408 2946 4458 vox,
2997 4407 3188 4448 verum
3219 4393 3383 4447 etiam
3430 4400 3610 4446 motus

2035 4504 2162 4543 eum
2196 4487 2504 4542 defecisset.
2541 4485 2800 4555 Cyriacus
2828 4494 3011 4539 autem
3043 4485 3170 4540 data
3200 4484 3609 4549 benedictione,

2034 4580 2296 4648 signoque
2322 4578 2502 4632 crucis
2527 4576 2837 4640 eﬂ‘ormato,
2870 4591 2938 4630 ex
2967 4576 3234 4644 appositis
3276 4575 3526 4644 sumpsit,
3561 4583 3616 4628 et

2037 4667 2438 4739 prior_comedit
2462 4683 2476 4732 ;
2510 4665 2833 4736 [discipulus
2860 4680 2990 4720 vero
3019 4665 3514 4734 resumpta'ﬁducia
3543 4679 3612 4719 ex

2038 4761 2160 4815 cibo
2213 4758 2483 4828 accepit,]
2519 4757 2788 4826 amboque
2834 4756 3079 4827 jucunde
3129 4757 3510 4824 comederunt,
3562 4766 3616 4812 et

2037 4852 2255 4907 abunde
2293 4850 2478 4906 refecti
2523 4858 2672 4904 sunt.
2707 4868 2720 4883 ο

2128 5029 2364 5097 Quintus
2395 5029 2505 5100 jam
2557 5028 2874 5099 explebatur
2917 5042 3096 5083 annus
3125 5027 3262 5095 (Nl,
3309 5044 3376 5085 ex
3422 5044 3530 5100 quo
3561 5030 3617 5083 in

2044 5123 2298 5193 Natupha
2338 5123 2444 5179 isto
2494 5123 2814 5177 versabatur
2860 5140 2875 5176 :
2917 5129 2975 5175 et
3031 5121 3315 5190 cujusdam
3374 5121 3519 5178 ﬁlius
3556 5136 3623 5176 ex

2049 5217 2172 5272 vico
2224 5215 2568 5271 Thecoorum
2606 5214 2842 5284 maligno
2890 5213 3084 5283 spiritu
3130 5223 3413 5282 correptus
3460 5223 3614 5267 tene-

2051 5311 2229 5376 batur,
2268 5313 2614 5382 graviterque
2647 5322 2711 5361 ac
2757 5305 2986 5360 moleste
3019 5305 3298 5376 agebatur.
3336 5303 3472 5357 Cum
3519 5318 3620 5356 au-

2053 5411 2162 5458 tem
2209 5401 2278 5456 de
2331 5399 2518 5456 divino
2571 5397 2796 5468 Cyriaco
2849 5396 3062 5466 singula
3117 5394 3398 5449 didicisset
3450 5404 3626 5461 pater,

2054 5493 2226 5549 filium
2273 5493 2341 5547 ad
2393 5506 2517 5545 eum
2571 5490 2812 5553 adducit,
2851 5489 3314 5554 vehementerque
3367 5491 3520 5556 rogat
3570 5491 3632 5536 ut

2054 5586 2196 5642 male
2236 5582 2500 5640 laboranti
2537 5581 2646 5636 ﬁlio
2697 5595 2856 5650 opem
2891 5579 3049 5634 ferat.
3081 5577 3174 5632 llle
3207 5589 3386 5632 autem
3431 5574 3631 5628 utrius-

2057 5693 2164 5751 que
2211 5677 2491 5741 misertus,
2546 5671 2709 5744 hujus
2751 5669 2992 5741 quidem,
3029 5667 3228 5737 morbi,
3277 5666 3424 5722 illius
3480 5677 3634 5730 vero,
