4060 6476
450 460 551 528 931

1694 453 1979 516 MENSIS
2016 454 2485 518 SEPTEMBER.

3599 442 3711 506 932

451 579 678 647 doloris,
718 588 774 635 et
834 571 1245 633 in'consolabilis
1294 586 1461 643 super
1511 568 1622 626 filio
1668 570 2026 643 aegritudinis,

2145 572 2307 643 ιύπης
2335 573 2429 627 καὶ
2466 570 2565 639 τῆς
2598 565 2993 639 ἂπσρακλήτου
3028 561 3343 635 βαρυθμίας
3369 561 3506 630 (15),
3537 560 3713 633 εὐχήν

452 685 647 741 preces
684 684 783 740 pro
829 666 1241 723 adolescentulo
1281 663 1524 727 adhibet,
1573 663 1863 733 crucisquc
1917 677 2028 715 un-

455 769 603 815 ctum
631 759 752 815 oleo
794 772 980 813 amara
1012 756 1103 812 illa
1165 756 1361 811 liberat
1398 755 1634 810 insania.

525 957 661 1015 Cum
694 957 858 1029 igitur
894 970 994 1026 per
1027 953 1230 1009 multos
1257 953 1369 1024 jam
1413 948 1748 1022 pervasisset
1794 946 2030 1002 miracu~

455 1050 589 1115 lum,
637 1045 1051 1103 innumerabilis
1092 1045 1160 1100 ad
1198 1041 1677 1109 eumpuni‘luebat
1714 1039 2031 1107 multitudo,

457 1142 696 1212 quietem
728 1139 846 1207 ejus
876 1148 932 1195 et
966 1138 1268 1191 orationem
1300 1137 1786 1206 interrumpentes.

531 1230 659 1286 Hrec
715 1232 894 1284 vitans
940 1228 1241 1299 praeclarus
1287 1226 1573 1297 Cyriacus,
1619 1224 1675 1277 in
1713 1222 2031 1279 interiorem

458 1320 632 1377 Buba:
672 1318 1025 1375 solitudinem
1073 1317 1269 1370 transit
1313 1316 1454 1387 (l6).
1502 1313 1570 1367 Et
1600 1313 1843 1383 quinque
1878 1313 1935 1366 in
1971 1326 2036 1367 ea

462 1413 771 1483 transigens
810 1425 1005 1475 annos,
1045 1410 1258 1464 radices
1306 1406 1719 1476 melagriorum,
1769 1415 1827 1461 et
1867 1420 2035 1460 arun-

460 1505 651 1560 dinum
686 1516 931 1556 summos
964 1515 1147 1555 ramos
1179 1501 1232 1553 in
1262 1499 1417 1554 cibos
1456 1498 1779 1553 admittebat
1812 1515 1829 1554 ι
1864 1513 2037 1568 eaque

462 1596 703 1664 amplum
738 1594 812 1647 illi
853 1601 1010 1647 erant
1055 1591 1368 1662 opsonium,
1400 1590 1538 1644 nihil
1567 1590 1745 1659 quoad
1792 1590 2039 1661 volupta-

466 1697 573 1741 tem
618 1687 853 1741 divitum
885 1697 1090 1739 mensae
1125 1683 1348 1737 cedens.

532 1861 642 1918 Sed
695 1862 1004 1917 divinorum
1058 1859 1266 1933 Cyriaci
1322 1858 1719 1914 charismatum
1774 1858 2035 1924 efilcacia,

463 1955 609 2010 hanc
655 1969 873 2025 quoque
919 1938 1292 2015 solitudinem,
1344 1951 1751 2007 advenientium
1796 1952 2040 2005 multitu-

463 2046 619 2109 dine.
674 2045 954 2099 civitatem
1002 2044 1290 2097 etliciebat.
1339 2042 1536 2098 Omnes
1584 2044 1728 2096 enim
1777 2058 1917 2113 quos
1955 2044 2041 2098 vel

463 2138 642 2192 malus
673 2137 906 2192 vexabat
934 2135 1184 2205 spiritus,
1209 2134 1292 2188 vel
1318 2134 1459 2187 alius
1485 2134 1768 2203 premebat
1790 2136 2042 2201 morbus,

467 2224 720 2298 p’ronpto
764 2237 821 2282 et
850 2226 1016 2280 alacri
1064 2226 1269 2291 animo,
1320 2226 1387 2278 ad
1437 2226 1612 2279 virum
1656 2236 1929 2294 tamquam
1975 2229 2043 2280 ad

468 2320 805 2387 expleta-tam
840 2316 1182 2371 sanationem
1229 2317 1594 2370 accurrehant
1628 2331 1644 2369 :
1675 2325 1732 2371 et
1760 2330 1926 2371 nemo
1977 2315 2043 2370 il-

472 2411 585 2464 linc
651 2412 1030 2464 revertebatur
1099 2423 1323 2463 vacuus.
1399 2408 1599 2464 Verum
1662 2409 2044 2464 accedentium

468 2503 875 2557 multitudinem
927 2501 1125 2556 iterum
1177 2509 1445 2571 pertaesus
1490 2502 1710 2557 divinus
1760 2503 2042 2575 Cyriacus,

469 2598 525 2651 in
555 2612 674 2650 eam
707 2611 766 2650 se
801 2594 1015 2649 confert
1045 2596 1355 2650 solitudinis
1386 2603 1622 2666 partem,
1659 2595 1715 2649 in
1762 2610 1869 2666 qua
1914 2612 2046 2651 ana-

468 2691 818 2742 choretarum
874 2688 1058 2742 nullus
1111 2703 1292 2757 neque
1340 2695 1638 2751 manserat,
1676 2702 1854 2758 neque
1904 2704 2047 2759 per-

473 2780 762 2832 transierat
789 2777 1107 2847 aliquando.
1137 2775 1533 2831 Nominahatur
1556 2777 1710 2830 locus
1743 2776 1813 2830 ab
1844 2777 2046 2833 accolis

472 2870 718 2925 Susacim
744 2871 790 2940 (Ι
807 2869 881 2938 7);
907 2868 965 2922 in
987 2883 1096 2938 quo
1120 2877 1178 2922 et
1214 2868 1374 2923 Suca
1399 2877 1454 2922 et
1482 2866 1645 2923 Nova:
1669 2866 1859 2924 Laurat
1887 2869 2047 2924 ambo

469 2961 642 3025 ﬂuvii,
691 2976 884 3016 eorum
938 2975 1076 3029 quos
1127 2960 1382 3015 novimus
1435 2960 1658 3014 maximi
1705 2968 1763 3013 et
1820 2959 2049 3031 profun-

470 3051 709 3118 dissimi,
758 3053 1169 3122 conjungunlur
1213 3062 1269 3107 et
1294 3050 1599 3110 conﬂuunt.
1632 3049 1905 3105 Feruntur
1946 3066 2049 3106 au-

472 3154 582 3200 tem
614 3144 653 3199 ii
684 3159 807 3199 esse
835 3144 903 3200 de
933 3144 1130 3214 quibus
1158 3143 1375 3200 Christo
1405 3144 1613 3199 dictum
1642 3152 1726 3198 est
1746 3157 1777 3197 a
1810 3143 2044 3198 Davide:

2129 681 2190 717 τε
2248 663 2326 735 τῷ
2376 660 2642 731 νεανίσκῳ
2689 657 2958 726 ἐπιλέγει,
3010 657 3108 710 καὶ
3177 652 3257 726 τῷ
3289 652 3433 728 [τοῦ]
3461 651 3710 722 σταυροῦ

2132 755 2327 826 χρίσας
2388 751 2578 822 ἐλαίῳ,
2610 751 2708 821 τῆς
2740 750 2948 821 πικρᾶς
2994 745 3214 817 ἐκείνης
3238 744 3571 800 ἀπαλλάττει
3602 760 3717 813 μα-

2132 848 2272 909 νίας.

2205 937 2313 991 Τοῦ
2369 936 2655 1007 θαύματος
2711 934 2892 988 τοίνυν
2918 934 2998 996 είς
3036 931 3267 995 πολλοὺς
3289 932 3392 1003 ἤδη
3419 932 3717 1002 διαῳοιτή-

2135 1046 2349 1094 σαντος,
2397 1029 2593 1098 μυρίον
2637 1027 2769 1098 παρ’
2799 1026 2962 1081 αὐτὸν
3012 1023 3218 1096 πλῆθος
3268 1027 3580 1097 συνέρρεον,
3610 1026 3718 1098 τὴν

2135 1123 2364 1194 ἡσυχίαν
2387 1120 2534 1188 αὐτῷ
2558 1119 2651 1173 καὶ
2672 1121 2772 1191 τὴν
2817 1119 3124 1189 προσευχὴν
3150 1118 3564 1180 ἐπικύπτοντες.

2206 1215 2395 1271 Ταῦτα
2440 1216 2468 1269 ὁ
2503 1217 2753 1282 γενναῖος
2814 1211 3098 1282 Κυριακδς
3149 1209 3418 1264 ἐκκλίνων
3461 1211 3554 1264 ἐπὶ
3616 1209 3722 1280 τὴν

2136 1306 2400 1378 ἐνδοτέρω
2431 1305 2738 1380 [ἐνδοτέραν
2771 1302 2823 1377 Ι]
2852 1303 3160 1358 τοῦῬουϐἇ
3190 1303 3396 1374 ἔρημον
3423 1302 3719 1356 διαϐαίνει.

2138 1401 2248 1454 Καὶ
2282 1401 2445 1454 πέντε
2499 1398 2632 1470 παρ’
2681 1398 2823 1468 αὐτῇ
2859 1398 3141 1466 διαγαγὼν
3173 1395 3295 1464 ἐτη,
3327 1394 3485 1465 ῥίζας
3517 1411 3576 1446 τε
3612 1410 3722 1463 με·

2138 1492 2381 1563 λαγρίων
2446 1492 2542 1544 καὶ
2588 1491 2905 1563 ἀκρέμονας
2964 1488 3299 1561 [ἀκρεμόνας
3341 1485 3401 1559 2]
3452 1486 3722 1556 καλάμων

2140 1584 2429 1655 προσίετο*
2496 1582 2591 1637 καὶ
2649 1583 2826 1637 ταῦτα
2877 1580 3006 1651 ὄψον
3030 1597 3089 1633 τε
3124 1580 3311 1632 ἱκανὸν
3339 1577 3491 1649 αὐτῷ
3546 1574 3722 1649 ἦσαν,

2141 1681 2238 1731 καὶ
2295 1677 2447 1731 οὐδὲν
2508 1676 2588 1738 είς
2635 1675 2833 1748 ἡδονὴν
2879 1674 2977 1745 τῆς
2998 1672 3109 1727 τῶν
3135 1671 3406 1726 πλουσίων
3435 1670 3726 1743 τραπέζης

2140 1769 2603 1839 ἀπολειπόμενον.

2224 1859 2368 1914 Ἀλλ’
2396 1858 2561 1930 ἡτῶν
2590 1859 2949 1931 χαρισμάτων
2980 1858 3075 1912 τοῦ
3108 1856 3394 1930 Κυριακοῦ
3416 1856 3526 1910 τῶν
3556 1854 3727 1909 θείων

2143 1954 2414 2026 ἐνέργεια,
2451 1953 2607 2007 πόλιν
2652 1953 2746 2006 καὶ
2783 1951 2883 2022 τὴν
2911 1951 3121 2022 ἔρημον
3160 1949 3364 2020 ταύτην
3385 1948 3466 2019 τῷ
3518 1935 3727 2017 πλήθει

2141 2046 2251 2099 τῶν
2277 2044 2694 2115 ἐπιδημούντων
2721 2045 2915 2100 ἐποίει.
2950 2045 3059 2097 Καὶ
3086 2044 3282 2105 πάντες
3305 2039 3386 2105 οἷς
3408 2041 3517 2094 εἴτε
3549 2058 3729 2112 πονη-

2148 2139 2239 2209 ρὸν
2270 2137 2513 2208 ἐνοχλοίη
2564 2137 2805 2207 πνεῦμα,
2840 2136 2948 2190 εἴτε
2970 2135 3124 2199 νόσος
3161 2134 3323 2205 ἑτέρα
3345 2132 3545 2199 πιέζοι,
3582 2124 3729 2202 πρόέ

2146 2230 2312 2301 Θυμοι
2348 2228 2486 2299 πρὸς
2507 2229 2598 2282 τὸν
2628 2227 2798 2297 ἄνδρα
2827 2226 3016 2296 ὥσπερ
3051 2226 3118 2280 ἂν
3164 2226 3249 2287 είς
3274 2223 3731 2293 ὁμολογουμένην

2146 2323 2293 2378 ἴασιν
2350 2323 2594 2396 ἔτρεχον*
2628 2322 2725 2374 xal
2752 2319 2903 2382 κενὸς
2931 2319 3142 2371 ἐκεῖθεν
3172 2316 3346 2380 οὐδεὶς
3380 2315 3726 2387 ἐπανῄεσαν.

2143 2416 2527 2486 Δυσχεραίνων
2579 2412 2637 2466 δὲ
2690 2411 2768 2481 τῷ
2824 2410 3022 2483 πλήθει
3066 2409 3177 2463 τῶν
3222 2409 3564 2480 προσιόντων
3624 2407 3731 2462 καὶ

2146 2507 2304 2572 αὖθις
2349 2508 2378 2560 ό
2436 2505 2579 2568 θεῖος
2632 2502 2936 2573 Κυριακδς,
2992 2501 3073 2564 είς
3128 2499 3288 2553 τοῦτο
3344 2498 3447 2567 τῆς
3507 2499 3727 2569 ἐρήμου

2147 2601 2328 2672 φοιτᾷ,
2359 2600 2418 2653 ἐν
2457 2592 2502 2667 ᾧ
2533 2598 2640 2651 τῶν
2686 2593 3058 2666 ἀναχωρητῶν
3102 2592 3224 2646 οὐδὲ
3254 2585 3334 2653 εἷς
3363 2589 3486 2643 οὔτε
3534 2590 3731 2659 μείνας

2145 2689 2236 2765 ἦν,
2272 2692 2397 2746 οὒτε
2426 2690 2650 2745 διελθὼν
2682 2687 2926 2741 πώποτε·
2956 2686 2985 2740 ὁ
3015 2685 3181 2747 τόπος
3213 2685 3269 2737 δέ
3295 2684 3403 2754 ἄρα
3437 2683 3732 2753 Σουσακὶμ

2149 2784 2486 2857 [Σουσακεὶμ
2541 2779 2596 2851 2]
2638 2784 2750 2842 τοῖς
2804 2777 3094 2849 ἐγχωρίοις
3149 2774 3465 2845 ὡνόμαστο.
3520 2776 3633 2828 Καὶ
3667 2775 3732 2825 ἐν

2149 2875 2326 2947 αύτῷ,
2354 2875 2383 2928 ὃ
2413 2891 2474 2927 τε
2531 2872 2635 2942 τῆς
2669 2871 2797 2933 νέας
2851 2869 3059 2940 λαύρας
3084 2868 3179 2920 καὶ
3208 2867 3236 2918 ὁ
3285 2867 3385 2937 τῆς
3418 2865 3514 2919 τοῦ
3544 2866 3733 2918 Σουκᾶ

2148 2967 2198 3020 oi
2223 2964 2461 3033 ποταμοὶ
2503 2962 2672 3033 ἄμφω
2700 2978 2761 3014 συ
2773 2959 3089 3031 μϐἀλλουσι,
3125 2956 3421 3028 βαθύτατοι
3459 2949 3534 3010 ὧν
3565 2955 3734 3024 ἴσμεν

2149 3062 2244 3116 καὶ
2278 3060 2532 3130 μέγιστοι
2589 3056 2831 3128 ῥέοντες.
2894 3051 3002 3106 Καὶ
3033 3051 3261 3113 τούτους
3294 3045 3459 3114 εἶναι,
3490 3049 3622 3120 περὶ
3653 3042 3734 3102 ὧν

2152 3153 2291 3223 πρὸς
2341 3151 2433 3204 τὸν
2484 3146 2725 3219 Χριστὸν
2780 3146 2998 3216 εἴρηται
3025 3143 3103 3214 τῷ
3125 3141 3313 3206 Δαυῖδ,
3350 3142 3423 3194 Σὺ
3451 3141 3730 3213 ἐξήρανας

474 3235 516 3292 T
520 3252 554 3291 ιι
598 3237 811 3290 siccaut'
859 3237 1048 3307 ﬂuvios
1080 3234 1297 3290 Etlwm.
1333 3234 1441 3289 Sed
1470 3237 1631 3305 plane
1659 3234 1863 3289 inviam
1904 3236 2045 3289 hanc

2151 3241 2433 3313 ποταμοὺς
2488 3238 2694 3309 Ἢθὰμ.
2749 3236 2992 3305 λέγεται.
3065 3234 3206 3288 Ἀλλ’
3265 3233 3467 3303 εὐχερῆ
3509 3231 3734 3295 πάντως

473 3330 827 3386 solitudinem
874 3331 1025 3386 aditu
1066 3330 1295 3384 omnino
1327 3328 1543 3383 facilem
1576 3328 1892 3383 hominibus
1922 3328 2047 3383 red-

472 3420 637 3477 debat
680 3436 842 3491 quam
895 3421 952 3474 in
1005 3434 1129 3475 eum
1184 3419 1462 3473 habebant
1515 3417 1673 3480 fides,
1716 3432 1815 3472 seu
1866 3419 2073 3489 potius-

472 3513 787 3567 divinarum
841 3511 993 3566 illius
1048 3511 1344 3582 gratiarum
1395 3507 1587 3578 copia;
1624 3523 1748 3578 qua:
1779 3519 1835 3562 et
1882 3509 2045 3563 fidem

472 3602 776 3658 ferventius
824 3603 1123 3667 excitabat,
1167 3609 1222 3654 et
1250 3598 1308 3654 in
1359 3598 1691 3654 desiderium
1727 3599 1846 3668 pias
1890 3598 2049 3653 indu-

471 3698 632 3753 cebat
677 3696 912 3750 animas.
966 3694 1105 3748 Cum
1157 3691 1306 3747 enim
1363 3687 1633 3761 Cyriacus’
1676 3700 1886 3760 septem
1937 3690 2050 3748 illic

473 3802 648 3843 annos
690 3786 1067 3856 transegisset,
1118 3784 1376 3854 (quando
1422 3798 1546 3853 quae
1595 3783 1882 3853 ingruebat
1932 3780 2050 3855 [pe-

471 3881 594 3954 stisj
645 3880 824 3935 omnia
867 3876 1220 3933 circumcirca
1273 3876 1564 3948 afﬂigebat,
1617 3877 1928 3945 multosque
1981 3874 2049 3928 de

473 3976 657 4028 medio
722 3974 914 4028 tollere
970 3986 1084 4026 non
1148 3956 1578 4038 intermittebat)
1642 3969 1900 4024 timentes
1954 3967 2050 4037 qui

472 4081 635 4122 erant
677 4066 867 4121 Laurre
915 4065 1092 4129 Sacae,
1156 4064 1212 4118 in
1263 4064 1465 4117 inviam
1504 4059 1650 4117 banc
1699 4061 2050 4116 solitudinem

471 4155 803 4220 ascendunt,
855 4164 1151 4225 regamque
1201 4163 1258 4208 et
1285 4153 1580 4207 obsecrant
1627 4152 1942 4223 Cyriacum,
1990 4160 2051 4206 ut

476 4244 673 4296 iterant
707 4244 773 4298 ad
810 4243 1044 4299 Lauram
1093 4253 1436 4309 revertatur;
1487 4258 1597 4313 quo
1623 4243 1816 4298 saltem
1867 4242 2051 4299 efﬁca-

478 4333 760 4388 cissimum
821 4335 1083 4389 adversus
1126 4332 1386 4406 [pestem]
1429 4334 1735 4390 remedium
1786 4335 2047 4404 habeant,

474 4424 620 4477 illius
656 4426 978 4481 adventum.

546 4517 672 4572 Illos
702 4519 884 4588 itaque
913 4519 1167 4575 miserata
1210 4519 1352 4575 bona
1381 4520 1470 4575 illa
1497 4529 1554 4576 et
1581 4520 1826 4576 clemens
1864 4520 2047 4575 anima

2148 3336 2457 3409 ἀνθρώποις
2480 3334 2572 3388 καὶ
2605 3332 2797 3404 ῥᾳδίαν
2837 3331 2934 3386 καὶ
2954 3332 3055 3403 τὴν
3078 3330 3282 3385 ἄϐατον
3313 3329 3486 3400 δήπου
3515 3328 3732 3396 ταύτην

2148 3430 2377 3502 ἔρημον,
2407 3430 2440 3500 ἡ
2472 3430 2602 3500 περὶ
2627 3433 2718 3483 τὸν
2761 3425 3153 3497 ἄνδραθπίστις
3181 3423 3356 3478 ἐποίει
3387 3436 3402 3453 ⁸
3436 3422 3642 3492 μᾶλλον
3674 3421 3733 3474 δέ

2147 3527 2182 3596 ἡ
2213 3524 2322 3578 τῶν
2387 3524 2601 3577 ἐκείνου
2645 3521 2807 3574 θείων
2850 3520 3095 3591 χαρίτων
3146 3515 3413 3586 ἀφθονία’
3451 3517 3574 3588 ἥτις
3633 3517 3734 3569 καὶ

2146 3617 2247 3687 τὴν
2301 3615 2486 3669 πίστιν
2544 3614 2877 3684 θερμότερον
2934 3609 3197 3676 ἀνεκίνει,
3237 3611 3331 3663 καὶ
3352 3608 3453 3672 τὰς
3479 3607 3733 3672 εὐσεϐεῖς

2147 3707 2327 3778 ψυχὰς
2353 3707 2433 3771 είς
2463 3704 2630 3758 πόθον
2696 3704 2958 3774 ἐπήγετο.
2997 3702 3172 3754 Ἑπτὰ
3200 3700 3309 3771 γὰρ
3344 3698 3579 3754 ἐνταῦθα
3629 3698 3733 3768 ἔτη

2148 3798 2242 3854 τοῦ
2275 3796 2562 3869 Κυριακοῦ
2591 3795 2965 3865 διαγαγόντος,
3000 3791 3186 3863 ἐπειδὴ
3210 3791 3397 3861 λοιμὸς
3413 3794 3733 3864 ἐπισκήψας

2149 3890 2270 3944 τότε
2325 3888 2512 3948 κακῶς
2535 3889 2607 3940 τὰ
2662 3884 2827 3957 πέριξ
2882 3885 3067 3938 πάντα
3108 3883 3308 3945 ἐποίει,
3348 3884 3445 3936 καὶ
3499 3883 3735 3947 πολλοὺς

2148 3976 2391 4045 ἀναιρῶν
2433 3974 2535 4028 οὐκ
2584 3975 2726 4028 ἀνίει
2783 3972 2961 4044 [ἀνῄει
2996 3971 3076 4044 2],
3133 3972 3409 4035 δείσαντες
3432 3973 3481 4026 οἱ
3506 3973 3607 4043 τῆς
3633 3973 3729 4026 τοῦ

2151 4068 2333 4122 Σουκᾶ
2372 4065 2604 4137 λαύρας,
2643 4064 2985 4120 ἐπιϐαίνουσι
3018 4067 3113 4118 καὶ
3145 4064 3248 4132 τῆς
3278 4064 3484 4118 ἀϐάτου
3517 4066 3730 4137 ταύτης

2150 4160 2395 4231 ἐρήμου·
2454 4157 2552 4211 καὶ
2601 4157 2813 4211 δέονται
2873 4155 2970 4209 τοῦ
3028 4155 3340 4228 Κυριακοῦ,
3399 4158 3495 4212 καὶ
3539 4158 3735 4212 τοῦτον

2150 4248 2534 4321 ἐκλιπαροῦσι,
2566 4251 2633 4319 τῇ
2661 4247 2840 4319 λαύρα
2874 4248 2972 4302 καὶ
3003 4245 3162 4311 αὖθις
3185 4247 3556 4318 ἐπιδημῆσαι⁸
3580 4248 3737 4313 ὅπως

2148 4340 2309 4396 τοῦτό
2328 4340 2379 4411 γ’
2405 4334 2500 4394 οὖν
2537 4338 2716 4413 [γοῦν]
2764 4339 3181 4411 ἀνυσιμώτατον
3217 4342 3361 4395 κατὰ
3385 4340 3482 4394 τοῦ
3530 4341 3735 4413 λοιμοῦ

2150 4436 2443 4506 φάρμακον
2513 4432 2831 4505 Exstat),qu
2858 4434 3070 4487 ἐκείνου
3121 4434 3445 4506 ἐπιδημίαν.

2225 4527 2416 4580 Ἐλεον
2442 4525 2624 4579 τοίνυν
2652 4525 2832 4580 αὐτῶν
2868 4524 3076 4597 [αὑτὸν]
3114 4527 3148 4596 ἡ
3181 4526 3366 4598 ἀγαθὴ
3407 4529 3500 4582 καὶ
3533 4529 3730 4597 φιλᾶν-

474 4608 671 4663 iterum
709 4612 763 4664 in
801 4607 1034 4664 Lauram
1068 4612 1349 4667 descendit
1370 4612 1505 4684 (18).
1527 4610 1773 4683 Cumque
1803 4613 1872 4669 ad
1905 4613 2047 4669 beati

2153 4617 2372 4689 θρωπος
2427 4617 2612 4688 ἐκείνη
2662 4615 2906 4670 λαϐοῦσα
2968 4616 3114 4687 ψυχὴ
3162 4616 3379 4671 κάτεισί
3411 4636 3472 4671 τε
3512 4621 3599 4684 εἰς
3631 4621 3739 4692 τὴν

476 4701 790 4757 Charitonis
854 4702 1109 4758 cellulam
1174 4704 1428 4773 quintum
1489 4706 1762 4775 exegisset
1816 4720 2044 4771 annum,

475 4794 854 4849 strenuissime
886 4808 982 4848 eos
1009 4794 1101 4864 qui
1146 4809 1272 4850 cum
1328 4795 1564 4865 Origene
1592 4796 1923 4863 sentiebant,
1952 4812 2050 4853 ex-

477 4887 772 4955 pugnabat.
825 4885 979 4941 Tunc
1028 4881 1245 4958 quoque
1276 4888 1615 4944 admirabilis
1665 4889 1920 4959 Cyrillus,
1951 4890 2047 4960 qui

475 4990 505 5028 a
550 4976 731 5046 magni
766 4975 1043 5046 Euthymii
1088 4977 1156 5030 ad
1204 4977 1348 5031 beati
1393 4977 1550 5031 Sahae
1583 4976 1816 5030 Lauram
1860 4991 2046 5032 acces-

475 5077 644 5130 serat,
674 5078 735 5121 ut
769 5066 1036 5122 Joannem
1074 5068 1448 5124 Silentiarium
1472 5069 1787 5140 episcopum
1814 5068 2047 5138 videret,

475 5155 540 5209 fit
562 5158 612 5210 ei
636 5158 887 5214 minister
908 5161 1212 5216 litterarum
1233 5163 1300 5217 ad
1327 5162 1545 5216 beatum
1567 5160 1715 5216 hunc
1741 5162 2046 5233 Cyriacum.
2112 5170 2125 5195 κ

475 5247 700 5303 Litterae
746 5260 928 5307 autem
959 5252 1164 5308 bellum
1194 5254 1457 5309 adversus
1488 5264 1735 5308 sanctam
1769 5254 2048 5307 civitatem

474 5346 796 5398 suscitatam
837 5344 1242 5415 significabant,
1278 5360 1514 5415 eumque
1562 5346 1946 5411 obsecrabant,
1992 5354 2051 5400 ut

478 5432 650 5488 Deum
706 5436 1008 5504 impensius
1058 5448 1263 5502 oraret,
1322 5447 1383 5492 ut
1416 5439 1509 5508 qui
1563 5439 1620 5492 in
1675 5437 1824 5492 Nova
1876 5438 2050 5493 Laura

475 5537 599 5578 cum
651 5525 850 5580 Nonno
899 5538 954 5581 et
985 5527 1213 5583 Leontio
1252 5544 1319 5583 ex
1355 5530 1610 5602 Origcnis
1652 5530 1922 5599 dOgmatis
1956 5545 2047 5587 so-

548 5728 660 5797 (15)
687 5727 819 5796 Lege
854 5726 1220 5799 βαρυθυμίας,
1253 5728 1608 5799 παραμυθίας
1640 5727 1799 5783 male.

551 5802 661 5865 ιιι»)
692 5808 848 5865 anno
884 5798 1010 5851 529.

548 5867 658 5930 υἷι
697 5864 854 5919 Velut
887 5871 940 5919 in
990 5867 1236 5922 Susacitn
1285 5882 1417 5923 ann.
1465 5868 1590 5935 534,
1647 5868 1735 5923 ubi
1801 5880 1985 5926 manet
2016 5870 2045 5924 7

2149 4710 2359 4782 λαύραν
2389 4708 2587 4764 πάλινο
2635 4708 2889 4779 καὶπρὸς
2918 4709 2996 4780 τῷ
3020 4708 3116 4762 τοῦ
3150 4711 3429 4780 μακαρίου
3470 4711 3737 4782 Χαρίτωσ

2147 4817 2240 4863 νος
2267 4798 2466 4870 κελλίῳ
2489 4797 2742 4869 πέμπτον
2754 4798 3359 4868 διατελέσαςένιαυτδν,
3375 4800 3740 4871 ἀνδρειότατα

2148 4893 2276 4957 τοὺς
2311 4891 2716 4965 τὰὮριγένους
2744 4892 3084 4963 φρονοῦντας
3121 4891 3559 4963 κατηγωνίξετο.
3593 4895 3736 4948 Τότε

2153 4984 2253 5056 μὲν
2281 4983 2345 5055 δὴ
2375 4986 2469 5039 καὶ
2494 4985 2522 5037 ὁ
2544 4983 2850 5054 θαυμάσιος
2911 4983 3206 5054 Κύριλ).ος,
3240 4986 3349 5037 ἀπὸ
3374 4983 3476 5053 τῆς
3501 4983 3601 5037 τοῦ
3632 5003 3736 5054 με-

2149 5078 2317 5148 γάλου
2360 5076 2639 5147 Εὐθυμίου
2685 5074 2912 5146 λαύρας.
2980 5078 3047 5148 τῇ
3094 5074 3188 5130 τοῦ
3243 5077 3525 5147 μακαρίου
3580 5077 3728 5129 Σάϐα

2152 5169 2365 5243 [Σάϐϐα
2386 5180 2436 5224 cI
2467 5172 2543 5224 ita
2564 5167 2832 5241 deinceps]
2893 5168 3249 5241 παραλαϐὼν,
3283 5170 3370 5239 ἐφ’
3395 5164 3440 5238 ᾧ
3476 5170 3569 5223 τὸν
3595 5170 3723 5238 ἡσυ-

2149 5262 2356 5333 χαστὴν
2404 5261 2707 5316 ἐπίσκοπον
2753 5261 3013 5330 Ἰωάννην
3077 5262 3198 5327 ἴδοι,
3250 5261 3533 5331 ὑπηρέτης
3584 5259 3735 5330 αὐτῷ

2151 5351 2499 5423 γραμμάτων
2548 5350 2688 5421 πρὸς
2724 5349 2818 5403 τὸν
2878 5351 3149 5420 μακάριον
3195 5349 3386 5404 τοῦτον
3447 5350 3742 5421 κυριακὸν

2152 5444 2384 5513 γίνεται.
2434 5443 2517 5496 Τὰ
2558 5441 2614 5495 δέ
2649 5442 2958 5513 γράμματα
3004 5442 3097 5495 τόν
3142 5432 3202 5495 τε
3238 5441 3380 5495 κατὰ
3409 5441 3512 5511 τὴν
3562 5442 3744 5508 ἁγίαν

2152 5535 2308 5589 πόλιν
2329 5535 2801 5607 ἁναρῤιπισθέντα
2827 5533 3018 5589 ἐδίλου
3063 5534 3324 5607 πόλεμον,
3354 5535 3447 5587 καὶ
3477 5534 3738 5590 ίκέτευον

2153 5747 2348 5787 annos.

2225 5804 2335 5875 (18)
2372 5804 2532 5857 Anno
2556 5799 2683 5857 διε.
