4060 6436
394 450 502 522 9'53

1707 428 1886 489 Vl'l'A
1929 428 1988 488 Ξ..
2031 421 2354 484 CYRIACL

3551 410 3658 473 93$

396 569 562 628 αὑτὸν
588 561 975 632 ἐκτενέστερον
993 553 1090 610 τοῦ
1121 547 1256 607 Θεοῦ
1279 545 1560 616 δεηθῆναι,
1587 539 1730 595 ὥστε
1750 537 1882 598 τοὺς
1915 533 1975 586 ὲν

2104 529 2334 584 :ietatem
2369 527 2635 592 coierant,
2683 535 2738 583 et
2779 529 3040 582 adversus
3085 525 3447 582 orthodoxam
3493 526 3654 582 [idem

495 660 593 732 νέᾳ
623 655 806 726 λαύρα
843 624 985 721 μετά
1021 645 1224 702 Νόννου
1275 637 1474 714 [Νόνου
1506 631 1564 705 2]
1591 632 1687 734 καῖ
1720 624 1974 683 Λεοντίου

397 719 498 826 την
529 719 596 804 ὲκ
623 719 746 800 τῶν·
769 719 1078 814 ’λὶριγένους
1106 732 1397 802 δογμάτων
1425 719 1744 796 συμμαχίαν
1795 730 1977 787 παρα-

2081 621 2286 675 bellum
2331 625 2704 691 sumpserant,
2753 619 3126 684 vincerentur,
3153 629 3209 673 et
3240 617 3467 672 multam
3511 618 3660 673 illam

2083 714 2420 782 deponerem
2447 713 2832 783 arrogantiam.

398 803 690 907 λάϐόντας,
717 803 994 891 καῖ’κατὰ
1045 829 1147 898 τῆς
1179 818 1465 897 ὀρθοδόξου
1519 806 2032 886 στρατευσαμένους
2069 804 2329 872 πίστεως,
2376 806 2701 877 ἡττηθῆναι,
2739 807 2835 858 καὶ
2883 804 2984 874 τὴν
3030 805 3235 878 πολλὴν
3276 803 3492 874 ἐκείνην
3525 803 3657 857 ἀλα-

399 935 617 1007 ζονείαν
648 929 965 985 ἀποϐαλεῖν.

483 1034 543 1087 Ὅ
575 1027 843 1097 Κύριλλος
872 1021 969 1092 μὲν
993 1011 1086 1073 οὖν
1115 1017 1194 1079 εἰς
1240 1012 1334 1067 τὸν
1367 1005 1579 1062 Σουκᾶν
1620 998 1977 1070 ἀφικόμενος,

401 1128 497 1182 καὶ
532 1092 769 1188 Ζωσῖμῳ
793 1115 889 1168 καὶ
927 1111 1151 1180 Ἰωάννῃ
1205 1101 1446 1172 πρώτοις
1473 1096 1684 1151 ἐκείνου
1723 1092 1838 1152 τοῖς
1872 1103 1981 1156 μα-

404 1218 595 1290 Θηταῖς
654 1181 919 1275 ἐντυχὼν,
959 1201 1081 1256 εἶτα
1121 1199 1212 1253 καὶ
1235 1196 1311 1258 ὡς
1339 1193 1431 1247 τδν
1463 1191 1639 1260 μέγαν
1669 1186 1765 1239 σὺν
1797 1181 1982 1242 αὐτοῖς

405 1278 686 1378 κυριακὸν
720 1301 940 1357 άπεισιν
961 1311 974 1325 ·
1023 1289 1324 1364 ἐγχειρίζει
1358 1301 1417 1339 τε
1448 1280 1600 1352 αύτῷ
1630 1279 1730 1348 τὴν
1756 1278 1981 1328 ὲπιστο·

402 1363 528 1472 λὴν,
557 1399 654 1452 καὶ
687 1396 786 1448 ὅσα
811 1391 972 1445 πάλιν
1005 1363 1112 1442 ἀπό
1144 1379 1392 1452 γλώττης
1426 1374 1574 1441 αὐτῷ
1605 1371 1814 1441 εἴρητο,
1845 1363 1986 1428 διέξ-

407 1457 525 1547 ειιςι⁷
557 1490 754 1544 πάντα.
792 1483 851 1537 '0
896 1482 954 1534 δὲ
988 1476 1193 1548 θερμόν
1241 1489 1295 1526 τι
1359 1469 1454 1524 καὶ⁸
1487 1463 1600 1521 οἷον
1624 1463 1731 1517 ἀπὸ
1761 1457 1989 1528 καρδίας

409 1581 802 1648 ἐπιδακρύσας,
840 1575 993 1638 Εἰπὲ,
1031 1573 1185 1641 φησὶ,
1217 1566 1295 1624 τῶ
1328 1556 1712 1618 άποστείλαντί
1744 1571 1804 1608 σε
1835 1569 1850 1585 ·
1899 1549 1992 1622 Μὴ

408 1644 711 1747 ἀνιώμεθα,
765 1673 944 1738 Πάτερ
965 1683 978 1697 ·
1011 1661 1256 1735 ὀψόμεθα
1287 1659 1396 1730 γὰρ
1429 1657 1625 1710 θᾶττον
1649 1651 1852 1705 Νόννον
1888 1644 1990 1716 μὲν

409 1773 507 1827 καὶ
541 1768 813 1829 Λεόντιον,
836 1765 936 1832 τὴν
963 1758 1109 1828 ζωὴν
1138 1753 1448 1810 ἀθλιώτατα
1473 1743 1982 1815 καταστρέψαντας·

408 1863 535 1926 τοὺς
549 1863 605 1916 δὲ
623 1855 1096 1928 ὲπιχωριάσαντας
1111 1851 1177 1919 τῇ
1203 1844 1382 1914 λαύρα
1402 1841 1598 1901 λύκους
1624 1836 1700 1898 ti);
1729 1834 1986 1901 αἴσχιστα
2025 1860 2064 1914 Β

410 1925 624 2010 ἐκεῖθεν
673 1925 1196 2015 ἀπελαυνομένους⁸
1228 1938 1324 1992 καὶ
1369 1935 1438 1988 τὰ
1485 1933 1683 2000 λογικά
1735 1925 1988 1998 πρόϐατα

414 2045 577 2100 πάλιν
627 2041 848 2099 ἀλύπως
911 2035 1082 2101 αὐτὴν
1131 2026 1412 2083 πατοῦντα
1445 2022 1540 2076 καὶ
1589 2017 1784 2078 ἀδεῶς,
1815 2012 1914 2066 καὶ
1934 2013 1990 2062 ἐν

412 2136 551 2203 αὐτῇ
611 2126 888 2201 νεμόμενά
939 2141 1000 2177 τε
1031 2124 1126 2176 καὶ
1175 2116 1580 2189 ὲκτρεφόμενα.
1628 2110 1771 2180 Πρὸς
1817 2104 1991 2158 ταῦτα

413 2197 642 2286 ἐκεῖνος·
675 2197 809 2274 Τίνα
836 2218 893 2270 δέ
920 2217 1057 2279 ἐστι,
1121 2212 1324 2280 Πάτερ,
1377 2206 1446 2259 τὰ
1479 2202 1570 2258 ὑπ’
1625 2197 1810 2254 αὐτῶν
1853 2210 1992 2264 πρε-

420 2316 742 2384 σϐευόμενα,
759 2312 924 2382 ἤρετο
948 2323 962 2338 ·
986 2300 1426 2359 διαϐεϐαιοῦνται
1457 2297 1585 2366 γὰρ,
1615 2292 1742 2362 ἔφη,
1773 2288 1845 2341 τά
1865 2285 1993 2354 περὶ

417 2409 820 2483 προϋπάρξεως
837 2406 930 2456 καὶ
946 2394 1444 2455 ἀποκαταστάσεως
1469 2389 1739 2457 δόγμιτα,
1765 2380 1907 2451 μέσα
1935 2394 1993 2430 τε

420 2471 558 2558 εἶναι
586 2471 683 2554 καὶ
700 2471 978 2552 ἀκίνδυνα·
1001 2493 1185 2544 ἐκεῖνα
1213 2489 1349 2556 πρὸς
1378 2482 1537 2536 τοῦτο
1573 2476 1874 2550 μαρτυρεῖν
1895 2471 1993 2523 αύ-

417 2599 533 2660 τοῖς
560 2595 807 2661 λέγοντες
833 2589 976 2656 άπερ
1004 2584 1137 2653 φησι
1174 2596 1278 2633 που
1308 2577 1416 2630 τῶν
1448 2571 1642 2626 ἑαυτοῦ
1670 2569 1997 2632 ἀπολογητι-

419 2657 535 2744 κῶν
579 2689 608 2740 ὁ
632 2657 828 2756 ’μέγας
882 2677 1188 2752 Γρηγόριος
1218 2686 1233 2702 ⁶
1292 2688 1311 2723 ι
1355 2667 1510 2737 Ἐμοὶ
1547 2663 1590 2716 δ’
1628 2657 1722 2714 οὖν
1758 2657 1995 2728 πρᾶγμα

426 2781 678 2850 ςαίνεται
707 2775 768 2828 ού
802 2771 910 2825 τῶν
969 2766 1346 2838 φαυλοτάτων,
1402 2757 1606 2812 διδόναι
1637 2754 1779 2807 κατὰ
1802 2747 1994 2818 καιρὸν

422 2839 640 2939 ἑκάστῳ
665 2865 757 2920 τοῦ
793 2864 952 2930 λόγου
981 2862 1042 2912 τδ
1081 2855 1444 2926 σιτομέτριον,
1477 2849 1573 2903 καὶ
1603 2842 1908 2912 οἰκονομεῖν
1938 2839 1997 2890 ὲν

422 2933 732 3037 κρίσει-τὴν
767 2956 1030 3027 ἀλήθειαν
1062 2951 1171 3003 τῶν
1211 2946 1498 3018 ἡμετέρων
1533 2937 1847 3008 δογμάτων,
1895 2933 1997 2985 ὅσοι

423 3023 551 3126 περὶ
583 3023 804 3123 κόσμων
923 3047 1129 3118 κόσμου
1192 3035 1648 3108 πεφιλοσόφηται,
1678 3029 1807 3096 περὶ
1843 3023 1996 3092 ὕλης,

424 3115 553 3220 περὶ
576 3115 778 3214 ψυχης,
809 3115 936 3212 περὶ
968 3115 1083 3203 νού,
1113 3135 1210 3188 καὶ
1236 3132 1344 3186 τῶν
1374 3126 1576 3197 νοερῶν
1608 3121 1844 3191 φύσεων,
1881 3115 2000 3188 βελ-

423 3240 616 3292 τιόνων
645 3254 705 3290 τε
738 3235 834 3287 καὶ
885 3230 1172 3303 χειρόνων,
1237 3241 1344 3294 περ

422 3329 651 3398 δεούσης
691 3301 986 3395 Προνοίαςέ
1010 3321 1109 3373 ὅσα
1125 3335 1186 3370 τε
1209 3315 1349 3369 κατὰ
1373 3313 1530 3380 λόγον
1561 3306 1806 3375 ἁπαντᾷν
1827 3301 1998 3363 δοκεῖ,

433 3423 530 3476 xui.
556 3422 655 3474 ὅσα
678 3419 835 3488 παρά
861 3415 1017 3484 λόγον
1047 3416 1139 3464 τὸν
1175 3409 1326 3463 κάτω
1353 3408 1450 3459 καὶ
1487 3403 1579 3456 τὸν
1605 3398 1948 3468 ἀνθρώπινον
1982 3406 2004 3440 ⁸.

425 3515 508 3570 ἔτι
540 3533 596 3568 τε
629 3514 732 3566 ὅσα
785 3510 918 3581 περὶ
947 3508 1045 3577 τῆς
1082 3504 1303 3576 πρώτης
1336 3498 1496 3570 ἡμῶν
1541 3495 1878 3554 συστάσεως,
1914 3487 2004 3538 τύ-

428 3623 548 3660 πων
570 3621 630 3657 τε
663 3603 757 3656 καὶ
818 3575 1082 3670 ἀληθείας
1129 3575 1240 3647 καὶ
1293 3588 1593 3660 διαθηκῶν,
1630 3586 1723 3637 καὶ
1757 3575 2000 3650 Χριστοῦ

429 3699 734 3771 παρουσίας
767 3669 989 3762 πρώτης
1015 3705 1070 3741 τε
1103 3687 1198 3741 καὶ
1225 3683 1504 3752 δευτέρας.
1547 3679 1634 3730 Ἐν
1655 3672 1863 3732 τούτοις
1893 3669 2002 3737 γάρ

429 3761 563 3862 φασι
591 3790 685 3842 καὶ
714 3786 773 3839 τὸ
814 3761 1166 3850 ἐντυγχάνειν
1215 3777 1315 3830 οὐκ
1348 3773 1645 3843 ἄχρηστον,
1673 3765 1770 3818 καὶ
1798 3762 1862 3815 τὸ
1890 3761 2004 3814 δια-

434 3884 729 3957 μαρτάνειν
776 3876 1082 3933 ἀκίνδυνον.

503 4129 690 4185 Ταῦτα
719 4126 815 4181 τοῦ
850 4119 1154 4193 Θαυμασίου
1185 4113 1459 4185 Κυρίλλου
1498 4108 1782 4179 ἐρομένου,
1815 4105 1843 4159 ό
1905 4119 2008 4173 μα-

435 4227 625 4296 κάριος
655 4217 954 4290 Κυριακὸς,
981 4213 1056 4296 ῼύ
1089 4212 1188 4284 μὲν
1210 4209 1302 4262 οὖν
1324 4207 1438 4279 [γρ.
1463 4199 1748 4273 ιιῠμενουν]
1777 4197 1835 4250 ού
1868 4196 2010 4266 μέσα

436 4286 656 4385 ’τὰ-περὶ
692 4286 1089 4384 προῦπάρξεως
1128 4305 1375 4371 δόγματα
1408 4299 1502 4352 καὶ
1547 4293 1828 4356 ἀκίνδυνα,
1879 4289 2007 4359 ἔφη·

438 4407 751 4466 τούναντίον
778 4405 838 4456 δὲ
867 4401 1088 4472 μᾶλλον,
1117 4393 1438 4466 ἀκροσφαλῆ
1465 4407 1523 4442 τε
1553 4389 1647 4440 καὶ
1670 4384 2007 4438 ἐπικίνδυνα.

444 4507 632 4567 Ὅπως
667 4501 724 4554 δέ
771 4513 853 4550 σοι
902 4498 997 4549 καὶ
1040 4492 1139 4562 τὴν
1186 4485 1480 4556 πολυσχιδῆ
1513 4480 1694 4534 αὐτῶν
1726 4480 1783 4530 ὲν
1817 4474 2013 4545 βραχεῖ

445 4596 784 4668 παραστήσω
812 4589 1093 4651 ἀσέϐειαν,
1131 4582 1266 4653 φασὶ
1299 4580 1373 4650 μὴ
1396 4581 1491 4631 ἒνα
1521 4575 1620 4644 τῆς
1661 4571 1890 4641 Τριὰδος
1919 4569 2011 4620 τὸν

441 4661 700 4762 Χριστὸν-
733 4682 896 4739 εἶναι.
945 4681 1203 4752 [Λέγουσι
1256 4673 1324 4726 τὰ
1361 4670 1422 4735 ἐξ
1468 4667 1817 4726 ἀναστάσεως
1857 4661 2016 4732 ήμῶν

443 4788 674 4856 σώματα
725 4782 806 4842 εἰς
850 4773 1128 4831 ἀπώλειαν
1157 4768 1312 4840 ἥξειν
1350 4761 1610 4830 παντελῆ,
1643 4758 1738 4810 καὶ
1778 4750 2015 4826 Χριστοῦ

443 4846 664 4947 πρώτου
699 4870 759 4943 2]
800 4868 1050 4936 λέγουσιν
1087 4863 1170 4916 ὅτι
1233 4858 1336 4912 οὐκ
1388 4853 1424 4926 ἦ
1452 4853 1563 4925 [εἴη
1601 4847 1658 4921 2]
1687 4848 1779 4900 τοῦ
1812 4846 2017 4914 κόσμου

443 4939 774 5038 δημιουργὸς
827 4962 861 5033 ἡ
913 4957 1114 5031 Τριάς·
1163 4954 1246 5007 ὅτι
1295 4967 1355 5003 τε
1393 4952 1449 5002 ὲν
1478 4949 1543 5016 τῇ
1578 4939 2020 4998 άποκαταστάσει

444 5033 766 5133 δυνήσονται
803 5055 980 5109 πάντα
1031 5050 1098 5104 τά
1144 5043 1340 5114 λογικὰ
1375 5042 1537 5112 μέχρι
1581 5036 1682 5090 οιαὶ
1725 5033 2019 5103 δαιμόνων,

447 5122 802 5226 δημιουργεῖν
824 5147 1052 5208 αἰῶνας·
1083 5142 1178 5194 καὶ
1208 5139 1290 5191 ὅτι
1327 5134 1545 5202 αἰθέρια
1575 5129 1671 5182 καὶ
1706 5122 2021 5195 σφαιροειδῆ

449 5249 760 5318 ἐγείρονται
786 5239 946 5311 ἡμῶν
972 5238 1040 5289 τὰ
1068 5235 1298 5303 σώματα
1327 5230 1383 5280 ὲν
1416 5228 1481 5296 τῇ
1511 5222 1838 5276 ἀναστάσει·
1883 5217 2026 5269 οὕτω

451 5312 695 5412 γάρ-καὶ
732 5336 794 5389 τὸ
837 5333 933 5386 τοῦ
979 5328 1188 5398 Κυρίου
1235 5323 1400 5392 φασὶν
1447 5315 1746 5388 ὲγηγέρθαι
1772 5328 1785 5342 ο
1822 5314 1915 5365 καὶ
1945 5312 2026 5364 ὅτι

456 5437 563 5490 ῐσοι
593 5429 742 5487 αὺτῶ
773 5431 829 5482 ὲν
855 5429 926 5495 τῆ
949 5417 1399 5478 ἀποκαταστάσει
1437 5410 1721 5481 γινόμεθα.

529 5612 637 5668 Τοῦ
676 5605 948 5675 Κυρίλλου
981 5601 1057 5668 δὲ,
1077 5599 1142 5651 Τί
1171 5596 1328 5667 δῆτα,
1363 5593 1566 5661 Πάτερ,
1600 5583 2027 5659 ἐπανερομένου,

465 5707 541 5781 μὴ
581 5704 707 5766 τοὺς
735 5697 1025 5757 τοσούτους
1066 5690 1206 5761 ὑπὲρ
1231 5686 1436 5759 ἀρετῆς
1468 5683 1771 5753 άνέτλησαν
1811 5679 2030 5742 πόνους,

536 5862 646 5934 (l9)
680 5859 806 5917 Vide
826 5853 1210 5914 Tertulliamtm
1244 5847 1493 5903 adversus
1524 5840 1936 5899 Valentinianos.

2151 986 2387 1059 Cyrillus
2442 987 2622 1056 itaque
2677 1001 2801 1041 eum
2854 985 2908 1039 in
2965 983 3161 1041 Sucam
3221 983 3550 1050 devenisset.
3606 988 3662 1044 et

2085 1079 2306 1134 Zosimo
2352 1094 2416 1134 ac
2460 1078 2684 1142 Joanni,
2725 1077 2918 1148 primis
2954 1078 3100 1132 illius
3147 1077 3454 1148 discipulis,
3491 1080 3664 1134 collo-

2085 1179 2246 1225 cutus
2278 1169 2489 1228 fuisset.
2535 1169 2730 1223 deinde
2765 1167 2931 1222 etiam
2981 1183 3104 1222 cum
3144 1168 3274 1237 ipsis
3304 1168 3372 1222 ad
3405 1185 3660 1239 magnum

2088 1261 2450 1330 proﬁciscitur
2474 1259 2785 1330 Cyriacum,
2819 1259 2981 1328 eique
3009 1259 3292 1326 epistolam
3322 1259 3375 1312 in
3407 1261 3663 1315 manibus

2089 1352 2204 1416 dat,
2268 1361 2322 1406 et
2382 1366 2603 1406 rursum
2664 1351 2848 1404 omnia
2919 1365 3262 1420 quaecunque
3316 1351 3498 1405 verbis
3558 1351 3661 1422 ipsi

2087 1445 2343 1501 mandata
2389 1445 2628 1510 fuerant,
2666 1445 2936 1498 edisserit.
2986 1444 3080 1499 Ille
3124 1459 3256 1498 vero
3298 1445 3574 1508 ardenter,
3607 1453 3666 1498 et

2087 1539 2234 1594 velut
2266 1552 2330 1593 ex
2363 1539 2529 1592 corde
2571 1537 2917 1607 illacrymans
2951 1555 2964 1590 :
3001 1537 3114 1600 Dic,
3153 1535 3350 1605 inquit,
3380 1535 3428 1590 ei
3475 1535 3564 1603 qui
3611 1545 3666 1589 te

2085 1627 2238 1683 misit
2280 1646 2295 1682 :
2343 1626 2422 1682 Ne
2476 1643 2709 1682 maerore
2761 1626 3082 1697 aﬂligamur,
3123 1625 3311 1691 Pater,
3375 1627 3486 1681 cito
3519 1626 3666 1679 enim

2090 1720 2400 1775 videbimus
2456 1719 2710 1774 Nonnum
2769 1718 2989 1788 quidem
3039 1727 3096 1772 et
3148 1717 3440 1772 Leontium
3500 1718 3665 1771 vitam

2093 1813 2403 1868 miserrime
2452 1827 2576 1867 cum
2635 1819 2812 1864 morte
2849 1818 3188 1864 commutare
3230 1825 3245 1874 ;
3280 1810 3438 1878 lupos
3484 1817 3668 1864 autem

2097 1905 2151 1959 in
2191 1905 2365 1960 Laura
2407 1913 2656 1959 versatos
2705 1918 2870 1973 quam
2927 1902 3242 1972 turpissime
3297 1902 3447 1957 illinc
3497 1901 3666 1971 abigi,

2092 2013 2332 2068 Ovesque
2381 2000 2593 2051 ratione
2643 1997 2897 2066 praeditas
2934 1997 3106 2065 ipsam
3139 2009 3330 2050 rursus
3378 1994 3498 2048 sine
3548 2007 3670 2048 mo-

2093 2092 2250 2146 lestia
2297 2098 2352 2143 et
2400 2090 2518 2142 sine
2549 2096 2697 2142 metu
2744 2088 2977 2152 calcare,
3011 2102 3073 2140 ac
3115 2087 3168 2140 in
3205 2101 3268 2140 ea
3297 2086 3365 2138 ali
3412 2094 3468 2140 et
3499 2085 3669 2155 pasci.

2093 2181 2175 2235 Ad
2208 2181 2324 2234 haec
2361 2179 2453 2234 ille
2505 2178 2760 2248 regavit:
2811 2176 3073 2242 Qmenam
3118 2191 3249 2231 vero
3293 2185 3442 2239 sunt,
3492 2174 3670 2238 Pater,

2094 2288 2214 2342 quae
2255 2272 2329 2325 illi
2371 2286 2466 2325 sua
2505 2279 2730 2324 tuentur
2769 2267 3080 2324 sententia?
3113 2281 3347 2337 namque
3379 2265 3673 2329 affirmant,

2098 2364 2301 2432 inquit,
2354 2362 2603 2431 dogmata
2655 2362 2723 2416 de
2772 2359 3174 2430 pricexistentia
3225 2369 3280 2414 et
3328 2357 3675 2412 restitutione

2097 2458 2152 2510 in
2213 2455 2502 2526 pristinum
2563 2462 2788 2518 statum,
2861 2452 3228 2506 indiﬂ'crentia
3291 2466 3432 2515 esse,
3499 2458 3555 2505 et
3604 2450 3674 2504 ab

2098 2548 2254 2603 omni
2313 2547 2562 2616 periculo
2599 2546 2774 2602 aliena
2813 2562 2826 2600 :
2859 2547 2944 2600 illa
2979 2548 3045 2598 a-J
3095 2545 3198 2599 hoc
3246 2542 3559 2597 testimonio
3589 2541 3676 2596 eis

2097 2654 2218 2694 esse
2287 2639 2530 2693 dicentes
2577 2653 2698 2704 quas
2756 2637 2955 2692 alicubi
3026 2637 3083 2691 in
3143 2637 3260 2692 suis
3313 2633 3678 2706 Apologeticis

2098 2750 2329 2807 magnus
2368 2729 2664 2802 Gregorius
2698 2730 2775 2785 ait
2809 2749 2822 2784 :
2855 2731 2984 2784 Mihi
3030 2729 3253 2784 videtur
3285 2743 3372 2781 res
3410 2741 3519 2780 non
3553 2715 3678 2778 vilfs

2098 2842 2203 2882 nec
2246 2822 2666 2885 contemnenda,
2713 2825 2844 2877 dare
2875 2821 2927 2874 in
2963 2829 3206 2889 tempore
3242 2817 3538 2885 unicuique
3581 2815 3678 2867 de—

2100 2934 2354 2974 mensum
2401 2916 2697 2982 sermonis,
2730 2927 2784 2969 et
2814 2915 3134 2983 dispenSare
3163 2910 3216 2962 in
3265 2907 3472 2978 judicio
3532 2905 3676 2958 veri-

2103 3021 2266 3067 tatem
2313 3021 2630 3065 nostrorum
2662 3008 2998 3077 dogmatum,
3031 3014 3387 3072 quaecunque
3423 2999 3490 3051 de
3521 3010 3680 3050 mun-

2103 3105 2190 3160 dis
2237 3113 2328 3157 aut
2357 3102 2424 3156 de
2459 3101 2664 3155 mundo
2695 3097 3072 3168 philowphice
3107 3095 3380 3162 disputata
3423 3098 3572 3152 sunt,
3611 3089 3681 3142 de

1345 3225 1367 3275 ὶ
1424 3221 1526 3288 τῆς
1559 3217 1628 3269 τὰ
1655 3213 1834 3268 πάντα
1871 3223 1997 3261 συν⁸

2105 3195 2355 3259 materia,
2390 3195 2458 3248 de
2501 3193 2698 3254 anima,
2742 3191 2810 3246 de
2856 3199 3060 3251 mente,
3111 3197 3165 3242 et
3214 3184 3428 3239 naturis
3479 3179 3682 3234 intelli-

2102 3291 2378 3363 gentibus,
2419 3297 2528 3343 tam
2579 3282 3048 3354 prastantioribus
3097 3294 3259 3350 quam
3295 3273 3679 3333 deterioribus,

2103 3385 2172 3438 de
2230 3380 2580 3436 Providentia
2643 3391 2766 3447 qua:
2816 3374 2999 3430 omnia
3040 3370 3320 3428 connectit
3380 3384 3395 3422 :
3451 3377 3683 3434 qumque

2103 3473 2407 3528 secundum
2443 3470 2710 3524 rationem
2743 3469 2964 3522 evenire
2997 3464 3268 3525 videntur,
3317 3467 3372 3512 et
3414 3469 3678 3525 quzecun-

2103 3582 2210 3636 que
2268 3573 2466 3635 praeter
2523 3563 2792 3615 rationem
2848 3557 3158 3612 infer-iurem
3215 3561 3271 3604 et
3324 3549 3618 3602 humanam
3665 3561 3677 3596 :

2104 3670 2366 3730 prmterea
2396 3671 2517 3726 quae
2552 3655 2619 3708 de
2655 3654 2822 3722 prima
2874 3657 3055 3701 nuslt‘a
3094 3641 3510 3699 constitutione,
3550 3637 3684 3706 ﬁgu-

2107 3754 2315 3820 risque,
2348 3760 2402 3803 et
2429 3747 2685 3807 veritate,
2715 3759 2777 3796 ac
2812 3737 3151 3796 testamentis
3185 3751 3199 3789 :
3233 3733 3434 3790 Christi
3466 3743 3683 3798 quoque

2106 3845 2283 3915 primo
2327 3855 2392 3894 ac
2424 3837 2666 3894 secundo
2710 3835 2966 3886 adventu.
2998 3830 3055 3882 In
3087 3828 3170 3882 his
3201 3826 3371 3886 enim,
3404 3824 3681 3892 inquiunt,

2107 3945 2162 3989 et
2209 3930 2424 4000 assequi
2474 3943 2586 3982 non
2633 3935 2715 3979 est
2770 3922 2984 3985 inutile,
3039 3929 3232 3976 etnon
3277 3912 3496 3984 assequi
3527 3917 3686 3966 vacat

2107 4026 2368 4098 periculo.

2187 4115 2312 4169 llaec
2359 4127 2482 4169 cum
2527 4106 2865 4166 admirabilis
2895 4103 3127 4176 Cyrillus
3171 4100 3400 4157 dixisset
3432 4116 3445 4151 :
3472 4096 3688 4165 Nequa.

2111 4222 2297 4276 quam,
2343 4205 2519 4274 inquit
2550 4203 2744 4256 beatus
2777 4199 3058 4269 Cyriacus,
3091 4206 3436 4262 nequaquam
3474 4187 3688 4241 indiﬂ'e-

2114 4299 2290 4352 rentia
2350 4306 2499 4358 sunt,
2555 4307 2732 4362 neque
2788 4289 3034 4360 periculo
3092 4293 3285 4339 vacant
3314 4284 3562 4350 dogmata
3619 4277 3690 4331 de

2117 4389 2519 4465 praeexismntia
2547 4403 2562 4442 :
2594 4386 2704 4439 imo
2747 4391 2878 4436 sunt
2919 4380 3126 4434 lubrica
3170 4376 3351 4445 potius
3395 4381 3448 4427 et
3477 4370 3690 4440 pericu-

2119 4461 2251 4540 losa.
2294 4483 2364 4538 Ut
2397 4491 2578 4536 autem
2609 4475 2966 4545 multiplicem
3007 4485 3195 4526 eorum
3227 4467 3559 4537 impietatem
3589 4461 3690 4516 tibi

2117 4579 2307 4649 paucis
2341 4584 2641 4640 exponam,
2703 4567 2858 4618 aiunt
2898 4561 3177 4616 Christum
3222 4571 3332 4610 non
3364 4569 3483 4608 esse
3519 4565 3690 4605 unum

2118 4684 2186 4723 ex
2217 4665 2510 4720 Trinitate.
2557 4659 2756 4711 Dicunt
2784 4667 3013 4722 corpora
3042 4665 3162 4719 qua:
3191 4663 3255 4702 ex
3289 4646 3691 4702 resurrectione

2120 4755 2465 4812 habebimus,
2511 4761 2632 4802 esse
2684 4744 2902 4815 penitus
2946 4742 3014 4795 ad
3048 4740 3327 4793 interitum
3361 4746 3606 4792 ventura.
3638 4740 3693 4785 et

2119 4845 2325 4903 Christi
2359 4841 2544 4913 primi.
2576 4838 2773 4893 Dicunt
2803 4833 3128 4888 Trinitatem
3165 4846 3271 4884 non
3302 4827 3471 4882 fuisse
3500 4822 3693 4878 mundi

2123 4937 2369 5010 opiﬁcem
2427 4942 2529 4988 :ct
2576 4931 2720 5002 quod
2769 4929 2826 4983 in
2862 4926 3207 4980 restitutione
3243 4925 3501 4991 poterunt
3547 4930 3696 4985 qure-

2123 5045 2340 5100 cunque
2397 5034 2524 5081 sunt
2561 5023 2771 5077 ratione
2816 5019 3062 5090 praedita,
3109 5015 3275 5069 etiam
3321 5011 3387 5064 ad
3420 5011 3698 5064 daemones

2126 5099 2322 5191 usque,
2357 5118 2607 5174 fabricari
2643 5129 2825 5170 aeones
2856 5110 2991 5183 (l9),
3037 5109 3088 5163 id
3118 5115 3221 5168 est,
3246 5104 3439 5160 saecula
3477 5099 3696 5170 :quod-i

2127 5231 2232 5285 que
2263 5215 2316 5267 in
2351 5211 2776 5270 resurrectione,
2807 5203 3041 5259 tetherea
3075 5207 3388 5253 surrectura
3419 5203 3548 5247 sunt
3575 5207 3700 5245 cor-

2129 5322 2259 5378 pora
2303 5313 2511 5366 nostra,
2541 5312 2593 5355 et
2623 5301 2958 5369 sphrerarum
2991 5290 3230 5362 speciem
3261 5284 3587 5348 referentia;
3620 5281 3701 5335 sic

2129 5399 2277 5455 enim
2330 5405 2383 5450 et
2415 5395 2592 5463 ipsum
2646 5389 2857 5444 Domini
2906 5401 3105 5453 corpus
3153 5381 3308 5435 aiunt
3349 5376 3697 5432 surrexisse:

2131 5504 2341 5558 nosque
2374 5486 2586 5539 futuros
2617 5483 2664 5537 ei
2696 5495 2853 5551 pares
2883 5479 2935 5531 in
2975 5474 3348 5530 restitutione.

2207 5579 2407 5651 Cyrillo
2473 5583 2658 5629 autem
2713 5586 2930 5626 rursum
2985 5563 3364 5635 interroganti,
3418 5555 3557 5624 Quid
3605 5553 3702 5618 ita,

2135 5647 2320 5737 Pater,
2358 5687 2466 5726 non
2505 5684 2604 5739 pro
2629 5667 2826 5724 virtute
2864 5671 2942 5719 tot
2995 5660 3287 5716 subierunt
3328 5654 3561 5715 labores,
3609 5647 3704 5700 sed
