4060 6440
423 413 535 477 935

1657 391 1942 452 MENSIS
1983 389 2455 456 SEPTEMBER.

3570 401 3675 465 936

419 536 517 576 eos
549 518 605 572 in
651 513 829 570 inutili
859 512 984 574 hac,
1032 523 1153 578 quae
1199 504 1526 569 destruitur,
1559 503 1826 574 sapientia
1868 516 1999 557 con-

2118 504 2216 557 ίιλλ’
2245 507 2328 570 εἰς
2381 504 2481 576 τὴν
2511 505 2973 575 καταργουμένην
2999 503 3205 574 ταύτην
3236 505 3436 576 σοφίαν
3466 507 3678 562 ἀνάλω-

421 605 811 678 sumpserunt?
835 602 1188 672 Respondeas
1213 599 1407 652 beatus
1434 595 1714 665 Cyriacus,
1742 595 1994 663 Namque

423 704 769 757 evanuerunt,
811 694 1014 762 inquit,
1057 691 1109 743 in
1151 687 1561 758 cogitationibus
1600 685 1735 752 suis,
1769 686 1831 754 {et
1865 683 1998 741 insi-

424 795 569 860 piens
599 807 689 844 cor
723 804 913 860 corum_
943 787 1279 838 obscuratum
1315 791 1387 834 est
1437 794 1458 835 :
1505 779 1737 833 dicentes
1767 777 1904 831 enim
1942 791 2000 830 se

425 900 536 936 esse
560 883 842 950 sapientes,
891 877 1041 931 stulti
1076 875 1202 946 facti
1233 883 1378 928 sunt.
1413 869 1642 925 Nonnus
1679 879 1863 923 autem
1894 867 1997 921 ho-

425 991 544 1028 rum
580 973 846 1026 malorum
880 969 982 1023 luit
1010 967 1226 1021 initium
1263 983 1274 1019 :
1307 964 1397 1033 qui
1433 978 1556 1018 cum
1592 976 1702 1016 non
1745 960 1997 1030 ignavum

424 1066 490 1119 ad
535 1065 650 1118 haze
706 1062 1092 1116 administrum
1139 1057 1435 1111 invenisset
1469 1053 1758 1108 Leontium
1792 1050 2001 1121 Byzan-

425 1157 624 1220 tinum,
661 1166 784 1225 post
831 1152 974 1209 beati
1035 1149 1211 1206 Patris
1255 1147 1430 1201 nostri
1475 1143 1634 1199 Saba:
1685 1157 1997 1207 excessum,

424 1249 688 1302 continuo
742 1255 943 1300 tetrum
997 1245 1148 1297 hunc
1198 1241 1450 1294 morbtuu
1508 1237 1563 1290 in
1622 1234 2000 1305 compluribus

426 1339 686 1393 Ecclesia:
718 1336 854 1390 locis
899 1335 1038 1390 clam
1070 1330 1468 1387 disseminavit.
1506 1328 1574 1382 Et
1609 1327 1848 1396 primum
1875 1325 2000 1396 qui-

425 1430 548 1482 dem
581 1444 679 1482 eos
711 1427 803 1496 qui
839 1427 892 1478 in
935 1425 1082 1479 Nova
1114 1422 1290 1476 Laura
1321 1429 1482 1476 erant
1525 1420 1800 1475 doctiores
1824 1457 1839 1483 ,
1891 1418 1997 1483 vel,

425 1531 487 1574 ut
547 1522 733 1574 verius
785 1519 986 1579 dicam,
1041 1515 1398 1577 indoctiores,
1457 1511 1512 1566 in
1572 1527 1727 1566 suam
1785 1510 2000 1565 induxit

427 1610 704 1666 haeresim.
756 1609 964 1662 Deinde
1020 1621 1130 1660 non
1165 1606 1433 1660 hactenus
1477 1603 1770 1658 constitit:
1813 1601 1908 1657 sed
1941 1607 2001 1655 ut

425 1703 658 1757 aliorum
699 1714 917 1769 quoque
954 1695 1270 1753 solitudinis
1317 1694 1773 1749 monasteriorum
1822 1692 1999 1763 pluri-

426 1794 530 1848 n.is
585 1793 728 1847 hanc
797 1798 1006 1860 pestem
1076 1788 1530 1850 communicaret,
1588 1785 1818 1855 plurima
1883 1799 1997 1839 rem

2105 613 2237 661 σαν;
2277 597 2335 649 '0
2359 599 2626 666 μακάριος
2646 597 2934 654 ὑπολαϐὼν
2964 599 3263 670 Κυριακὶις,
3299 619 3318 652 ί
3373 599 3680 669 Ἐματαιὼ-

2105 686 2277 755 θησαν
2311 687 2441 758 γὰρ,
2473 690 2656 758 φησὶν,
2690 689 2747 742 ἐν
2774 693 2888 754 τοῖς
2925 691 3302 761 διαλογισμοῖς
3336 691 3538 755 αὑτῶν,
3581 696 3678 744 xal

2105 780 2138 848 ἡ
2192 778 2449 842 ἀσύνετος
2499 781 2681 834 αὐτῶν
2738 781 3030 853 ἐσκοτίσθη
3087 783 3318 852 καρδίαο
3379 783 3684 851 φάσκοντες

2104 865 2244 922 εἶναι
2273 871 2445 940 σοφοὶ,
2475 872 2900 944 ἐμωράνθησαν.
2939 893 2957 925 ι
2997 874 3200 937 Νόννος
3231 874 3288 928 δὲ
3328 874 3438 928 τῶν
3494 875 3681 928 κακῶν

2103 963 2331 1032 ἀπαρχὴ
2363 961 2591 1016 τούτων’
2625 963 2682 1026 ὃς
2722 963 2994 1032 ὑπουργὸν
3033 964 3138 1016 οὑκ
3163 965 3363 1034 ἀγεννῆ
3396 963 3463 1017 τὰ
3491 964 3678 1018 τοιαῦ-

2104 1072 2198 1119 τα,
2253 1055 2505 1108 Λεόντιον
2535 1055 2786 1125 εὑρηκὼς
2812 1056 2904 1109 τὸν
2933 1058 2998 1109 ἐκ
3026 1056 3348 1120 Βυζαντίου,
3393 1059 3533 1126 μετά
3583 1057 3681 1127 τὴν

2105 1147 2199 1201 τοῦ
2251 1147 2527 1219 μακαρίου
2564 1147 2778 1218 Πατρδς
2805 1147 2963 1218 ήμῶν
2996 1147 3168 1219 [Σάϐα
3198 1147 3254 1219 2]
3308 1146 3586 1216 τελευτὴν,
3621 1147 3684 1200 τὸ

2106 1239 2280 1294 κακὸν
2312 1239 2474 1302 εὐθὺς
2514 1238 2863 1310 ἀρρώστημα
2896 1238 3074 1303 τοῦτο,
3118 1235 3386 1307 πολλαχοῦ
3419 1241 3517 1307 τῆς
3561 1238 3684 1291 Ἐκ-

2106 1331 2334 1402 κλησίας
2375 1331 2702 1403 ὑπέσπειρε.
2745 1332 2854 1386 Kal
2884 1331 3078 1402 πρῶτα
3112 1331 3213 1401 μὲν
3241 1332 3368 1394 τοὺς
3397 1332 3454 1383 ἐν
3484 1332 3549 1400 τῇ
3583 1331 3681 1401 νέᾳ

2105 1425 2299 1497 Λαύρᾳ
2325 1425 2711 1494 λογιωτέρους,
2745 1425 3124 1495 ἀλογωτέρους
3179 1425 3235 1476 δέ
3269 1425 3446 1476 εἰπεῖν
3479 1423 3682 1490 ἀληθέ-

2108 1533 2321 1586 στερον,
2349 1522 2416 1588 τῇ
2444 1517 2620 1588 οἰκείᾳ
2649 1515 2967 1587 ὑπηγάγετο
2991 1515 3227 1584 αἱρέσει.
3260 1509 3391 1566 Εἶτα
3420 1513 3479 1565 οὑ
3518 1513 3681 1582 μέχρι

2105 1609 2316 1664 τούτων
2355 1609 2509 1682 ἔστη·
2536 1609 2652 1663 ἀλλ’
2682 1605 2828 1671 ὅπωξ
2863 1609 2956 1662 καὶ
2988 1608 3096 1661 τῶν
3131 1605 3308 1660 ἄλλων
3343 1609 3441 1674 τῆς
3473 1607 3682 1676 ἐρήμου

2111 1704 2492 1773 μοναστηρίων
2531 1703 2746 1766 πολλοῖς
2778 1702 2879 1772 τῆς
2935 1700 3192 1771 τοιαύτης
3231 1699 3448 1771 μεταδῷ
3478 1697 3624 1768 λύμη
3639 1717 3683 1762 τ,

2111 1794 2310 1864 πολλῆς
2350 1795 2502 1864 ἠξίου
2554 1795 2614 1848 τὸ
2645 1797 2876 1865 πρᾶγμα
2937 1794 3238 1862 φροντίδος.
3273 1791 3508 1844 Ἔπειτα
3540 1790 3683 1843 ὥστε

423 1857 810 1940 sollicitudine
835 1882 1048 1952 dignam
1091 1880 1346 1935 ducebat.
1373 1878 1594 1935 .Deinde
1633 1887 1693 1932 ut
1730 1892 1817 1932 me
1863 1892 2003 1946 quo-

2118 1885 2203 1938 Kal
2373 1857 2643 1938 ταπεινὸν
2687 1857 2898 1956 ἐμέ-τῇ
2942 1857 3139 1937 έαυτοῦ
3198 1882 3485 1935 συλλαϐεῖν
3529 1882 3683 1950 πάγῃ

425 1993 533 2046 que
587 1977 846 2032 humilem
905 1982 962 2028 et
1019 1973 1294 2042 abiectum
1349 1970 1464 2025 suis
1515 1969 2005 2038 comprehenderet

427 2070 662 2138 laqueis,
719 2081 880 2134 quam
932 2080 1043 2118 non
1077 2063 1333 2118 adhibuit
1379 2060 1828 2116 contentionem?
1872 2059 2002 2126 Sed,

429 2173 490 2214 ut
535 2175 659 2214 cum
705 2158 892 2212 divino
942 2155 1110 2209 David
1157 2154 1372 2223 loquar,
1413 2153 1642 2221 seipsam
1675 2151 1861 2221 fefellit
1909 2151 2007 2204 ini-

429 2250 631 2319 quitas.
667 2256 723 2301 et
753 2245 936 2300 divina
972 2243 1103 2298 mihi
1136 2241 1391 2312 apparuit
1438 2240 1598 2304 visio,
1633 2239 1856 2294 haeresis
1885 2240 2006 2308 ejus

430 2355 651 2395 caenum
713 2345 968 2391 accurate
1033 2335 1358 2390 ostendens.
1430 2331 1621 2400 Neque
1691 2344 1793 2400 ego
1857 2329 2007 2385 solus

427 2433 608 2502 ipsius
659 2427 1065 2498 improbitatem
1119 2424 1247 2488 vici,
1302 2423 1398 2478 sed
1427 2421 1465 2476 ii
1498 2421 1661 2476 etiam
1693 2419 1786 2490 qui
1850 2426 2010 2474 erant

430 2531 735 2578 conventus
787 2518 978 2580 Sacae,
1028 2532 1127 2587 per
1177 2523 1426 2570 nostrum
1486 2511 1797 2576 consilium,
1859 2510 2007 2566 illius

431 2608 655 2664 malitiae
704 2606 921 2660 fortiter
969 2603 1312 2669 restiterunt,
1359 2609 1415 2657 et
1453 2600 1838 2656 fraudulentos
1887 2600 2010 2655 illos

430 2711 635 2762 mores,
677 2705 732 2750 et
783 2694 1063 2766 ingenium
1103 2692 1172 2748 ad
1226 2693 1436 2748 malum
1490 2691 1664 2748 solers
1713 2705 2009 2762 superave-

434 2797 580 2843 runt.

502 2881 770 2958 Quoniam
825 2889 1010 2934 autem
1058 2888 1170 2934 tam
1220 2885 1406 2947 aperte
1455 2891 1787 2950 congressus
1833 2877 2012 2933 victus

431 2983 558 3040 est,
605 2975 712 3028 alia
761 2973 974 3027 ratione
1003 2980 1332 3026 conventum
1378 2984 1490 3024 sua:
1540 2969 1796 3040 potestati
1843 2970 2015 3040 subji-

431 3081 557 3121 cere
586 3065 931 3118 machinatus
972 3070 1077 3117 est.
1109 3062 1178 3116 Et
1206 3061 1426 3116 Petrum
1459 3061 1749 3132 quemdam
1775 3062 2012 3116 Alexan-

2109 1975 2279 2051 [πάλῃ
2305 1976 2384 2048 η,
2431 1979 2556 2031 τίνα
2607 1978 2709 2030 οὐκ
2747 1979 3108 2047 εἰσηνέγκατο
3150 1975 3250 2046 τὴν
3304 1973 3680 2044 φιλονεικίανς

2120 2069 2259 2123 Ἀλλ’
2297 2068 2562 2138 ἐψεύσατο
2621 2070 2654 2139 ἡ
2705 2069 2890 2123 ἀδικία
2926 2069 3150 2138 ἑαυτὴν,
3209 2068 3348 2122 κατά
3404 2067 3497 2119 τὸν
3537 2065 3685 2117 θεῖον

2109 2161 2277 2228 φάναι
2306 2159 2488 2212 Δαυ¹ίδ⁹
2521 2158 2614 2213 καί
2647 2176 2738 2228 μοι
2788 2157 2911 2227 ὄψις
2944 2157 3116 2228 ἐφάνη
3151 2157 3288 2221 θεία,
3333 2158 3425 2210 τὸν
3473 2157 3687 2208 ἐκεῖνευ

2107 2249 2210 2318 τῆς
2238 2249 2504 2320 αἱρέσεως
2534 2249 2796 2320 βόρϐορον
2825 2249 3070 2319 ἀκριϐῶς
3104 2245 3539 2318 παραδεικνῦσα.
3576 2247 3692 2298 Kal

2108 2340 2210 2394 οὐκ
2255 2339 2365 2410 ἐγὼ
2415 2341 2516 2412 τῆς
2567 2340 2736 2394 αὑτοῦ
2791 2340 2950 2409 μόνος
2992 2340 3276 2412 ἐκράτησα
3327 2338 3694 2409 κακουργίας,

2109 2429 2245 2484 ἀλλὰ
2279 2431 2377 2484 καὶ
2407 2433 2456 2484 oi
2490 2431 2587 2502 τῆς
2618 2430 2712 2484 τοῦ
2745 2431 2927 2484 Σουκᾶ
2958 2429 3231 2495 συνοδίας,
3261 2429 3358 2482 καὶ
3406 2421 3558 2481 οὗτοι
3599 2428 3694 2479 διὰ

2114 2522 2213 2593 τῆς
2249 2523 2528 2593 ἡμετέρας
2562 2522 2919 2592 συμϐουλίας,
2949 2522 3215 2591 γενναίως
3243 2521 3380 2591 πρὸς
3413 2520 3513 2589 τὴν
3543 2521 3678 2572 ἐκεί-

2109 2631 2202 2670 νου
2251 2613 2587 2683 πανουργίαν
2645 2613 2902 2683 ἔστησαν,
2954 2612 3050 2666 καὶ
3095 2610 3203 2664 τῶν
3259 2610 3498 2682 δολερῶν
3549 2610 3699 2666 ἐθῶν

2114 2707 2364 2774 ἐκείνων,
2400 2708 2496 2761 καὶ
2539 2705 2640 2778 τῆς
2687 2709 2815 2780 περὶ
2845 2707 2905 2760 τὸ
2932 2707 3101 2762 κακον
3149 2705 3490 2778 εὐμηχανίας
3532 2723 3701 2778 περι-

2111 2797 2383 2868 ιγένοντο.

2196 2892 2350 2944 Ἐπεὶ
2380 2891 2438 2944 δὲ
2465 2890 2606 2944 οὕτω
2635 2890 2886 2962 φανερῶς
2918 2890 3248 2963 προσϐαλὼν
3287 2892 3522 2963 ἡττήθη,
3578 2892 3704 2945 ἐτέ-

2116 3003 2226 3056 ρως
2273 2983 2716 3054 ὑποποιήσασθαι
2764 2986 2864 3056 τὴν
2915 2985 3160 3039 συνοδίαν
3214 2987 3550 3058 ἐμηχανᾶτο.
3585 2986 3700 3040 Καί

2112 3094 2233 3130 τινα
2259 3077 2466 3148 Πέτρον
2508 3075 2890 3146 Ἀλεξανδρέα,
2923 3079 3242 3149 ἐπιῤῥεπῶς
3274 3079 3412 3149 πρὸς
3440 3079 3606 3132 αὑτὸν
3640 3079 3705 3144 ἐξ

434 3157 677 3221 drinum,
723 3156 902 3225 quiin
953 3169 1102 3218 eum,
1159 3153 1295 3208 etin
1344 3153 1496 3223 pravi
1539 3153 1712 3223 ipsius
1747 3153 2012 3223 dogmatis

2122 3161 2352 3234 ἀρχαίου
2387 3165 2481 3217 καὶ
2511 3165 2610 3236 τὴν
2639 3167 2932 3232 κακόδοξον
2956 3168 3168 3238 αἵρεσιν
3193 3167 3409 3238 ἔχοντα,
3439 3170 3704 3239 ἐφίστησι

437 3246 716 3311 heresim,
758 3246 868 3316 jam
899 3259 928 3297 a
957 3243 1229 3314 principio
1261 3252 1380 3298 erat
1417 3257 1748 3320 propensus,
1792 3243 2012 3314 praeﬁcit

2121 3256 2189 3324 τῇ
2225 3255 2439 3326 συνοδίᾳ
2462 3274 2476 3286 ο
2515 3257 2571 3308 εί
2595 3273 2712 3320 πως
2748 3257 2884 3312 ἀλλὰ
2929 3260 3103 3330 ταύτῃ
3139 3260 3192 3329 γ’
3227 3255 3320 3313 οὖν
3347 3261 3532 3332 ἡρέμα
3561 3261 3708 3331 πρὸς

435 3335 728 3388 conventui
797 3350 813 3388 :
860 3333 905 3387 si
956 3347 1065 3402 quo
1116 3332 1278 3386 modo
1332 3332 1436 3386 hac
1483 3341 1636 3387 certe
1664 3333 1878 3387 ratione
1922 3348 2020 3387 eos

435 3427 698 3496 paulatim
729 3425 794 3480 ad
822 3425 1266 3480 communionem
1292 3423 1616 3479 attraheret.
1644 3424 1848 3479 Amant
1873 3423 2019 3480 enim

442 3529 502 3572 ut
527 3518 825 3588 plurimum
863 3517 1096 3587 principi
1121 3515 1472 3582 conformari,
1503 3515 1596 3587 qui
1626 3515 1728 3570 sub
1754 3516 1872 3586 ejus
1896 3525 2024 3572 sunt

439 3617 732 3679 potestate.
791 3609 896 3662 Sed
953 3607 1232 3664 nesciebat
1293 3607 1512 3673 stultus,
1570 3621 1628 3662 se
1678 3605 2022 3676 deprehensu

437 3700 652 3755 facilem
705 3709 759 3754 et
808 3709 1051 3768 apertam
1099 3713 1280 3754 escam
1332 3713 1660 3769 proponere.
1711 3698 1847 3753 Nam
1895 3714 2020 3753 eum

439 3802 701 3847 consueta
733 3792 880 3846 illius
924 3791 1164 3862 pravitas
1211 3791 1501 3845 conventni
1532 3791 1812 3861 paululum
1859 3791 2022 3846 iuno-

441 3885 658 3942 tuissct.
689 3885 944 3953 protinus
974 3883 1065 3939 ille
1095 3889 1242 3937 totus
1267 3890 1578 3937 commotus
1608 3881 1833 3937 Petrum
1865 3883 2024 3954 pellit

440 3973 796 4044 praefertura.

516 4065 727 4119 Deinde
771 4079 966 4119 rursus
1012 4062 1241 4118 Nonnus
1313 4063 1535 4119 Petrum
1569 4063 1734 4118 alium
1760 4079 1790 4118 e
1817 4062 2023 4118 Graecia

441 4155 759 4218 oriundum,
809 4156 900 4224 qui
927 4171 958 4209 a
986 4156 1170 4226 priore
1195 4155 1334 4210 nihil
1359 4155 1667 4215 differebat.
1706 4154 2021 4224 praefectum

443 4245 527 4299 eis
575 4245 884 4299 constituit.
935 4255 1238 4300 conventus
1289 4255 1473 4300 autem
1520 4260 1808 4314 expressos
1855 4245 1912 4299 in
1956 4260 2023 4300 eo

443 4326 637 4389 videns
688 4336 806 4405 ejus
852 4336 944 4404 qui
986 4345 1362 4406 praecesserat,
1391 4336 1610 4390 malitiae
1650 4336 2020 4403 characteres,

446 4428 699 4496 protinus
731 4442 856 4482 eum
903 4443 1123 4498 quoque
1164 4428 1433 4498 expellit:
1465 4435 1520 4483 et
1572 4428 1626 4483 in
1678 4429 1824 4483 beati
1866 4427 2021 4483 Saba:

2123 3345 2412 3400 κοινωνίαν
2464 3347 2662 3410 αὐτοὺς
2700 3347 3084 3417 ἐφελκύσεται.
3141 3349 3291 3404 Φιλεῖ
3351 3352 3449 3421 γὰρ
3502 3352 3578 3415 ὡς
3633 3354 3710 3408 τά

2124 3437 2296 3490 πολλὰ
2345 3438 2424 3508 τῷ
2461 3439 2686 3509 ἄρχοντι
2735 3439 3195 3511 συμμορφοῦσθαι
3247 3442 3306 3495 τὸ
3362 3443 3706 3514 ὑποχείριον.

2137 3529 2280 3584 Ἀλλ’
2319 3531 2504 3599 ¹ήγνόει
2535 3533 2563 3584 ὁ
2605 3532 2830 3602 μάταιος
2859 3533 3179 3603 εὐφώρατον
3229 3527 3326 3587 καὶ
3381 3538 3706 3605 καταφανὲς

2125 3621 2405 3694 προτιθεὶς
2431 3623 2645 3694 δέλεαρ.
2683 3626 2900 3696 Μικρὸν
2948 3628 3056 3698 γὰρ
3081 3627 3184 3696 τῆς
3229 3627 3501 3699 συνήθους
3549 3630 3696 3681 ἐκεί-

2123 3733 2218 3769 νου
2266 3717 2468 3779 κακίας
2494 3720 2561 3788 τῇ
2597 3718 2821 3791 συνοδίᾳ
2871 3720 3267 3791 ὑποφανείσης,
3325 3723 3359 3793 ή
3407 3721 3463 3776 δὲ
3503 3723 3709 3776 αὐτίκα

2125 3810 2406 3881 κινηθεῖσα
2444 3813 2619 3879 πᾶσα,
2671 3812 2764 3868 τὸν
2819 3813 3025 3884 Πέτρον
3059 3813 3362 3869 ἀπωθεῖται
3413 3815 3514 3886 τῆς
3567 3831 3711 3887 προ-

2126 3900 2375 3965 στασίας.

2191 4058 2329 4117 Εἶτα
2369 4063 2464 4118 καὶ
2493 4062 2656 4118 πάλιν
2685 4065 2736 4118 ei
2769 4065 2896 4134 ιπερί⁵
2936 4065 3160 4131 Νόννον,
3195 4068 3401 4139 Πέτρον
3445 4069 3556 4126 ἀπὸ
3601 4072 3712 4142 τῆς

2135 4152 2388 4217 Ἑλλάδος
2441 4154 2646 4225 ἕτερον,
2694 4155 2773 4226 τῷ
2823 4159 3073 4229 προτέρῳ
3118 4160 3260 4212 κατά
3294 4161 3459 4229 μηδὲν
3485 4162 3714 4231 ἀδιαφο-

2127 4263 2242 4314 ρον,
2277 4246 2581 4316 ἡγούμενον
2620 4249 2803 4312 αὑτοῖς
2842 4250 3150 4317 ἐφιστᾶσιν.
3185 4251 3333 4322 Αὕτη
3362 4253 3419 4306 δὲ
3451 4253 3711 4324 ἀκριϐεῖς

2125 4338 2230 4392 κάν
2258 4339 2432 4410 τούτῳ
2469 4338 2571 4409 τῆς
2600 4339 2698 4394 τοῦ
2730 4341 3099 4412 προλαϐόντος
3127 4344 3328 4408 κακίας
3365 4344 3546 4400 ἰδοῦσα
3595 4344 3713 4418 [ἐν-

2129 4432 2314 4486 ιδοῦσα
2360 4431 2420 4503 2]
2453 4435 2577 4498 τοὺς
2609 4436 2970 4508 χαρακτῆρας
2997 4437 3343 4508 παραχρῆμά
3387 4455 3447 4489 τε
3482 4440 3576 4491 καὶ
3609 4440 3716 4492 αὑ-

444 4515 678 4571 Lauram
739 4518 986 4583 veniens,
1029 4519 1357 4588 praefectum
1419 4519 1618 4591 accipit
1671 4520 2012 4585 Cassianum,

2123 4520 2213 4574 τὸν
2267 4520 2599 4574 ἀποϐάλλει⁹
2652 4523 2746 4574 καὶ
2805 4525 2885 4586 είς
2931 4523 3032 4592 τὴν
3070 4523 3165 4576 τοῦ
3214 4524 3496 4594 μακαρίου
3550 4525 3710 4580 Σάϐα

447 4623 650 4677 genere
715 4607 1247 4681 Scythopoiitanunt,
1309 4611 1571 4683 religione
1623 4611 2019 4674 ﬁdelissimum,

446 4711 503 4757 et
547 4705 734 4758 virtuti
786 4720 848 4759 ac
877 4705 1140 4759 doctrina:
1169 4706 1522 4761 innutritum.
1556 4705 1757 4775 Sicque
1783 4705 1870 4760 vix
1906 4713 2026 4758 tan-

447 4795 571 4850 dem
602 4797 882 4865 potuimus
927 4799 1280 4868 multiplicem
1315 4809 1370 4854 et
1408 4808 1802 4854 exaestuantem
1831 4813 2024 4854 eorum

447 4887 540 4955 qui
573 4885 818 4958 Origenis
858 4889 1050 4943 morbo
1097 4889 1443 4952 laborabant,
1495 4888 1794 4958 reprimere
1839 4897 1897 4943 et
1940 4904 2028 4942 ar-

447 4993 576 5034 cere
623 4981 907 5048 impetum.
958 4981 1084 5034 Haec
1124 4997 1247 5036 eum
1294 4982 1467 5037 dulcis
1495 4981 1583 5034 illa
1613 4981 1798 5052 lingua
1831 4995 2024 5035 recen-

449 5070 676 5135 suisset,
697 5073 788 5126 ubi
821 5072 1088 5128 intellexit
1117 5072 1378 5144 Cyrillum
1423 5087 1544 5127 esse
1572 5073 1887 5128 monasterii
1914 5088 2027 5127 nia-

449 5161 539 5231 gni
566 5161 842 5232 Euthymii
864 5203 880 5228 ,
910 5180 1033 5219 cum
1065 5179 1260 5235 magno
1292 5165 1541 5232 protinus
1589 5164 1787 5235 gaudio
1808 5205 1822 5229 ,
1863 5163 2024 5230 Ecce,

450 5254 650 5323 inquit,
683 5252 894 5320 Frater,
933 5266 990 5311 tu
1019 5257 1268 5327 ejusdem
1298 5271 1358 5310 es
1403 5267 1564 5326 atque
1599 5271 1730 5326 ego,
1764 5255 2024 5310 emnobii.

450 5345 740 5414 Coepitque
788 5346 1036 5400 oratione
1072 5347 1326 5415 persequi
1371 5362 1457 5400 res
1488 5353 1668 5416 gestas
1711 5354 2026 5399 sanctorum

451 5438 723 5506 Euthymii
752 5446 806 5492 et
836 5437 1013 5493 Sabae.
1041 5438 1135 5492 ille
1158 5450 1338 5492 autem
1365 5453 1488 5493 cum
1521 5454 1613 5493 eas
1642 5437 1708 5492 ab
1737 5437 1842 5492 hoc
1867 5436 2028 5491 beato

449 5530 676 5600 Cyriaco
731 5531 1020 5598 perspicue
1073 5529 1379 5594 didicisset,
1431 5530 1760 5600 conscripsit
1813 5529 2026 5599 singula

451 5620 506 5674 in
537 5620 604 5675 iis
647 5636 788 5690 quos
813 5620 881 5674 de
911 5621 1015 5690 ipis
1056 5622 1275 5692 scripsit
1304 5621 1461 5676 libris
1491 5640 1504 5676 :
1535 5631 1595 5676 ut
1622 5622 1770 5675 illinc
1797 5620 2028 5692 quilibet

453 5711 670 5764 discere
719 5720 933 5782 potest,
985 5713 1033 5767 si
1069 5728 1178 5769 non
1226 5713 1618 5785 pcriunctoric,
1651 5713 1745 5771 sed
1776 5721 2028 5770 accurate

454 5812 518 5851 ea
556 5799 718 5866 legat.

2125 4612 2347 4682 Λαὺραν
2379 4613 2630 4680 ἐλθοῦσα,
2666 4614 2970 4684 ἡγούμενον
2999 4613 3268 4686 λαμϐάνει
3314 4618 3614 4682 Κασιανὺν,
3649 4617 3715 4670 τὸ

2125 4703 2284 4771 γένος
2331 4704 2749 4776 Σκυθοπολίτην,
2806 4707 2868 4760 τὸ
2911 4707 3077 4771 σέϐας
3149 4709 3500 4774 πιστότατον,
3539 4709 3714 4780 ἀρετῇ

2126 4795 2223 4848 καὶ
2252 4796 2416 4865 λόγῳ,
2460 4797 2782 4868 σύντροφον.
2819 4798 2931 4851 Kal
2981 4797 3152 4869 ταύτῃ
3209 4799 3368 4869 μόλις
3403 4799 3714 4869 ἰσχύσαμεν

2126 4885 2223 4954 τὴν
2254 4883 2470 4957 [φυγεῖν
2497 4886 2617 4954 τὴν,
2653 4895 2774 4952 εισ.,
2816 4883 2866 4960 1]
2913 4885 3117 4958 πολλὴν
3148 4887 3259 4940 τῶν
3290 4888 3358 4940 τὰ
3398 4888 3716 4958 Ὠριγένους

2128 4976 2431 5029 νοσούντων
2485 4976 2664 5048 ὁρμὴν
2716 4976 2919 5048 [ὁρμὴν
2955 4978 3032 5044 1],
3083 4978 3577 5050 [ἀνακρούσασθαι,
3615 4981 3711 5032 καὶ

2128 5065 2481 5118 καταστεῖλαι
2526 5054 2974 5134 ’φλεγμαίνουσαν
3024 5065 3106 5137 ‘2].
3157 5066 3342 5122 Ταῦτα
3396 5070 3428 5140 ή
3484 5069 3705 5138 γλυκεῖα

2128 5157 2312 5228 ἐκείνη
2345 5159 2567 5226 γλῶσσα
2593 5159 2960 5225 διεξελθοῦσα,
2984 5159 3058 5223 ὠς
3085 5160 3182 5215 καὶ
3208 5162 3309 5232 τῆς
3335 5163 3428 5215 τοῦ
3467 5163 3699 5230 μεγάλου

2134 5249 2303 5319 μονῆς
2352 5250 2628 5321 Εὑθυμίου
2686 5252 2849 5323 μάθοι
2885 5254 2976 5305 τὸν
3025 5254 3301 5324 Κύριλλον
3355 5251 3520 5319 εἰναι,
3573 5256 3711 5324 μετά

2131 5338 2491 5408 περιχαρείας
2541 5339 2702 5402 εὐθὺς
2733 5381 2748 5406 ,
2798 5339 2931 5394 Ἰδοὺ
2986 5341 3081 5394 καὶ
3136 5342 3604 5412 συγκοινοϐιώτης
3663 5341 3716 5395 εί

2134 5443 2247 5496 μοι,
2289 5431 2479 5498 φησὶν,
2515 5430 2732 5500 ἀδελφέ.
2771 5433 2881 5485 Kal
2926 5432 3199 5487 διαλαϐὼν
3228 5435 3295 5487 τὰ
3327 5436 3455 5505 περὶ
3489 5435 3602 5487 τῶν
3653 5435 3716 5486 ἐν

2132 5519 2310 5585 ἁγίοις
2369 5520 2644 5590 Εὑθυμίου
2694 5523 2936 5594 διηγεῖτο
2999 5523 3092 5576 καὶ
3149 5524 3320 5579 Σάϐα.
3378 5524 3488 5576 Kal
3533 5527 3715 5577 ταῦτα

2132 5613 2338 5675 ἐκεῖνος
2387 5613 2494 5666 ὑπὸ
2521 5613 2616 5667 τοῦ
2673 5616 2947 5684 μακαρίου
2984 5616 3172 5670 τούτου
3203 5615 3488 5688 Κυριακοῢ
3519 5617 3716 5686 σαφῶς
3767 5655 3784 5666 .

2132 5703 2426 5774 διδαχθεὶς,
2461 5707 2518 5759 ἐν
2549 5710 2664 5771 τοῖς
2691 5707 2873 5760 αὐτῶν
2901 5708 3110 5764 ἕκαστα
3137 5710 3319 5778 λόγοις
3369 5709 3710 5780 ἀνέγραψεν·

2137 5795 2213 5860 ὡς
2241 5797 2390 5852 ἐστιν
2425 5798 2636 5852 ἐκεῖθεν
2679 5801 2896 5870 μαθεῖν,
2931 5801 3090 5865 εἴτις
3125 5801 3198 5871 μὴ
3229 5801 3543 5872 παρέργως,
3593 5800 3712 5855 ἀλλ’

2139 5891 2382 5958 ἀκριϐῶς
2413 5894 2551 5948 αὐτὰ
2583 5893 2904 5963 ἐπιλέγοιτο.
