4060 6482
493 359 598 421 939

496 570 846 630 permanens,
889 566 1012 606 cum
1048 564 1244 616 aquam
1297 563 1360 601 ex
1414 545 1658 600 fontibus
1689 559 1797 596 non
1853 546 2078 596 haberet

497 659 642 722 (quo
691 663 812 702 cum
850 646 966 714 ipse
999 650 1267 704 uteretur,
1315 650 1428 692 tum
1461 637 1625 692 etiam
1655 637 1802 690 olera
1835 637 2074 705 rigaret),

495 756 617 794 eam
673 753 794 806 quae
848 735 903 788 in
953 741 1232 803 petrarum
1289 726 1723 783 concaritatibus
1778 739 2077 795 congrega-

489 833 654 887 batur
684 827 1038 890 exhauriens,
1099 830 1289 878 aestate
1339 820 1428 873 illa
1474 820 1541 874 ad
1571 817 1855 874 meridiem
1886 817 2080 888 irriga-

500 926 617 987 bat,
689 937 792 976 nec
841 919 1080 989 amplius
1131 916 1282 970 sitire
1331 913 1564 968 sinebat.
1621 909 1896 980 Tempore
1933 909 2076 961 enim

493 1014 745 1070 autumni
775 1021 1073 1081 tempestas
1104 1009 1223 1078 ipsa
1272 1021 1337 1060 ea
1365 1005 1496 1059 satis
1538 1003 1867 1071 abundeque
1897 1000 2080 1069 irriga-

494 1105 608 1157 ba-t.
664 1102 798 1155 Cum
857 1107 1039 1152 autem
1098 1110 1293 1164 magna
1351 1093 1569 1148 siccitas
1632 1090 1925 1160 aliquando
1982 1104 2079 1159 per

495 1205 738 1250 aestatem
780 1190 1121 1260 contigisset,
1171 1197 1224 1242 et
1258 1201 1378 1255 quae
1409 1194 1538 1240 sunt
1572 1185 1624 1238 in
1660 1184 1827 1253 petris
1877 1197 2076 1236 conca-

492 1289 690 1340 vitates
739 1297 808 1336 ne
851 1281 1136 1350 vestigium
1171 1279 1388 1348 quidem
1444 1278 1709 1330 haberent
1739 1291 1914 1344 aquae,
1961 1274 2074 1338 ille,

492 1377 668 1431 oculis
717 1375 770 1429 in
823 1371 1024 1426 cwlum
1078 1371 1326 1432 sublatis,
1363 1369 1552 1438 petita
1599 1366 1710 1420 Deo
1764 1382 1979 1435 aquam.
2017 1367 2081 1419 lit

493 1483 620 1522 ecce
669 1468 952 1536 repentina
993 1463 1235 1531 quicdam
1263 1461 1437 1514 nubes
1462 1475 1625 1527 super
1662 1459 2081 1528 caputcondern

493 1567 612 1614 sata
669 1559 852 1625 erupit
886 1555 939 1608 in
971 1554 1230 1623 pluviam,
1264 1552 1492 1621 ejusque
1535 1549 1754 1619 hydrias
1801 1557 1854 1602 et
1896 1558 2079 1618 petra-

498 1663 621 1704 rum
662 1661 905 1702 concava
952 1646 1136 1700 omnia
1187 1643 1435 1713 implevit
1495 1659 1510 1697 :
1567 1656 1746 1709 eaque
1799 1651 1856 1694 et
1903 1641 2075 1693 sancti

497 1739 644 1803 usui,
681 1748 736 1792 et
769 1737 976 1791 olerum
1026 1732 1329 1805 irrigationi
1375 1730 1473 1785 diu
1535 1728 1878 1798 multumque
1910 1727 2077 1782 sulIe-

1725 351 1887 410 ΜΕΝ
1895 349 2010 409 SIS
2051 349 2343 409 SEPTEM
2355 349 2526 411 BER.

565 469 802 522 Sanctus
842 473 1025 517 autem
1078 460 1166 515 hic
1213 456 1475 530 Cyriacus
1523 454 1701 510 adhuc
1733 457 1786 508 in
1822 455 2069 508 Susacim
2101 460 2144 517 Α

3638 356 3727 416 940

2255 454 2312 507 't)
2348 457 2402 508 δὲ
2440 455 2597 522 ἅγιος
2662 444 2819 516 οὗτος
2869 452 3154 524 Κυριακδς
3223 455 3299 526 τῷ
3355 457 3616 529 Σουσακὶμ
3661 467 3728 517 ‘att

2179 546 2539 615 παραμένων,
2568 543 2760 613 ἐπειδὴ
2795 542 2942 613 ὕδωρ
2968 543 3118 612 αὐτῷ
3149 543 3218 598 ὲκ
3249 547 3437 615 πηγῶν
3481 549 3539 601 οὐ
3569 555 3729 621 παρῆν

2179 635 2340 702 (ὥστε
2371 635 2510 705 ὁμοῦ
2557 635 2659 702 μὲν
2697 633 2862 688 αὑτὸν
2892 633 3148 704 χρῆσθαι,
3181 637 3322 706 ὁμοῦ
3348 638 3403 691 δὲ
3436 640 3523 692 καὶ
3555 643 3616 694 τὰ
3645 645 3730 697 λὰ·-

2178 743 2318 795 χανα
2363 726 2596 796 ἄρδειν),
2635 727 2696 779 τὸ
2743 727 2801 779 ὲν
2835 730 2950 788 τοῖς
2999 729 3110 779 τῶν
3157 729 3374 797 πετρῶν
3417 731 3731 802 κοιλώμασιν

2177 819 2651 886 ὲπισυναγόμενον
2681 817 2973 880 ἐξαντλῶν,
3031 819 3253 880 ὲπότιζέ
3287 836 3344 871 τε
3377 820 3564 890 θέρους
3608 826 3733 880 αὺτὰ

2179 909 2322 962 κατὰ
2355 907 2728 978 μεσημϐρίαν,
2767 910 2862 961 καὶ
2891 909 3078 962 οὐκέτι
3109 909 3271 980 διψᾷν
3299 913 3607 984 συνεχώρει.
3639 917 3734 970 Τὸν

2177 1003 2286 1070 γὰρ
2319 1003 2444 1072 περὶ
2473 1001 2533 1052 τὸ
2568 1001 2892 1070 μετόπωρον
2931 1003 3145 1071 χρόνον,
3178 999 3343 1073 ἧρδεν
3371 1004 3509 1058 αὐτὰ
3555 1008 3736 1073 ἱκανῶς

2180 1095 2211 1162 ἡ
2239 1092 2379 1164 ὥρα.
2417 1091 2644 1161 Ᾱῦχμοῦ
2671 1092 2728 1143 δέ
2760 1109 2889 1143 ποτε
2922 1093 3065 1145 κατὰ
3109 1093 3266 1162 θέρος
3299 1093 3490 1146 πολλοῦ
3533 1101 3737 1162 γεγονός

2177 1202 2292 1248 τος,
2348 1187 2442 1236 καὶ
2495 1183 2679 1236 αὐτῶν
2722 1183 2833 1235 τῶν
2873 1187 2928 1235 ἐν
2960 1186 3080 1246 ταῖς
3125 1186 3358 1254 πέτραις
3405 1191 3740 1258 κοιλωμάτιιν

2177 1279 2298 1332 οὐδὲ
2350 1278 2496 1347 ἴχνος
2537 1279 2771 1348 ἐχόντων
2824 1277 3036 1341 ὓδατος,
3066 1279 3134 1330 τὰ
3179 1279 3409 1348 δμματα
3443 1283 3639 1342 ἐκεῖνος
3667 1282 3738 1342 εἰς

2177 1368 2443 1438 οὐρανοὺς
2471 1366 2746 1435 ἀνασχὼν,
2785 1368 2929 1421 αἰτεῖ
2977 1369 3128 1437 παρὰ
3159 1369 3255 1421 τοῦ
3289 1369 3422 1420 Θεοῦ
3459 1370 3612 1438 ὓδωρ.
3642 1373 3745 1425 Καὶ

2179 1454 2376 1524 ἁθρόον
2405 1471 2458 1507 τι
2487 1455 2647 1522 νέφος
2678 1455 2818 1524 ὑπὲρ
2853 1456 3100 1525 κεφαλῆς
3148 1458 3442 1526 παχυνθὲν,
3475 1462 3550 1520 εἰς
3601 1462 3740 1514 ὑετὸν

2178 1547 2390 1619 ἐρράγη
2417 1561 2431 1576 ·
2477 1546 2702 1608 καὶτὰς
2753 1547 2942 1617 ὑδρίας
2981 1547 3172 1612 αὑτοῦ,
3211 1549 3308 1604 καὶ
3338 1550 3405 1601 τὰ
3451 1552 3598 1604 κοῖλα
3643 1554 3740 1606 τῶν

2181 1640 2399 1708 πετρῶν
2423 1638 2710 1707 ἐπλήρωσε
2740 1640 2940 1691 πάντα·
2966 1640 3061 1691 καὶ
3091 1643 3156 1709 τῇ
3192 1655 3250 1690 τε
3277 1640 3370 1693 τοῦ
3403 1643 3543 1694 ὁσίου
3571 1649 3737 1715 χρείᾳ,

2178 1733 2245 1804 τῇ
2308 1747 2366 1782 τε
2403 1729 2514 1782 τῶν
2568 1730 2816 1800 λαχάνων
2873 1731 3086 1802 ἀρδεὶᾳ,
3137 1733 3302 1800 μέχρι
3361 1735 3553 1789 πολὶοῦ
3599 1739 3740 1792 τοῦτο

497 1833 594 1887 cit.
622 1832 725 1886 Hic
767 1829 900 1886 illud
959 1828 1090 1882 mihi
1138 1827 1288 1881 venit
1348 1825 1402 1880 in
1447 1835 1711 1892 mentem,
1761 1823 1930 1894 quod,
1976 1822 2076 1876 etsi

2184 1826 2519 1896 ἐπήρκεσεν.
2565 1825 2776 1878 Ἐκεῖνο
2812 1824 2870 1879 δέ
2910 1842 2978 1894 με
3011 1823 3087 1898 [in
3140 1828 3316 1880 codice
3358 1828 3392 1880 2
3433 1830 3644 1885 deletum
3674 1849 3739 1888 est

495 1923 801 1980 narrationi
829 1922 896 1978 de
927 1927 1120 1978 sancto
1165 1933 1275 1972 non
1313 1919 1576 1981 cohaeret,
1607 1930 1718 1971 non
1741 1914 2078 1969 mediocrem

499 2022 708 2078 tamen,
743 2013 788 2067 si
814 2011 1050 2076 dicatur,
1082 2009 1276 2063 aﬂeret
1305 2007 1618 2062 utilitatem.

577 2206 634 2261 In
665 2205 1020 2261 solitudinem
1060 2203 1352 2274 aliquando
1395 2203 1635 2258 venienti
1695 2202 1858 2273 hujus
1906 2203 2082 2258 sancti

503 2295 797 2365 discipulo,
841 2310 947 2348 una
977 2310 1102 2348 cum
1137 2293 1520 2362 condiscipulo
1563 2292 1888 2357 Paramono,
1919 2308 2084 2362 appa-

500 2395 584 2439 ret
623 2387 766 2440 circa
795 2387 1030 2455 myricas
1059 2395 1325 2455 agrestes,
1351 2393 1503 2439 stans
1532 2384 1806 2453 quoddam
1836 2383 2078 2439 hominis

499 2477 706 2532 idolon.
762 2476 873 2543 Illi,
943 2477 993 2530 id
1035 2477 1180 2544 quod
1231 2475 1560 2530 cernebatur
1601 2490 1667 2529 ex
1740 2474 2084 2528 anachoretis

502 2584 670 2624 unum
723 2584 845 2624 csse
890 2569 1272 2623 existimantes
1319 2567 1497 2639 (inulti
1531 2566 1674 2621 enim
1721 2566 1776 2620 id
1824 2566 2084 2636 temporis

499 2659 848 2714 solitudinem
896 2659 1038 2713 hanc
1079 2658 1442 2727 habitabant),
1477 2657 1547 2712 ad
1573 2673 1700 2712 eum
1741 2659 1924 2711 statim
1956 2663 2085 2710 sunt

505 2750 780 2807 conversi.
823 2749 1072 2821 Cumque
1119 2752 1232 2820 jam
1280 2765 1450 2820 prope
1507 2749 1786 2813 adessent,
1849 2757 1906 2802 et
1953 2763 2084 2802 nus-

505 2859 673 2912 quam
711 2851 860 2898 esset
904 2842 1051 2912 quod
1099 2851 1449 2916 apparuerat,
1488 2842 1562 2896 illi
1617 2848 1828 2906 contra,
1883 2841 2084 2894 malum

500 2935 834 2990 arbitrantes
858 2950 983 3000 esse
1015 2935 1294 3006 spiritum,
1354 2936 1636 3006 apprecati
1667 2945 1832 2999 sunt,
1876 2943 1928 2988 et
1963 2948 2086 3002 prev

502 3027 730 3088 cationi,
753 3025 950 3091 Amen,
973 3025 1394 3098 subjungentes,
1428 3029 1537 3081 huc
1565 3036 1620 3080 et
1650 3026 1781 3080 illuc.
1809 3034 2083 3094 spectant,

505 3125 562 3170 et
597 3114 859 3185 Spelzeum
895 3115 1170 3185 quoddam
1201 3117 1335 3184 ipsis
1383 3116 1806 3170 subterraneum
1837 3124 2080 3186 apparet.

503 3203 660 3273 Quod
725 3203 945 3274 signum
1011 3218 1202 3259 rursus
1256 3203 1542 3258 dexterum
1619 3203 1954 3273 judicantes,
2028 3210 2084 3257 et

502 3295 791 3365 quemdam
821 3295 913 3348 Dei
968 3309 1188 3349 servum
1247 3309 1391 3360 esse,
1440 3309 1567 3348 eum
1600 3295 1691 3364 qui
1732 3304 2081 3364 apparuerat,

505 3403 570 3440 ac
604 3386 657 3440 in
696 3386 828 3440 illud
867 3400 925 3440 se
971 3383 1304 3449 occuluisse,
1353 3393 1517 3451 atque
1559 3383 1615 3437 in
1651 3398 1717 3438 eo
1761 3385 2083 3438 delitescere

505 3488 787 3549 putantes,
821 3488 1014 3548 rogant
1041 3487 1099 3532 ut
1143 3477 1584 3532 benedictionem
1622 3476 1756 3547 ipsis
1806 3476 2083 3548 impertiat

505 3577 559 3622 et
583 3582 796 3637 pacein.

583 3657 829 3714 Tandem
875 3659 1172 3729 aliquando
1240 3673 1343 3714 vox
1403 3657 1733 3714 intrinsecus
1780 3657 1964 3714 sonuit
2017 3674 2082 3713 ex

503 3750 723 3822 spelzeo,
791 3750 980 3804 dicens
1052 3768 1066 3804 :
1113 3751 1253 3816 Quid
1305 3767 1392 3805 me
1443 3751 1647 3807 vultis?
1709 3767 1830 3807 sum
1878 3754 2081 3807 etenim

502 3843 731 3897 femina.
771 3844 897 3908 Sed,
944 3841 1062 3911 Quo
1090 3843 1542 3915 proﬁciscimini?
1589 3845 1818 3913 rogavit.
1844 3846 1924 3899 Ad
1952 3861 2084 3900 ana-

505 3935 815 3999 eboretam,
845 3935 1126 4003 inquiunt,
1167 3935 1473 4008 Cyriacum.
1517 3938 1624 3992 Sed
1656 3940 1743 3993 dic
1773 3942 1954 4006 nobis,
1991 3941 2083 4010 qui

505 4042 726 4090 vocere,
776 4036 828 4080 et
855 4043 960 4096 qua
987 4030 1195 4082 ratione
1231 4031 1322 4083 hic
1371 4046 1455 4091 es,
1500 4039 1553 4084 et
1595 4033 1950 4100 quamobrem
1978 4034 2086 4088 huc

505 4117 828 4171 acceSsisti?
883 4118 971 4171 illa
1006 4135 1155 4182 Viro.
1205 4120 1363 4175 Nunc
1397 4122 1617 4190 quidem
1667 4123 1835 4187 abite,
1875 4124 2083 4192 inquit;

508 4209 869 4263 redeuntibus
915 4220 1097 4263 autem
1154 4227 1366 4276 rursus,
1419 4213 1620 4266 dicam.
1667 4215 1803 4268 Cum
1841 4230 1969 4286 ergo
2010 4216 2084 4270 ilti

510 4301 816 4369 impensius
875 4300 1168 4368 instarent,
1223 4313 1276 4356 et
1327 4318 1397 4356 ne
1442 4305 1712 4359 tantillum
1769 4307 1987 4374 quidem
2026 4324 2085 4363 se

507 4391 863 4447 abscessuros
893 4394 1163 4456 dicerent,
1217 4395 1271 4447 ni
1335 4394 1484 4463 prius
1523 4411 1643 4464 qua:
1682 4397 1896 4452 beatam
1938 4398 2081 4452 illam

2185 1915 2280 1988 με]
2318 1915 2616 1985 γενόμενον
2651 1917 2885 1969 ἐνταῦθα
2920 1918 3260 1988 είσέρχεται,
3291 1920 3429 1991 ὅπερ
3457 1923 3504 1975 εί
3536 1926 3624 1976 καὶ
3671 1931 3738 1999 μὴ

2179 2012 2279 2079 τῆς
2329 2010 2427 2064 τοῦ
2480 2010 2638 2079 ἁγίου
2678 2011 2860 2080 ἔχεται
2903 2011 3239 2083 διηγήσεως,
3271 2013 3391 2068 ἀλλ’
3425 2017 3483 2069 οὐ
3532 2020 3738 2089 μετρίαν

2126 2131 2130 2136 -
2181 2102 2320 2159 οἴσει
2349 2102 2542 2174 λεχθὲν
2572 2102 2669 2156 καὶ
2695 2103 2828 2160 αὐτὸ
2861 2104 2962 2174 τὴν
2988 2103 3285 2171 ὠφέλειαν.

2256 2196 2518 2267 Παριόντι
2553 2197 2696 2249 κατὰ
2741 2195 2842 2267 τὴν
2894 2197 3102 2267 ἔρημον
3131 2198 3215 2269 τῷ
3249 2201 3469 2274 μαθητῇ
3497 2219 3616 2258 ποτε
3654 2201 3735 2258 τοῦ

2183 2293 2342 2360 ἁγίου
2390 2292 2584 2346 τούτου
2623 2292 2762 2362 μετὰ
2802 2290 2920 2362 [καὶ
2943 2291 2999 2362 2]
3026 2291 3118 2346 τοῦ
3159 2282 3528 2366 συμφοιτηταὶ
3575 2298 3737 2368 Παρα.

2187 2387 2372 2456 μόνου,
2425 2384 2778 2453 ἐπιφαίνεταί
2823 2402 2875 2437 τι
2927 2386 3060 2455 περὶ
3093 2387 3306 2459 μυρίκη
3357 2389 3522 2460 ἀγρίᾳ
3562 2387 3734 2455 ἑστὼς,

2183 2475 2473 2546 ἀνθρώπου
2505 2475 2742 2530 εἴδωλον.
2779 2476 2842 2529 Οἱ
2876 2476 2953 2538 δὲ,
2983 2477 3094 2528 τῶν
3129 2479 3502 2549 ἀναχωρητῶν
3529 2479 3735 2552 [iuxta-

2185 2567 2353 2638 ριτῶν
2388 2565 2441 2638 1]
2492 2567 2586 2618 ἕνα
2616 2567 2678 2619 τὸ
2723 2570 3051 2637 φαινόμενον
3089 2570 3374 2639 οἰηθέντες
3415 2572 3604 2641 (πολλοὶ
3640 2576 3732 2641 γαρ

2183 2659 2284 2729 τὴν
2316 2658 2524 2729 ἔρημον
2553 2659 2760 2732 ταύτην
2791 2658 2857 2710 ’τὸ⁴
2884 2661 3192 2732 τηνικαῦτα
3216 2661 3418 2733 ᾤκουν)
3446 2666 3575 2735 πρὸς
3596 2665 3732 2717 αὐτὸν

2184 2752 2389 2814 εὐθέως
2419 2753 2745 2820 ἐτράποντο.
2789 2754 2945 2806 Ἐπεὶ
2994 2754 3050 2807 δὲ
3102 2753 3338 2826 πλησίον
3370 2752 3506 2830 ἦσαν
3534 2759 3623 2830 ήδη
3655 2756 3732 2812 καὶ

2183 2844 2245 2897 τὸ
2276 2845 2446 2914 φανὲν
2474 2845 2739 2915 οὐδαμοῦ,
2772 2845 3013 2916 ἔμπαλιν
3041 2849 3250 2902 ἐκεῖνοι
3281 2852 3514 2918 πονηρὶν
3545 2849 3732 2917 πνεῦμα

2185 2938 2509 3006 νομίσαντες
2547 2935 2688 2990 εἶναι
2717 2977 2733 3002 ,
2773 2939 3157 3010 προσηύξαντο
3189 2955 3204 2970 '
3261 2943 3356 2994 καὶ
3404 2945 3466 3011 τῇ
3505 2943 3621 3011 εὐχῇ
3661 2943 3732 3007 rb,

2198 3032 2392 3103 Ἀμὴν,
2434 3035 2774 3098 ἐπειπόντες,
2803 3036 2974 3106 ὁρῶσι
3012 3039 3140 3106 τῇδε
3179 3039 3411 3092 κάκεῖσε
3440 3054 3453 3070 ο
3501 3039 3588 3089 καὶ
3621 3037 3732 3103 σπῆι

2109 3163 2154 3225 c
2188 3128 2340 3182 λαιόν
2391 3147 2443 3182 τι
2498 3132 2682 3191 αὐτοῖς
2733 3131 2982 3198 ὑπόγεων
3032 3132 3421 3200 ὑποφαίνεται.
3451 3131 3616 3201 Ὅπερ
3653 3145 3733 3196 σηο

2193 3225 2346 3292 μεῖον
2397 3221 2554 3286 αὖθις
2604 3223 2898 3292 κρίναντες
2927 3222 3120 3288 δεξιὸν,
3159 3225 3258 3278 καί
3300 3242 3421 3277 τινα
3463 3222 3632 3276 δοῦλον
3657 3219 3732 3271 τοῦ

2189 3314 2326 3367 Θεοῦ
2372 3315 2464 3368 τὸν
2511 3315 2749 3385 φανέντα
2800 3312 2962 3379 εἶναι,
3010 3318 3107 3370 καὶ
3153 3319 3239 3382 είς
3287 3318 3418 3371 αὐτὸ
3476 3313 3732 3387 καταδῦναι

2191 3409 2580 3474 ὑπολαῦόντες,
2611 3409 2868 3479 εὐλογίας
2903 3413 3088 3475 αὐτοῖς
3119 3413 3449 3484 μεταδοῦναι
3477 3411 3563 3464 καὶ
3610 3408 3734 3479 sipri-

2189 3515 2286 3568 w,;
2316 3501 2526 3571 ἠξίουν.

2272 3655 2402 3724 Ὀψὲ
2453 3655 2584 3722 γοῦν
2632 3673 2762 3708 ποτε
2818 3656 2975 3727 φωνὴ
3033 3656 3254 3710 ἔνδοθεν
3323 3657 3565 3728 ὑπηχήθη
3595 3653 3734 3726 [ἁπη-

2189 3749 2330 3817 χήθη
2362 3746 2414 3819 1]
2459 3750 2522 3800 ἐκ
2563 3747 2656 3799 τοῦ
2691 3749 2958 3818 σπηλαίου
2982 3762 2996 3778 ⁸
3031 3751 3094 3802 Τί
3143 3750 3331 3803 θέλετε
3361 3749 3455 3804 ἀπ’
3477 3747 3634 3819 spor);
3665 3745 3736 3797 λέ-

2189 3856 2384 3906 γουσα,
2445 3839 2582 3908 γυνὴ
2640 3838 2750 3908 γάρ
2802 3841 2942 3909 εἰμι.
2994 3839 3202 3905 Ἀλλὰ.
3257 3839 3367 3896 Ποῦ
3427 3837 3734 3909 πορεύεοοε;

2190 3932 2378 4002 ἤρετο.
2413 3933 2476 3985 Οἱ
2503 3935 2578 3998 δὲ,
2612 3933 2757 4004 Πρὸς
2786 3934 2878 3987 τὸν
2909 3935 3294 4008 ἀναχωρητὴν,
3315 3938 3536 4007 ἔφησαν,
3564 3935 3737 4002 Κυρια-

2172 4005 2310 4079 ’κόν.
2357 4024 2496 4077 Ἀλλ’
2527 4025 2649 4077 είπὲ
2682 4027 2833 4095 ἡμῖν,
2869 4027 2993 4099 ἥτις
3022 4029 3188 4097 καλῇ,
3237 4031 3330 4083 καὶ
3359 4030 3499 4089 ὅπως
3532 4020 3734 4077 ἐνταῦθα

2191 4111 2284 4181 εἷ,
2334 4117 2428 4169 καὶ
2480 4118 2565 4186 ἐφ’
2603 4111 2646 4185 ᾧ
2679 4124 3086 4191 παραγέγονας.
3152 4121 3220 4174 Ἡ
3243 4121 3320 4182 δὲ,
3379 4121 3488 4174 Νῦν
3523 4119 3612 4188 μὲν
3654 4115 3737 4164 ὑπ·

2193 4211 2376 4278 ἁγετε,
2407 4211 2511 4282 ἔφη
2537 4229 2545 4237 ·
2569 4213 2908 4280 ἐπανήκουσι
2938 4213 2994 4264 δὲ
3027 4211 3207 4276 αὖθις,
3237 4213 3368 4284 ἐρῶ.
3413 4212 3494 4273 Ὠς
3522 4205 3606 4262 οὖν
3653 4206 3735 4258 ἑπ-

2193 4302 2404 4356 ἐκειντο
2444 4304 2604 4358 πλέον
2635 4299 2803 4368 οὗτοι,
2830 4306 2924 4358 καὶ
2953 4306 3133 4360 οὐκέτι
3155 4304 3281 4376 [οὐκ
3303 4305 3384 4358 ἔτι
3411 4301 3464 4376 1]
3489 4300 3598 4354 οὐδὲ
3623 4299 3736 4350 ἀπο·

2194 4394 2494 4465 στήσεσθαι
2522 4396 2722 4466 μικρὸν
2763 4396 2950 4463 ἔλεγον
2987 4396 3063 4468 μὴ
3095 4397 3367 4468 πρότερον
3397 4395 3464 4448 τὰ
3492 4391 3620 4446 κατὰ
3655 4388 3733 4454 τὴν

509 4483 852 4552 spectabant,
905 4485 1217 4540 audiissent
1266 4488 1522 4543 :Nomen
1555 4489 1774 4559 quidem
1821 4492 1953 4545 mihi
2002 4502 2084 4547 est

2194 4487 2475 4557 μακαρίαν
2505 4487 2723 4557 ἐκείνην
2762 4488 3118 4556 ἀκούσαντες,
3153 4491 3363 4559 Ὀνομα
3397 4488 3490 4558 μὲν
3519 4482 3616 4551 ἐγὼ
3640 4478 3733 4533 M”

509 4572 702 4639 Maria,
735 4574 950 4644 inquit;
983 4591 1106 4629 cum
1132 4585 1315 4632 autem
1362 4593 1540 4632 essem
1584 4580 1830 4649 psaltria,
1859 4583 1972 4636 scio
2002 4599 2087 4638 me

509 4664 698 4720 multis
736 4666 980 4721 scandali
1036 4668 1378 4724 occasionem
1430 4671 1749 4739 praebuisse.
1785 4672 1952 4726 Deum
1989 4675 2091 4727 ilu-

511 4772 618 4825 que
669 4758 876 4828 rogavi,
917 4775 1153 4828 eumque
1207 4761 1533 4830 suppliciter
1597 4765 1902 4833 obsecravi,
1953 4777 2012 4821 ut
2063 4783 2093 4820 a

515 4850 640 4903 mali
692 4850 902 4919 laqueis
962 4852 1272 4906 liberarer.’
1309 4855 1623 4926 Aliquando
1689 4868 1869 4912 autem
1933 4860 2096 4914 corde

510 4942 766 5006 contrita,
833 4955 888 4996 et
966 4945 1148 4997 anima
1207 4946 1394 5001 divino
1478 4949 1602 5018 igne
1663 4965 1948 5015 succensa,
2032 4954 2085 5005 in

512 5042 762 5088 sanctum
817 5034 966 5089 Siloe
1014 5037 1326 5092 descendi:
1371 5056 1606 5110 cumque
1652 5042 1756 5096 hoc
1819 5059 1913 5099 vas
1951 5063 2091 5116 aqua

514 5123 836 5191 iinplessem
872 5126 1039 5194 (quod
1086 5129 1230 5197 apud
1278 5145 1364 5182 me
1394 5129 1575 5184 adhuc
1618 5134 1847 5200 manet),
1891 5133 2092 5204 lupinis

515 5216 570 5267 in
609 5223 798 5282 sporta
844 5219 1114 5287 acceptis,
1142 5220 1250 5272 huc
1293 5223 1524 5276 accessi.
1560 5221 1706 5277 Nihil
1754 5233 1938 5277 autem
1989 5227 2091 5277 hn-

515 5320 638 5358 rum
692 5321 867 5375 usque
919 5308 974 5362 in
1025 5312 1353 5364 hodiernum
1412 5312 1554 5366 diem
1607 5325 1688 5368 est
1737 5314 2090 5371 diminutum.

517 5393 628 5447 Sed
659 5409 834 5467 neque
865 5413 933 5452 ex.
987 5398 1078 5452 illo
1121 5407 1366 5469 tempore
1405 5399 1679 5455 hominem
1718 5401 1824 5456 vidi
1865 5417 2086 5473 :neque

2190 4578 2302 4646 ρία·
2347 4578 2618 4647 γενομένη
2645 4579 2702 4633 δὲ
2730 4578 2995 4651 ψάλτρια,
3023 4582 3150 4651 ἔφη,
3194 4580 3411 4643 πολλοῖς
3452 4575 3560 4629 οῖδα
3602 4586 3730 4622 σκαν-

2188 4666 2348 4718 δάλου
2399 4668 2675 4738 πρόφασιν
2717 4672 3103 4744 παρασχοῦσα.
3145 4672 3407 4741 Ἐδεόμην
3460 4666 3626 4720 τοίνυν
3654 4656 3730 4708 τοῦ

2191 4757 2348 4823 Θεοῦ,
2388 4764 2482 4812 καὶ
2512 4761 2757 4813 ἱκέτευον
2785 4763 2968 4825 αὐτὸν,
3019 4762 3288 4832 ῥυσθῆναί
3326 4777 3392 4831 με
3419 4758 3521 4811 τῶν
3545 4753 3627 4806 τοῦ
3653 4763 3729 4800 πο·

2193 4854 2362 4922 νηροῦ
2395 4855 2659 4922 παγίδων.
2697 4843 2802 4909 Καί
2836 4875 2967 4911 ποτε
3003 4861 3101 4926 τὴν
3133 4855 3362 4927 καρδίαν
3393 4845 3723 4920 συντριϐεῑςα.

2197 4947 2291 4997 καὶ
2323 4947 2455 5016 πυρὶ
2488 4948 2619 5018 θείῳ
2670 4948 2768 5017 τὴν
2815 4948 2996 5019 ψυχὴν
3030 4947 3512 5022 διαθερμανθείσα,
3543 4941 3612 4999 εἰ.
3655 4935 3726 4982 τὸν

2197 5037 2354 5106 ἅγιον
2380 5040 2604 5109 Σιλωὰμ
2652 5041 2920 5112 κατῆλθον
2944 5057 2957 5070 ·
3007 5042 3100 5097 καὶ
3129 5041 3187 5093 τὸ
3230 5038 3423 5099 σκεῦος
3447 5033 3594 5088 τοῦτο
3622 5024 3724 5090 πλή·

2196 5146 2338 5186 σασα
2390 5131 2582 5196 ὓδατος
2637 5133 2686 5205 (ὃ
2721 5133 2854 5201 παρ’
2885 5136 3012 5205 ἐμοὶ
3065 5137 3155 5187 καὶ
3204 5135 3284 5195 εἰς
3317 5131 3397 5182 ἔτι
3443 5113 3718 5198 μ.ιένει)ι³ί²“ι

2197 5221 2398 5292 θέρμια
2443 5226 2500 5275 ἐν
2532 5227 2594 5294 τῇ
2633 5225 2854 5294 σπυρίδι
2889 5225 3153 5288 λαϐοῦσα,
3206 5224 3440 5277 ἐνταῦθα
3472 5208 3724 5287 παρεγενό·

2201 5332 2329 5383 μην.
2360 5318 2466 5368 Καὶ
2493 5318 2698 5369 τούτων
2733 5318 2882 5370 οὐδὲν
2914 5319 2994 5382 είς
3019 5319 3177 5388 δεῦρο
3215 5313 3566 5386 ἡλαττονήθη,
3609 5295 3728 5359 Ἀλλ’

2197 5407 2317 5459 οὐδὲ
2370 5409 2656 5480 ἄνθρωπον
2705 5410 2765 5474 ἐξ
2805 5412 3016 5463 ἐκείνου
3054 5408 3214 5469 εἶδον,
3265 5405 3383 5460 οὐδὲ
3424 5406 3499 5465 sl;
3544 5393 3726 5469 ὁμιλίαν

514 5687 786 5772 ccenobio,
818 5687 1225 5772 sednunquam
1252 5705 1376 5744 cum
1435 5691 1552 5746 illo.
1608 5687 1734 5743 Ideo
1775 5695 1959 5746 minus
1996 5693 2132 5747 bene
2165 5695 2391 5748 t'crtissc
2445 5695 2660 5750 videtur
2723 5697 2992 5766 interpres
3033 5700 3172 5772 apud
3215 5698 3427 5752 Suriurn
3461 5709 3473 5747 :
3509 5688 3640 5742 diem
3683 5679 3728 5730 ἐκ

515 5762 740 5810 ccuobio
767 5759 984 5812 sedatis.
