4060 6468
410 381 502 448 941

1711 383 1884 441 \"lTA
1929 383 1984 447 Ξ,
2030 379 2351 449 ΕΥΒῘΑΟῘ.

3549 400 3653 466 sie

403 500 533 561 τινὶ,
591 493 714 549 οὐδὲ
759 494 840 559 είς
887 494 1082 562 λόγους
1131 489 1317 564 ἦλθον.
1362 489 1502 546 Ἀλλ’
1539 490 1702 544 ἄπιτε
1752 492 1847 544 νῦν
1897 495 1976 546 κα¹

2097 493 2150 548 in
2188 496 2420 566 alicujus
2467 512 2820 570 congressum
2879 500 3322 573 colloquiumque
3370 507 3514 562 veni.
3548 508 3656 564 γης

404 589 588 656 ὑμεῖς,
620 587 712 640 καὶ
741 586 1180 656 ἀναστρέφοντες
1213 583 1584 652 ἐπισκέψασθέ
1618 581 1976 653 Ῑέπισκέψατέ

403 680 458 754 1]
491 697 581 749 με.

471 772 696 824 Τούτων
725 771 926 826 ἐκεῖνοι
954 772 1312 842 ἀκούσαντες,
1347 775 1720 849 ὑποχωροῦσι,
1753 773 1850 828 καί
1904 773 1979 837 ὡς

399 861 493 914 τὸν
544 860 818 930 μακάριον
863 861 1122 932 ἐλθόντες,
1163 865 1474 933 Κυριακὸν,
1536 863 1979 934 ἀπαγγέλλουσιν

401 952 554 1022 αὐτῷ
587 953 788 1008 πάντα.
815 955 881 1006 '0
913 954 969 1006 δὲ
1005 954 1285 1024 ἐθαύμασέ
1315 972 1394 1020 τε,
1427 956 1502 1020 ὡς
1529 956 1701 1021 εἰκὸς,
1737 955 1834 1009 καὶ
1865 956 1981 1007 ἐπι·-

403 1043 710 1112 σκέψασθαι
757 1043 918 1098 πάλιν
963 1045 1136 1115 αὐτὴν
1169 1047 1510 1117 ἐπανήκουσι
1539 1049 1653 1108 τοῖς
1683 1046 1976 1116 μαθηταῖς,

400 1136 496 1188 καὶ
544 1135 707 1197 αὐτὸς
759 1137 1116 1205 ἐπισκήπτει.
1168 1138 1242 1189 Τὸ
1273 1137 1541 1208 σπήλαιον
1583 1137 1762 1192 τοίνυν
1806 1139 1862 1190 ὲν
1912 1139 1976 1207 τῇ

401 1227 646 1294 ὲπανόδῳ
688 1229 1112 1293 καταλαϐόντες,
1163 1230 1258 1283 καὶ
1307 1229 1407 1301 τὴν
1462 1230 1669 1284 εἴσοδον
1725 1231 1865 1284 κατὰ
1918 1229 1980 1283 τὸ

403 1317 637 1388 σύνηθες
683 1318 972 1386 κόψαντες,
1028 1320 1152 1372 ἐπεὶ
1201 1319 1414 1373 ἔνδοθεν
1462 1318 1638 1392 [ἔνδον
1696 1319 1750 1391 1]
1791 1321 1976 1384 αὐτοῖς

398 1409 737 1478 ἀπεκρίνατο
763 1408 883 1462 οὐδὲ
912 1403 1016 1472 εἷς,
1048 1410 1411 1480 παρελθόντες
1443 1411 1594 1474 εἴσω,
1627 1413 1979 1483 εὑρίσκουσιν

398 1501 570 1570 αὐτὴν
601 1500 700 1570 ἤδη
749 1499 1154 1566 τελειωθεῖσαν,
1194 1501 1288 1554 καὶ
1318 1502 1378 1554 τὸ
1409 1502 1567 1569 σῶμα
1598 1505 1792 1575 νεκρὸν
1825 1505 1978 1574 παρά

396 1593 475 1663 τῷ
525 1593 771 1664 σπηλαίῳ
825 1593 1100 1662 κείμενον.
1145 1595 1491 1660 Ἀνελθόντες
1522 1596 1615 1651 οὖν
1646 1601 1725 1661 είς
1753 1599 1852 1668 τὴν
1883 1598 1977 1652 τοῦ

396 1685 578 1739 Σουκᾶ
617 1683 846 1754 λαύραν,
877 1687 971 1738 καὶ
997 1688 1140 1739 ὅσων
1169 1682 1236 1757 ἦν
1280 1690 1464 1752 αὐτοῖς
1497 1689 1635 1760 πρὸς
1667 1689 1764 1758 τὴν
1799 1691 1978 1760 ταφὴν

396 1776 557 1846 χρεία
601 1777 883 1841 λαϐόντες,
929 1775 1180 1848 ἔρχονται
1223 1779 1358 1849 πρὸς
1387 1780 1448 1833 τὸ
1500 1781 1761 1851 σπήλαιον
1797 1780 1972 1844 αὖθις·

2084 586 2249 657 igitur
2285 603 2434 643 nunc
2466 589 2634 656 abite,
2665 599 2719 646 et
2745 601 3083 649 revertentes
3119 594 3335 651 invisite
3359 613 3467 652 me.

2155 768 2263 834 Illi,
2297 769 2385 824 bis
2419 771 2646 838 auditis,
2675 774 2941 830 recedunt
2972 792 2987 831 ε
3031 784 3085 831 et
3122 778 3188 831 ad
3221 778 3438 834 beatum
3467 781 3656 851 Cyria-

2083 875 2208 914 cum
2240 862 2528 916 venientes
2549 864 2730 918 omnia
2771 865 2875 936 ipsi
2910 870 3249 924 renuntiant.
3283 872 3396 935 ille,
3431 883 3491 927 ut
3523 889 3654 928 con-

2080 961 2407 1007 sentaneum
2468 965 2605 1021 erat,
2669 957 2901 1013 miratus
2959 969 3043 1014 est
3100 968 3178 1026 et,
3253 965 3655 1020 revertentibus

2081 1039 2388 1110 discipulis,
2416 1052 2476 1098 ut
2507 1060 2627 1100 eam
2697 1063 2894 1103 rursus
2939 1050 3178 1106 invisam
3222 1054 3463 1109 mandat.
3513 1056 3654 1125 Spe-

2081 1132 2238 1187 laaum
2272 1135 2454 1206 itaque
2491 1137 2546 1191 in
2594 1141 2771 1195 reditu
2822 1143 2992 1208 nacti,
3039 1145 3356 1216 aditumque
3400 1148 3470 1203 de
3501 1163 3652 1204 more

2081 1224 2389 1294 pulsantes,
2426 1244 2548 1282 cum
2579 1230 2726 1286 intus
2758 1247 2920 1288 nemo
2943 1250 3083 1289 unus
3115 1237 3247 1305 ipsis
3275 1240 3650 1308 responderet.

2080 1315 2403 1387 introgressi
2467 1321 2753 1378 inveniunt
2803 1340 2924 1379 eam
2977 1327 3088 1397 jam
3126 1329 3233 1382 vita
3284 1328 3548 1392 functam.
3599 1341 3655 1385 et

2081 1419 2281 1483 corpus
2312 1408 2568 1462 exanime
2611 1411 2664 1464 in
2719 1413 2977 1481 spelunca
3019 1414 3229 1484 jacens’.
3282 1419 3654 1474 Ascendentes

2081 1495 2242 1565 igitur
2273 1496 2325 1550 in
2377 1497 2531 1553 Sucaa
2576 1501 2808 1569 lauram,
2844 1514 2896 1557 et
2961 1506 3139 1560 omnia
3181 1507 3376 1576 quibus
3426 1509 3558 1578 ipsis
3585 1510 3652 1568 ad

2079 1587 2416 1657 sepulturam
2471 1607 2603 1647 usus
2632 1601 2751 1647 erat
2792 1605 3160 1662 assumentes,
3199 1614 3388 1654 rursus
3421 1599 3486 1654 ad
3526 1615 3654 1670 spe-

2077 1679 2237 1735 laeum
2267 1683 2496 1738 veniunt
2530 1703 2542 1740 :
2577 1694 2633 1740 et
2664 1702 2782 1755 quae
2823 1688 2892 1743 de
2927 1704 3080 1744 more
3137 1689 3272 1745 fiunt
3306 1707 3470 1763 super
3497 1693 3652 1750 beata

2078 1783 2428 1843 peragentes,
2471 1773 2692 1830 domum
2719 1777 2770 1831 ei
2806 1779 3015 1836 faciunt
3040 1780 3374 1853 sepulcrum,
3408 1783 3653 1854 reliquiis

397 1867 492 1918 καὶ
522 1865 840 1928 τελέσαντες
869 1867 962 1917 ἔπι
989 1869 1054 1935 τῇ
1091 1867 1341 1937 μακαρίᾳ
1385 1865 1454 1920 τά
1495 1867 1747 1928 εἰωθότα.
1780 1867 1880 1936 τὴν
1908 1866 1976 1919 oi-

2083 1862 2136 1917 in
2169 1865 2428 1934 spelunca
2461 1867 2576 1936 ipsa
2607 1868 2891 1939 depositis.

397 1957 522 2010 κίαν
569 1958 705 2027 αὐτῇ
740 1958 910 2027 τάφον
966 1956 1199 2015 ποιοῦσι.
1252 1959 1386 2025 πρὸς
1429 1958 1578 2029 αύτῷ
1607 1958 1688 2028 τῷ
1721 1959 1977 2029 σπηλαίῳ

394 2047 455 2100 τι
481 2045 734 2115 λείψανον
771 2047 1160 2115 καταθέμενοι.

480 2141 622 2192 Ἀλλ’
657 2140 894 2195 ἐνταῦθα
931 2143 1031 2212 μὲν
1060 2141 1210 2210 ἡμᾶς
1253 2139 1315 2192 τὸ
1353 2139 1447 2193 τοῦ
1490 2139 1836 2210 διηγήματος
1897 2139 1980 2204 ἐξ·

398 2228 653 2298 ήνεγκεν,
687 2229 904 2299 ἣδιστόν
933 2247 991 2283 τε
1029 2229 1167 2299 ὁμοῦ
1201 2229 1297 2282 καὶ
1324 2228 1618 2299 ὠφέλιμον.
1663 2231 1977 2284 Ἐπανιτέον

394 2320 450 2372 δὲ
488 2320 653 2374 πάλιν
687 2321 811 2376 ὅθεν
861 2321 1154 2391 ἐξέϐημεν.
1203 2322 1431 2390 Ὄγδοον
1460 2323 1642 2375 τοίνυν
1672 2320 1864 2375 τοῦτον
1917 2323 1976 2375 ὲν

393 2413 473 2483 τῷ
508 2413 790 2482 Σουσακὶμ
817 2412 1082 2479 ἐνιαυτὸν,
1110 2411 1300 2482 ὥσπερ
1326 2412 1559 2483 ἔφημεν,
1577 2413 1671 2464 τοῦ
1700 2414 1974 2482 μακαρίον

395 2504 682 2574 Κυριακοῦ
738 2504 1079 2573 διηνυκότος,
1127 2506 1176 2557 οί
1216 2508 1314 2573 τῆς
1368 2503 1463 2557 τοῦ
1514 2505 1696 2558 Σουκᾶ
1744 2504 1972 2574 λαύρας⁹

397 2602 537 2665 μετά
587 2597 687 2668 τὴν
738 2597 952 2650 τελείαν
1001 2597 1108 2651 τῶν
1151 2598 1222 2649 τὰ
1281 2597 1592 2668 Ὠριγένους
1637 2597 1973 2660 δοξαζόντων

393 2687 743 2758 ἀπαλλαγὴν,
772 2691 953 2741 ἐκεῖσε
980 2688 1073 2740 καὶ
1107 2687 1267 2750 αὖθις
1300 2689 1607 2756 γενόμενοι,
1641 2691 1722 2751 είς
1768 2689 1829 2740 τὸ
1876 2687 1971 2742 τοῦ

399 2780 638 2854 μεγάλου
681 2780 996 2851 Χαρίτωνος
1043 2780 1308 2850 σπήλαιον
1343 2783 1506 2834 αὑτὸν
1533 2782 1761 2854 ἤγαγον.
1795 2775 1869 2834 Ob
1908 2779 1972 2851 δὴ

394 2874 492 2927 καὶ
522 2877 548 2926 ὁ
584 2873 891 2942 θαυμάσιος
923 2873 1194 2943 Κύριλλος
1225 2873 1532 2944 παρέϐαλλε
1580 2875 1839 2944 συνεχῶς,
1875 2875 1972 2925 καὶ

397 2964 600 3036 πολλὴν
634 2965 785 3034 παρὰ
816 2965 912 3016 τοῦ
941 2964 1101 3032 ἁγίου
1133 2965 1324 3018 τούτου
1353 2967 1452 3034 τὴν
1485 2967 1586 3036 τῆς
1613 2947 1812 3038 ἀρετῆς
1859 2966 1971 3018 ἐπί-

392 3057 539 3110 δοσιν
573 3055 670 3110 καὶ
722 3053 820 3126 τὴν
846 3054 1115 3122 ὠφέλειαν
1152 3055 1483 3126 ἐκαρποῦτο.
1529 3055 1699 3124 ’Υπὲρ
1728 3057 1796 3107 τά
1830 3055 1970 3108 ἑπτὰ

393 3149 452 3204 δὲ
480 3149 580 3220 ήδη
618 3147 711 3199 καὶ
737 3147 806 3200 τὰ
836 3148 1034 3202 ἑκατὸν
1058 3150 1085 3200 ὁ
1113 3147 1390 3218 Κυριακὸς
1418 3148 1514 3219 ἔτη
1561 3148 1695 3201 ἐϐίω
1719 3165 1733 3182 ·
1769 3151 1843 3212 ὡς
1871 3149 1967 3200 καὶ

393 3239 493 3295 ἀπ’
526 3238 704 3292 αὐτῶν
749 3239 922 3309 δήπου
974 3239 1082 3294 τῶν
1146 3239 1361 3293 ἐκείνου
1409 3239 1702 3311 περιόδων,
1744 3239 1978 3294 καὶτῶν

396 3330 693 3403 διατριϐῶν
723 3331 1171 3403 μεμαρτύρηται.
1221 3331 1474 3400 ’Λφίκετο
1505 3331 1607 3402 μὲν
1636 3331 1746 3399 γὰρ
1774 3332 1854 3394 είς
1879 3333 1980 3401 τὴν

407 3425 569 3492 ἁγίαν
617 3423 790 3489 πόλιν,
840 3424 987 3492 ἀμφὶ
1034 3422 1105 3477 τὰ
1142 3423 1524 3478 ὀκτωκαίδεκά
1577 3440 1682 3475 που
1740 3423 1979 3492 μάλιστα

395 3516 516 3584 ἒτηο
541 3513 696 3567 ἐννέα
725 3513 784 3566 δὲ
814 3515 964 3585 παρά
995 3514 1074 3584 τῷ
1098 3518 1156 3569 ὲν
1185 3516 1364 3583 ἁγίοις
1387 3515 1684 3586 Γερασίμφ
1715 3514 1976 3585 διέμεινεο

393 3611 622 3669 δέκατόν
641 3628 700 3665 τε
734 3611 833 3683 ἠδη
865 3611 1113 3684 [δέκατον
1144 3607 1246 3682 ήδη
1277 3605 1332 3678 1]
1361 3608 1496 3676 πρὸς
1520 3610 1586 3678 τῇ
1611 3605 1704 3660 τοῦ
1739 3606 1978 3675 μεγάλου

394 3704 674 3774 Εὐθυμίου
717 3707 854 3774 μονῇ
909 3702 1180 3755 διετέλεσε
1233 3700 1470 3770 χρόνονο
1523 3699 1619 3754 καὶ
1673 3700 1834 3752 ἐννέα
1883 3697 1980 3749 καὶ

395 3796 692 3866 τριάκοντα
741 3797 848 3850 ὑπὸ
893 3799 961 3866 τῇ
1017 3794 1112 3847 τοῦ
1185 3794 1367 3848 Σουκᾶ
1422 3791 1602 3863 λαύρα
1651 3791 1976 3859 διηκονεῖτο.

398 3891 661 3957 Πέμπτον
690 3906 750 3942 τε
794 3889 942 3958 αὐτῷ
976 3889 1033 3940 ὲν
1063 3890 1128 3959 τῇ
1165 3885 1257 3938 τοῦ
1289 3886 1555 3957 Νατουφᾷ
1599 3886 1792 3955 ἐρήμῳ
1840 3881 1982 3936 σκίλ-

396 3979 518 4045 λαις
546 3983 867 4051 τρεφομένῳ
901 3981 1196 4050 περιῆλθον
1232 3979 1351 4043 ἔτος
1376 3995 1391 4008 ·
1425 3979 1520 4030 καὶ
1544 3975 1783 4028 τοσαῦτα
1815 3975 1980 4029 πάλιν

396 4076 456 4127 ὲν
483 4074 561 4142 τῷ
589 4074 684 4126 τοῦ
729 4072 929 4128 Ῥουϐἄ
954 4075 1139 4142 ἕτερα.
1174 4072 1310 4140 Περὶ
1338 4070 1440 4140 μὲν
1469 4066 1562 4122 οὖν
1585 4069 1660 4137 τῷ
1693 4066 1980 4135 Σουσακὶμ

397 4167 627 4236 ἕϐδομον
659 4166 907 4218 ἐνιαυτὸν
949 4168 1135 4236 μεῖναι
1173 4164 1491 4233 ἱστόρηται·
1522 4162 1653 4230 περὶ
1691 4161 1748 4213 δὲ
1779 4158 1858 4230 τῷ
1885 4157 1978 4211 τοῦ

397 4263 457 4312 ὲν
504 4260 683 4327 ἁγίοις
723 4260 1042 4328 Χαρίτωνος
1098 4256 1375 4328 σπηλαίῳ,
1427 4255 1720 4324 πέμπτον·
1770 4255 1867 4306 καί⁵
1911 4250 1978 4305 αὖ

398 4353 485 4426 [in
537 4354 712 4407 cod‘ce
750 4355 786 4407 2
838 4352 1064 4408 deletum
1101 4360 1176 4403 est
1224 4346 1316 4422 αὖ]
1366 4348 1528 4401 πάλιν
1564 4349 1621 4400 ἐν
1659 4345 1736 4417 τῷ
1769 4343 1887 4416 [τοῦ
1928 4343 1976 4414 11

397 4447 683 4515 Σουσακὶμ
729 4444 938 4514 ὄγδοον.
999 4444 1190 4513 Ἀνέϐη
1227 4443 1414 4512 μέντοι
1447 4441 1553 4513 πρὸ
1601 4439 1696 4491 δύο
1739 4437 1885 4510 [δύον
1924 4435 1977 4509 1]

397 4539 494 4606 τῆς
529 4537 786 4605 τελευτῆς
813 4537 1044 4607 χρόνων,
1078 4536 1174 4588 καὶ
1209 4533 1365 4596 αὖθις
1399 4531 1552 4602 παρά
1579 4532 1638 4584 τὸ
1669 4528 1769 4603 [τῷ
1801 4528 1856 4601 1]
1880 4528 1975 4582 τοῦ

396 4631 714 4698 Χαρίτωνος
765 4629 1031 4700 σπήλαιον
1084 4626 1363 4699 [σπηλαίῳ
1418 4623 1496 4697 1].
1566 4624 1661 4685 Εἰς
1711 4619 1871 4674 τοῦτο
1917 4622 1974 4672 δι

397 4719 549 4789 ὅμως
581 4721 799 4789 ἡλικίας
837 4718 1034 4782 ἐλθὼν,
1061 4719 1157 4771 καὶ⁹
1198 4716 1480 4786 βαθύτατα
1516 4714 1659 4768 οὕτω
1699 4713 1973 4782 γηράσας,

397 4813 521 4865 οὐδὲ
556 4812 732 4885 βραχὺ
770 4813 869 4880 τῆς
911 4812 1040 4881 περὶ
1058 4812 1186 4873 τοὺς
1221 4810 1398 4869 θείους
1441 4808 1648 4876 ὕμνους
1706 4808 1972 4865 στάσεως,

398 4914 495 4960 καί
537 4909 632 4976 τῆς
663 4907 941 4968 διακονίας
969 4906 1078 4957 τῶν
1121 4903 1272 4973 αὐτῷ
1307 4900 1774 4972 παραϐαλλόντων
1823 4900 1977 4966 ὑφεῖ-

395 5013 479 5048 το.
536 4996 675 5048 ’Λλλ’
705 4996 814 5064 Bap
847 4997 1132 5064 κατεγήρα
1171 4997 1238 5063 τῇ
1295 4993 1504 5066 ήλικίᾳ,
1544 4989 1788 5058 τοσούτῳ
1837 4989 1976 5057 μᾶλ-

397 5089 490 5143 λον
531 5091 768 5160 ἐσφρίγα
826 5090 919 5143 καὶ
979 5087 1345 5159 ὐπερήκμαζε
1403 5090 1470 5156 τῇ
1531 5084 1834 5156 προθυμίᾳ,
1881 5081 1976 5132 καὶ

397 5183 734 5252 θερμότερον
782 5183 893 5236 τῶν
951 5180 1112 5234 θείων
1172 5179 1404 5248 ἀγώνων
1451 5179 1548 5231 καὶ
1599 5176 1976 5246 γενναιότερον

395 5278 624 5348 ἥπτετο.

467 5365 577 5423 Ἦν
615 5367 672 5420 δὲ
714 5366 978 5438 μειλίχιος
1030 5365 1134 5434 μὲν
1163 5368 1193 5420 ὁ
1220 5363 1364 5437 ἀνὴρ
1394 5365 1490 5418 καὶ
1543 5364 1726 5434 ἱλαρὸς
1759 5364 1852 5418 καὶ
1883 5363 1972 5416 εὐ.

398 5460 678 5531 πρόσιτος,
711 5463 962 5532 εὐμήκης
993 5461 1050 5512 δὲ
1083 5459 1209 5513 ίδείν
1249 5463 1343 5512 καὶ
1382 5457 1703 5526 ἀνεστηκὼς
1725 5473 1740 5486 ’
1789 5459 1883 5509 τόν
1918 5471 1978 5507 τε

399 5557 601 5624 αὐχένα
632 5555 788 5625 ὀρθὸ,
815 5556 895 5609 ἔτι
924 5557 1017 5608 καὶ
1049 5554 1389 5618 ὐπονεάζων,
1416 5554 1513 5606 καὶ
1541 5552 1662 5605 οὐδὲ
1696 5551 1757 5604 τὸ
1786 5549 1968 5620 παράσ

401 5663 510 5698 παν
559 5646 655 5698 τοῦ
695 5645 881 5716 γήρως
931 5643 1271 5717 ἡττώμενος,
1319 5639 1702 5704 διδασκαλικὸς
1736 5638 1827 5692 τὸν
1861 5635 1981 5688 1:06-

471 5804 584 5874 (22)
627 5809 782 5860 Anno
811 5805 936 5859 555.

2153 2136 2261 2190 Sed
2294 2136 2401 2190 huc
2433 2135 2653 2205 quidem
2690 2151 2788 2192 nos
2823 2137 3063 2193 narratio
3106 2139 3330 2195 deduxit
3374 2142 3655 2212 iucundis.

2081 2225 2217 2280 sima
2249 2227 2402 2295 juxta
2435 2235 2598 2296 atque
2634 2226 2802 2280 utilis.
2857 2225 3068 2283 Rursus
3097 2237 3280 2283 autem
3313 2232 3652 2288 redeundum

2082 2326 2168 2371 est
2223 2317 2369 2370 unde
2421 2317 2650 2387 digressi
2718 2332 2928 2372 sumus.
2983 2317 3119 2372 Cum
3185 2320 3346 2391 igitur
3403 2334 3653 2379 oetavum

2080 2404 2227 2457 hunc
2259 2404 2312 2457 in
2341 2403 2588 2459 Susacim
2613 2421 2840 2472 annum,
2870 2415 2929 2460 ut
2954 2407 3216 2474 diximus,
3248 2411 3440 2467 beatus
3467 2413 3655 2484 Cyria.

2078 2511 2174 2551 cus
2200 2498 2550 2564 confecisset,
2579 2500 2672 2568 qui
2707 2508 2864 2555 erant
2916 2502 3083 2557 laura:
3146 2503 3320 2570 Sucaa,
3371 2515 3494 2577 post
3531 2523 3655 2579 per-

2078 2591 2276 2646 fectam
2309 2592 2693 2654 liberationem
2724 2593 2790 2656 ab
2822 2594 2889 2647 iis
2915 2595 3006 2663 qui
3041 2595 3292 2666 Origenis
3323 2601 3654 2668 sententiain

2079 2678 2362 2741 tenebant,
2397 2694 2518 2732 cum
2553 2679 2683 2734 illuc
2723 2696 2915 2736 rursus
2959 2685 3342 2745 accessissent,
3391 2687 3569 2757 ipsum
3601 2690 3652 2742 in

2081 2769 2262 2839 magni
2318 2769 2635 2824 Cliaritonis
2689 2772 2946 2840 spela'um
2986 2774 3330 2828 deduxerunt
3361 2776 3494 2845 (22).
3537 2779 3657 2842 Quo

2079 2863 2246 2916 ctiam
2299 2860 2620 2930 frequenter
2669 2863 2963 2917 accedebat
3012 2865 3346 2919 admirabilis
3401 2867 3653 2935 Cyrillus,

2073 2962 2128 3009 ct
2156 2969 2410 3023 magnum
2444 2954 2513 3008 ab
2542 2954 2642 3008 hoc
2691 2963 2879 3009 sancto
2908 2955 3124 3011 virtutis
3179 2957 3576 3014 incrementum
3605 2968 3661 3014 et

2073 3044 2514 3099 emolumentum
2563 3046 2916 3115 percipiebat.
2953 3047 3070 3101 Jam
3104 3057 3284 3102 autem
3313 3065 3475 3118 super
3518 3066 3648 3106 cen-

2079 3146 2191 3189 tum
2250 3143 2305 3188 et
2339 3144 2548 3204 septem
2594 3152 2769 3192 annos
2797 3138 3008 3192 vixerat
3041 3137 3301 3209 Cyriacus
3357 3158 3370 3194 :
3441 3145 3530 3196 cui
3578 3143 3659 3197 rei

2003 3199 2047 3254 C
2085 3199 2419 3282 testimonio
2442 3236 2570 3282 sunt
2630 3227 2733 3282 illae
2783 3227 2914 3297 ipsa}
2959 3199 3102 3299 ejus.
3133 3230 3362 3287 diversis
3425 3230 3481 3287 in
3523 3232 3662 3291 locis

2082 3317 2397 3370 mansiones
2445 3326 2500 3370 et
2541 3317 2690 3371 obita
2739 3318 2960 3372 itinera.
3016 3318 3259 3375 Devenit
3315 3337 3554 3392 namq-ue
3602 3323 3660 3378 in

2085 3415 2334 3463 sanctam
2384 3409 2688 3471 civitatem,
2726 3409 2946 3463 circiter
2996 3409 3183 3464 decem
3231 3420 3288 3464 et
3333 3426 3458 3466 octo
3487 3428 3660 3467 annos

2081 3507 2290 3552 natus:
2336 3513 2528 3552 novrm
2578 3507 2762 3552 autem
2813 3499 2958 3568 apud
3015 3511 3266 3555 sanctum
3319 3502 3656 3557 Gcrasimum

2084 3591 2385 3661 permansit
2422 3608 2436 3644 :
2477 3591 2859 3660 decimumque
2902 3593 3016 3660 jam
3062 3593 3206 3662 apud
3239 3593 3412 3664 Magni
3452 3595 3658 3666 Euthy-

2081 3681 2172 3738 mii
2202 3681 2597 3736 monasterium
2627 3682 2865 3737 confecit
2893 3698 3120 3749 annum,
3167 3693 3225 3738 et
3269 3684 3654 3754 undequadra-

2080 3776 2228 3847 ginta
2283 3775 2337 3828 in
2397 3772 2554 3828 Sucae
2613 3773 2764 3828 laura
2810 3773 3160 3830 ministravit.
3221 3774 3472 3846 Quinque
3524 3777 3656 3832 anni

2079 3865 2484 3934 praeterierunt,
2550 3863 2679 3917 dum
2729 3862 2786 3920 in
2834 3863 3103 3931 Natupha:
3155 3864 3446 3920 solitudine
3489 3867 3658 3920 scillis

2079 3956 2337 4020 aleretur,
2425 3953 2760 4022 totidemque
2841 3968 3033 4007 rursus
3094 3953 3184 4007 alii
3211 3957 3264 4008 in
3337 3953 3512 4009 Ruba.
3585 3957 3646 4010 In

2082 4045 2326 4102 Susacim
2367 4052 2551 4100 autem
2607 4045 2900 4114 septimum
2959 4045 3228 4100 mansisse
3282 4060 3486 4101 annum
3538 4046 3650 4116 jam

2080 4138 2312 4194 relatum
2339 4148 2463 4192 est:
2510 4137 2566 4192 in
2618 4137 2792 4192 sancti
2847 4146 3025 4191 autem
3061 4136 3378 4193 Cttaritonis
3434 4139 3655 4207 spelaea,

2079 4231 2370 4300 quintum;
2409 4245 2465 4284 et
2484 4244 2677 4284 rursus
2703 4230 2758 4284 in
2813 4225 3084 4294 Susacim,
3116 4241 3389 4284 octavum.
3435 4230 3657 4286 Duobus

2080 4332 2233 4377 certe
2292 4329 2418 4378 ante
2466 4321 2674 4376 exitum
2737 4321 2917 4386 annis,
2985 4335 3180 4376 rursus
3224 4321 3290 4377 ad
3343 4319 3656 4378 Charitonis

2081 4415 2341 4483 spelaeum
2399 4412 2668 4469 ascendit.
2727 4411 2985 4480 Quamvis
3046 4422 3230 4472 autem
3259 4413 3327 4468 ad
3376 4413 3432 4469 id
3481 4413 3657 4469 aetatis

2011 4539 2052 4594 Β
2082 4505 2446 4578 pervenisset,
2480 4512 2538 4560 et
2571 4520 2838 4559 summam
2871 4505 2942 4560 ita
2959 4506 3191 4575 adeptus
3217 4513 3361 4561 esset
3400 4515 3656 4562 senectu-

2085 4608 2215 4662 tem,
2245 4595 2609 4650 nihilominus
2643 4606 2844 4660 tamen,
2894 4611 2966 4652 ne
3018 4598 3289 4652 tantillum
3319 4597 3538 4666 quidem
3587 4599 3656 4660 de,

2083 4689 2320 4744 statione
2345 4686 2412 4741 ad
2464 4685 2684 4741 divinos
2711 4686 2966 4755 hymnos,
3011 4695 3068 4742 et
3123 4689 3427 4744 ministerio
3460 4703 3654 4746 eorum

2083 4779 2175 4846 qui
2208 4778 2275 4832 ad
2317 4776 2496 4846 ipsum
2536 4775 2894 4841 accedebant,
2944 4778 3278 4835 remittebat.
3307 4777 3414 4834 Sed
3449 4791 3654 4851 quanto

2084 4878 2204 4925 erat
2238 4878 2400 4924 aztate
2432 4869 2766 4937 provectior,
2796 4875 2946 4922 tanto
2989 4871 3164 4939 magis
3211 4870 3392 4927 animo
3421 4871 3653 4937 valebat,

2083 4971 2137 5015 et
2168 4961 2386 5031 vigebat
2443 4958 2610 5014 animi
2655 4959 2954 5024 alacritate,
3009 4963 3300 5032 acriusque
3353 4978 3417 5018 ac
3461 4963 3656 5019 fortius

2085 5055 2271 5108 divina
2300 5053 2474 5107 inibat
2504 5050 2828 5106 certamina.

2158 5233 2288 5286 Erat
2317 5240 2501 5287 autem
2532 5230 2614 5286 vir
2640 5229 2787 5284 mitis
2805 5239 2862 5284 et
2909 5228 3119 5295 hilaris,
3143 5237 3199 5284 et
3222 5227 3399 5285 facilis
3439 5229 3506 5284 ad
3531 5244 3655 5284 eum

2086 5327 2306 5396 patebat
2337 5323 2518 5378 aditus
2547 5339 2560 5375 :
2601 5329 2808 5376 statura
2839 5334 3098 5391 procerus
3131 5328 3186 5375 et
3228 5329 3448 5375 erectus
3479 5336 3494 5371 :
3538 5323 3656 5374 eol-

2087 5416 2250 5484 IOque
2297 5412 2478 5467 adhuc
2520 5420 2690 5477 recto,
2718 5412 3065 5480 juventutem
3107 5409 3507 5483 quodammodo
3544 5425 3658 5482 pra

2088 5521 2146 5562 sc
2179 5507 2380 5568 ferens,
2414 5511 2470 5558 et
2521 5503 2656 5558 nihil
2702 5504 2929 5559 omnino
2977 5512 3266 5558 senectute
3309 5501 3520 5555 fractus
3565 5510 3660 5558 aut

2087 5597 2395 5652 debilitatus
2441 5612 2454 5648 :
2485 5595 2730 5650 moribus
2751 5595 2818 5650 ad
2863 5595 3166 5651 docendum
3189 5593 3659 5658 accommodatus;
