4060 6440
411 410 520 472 9ί5
1361 410 1539 472 VITA
1574 412 1632 473 S.
1671 410 2051 472 GREGORII
2093 406 2725 471 ILLUMINATORIS.
3572 399 3682 465 936

406 525 507 591 τὴν
538 521 815 586 ἐξουσίαν,
848 522 979 594 περὶ
1009 522 1109 593 τὴν
1131 522 1544 594 ἀστρουεάμονα
1568 524 1677 578 τῶν
1708 524 1994 581 Χαλδαίων
2023 560 2035 588 λ

2136 538 2217 578 utn
2273 520 2590 590 sapientiae,
2649 533 2772 589 quae
2829 524 3079 572 versatur
3130 516 3183 572 in
3245 518 3681 588 contemplandis

407 613 674 685 ἐσχόλαζε
724 614 944 684 σοφίαν,
980 614 1075 668 καί
1123 631 1176 668 τι
1226 614 1452 669 συνιδὼν
1506 615 1737 680 ἐκεῖθεν,
1790 618 1856 685 τῇ
1901 632 1999 683 γυ-

2136 614 2282 677 stris,
2308 622 2365 670 et
2393 627 2460 668 ex
2489 611 2597 666 illis
2617 610 2821 680 aliquid
2843 609 3337 673 animadvertisset,
3360 625 3483 663 cum
3515 624 3684 663 uxore

406 708 558 761 vaut‘t
602 706 743 760 κατά
774 705 874 776 τὴν
916 705 1126 777 σκηνὴν
1163 706 1551 775 συγκαθεύδων
1580 702 1862 773 ἀνεῖπεν,
1896 708 1996 772 ὡς,

2139 705 2381 758 ormiens
2414 703 2469 756 in
2516 700 2889 766 tabernaculo,
2921 701 2972 754 ei
3007 700 3145 755 dixit
3175 717 3190 755 :
3218 697 3295 753 Ex
3324 699 3412 755 iis.
3443 714 3565 769 quae
3596 714 3688 753 me

410 795 505 862 Ἐξ
527 789 604 848 ὧν
635 795 704 866 μὲ
734 794 1081 849 διδάσκουσιν
1116 796 1166 849 oi
1193 797 1301 849 τῶν
1336 796 1584 866 ἀστέρων
1605 797 1817 867 δρόμοι,
1847 797 1898 851 εί
1916 816 2002 863 τις

2141 804 2303 851 ocent
2335 809 2532 849 cursus
2580 801 2877 857 astrorum,
2922 791 2965 845 si
2998 791 3122 860 quis
3156 790 3209 844 in
3255 790 3510 859 prmseuti
3544 799 3686 844 tetu-

408 891 782 944 δπανάστασιν
831 890 974 943 κοιτά
1003 890 1098 943 τοῦ
1134 889 1335 945 οίκείου
1357 890 1617 945 δεσπότου
1650 893 1706 945 έν
1740 890 1818 962 τῷ
1848 909 1997 962 πειρ-

2136 905 2239 944 ore
2265 888 2562 943 meditetur
2611 884 3072 940 insurrectiouem
3111 885 3373 938 adversus
3401 898 3561 937 suum
3590 882 3689 935 tit»

408 983 526 1036 ὁντι
574 980 753 1051 καιρῷ
805 981 1181 1051 μελετήσειεν,
1231 982 1333 1035 οὐκ
1363 1022 1379 1047 ,
1416 979 1526 1049 ἔγω
1581 999 1646 1052 γε
1697 978 1876 1051 οἶμαι,
1905 981 2002 1036 τοῦ

2136 981 2336 1045 uinum,
2390 981 2480 1034 ille
2524 979 2771 1049 quidem,
2812 987 2873 1033 ut
2902 976 3160 1042 arbitror,
3195 991 3304 1031 non
3341 974 3688 1030 frustrabitur

413 1072 623 1128 σκοποῦ
652 1074 859 1134 ἐκεῖνος
895 1074 989 1126 καὶ
1015 1073 1116 1139 τῆς
1143 1072 1326 1141 ὁρμῆς
1354 1072 1750 1144 ψευσθήσεται.

486 1163 560 1218 B’.
605 1164 714 1217 Καὶ
749 1163 925 1217 ταῦτα
971 1161 1167 1227 εἰπὼν,
1197 1164 1276 1225 είς
1310 1162 1479 1217 ὕπνον
1519 1164 1754 1234 ἐτράπη.
1796 1165 1909 1218 Μία
1943 1164 2002 1219 δέ

417 1257 528 1311 τῶν
565 1256 1038 1325 ὑπηρετουμένων
1072 1257 1140 1327 τῇ
1193 1253 1454 1326 βασιλίδι,
1498 1256 1606 1309 τῶν
1658 1256 1802 1310 κατά
1846 1258 2006 1325 γένος

414 1349 704 1418 ἐπιφανῶν
740 1347 882 1417 αὕτη
916 1347 1168 1417 θυγάτηρ
1199 1343 1336 1402 οὖσα
1356 1390 1371 1415 ,
1412 1348 1651 1420 συνήθης
1682 1345 1750 1420 ἦν
1780 1351 1874 1403 ἐπὶ
1902 1367 2007 1404 σω-

317 1463 329 1471 ·
418 1442 608 1512 μάτων
640 1439 828 1511 ὁμιλία
854 1440 959 1492 τινὶ
1017 1439 1126 1493 τῶν
1153 1440 1250 1502 τὰς
1281 1438 1507 1509 πρώτας
1540 1441 1714 1512 ἀρχὰς
1744 1441 2008 1495 διοικούν-

414 1549 549 1595 σι’ων,
591 1531 650 1598 ἐξ
690 1531 992 1600 ’Δσσυρίων
1026 1532 1124 1601 μὲν
1160 1534 1550 1604 καταγομένῳ,
1598 1534 1921 1606 καλουμένῳ
1952 1534 2009 1589 δὲ

432 1619 816 1691 Ἀρτασείρας.
874 1621 970 1683 ’ος
1027 1619 1289 1683 πολλάκις
1350 1621 1452 1691 μὲν
1507 1623 1603 1676 καὶ
1654 1624 1778 1678 καθ’
1817 1623 2010 1678 ἑαυτὸν

420 1710 691 1765 ἀνείλιττε
724 1711 823 1782 τὴν
849 1712 1181 1782 τυραννίδα,
1218 1713 1314 1766 καὶ
1357 1715 1472 1777 τοῖς
1512 1715 1860 1779 πιστοτάτοις
1901 1715 2012 1771 τῶν

360 1801 377 1839 ί
422 1800 596 1869 φίλων
646 1798 1056 1871 μυστικώτερον
1102 1802 1397 1868 ἐκοινοῦτο,
1432 1805 1662 1872 ἀγαγεῖν
1703 1804 1760 1858 δὲ
1805 1803 2011 1874 ταύτην

2106 1088 2206 1128 suo
2243 1086 2412 1141 scopo
2440 1079 2494 1126 et
2525 1070 2823 1126 desiderio.

2178 1164 2241 1218 ll.
2273 1163 2401 1220 llaec
2424 1177 2548 1218 cum
2591 1162 2840 1226 dixisset,
2875 1174 3174 1216 conversus
3203 1167 3288 1213 est
3316 1158 3381 1211 ad
3411 1171 3685 1211 somnum.

2111 1255 2228 1312 Una
2261 1263 2445 1310 autem
2484 1269 2549 1310 ex
2597 1254 2664 1308 iis
2725 1267 2851 1322 quae
2902 1252 3218 1307 serviebant
3256 1252 3479 1321 reginae.
3519 1263 3584 1301 ex
3626 1246 3696 1300 iis

2110 1356 2236 1402 nata
2291 1346 2385 1416 qui
2425 1355 2584 1402 erant
2617 1343 2814 1399 illustri
2847 1358 3071 1415 genere,
3105 1356 3423 1411 corpoream
3462 1338 3697 1393 habebat

2110 1439 2570 1494 consuetudinem
2599 1451 2725 1493 cum
2765 1435 3000 1507 quodam
3038 1450 3103 1490 ex
3134 1434 3203 1490 iis
3243 1433 3337 1503 qui
3368 1433 3577 1502 primos
3604 1445 3695 1501 ge-

2114 1529 2309 1584 rebant
2351 1528 2724 1599 magistratus,
2765 1527 2859 1597 qui
2893 1526 3163 1597 originem
3208 1523 3426 1594 quidem
3464 1521 3701 1577 ducebat

2111 1637 2177 1677 ex
2229 1621 2491 1693 Assyriis,
2534 1621 2832 1676 vocabatur
2877 1627 3062 1674 autem
3092 1618 3388 1673 Artasiras.
3423 1613 3527 1670 Hic
3556 1627 3701 1684 sepe

2115 1714 2337 1783 quidem
2363 1713 2509 1784 apud
2538 1728 2600 1769 se
2628 1712 2816 1767 animo
2856 1710 3224 1766 meditabatur
3247 1706 3611 1780 tyrannidem,
3645 1713 3705 1760 et.

2114 1820 2238 1860 cum
2270 1804 2338 1859 iis
2368 1804 2462 1875 qui
2496 1820 2565 1860 ex
2594 1803 2785 1859 amicis
2815 1811 2974 1858 erant
3028 1800 3331 1856 ﬁdelissimi
3381 1799 3511 1854 illud
3542 1812 3699 1852 arcae

420 1894 501 1954 εἰς
533 1891 695 1962 ἔργον
725 1891 1073 1955 ἀνεϐάλλετο,
1106 1892 1257 1962 φόϐῳ
1290 1893 1368 1964 τῷ
1402 1871 1503 1963 τῆς
1545 1895 1879 1965 ἀποτυχίας’
1914 1871 2013 1963 τῆς

2136 1910 2252 1948 tum
2292 1871 2736 1950 communitabat
2767 1911 2779 1946 :
2813 1892 2866 1947 id
2901 1899 3086 1947 autem
3124 1891 3192 1946 ad
3240 1889 3498 1946 eﬂ‘ectum
3528 1888 3700 1944 dedu-

426 1981 633 2053 σκηνῆς
664 1978 757 2036 οὖν
787 1981 927 2054 αὕτη
959 1982 1238 2054 λαθραίως
1271 1983 1663 2051 ύπεξελθοῦσα,
1696 1984 1891 2056 μηνύει
1920 1986 2013 2038 τὸν

426 2077 677 2147 χρησμὸν
724 2079 904 2129 πάντα
940 2076 1017 2146 τῷ
1058 2076 1408 2149 Ἀρτασείρᾳ,
1445 2077 1740 2148 παροξύνει
1785 2095 1846 2132 τε
1878 2078 2016 2150 πρὸς

2117 2000 2243 2042 cere
2273 1986 2584 2051 din‘erebat,
2614 1984 2759 2056 quod
2785 1985 3004 2040 timeret
3027 1999 3097 2039 ne
3127 1999 3218 2040 res
3247 1983 3589 2041 succederet.
3625 1979 3698 2035 Ea

2118 2095 2275 2151 ergo,
2304 2079 2440 2135 clam
2460 2094 2677 2150 egressa
2708 2095 2739 2132 e
2762 2077 3137 2138 tabernaculo.
3163 2086 3332 2132 totam
3356 2091 3471 2131 rem
3497 2075 3706 2130 indicat

426 2168 489 2220 τὸ
519 2167 680 2236 ἔργον
732 2167 828 2221 καὶ
863 2167 1055 2236 λόγους
1103 2169 1345 2235 ἀπαιτεῖ,
1384 2171 1461 2232 ὡς
1498 2169 1589 2234 ἂν,
1635 2170 1684 2223 εί
1739 2169 2016 2242 ἐγκρατὴς

2136 2173 2398 2237 Lrtasirte,
2451 2182 2507 2227 et
2570 2171 2635 2225 ad
2683 2186 2823 2241 opus
2870 2171 3097 2237 excitat,
3143 2171 3470 2240 promissum
3515 2168 3584 2223 ab
3637 2183 3705 2222 eo

428 2264 657 2333 γένηται
700 2263 799 2334 τῆς
854 2261 1087 2333 Πάρθων
1130 2263 1328 2334 ἀρχῆς,
1372 2262 1633 2317 κοινωνὸν
1682 2263 1854 2333 αὐτὴν
1905 2263 2017 2333 ἔχοι

2136 2266 2363 2336 :xigens.
2385 2272 2465 2329 ut,
2503 2264 2547 2319 si
2580 2263 2907 2323 Parthorum
2943 2263 3184 2333 potiatur
3212 2260 3463 2332 imperio,
3500 2273 3619 2314 eam
3650 2264 3708 2314 et

431 2355 552 2427 βίου
609 2358 704 2411 καὶ
752 2356 855 2427 τὴν
890 2354 1169 2423 βασιλείαν
1208 2357 1347 2427 αὐτῇ
1393 2356 1619 2427 δνίματί
1649 2373 1708 2409 τε
1745 2356 1842 2410 καὶ
1872 2356 2020 2427 πρά-

2136 2357 2244 2412 vita:
2274 2357 2474 2412 habeat
2502 2352 2732 2422 sociant,
2797 2364 2852 2411 et
2887 2371 3009 2409 cum
3041 2370 3104 2410 ea
3139 2370 3364 2425 regnum
3396 2362 3452 2408 et
3482 2353 3710 2407 nomine

428 2465 602 2517 γματι
631 2448 1046 2518 συμμερίζοιτο.
1087 2448 1148 2501 '0
1169 2448 1225 2502 δὲ
1258 2448 1557 2519 προθύμως
1608 2446 1763 2518 ὤμνυ
1799 2463 1859 2501 τε
1891 2449 2021 2510 τοὺς

2136 2456 2179 2503 ει
2225 2463 2286 2502 re
2330 2447 2556 2503 dividat.
2591 2447 2687 2503 Ille
2717 2455 2899 2501 autem
2931 2453 3188 2515 prompto
3220 2453 3276 2498 et
3318 2443 3486 2501 alacri
3523 2443 3725 2496 animo

432 2536 720 2608 πατρῴους
764 2538 942 2603 θεοὺς,
975 2540 1071 2593 καὶ
1121 2540 1296 2611 πέρας
1330 2540 1703 2609 ἐπηγγέλλετο
1735 2539 1922 2593 λαϐεῖν
1953 2539 2020 2593 τὰ

2136 2539 2334 2593 ηυτανίι
2394 2540 2528 2594 deos
2560 2538 2769 2608 patrios
2801 2556 2814 2591 :
2847 2546 2904 2591 et
2938 2551 3060 2607 quae
3098 2533 3595 2604 iuravicpollicitus
3624 2538 3712 2587 est

433 2630 828 2700 ὁμωμοσμένα,
865 2632 1006 2685 κατά
1051 2631 1152 2701 τὴν
1202 2630 1374 2701 ἀρχὴν
1414 2631 1614 2685 αὐτίκα
1651 2632 1750 2701 τῆς
1782 2630 2023 2702 ἀναρρή-

2136 2634 2292 2687 linem
2323 2642 2638 2701 acceptura,
2663 2641 2797 2684 cum
2821 2631 3059 2700 primum
3093 2643 3188 2683 rex
3224 2624 3710 2683 fuerit-renuntia-

434 2739 594 2784 σεως.
630 2722 740 2776 Kal.
766 2722 937 2776 ταῦτα
962 2724 1304 2795 αἰτησαμένη
1336 2725 1433 2777 καὶ
1465 2724 1531 2777 sit
1560 2725 1729 2777 πιστὰ
1758 2723 2021 2792 λαϐοῦσα,

2136 2736 2231 2780 lus.
2256 2723 2391 2779 Cum
2422 2724 2540 2779 haec
2573 2722 2835 2793 petiisset,
2879 2731 2934 2778 et
2975 2721 3139 2777 ﬁdem
3174 2720 3244 2775 ab
3273 2733 3340 2774 eo
3386 2716 3709 2787 accepisset;

437 2812 576 2880 μετὰ
626 2813 862 2883 σπουδῆς
902 2813 1061 2877 αὖθις
1093 2814 1194 2885 τὴν
1228 2812 1519 2884 βασιλικὴν
1556 2814 1788 2885 σκηνὴν,
1819 2813 2023 2885 πολλὴν

2136 2832 2355 2890 propere
2390 2817 2624 2873 recurrit
2658 2817 2719 2871 in
2748 2816 2970 2886 regium-
3007 2812 3445 2876 tabernaculum,
3481 2820 3542 2867 ut
3572 2811 3711 2865 late-

434 2902 531 2957 τοῦ
555 2903 738 2958 λαθεῖν
769 2907 1067 2976 ποιουμένη
1114 2906 1370 2976 πρόνοιαν
1398 2907 1692 2979 ἀποτρέχει
1719 2922 1736 2939 ·
1762 2906 1933 2977 ὄνομα
1967 2904 2025 2958 δὲ

2136 2923 2231 2974 ret,
2264 2910 2559 2981 diligenter
2587 2910 2907 2981 providens.
2923 2908 3134 2963 Mulieri
3163 2914 3344 2961 autem
3369 2919 3572 2959 nomen
3595 2911 3715 2958 erat

434 2997 516 3065 τῷ
560 2999 771 3069 γυναίῳ
828 2999 1219 3065 Ἀρταδοῦκτα.
1289 2999 1348 3054 ὐ
1399 2995 1492 3053 οὖν
1534 3001 1898 3072 Ἀρτασείρας
1945 3002 2027 3067 είς

2136 3004 2446 3057 Artaducta.
2480 2999 2757 3056 Artasiras
2775 3013 2927 3068 ergo,
2960 2996 3207 3051 mulieris
3246 2994 3500 3049 nuntium
3528 2992 3715 3047 animo

438 3089 566 3141 νοῦν
595 3089 691 3159 τῆς
722 3091 983 3158 γυναικὸς
1031 3091 1132 3161 τὴν
1175 3091 1438 3159 ἀγγελίαν
1470 3086 1788 3161 βαλόμενος,
1834 3092 2028 3155 δεινῶς

2136 3095 2367 3166 agitans,
2394 3101 2588 3162 captus
2611 3100 2730 3147 erat
2756 3089 3067 3146 vehementi
3095 3087 3360 3159 regnandi
3392 3086 3668 3141 desiderio
3698 3103 3712 3141 :

437 3181 520 3252 τῷ
548 3181 651 3251 τῆς
683 3182 858 3253 ἀρχῆς
887 3183 1143 3255 ἡλίσκετο
1189 3185 1374 3254 ἔρωτι,
1409 3185 1504 3238 καὶ
1543 3186 1869 3252 συναγαγὼν
1897 3185 2026 3248 τοὺς

2136 3196 2340 3243 etcum
2404 3186 2713 3255 collegisset
2757 3200 2825 3240 ex
2868 3182 3051 3238 Persis
3094 3191 3149 3237 et
3197 3182 3435 3251 Assyriis
3483 3195 3579 3236 eos
3621 3179 3715 3248 qui

440 3277 501 3328 ιν
534 3274 682 3327 τέλει
718 3275 943 3346 Περσῶν
990 3292 1052 3328 τε
1082 3276 1178 3328 καὶ
1217 3276 1539 3345 Ἀσσυρίων,
1575 3271 1657 3340 οἷς
1691 3277 1925 3347 μάλιστα
1951 3275 2027 3340 ὡς

443 3367 789 3430 πιστοτάτοις
835 3366 1098 3438 ἐθάρρει,
1157 3369 1251 3421 καὶ
1298 3371 1558 3422 κατεῖπεν
1587 3372 1645 3419 ἐν
1688 3370 1802 3430 τοῖς
1852 3369 2034 3437 λόγοις

441 3459 542 3526 τῆς
574 3458 808 3528 Πάρθων
846 3458 1188 3525 ἀλαζονείας,
1233 3463 1303 3514 τά
1348 3461 1510 3530 ὅμοια
1559 3461 2034 3531 συμϐουλεύοντας

445 3551 538 3603 καὶ
560 3550 757 3613 αὐτοὺς
787 3550 1061 3620 εὑρίσκειο
1096 3552 1191 3605 καὶ
1233 3552 1342 3620 γὰρ
1369 3551 1603 3623 ηὔχοντο
1633 3554 1902 3615 κάκεῖνοι,
1930 3552 2032 3620 τῆς

449 3645 549 3711 μὲν
590 3643 871 3712 Παρθικῆς
900 3642 1284 3712 ἀπαλλαγῆναι
1333 3643 1674 3713 τυραννίδος,
1714 3643 1775 3708 ἐξ
1803 3643 2036 3713 αἵματος

445 3733 503 3788 δὲ
549 3734 751 3787 οἰκείου
798 3735 895 3803 τὴν
940 3736 1164 3804 Περσῶν
1216 3734 1343 3787 ίδείν
1377 3734 1630 3800 ἐξουσίαν
1683 3734 2030 3804 ίθυνομένην.

446 3828 792 3897 Ψηφίζονται
828 3827 959 3891 γοῦν
988 3826 1178 3895 ὥσπερ
1209 3829 1309 3896 τῆς
1344 3827 1539 3898 βουλῆς
1568 3828 1837 3898 ἡγεμόνα,
1891 3824 2036 3878 οὕτω

448 3925 545 3975 ναὶ
575 3921 683 3973 τῶν
715 3919 970 3991 πράξεων
1001 3919 1185 3980 αὐτεῖς
1229 3920 1485 3988 γενέσθαι
1517 3919 1608 3973 τὸν
1653 3919 2034 3991 Ἀρτασύραν,

452 4012 549 4065 καὶ
566 4010 882 4080 πέμπουσιν
905 4009 1176 4076 ἀγγέλους
1203 4009 1338 4083 πρὸς
1379 4010 1744 4081 Ἀρταϐάνην,
1776 4010 2036 4078 ἐκστῆναι

454 4102 853 4173 παραινοῦντες
902 4105 996 4172 τῆς
1043 4102 1320 4172 βασιλείας
1370 4103 1540 4172 χωρὶς
1615 4100 1885 4155 κινδύνων
1940 4101 2038 4153 καὶ

451 4196 562 4250 τῶν
590 4196 767 4249 ἄλλων
798 4197 863 4249 ὲκ
885 4196 981 4250 τοῦ
1007 4195 1247 4265 πολέμου
1276 4194 1684 4265 συμϐαινόντων
1717 4197 1927 4251 κακῶν.
1978 4195 2037 4248 ’0

450 4284 509 4338 δὲ
545 4284 680 4355 πρὸς
706 4285 768 4338 τὸ
796 4287 997 4338 οἰκεῖον
1020 4283 1332 4354 ἀνενεγκὼν
1361 4285 1672 4356 μάντευμα,
1696 4311 1704 4319 ·
1726 4288 1819 4339 καὶ
1846 4286 2041 4356 χρόνον

452 4377 554 4446 τὴν
601 4377 845 4448 κεφαλὴν
899 4379 1202 4444 έπικλίνας,
1245 4378 1565 4449 ἀπράκτους
1602 4379 1709 4447 μὲν
1759 4380 1885 4443 τοὺς
1937 4380 2041 4432 ἀπ-

455 4467 826 4538 εσταλμένους
859 4471 1171 4539 ἐκπέμπει,
1217 4469 1508 4523 έπαπειλεῖ
1561 4470 1637 4532 δὲ,
1667 4470 1742 4533 ὡς
1778 4472 1826 4523 εξ
1882 4470 2042 4524 πάλιν

2134 3281 2398 3352 gert-bant
2438 3279 2809 3350 magistratus,
2854 3276 3074 3346 quibus,
3115 3283 3308 3344 utpote
3363 3271 3714 3331 ﬁdelissimis;

2134 3372 2444 3428 conﬁdebat
2474 3370 2730 3431 maxime,
2764 3376 2821 3423 et
2852 3369 2909 3422 in
2933 3383 3031 3423 sua
3077 3367 3145 3422 ad
3195 3382 3291 3421 eos
3344 3366 3594 3420 oratione
3660 3364 3718 3419 in

2134 3469 2375 3525 medium
2394 3466 2710 3521 adduxisset
2730 3463 3056 3518 Parthorum
3089 3460 3482 3532 arrogantiam,
3509 3460 3730 3515 invenit

2136 3577 2232 3617 eos
2259 3574 2479 3630 quoque
2524 3557 2723 3613 similia
2752 3556 3117 3611 consulentes.
3157 3552 3371 3608 Etenim
3401 3553 3475 3607 illi
3505 3564 3725 3622 quoque

2136 3652 2399 3723 optabant
2432 3665 2461 3704 a
2512 3648 2769 3703 Parthica
2807 3647 3028 3717 quidem
3067 3644 3286 3700 liberari
3332 3642 3656 3716 tyrannide:
3689 3659 3722 3697 a

2137 3761 2239 3800 suo
2261 3751 2439 3797 autent
2458 3741 2725 3812 sanguine
2749 3740 2936 3796 videre
2953 3740 3064 3809 regi
3089 3739 3375 3792 Persarum
3403 3736 3720 3805 imperium.

2136 3835 2450 3888 Decernunt
2500 3833 2704 3901 itaque,
2753 3838 2812 3884 ut
2853 3828 3133 3899 quomodo
3164 3827 3399 3891 consilii,
3449 3827 3523 3881 ita
3554 3824 3724 3879 etiam

2138 3941 2323 3980 rerum
2361 3924 2603 3993 ipsarum
2644 3921 3005 3993 gerendarum
3046 3930 3192 3975 esset
3224 3920 3332 3975 dux
3378 3928 3435 3974 et
3470 3917 3726 3988 princeps

2137 4016 2450 4073 Artasiras:
2485 4024 2540 4071 et
2577 4015 2803 4069 mittunt
2853 4013 3078 4067 nuntios
3126 4013 3193 4067 ad
3241 4011 3597 4072 Artabanem,
3639 4023 3728 4062 ro-

2139 4119 2330 4183 gantes
2362 4118 2420 4164 ut
2460 4126 2491 4165 e
2522 4124 2691 4181 regno
2723 4108 3009 4164 excederet
3046 4112 3165 4162 sine
3205 4104 3469 4177 periculo,
3500 4117 3556 4157 et
3601 4101 3728 4156 aliis

2142 4202 2318 4268 malis,
2365 4216 2488 4271 qua:
2531 4215 2563 4255 e
2615 4196 2760 4255 bello
2798 4198 3081 4254 eveniunt.
3123 4197 3219 4252 llle
3255 4203 3441 4251 autem
3494 4209 3618 4248 cum
3659 4194 3728 4247 ad

2140 4310 2294 4351 suam
2325 4294 2720 4350 divinationem
2748 4301 2803 4348 et
2830 4302 3048 4375 tempus
3073 4298 3239 4361 caput
3259 4289 3598 4346 inclinasset.
3631 4300 3730 4340 eos

2141 4386 2363 4458 quidem
2393 4386 2483 4456 qui
2516 4385 2665 4442 missi
2697 4384 2916 4440 fuerant
2960 4384 3186 4439 dimittit
3216 4398 3274 4438 re
3315 4381 3512 4437 iniecta
3542 4397 3555 4435 :
3594 4394 3733 4449 prte-

2145 4487 2292 4534 terca
2314 4487 2494 4532 autem
2530 4478 2792 4537 minatur.
2827 4476 2995 4547 quod,
3028 4476 3073 4531 si
3096 4476 3200 4530 tale
3232 4475 3361 4545 quid
3394 4471 3649 4529 venerint
3679 4471 3735 4524 ei

457 4560 701 4615 τοιοῦτόν
743 4579 798 4615 τι
843 4560 1286 4630 ἀπαγγελοῦντες
1324 4561 1671 4627 ἐλεύσονται,
1713 4562 1808 4617 ἀπ’
1858 4563 2035 4617 αὐτῶν

2147 4584 2336 4625 rursus
2365 4567 2693 4626 nuntiaturi.
2726 4575 2909 4620 sumet
2937 4565 3173 4636 primum
3213 4578 3404 4636 poenas
3432 4563 3498 4618 de
3537 4574 3743 4621 eorum

460 4650 697 4721 πρώτων
745 4653 842 4716 τὰς
876 4652 977 4722 τῆς
1019 4651 1231 4723 ὕϐρεως
1276 4651 1507 4722 λήψεται
1550 4651 1727 4717 δίκας.
1759 4654 1941 4724 Ζήκας
1971 4649 2038 4724 ἦν

460 4745 559 4799 καὶ
586 4743 834 4814 Καρίνας
863 4745 1053 4807 αὐτοῖς
1075 4745 1144 4798 τὰ
1176 4745 1440 4814 ὀνόματα.

534 4835 609 4889 1".
636 4838 747 4890 Καὶ
764 4837 1211 4907 ὑποστρέψαντες
1242 4836 1678 4905 ἀπαγγέλλουσιν
1715 4836 2046 4908 ’Λρτασείρᾳ

461 4930 560 4984 καὶ
591 4931 705 4995 τοίς
748 4930 979 4994 λοιποῖς,
1029 4931 1130 4984 ὅσα
1159 4931 1188 4982 ὁ
1219 4928 1473 5000 βασιλεὺς
1504 4929 1626 4983 εἶπέ
1665 4945 1726 4982 τε
1755 4931 1851 4985 καί⁵
1882 4931 2047 5000 ἠπει-

464 5024 691 5094 λήσατο.
721 5021 853 5077 Εἶτα
881 5025 1269 5094 συγκροτεῖται
1328 5024 1420 5077 καὶ
1451 5023 1581 5093 παρ’
1620 5022 1902 5094 ἑκατέροις
1937 5021 2044 5075 πό-

465 5116 655 5182 λεμος.
686 5116 822 5187 Πρὶν
872 5116 904 5187 ἢ
956 5116 1014 5169 δὲ
1065 5116 1417 5188 συρραγῆναι.
1455 5115 1645 5168 τοῦτον
1691 5115 2047 5186 Ἀρτασείρας

465 5205 718 5275 πέμψας,
760 5205 886 5272 ἀγει
937 5205 1037 5277 τὴν
1082 5205 1484 5276 ’Λρταδούκταν
1524 5204 1656 5276 πρὸς
1688 5205 1903 5268 ἑαυτὸν,
1958 5203 2051 5256 καὶ

465 5300 672 5366 ταύτην
701 5297 761 5347 ἰν
793 5298 1150 5368 ίσχυρωτάτῳ
1179 5296 1426 5367 φρουρίῳ
1455 5299 1594 5363 μετά
1621 5297 1718 5365 τῆς
1740 5297 1926 5359 οὐσίας
1952 5295 2052 5348 αὖ·

467 5406 564 5444 του
608 5390 791 5460 πάσης
837 5390 1181 5460 καθίστησιν.
1244 5389 1332 5454 Ὦς
1368 5390 1427 5444 δὲ
1480 5390 1560 5453 είς
1604 5391 1793 5460 χεῖρας
1845 5388 1953 5443 τῶν
1991 5404 2051 5441 τε

471 5482 702 5553 Περσῶν
736 5480 831 5535 καὶ
854 5482 963 5535 τῶν
997 5482 1230 5553 Πάρθων
1254 5483 1314 5536 αί
1338 5483 1602 5552 δυνάμεις
1634 5480 1919 5550 συνῆλθον,
1959 5481 2052 5532 πίο

474 5589 671 5627 πτουσι
704 5575 805 5645 μὲν
837 5573 1181 5646 ἑκατέρωθεν
1222 5575 1466 5628 πλεῖστοι
1490 5591 1504 5605 ·
1533 5573 1809 5642 ἀπέϐλεψε
1832 5573 1890 5627 δὲ
1916 5573 2055 5644 πρὸς

476 5665 567 5718 τὸν
598 5665 959 5737 Ἀρτασείραν
991 5667 1023 5736 ἡ
1046 5665 1190 5735 νίκη.
1218 5665 1488 5737 Δευτέρας
1512 5665 1569 5719 δὲ
1595 5664 1869 5736 συμϐολῆς
1901 5681 2058 5733 γενο-

480 5758 673 5829 μένης,
726 5760 789 5810 τὸ
837 5759 936 5828 μὲν
980 5757 1260 5825 Παρθικὸν
1285 5757 1361 5825 τῷ
1411 5758 1658 5830 πολεμίῳ
1708 5756 2057 5828 κατακράτο;

476 5849 802 5921 ἀνηλίσκετο
834 5849 996 5921 ξίφει,
1026 5853 1107 5917 εἰς
1135 5850 1313 5923 φυγὴν
1339 5849 1394 5906 δὲ
1420 5853 1514 5907 καὶ
1535 5852 1693 5917 αῦτδς
1715 5850 2057 5924 Ἀρταϐάνης

2145 4659 2505 4716 contumelia.
2534 4656 2704 4711 Zecas
2730 4664 2785 4710 et
2816 4655 3060 4710 Carenas
3089 4663 3247 4709 erant
3271 4654 3352 4709 eis
3378 4652 3623 4709 nomina.

2222 4842 2307 4899 Ill.
2357 4839 2582 4897 Reversi
2625 4847 2806 4893 autem
2843 4834 3164 4891 renuntiant
3208 4830 3471 4886 Artasirze
3508 4838 3564 4885 et
3600 4829 3730 4883 relia

2147 4939 2274 5006 quis
2304 4950 2367 4989 ea
2397 4950 2518 5005 quae
2549 4948 2643 4988 rex
2677 4932 2887 4987 dixerat
2924 4937 2981 4983 et
3032 4928 3271 4982 minatus
3304 4921 3730 4980 fueratJleinde

2149 5027 2351 5083 bellum
2401 5025 2470 5080 ab
2523 5024 2630 5078 illis
2679 5032 3047 5092 comparatur.
3110 5017 3435 5087 Priusquam
3490 5030 3620 5069 vero
3678 5014 3732 5068 id

2150 5125 2486 5189 erumperet,
2520 5115 2670 5171 misit
2693 5113 2989 5177 Artasiras,
3014 5111 3108 5180 qui
3140 5109 3207 5165 ad
3238 5124 3297 5164 se
3324 5109 3549 5163 duceret
3578 5108 3737 5161 Arta-

2151 5211 2416 5266 ductam:
2458 5218 2513 5263 et
2554 5221 2675 5262 eam
2712 5206 2766 5260 in
2822 5203 3157 5260 validissimo
3209 5201 3441 5257 collocat
3482 5197 3735 5270 praesidio

2153 5320 2277 5362 cutn
2307 5302 2565 5358 omnibus
2594 5301 2712 5354 suis
2757 5296 3126 5353 facultatibus.
3165 5295 3301 5349 Cum
3332 5301 3512 5348 autem
3541 5290 3735 5344 Persa—

2154 5412 2275 5451 rum
2334 5406 2389 5450 et
2430 5392 2756 5447 Parthorum
2819 5388 2988 5458 capia:
3028 5401 3223 5441 manus
3285 5383 3734 5445 conseruissent,

2157 5488 2415 5556 utrinque
2471 5484 2691 5555 quidem
2760 5480 2964 5537 eadunt
3012 5479 3281 5550 plurimi:
3319 5477 3387 5532 ad
3433 5474 3737 5532 Artasiram

2158 5588 2339 5633 autem
2379 5575 2590 5645 aspexit
2619 5574 2868 5629 victoria.
2917 5569 3171 5626 Secundo
3214 5579 3397 5625 autem
3445 5566 3740 5624 commisso

2161 5668 2365 5741 praelia,
2387 5664 2575 5722 Parthi
2612 5664 2833 5736 quidem
2869 5679 2971 5735 per
2997 5662 3107 5718 vim
3124 5662 3194 5717 ab
3224 5661 3404 5717 hostili
3429 5673 3559 5714 ense
3584 5657 3741 5713 liuere

2159 5756 2494 5828 consumpti,
2549 5758 2605 5811 in
2639 5755 2818 5827 fugam
2868 5765 3052 5810 autem
3084 5767 3272 5808 versus
3304 5750 3406 5831 fuit
3436 5752 3549 5825 ipse
3579 5748 3743 5808 Arta—

2162 5857 2348 5913 baucs.
2376 5850 2527 5909 Cum»
2554 5864 2614 5907 se
2641 5858 2827 5907 autem
2865 5862 3053 5905 rursus
3079 5846 3411 5918 collegisset,
3447 5852 3500 5900 et
3530 5843 3598 5898 ad
3629 5840 3745 5899 hel-
