4060 6464
400 412 503 477 9η

1629 422 1913 485 MENSIS
1948 422 2242 485 SEl‘TEM
2254 424 2420 485 BER.

3527 430 3653 506 0:28

408 528 518 579 lum
552 528 850 597 gerendum
884 546 1070 586 rursus
1106 532 1373 604 coegisset
1403 538 1609 602 c0pias,
1632 539 1816 594 animo
1845 552 1971 593 con.

2087 539 2283 608 ἐχώρει
2305 551 2321 566 ⁸
2356 535 2672 591 Ἀναλαϐὼν
2703 536 2760 589 δὲ
2791 535 2953 590 πάλιν
2974 535 3190 603 ἑαυτὸν,
3210 538 3303 591 καὶ
3338 543 3658 610 συναγαγὼν

403 615 538 671 fidit.
594 615 859 674 Caeterum
916 628 1090 675 totum
1150 637 1355 679 annum
1406 625 1697 697 aliquando
1748 629 1971 699 quidem

401 710 583 769 Persis
628 723 815 769 contra
876 714 1131 783 Parthos,
1189 719 1481 790 aliquando
1529 734 1711 780 autem
1755 723 1975 781 Parthis

399 806 664 861 adversus
691 807 889 863 Persas
918 812 1337 868 ostendentibus
1370 815 1543 871 multa
1579 816 1819 872 audaciae
1845 817 1979 874 facio

399 909 532 952 nora
564 907 617 953 et
645 898 767 953 belli
798 902 1167 970 experientiae.
1205 920 1329 960 eum
1383 916 1661 976 postremo
1692 908 1979 979 utriusque

401 991 572 1058 partis
622 992 770 1046 acies
799 1008 971 1062 prope
1020 1008 1228 1060 essent,
1260 998 1415 1053 aiunt
1444 1000 1744 1056 Artasiram
1774 1001 1976 1058 dixisse

399 1081 658 1137 Artabani
693 1085 827 1155 regi,
858 1100 927 1139 ne
962 1095 1165 1143 temere
1194 1089 1418 1156 faceret,
1454 1102 1510 1147 et
1534 1092 1788 1162 perderet
1812 1108 1979 1164 gene-

401 1184 459 1225 ra
506 1170 792 1230 Persarum
839 1183 895 1231 et
943 1176 1270 1235 Parthorum
1302 1196 1318 1235 :
1349 1198 1572 1252 regnum
1628 1184 1775 1239 enim
1831 1187 1976 1243 nolle

399 1263 656 1334 deinceps
686 1282 908 1323 manere
937 1269 1080 1339 apud
1117 1272 1467 1336 Artabanem,
1510 1276 1605 1330 sed
1638 1277 1868 1333 transire
1905 1278 1976 1334 ad

398 1352 720 1411 Artasiram.
756 1356 836 1412 Tu
865 1370 1047 1415 autem
1072 1400 1088 1427 ,
1137 1363 1334 1433 inquit,
1366 1365 1409 1419 si
1449 1380 1534 1420 me
1574 1367 1782 1433 audias,
1823 1368 1976 1424 vives

399 1444 540 1499 citra
574 1445 736 1501 ullam
782 1449 1109 1505 molestiam.
1153 1451 1299 1508 Dabo
1342 1456 1488 1508 enim
1538 1455 1635 1510 tibi
1674 1457 1973 1528 regionem,

399 1550 521 1603 quas
545 1535 751 1592 affatim
786 1540 1157 1610 suppeditabit
1186 1544 1365 1598 omnia
1418 1559 1538 1615 quae
1568 1547 1636 1602 ad
1668 1562 1826 1602 usum
1854 1564 1979 1619 per-

400 1622 596 1677 tinent.
645 1622 872 1694 Oportet
912 1638 1095 1684 autetn
1144 1647 1252 1686 non
1296 1632 1405 1687 alio
1472 1649 1635 1703 quam
1684 1636 1861 1706 teipso
1899 1638 1975 1692 uti

399 1711 659 1782 magistro
686 1715 805 1784 ejus
830 1718 975 1786 quod
1006 1729 1089 1775 est
1140 1721 1292 1786 utile,
1322 1731 1375 1776 et
1403 1725 1717 1782 meminisse
1747 1741 1979 1796 respon-

397 1799 442 1853 si
487 1801 634 1870 quod
681 1803 978 1874 aliquando
1037 1808 1237 1878 regina
1273 1810 1460 1865 dixisti
1499 1810 1554 1865 in
1602 1813 1973 1869 tebernaculo.

396 1891 502 1946 Sed
538 1892 654 1948 haec
687 1894 908 1962 quidem
936 1898 1229 1954 Artasiras.

466 1985 558 2040 IV.
594 1985 901 2044 Artabanes
933 1997 1115 2045 autem
1148 1992 1298 2062 prius
1326 1995 1597 2065 aspiciens
1622 1997 1689 2051 ad
1708 1997 1971 2067 quosdam

397 2093 526 2133 suos
547 2079 882 2137 familiares:
914 2083 1087 2149 Quam
1112 2087 1292 2154 gravis
1327 2104 1416 2144 res
1444 2096 1548 2154 est,
1585 2090 1786 2160 inquit,
1819 2090 1976 2145 femi-

398 2184 486 2225 na.
511 2172 680 2224 Amor
699 2174 938 2243 conjugii
965 2175 1144 2243 potius
1177 2176 1395 2243 laeserit,
1413 2195 1575 2249 quam
1601 2181 1826 2253 juverit.
1849 2180 1976 2238 Haec

397 2276 521 2316 cum
545 2261 795 2326 dixisset.
814 2262 967 2334 jubet
988 2267 1222 2323 transire
1246 2270 1611 2340 quemdamjer
1625 2272 1971 2342 satellitibus,

395 2362 452 2407 et
477 2353 791 2411 interﬁcere
814 2357 1078 2427 reginam.
1115 2356 1474 2415 Existimabat
1506 2362 1651 2417 enim
1683 2376 1802 2419 eam
1842 2380 2009 2435 pros--

396 2444 603 2501 didisse
635 2456 932 2503 secretum.
976 2449 1288 2506 Conversus
1325 2460 1508 2507 autem
1539 2453 1607 2508 ad
1647 2454 1971 2522 Artasiram,

396 2539 674 2606 respondit
707 2554 826 2595 esse
858 2539 959 2596 sibi
987 2541 1144 2611 longe
1170 2542 1464 2611 optabilius
1487 2546 1646 2607 muri,
1675 2561 1836 2615 quam
1868 2544 1973 2600 Ar-

397 2629 596 2692 tasiraa,
633 2630 728 2700 qui
762 2641 878 2687 erat
912 2646 1126 2699 servus,
1183 2648 1355 2704 regno
1402 2635 1616 2690 cedere.
1643 2634 1775 2702 Quae
1812 2637 1971 2693 simul

394 2730 557 2792 atque
583 2724 831 2787 dixisset,
889 2725 1082 2784 insane
1108 2734 1161 2781 et
1203 2725 1522 2782 bacchantis
1553 2743 1703 2783 more
1735 2729 1892 2783 irruit
1915 2729 1969 2783 in

397 2808 615 2879 Persas,
685 2822 739 2869 et
781 2829 848 2869 ex
880 2815 961 2870 eis
995 2816 1215 2885 quidem
1261 2819 1463 2873 multos
1508 2819 1738 2885 sauciat,
1790 2820 1973 2888 plures

393 2914 575 2959 autem
616 2906 815 2961 occidit
851 2925 864 2961 :
906 2906 1088 2978 dirigit
1113 2923 1243 2964 vero
1275 2910 1441 2964 etiam
1470 2911 1680 2965 hastam
1708 2909 1973 2964 adversus

394 2997 712 3051 Artasiram.
750 2996 848 3052 llle
880 3007 1062 3053 autem
1097 3000 1374 3070 (habebat
1400 3002 1548 3056 enim
1583 3016 1777 3057 manus
1809 3000 1973 3072 sagit-

394 3086 543 3141 tandi
575 3086 797 3156 peritas.
825 3097 879 3141 et
908 3103 1027 3156 qua:
1055 3089 1159 3147 hac
1188 3092 1241 3145 in
1273 3107 1332 3147 re
1371 3108 1588 3162 semper
1628 3107 1818 3163 magna
1844 3107 1973 3148 cum

393 3176 553 3230 laude
605 3175 983 3246 versabantur)
1035 3178 1213 3248 fugam
1263 3181 1483 3249 quidem
1538 3181 1782 3236 simulat.
1834 3180 1966 3236 Dum

2080 628 2318 698 δύναμιν
2379 629 2459 689 είς
2519 625 2582 680 τὸ
2635 626 2919 696 πολεμεῖν,
2969 626 3315 699 ἀνεθάρσησε
3386 631 3481 682 καὶ
3536 633 3657 685 ὅλον

2076 716 2343 781 ἐνιαυτὸν,
2395 717 2470 785 πῇ
2514 714 2617 783 μὲν
2672 714 2926 784 Περσῶν,
2992 718 3068 787 πῇ
3117 716 3170 770 δὲ
3223 717 3454 788 Πάρθων
3487 720 3658 774 πολλὰ

2076 807 2198 860 κατ’
2221 804 2468 875 ἀλλήλων
2491 804 2631 876 ἔργα
2677 802 2881 875 τόλμης
2908 821 2967 857 τε
2997 807 3093 858 καὶ
3127 809 3423 877 ἐμπειρίας
3455 809 3662 862 ἐπιδει-

2075 912 2175 949 κνυ
2184 895 2384 964 μένων,
2412 893 2600 964 ἐπειδὴ
2627 896 2688 945 τὸ
2711 894 3019 947 τελευταῖον
3040 896 3095 948 αί
3130 898 3465 964 παρατάξεις
3492 900 3657 967 ἐγγὺς

2076 985 2343 1054 ἐκατέρου
2373 985 2573 1056 μέρους
2598 984 2871 1053 ἐγένοντο,
2904 987 3072 1056 φασὶν
3111 986 3477 1058 Ἀρτασείραν
3520 990 3660 1055 πρδς

2089 1077 2436 1149 Ἀρταϐάνην
2472 1078 2649 1131 εἰπεῖν
2687 1077 2779 1130 τὸν
2815 1077 3076 1148 βασιλέα,
3126 1080 3202 1148 μὴ
3232 1080 3412 1150 μάτην
3450 1083 3657 1145 πονεῖν,

2075 1171 2171 1223 καὶ
2208 1168 2451 1240 φθείρειν
2479 1168 2550 1221 τὰ
2583 1168 2810 1239 Περσῶν
2841 1185 2903 1221 τε
2936 1168 3033 1224 καὶ
3075 1169 3304 1240 Πάρθων
3346 1171 3516 1239 γένη-
3558 1171 3658 1241 τὴν

2076 1261 2187 1332 γὰρ
2215 1261 2494 1331 βασιλείαν
2521 1260 2622 1314 οὐκ
2650 1260 2965 1332 Ἀρταϐάνη
3008 1261 3194 1315 λοιπὸν
3248 1261 3452 1315 ἐθέλειν
3483 1278 3665 1331 παρα-ο

2080 1352 2287 1422 μένειν,
2335 1351 2452 1407 ἀλλ’
2508 1353 2591 1414 είς
2638 1351 3004 1422 Ἀρτασείραν
3063 1351 3440 1422 μεταϐαίνειν.
3484 1351 3557 1403 Σὺ
3599 1350 3662 1403 δὲ

2079 1440 2296 1513 βιώσεις
2317 1441 2560 1507 ἀλύπως,
2587 1439 2655 1512 ἢν
2673 1441 2799 1510 ἐμοὶ
2816 1440 3001 1512 πείθῃ,
3023 1440 3187 1495 δώσω
3209 1440 3317 1510 γάρ
3342 1455 3423 1492 σοι
3448 1439 3663 1508 χώραν,

2075 1532 2314 1602 δαψιλῶς
2350 1534 2418 1587 τὰ
2469 1533 2609 1604 πρὸς
2662 1533 2763 1602 τὴν
2809 1532 3000 1602 χρείαν
3049 1532 3229 1585 πάντα
3264 1530 3615 1601 παρέχουσιν
3639 1545 3654 1561 ο

2074 1622 2233 1677 δεῖδὲ
2263 1624 2338 1695 μὴ
2374 1623 2695 1677 διδάσκαλον
2737 1622 2920 1685 ἄλλον,
2957 1622 3091 1676 ἀλλὰ
3129 1621 3353 1675 σεαυτὸν
3384 1620 3479 1675 τοῦ
3519 1635 3660 1688 συμ-

2076 1714 2336 1784 φέροντος
2372 1715 2669 1779 πςιεῖσθαι,
2692 1715 2790 1768 καὶ
2807 1713 2900 1767 τοῦ
2928 1712 3181 1786 χρησμοῦ
3207 1711 3568 1782 μνημονεύειν
3594 1710 3664 1763 δν

2078 1823 2207 1858 ποτε
2241 1805 2385 1860 κατὰ
2424 1807 2525 1876 τὴν
2563 1805 2771 1878 σκηνὴν
2813 1807 3040 1868 ἁνεϊπες
3073 1806 3139 1876 τῇ
3191 1802 3449 1873 βασιλίδι.
3494 1801 3660 1857 Ἀλλὰ

2001 1890 2050 1949 Β
2077 1895 2252 1951 ταῦτα
2281 1898 2380 1965 μὲν
2416 1897 2800 1968 Ἀρτασείρας.

2148 1986 2221 2043 Δ’.
2272 1988 2616 2059 Ἀρταϐάνης
2651 1988 2710 2042 δὲ
2743 1987 2883 2058 πρός
2909 2002 3061 2052 τινας
3107 1988 3216 2041 τῶν
3260 1986 3480 2041 οίκείων
3526 1986 3665 2052 πρό.

2073 2092 2231 2147 τερον
2251 2078 2587 2147 ἀποϐλέψαςο
2611 2080 2702 2143 Ὠς
2729 2079 2988 2149 χαλεπὸν,
3011 2079 3140 2150 ἔφη,
3178 2078 3335 2149 γυνὴ,
3360 2080 3456 2132 καὶ
3477 2077 3538 2131 τὸ
3558 2078 3659 2146 τῆς

2082 2169 2346 2239 συζυγίας
2407 2170 2634 2241 φίλτρον
2701 2170 2927 2242 βλάψειε
2963 2170 3166 2241 μᾶλλον
3218 2171 3251 2241 ἢ
3317 2170 3655 2240 ὠφελήσειε.

2079 2260 2266 2315 Ταῦτα
2298 2259 2493 2323 εἰπὼν,
2521 2263 2580 2315 ἐν
2607 2262 2748 2333 ὀργῇ
2796 2263 2920 2317 τινὰ
2944 2260 3056 2317 τῶν
3079 2260 3399 2332 δορυφόρων
3442 2258 3658 2315 κελεύει

2072 2351 2340 2406 διαϐάντα
2384 2352 2599 2406 ἀνελεῖν
2629 2355 2728 2424 τὴν
2784 2352 3070 2422 βασιλίδεν
3113 2352 3322 2422 ταύτην
3359 2350 3469 2423 γὰρ
3517 2351 3665 2422 ᾤετο

2074 2445 2328 2515 προδότιν
2368 2444 2464 2498 τοῦ
2514 2444 2766 2516 χρησμοῦ
2795 2443 3150 2515 γεγενῆσθαι.
3179 2444 3577 2512 Ἐπιστραφεὶς
3600 2440 3660 2496 δὲ

2074 2535 2208 2604 πρὸς
2253 2534 2633 2606 ’Λρτασείραν,
2661 2536 2845 2590 θανεῖν
2872 2536 3211 2607 ἀπεκρίνατο
3232 2535 3368 2588 πολὺ
3406 2534 3477 2589 ἂν
3504 2532 3659 2604 αὺτῷ

2081 2627 2281 2696 μᾶλλον
2311 2625 2672 2697 αἱρετώτερον
2701 2629 2810 2698 εἴη,
2843 2629 2875 2698 ἦ
2907 2627 3078 2698 δούλῳ
3102 2643 3166 2696 γε
3192 2626 3307 2680 δντι
3334 2625 3413 2696 τῷ
3460 2627 3660 2696 ’Δρτα-

2078 2718 2233 2787 σείρᾳ
2276 2717 2377 2787 τῆς
2428 2717 2704 2784 βασιλείας
2752 2718 3181 2789 παραχωρῆσαι.
3228 2716 3334 2771 Καὶ
3389 2718 3504 2787 ἅμα
3546 2717 3663 2777 τοίς

2074 2809 2251 2876 λόγοις
2295 2809 2436 2862 κατὰ
2488 2809 2713 2879 Περσῶν
2785 2810 3007 2880 ὲφορμᾷ
3059 2808 3414 2879 παράϐακχόν
3458 2824 3510 2861 τι
3564 2807 3664 2861 καὶ

2079 2901 2325 2969 μανικόν.
2358 2901 2463 2953 Kal
2494 2901 2723 2964 πολλοὺς
2766 2904 2867 2971 μὲν
2936 2899 3114 2954 αὐτῶν
3169 2901 3503 2972 τιτρώσκει,
3557 2918 3658 2953 κα-

2074 2990 2330 3044 ταϐάλλει
2357 2991 2415 3045 δὲ
2443 2991 2685 3057 πλείους,
2732 2993 2900 3047 ἰθύνει
2945 2992 3003 3046 δὲ
3032 2994 3125 3047 καὶ
3159 2994 3295 3060 πρὸς
3341 2991 3432 3045 τὸν
3461 2992 3664 3062 ’Δρτα⁶

2077 3083 2263 3153 σείραν
2288 3083 2348 3135 τὸ
2375 3082 2525 3154 δόρυ.
2563 3083 2624 3138 ⁸0
2657 3085 2714 3137 δὲ
2741 3086 2949 3155 (χεῖρας
2978 3085 3087 3155 γάρ
3114 3080 3227 3152 εἶχε
3252 3082 3492 3151 τοξεύειν
3521 3085 3660 3151 ἀγα-

2076 3173 2196 3238 θάς,
2254 3175 2347 3227 καὶ
2395 3176 2525 3245 περὶ
2575 3173 2733 3228 τοῦτο
2771 3172 2831 3227 εὖ
2871 3175 3016 3246 μάλα
3067 3175 3367 3245 φιλοτίμως
3417 3174 3507 3226 ἀεὶ
3559 3192 3663 3225 πο-

392 3283 517 3323 eutu
544 3277 727 3322 autem
752 3269 1120 3339 persequitur,
1137 3272 1437 3327 Artabanes
1459 3273 1700 3327 immittit
1726 3273 1891 3328 telum
1915 3272 1969 3327 in

2073 3264 2372 3334 νουμένας)
2426 3240 2779 3339 ὑποκρίνεται
2831 3240 2931 3336 μεν
2970 3240 3302 3336 τὴννφυγὴν,
3351 3268 3558 3337 πέμπει
3602 3268 3664 3320 δὲ

394 3370 586 3429 pet-tus
613 3368 837 3429 propter
861 3363 1212 3418 mammillam
1235 3365 1356 3434 ejus
1378 3364 1470 3435 qui
1521 3365 1972 3435 persequebatur.

392 3451 547 3517 Quod
578 3451 817 3516 cum,ob
840 3453 983 3507 vires
1012 3454 1131 3525 ejus
1159 3455 1253 3525 qui
1283 3455 1458 3510 fuerat
1484 3455 1775 3525 jaculatus,
1806 3454 1972 3510 susti-

392 3542 512 3598 neri
550 3558 660 3597 non
694 3543 982 3614 potuisset,
1022 3547 1225 3617 rumpit
1260 3547 1516 3602 Artabani
1552 3552 1829 3602 thoracem
1869 3566 1883 3602 :
1916 3555 1972 3601 et

395 3634 621 3704 traiecto
652 3646 892 3704 pectore,
929 3637 1130 3693 excidit
1183 3654 1214 3692 e
1265 3638 1452 3705 dorso,
1483 3646 1539 3693 et
1563 3647 1745 3706 morte
1787 3638 1970 3694 statim

394 3723 929 3782 aﬂieitArtabanem.
962 3727 1083 3782 Mox
1110 3738 1293 3783 autem
1325 3728 1718 3784 convenientes
1749 3729 1888 3784 inter
1910 3744 1970 3785 se

392 3816 579 3870 Parthi
616 3825 673 3871 et
723 3817 927 3884 Persas,
962 3833 1144 3888 regem
1173 3819 1494 3875 renuntiant
1525 3819 1848 3889 Artasiram,
1877 3818 1970 3888 qui

394 3908 716 3983 «stendebat
765 3925 824 3964 se
875 3926 1125 3980 magnam
1171 3927 1359 3967 eorum
1413 3926 1603 3983 gerere
1662 3927 1872 3978 curam,
1916 3920 1973 3966 et

393 4013 502 4052 non
535 4015 757 4069 parvam
790 4016 911 4056 esse
936 4017 1090 4058 suam
1128 4004 1182 4058 in
1213 4019 1307 4059 eos
1340 4004 1758 4060 humanitatem.
1791 4005 1858 4060 Et
1881 4004 1972 4060 ille

393 4092 616 4160 quidem
643 4108 764 4146 cum
790 4093 868 4148 sic
891 4108 950 4149 se
974 4094 1221 4163 haberet,
1268 4096 1619 4152 Artaductan‘t
1651 4097 1802 4153 ducit
1833 4112 1971 4151 uxo-

395 4199 535 4248 rem,
567 4198 729 4253 quam
768 4183 953 4241 datum
987 4187 1370 4254 jusjurandum
1407 4189 1454 4243 ei
1483 4188 1635 4259 prius
1660 4188 1970 4259 desponde-

395 4280 481 4327 rat
509 4290 523 4326 :
554 4280 610 4327 et
638 4288 756 4329 eam
796 4276 944 4346 eligit
977 4280 1245 4347 reginam.

464 4362 528 4419 ν.
558 4363 767 4420 Cusaro
816 4376 1003 4421 autem
1043 4367 1331 4424 Artabanis
1371 4368 1558 4434 frater,
1607 4369 1701 4440 qui
1742 4383 1966 4441 regnum

392 4470 601 4527 magna:
640 4455 922 4511 obtinebat
959 4459 1267 4525 Armeniae,
1315 4476 1436 4515 cum
1481 4460 1838 4517 intellexisset
1882 4476 1968 4526 ea,

390 4562 511 4617 quas
548 4558 871 4613 evenerant,
922 4562 976 4603 et
1005 4549 1149 4618 quod
1179 4551 1246 4604 ad
1288 4549 1483 4607 Persas
1511 4552 1615 4608 fuit
1649 4553 1965 4609 translatum

390 4639 719 4693 Parthorum
754 4639 1046 4709 imperium
1070 4681 1086 4703 ,
1126 4657 1322 4713 magno
1359 4644 1547 4700 dolore
1578 4654 1663 4701 est
1688 4644 1918 4700 allectus
1948 4665 1963 4700 :

389 4737 447 4783 et
477 4728 658 4784 valido
711 4738 902 4784 coacto
944 4731 1189 4786 exercitu
1234 4748 1299 4787 ex
1332 4734 1558 4791 Albanis
1591 4743 1646 4789 et
1684 4733 1873 4799 lberis,
1913 4744 1969 4789 et

388 4828 655 4890 praeterea
681 4834 746 4875 ex
771 4821 1007 4887 Huni-is,
1048 4831 1161 4877 toto
1190 4840 1333 4880 anno
1360 4826 1701 4895 comparavit
1747 4842 1810 4881 ea
1843 4842 1967 4898 qua:

392 4911 459 4966 ad
494 4911 699 4967 bellum
732 4912 1102 4983 pertinebant.
1131 4914 1378 4986 Magnam
1410 4926 1589 4972 autem
1623 4932 1842 4972 manum
1874 4932 1963 4974 se-

393 5017 514 5057 cum
543 5003 770 5069 ducens,
806 5006 1209 5075 expeditionem
1254 5008 1484 5077 suscipit
1527 5016 1716 5063 contra
1749 5008 1964 5072 Persas.

394 5103 448 5147 cl
467 5094 643 5162 ipsum
663 5094 982 5150 Artasiram.
1007 5096 1110 5163 Qui
1136 5110 1319 5153 autem
1351 5097 1639 5155 Persarum
1671 5099 1965 5170 imperium

393 5199 570 5254 nuper
608 5184 709 5239 sibi
746 5195 1033 5256 usurparat
1060 5187 1350 5255 Arlasiras,
1377 5189 1462 5244 vel
1493 5189 1696 5245 invitus
1726 5191 1889 5244 struit
1911 5199 1966 5245 et

392 5275 578 5329 educit
601 5274 773 5331 aciem
815 5276 1078 5334 adversus
1118 5295 1299 5350 regem
1336 5281 1631 5335 Armeniis.
1666 5280 1752 5333 Fit
1780 5289 1960 5336 autem

391 5368 444 5420 in
477 5366 663 5437 praelia
688 5383 881 5439 magna
915 5371 1092 5425 caedes
1124 5372 1430 5427 Persarum.
1472 5371 1629 5443 Fugit
1651 5382 1828 5426 autem
1858 5371 1967 5426 Ar-

389 5458 608 5522 tasiras,
642 5470 696 5513 et
727 5461 911 5516 hostes
939 5461 1290 5533 insequentes
1320 5464 1570 5519 irruunt:
1600 5474 1653 5518 et
1685 5462 1963 5518 Persidem

390 5559 578 5621 tegunt
610 5546 931 5623 cerporibus
991 5570 1178 5610 eorum
1213 5557 1306 5624 qui
1346 5555 1814 5611 interﬁciebantur
1847 5572 1861 5610 :
1910 5566 1964 5610 et

390 5657 512 5695 cum
540 5645 742 5699 multos
773 5646 1048 5716 cepissent
1090 5648 1356 5717 captivos,
1408 5663 1532 5703 cum
1573 5662 1700 5717 rege
1742 5663 1841 5702 suo
1874 5663 1961 5703 re-

394 5731 562 5788 deunt
586 5733 639 5788 in
670 5734 1009 5801 Armeniam,
1035 5737 1269 5793 dexteris
1302 5739 1517 5793 onustis
1554 5736 1770 5807 opibus.
1802 5736 1962 5792 Anno

393 5828 575 5877 autem
614 5827 864 5895 sequenti
896 5844 1084 5886 rursus
1116 5828 1497 5886 Armeniorum
1525 5828 1634 5902 regi
1662 5829 1718 5886 in
1750 5828 1957 5901 Syriam

2070 3358 2398 3429 διωκόμενος
2441 3360 2502 3412 τὸ
2526 3358 2678 3429 βέλος
2712 3360 2854 3413 κατὰ
2876 3360 2945 3416 τά
2968 3359 3166 3429 στέρνα
3191 3360 3344 3429 παρά
3370 3361 3463 3413 τὸν
3488 3360 3663 3429 μαζὸν

2071 3449 2166 3504 τοῦ
2214 3450 2527 3515 διώκοντος,
2572 3451 2672 3504 καὶ
2701 3454 2769 3522 τῇ
2815 3451 2976 3523 ῥώμῃ
3023 3452 3116 3504 τοῦ
3150 3451 3403 3523 βαλόντος
3448 3453 3659 3504 ἀνυπό-

2073 3560 2267 3598 στατον
2296 3545 2521 3614 γεγωδς
2539 3586 2554 3611 ,
2583 3545 2674 3598 τόν
2710 3562 2791 3598 τε
2810 3544 3037 3615 θώρακα
3063 3544 3295 3615 ῥήγνυσι
3339 3542 3435 3596 τοῦ
3465 3542 3663 3613 ’Δρτα-

2071 3635 2261 3703 ϐἀνου,
2309 3638 2404 3690 καὶ
2448 3636 2701 3691 διελάααν
2721 3636 2790 3690 τὰ
2817 3636 3050 3707 στέρνα,
3081 3637 3191 3690 τῶν
3224 3635 3411 3690 νώτων
3447 3634 3665 3688 διεκπί-

2072 3740 2219 3788 πτει,
2271 3727 2367 3781 καὶ⁹
2412 3727 2604 3795 νεκρὸν
2649 3728 2851 3782 αὐτίκα
2897 3726 3132 3781 δεικνύει
3164 3728 3255 3780 τὸν
3288 3726 3661 3796 Ἀρταϐάνην.

2070 3821 2163 3883 El;
2195 3822 2488 3890 ὁμολογίαν
2534 3821 2592 3874 δὲ
2640 3822 2701 3875 τὸ
2747 3821 3022 3892 Παρθικὸν
3048 3820 3212 3883 εὐθὺς
3246 3820 3340 3873 καὶ
3387 3820 3665 3890 Περσικὸν

2073 3912 2452 3978 συνελθόντες,
2510 3914 2872 3985 Ἀρτασείραν
2937 3912 3335 3981 ἀναγορεύουσι
3402 3911 3664 3983 βασιλέα,

2070 4005 2203 4058 πολὺ
2229 4004 2288 4057 τὸ
2317 4005 2453 4073 πρὸς
2482 4005 2675 4068 αὐτοὺς
2702 4002 2985 4060 δεικνύντα
3022 4006 3377 4076 κηδεμονικὸν
3406 4004 3505 4058 καὶ
3531 4004 3660 4072 φιλ-

2071 4096 2379 4166 ἁνθρωπον.
2412 4096 2519 4150 Kal
2544 4099 2571 4150 ὁ
2597 4096 2699 4167 μὲν
2749 4094 2924 4161 οὕτως
2954 4096 3092 4167 ἔχων
3135 4099 3233 4166 τὴν
3253 4094 3661 4168 Ἀρταδούκταν

2068 4189 2262 4256 ἄγεται
2310 4191 2572 4257 γυναῖκα,
2628 4190 2699 4260 ην
2756 4188 2909 4258 αὐτῷ
2932 4189 3029 4242 καὶ
3082 4188 3347 4260 πρότερον
3401 4188 3451 4241 οἱ
3502 4189 3659 4257 ὅρκοι

2069 4281 2535 4351 κατηγγυήσαντο,
2563 4282 2655 4335 καὶ
2686 4280 2932 4351 βασιλίδα
2964 4282 3167 4350 ταύτην
3199 4282 3525 4351 χειροτονεῖ.

2139 4370 2216 4425 Ε’.
2248 4370 2519 4441 Κουσαρὼ
2564 4373 2622 4426 δὲ
2663 4373 2695 4425 δ
2726 4372 2954 4442 ἁδελφὸς
2986 4371 3323 4443 Ἀρταϐάνου
3354 4371 3454 4441 τὴν
3495 4370 3658 4441 βασι-

2068 4464 2217 4517 λείαν
2245 4465 2385 4534 ἔχων
2413 4468 2515 4535 τῆς
2547 4465 2792 4536 μεγάλης
2819 4465 3140 4538 Ἀρμενίας,
3167 4464 3236 4517 τὰ
3263 4464 3659 4534 συνενεχθέντα
3682 4544 3687 4547 1

1999 4586 2044 4644 ο
2075 4554 2283 4624 μαθὼν,
2331 4556 2426 4610 καὶ
2455 4555 2530 4619 ὡς
2564 4558 2597 4627 ἡ
2626 4555 2856 4628 Πάρθων
2887 4557 3031 4627 ἀρχὴ
3074 4555 3374 4624 μετέπεσεν
3397 4558 3478 4618 εἰς
3511 4557 3657 4626 Πέρ-

2071 4661 2192 4707 σας,
2219 4646 2277 4698 ὲν
2311 4645 2525 4719 μεγάλῃ
2564 4644 2709 4717 λύπη
2741 4644 2894 4699 ταῦτ’
2927 4647 3165 4700 ἐποιεῖτο
3185 4661 3199 4677 ⁶
3230 4647 3330 4699 καὶ
3357 4647 3658 4716 στρατείαν

2066 4738 2125 4803 ἐξ
2155 4738 2433 4791 Ἀλϐανῶν
2468 4755 2530 4791 τε
2560 4740 2656 4792 καὶ
2696 4739 2949 4810 Ἰϐήρων,
2984 4739 3119 4810 πρὸς
3147 4738 3309 4791 ἔτιδὲ
3346 4744 3443 4792 καὶ
3465 4738 3657 4808 διαφό-

2069 4847 2178 4900 ρων
2211 4828 2428 4883 Οὕννων
2478 4830 2710 4900 ίσχυρὰν
2752 4831 3102 4900 συναγείρας,
3136 4831 3224 4883 ἐπ’
3255 4829 3503 4883 ἐνιαυτὸν
3529 4830 3655 4882 ὅλον

2065 4920 2134 4973 τὰ
2160 4921 2254 4973 τοῦ
2280 4919 2518 4990 πολέμου
2543 4920 2996 4984 συνεσκευάζετο·
3031 4921 3233 4991 πολλὴν
3260 4921 3319 4974 δὲ
3345 4922 3503 4989 χεῖρα
3532 4921 3663 4989 μεθ’

2066 5010 2264 5066 ἑαυτοῦ
2306 5010 2476 5079 ἄγων,
2515 5010 2875 5082 ὲκστρατεύει
2913 5010 3055 5063 κατὰ
3089 5011 3314 5080 Περσῶν
3355 5011 3449 5062 καὶ
3480 5009 3651 5065 αὐτοῦ

2079 5103 2428 5173 ’Δρταττείρα.
2461 5103 2570 5156 Kal
2589 5103 2617 5155 ὁ
2646 5101 2744 5173 τὴν
2781 5103 3005 5172 Περσῶν
3038 5103 3318 5173 βασιλείαν
3342 5104 3468 5171 ἄρτι
3496 5119 3649 5171 περι-

2067 5194 2402 5263 ϐεϐλημένος
2420 5195 2477 5244 Ἀ
2487 5194 2673 5262 ρτασεί
2682 5209 2801 5261 ρας,
2823 5192 3371 5263 ἀντιπαρατάσσεται
3383 5195 3475 5246 καὶ
3497 5193 3645 5246 ἄκων

2065 5286 2142 5356 τῷ
2173 5284 2383 5354 βασιλεῖ
2410 5285 2726 5354 Ἀρμενίας.
2760 5286 2871 5337 Καὶ
2906 5285 3122 5354 γίνεται
3167 5285 3309 5339 κατὰ
3335 5284 3436 5354 τὴν
3467 5284 3661 5353 μάχην

2068 5376 2235 5441 πολὺς
2273 5374 2366 5428 τοῦ
2414 5375 2686 5443 Περσικοῦ
2737 5377 2917 5446 φόνος.
2970 5376 3165 5443 Φεύγει
3215 5375 3270 5429 δὲ
3309 5376 3404 5429 καὶ⁵
3450 5377 3657 5443 Ἀρταο

2068 5468 2276 5539 σείρας,
2316 5469 2412 5521 καὶ
2439 5468 2827 5522 ἐπελαύνουσιν
2857 5470 2906 5520 οἱ
2938 5468 3212 5538 πολέμιοι,
3245 5468 3338 5522 καὶ
3362 5469 3462 5537 τὴν
3496 5467 3646 5537 Περι

2068 5556 2189 5612 σὶδα
2229 5558 2331 5626 γῆν
2374 5559 2485 5621 τοῖς
2533 5557 2750 5627 σώμασι
2806 5556 2916 5611 τῶν
2948 5559 3367 5628 ἀναιρουμένων
3400 5573 3651 5612 κατακαι-

2065 5648 2345 5713 λύπτουσι,
2397 5650 2491 5703 καὶ
2540 5648 2766 5713 πολλοὺς
2820 5647 3194 5719 δορυαλώτους
3235 5646 3491 5707 λαϐόντες
3546 5645 3649 5700 καὶ

2065 5740 2214 5794 λείαν
2240 5739 2441 5811 πολλὴν
2480 5739 2792 5803 ἐλάσαντες,
2831 5740 2911 5802 είς
2941 5739 3040 5811 τὴν
3085 5738 3383 5810 Ἀρμενίαν
3417 5737 3534 5807 ἃμα
3565 5737 3648 5807 τῷ

2068 5832 2275 5901 βασιλεῖ
2322 5832 2398 5901 τῷ
2451 5830 2567 5903 ξδίῳ
2618 5830 2832 5901 πλούτῳ
2866 5829 3183 5900 βριθούσαις
3230 5828 3428 5893 δεξιαῖς
3464 5829 3637 5880 ἐπιν-
