4060 6440
389 434 498 494 949

1337 430 1514 489 ΥΙΤΑ
1555 429 1611 490 S.
1661 428 2045 488 GBEGORI]
2095 423 2727 488 lLLUMlNATORlS.

3551 415 3679 474 950*

386 553 608 617 ήκουσι.
633 546 740 600 Τοῦ
771 547 827 600 δὲ
850 545 1246 616 ἐπιγενομένου
1283 543 1534 598 ἐνιαυτοῦ
1575 545 1669 597 καὶ
1698 537 1856 606 αὖθις
1895 542 1968 612 τῷ
1996 587 2003 598 ς

2106 539 2300 596 scienti
2367 535 2708 594 incursiones
2734 574 2748 598 ,
2788 548 2922 605 gens
2961 531 3358 587 Saracenorum
3409 529 3558 581 venit
3605 529 3660 580 in

401 639 694 709 ’Δρμενίας
730 636 942 706 βασιλεῖ
967 637 1352 705 κατατρέχοντι
1393 634 1492 705 τὴν
1523 635 1744 704 Συρίαν,
1773 635 1834 688 τὺ
1871 634 1978 688 Σα-

393 730 653 803 ρακηνῶν
703 722 855 792 ἔθνος
909 729 990 791 εἰς
1036 727 1358 797 συμμαχίαν
1410 727 1824 796 προστίθενται,
1881 727 1978 780 καὶ

390 821 727 891 ληῖσάμενος
757 817 857 888 τὴν
887 819 1117 887 Περσῶν
1147 836 1206 872 τε
1238 817 1333 872 καὶ
1373 817 1677 887 Ἀσσυρίων
1709 818 1816 886 γῆν
1841 831 1856 848 ⁸
1883 817 1980 872 καί⁸

393 915 465 966 τά
503 915 560 965 ὲν
593 911 728 979 αὐτῇ
777 909 957 964 πάντα
994 909 1323 972 σκυλεύσας,
1353 910 1491 979 μετὰ
1521 910 1621 978 τῆς
1673 909 1795 979 ίσης
1822 909 1981 980 νίκης

395 1003 478 1065 εἰς
507 1002 605 1069 τήν
660 1000 800 1054 ἰδίαν
848 1000 1023 1070 ἀρχὴν
1070 999 1339 1068 ἐπανήκει
1391 997 1573 1062 πάλιν,
1622 996 1726 1053 καῖ’
1767 998 1982 1063 τούτοις

395 1096 512 1154 τοῖς
542 1089 932 1160 κατορθώμασι
967 1090 1063 1144 καὶ
1099 1092 1218 1153 ταῖς
1257 1089 1652 1159 ἀνδραγαθίαις
1707 1089 1984 1156 θαυμαζό-

401 1201 566 1255 μενος
598 1183 695 1252 μὲν
728 1182 832 1235 ὑπὸ
860 1183 968 1234 τῶν
996 1183 1322 1251 συμμάχων,
1352 1181 1753 1251 καταπλήττων
1781 1181 1836 1233 δὲ
1857 1181 1982 1245 τοὺς

398 1274 723 1343 πολεμίους,
759 1272 852 1325 ἐπὶ
900 1273 1034 1326 δέκα
1071 1273 1370 1326 διετέλεσεν
1401 1272 1521 1340 ἐτη.
1554 1272 1644 1324 Διὸ
1681 1273 1774 1325 καὶ
1822 1274 1850 1325 ὁ
1875 1272 1984 1324 τῶν

401 1361 631 1432 Περσῶν
665 1362 940 1432 βασιλεὺς.
982 1362 1127 1432 λύπῃ
1160 1361 1259 1430 μὲν
1287 1363 1664 1432 ἀπαρακλήτῳ
1703 1361 1982 1430 ἐχόμενος,

399 1453 608 1523 ἀπορίᾳ
643 1454 695 1506 δὲ
744 1452 838 1506 τοῦ
894 1452 947 1504 τί
1003 1453 1068 1506 ἂν
1128 1453 1358 1522 πράξειε
1409 1452 1508 1521 τὴν
1557 1453 1734 1521 λύπην
1782 1451 1983 1517 αὔξων,

398 1543 530 1606 τοὺς
556 1544 660 1596 ὑπὸ
685 1545 842 1612 χεῖρα
872 1541 1220 1609 συναγαγὼν,
1253 1541 1644 1611 συμϐουλεύειν
1669 1541 1844 1594 ἐδεῖτο
1871 1541 1988 1604 πῶς

404 1636 474 1690 ἂν
504 1635 884 1689 ἀποδύσωνται
923 1633 1024 1704 μὲν
1063 1635 1161 1700 τὴν
1189 1634 1428 1699 ἀδοξίαν,
1461 1633 1770 1686 ἀπολίπωσι
1810 1633 1865 1685 δὲ
1891 1633 1988 1686 αύ-

405 1725 531 1788 τούς
565 1726 622 1778 αἱ
675 1725 852 1779 κοιναί⁸
898 1727 994 1777 καὶ
1041 1723 1374 1794 πολύτροποι
1415 1725 1714 1794 συμφοραί.
1773 1724 1881 1777 Καὶ
1915 1722 1992 1793 τῷ

2078 633 2337 687 auxilium
2367 647 2382 684 :
2410 629 2714 700 praediaque
2753 625 2892 680 actis
2913 623 2982 678 de
3007 622 3228 677 Perside
3251 629 3308 676 et
3339 619 3579 690 Assyria,
3609 628 3666 672 et

2078 724 2292 780 cunctis
2342 736 2462 792 qua:
2491 727 2646 775 erant
2693 718 2748 772 in
2807 715 2896 772 eis
2942 713 3208 784 spoliatis,
3257 726 3351 766 rex
3393 709 3510 780 ipse
3540 724 3683 763 eum-

2082 814 2199 886 pari
2234 811 2457 868 victoria
2485 809 2552 865 ad
2582 823 2740 864 suum
2765 821 2990 878 regnum
3023 803 3314 862 revertitur
3333 844 3346 857 .
3370 799 3464 855 His
3481 807 3688 854 autem.

2080 907 2248 962 rebus
2281 905 2499 960 fortiter
2529 915 2586 959 et
2618 901 2881 971 praeclare
2913 896 3080 969 gestis
3103 937 3117 960 ,
3151 892 3497 950 admirationi
3541 891 3666 960 qui-

2082 998 2206 1054 dem
2230 993 2415 1060 sociis,
2442 993 2638 1050 terrori
2671 999 2853 1046 autem
2886 988 3134 1043 hostibus
3152 985 3254 1041 fuit
3279 987 3466 1040 decem
3490 995 3665 1037 annos

2087 1100 2406 1160 perpetuos.
2436 1084 2801 1152 Quamobrem
2837 1097 2930 1135 rex
2966 1093 3185 1150 quoque
3223 1076 3508 1133 Persarum
3541 1089 3665 1128 cum

2087 1179 2468 1236 inconsolabili
2495 1177 2683 1233 dolore
2709 1182 3019 1246 angeretur,
3043 1179 3317 1227 cresceret
3353 1177 3535 1224 autem
3570 1166 3674 1221 do-

2088 1276 2189 1340 lor,
2233 1273 2377 1343 quod
2420 1271 2658 1326 nesciret
2689 1268 2816 1338 quid
2856 1274 3062 1337 ageret,
3090 1264 3158 1318 iis
3209 1261 3547 1334 congregatis
3571 1260 3672 1328 qui-

2090 1372 2249 1418 erant
2305 1362 2359 1416 in
2415 1360 2534 1430 ejus
2589 1365 2878 1429 potestate,
2925 1353 3135 1423 rogavit
3193 1360 3252 1406 ut
3295 1350 3689 1408 consulerent..

2089 1464 2325 1519 quonam
2370 1447 2590 1517 quidem
2634 1445 2794 1500 modo
2850 1453 3086 1513 possent
3134 1446 3445 1508 susceptam
3487 1436 3691 1490 delere-

2093 1539 2473 1611 ignominiam,
2504 1545 2785 1592 cessarent
2817 1545 2997 1589 autem
3037 1544 3355 1588 communes
3401 1539 3455 1582 et
3483 1526 3673 1580 multi-

2094 1633 2261 1702 plices
2305 1631 2663 1685 calamitates.
2713 1629 2777 1683 Ei
2853 1637 3035 1683 autem
3081 1625 3171 1694 qui
3223 1624 3385 1677 talem
3440 1619 3674 1674 dixisset

2095 1721 2763 1787 sententiam,secundum
2823 1728 2950 1786 post
2999 1731 3182 1787 regem
3207 1715 3495 1771 honorem.
3554 1721 3677 1777 pro-

407 1817 637 1886 γνώμην
682 1817 1050 1885 εἰσενεγκόντι
1101 1817 1362 1882 τοιαύτην
1405 1817 1505 1886 τὴν
1563 1817 1820 1885 δευτέραν
1855 1817 1992 1886 μετὰ

2106 1813 2255 1883 ponit
2279 1813 2334 1866 in
2371 1811 2672 1882 praemium.
2697 1808 2848 1863 Anac
2874 1815 3057 1860 autem
3089 1804 3332 1873 quidam,
3358 1798 3449 1869 qui
3475 1810 3694 1869 genere

410 1877 640 1977 ῥαοιλέα
664 1907 829 1978 τιμὴν
873 1877 1094 1974 ’τίθησιν
1121 1877 1328 1960 ἆθλον.-
1352 1877 1519 1960 Ἀνάκ
1540 1905 1596 1960 δέ
1618 1922 1700 1970 τις
1721 1877 1993 1976 Κουσιρὼ

2106 1903 2362 1958 attinebat
2388 1902 2456 1956 ad
2498 1899 2738 1955 Cursaro
2773 1913 2952 1968 regem
2985 1894 3273 1952 Armeniae.
3312 1907 3343 1946 e
3381 1898 3523 1945 ctetu
3555 1903 3679 1942 sur-

411 1998 557 2051 κατά
612 1997 766 2065 γένος
817 1998 895 2067 τῷ
930 1999 1028 2066 τῆς
1071 1997 1372 2067 Ἀρμενίας
1415 1997 1629 2068 βασιλεῖ
1677 2001 1994 2070 προσήκων,

412 2091 655 2154 ἀναστὰς
729 2093 796 2145 ὲκ
862 2091 959 2144 τοῦ
1015 2091 1303 2160 συλλόγου,
1369 2094 1616 2162 γενναῖόν
1663 2110 1716 2147 τι
1779 2095 1997 2162 δράσειν

415 2181 686 2249 ὑπέσχετο
707 2221 722 2243 ,
773 2180 843 2235 δι’
872 2176 933 2235 οὗ
965 2181 1032 2234 τὰ
1076 2183 1381 2252 πράγματά
1420 2199 1481 2234 τε
1518 2182 1654 2251 πρὸς
1684 2183 1744 2236 τὸ
1774 2183 1998 2252 ἄμεινον

415 2273 842 2342 άνενεχθήσεται
882 2273 1140 2344 Πέρσαις,
1193 2272 1290 2326 καὶ
1344 2273 1500 2336 δίκας
1545 2274 1674 2338 τοὺς
1720 2275 2000 2337 ἐναντίους

416 2363 831 2434 εἰσπράξονται.

493 2456 584 2524 (τ’.
629 2458 738 2511 Καὶ
781 2457 1068 2512 ὑπολαϐὼν
1132 2459 1516 2531 Ἀρτασείρας,
1570 2454 1650 2512 Ἦ
1706 2457 1780 2528 μὴ
1829 2459 2002 2513 ταῦτα

421 2551 902 2621 καταπραξαμένῳ
929 2552 1021 2604 καὶ
1046 2550 1282 2620 διάδημα
1311 2554 1379 2622 τῇ
1415 2551 1626 2622 κεφαλῇ
1660 2553 2004 2622 παραχρῆμα

418 2637 708 2709 περιθήσω
755 2656 858 2705 σοι,
913 2639 1040 2708 ἔφη,
1080 2641 1176 2692 καὶ
1209 2641 1462 2710 δεύτερον
1512 2640 1611 2711 μὲν
1649 2641 1748 2710 τῆς
1776 2641 2004 2712 Περσῶν

420 2730 774 2800 ἀποδείξαιμι
808 2731 1116 2800 βασιλείας,
1155 2731 1436 2800 βασιλείαν
1468 2749 1533 2800 γε
1567 2732 1675 2803 μὴν
1722 2733 1818 2802 τὴν
1855 2734 2006 2803 Παρ-

417 2821 582 2891 θικὴν
629 2822 921 2893 ὲγχειρίσω
973 2839 1078 2878 σοι.
1129 2823 1186 2877 Ὀ
1212 2823 1271 2878 δὲ
1318 2825 1388 2878 τὰ
1426 2825 1551 2877 καθ’
1590 2823 1783 2878 ἑαυτὸν
1821 2824 1920 2894 μὲν
1949 2825 2007 2877 ὲν

421 2915 609 2986 ἀδήλῳ
650 2916 868 2971 κεῖσθαι
901 2916 981 2987 τῷ
1028 2917 1229 2987 πέρατι
1279 2916 1418 2986 ἔφη’
1452 2915 1589 2981 τέως
1620 2932 1686 2985 γε
1723 2916 1832 2988 μὴν
1878 2916 1933 2970 εί
1954 2933 2008 2970 τι

418 3008 490 3079 δὴ
519 3007 756 3062 καὶτῶν
797 3008 1080 3080 ἀδοκήτων
1127 3008 1276 3080 αὐτῷ
1307 3007 1575 3078 συμϐαίη,
1632 3010 1746 3072 τοῖς
1794 3008 2010 3062 ὑπολει-

407 3098 798 3182 φθησομένοις
831 3099 924 3153 τοῦ
961 3100 1152 3167 γένους
1193 3099 1269 3171 μὴ
1297 3100 1597 3170 ἀχάριστον
1631 3099 1888 3169 γενέσθαι
1917 3101 2016 3155 τὸν

2107 2013 2262 2068 gens,
2297 1996 2576 2067 pollicitus
2608 2003 2692 2048 est
2734 2009 2793 2048 se
2837 1992 3156 2062 praeclarum
3187 1986 3466 2058 quidpiam
3506 1982 3678 2037 factu-

2099 2105 2247 2153 rum,
2283 2103 2380 2159 per
2422 2086 2567 2158 quod
2609 2094 2664 2140 et
2714 2099 2804 2140 res
2843 2082 3020 2138 Persis
3053 2080 3267 2136 felicius
3295 2077 3686 2137 succederent,

2102 2191 2160 2237 et
2191 2196 2382 2254 pcenas
2417 2185 2698 2235 sumerent
2729 2177 2797 2234 de
2831 2174 3105 2231 hostibus.

2175 2457 2262 2512 Vl.
2309 2455 2600 2526 Exeipiens
2633 2461 2818 2508 autem
2865 2447 3140 2504 Artasiras
3168 2463 3181 2500 :
3214 2444 3448 2508 Revera,
3483 2441 3685 2510 inquit.

2105 2552 2151 2608 si
2186 2552 2303 2606 haec
2335 2547 2550 2611 feceris,
2578 2545 2831 2616 protinus
2871 2542 3148 2610 imponam
3181 2546 3275 2591 tuo
3305 2534 3468 2606 capiti
3502 2533 3691 2589 diade-

2108 2659 2216 2707 ma,
2247 2649 2302 2697 et
2341 2649 2394 2696 te
2433 2637 2662 2694 efﬁciam
2707 2634 2926 2705 quidem
2963 2629 3261 2687 secundum
3305 2626 3454 2696 regni
3493 2625 3692 2679 Persa-

2109 2751 2252 2799 rum,
2298 2731 2506 2788 tradam
2548 2737 2734 2783 autem
2779 2725 2878 2780 tibi
2925 2737 3156 2794 regnum
3210 2719 3553 2773 Parthicum.
3596 2713 3692 2769 llle

2109 2832 2316 2885 autem,
2339 2819 2486 2892 quod
2516 2817 2584 2873 ad
2619 2831 2680 2872 se
2727 2814 2950 2885 quidem
2985 2811 3202 2869 attinet.
3233 2805 3368 2862 dicit
3417 2805 3692 2860 incertum

2110 2929 2231 2970 esse
2258 2912 2420 2967 linem
2452 2927 2468 2965 :
2507 2908 2551 2964 si
2584 2905 2713 2974 quid
2745 2919 2874 2960 vero
2902 2900 3122 2958 interim
3146 2899 3199 2955 ei
3219 2897 3463 2954 evenerit
3486 2905 3693 2964 praeter

2112 3002 2451 3072 opinionem,
2473 2998 2684 3068 rogavit
2708 2995 3030 3058 Artasiram,
3069 3007 3140 3047 ne
3185 2998 3332 3046 esset
3360 2989 3603 3060 ingratus
3629 2985 3696 3040 iis

2114 3094 2206 3165 qui
2257 3090 2623 3148 remanserint
2674 3104 2743 3144 ex
2782 3101 2984 3157 genere
3022 3101 3036 3138 :
3087 3083 3182 3138 sed
3225 3094 3434 3136 memor
3473 3076 3696 3147 quidem

437 3192 797 3261 Ἀρτασείραν
827 3191 1004 3261 ⁴ἰςξίου,
1039 3191 1174 3246 ἀλλὰ
1216 3191 1693 3262 διαμνημονεύσας
1733 3191 1834 3262 μὶν
1865 3191 2003 3262 αὐτῷ

2117 3195 2266 3243 esset
2316 3186 2438 3254 eius
2467 3199 2570 3254 pro
2619 3182 2738 3252 ipso
2769 3177 3007 3251 prompti
3041 3184 3098 3232 et
3123 3175 3320 3230 alacris
3356 3171 3523 3228 animi
3558 3185 3700 3241 :pro

423 3283 528 3352 τῆς
561 3282 702 3352 ὑπὲρ
733 3281 899 3336 αὑτοῦ
926 3281 1257 3352 προθυμίας,
1286 3281 1519 3352 χάριτας
1552 3281 1608 3334 δὲ
1640 3280 1848 3344 τούτοις
1873 3281 2015 3352 ὑπὲρ

427 3377 600 3444 αὐτῆς
655 3372 975 3428 ἀποδοῦναι.
1037 3372 1227 3426 Ταῦτα
1281 3371 1476 3435 εἰπὼν,
1535 3371 1630 3424 τὸν
1674 3369 1904 3438 ἀδελφόν
1957 3387 2014 3424 τε

431 3465 704 3536 συνεργὸν
734 3463 1180 3536 παραλαμϐάνει,
1223 3462 1320 3516 καὶ
1355 3463 1414 3514 ἰν
1446 3461 1748 3532 αὐτομόλου
1778 3462 2018 3532 σχήματι

428 3557 681 3627 γυναιξὶν
731 3555 849 3627 ἀμα
887 3556 983 3610 καὶ
1034 3555 1268 3616 παιδίοις
1303 3555 1396 3607 καὶ
1445 3553 1556 3622 ὅλῳ
1593 3552 1728 3623 οἴκῳ
1783 3554 2021 3616 καὶτοῖς

429 3649 658 3712 οἰκείοις
691 3649 826 3703 πᾶσι
871 3643 950 3718 τῷ
977 3645 1078 3716 τῆς
1113 3641 1404 3715 ⁹Δρμενίιι.ς
1431 3646 1744 3714 προσχωρεῖ
1783 3643 2018 3714 βασιλεῖ,

433 3741 535 3796 καὶ
557 3741 615 3805 ὃς
639 3743 706 3812 τῇ
736 3757 796 3795 τε
831 3739 968 3811 άλλη
1008 3737 1206 3802 αὐτοὺς
1238 3735 1558 3806 ὑποδέχεται
1587 3735 1894 3807 φιλοτιμίᾳ,
1925 3735 2021 3790 καὶ

433 3833 630 3901 δεξιῶς
674 3834 745 3888 τά
779 3832 1016 3902 μάλιστα
1068 3827 1510 3892 κατασπάζεται.
1539 3829 1605 3882 Ol.
1638 3827 1696 3882 δὲ
1731 3827 2018 3892 θωπείαις,

434 3929 602 3982 αὑτὸν
642 3925 967 3988 ὑπελθόντες
1012 3923 1135 3977 ὅλον
1163 3920 1518 3985 οἰκειοῦνται,
1555 3920 1650 3974 καὶ
1697 3920 1851 3975 οὐδὲν
1883 3919 2023 3974 ὕπο-

440 4035 576 4071 πτον
622 4017 715 4069 ἐπ’
759 4015 930 4084 αὐτῆς
970 4014 1114 4085 ἔχειν
1149 4012 1656 4082 παρασκευάζουσι,
1683 4010 1778 4064 καὶ
1806 4010 2024 4081 μάλισθ’

433 4113 522 4164 ὅτι
568 4108 814 4178 γυναιξὶν
866 4109 988 4178 ἄμα
1047 4107 1146 4160 καὶ¹
1188 4107 1303 4169 τοῖς
1352 4105 1633 4175 φιλτάτοις
1693 4099 1838 4174 ἦσαν
1892 4102 2025 4174 παρ’

2113 3293 2183 3334 eo
2222 3288 2402 3333 autem
2427 3318 2442 3344 ,
2469 3276 2550 3331 eis
2582 3274 2816 3330 referret
2857 3271 3080 3343 gratias.
3117 3267 3244 3324 Haec
3277 3281 3401 3322 cum
3432 3262 3655 3319 dixisset
3680 3297 3715 3325 ι,

2115 3371 2338 3427 fratrem
2387 3368 2619 3424 assumit
2665 3367 2973 3436 adjutorem
3007 3379 3022 3418 :
3055 3368 3112 3416 et
3159 3359 3342 3430 specie
3383 3354 3713 3424 transfugae.

2119 3479 2242 3518 cum
2295 3461 2610 3516 mulieribus
2635 3457 2798 3514 simul
2835 3465 2892 3511 et
2922 3453 3247 3517 infantibus,
3274 3456 3331 3504 et
3369 3458 3478 3502 tota
3518 3448 3701 3508 domo,

2117 3547 2481 3620 omnibusque
2509 3547 2842 3611 domesticis,
2872 3543 3082 3602 accedit
3099 3542 3168 3596 ad
3201 3555 3380 3612 regem
3407 3537 3700 3591 Armeniae.

2121 3642 2217 3697 ille
2279 3649 2463 3694 autem
2507 3648 2562 3694 et
2603 3638 2710 3693 alio
2742 3651 2838 3693 eos
2881 3636 3093 3690 honore
3129 3631 3348 3700 accipit,
3378 3637 3435 3684 et
3471 3627 3708 3696 benigne

2121 3733 2414 3790 admodum
2443 3745 2538 3787 cos
2566 3729 2785 3785 salutat.
2823 3726 2905 3783 llli
2940 3733 3144 3790 autem,
3189 3737 3248 3778 se
3286 3718 3565 3776 blanditiis
3605 3718 3707 3788 ipsi

2122 3827 2486 3892 insinuantes,
2514 3837 2641 3880 eum
2675 3821 2912 3877 reddunt
2947 3816 3172 3873 omnino
3205 3813 3308 3869 sibi
3345 3811 3666 3868 familiarem
3690 3848 3723 3874 ._

2122 3926 2181 3974 et
2213 3917 2476 3980 elllciunt,
2510 3926 2573 3971 ut
2599 3929 2696 3970 eos
2726 3911 2866 3968 nihil
2894 3910 3121 3966 haberet
3150 3912 3458 3976 suspectos,
3504 3909 3565 3957 et
3591 3914 3711 3955 ma.-

2125 4010 2272 4064 xime
2317 4006 2466 4078 quod
2512 4004 2674 4062 simul
2718 4017 2844 4058 cum
2884 3999 3168 4063 uxoribus,
3208 4005 3266 4053 et
3321 3995 3388 4051 iis
3425 4007 3548 4064 qua
3582 4000 3714 4047 sunt

2125 4098 2476 4161 charissima,
2529 4096 2596 4153 ad
2653 4096 2804 4151 illum
2843 4090 3282 4162 transfugissent.
3331 4087 3518 4155 Itaque
3562 4082 3730 4138 Anac-

437 4175 650 4253 ὲκεῖνον
683 4175 1193 4271 αὐτομολήσαντες·
1227 4198 1422 4268 ἀμέλει
1457 4200 1554 4251 καὶ
1584 4197 1749 4268 τιμὴν
1779 4197 1806 4249 ὁ
1858 4179 2003 4250 Ἀνάι

2127 4188 2430 4246 secundum
2453 4189 2716 4243 honorem
2747 4193 2870 4256 post
2897 4197 3077 4254 regem
3095 4177 3315 4248 accipit.
3340 4177 3516 4245 Atque
3535 4175 3740 4230 hieme.

440 4290 710 4361 δευτέραν
747 4268 849 4362 τὴν
900 4268 1038 4360 μετά
1081 4287 1306 4359 βασιλέα
1358 4286 1653 4357 λαμϐάνει.
1690 4286 1749 4338 '0
1790 4285 1889 4356 μὲν
1933 4285 2003 4339 οὒε

2131 4285 2354 4354 quidem
2403 4279 2648 4337 Armenii
2680 4279 2735 4333 in
2787 4291 3004 4333 summo
3042 4275 3372 4344 quieverunt
3415 4268 3528 4323 otio
3566 4283 3583 4322 :
3621 4279 3719 4320 ver

440 4355 650 4454 χειμιῖλν
685 4385 743 4436 ἐν
780 4355 946 4452 πολλῇ
987 4355 1113 4446 τοὺς
1155 4355 1476 4451 Ἀρμενίους
1510 4355 1808 4432 διανέπαυε
1835 4381 1902 4448 τῇ
1933 4381 2003 4449 ῥα

2133 4389 2352 4446 quoque
2375 4373 2456 4428 eis
2486 4371 2684 4426 multas
2712 4370 3018 4439 voluptates
3052 4365 3104 4418 in
3133 4379 3229 4419 sua
3262 4359 3434 4432 patria
3455 4355 3739 4428 largiebas-

441 4452 648 4546 στὼνῃ,
688 4476 784 4530 καὶ
813 4476 874 4530 τὸ
904 4474 1003 4545 ἔαρ
1033 4475 1218 4536 αὐτοῖς
1250 4471 1666 4542 παραπλησίους
1699 4473 1756 4523 ὲν
1788 4473 1855 4540 τῇ
1883 4470 2003 4523 uixit

2134 4477 2222 4522 tur
2258 4482 2273 4519 :
2305 4473 2490 4521 aestate
2519 4471 2701 4517 autem
2730 4471 2936 4523 auster,
2971 4457 3147 4514 calido
3168 4455 3294 4509 ﬂatu
3318 4452 3554 4521 spirans,
3591 4463 3718 4502 coe-

439 4571 544 4632 τὰς
585 4540 777 4639 ήδονάς
826 4540 1135 4638 ἐχαρίζετο,
1165 4565 1261 4618 τοῦ
1293 4540 1352 4618 δὲ
1383 4563 1576 4634 θέρους
1610 4564 1638 4616 ὁ
1669 4562 1823 4626 νότος
1857 4564 2000 4616 πνέω

2106 4555 2215 4631 ’git
2247 4573 2426 4629 regem
2453 4557 2684 4624 migrare
2723 4554 2780 4607 in
2810 4555 3005 4606 Ararat
3036 4548 3199 4605 simul
3228 4559 3352 4600 cum
3388 4540 3724 4610 magistrati-

443 4629 670 4730 θερμός,
707 4629 980 4729 μετοικείν
1001 4629 1100 4710 ⁷τὸν
1123 4629 1359 4727 βασιλέα
1384 4629 1476 4708 sui
1497 4655 1565 4707 τὰ
1608 4654 1664 4707 Ἀ
1675 4655 1847 4724 ραρὰτ
1866 4655 2003 4724 ἀνάγ

2133 4629 2257 4713 bus,
2300 4649 2391 4703 ubi
2425 4647 2696 4716 degebant
2722 4653 2982 4712 tanquam
3013 4641 3068 4694 in
3097 4653 3265 4693 verna
3298 4631 3581 4700 temperie.
3607 4629 3740 4684 Rex.

445 4753 585 4816 καζε
644 4753 784 4822 μετὰ
838 4751 949 4804 τῶν
1007 4752 1067 4804 ὲν
1100 4749 1268 4810 τέλει,
1334 4748 1470 4799 ὅπου
1522 4745 1615 4798 καὶ
1682 4745 1823 4798 κατὰ
1874 4745 2002 4814 θέρο

2133 4744 2220 4797 hic
2247 4753 2472 4795 versans
2528 4734 2857 4789 movebatur
2881 4745 3070 4786 rursus
3110 4729 3372 4783 adversus
3418 4721 3720 4777 Persidem.

442 4811 728 4912 ῶσπερ-ὲν
749 4843 951 4914 ἐαρινῷ
979 4842 1171 4895 θάλπει
1203 4838 1298 4893 καὶ
1324 4837 1488 4908 ψύχει
1519 4838 1724 4906 διῆγον.
1763 4811 2003 4889 Ἐνταδθς

2132 4835 2282 4888 Anac
2312 4838 2495 4884 autem
2523 4827 2841 4882 recordatus
2875 4818 3259 4892 jurisjurandi,
3312 4813 3457 4884 quod
3491 4811 3738 4865 dederat.

439 4937 743 5006 διατρίϐων
791 4937 819 4989 ὁ
854 4935 1109 5006 βασιλεὺς
1144 4933 1286 4986 κατὰ
1332 4931 1436 5001 τῆς
1489 4928 1753 4999 Περσίδος
1802 4930 2002 4981 ἐκινείτ

2131 4924 2412 4987 Artasiraa,
2432 4930 2487 4976 et
2507 4919 2774 4974 donorum
2807 4927 3072 4970 accensus
3101 4909 3421 4979 cupiditate,
3445 4918 3503 4959 se
3533 4915 3736 4970 regem.

445 5031 634 5084 πάλιν.
677 5029 740 5082 '0
778 5029 835 5081 δὲ
866 5027 1033 5081 Ἀνάκ
1078 5025 1188 5079 τῶν
1240 5041 1298 5077 τε
1348 5023 1445 5077 τοῦ
1491 5020 1822 5092 ’Δρτασείρα
1865 5020 2003 5089 ὅρκοι

2141 5015 2414 5071 Armeniae
2445 5026 2698 5068 seorsum
2740 5007 2876 5063 velle
2940 5003 3140 5073 alioqui
3176 4999 3338 5056 simul
3386 5011 3508 5052 eum
3560 4992 3726 5046 fratre

447 5121 528 5181 εἰς
572 5119 799 5189 μνήμην
841 5115 1012 5171 ἐλθὼν
1046 5115 1143 5168 καὶ
1180 5112 1259 5183 τῷ
1312 5085 1674 5180 τῶνδωρνεῶν
1715 5085 2003 5172 ἀναφλεγεί

2145 5117 2455 5179 praetexens
2488 5106 2555 5160 de
2586 5103 2751 5158 rebus
2775 5098 3123 5159 necessariis,
3158 5109 3280 5150 cum
3313 5091 3415 5146 soli
3446 5088 3512 5143 ad
3551 5085 3725 5140 solum

447 5175 638 5280 ἔρωτι,
667 5175 1101 5277 ’ίδιολογίσασθαι
1131 5205 1210 5276 τῷ
1229 5175 1448 5275 βασιλεί
1490 5175 1782 5272 ’Ᾱρμενίας
1824 5200 1941 5268 ἅμα
1968 5215 2003 5249 τ‹

2146 5175 2333 5255 essent
2378 5195 2632 5268 ingressi,
2673 5195 2851 5264 ipsum
2891 5189 3088 5244 tollunt
3119 5187 3187 5241 de
3219 5181 3445 5238 medio:
3492 5187 3549 5234 et
3585 5175 3728 5229 fama

450 5267 670 5372 ἀδελφιῖ)
704 5267 1203 5372 προφασισάμενοι,
1233 5267 1568 5364 ’ἀναγκαίων
1590 5267 1755 5345 τινῶν
1791 5267 2003 5360 πραγμά

2146 5288 2412 5345 exercitui
2447 5267 2672 5342 caedem
2742 5280 3125 5344 annuutiante,
3149 5278 3238 5331 isti
3299 5267 3730 5330 conscendentes

449 5410 563 5447 των
595 5393 762 5464 πέρι,
792 5394 888 5446 καὶ
935 5391 1090 5460 μόνοι
1143 5388 1282 5461 πρὸς
1332 5387 1492 5460 μόνον
1541 5381 1902 5446 εἰσελθόντες,
1945 5399 2003 5452 με

2149 5397 2340 5451 equos,
2384 5381 2514 5436 totis
2549 5379 2760 5433 viribus
2787 5374 3017 5445 fugiunt.

455 5487 675 5556 χαίραις
717 5486 882 5540 αὑτὸν
916 5481 1226 5554 ἀνάιροῦσι,
1270 5480 1366 5534 καὶ
1431 5478 1534 5548 τῆς
1603 5476 1792 5546 φήμης
1832 5473 1909 5526 τῶ
1960 5475 2303 5546 στρατοπέδῳ
2346 5472 2655 5545 μηνυούσης
2711 5472 2803 5525 τὸν
2859 5468 3037 5538 φόνον,
3069 5467 3179 5526 τοῖς
3212 5467 3399 5523 ἵπποις

457 5575 608 5634 οὗτοι
640 5578 940 5649 φεύγουσιν
965 5575 1299 5642 ἀνακράτος.

531 5670 604 5727 Ζ’.
648 5673 712 5726 Οί
745 5671 877 5740 γοῦν
925 5669 1206 5740 σατράπαι
1252 5666 1350 5736 τῆς
1385 5663 1682 5736 Ἀρμενίας
1725 5661 1900 5732 λόχοις
1954 5657 2052 5714 καὶ

463 5762 723 5834 λοχαγοῖς
769 5762 878 5815 τῶν
938 5758 1189 5827 διεξόδων
1243 5756 1341 5821 τὰς
1401 5756 1622 5817 πλείους
1674 5752 2050 5824 διειληφότες,

462 5854 903 5926 προκαταλαϐεῖν
954 5852 1135 5908 αὐτῶν
1183 5849 1282 5920 τὴν
1313 5848 1491 5920 φυγὴν
1519 5849 1580 5902 ἐκ
1620 5847 1816 5913 παντδς
1846 5845 2051 5918 τρόπου

3447 5453 3732 5509 ἐπιϐάντες

2234 5655 2346 5710 Vll.
2375 5654 2619 5725 Satrapm
2645 5661 2829 5708 autem
2875 5646 3147 5704 Armeniae
3189 5657 3313 5698 cum
3360 5634 3736 5706 manipuliset

2160 5751 2390 5805 militum
2421 5746 2740 5803 ductoribus
2771 5742 3036 5814 plurimos
3058 5741 3419 5806 occupassent
3453 5727 3734 5790 transitus,

2161 5841 2214 5896 in
2263 5839 2449 5896 animo
2499 5835 2773 5895 habebant
2816 5831 3084 5891 omnibus.
3111 5824 3287 5884 modis
3325 5822 3507 5894 fugam
3544 5832 3736 5876 eorum
