4060 6488
431 437 534 503 951

1672 447 1962 506 ΜΕΧΞΙΞ
2000 449 2477 514 SEPTEMBER.

3593 450 3692 493 0'3

3598 484 3690 514 δυᾶ

433 552 756 623 praevenire.
783 550 1050 617 Quocirca
1088 566 1188 607 nec
1211 552 1292 608 eis
1320 552 1520 609 frustra
1547 556 1715 610 cessit
1754 556 2017 611 studium.

2130 563 2424 619 διενοοῦντο
2455 583 2468 598 '
2490 564 2614 619 ὅθεν
2658 564 2779 619 οὑδὲ
2810 564 2892 626 είς
2927 564 3105 632 μάτην
3136 562 3317 623 aerei;
3355 563 3633 636 ἐχώρησεν
3663 567 3695 636 ἡ

431 645 569 700 Cum
607 662 701 701 eos
732 646 877 699 enim
919 645 1193 715 fugientes
1234 646 1289 699 in
1335 647 1515 702 medio
1557 649 1791 718 quodam
1844 660 2014 718 ponte

366 782 371 789 .
434 727 875 807 intercepissent,
910 735 965 790 in
999 736 1164 790 ﬂuvio
1197 737 1634 793 submerserunt.
1668 738 1734 793 Et
1762 755 1885 794 cum
1930 756 2015 794 re-

434 826 575 881 versi
606 834 787 880 essent
818 835 1217 894 persecutores,
1252 826 1423 895 ipsius
1452 826 1602 882 Anac
1626 838 1681 882 et
1715 827 1898 882 fratris
1930 829 2016 882 in.

435 916 701 972 terllcitur
730 918 910 970 omnis
943 920 1243 988 generatio,
1281 934 1404 973 cum
1439 935 1605 989 agens
1645 921 1896 990 spiritum
1922 936 2015 975 rex

432 1008 816 1064 Armeniorum
862 1009 968 1065 hoc
1009 1019 1313 1067 extremum
1361 1013 1698 1080 mandasset,
1743 1022 1805 1067 ut
1846 1029 2018 1082 genus

359 1168 367 1175 .
435 1113 625 1150 eorum
657 1096 750 1166 qui
784 1098 962 1167 ipsum
1025 1099 1416 1154 interemerant
1461 1100 1707 1156 funditus
1751 1101 2014 1156 interiret.

436 1180 505 1244 Et
540 1190 618 1243 sic
650 1190 869 1259 quidem
898 1192 1180 1259 perierunt
1212 1208 1425 1259 omnes,
1472 1202 1669 1262 przeter
1712 1192 1850 1247 duos
1881 1193 2020 1246 filios

438 1276 589 1334 Anac
618 1295 823 1350 eosque
856 1281 1012 1337 valde
1045 1281 1304 1343 infantes.
1324 1290 1388 1341 .et
1425 1283 1698 1351 quierant
1734 1282 1911 1337 adhuc
1938 1282 2021 1335 in-

438 1372 608 1426 voluti
661 1372 869 1440 fasciis,
924 1384 977 1429 et
1019 1373 1311 1429 lactabant.
1356 1374 1505 1441 Quos
1550 1390 1673 1430 cum
1719 1374 2021 1429 seduxisset

437 1462 660 1531 quidam
688 1479 754 1518 ex
782 1463 848 1517 iis
887 1465 981 1533 qui
1005 1466 1071 1517 ad
1095 1481 1220 1519 eum
1248 1466 1571 1529 attinebant,
1606 1481 1775 1520 unum
1801 1465 2018 1535 quidem

438 1558 695 1628 deposuit
721 1559 775 1613 in
797 1560 1048 1629 partibus
1079 1560 1335 1625 Persidis,
1363 1561 1591 1616 alterum
1619 1571 1803 1615 autem
1830 1561 1882 1614 in
1912 1560 2021 1617 Ro-

442 1662 601 1701 mana
630 1648 857 1703 ditione.
891 1648 938 1704 Is
967 1648 1069 1704 fuit
1092 1648 1405 1720 Gregorius,
1439 1651 1596 1721 cujus
1628 1652 1886 1720 praeclara
1920 1664 2020 1720 pro

442 1738 642 1808 pietate
679 1740 978 1794 certamina
1013 1755 1232 1811 agressa
1268 1750 1349 1796 est
1389 1741 1458 1797 ab
1492 1742 1650 1797 init'o
1682 1741 1861 1796 dicere
1899 1756 2022 1794 ora-

444 1831 540 1884 tio.
573 1828 717 1901 Rege
746 1839 927 1887 autem
945 1832 1327 1887 Armeniorum
1353 1848 1419 1888 eo
1449 1834 1612 1888 modo
1655 1848 1765 1901 quo
1788 1832 2024 1886 diximus

441 1919 756 1982 interfecto,
795 1919 939 1974 felici
995 1922 1070 1976 rei
1110 1935 1368 1977 successu
1398 1933 1580 1976 motus
1629 1921 2023 1982 Persa,movet
2057 1908 2094 1962 Β

442 2009 744 2064 exercitum
779 2011 1043 2067 adversus
1085 2012 1437 2067 conturbatos
1463 2012 1734 2066 Armenos
1767 2028 1781 2066 :
1822 2018 1878 2065 et
1905 2024 2026 2064 ma-

443 2115 550 2169 gna
597 2111 717 2155 acta
757 2101 960 2170 praeda,
1010 2111 1064 2156 et
1100 2102 1289 2156 multis
1319 2102 1568 2157 abductis
1600 2102 1850 2171 captivis,
1884 2115 2026 2171 prte-

444 2193 591 2246 clare
640 2207 839 2246 rursus
896 2191 951 2245 in
1005 2207 1159 2246 suam
1210 2193 1504 2248 revertitur
1548 2194 1847 2263 regionem.
1888 2190 2025 2246 Cum

445 2291 627 2336 autem
668 2282 975 2337 invenisset
1002 2283 1144 2337 inter
1168 2284 1414 2353 captivos
1442 2300 1610 2338 unum
1643 2301 1710 2338 ex
1738 2283 1862 2337 ﬁliis
1887 2280 2027 2337 Cur-

446 2388 590 2433 saro.
627 2373 849 2428 nomine
888 2372 1219 2440 Teridatem,
1253 2390 1378 2429 eum
1414 2375 1634 2444 quidem
1676 2391 1785 2430 non
1814 2375 2029 2430 interii.

447 2466 523 2521 cit
548 2475 769 2535 propter
796 2475 1041 2521 teneram
1067 2467 1246 2524 adhuc
1272 2477 1488 2524 atatem
1516 2485 1532 2523 :
1564 2468 1732 2522 mittit
1757 2477 1941 2522 autem
1971 2468 2025 2521 in

446 2557 698 2613 exsilium
732 2558 786 2612 in
820 2558 1191 2614 Romanorum
1230 2561 1529 2632 regionem.
1559 2558 1658 2615 llic
1689 2569 1773 2615 est
1800 2559 2027 2615 Tcrida-

449 2659 553 2715 tes,
598 2650 687 2719 qui
742 2662 968 2720 regnum
1010 2652 1398 2706 Armeniorum
1444 2652 1734 2721 posteriori
1784 2662 2030 2722 tempore

449 2736 696 2796 Romano
748 2740 949 2797 auxilio
993 2743 1286 2812 acquisivit
1316 2752 1371 2797 et
1398 2744 1629 2813 accepit,
1673 2751 1727 2798 ct
1775 2759 2030 2814 magnum

447 2833 768 2905 Gregorium
803 2837 1089 2891 tormentis
1128 2836 1362 2905 subjecit
1396 2837 1885 2893 innumerabilibus
1915 2852 1928 2889 :
1978 2846 2032 2891 et

446 2927 540 2996 qui
564 2942 672 2983 non
695 2927 872 2982 solum
896 2942 1022 2981 eum
1049 2927 1274 2982 abduxit
1295 2944 1322 2981 ἰ
1357 2928 1579 2997 pietate,
1600 2927 1693 2981 sed
1717 2930 1833 2997 ipse
1851 2929 2032 2996 potius

448 3019 574 3087 ejus
599 3018 906 3073 admirabili
937 3020 1241 3074 constantia
1275 3028 1331 3075 et
1362 3019 1514 3089 plaga
1549 3020 1786 3088 desuper
1816 3019 2029 3073 immis-

439 3125 508 3169 sa
534 3125 565 3164 a
592 3109 775 3165 divina
799 3110 1169 3176 Providentia,
1203 3111 1268 3165 ad
1295 3112 1441 3166 illius
1473 3112 1634 3165 fidem
1669 3111 1767 3166 fuit
1797 3127 2030 3166 conver-

449 3216 566 3256 sus.
595 3201 701 3257 Sed
736 3202 854 3257 hrec
882 3202 1103 3273 quidem
1149 3203 1458 3273 singulatim
1494 3203 1801 3274 procedens
1850 3203 2033 3259 decla-

453 3294 592 3350 rabit
614 3296 814 3349 oratio.

524 3498 664 3557 Vlll.
691 3501 959 3558 Artasiras
986 3501 1170 3575 igitur,
1193 3504 1284 3574 qui
1305 3513 1435 3559 tunc
1452 3513 1568 3558 erat
1599 3517 1688 3558 rex
1713 3501 2025 3569 Persarum,

450 3601 659 3663 partem
704 3594 787 3649 sui
839 3595 1052 3665 imperii
1085 3596 1255 3664 ipsam
1287 3611 1502 3665 quoque
1533 3594 1662 3649 fecit
1687 3595 2029 3648 Armeniam.

448 3686 747 3757 Gregorius
785 3698 965 3743 autem
1002 3687 1145 3742 filius
1172 3687 1344 3752 Auac,
1384 3696 1444 3741 ut
1475 3686 1731 3750 diximus,
1760 3687 1853 3756 qui
1889 3686 2031 3741 Cur—

449 3793 575 3832 saro
600 3777 973 3843 interfecerat,
997 3780 1203 3850 degens
1246 3780 1300 3833 in
1343 3779 1563 3834 civitate
1595 3778 1859 3835 Caesarea:
1883 3777 2031 3849 Cap-

451 3871 716 3936 padociae,
764 3878 819 3925 et
866 3871 1027 3925 aliam
1076 3871 1266 3926 didicit
1303 3870 1628 3935 doctrinam,
1671 3871 1816 3926 etin
1867 3872 2031 3926 rebus

450 3960 781 4017 Christianis
834 3962 1128 4032 diligenter
1176 3962 1281 4018 fuit
1329 3963 1686 4018 exercitatus.
1745 3961 2031 4017 Tcridates

452 4052 706 4122 proinde,
740 4052 833 4121 qui
866 4063 987 4108 erat
1012 4068 1077 4107 ex
1110 4053 1373 4123 sanguine
1407 4053 1576 4121 regio,
1606 4049 1945 4107 referebatur
1973 4051 2030 4105 in

450 4152 742 4198 numerum
762 4141 1133 4199 Romanorum
1155 4144 1592 4213 magistratuum.
1622 4141 1741 4197 Non
1773 4143 2031 4214 ignorans

448 4242 633 4289 autem
661 4233 956 4305 Gregorius
1004 4246 1061 4290 et
1104 4251 1222 4305 quae
1265 4235 1397 4290 fecit
1428 4237 1547 4304 ejus
1589 4245 1743 4304 pater
1773 4236 1946 4299 Anar,
1976 4244 2032 4290 et

447 4340 573 4393 quae
610 4325 680 4381 ab
722 4326 840 4395 ipso
885 4342 1079 4397 passus
1109 4337 1193 4381 est
1230 4337 1386 4395 pater
1424 4326 1717 4390 'l‘cridatis,
1750 4340 1813 4379 ea
1846 4336 2028 4379 tamen

447 4427 658 4471 secreta
684 4418 826 4487 apud
856 4434 916 4472 sc
948 4427 1160 4482 tenens,
1185 4418 1395 4472 accedit
1425 4419 1491 4471 ad
1518 4415 1853 4478 Tcridatem,
1876 4432 1934 4470 se
1963 4416 2030 4471 ad

447 4507 816 4563 voluntarium
835 4509 955 4578 ejus
974 4507 1194 4562 tradens
1216 4507 1599 4567 ministerium,
1630 4517 1685 4561 et
1707 4508 1841 4562 citra
1866 4506 2031 4560 ullam

2119 657 2349 726 σπουδὴ,
2373 656 2507 709 ἀλλὰ
2539 655 2844 724 φεύγοντας
2866 655 3092 714 τούτους
3137 655 3277 706 κατὰ
3304 654 3549 724 γέφυράν
3578 672 3697 709 τινα

2122 749 2295 818 μέσην
2317 747 2702 811 ἀπολαϐόντες,
2729 746 3099 816 ὑποϐρυχίους
3126 745 3202 815 τῷ
3229 746 3461 815 ποταμῷ
3490 747 3695 801 ἔδοσαν.

2119 845 2233 899 Καὶ
2295 842 2405 895 τῶν
2454 841 2760 895 διωκόντων
2821 838 3280 909 ὑποστρεψάντων
3338 838 3547 905 γίνεται
3604 839 3703 905 τῆς

2118 937 2313 1004 γενεᾶς
2354 935 2514 1003 φόνος
2568 934 2809 1001 ἁπάσης,
2841 931 3009 985 αὑτοῦ
3062 948 3121 983 τε
3150 930 3244 982 τοῦ
3270 929 3439 983 Ἀνὰκ
3474 929 3568 982 καὶ
3605 929 3701 982 τοῦ

2119 1025 2375 1093 ἀδελφοῦ,
2408 1025 2721 1077 τελευταῖον
2761 1020 2919 1075 τοῦτο
2968 1020 3098 1083 ἔπος
3142 1018 3238 1073 τοῦ
3270 1018 3581 1088 ’Δρμενίων
3612 1017 3709 1087 βα-

2121 1119 2314 1183 σιλέως
2344 1120 2402 1171 ὲν
2431 1118 2688 1188 ἐσχάταις
2736 1117 2928 1177 πνοαῖς
2966 1114 3399 1185 ἐπισκήψαντος,
3432 1113 3533 1181 τὴν
3563 1129 3705 1164 παν-

2119 1212 2247 1280 τελῆ
2283 1211 2377 1265 τοῦ
2408 1210 2601 1277 γένους
2623 1209 2732 1262 τῶν
2764 1208 3063 1263 ἀνελόντων
3088 1206 3389 1259 ἀπώλειαν.
3430 1205 3543 1259 Καὶ
3563 1203 3710 1256 οὕτω

2126 1306 2225 1375 μὲν
2266 1303 2546 1356 ἀπώλοντο
2592 1303 2816 1365 πάντες,
2872 1300 3014 1369 πλὴν
3055 1299 3148 1351 δύο
3180 1299 3344 1350 τινῶν
3384 1297 3479 1349 τοῦ
3534 1296 3709 1349 Ἀνὰκ

2122 1397 2351 1457 παίδων,
2374 1396 2469 1449 καὶ
2501 1393 2708 1446 τούτων
2749 1392 2948 1462 κομιδῇ
2992 1390 3206 1461 νηπίων
3235 1389 3331 1442 καλ
3361 1390 3418 1441 ἐν
3447 1388 3710 1456 σπαργα-

2123 1507 2235 1551 νοις
2284 1488 2365 1541 ἔτι
2401 1489 2495 1540 καὶ
2523 1486 2749 1555 γάλαξιν
2782 1485 2975 1544 ὄντων,
3037 1481 3130 1546 οὓς
3161 1482 3274 1535 τῶν
3318 1480 3713 1552 προσηκόντων

2123 1598 2207 1643 τις
2233 1579 2603 1648 ὑφελόμενος,
2655 1579 2747 1631 τὸν
2788 1577 2889 1647 μὲν
2924 1578 2982 1630 ἐν
3029 1578 3144 1640 τοῖς
3186 1578 3284 1645 τῆς
3313 1574 3576 1644 Περσίδος
3616 1573 3720 1638 μέ-

2126 1686 2265 1742 ρεσι,
2302 1671 2394 1724 τὸν
2417 1670 2476 1723 δὲ
2505 1671 2564 1723 ἐν
2605 1673 2671 1741 τῇ
2711 1670 2998 1738 Ῥωμαϊκῇ
3032 1667 3326 1733 ὑπεξέθετο
3357 1665 3718 1736 ἐπικρατείᾳ.

2123 1763 2426 1834 Ιερηγόριος
2457 1764 2484 1815 6
2510 1761 2655 1823 θεῖος
2693 1755 2849 1824 οὗτος
2874 1757 2964 1830 ἦν,
3001 1751 3062 1812 οὑ
3093 1761 3219 1822 τοὺς
3247 1758 3537 1827 λαμπροὺς
3567 1756 3722 1825 ὑπὲρ

2125 1854 2406 1916 εὐσεϐείας
2435 1853 2654 1916 ἀγῶνας
2676 1853 2703 1904 6
2746 1851 2903 1920 λόγος
2936 1849 3192 1920 ἁπαρχῆς
3218 1849 3398 1901 εἰπεῖν
3428 1847 3719 1916 ὥρμηται.

2125 1945 2232 1999 Τοῦ
2263 1947 2320 1999 δὲ
2358 1945 2661 2014 Ἀρμενίων
2703 1941 2971 2014 βασιλέως
3000 1942 3059 1995 ὃν
3096 1942 3312 2011 εἴρηται
3345 1940 3549 2008 τρόπον
3576 1941 3719 2008 ἀνῃ-

2127 2038 2387 2108 ρημένου,
2433 2036 2510 2107 τῷ
2542 2037 2890 2106 εὑτυχήματι
2932 2032 3195 2103 ἐπαρθεὶς
3220 2035 3248 2085 6
3283 2032 3523 2101 Πέρσης,
3550 2046 3721 2082 τετα·

2128 2129 2423 2199 ραγμένοις
2450 2127 2834 2197 ἐπιστρατεύει
2866 2128 2978 2188 τοῖς
3005 2122 3339 2194 Ἀρμενίοις,
3379 2122 3476 2175 καὶ
3511 2119 3724 2188 πολλὴν

2125 2219 2553 2288 περιϐαλόμενος
2602 2217 2755 2269 λείαν
2781 2216 2876 2268 καὶ
2903 2215 3286 2284 δορυαλώτους
3314 2213 3397 2266 ὅτι
3425 2211 3726 2275 πλείστους

2126 2304 2330 2372 λαϐὼν,
2374 2309 2457 2372 είς
2506 2307 2607 2377 τὴν
2656 2306 2868 2360 οἰκείαν
2911 2305 3181 2376 λαμπρῶς
3214 2305 3488 2372 ἐπανῆκεν
3533 2299 3722 2363 αὖθις.

2128 2398 2319 2473 Εὑρὼν
2362 2399 2417 2450 δὲ
2460 2399 2518 2451 ἐν
2555 2400 2668 2458 τοῖς
2699 2396 3069 2466 αἰχμαλώτοις
3116 2396 3210 2447 ἕνα
3240 2395 3349 2446 τῶν
3389 2392 3520 2445 υἱῶν
3569 2393 3727 2444 Kon-

2130 2489 2283 2557 σαρὼ
2321 2486 2630 2559 Τηριδὰτην
2659 2489 2852 2557 ὄνομα,
2889 2487 2991 2539 οὐκ
3036 2487 3253 2557 ἀναιρεῖ
3282 2486 3381 2556 μὲν
3425 2485 3587 2538 αὑτὸν
3628 2484 3725 2537 διὰ

2126 2584 2187 2636 τὸ
2232 2582 2519 2651 Ῥωμαίων
2551 2582 2656 2651 ἢθη
2691 2582 3006 2650 φυγαδεύει.
3047 2575 3218 2642 Οὗτός
3262 2582 3377 2632 ἐστι
3406 2577 3725 2648 Τηρδάτης

2127 2677 2156 2729 6
2179 2676 2272 2728 καὶ
2302 2676 2400 2745 τὴν
2420 2674 2723 2745 Ἀρμενίων
2749 2674 2924 2745 ἀρχὴν
2951 2676 3129 2745 χρόνῳ
3163 2674 3391 2742 ὕστερον
3427 2672 3723 2740 Ῥωμαϊκῇ

2133 2766 2422 2836 συμμαχία
2444 2766 2538 2818 καὶ
2563 2765 2728 2834 ψήφῳ
2755 2764 3240 2835 κατακτησάμενος
3271 2764 3364 2815 καὶ
3396 2759 3724 2825 ὑπολαϐὼν,

2132 2861 2225 2914 καὶ
2259 2860 2350 2912 τὸν
2387 2860 2562 2928 μέγαν
2597 2858 2902 2928 Γρηγόριον
2937 2857 3195 2926 βασάνοις
3236 2855 3541 2924 ἀμυθήτοις
3579 2852 3726 2904 ὑπο-

2130 2950 2337 3015 λαϐὼν,
2368 2951 2463 3004 καὶ
2496 2950 2570 3021 μὴ
2606 2950 2771 3018 μόνον
2817 2949 2891 3019 μὴ
2919 2950 3241 3019 ἀποστήσας
3278 2945 3470 3000 τοῦτον
3496 2944 3590 3011 τῆς
3632 2943 3730 2994 εἰ·

2134 3043 2371 3108 σεϐείας,
2423 3043 2558 3096 ἀλλὰ
2602 3042 2695 3095 καὶ
2743 3041 2905 3104 αὐτὸς
2956 3042 3129 3109 δήπου
3190 3039 3258 3110 τῇ
3303 3055 3363 3092 τε
3392 3035 3485 3089 τοῦ
3522 3035 3727 3106 ἀνδρὲς

2133 3135 2406 3203 ὑπερφυεῖ
2436 3133 2722 3204 καρτερίᾳ,
2750 3131 2846 3186 καὶ
2872 3135 2937 3203 τῇ
2967 3132 3189 3195 ἰκθείας
3216 3129 3477 3201 προνοίας
3505 3127 3728 3182 ἄνωθεν

2137 3225 2385 3294 μάστιγι,
2417 3226 2554 3295 πρὸς
2585 3226 2685 3293 τὴν
2711 3224 2926 3277 ἐκείνου
2957 3224 3140 3276 πίστιν
3174 3219 3516 3292 μεταϐαλών.
3548 3218 3729 3272 Ἀλλὰ

2134 3317 2305 3373 ταῦτα
2340 3318 2439 3389 μὲν
2463 3317 2606 3371 κατὰ
2641 3318 2808 3388 μέρος
2838 3317 3044 3387 προῖὼν
3082 3318 3109 3370 6
3132 3315 3292 3385 λόγος
3317 3313 3573 3384 δηλώσει.

2204 3500 2290 3556 H'.
2329 3499 2383 3551 ’Δ
2397 3499 2695 3570 ρτασείρας
2744 3499 2790 3553 6'
2824 3497 2917 3553 οὖν
2952 3499 3072 3553 τότε
3098 3501 3125 3553 6
3149 3496 3257 3553 τῶν
3289 3494 3516 3567 Περσῶν
3561 3493 3728 3559 βασι-

2131 3590 2256 3655 λεὺς
2300 3592 2467 3659 μέρος
2512 3590 2613 3661 τῆς
2646 3590 2782 3653 ίδίας
2828 3592 3002 3661 ἀρχῆς
3030 3590 3126 3644 καὶ
3157 3589 3257 3660 τὴν
3298 3588 3595 3656 Ἀρμενίαν
3622 3585 3732 3637 αὐ-

2130 3684 2231 3755 τὴν
2265 3684 2583 3753 ἐποιήσατο.
2634 3682 2692 3737 '0
2731 3683 2790 3737 δὲ
2819 3682 2911 3736 τοῦ
2947 3680 3116 3736 ’Δνὰκ
3158 3682 3286 3745 παῖς
3312 3678 3409 3733 τοῦ
3438 3678 3532 3731 τὸν
3575 3679 3730 3730 Κουο

2134 3775 2288 3845 σαρὼ
2318 3773 2602 3836 ἀνελόντος
2634 3773 2751 3844 ἅμα
2795 3772 2874 3843 τῷ
2911 3771 3126 3842 ἀδελφῷ
3156 3771 3442 3842 Γρηγορίῳ
3470 3770 3529 3821 ἐν
3564 3767 3729 3821 πόλει

2133 3867 2476 3936 Καισαρείας
2515 3867 2614 3936 τῆς
2655 3864 3064 3927 Καππαδοκίας
3103 3863 3329 3931 διάγων,
3369 3862 3624 3916 παιδείαν
3658 3877 3726 3914 τε

2131 3961 2233 4029 τὴν
2262 3959 2431 4031 ἄλλην
2469 3959 2764 4027 ἐμάνθανε,
2797 3956 2894 4011 καὶ
2930 3957 2998 4010 τὰ
3024 3954 3370 4024 Χριστιανῶν
3411 3952 3730 4021 φιλοπόνως

2132 4054 2375 4123 ἠσκεῖτο.
2406 4049 2717 4121 Τηριδάτης
2752 4050 2935 4103 τοίνυν
2957 4044 3044 4102 οἶα
3072 4048 3139 4116 δὴ
3169 4045 3448 4117 βασιλικοῦ
3483 4047 3730 4115 αἵματος

2132 4143 2208 4198 ῶν
2257 4146 2370 4207 τοῖς
2436 4145 2495 4196 ὲν
2564 4143 2708 4196 τέλει
2764 4143 3153 4213 συνηριθμεῖτο
3221 4141 3535 4210 Ῥωμαίων.
3601 4139 3727 4191 Οὐκ

2132 4234 2343 4302 ἀγνοῶν
2370 4232 2462 4286 οὖν
2499 4235 2527 4287 6
2556 4234 2862 4304 Γρηγόριος
2886 4232 2922 4286 δ.
2950 4248 3008 4284 τε
3049 4233 3077 4284 6
3100 4231 3295 4284 τούτου
3332 4229 3515 4299 πατὴρ
3547 4229 3729 4282 ’ΛνΞικ

2132 4326 2162 4380 δ
2186 4327 2461 4399 ιπράξατο
2487 4327 2582 4381 καὶ
2607 4325 2643 4380 δι
2672 4326 2700 4378 6
2728 4325 3032 4397 Τηριδάτου
3068 4322 3199 4393 παρ’
3225 4321 3391 4377 αὑτοῦ
3420 4323 3723 4386 πέπονθεν,

2134 4419 2413 4490 ἁνέκφορα
2456 4418 2515 4471 δὲ
2552 4419 2706 4487 ὅμως
2743 4419 2878 4484 παρ’
2922 4416 3100 4486 ἑαυτῷ
3136 4416 3409 4484 κατέχων,
3463 4414 3725 4485 πρόσεισι

2132 4510 2211 4581 τῷ
2251 4510 2528 4581 Τηριδάτῃ
2563 4507 2643 4572 ἐίς
2671 4509 2919 4562 ἑκούσιον
2963 4508 3157 4562 ἑαυτὸν
3189 4508 3499 4578 ὑπηρεσίαν
3538 4508 3725 4575 ἐγχειο

444 4599 858 4655 excusationem
906 4597 1145 4653 Teridati
1198 4599 1253 4653 in
1305 4599 1563 4654 omnibus
1623 4599 1836 4654 fidelem
1873 4613 2024 4652 suam

2137 4605 2322 4675 ρίζων,
2364 4603 2459 4657 καὶ
2497 4598 2567 4674 ἦν
2613 4602 3025 4672 ἀπροφάσιστον
3058 4601 3116 4655 ὲν
3157 4602 3291 4654 πᾶσι
3334 4598 3409 4668 τῷ
3438 4599 3722 4670 Τηριίἀτῃ

447 4690 728 4759 prwbebat
753 4704 996 4758 operam.
1019 4689 1158 4745 Cum
1185 4699 1365 4745 autem
1383 4692 1686 4761 accepisset
1702 4689 2025 4762 Gregorium

445 4782 816 4837 Christianam
857 4790 1046 4836 tenere
1085 4782 1423 4852 religionem,
1454 4797 1598 4852 aegre
1634 4781 1845 4836 ferebat
1878 4780 2030 4835 Teri-

449 4874 759 4944 datcs,qui,
787 4874 888 4929 etsi
918 4875 1055 4930 nihil
1086 4876 1404 4944 proficeret,
1441 4890 1548 4930 non
1568 4875 1821 4930 cessabat
1845 4883 2025 4928 tamen

445 4982 572 5020 eum
600 4966 905 5035 increpare.
931 4966 1119 5023 Gottlii
1149 4982 1278 5022 vero
1304 4968 1396 5022 illo
1416 4976 1663 5036 tempore
1687 4967 2027 5037 populaban-

449 5065 540 5112 tur
573 5066 631 5112 et
668 5058 953 5112 vastabant
972 5072 1136 5129 agros
1165 5058 1424 5113 Romana:
1453 5057 1710 5129 regionis.
1749 5057 1907 5113 Unde
1936 5055 2026 5123 qui

449 5161 582 5204 tunc
604 5149 909 5203 Romanum
959 5150 1242 5205 obtinebat
1275 5150 1566 5218 imperium
1617 5148 1855 5205 surrexit
1912 5148 2027 5217 ipse

448 5255 669 5311 quoque
721 5240 854 5296 totis
891 5240 1145 5297 viribus:
1179 5251 1238 5296 et
1279 5257 1400 5312 qua:
1438 5242 1506 5296 ad
1552 5241 1753 5296 bellum
1795 5240 2028 5310 pertine-

449 5339 583 5388 bant
633 5332 880 5402 parabat,
931 5348 1134 5402 eosque
1183 5334 1414 5389 advocat
1450 5333 1540 5402 qui
1603 5332 1726 5403 ejus
1760 5332 2028 5401 parebant

448 5425 676 5488 ditione,
709 5439 772 5477 ac
818 5439 875 5478 se
926 5425 1153 5479 omnino
1212 5424 1518 5479 instruebat
1568 5424 1635 5479 ad
1684 5423 2028 5477 ulciscendos

448 5515 701 5573 Gottltos.
751 5516 888 5572 Cum
954 5519 1137 5588 itaque
1181 5518 1319 5572 alter
1382 5535 1448 5573 ex
1512 5518 1743 5573 adverso
1803 5517 2029 5571 alterius

450 5610 819 5665 castramctati
872 5617 1080 5673 essent,
1138 5619 1192 5663 ct
1244 5610 1415 5664 aciem
1478 5609 1695 5678 utrique
1742 5607 2028 5663 instruxis-

451 5711 593 5767 sent,
626 5710 683 5757 et
710 5716 905 5755 manus
934 5717 1058 5756 mox
1090 5710 1275 5757 essznt
1305 5706 1630 5764 conserturi,
1658 5700 1771 5754 dux
1800 5699 2030 5755 Gottlio-

453 5803 574 5845 rum
617 5794 930 5860 provocavit
984 5809 1167 5864 regem
1216 5795 1585 5859 Romanorum
1633 5794 1700 5849 ad
1755 5794 2029 5864 singulare

456 5890 754 5938 certamen.
794 5884 887 5941 llle
913 5896 1092 5944 autem
1128 5889 1327 5959 (neque
1366 5888 1508 5944 cnim
1537 5896 1750 5958 poterat
1772 5888 1885 5942 suis
1917 5903 2030 5944 mu-

2131 4696 2227 4750 καὶ
2260 4697 2458 4763 πιστὴν
2502 4694 2788 4756 ἀποδιδοὺς
2832 4694 3161 4763 ὑπηρεσίαν.
3195 4690 3401 4747 Μαθὼν
3435 4690 3492 4743 δὲ
3529 4692 3614 4742 ἔτι
3652 4691 3721 4742 τὰ

2130 4786 2483 4854 Χριστιανῶν
2527 4785 2823 4855 θρησκεῦει
2854 4784 3190 4854 Γρηγόριος,
3248 4783 3605 4852 ἐδυσχέραινέ
3659 4798 3717 4833 τε

2130 4872 2286 4940 οὗτος
2329 4879 2357 4930 ό
2398 4878 2709 4948 Τηριδάτης
2757 4877 2853 4929 καὶ
2901 4876 2950 4928 εί
2976 4877 3142 4945 μηδὲν
3174 4876 3359 4945 ἤνυεν,
3396 4876 3547 4941 ὅμως
3598 4874 3716 4923 ἐπι·

2129 4970 2307 5040 τιμῶν
2337 4969 2440 5023 οὐκ
2491 4971 2658 5023 ἀνίει.
2699 4968 2891 5022 Γότθοι
2933 4969 2988 5021 δὲ
3019 4967 3141 5020 κατ’
3182 4968 3357 5019 ἐκεῖνο
3407 4964 3606 5034 καιροῦ
3648 4964 3715 5016 τὰ

2141 5061 2434 5131 Ῥωμαίων
2465 5062 2641 5134 χωρία
2668 5059 2861 5131 ἐδῄουν
2893 5076 2951 5112 τε
2976 5061 3070 5115 καὶ
3100 5059 3577 5130 ἡνδραπιδίζοντο.
3607 5060 3710 5112 Καὶ

2129 5156 2159 5207 6
2199 5156 2493 5225 Ῥωμαίοις
2539 5154 2598 5207 δὲ
2649 5155 2772 5207 τότε
2820 5154 2942 5223 τὴνξ
2976 5153 3252 5224 βασιλείαν
3291 5152 3515 5213 διέπων.
3565 5155 3703 5206 em.

2134 5244 2320 5297 ίστατο
2358 5249 2452 5297 καὶ
2498 5244 2659 5306 αὑτὸς
2698 5245 2863 5297 παντὶ
2905 5243 3104 5308 σθένει,
3148 5244 3243 5296 καὶ
3278 5246 3345 5295 τὰ
3376 5243 3454 5305 είς
3481 5244 3577 5296 τὸν
3620 5244 3709 5297 πό-

2131 5335 2296 5405 λεμον
2342 5335 2484 5402 μετὰ
2525 5334 2637 5387 τῶν
2681 5334 2785 5386 ὑπὸ
2817 5336 2975 5404 χεῖρα
3005 5330 3385 5402 ηὑτρεπίξετο,
3428 5334 3524 5384 καὶ
3565 5334 3710 5402 ἁμυ·

2138 5425 2345 5480 νεῖσθαι
2367 5427 2596 5490 Γότθους
2624 5424 3279 5490 συνεσκευάζετο.Ἔνθεν
3299 5442 3380 5478 τοι
3402 5425 3527 5477 ἀντὶ
3554 5442 3712 5493 στρα-

2130 5518 2618 5587 τοπεδευσαμένων
2651 5519 2715 5570 ἐκ
2761 5516 2853 5569 τοῦ
2885 5516 3128 5569 ἐναντίου
3164 5514 3445 5585 ἀλλήλοις,
3484 5516 3575 5568 καὶ
3611 5516 3710 5584 τὴν

2133 5612 2396 5681 στρατιὰν
2466 5609 2735 5679 ἑκατέραν
2791 5607 3182 5671 διαταξάντων,
3256 5608 3347 5659 καὶ
3395 5609 3475 5668 εἰς
3519 5609 3711 5676 χεῖρας

2130 5703 2256 5756 ὅσον
2306 5700 2524 5753 ιὺδέπω
2587 5701 2795 5760 ἰόντων,
2840 5700 2869 5750 ὀ
2912 5699 3020 5751 τῶν
3062 5696 3277 5749 Γότθων
3323 5697 3565 5764 ἀρχηγὸς
3628 5695 3710 5754 είς

2135 5794 2478 5865 μονομαχίαν
2513 5790 2876 5862 προεκαλεῖτο
2901 5789 2993 5842 τὸν
3026 5788 3250 5858 βασιλέα
3297 5786 3603 5857 Ῥωμαίων.
3650 5785 3704 5838 ὐ

2130 5888 2183 5939 δέ
2212 5886 2302 5956 (οὔ
2345 5884 2457 5954 γὰρ
2497 5878 2608 5946 οἷός
2648 5898 2707 5935 τε
2757 5875 2833 5950 ἦν
2874 5878 3063 5951 χερσὶν
3108 5879 3338 5942 οἰκείαις
3381 5875 3700 5932 καταϐαλεῖν
