4060 6440
551 413 656 475 955

1806 412 2090 473 MENSIS
2127 411 2608 473 SEPTEMBER.
3331 379 3341 389 ”
3687 419 3773 482 θερί

549 531 722 602 glebis
752 528 900 592 salis,
930 531 1020 599 qui
1051 541 1135 585 est
1167 531 1306 601 apud
1348 531 1492 585 ᾹιΊιιι
1515 533 1638 585 nios
1670 531 1889 587 fossilis.
1929 531 2131 585 Deinde

2239 532 2484 601 σχοίνους
2514 526 2608 582 τοῦ
2645 529 2792 600 ἱεροῦ
2822 533 3150 603 ἐκδήσαντες
3183 533 3434 603 σώματος
3466 537 3556 589 καὶ
3603 534 3772 592 τοῦτον

551 625 776 678 funibus
802 633 1154 678 sacrosancto
1178 623 1393 692 corpori
1421 623 1675 694 alligatis,
1701 641 1823 679 cum
1851 640 1972 677 eum
2003 627 2130 678 sub-

456 719 468 730 ‘
551 715 678 768 lime
717 715 1085 778 sustulissent,
1137 723 1276 769 toms
1314 726 1522 783 septem
1575 715 1692 769 dies
1742 718 1790 770 ei
1833 717 1936 770 hoc
1978 733 2130 771 acer-

550 805 680 859 bum
714 806 1020 875 producunt
1047 807 1394 875 supplicium.
1420 806 1551 861 Post
1602 809 1892 877 septimum
1946 817 2127 862 autem

547 909 672 948 cum
722 911 810 947 rex
851 893 998 948 illum
1050 895 1178 948 hinc
1225 896 1566 959 deduxisset,
1639 897 2015 963 interrogavit,
2061 910 2126 948 an

551 988 833 1042 didicisset
866 989 915 1042 id
951 990 1095 1058 quod
1123 999 1206 1044 est
1232 991 1448 1048 melius.
1499 998 1551 1044 et
1581 991 1818 1060 priorem
1866 998 2131 1044 mutasset

549 1080 885 1148 Opinionem,
911 1089 963 1133 et
981 1082 1086 1135 diis
1105 1083 1383 1135 statuisset
1406 1081 1602 1135 offerre
1627 1080 1972 1136 sacrificium.
1995 1081 2128 1134 Cum

551 1182 732 1222 autem
772 1169 905 1223 vidit
945 1187 1068 1224 eum
1114 1172 1285 1241 magis
1317 1173 1490 1225 zelum
1535 1174 1837 1242 spirantem
1890 1187 1985 1238 pro
2018 1172 2131 1240 pie-

552 1273 683 1324 tate,
721 1263 814 1315 dat
845 1280 968 1316 eum
1018 1265 1273 1318 secundis
1307 1265 1616 1328 tormentis,
1661 1264 1933 1333 prioribus
1971 1263 2131 1316 mini-

553 1369 639 1406 me
673 1354 1140 1408 clementioribus.
1175 1353 1478 1423 Suspcudit
1517 1371 1641 1410 eum
1691 1355 2020 1423 przrcipitem
2063 1371 2130 1409 ex

550 1444 725 1496 altcto
781 1445 915 1512 pede
967 1447 1288 1513 appendens
1327 1463 1339 1498 :
1376 1455 1430 1500 et
1486 1461 1590 1499 nec
1636 1461 1702 1500 eo
1763 1445 1864 1499 fuit
1907 1445 2127 1514 quidem

551 1545 870 1598 contentus,
900 1537 994 1590 sed
1024 1537 1184 1590 etiam
1213 1537 1403 1592 decem
1443 1539 1683 1598 lictores.
1717 1538 1888 1608 virgas
1922 1539 2129 1592 haben-

552 1635 634 1678 tes
668 1627 719 1678 in
754 1627 1026 1687 u.auibus,
1059 1628 1200 1681 circa
1233 1643 1358 1680 eum
1400 1626 1589 1682 statuit
1619 1647 1631 1682 :
1675 1637 1726 1680 ct
1765 1629 1891 1682 limo
1917 1628 2128 1684 inferne

551 1713 848 1773 substrato,
891 1713 1066 1781 ignem
1102 1714 1152 1766 in
1188 1729 1310 1767 eum
1346 1713 1608 1774 immittit.
1647 1716 1782 1769 adeo
1817 1725 1876 1769 ut.
1925 1727 2130 1788 martyr

549 1805 712 1856 simul
743 1814 795 1857 et
822 1806 985 1875 virgis
1016 1806 1416 1870 verberaretur,
1453 1815 1509 1861 et
1533 1806 1760 1862 fetidum
1787 1807 1992 1861 fumum
2025 1824 2122 1860 na-

551 1893 702 1946 ribus
735 1895 1012 1963 exciperet
1045 1914 1058 1950 :
1102 1907 1158 1949 ut
1183 1896 1416 1951 dcnsum
1479 1911 1532 1952 et
1565 1899 1886 1952 continuum
1929 1899 2132 1952 anheli-

555 1995 689 2046 tum,
729 2003 890 2054 quem
943 1989 1228 2044 ell‘unrlere
1281 1991 1578 2060 cogebatur
1625 2007 1654 2044 a
1706 1991 1898 2061 plagis,
1945 1992 2132 2046 fumus

555 2079 842 2146 impediret
887 2089 941 2134 ct
977 2080 1306 2145 Obstrueret,
1361 2097 1432 2137 ne
1477 2082 1786 2137 concedens
1815 2084 2032 2152 quidem
2075 2092 2130 2138 ut

553 2169 808 2237 spiraret,
845 2171 1285 2239 sedfulginosum
1315 2173 1464 2226 illum
1499 2174 1609 2226 fimi
1649 2190 1902 2244 vaporem
1932 2176 1985 2228 in
2014 2175 2133 2244 ejus

555 2263 766 2314 viscera
807 2262 1127 2317 immittens.
1163 2263 1288 2316 Scio
1322 2265 1404 2319 vel
1439 2265 1505 2318 ad
1548 2265 1721 2320 solum
1755 2267 2000 2320 auditum
2038 2283 2133 2322 eos

553 2354 643 2420 qui
672 2353 868 2407 adsunt
907 2354 1191 2422 caligasse.
1223 2353 1315 2410 llle
1343 2367 1524 2411 autem
1555 2373 1662 2410 non
1720 2357 1893 2412 solum
1921 2358 2134 2413 fortiter

554 2443 786 2508 ferebat,
824 2445 918 2499 sed
947 2447 1111 2500 etiam
1157 2447 1384 2502 Domino
1427 2464 1647 2515 magnas
1676 2451 1867 2519 agebat
1911 2453 2131 2519 gratias,

553 2546 607 2591 et
641 2550 764 2591 cum
806 2538 870 2590 iis
920 2540 1010 2608 qui
1051 2540 1280 2593 aderant
1331 2541 1499 2594 multa
1531 2542 1598 2594 de
1640 2541 1752 2594 Deo
1789 2544 2130 2612 loquebatur,

552 2636 608 2681 et
650 2627 729 2683 eis
770 2630 1090 2683 ostendebat
1146 2631 1422 2700 pietatem,
1458 2633 1673 2686 etiamsi
1733 2649 1842 2688 non
1896 2637 2134 2704 perfecte

555 2720 950 2790 iutelligebant,
982 2723 1127 2791 quod
1165 2723 1379 2778 scilicet
1423 2724 1562 2778 Deus
1597 2725 1648 2777 in
1683 2727 1953 2796 principio
1984 2744 2137 2783 crea-

555 2813 855 2868 vitcmlum
913 2823 968 2868 et
1013 2825 1236 2879 terram,
1306 2817 1672 2886 formavitque
1731 2820 2031 2884 hominem,
2080 2830 2137 2876 et

554 2906 741 2972 posuit
764 2920 887 2958 eum
920 2905 973 2959 in
1010 2907 1283 2974 paradiso.
1310 2922 1374 2962 ex
1402 2923 1511 2978 quo
1530 2919 1718 2977 postea
1751 2911 2015 2978 expulsus
2034 2911 2136 2965 fuit

554 3005 780 3066 propter
811 2998 1049 3054 mandati
1083 3001 1592 3071 transgressionem.
1639 3000 1846 3058 Deinde
1889 3004 2138 3060 meminit

556 3087 955 3154 molestiarum,
1004 3107 1122 3159 qua:
1154 3101 1440 3162 postquam
1473 3095 1540 3148 ab
1572 3095 1678 3149 illis
1709 3095 1944 3164 paradisi
1976 3097 2137 3153 bonis

2237 621 2694 692 μετεωρίσαντες,
2737 623 2818 685 είς
2853 624 3000 678 ἑπτὰ
3023 626 3152 690 ὅλας
3200 627 3414 698 ἡμέρας
3453 628 3545 693 τὴν
3594 631 3776 698 πικρὰν

2231 714 2440 782 ταύτην
2468 712 2620 783 αὐτῷ
2655 716 3044 784 παρατείνουσι
3070 717 3363 788 τιμωρίαν.
3413 719 3560 772 Μετά
3586 719 3638 773 δὲ
3689 725 3778 792 τὴν

2232 805 2467 877 ἑϐδόμην
2495 805 2828 875 καταγαγὼν
2856 806 3021 861 αὖτδν
3045 808 3259 862 ἐκεῖθεν
3290 811 3316 862 6
3347 809 3609 877 βασιλεὺς,
3633 814 3778 866 έπυν-

2232 896 2425 948 θάνετο
2451 896 2499 948 εί
2529 897 2590 948 τὸ
2625 895 2840 965 βέλτιον
2877 898 3233 966 μεταμαθὼν,
3271 900 3367 969 τῆς
3417 902 3676 969 προτέρας
3728 919 3779 954 τε

2235 987 2499 1056 μετέϐαλε
2533 987 2712 1056 δόξης,
2754 988 2847 1040 καὶ
2895 991 3010 1050 τοῖς
3044 987 3187 1051 θεοῖς
3224 987 3364 1055 ἔγνω
3390 989 3574 1042 θυσίαν
3619 1005 3780 1058 προσ-

2232 1082 2497 1146 ενεγκεῖν.
2543 1079 2760 1148 Ἐπειδὴ
2809 1079 2866 1132 δὲ
2912 1081 3079 1150 ζήλου
3127 1079 3328 1150 μᾶλλον
3355 1079 3490 1150 ὑπὲρ
3516 1079 3780 1145 εὐσεϐείας

2232 1173 2464 1226 πνέοντα
2490 1168 2620 1236 εἶδε,
2663 1159 2946 1242 δευτέραις
2976 1174 3140 1226 αὐτὸν
3171 1173 3353 1226 δίδωσι
3386 1171 3653 1242 βασάνοις,
3686 1191 3781 1242 μη-

2229 1265 2319 1318 δέν
2349 1283 2400 1316 τι
2437 1265 2547 1317 τῶν
2585 1267 2873 1335 προτέρων
2924 1265 3490 1335 φιλανθρωποτέραις.
3545 1267 3782 1334 Κρεμάν·

2230 1372 2351 1409 νυσι
2384 1355 2516 1424 γοῦν
2551 1355 2712 1409 αὑτὸν
2756 1357 2899 1409 κατὰ
2955 1357 3220 1425 κεφαλῆς,
3271 1357 3509 1426 θατέρου
3561 1359 3666 1409 τοῖν
3700 1375 3784 1409 πο-

2228 1450 2336 1502 δοῖν
2367 1450 2694 1518 ἐξαρτήσας·
2727 1449 2819 1503 καὶ
2847 1449 2968 1502 οὐδὲ
2999 1450 3162 1519 μέχρι
3186 1449 3282 1502 τού
3295 1465 3385 1502 του
3407 1449 3639 1514 ἵσταται,
3663 1449 3784 1501 ἀλλά

2230 1543 2326 1593 καὶ
2399 1542 2530 1594 δέκα
2580 1541 2811 1609 δημίους
2874 1540 3103 1610 ῥάϐδους
3175 1539 3265 1594 διὰ
3358 1540 3554 1609 χειρῶν
3610 1539 3784 1606 ἄνδρας

2229 1634 2450 1703 ἔχοντας
2512 1635 2672 1688 αὐτὸν
2748 1637 3084 1705 περιϊστησι,
3121 1635 3216 1687 καὶ
3277 1633 3481 1702 κόπρον
3565 1630 3784 1684 κάτωθεν

2229 1724 2627 1793 ὑποστρώσας,
2708 1725 2818 1794 πῦρ
2901 1725 3024 1778 κατ’
3125 1725 3297 1793 αὐτῆς
3374 1722 3659 1792 ἐμϐάλλει,
3719 1721 3786 1784 ὡς

2232 1817 2369 1886 ὁμοῦ
2401 1834 2460 1869 τε
2489 1820 2609 1880 ταῖς
2654 1818 2872 1886 ῥάϐδοις
2915 1817 3007 1869 τὸν
3059 1817 3319 1886 μάρτυρα
3374 1815 3648 1874 παίεσθαι,
3705 1814 3788 1866 καὶ

2231 1909 2324 1960 τὸν
2353 1908 2560 1976 δυσώδη
2589 1908 2797 1961 καπνὸν
2825 1907 2968 1960 κατά
2987 1907 3095 1962 τῶν
3132 1907 3296 1978 ῥινῶν
3335 1905 3704 1975 ὑποδέχεσθαι,
3727 1904 3789 1956 ἶν’

2233 2000 2280 2053 εί
2308 2001 2554 2053 καὶδασὺ
2587 2000 2646 2052 τὸ
2674 1994 2862 2069 ἆσθμα
2894 2001 2987 2054 καὶ
3029 2001 3248 2067 συνεχὲς
3282 1998 3539 2068 προχέειν
3571 1996 3667 2048 ὑπὸ
3692 1995 3786 2048 τῶν

2234 2091 2462 2160 πληγῶν
2517 2093 2903 2158 ἀναγκάζοιτο,
2975 2091 3093 2146 ἀλλ’
3151 2091 3179 2143 6
3219 2089 3434 2152 καπνὸς
3485 2087 3785 2156 ἀποτειχίζοι

2233 2183 2390 2235 τοῦτο
2425 2184 2518 2236 καὶ
2547 2184 2912 2254 ἁποφράττοι,
2959 2183 3095 2252 μηδὲ
3124 2183 3394 2236 ἀναπνεῖν
3424 2181 3512 2233 τὸν
3538 2180 3666 2249 ἀέρα
3689 2196 3783 2232 πα-

2239 2276 2523 2346 ραχωρῶν,
2585 2275 2723 2328 ἀλλά
2758 2277 2818 2329 τὸ
2849 2275 3146 2344 λιγνυῶδες
3200 2277 3389 2328 ἐκεῖνο
3437 2275 3536 2341 τῆς
3580 2274 3786 2342 κόπρου,

2235 2366 2374 2419 κατά
2421 2367 2528 2418 τῶν
2561 2367 2888 2436 σπλάγχνων
2928 2365 3078 2436 αὐτῷ
3137 2366 3376 2430 καθιείς.
3427 2362 3538 2418 Οίδ’
3585 2365 3661 2416 ὅτι
3707 2365 3788 2416 καὶ

2235 2455 2372 2526 πρὸς
2420 2457 2521 2528 τὴν
2584 2458 2756 2527 ἀκοὴν
2821 2458 2870 2510 oi
2939 2458 3208 2529 παρόντες
3267 2457 3628 2524 ίλιγγιάσατε.
3661 2455 3788 2508 Ἀλλ’

2235 2548 2442 2609 ἐκεῖνος
2473 2548 2533 2600 οὐ
2568 2547 2836 2614 γενναίως
2871 2546 3035 2617 ἔφερε
3073 2547 3254 2618 μόνον,
3294 2547 3439 2600 ἀλλά
3471 2548 3562 2600 καὶ
3607 2543 3784 2615 πολλὴν

2239 2639 2316 2708 τῷ
2346 2639 2590 2708 Δεσπότῃ
2639 2637 2739 2709 τὴν
2790 2620 3143 2708 εὔχαριστίαν
3182 2639 3499 2710 ἀνέπεμπε,
3542 2637 3698 2696 πο).ὶά
3737 2651 3788 2696 τε

2238 2734 2368 2801 περὶ
2395 2731 2532 2785 Θεοῦ
2564 2735 2677 2794 τοῖς
2721 2733 2992 2801 παροῦσιν
3025 2733 3361 2807 ἐφθέγγετο,
3403 2739 3496 2792 καὶ
3540 2738 3632 2811 τὴν
3661 2737 3790 2790 εὗσέ.

2237 2822 2394 2874 ϐειαν
2429 2821 2615 2884 αὐτοῖς
2661 2823 3016 2895 παρεδείκνυ,
3057 2831 3106 2880 εί
3141 2831 3236 2882 καὶ
3269 2829 3352 2899 μὴ
3395 2828 3590 2890 τελέως
3642 2825 3791 2879 συνίε-

2238 2931 2368 2981 σαν,
2393 2915 2478 2984 ἐφ’
2514 2907 2596 2980 οἷς
2611 2918 2704 2970 καὶ
2732 2919 2824 2971 τὸν
2853 2920 3072 2986 πρῶτον
3103 2921 3401 2990 ἄνθρωπον
3434 2920 3787 2989 κατῳκτίζετο,

2236 3005 2324 3060 διὰ
2351 3007 2450 3078 τὴν
2491 3009 2732 3078 ιντολὴν,
2761 3009 2850 3062 διὰ
2886 3011 2986 3081 τὴν
3013 3011 3360 3081 παράϐασιν,
3392 3011 3480 3066 διά
3509 3013 3601 3078 τὴν
3631 3012 3711 3064 ἐπὶ
3734 3013 3788 3079 τῇ

2238 3100 2549 3169 παραϐάσει
2595 3101 2692 3153 τοῦ
2752 3101 3061 3165 πλάσαντος
3126 3103 3458 3175 καταδίκην.
3519 3099 3628 3156 Εἴθ’
3662 3100 3790 3170 ἑξῆς,

554 3181 952 3236 excidissemus
977 3225 992 3248 ,
1049 3199 1150 3238 nos
1195 3185 1394 3239 misere
1424 3185 1534 3256 (hei
1569 3186 1701 3240 mihi
1724 3188 1763 3256 l)
1799 3188 2132 3243 invaserunt.

2237 3189 2307 3243 τὰ
2334 3191 2516 3257 ἀγαθά
2581 3191 2974 3264 ἀπηριθμεϊτο,
3011 3186 3087 3246 ὧν
3146 3193 3523 3265 ἀθετήσαντες
3552 3195 3644 3265 τὴν
3673 3195 3794 3245 ivro:

555 3271 685 3326 Post
718 3272 834 3328 haec
865 3274 1146 3343 subiunxit
1176 3277 1266 3330 Dei
1298 3276 1350 3330 in
1377 3292 1476 3330 nos
1509 3277 1922 3345 benignitatem,
1951 3294 2137 3346 quem-

556 3363 850 3418 admodum
883 3365 1138 3421 videlicet
1165 3383 1351 3422 curam
1377 3384 1572 3437 gerens
1602 3377 1802 3423 nostra:
1831 3369 2046 3434 salutis,
2068 3370 2135 3425 ad

555 3469 657 3510 nos
707 3456 855 3509 misit
885 3457 1140 3512 doctores
1177 3466 1230 3512 et
1269 3460 1586 3528 prepbetas,
1627 3460 1719 3528 qui
1768 3459 2136 3529 praedicabant

557 3547 830 3619 Unigeniti
865 3551 1044 3604 carnis
1073 3552 1498 3620 susceptionem,
1523 3561 1576 3606 et
1605 3562 1854 3615 cunctas,
1887 3570 2008 3624 qua:
2037 3569 2138 3624 pro

555 3641 714 3695 nobis
733 3641 958 3710 ingratis
979 3643 1046 3696 ab
1075 3657 1142 3695 eo
1173 3652 1440 3712 susceptm
1466 3645 1704 3706 fuerunt,
1734 3646 2134 3713 perpessiones,

557 3733 841 3798 colaphos,
874 3750 1116 3800 crucem,
1163 3735 1431 3799 lanceam,
1471 3736 1834 3789 voluntariam
1877 3725 2166 3804 mortem,'

555 3823 677 3892 ejus
709 3826 1190 3890 resurrectionem,
1238 3837 1479 3879 nostram
1530 3829 1950 3891 correctionem,
1984 3844 2139 3882 revo-

555 3917 824 3970 cationem
874 3919 940 3972 ad
987 3900 1221 3988 primum
1277 3921 1476 3973 bonum
1533 3920 1792 3973 reditum.
1852 3918 2134 3976 Postremo

555 4010 857 4073 docebat‘,
911 4012 1054 4078 quod
1101 4011 1294 4081 dignos
1320 4011 1522 4078 excipit
1561 4025 1788 4080 regnum
1846 4011 2136 4078 cmlorum,

553 4110 611 4154 et
657 4101 801 4170 quod
857 4103 1013 4155 malis
1043 4113 1377 4157 tormentum
1415 4113 1498 4157 est
1527 4098 1797 4172 paratum,
1828 4104 1989 4173 ignis,
2042 4103 2135 4173 qui

555 4208 664 4246 non
716 4194 1126 4262 exstinguitur:
1179 4195 1437 4258 tenebrae,
1493 4211 1613 4263 quae
1657 4210 1766 4247 non
1827 4196 2133 4248 desinunt:

555 4285 760 4338 vermis
789 4286 1126 4349 immortalis,
1161 4295 1214 4340 et
1244 4287 1605 4355 quodcunque
1634 4287 1777 4341 aliud
1808 4287 2135 4357 supplicium

559 4375 660 4428 sibi
697 4377 1140 4438 recomliderunt,
1173 4378 1264 4446 qui
1299 4388 1426 4430 sunt.
1452 4377 1594 4431 servi
1624 4377 1854 4447 peccati.

2235 3281 2333 3350 λὴν
2395 3281 2626 3345 ἑαυτοὺς
2682 3282 3119 3355 ἀπεκλείσαμεν,
3195 3284 3292 3340 καὶ
3343 3284 3502 3349 αὖθις
3545 3283 3793 3355 ὶμέμνητο

2239 3371 2335 3424 καὶ
2365 3372 2474 3425 τῶν
2513 3372 2798 3445 λυπηρῶν,
2845 3375 2946 3428 ὅσα
3015 3375 3154 3444 μετὰ
3211 3377 3314 3446 τὴν
3363 3376 3583 3430 ἐκείνων
3609 3377 3790 3429 ἀποτυ-

2237 3459 2384 3530 χίαν,
2423 3460 2479 3514 ιτ
2509 3463 2632 3532 μοιί
2680 3462 2980 3515 κατέλαϐεν
3033 3463 3234 3526 ἀθλίως
3275 3463 3432 3533 ἡμᾶς
3462 3463 3553 3515 ἐπὶ
3605 3459 3789 3518 τούτοις

2236 3554 2306 3606 τὰ
2335 3555 2433 3623 τῆς
2451 3552 2867 3624 φιλανθρωπίας
2897 3555 3200 3626 ἐπήγαγεν,
3233 3555 3390 3618 ὅπως
3414 3554 3510 3624 τῆς
3544 3548 3790 3622 ἡμετέρας

2239 3646 2540 3714 φροντίζων
2589 3647 2617 3698 6
2662 3646 3008 3717 Δημιουργὺς
3074 3647 3380 3716 σωτηρίας,
3466 3643 3790 3701 διδασκάλους

2238 3737 2372 3805 ἡμῖν
2398 3736 2691 3790 ἀπέστειλε
2736 3738 2830 3790 καὶ⁵
2873 3740 3164 3809 προφήτας
3217 3739 3318 3807 τὴν
3349 3737 3448 3792 τοῦ
3479 3728 3792 3801 Μονογενοῦς

2239 3830 2609 3898 κηρύττοντας
2667 3831 2968 3898 σάρκωσιν,
3037 3832 3234 3884 ἔπειτα
3297 3833 3398 3884 καὶ
3447 3831 3547 3900 τὴν
3605 3826 3792 3880 ἐκείνου

2243 3920 2467 3974 κάθοδον
2491 3925 2585 3974 καὶ
2606 3922 2675 3975 τὰ
2715 3923 2854 3992 ὑπὲρ
2904 3924 3060 3994 ἡμῶν
3098 3923 3206 3976 τῶν
3265 3925 3586 3996 ἀχαρίστων
3635 3917 3790 3986 1:106-

2245 4015 2413 4081 ματα,
2451 4012 2519 4065 τά
2551 4013 2898 4083 ῥαπίσματα,
2925 4016 3017 4068 τὸν
3049 4015 3305 4086 σταυρὸν,
3355 4015 3454 4086 τὴν
3482 4015 3690 4085 λόγχην,
3715 4009 3790 4060 τὸν

2239 4103 2490 4155 ἑκούσιον
2543 4103 2795 4168 θάνατον,
2838 4107 2988 4169 τέλος
3040 4107 3139 4174 τὴν
3201 4107 3577 4178 ἐπανόρθωσιν
3631 4101 3789 4172 ἡμῶν,

2240 4194 2337 4263 τὴν
2368 4193 2690 4262 ἀνάκλησιν,
2719 4198 2819 4264 τὴν
2850 4199 2930 4258 είς
2964 4197 3024 4249 τὸ
3057 4197 3278 4266 πρῶτον
3313 4198 3520 4265 ἀγαθὸν
3559 4192 3790 4248 ἐπάνοδον

2245 4284 2384 4353 μετά
2448 4285 2623 4338 ταῦτα
2698 4287 2800 4356 τὴν
2873 4288 3238 4358 ἐκδεχομένην
3315 4291 3446 4352 τοὺς
3485 4286 3660 4354 ἀξίους
3699 4281 3790 4335 τῶν

2242 4376 2491 4446 οὐρανῶν
2526 4375 2829 4446 βασιλείαν,
2860 4380 2958 4448 τὴν
3001 4379 3378 4451 ἀποκειμένην
3432 4383 3544 4442 τοῖς
3590 4375 3790 4448 φαύλοις

557 4466 813 4536 βάσανον,
867 4469 926 4521 τὸ
983 4471 1056 4530 μὴ
1094 4470 1457 4537 σϐεννύμενον
1509 4469 1642 4539 πῦρ,
1685 4472 1746 4524 τδ
1809 4472 1882 4542 μὴ
1938 4469 2105 4540 λῆγον
2155 4469 2367 4537 σκότος,
2417 4471 2510 4523 τὸν
2559 4470 2824 4526 ἀθάνατον
2897 4472 3174 4543 σκώληκα,
3231 4475 3328 4529 καὶ
3369 4476 3501 4546 ὅσην
3552 4473 3705 4542 ἄλλην
3749 4455 3788 4517 οε

553 4563 656 4631 τῆς
707 4561 980 4631 ἁμαρτίας
1033 4561 1211 4614 δοῦλοι
1261 4563 1483 4616 κόλασιν
1526 4565 1736 4627 ἑαυτοῖς
1788 4563 2171 4633 ὲθησαύρισαν.

623 4654 716 4706 XI.
756 4653 882 4708 Haec
922 4670 1044 4708 cum
1076 4655 1445 4718 disseruisset,
1479 4659 1798 4724 lirmamque
1845 4666 1902 4710 et
1942 4656 2134 4709 immo-

2312 4651 2414 4707 IA'.
2447 4653 2633 4709 Ταῦτα
2682 4656 2991 4721 διεξελθὼν,
3033 4656 3129 4710 καὶ
3181 4657 3583 4728 ἀπερίτρεπτον
3633 4649 3788 4719 έαυτῷ

555 4748 719 4802 bilem
755 4747 857 4801 sibi
889 4758 1144 4815 precatus
1177 4759 1320 4802 esset
1349 4748 1772 4812 confessionem,
1799 4748 1888 4802 ille
1911 4748 2131 4817 quidem

555 4839 718 4893 finem
768 4839 1026 4905 imposuit
1067 4838 1389 4907 precationi.
1429 4840 1658 4904 Quidam
1709 4850 1890 4894 autem
1935 4855 2000 4894 ex
2031 4843 2134 4895 cir-

556 4931 986 4995 cumstantibus,
1015 4945 1138 4983 cum
1179 4947 1299 4999 qua:
1351 4931 1439 4985 ille
1483 4932 1692 4986 dixerat
1731 4933 1947 5000 scriptis
1984 4949 2136 4986 man-

555 5022 798 5080 dassent.
831 5021 898 5074 ad
933 5037 1114 5090 regem
1150 5037 1212 5074 ea
1263 5020 1441 5074 statim
1497 5021 1758 5075 referunt.
1795 5021 1970 5090 Atque
1998 5021 2136 5076 Gie-

558 5117 713 5185 gorio
737 5114 952 5183 quidem
986 5115 1123 5184 pede
1173 5129 1460 5183 suspenso,
1493 5127 1708 5166 rursum
1741 5123 1993 5182 peractus
2019 5122 2140 5166 erat

558 5213 768 5273 septem
798 5204 1009 5257 dierum
1061 5218 1275 5256 enrsns.
1323 5202 1416 5255 Ille
1463 5217 1585 5254 cum
1637 5216 1762 5254 eum
1821 5215 2007 5255 rursus
2042 5202 2141 5253 de-

555 5295 825 5356 duxisset,
849 5294 1196 5347 existimabat
1233 5308 1356 5347 eum
1393 5307 1514 5345 esse
1561 5307 1905 5360 persuasum,
1938 5294 2138 5344 victum

559 5403 588 5438 a
632 5385 922 5455 supplicio.
953 5385 1090 5438 Cum
1126 5395 1307 5439 autem
1342 5385 1570 5438 vidisset
1599 5399 1721 5436 eum
1755 5384 2060 5453 promptius
2085 5392 2139 5436 ct

557 5481 790 5534 alacrius
810 5494 841 5533 e
861 5479 967 5534 vita
985 5479 1373 5539 discessurum,
1391 5493 1551 5546 quam
1580 5494 1609 5530 a
1629 5477 1734 5530 (ide
1756 5479 1808 5531 in
1835 5475 2136 5536 Christum,

558 5589 617 5626 se
654 5573 955 5642 graviorem
988 5571 1210 5639 martyri
1245 5581 1400 5641 parat
1421 5571 1814 5635 adversarium,
1845 5584 1904 5623 se
1925 5571 2139 5623 confert

557 5666 624 5716 ad
679 5662 782 5717 alia
829 5663 1187 5734 excogitanda
1238 5673 1530 5729 tormenta,
1565 5663 1762 5733 quibus
1810 5678 1914 5716 non
1971 5661 2136 5728 possit

636 5824 647 5850 ¹
679 5821 839 5877 Marc.
875 5841 945 5888 lx,
981 5824 1057 5876 ιδ.

2241 4745 2614 4815 ἐπευξάμενος
2645 4749 2739 4798 καὶ
2770 4747 2965 4815 ἀκλινῆ
3003 4747 3100 4817 τὴν
3147 4749 3462 4818 ὁμολογίαν,
3491 4751 3518 4802 6
3545 4747 3638 4816 μὲν
3658 4744 3786 4796 τέλος

2239 4837 2478 4906 ἐπέθηκε
2509 4841 2575 4908 τῇ
2603 4839 2733 4910 εὐχῇ
2756 4852 2770 4866 ⁸
2803 4840 2912 4891 τῶν
2943 4839 2998 4891 δὲ
3031 4840 3411 4908 περιεστώτων
3440 4841 3602 4904 τινὲς,
3626 4833 3782 4906 γραφῇ

2240 4929 2308 4981 τὰ
2353 4929 2443 4981 ὑπ’
2474 4931 2684 4983 ἐκείνου
2731 4931 3000 5000 εἰρημένα
3045 4931 3416 4994 διαλαϐόντες,
3454 4932 3782 4998 ἀναφέρουσιν

2239 5023 2400 5083 εὐθὺς
2433 5021 2506 5085 ώς
2548 5021 2638 5074 τὸν
2674 5022 2915 5090 βασιλέα.
2953 5024 3041 5092 Τῷ
3081 5025 3180 5092 μὲν
3236 5021 3328 5075 οὖν
3387 5020 3667 5094 Γρηγορίῳ
3703 5011 3775 5066 τοῦ

2240 5112 2400 5174 ποδὸς
2439 5113 2848 5182 ἀπῃωρημένῳ,
2874 5113 3103 5181 ἕϐδομος
3130 5113 3352 5182 ἡμερῶν
3369 5112 3602 5181 ἀριθμὸς
3623 5104 3776 5174 ἠνύετο

2237 5207 2420 5257 πάλιν.
2464 5203 2522 5256 ’0
2549 5205 2604 5256 δι
2644 5203 2741 5256 καὶ
2776 5201 2932 5266 αὖθις
2965 5205 3322 5270 καταγαγὼν,
3377 5201 3663 5255 πεπεῖσθιι
3693 5192 3778 5262 μὲν

2239 5296 2399 5349 αὑτὸν
2440 5295 2575 5366 ᾠετο
2609 5297 2709 5364 τῆς
2743 5297 3014 5358 κολάσεως
3040 5298 3373 5368 ἡττηθέντα·
3404 5295 3596 5364 ἐπειδὴ
3621 5293 3671 5345 δὲ
3699 5285 3791 5340 εἶδε

2245 5390 2525 5459 πρόθυμον
2559 5388 2688 5441 ὄντα
2714 5392 2812 5458 τῆς
2861 5389 3038 5456 ψυχῆς
3069 5389 3378 5458 ἀποστῆναι
3414 5389 3615 5454 μᾶλλον
3648 5385 3676 5453 ἢ
3707 5381 3794 5447 τῆς

2246 5481 2327 5541 εἰς
2358 5478 2594 5548 Χριστὸν
2625 5473 2884 5540 πίστεως,
2921 5477 3222 5548 βαρύτερον
3260 5475 3660 5546 ἀνταγωνιστὴν
3688 5475 3800 5523 ἑαν·

2246 5569 2337 5620 τδν
2381 5568 2791 5638 παρασκευάζει
2829 5569 2904 5638 τῷ
2973 5569 3236 5638 μάρτυρι,
3284 5569 3376 5622 καὶ
3434 5567 3573 5634 πρὸς
3615 5562 3804 5628 ἑτέρων

2251 5659 2500 5729 βασάνων
2533 5658 2776 5721 ἐπινοίας
2809 5661 2996 5728 χωρεῖ,
3047 5660 3307 5730 οὐδεμίαν
3355 5655 3660 5726 ὑπερϐολὴν
3681 5656 3805 5704 ἁπο-
