4060 6446
278 401 386 463 9η

1222 399 1401 462 ΥΙἹἋ
1441 402 1498 461 S.
1543 399 1920 462 GREGORll
1960 404 2341 468 lLLUMlNA
2360 411 2594 470 I‘ORIS.

3435 415 3540 478 938

281 506 552 571 λειπούσας
571 502 872 579 ὠμότητος·
899 509 990 563 καὶ
1022 509 1202 564 σανίσι
1224 511 1292 564 τὰ
1312 511 1644 580 ἀντικνήμια
1668 508 1859 563 τούτου

1991 533 2091 574 esse
2129 520 2332 591 aliquid
2375 523 2652 578 crudelius
2686 540 2701 578 :
2739 535 2794 580 et
2843 539 2965 579 cum
3002 525 3199 580 tabulis
3241 524 3541 582 antrriores

283 619 350 654 πε
362 599 620 672 ριλαδὼν,
651 597 772 652 εἶτα
805 601 1002 672 σχοίνῳ
1041 602 1243 665 ταύτας
1259 603 1506 673 -ίσχυρῶς
1540 600 1859 670 διασφίγξας

283 691 460 753 οὕτως
495 687 768 752 ἐκπιέζει,
797 690 873 754 ὡς
901 692 996 745 καὶ
1028 693 1208 747 αὐτῶν
1261 693 1324 762 δή
1379 707 1482 745 που
1522 694 1631 746 τῶν
1675 693 1861 763 ἄκρων

283 783 380 836 τοῦ
410 781 570 844 ποδδς
611 781 891 836 δακτύλων
924 785 1191 850 σταγόνας
1251 783 1482 851 αἵματος
1533 785 1861 850 ἀποστάξαι.

297 874 429 942 Ὀψὲ
489 874 668 929 τοίνυν
735 875 835 943 τῆς
887 875 1182 940 κακώσεως
1226 877 1442 947 ἐκείνης
1485 877 1613 940 τοὺς
1698 877 1863 940 πόδας

287 966 598 1036 ἐξαγαγὼν,
627 966 879 1037 σιδηροῦς
901 967 1042 1020 κατὰ
1066 968 1174 1020 τῶν
1202 969 1493 1038 πελμάτων
1521 971 1863 1040 ἐμπήγνυσιν

287 1061 454 1128 ἥλους
482 1060 576 1112 καὶ
603 1060 818 1130 τρέχειν
843 1060 934 1112 τον
956 1060 1195 1130 ἀθλητὴν
1213 1061 1536 1128 ἀναγκάζει,
1572 1061 1753 1132 πολλῷ
1803 1063 1864 1116 τὸ

291 1153 652 1220 ὑποκείμενον
683 1151 874 1220 ἔδαφος
903 1151 1096 1219 αἵματι
1129 1152 1397 1222 ραίνοντα.
1429 1152 1551 1222 Ἐφ’
1580 1148 1622 1220 ᾧ
1653 1155 1746 1206 καὶ
1773 1155 1867 1208 ἁλ-

290 1244 590 1313 γυνόμενος
609 1243 813 1312 σφόδρα
845 1243 943 1311 τὴν
977 1243 1206 1311 καρδίαν
1253 1245 1282 1297 6
1328 1244 1536 1312 μάρτυς
1591 1244 1706 1314 (καὶ
1748 1245 1864 1308 πῶς

291 1337 404 1404 γὰρ
428 1337 494 1388 ἂν
529 1333 605 1402 μὴ
640 1331 936 1401 ἀλγοῦντος
964 1335 991 1386 6
1026 1333 1190 1394 πόθος
1229 1336 1255 1386 6
1287 1333 1422 1403 πρδς
1454 1335 1686 1404 Χριστὸν
1730 1335 1869 1386 ἐδεί-

293 1409 459 1478 κνυτο
481 1430 541 1490 ;).
579 1443 596 1476 ι
620 1425 983 1494 Πορευόμενοι
1002 1425 1348 1493 ἐπορεύοντο,
1367 1425 1517 1492 ἔλεγε
1544 1427 1635 1479 καὶ
1654 1425 1867 1480 ἔκλαιον

295 1513 585 1584 βάλλοντες
617 1514 685 1566 τά
719 1515 1010 1582 σπέρματα
1043 1512 1224 1566 αὐτῶν
1250 1529 1264 1544 ·
1297 1515 1584 1584 ἐρχόμενοι
1615 1515 1672 1567 δὲ
1699 1516 1866 1584 ἥξουο

297 1625 383 1661 σιν
434 1609 490 1659 ἐν
532 1606 848 1672 ἀγαλλιάσει
886 1607 1134 1676 αἴροντες
1172 1605 1238 1659 τά
1282 1606 1571 1677 δράγματα
1621 1609 1858 1664 αὐτῶν.»

294 1697 483 1752 Ταῦτα
510 1699 538 1750 6
571 1697 670 1767 μιν
739 1696 910 1763 ἡδέως
992 1696 1324 1764 ὑπέψαλλεν.
1365 1696 1424 1749 Ὀ
1462 1697 1518 1750 δὲ
1561 1699 1867 1769 Τηριδάτης

292 1790 574 1857 ὠμότερον
595 1787 758 1838 αὑτὸν
807 1788 919 1848 τοῖς
951 1785 1317 1855 περιεστῶσιν
1363 1787 1583 1840 ἐκέλευε
1651 1789 1863 1840 παίειν·

298 1881 413 1944 ῐνα,
445 1880 637 1949 φησὶν,
661 1879 718 1932 ἐν
738 1876 898 1945 ὀδύνῃ
931 1877 1137 1929 πλείονι
1167 1879 1259 1930 καὶ
1287 1873 1548 1947 κλαυθμῷ
1576 1881 1608 1948 ἡ
1642 1879 1868 1948 προσδο-

295 1971 520 2042 κωμένη
543 1969 733 2022 τοῦτον
763 1967 925 2038 ἡδονὴ
956 1967 1278 2024 καταλάϐοι.
1323 1969 1484 2022 Ἀλλά
1519 1969 1613 2022 καὶ
1641 1971 1866 2024 τοιαῦτα

297 2065 526 2134 πάσχων
572 2062 647 2125 ώς
693 2061 787 2116 καὶ
841 2059 1150 2131 κορεννύειν
1195 2063 1309 2120 τοῖς
1372 2062 1570 2115 πάθεσι
1626 2064 1718 2115 καὶ
1781 2079 1871 2132 μι-

297 2152 538 2206 σούντων
589 2149 766 2222 ψυχὰς
793 2151 945 2222 ὅμως
973 2153 1328 2220 ἀνδρειότατα
1351 2153 1438 2207 διὰ
1460 2154 1694 2224 Χριστὸν
1743 2154 1871 2225 ἐφε-

300 2262 420 2316 ρεν.

371 2337 475 2390 IB'.
523 2335 654 2389 Ἐπὶ
705 2335 917 2400 τούτοις
979 2337 1240 2390 ἀπλοῦσιν
1293 2337 1454 2391 αύτδν
1501 2334 1692 2392 ὕπτιον
1730 2339 1873 2394 κατά

297 2423 396 2478 τοῦ
425 2424 681 2494 ἐδάφους,
714 2424 874 2479 τοῦτο
926 2425 1286 2491 κελεύσαντος
1315 2427 1408 2480 τοῦ
1441 2429 1704 2498 τυράννου
1728 2445 1742 2461 ⁸
1776 2431 1875 2483 καὶ

299 2517 404 2584 τὴν
481 2520 580 2586 μὲν
653 2517 898 2586 κεφαλὴν
947 2517 1246 2588 τεκτονικῷ
1301 2535 1407 2572 τινι
1454 2521 1875 2584 ἐναπολαδόντες

300 2605 542 2676 ὀργάνῳ,
564 2606 893 2675 ἰσχυρότατα
920 2606 1262 2671 ὲκπιέζουσι,
1291 2610 1356 2676 τῇ
1393 2607 1501 2678 ῥινὶ⁹
1533 2609 1592 2662 δὲ
1619 2609 1876 2663 αὐλίσκον

301 2697 772 2767 ἐναρμοσάμενοι,
796 2695 980 2766 νίτρον
1008 2697 1102 2749 καὶ
1131 2695 1269 2760 ἃλας
1314 2697 1428 2761 δξει
1473 2699 1877 2769 κεκραμένους,

304 2787 651 2860 κειτ“αῦτοὺς
701 2787 892 2858 ἡρέμα
925 2787 1199 2857 ἐγχέουσι,
1254 2788 1348 2841 καὶ
1410 2788 1510 2860 τὴν
1569 2789 1880 2860 δριμύτητα

305 2879 447 2952 πρός
478 2897 538 2932 τε
563 2881 630 2933 τὰ
670 2880 767 2949 τῆς
792 2880 1034 2950 κεφαλῆς
1075 2879 1413 2950 κοιλώματα,
1446 2883 1539 2935 καὶ
1563 2884 1692 2953 παρ’
1713 2883 1878 2935 αὑτὸν

305 2976 674 3042 εἰσπέμπουσι
708 2975 797 3025 τὸν
830 2970 1158 3040 ἐγκέφαλον.
1196 2971 1474 3024 Ἐντεῦθεν
1511 2973 1700 3042 ἕτερον
1728 2975 1878 3044 αὐτῷ

305 3067 607 3128 κακώσεως
633 3068 832 3134 τρόπον
883 3063 1180 3126 ἐπινοοῦσι,
1221 3067 1313 3117 καὶ
1342 3066 1682 3132 τὴνὲκείνων
1734 3067 1881 3136 ώμό-

1965 610 2108 665 tibiae
2139 621 2320 680 partes
2363 614 2886 682 comprehendisset,
2921 625 2976 671 et
3025 617 3222 672 deinde
3270 634 3365 674 eas
3409 619 3542 675 fune

1963 703 2404 765 c6nstrinxisset.
2438 706 2518 758 sie
2544 705 2823 773 exprimit,
2861 717 2918 761 ut
2953 722 3019 762 ex
3056 708 3188 778 ipsis
3207 707 3369 766 etiam
3394 724 3544 763 sum-

1964 795 2066 850 mis
2103 796 2298 864 pedum
2331 795 2515 866 digitis
2543 805 2706 866 gutta:
2736 799 3018 868 sanguinis
3051 800 3541 854 distillarent.Cum

1963 903 2095 957 ergo
2127 887 2209 940 vix
2245 887 2461 941 tandem
2498 889 2667 956 pedes
2709 889 2982 943 eduxisset
3021 905 3088 944 ex
3111 890 3199 944 illa
3225 888 3540 952 afﬂictione,

1965 979 2019 1033 in
2085 978 2282 1047 plantis
2345 979 2497 1047 pedis
2561 979 2767 1033 ferreos
2824 979 2999 1049 inﬁgit
3054 981 3256 1045 clavos,
3311 997 3368 1034 et
3403 983 3546 1051 cogit

1965 1071 2222 1124 athletam
2251 1084 2494 1134 currere,
2531 1071 2701 1124 multo
2731 1071 2996 1140 sanguine
3026 1072 3198 1125 solum
3231 1071 3540 1142 subjectum

1967 1171 2365 1232 aspergentem.
2404 1161 2772 1228 Quamobrem
2805 1178 3060 1234 magnum
3097 1163 3261 1218 corde
3303 1162 3543 1218 dolorem
3578 1162 3583 1167 ’

1968 1254 2212 1309 sentiens
2281 1265 2482 1321 martyr
2549 1254 2860 1322 (quomodo
2911 1254 3080 1318 enim,
3127 1255 3227 1308 nisi
3302 1254 3546 1308 dolorem

1967 1346 2218 1408 sentiret,
2281 1346 2667 1400 ostenderetur
2718 1346 2836 1409 ejus
2890 1345 2944 1398 in
2996 1344 3272 1400 Christum
3328 1346 3544 1399 deside-

1969 1439 2170 1506 rium?)
2203 1456 2258 1492 :c
2301 1437 2505 1492 Eunles
2530 1439 2702 1501 ibant,
2737 1438 2972 1501 dicebat,
3005 1448 3056 1491 et
3083 1437 3306 1499 ﬂebant,
3330 1438 3550 1492 mitten-

1971 1537 2052 1584 les
2084 1530 2294 1584 semina
2344 1545 2442 1582 sua
2477 1548 2489 1582 :
2536 1530 2822 1583 venientes
2863 1537 3046 1582 autem
3103 1530 3323 1582 venient
3362 1529 3415 1582 in
3456 1545 3552 1582 ex-

1970 1622 2280 1684 sultatione,
2309 1622 2559 1676 tollentes
2591 1620 2898 1688 manipulos
2929 1622 3146 1674 suos’.»
3171 1617 3299 1674 Haec
3326 1629 3550 1674 sanctus

1969 1715 2186 1784 quidem
2221 1714 2484 1784 psallebat
2505 1715 2763 1769 suaviter.
2797 1713 3083 1767 Teridates
3110 1723 3290 1766 autem
3321 1712 3552 1782 juhebat

1973 1807 2455 1862 circumstantibus
2515 1807 2678 1860 ferire
2729 1806 3050 1861 crudelius:
3087 1805 3188 1872 Ut,
3245 1807 3441 1875 inquit,
3498 1807 3552 1860 in

1977 1898 2167 1967 maiori
2201 1899 2388 1952 dolore
2416 1906 2471 1950 et
2501 1895 2629 1950 ﬂetu
2651 1898 2716 1951 ad
2749 1913 2873 1950 cum
2910 1898 3214 1966 perveniat,
3244 1913 3364 1966 qua:
3395 1897 3461 1951 ah
3488 1913 3553 1951 eo

1977 2001 2345 2060 exspectatur,
2377 1994 2648 2060 voluptas.
2682 1992 2790 2044 Sed
2830 1990 2956 2044 licet
2988 2001 3065 2044 tot
3087 1999 3139 2044 et
3167 1999 3313 2044 tanta
3345 1998 3558 2060 patere-
3644 1985 3648 1988 ’

1981 2091 2088 2144 tur,
2121 2093 2179 2137 ut
2213 2084 2326 2137 suis
2356 2083 2800 2152 perpessionibus
2827 2098 3014 2136 eorum
3053 2082 3236 2146 etiam,
3265 2083 3356 2150 qui
3376 2083 3556 2150 ipsum

1979 2173 2106 2226 odio
2137 2171 2432 2234 habebant,
2458 2172 2670 2225 animos
2703 2172 2948 2234 satiaret,
2977 2169 3269 2225 fortissime
3291 2179 3470 2224 tamen
3494 2186 3557 2224 ea

1982 2265 2188 2320 ferebat
2219 2273 2444 2333 propter
2476 2265 2774 2319 Christum.

2054 2357 2168 2410 Xll.
2204 2356 2334 2410 Post
2381 2356 2494 2410 haec
2535 2372 2660 2410 eum
2719 2353 2870 2408 humi
2925 2354 3180 2423 supinum
3235 2353 3556 2418 extendunt,

1982 2465 2105 2504 cum
2139 2449 2241 2502 hoc
2267 2447 2522 2516 iussisset
2551 2458 2813 2518 tylannus
2845 2463 2859 2499 :
2895 2455 2946 2500 et
2977 2462 3100 2499 cum
3136 2456 3298 2515 caput
3339 2448 3558 2517 quidem

1984 2545 2165 2601 fabrili
2199 2544 2436 2612 quodam
2471 2542 2898 2611 intercepissent
2951 2541 3311 2595 instrunmento
3333 2581 3345 2603 ,
3373 2539 3558 2609 expri-

1986 2647 2144 2693 munt
2173 2635 2532 2692 validissime.
2569 2633 2704 2689 Cum
2735 2649 2869 2688 naso
2902 2643 3086 2687 autem
3127 2632 3360 2686 fistulam
3394 2631 3562 2700 appli-

1988 2741 2232 2796 cassent,
2265 2730 2471 2784 nitrum
2501 2738 2556 2782 et
2584 2726 2751 2781 salem
2780 2727 3006 2780 mislum
3039 2735 3216 2789 aceto,
3249 2725 3301 2776 in
3333 2738 3452 2777 eam
3481 2723 3563 2775 in-

1987 2825 2244 2884 fundunt.
2299 2832 2354 2877 et
2401 2837 2615 2876 acorem
2671 2820 2738 2874 ad
2813 2819 3078 2889 profunda
3140 2819 3330 2886 capitis
3383 2829 3438 2873 et
3493 2817 3562 2871 ad

1988 2913 2165 2983 ipsum
2200 2911 2584 2966 transmittunt
2617 2910 2924 2964 cerebrum.
2956 2907 3158 2961 Deinde
3188 2909 3306 2976 ejus
3333 2906 3562 2960 vexandi

1989 3005 2154 3060 alium
2186 3017 2403 3072 quoque
2448 2999 2673 3055 modum
2730 2999 3055 3068 excogitant,
3102 2997 3194 3063 qui
3249 3007 3303 3051 et
3349 2997 3563 3050 illorum

1989 3096 2483 3157 crudelitatcm,et
2540 3091 2797 3159 martyris
2851 3090 3016 3144 animi
3075 3087 3444 3142 fortitudinem
3498 3103 3568 3142 ex

305 3179 466 3230 τητα,
498 3159 592 3212 καὶ
624 3159 719 3229 τὴν
754 3158 848 3210 τοῦ
887 3157 1162 3228 μάρτυρος
1194 3159 1418 3227 ἀνδρίαν
1469 3161 1665 3231 ἐπίσης
1717 3161 1884 3230 ἄμφω

1991 3203 2144 3254 {equm
2172 3184 2522 3240 ostendebat.
2552 3181 2685 3235 Nam
2718 3195 2843 3233 cum
2907 3177 3180 3234 calathum
3234 3177 3566 3241 attulissent,

306 3249 642 3304 δεικνύοντα.
663 3249 905 3301 θύλακον
931 3252 1042 3317 γὰρ
1065 3249 1380 3316 ἐνεγκόντες
1407 3253 1706 3318 καμιναίας
1738 3253 1882 3324 πλη-

313 3343 500 3413 ροῦσιν
518 3340 766 3410 αἰθὰλης,
805 3342 896 3392 καὶ
929 3341 1087 3392 τοῦτο
1107 3342 1206 3410 τήν
1255 3345 1603 3413 μαρτυρικὴν
1663 3345 1888 3415 ἐκείνην

314 3433 646 3503 ἐμϐάλλουσι
685 3433 949 3502 κεφαλὴν,
987 3432 1079 3485 καὶ
1125 3432 1203 3502 τῷ
1233 3433 1326 3485 τοῦ
1376 3434 1586 3488 δικαίου
1634 3437 1888 3508 τραχήλῳ

315 3528 412 3580 τὸν
444 3525 674 3577 θύλακον
696 3525 1009 3585 ἀποδέουσι,
1039 3524 1134 3576 καὶ
1163 3526 1241 3587 εἰς
1273 3523 1443 3594 ἕκτην
1485 3528 1652 3579 αὑτὸν
1679 3531 1896 3598 ἡμέραν

317 3620 387 3688 τῇ
428 3619 638 3688 χαλεπῇ
668 3615 842 3686 ταύτῃ
887 3615 1107 3686 βασάνῳ
1157 3617 1444 3680 πιέζεσθαι
1479 3619 1893 3675 καταλείπουσι.

321 3709 402 3778 Τῇ
437 3708 636 3777 ἐϐδόμῃ
659 3708 840 3760 τοίνυν
873 3707 1377 3778 μεταπεμψάμενος
1409 3709 1570 3763 αὑτὸν
1587 3711 1896 3782 Τηριδάτης

327 3803 466 3873 μετὰ
494 3801 586 3853 τοῦ
621 3801 884 3870 συνήθους
913 3801 1190 3871 μυκτῆρος
1213 3803 1304 3854 καὶ
1333 3807 1428 3872 τῆς
1464 3804 1626 3873 φίλης
1659 3805 1894 3874 μωκίαςο

329 3891 498 3945 Πόθεν
525 3893 675 3960 ἡμῖν,
708 3885 752 3943 ὦ
784 3885 1074 3955 οῦτο;,νῦν
1104 3893 1394 3960 ὲπανῆκες,
1415 3894 1542 3963 ἔφη,
1566 3891 1676 3966 ἆρά
1709 3911 1772 3963 γε
1793 3897 1900 3949 ἀπὸ

327 3985 430 4056 τῆς
465 3984 744 4057 βασιλείας
777 3985 872 4037 καὶ
903 3984 1012 4037 τῶν
1047 3985 1270 4053 ἀγαθῶν
1294 3988 1538 4052 ἐκείνων,
1565 3986 1601 4040 ὃ.
1637 3989 1902 4058 πρότερον

331 4081 441 4134 ὕπο
480 4081 672 4134 πλατεῖ
700 4079 778 4150 τῷ
811 4080 1038 4149 στόματι
1085 4077 1340 4149 διεξῄεις,
1373 4079 1465 4131 καὶ
1527 4073 1601 4131 ὧν
1661 4081 1903 4132 ἀπολαύ-

333 4173 526 4228 σεσθαι
555 4173 912 4241 προσεδόκας.
948 4171 1058 4224 Καὶ
1088 4173 1116 4224 6
1142 4173 1390 4238 γενναῖος
1418 4173 1903 4242 ἁπαρῤησιάστω,·

331 4265 525 4327 Οῦπω,
554 4267 738 4335 φησὶν,
772 4257 816 4316 ὦ
848 4263 1090 4332 βασιλεῦ,
1127 4264 1264 4332 πρδς
1291 4263 1388 4333 τὴν
1419 4264 1655 4334 ἄρρητον
1693 4266 1906 4333 ἐκείνην

332 4356 681 4425 εὐδαιμονίαν
736 4356 1146 4425 ἀποδεδήμηκα.
1183 4356 1302 4406 Ἔτι
1331 4354 1436 4424 γὰρ
1493 4354 1556 4405 τὸ
1583 4353 1720 4427 βαρὺ
1749 4354 1911 4409 τοῦτο

333 4446 656 4518 περίκειμαι
681 4445 776 4498 τοῦ
801 4446 1050 4514 σώματος
1074 4447 1314 4516 φορτίον.
1331 4445 1473 4498 Ἀλλ’
1514 4447 1635 4498 ἐπεὶ
1653 4449 1909 4500 τοιούτων

1991 3277 2189 3334 camini
2226 3293 2347 3328 eutn
2385 3273 2616 3342 implent
2641 3271 2884 3339 fuligine,
2917 3270 3044 3324 etin
3071 3285 3192 3322 eum
3218 3269 3566 3338 martyricum

1994 3370 2124 3424 illud
2157 3376 2321 3437 caput
2373 3366 2697 3425 immittunt,
2739 3373 2791 3416 et
2814 3362 2942 3430 justi
2980 3361 3119 3414 collo
3153 3361 3421 3414 calathum
3453 3359 3571 3413 alli-

1995 3470 2145 3531 gant,
2182 3469 2232 3512 et
2272 3473 2364 3510 sex
2400 3455 2515 3508 dies
2549 3470 2671 3508 eum
2707 3453 3025 3521 relinquunt
3074 3452 3243 3520 premi
3279 3451 3381 3504 hoc
3420 3449 3570 3518 gravi

1997 3558 2292 3605 tormento.
2335 3545 2581 3614 Septimo
2606 3553 2790 3596 autem
2825 3543 2913 3596 die
2945 3557 3068 3594 cum
3098 3555 3222 3593 eum
3254 3539 3572 3593 accersivis-

1997 3650 2079 3696 set
2109 3638 2415 3701 Tcridates,
2471 3651 2594 3692 cum
2637 3643 2899 3689 consueta
2938 3632 3363 3687 subsannatione
3385 3675 3399 3696 ,
3435 3640 3489 3684 ct
3521 3629 3571 3683 ei

1999 3741 2148 3800 grata
2209 3729 2463 3783 irrisione
2499 3744 2511 3779 :
2543 3722 2852 3788 Undenam,
2906 3723 3106 3792 inquit,
3151 3736 3296 3776 nunc
3353 3721 3420 3774 ad
3473 3734 3575 3773 nos

2002 3823 2184 3878 redis?
2221 3821 2300 3875 An
2337 3837 2365 3874 a
2403 3835 2570 3887 regno
2598 3827 2651 3871 et
2680 3833 2709 3870 a
2752 3815 2910 3870 bonis
2943 3815 3072 3878 illis,
3111 3829 3230 3881 qtue
3275 3813 3425 3882 prius
3452 3825 3577 3879 pro-

2001 3914 2108 3968 lixe
2159 3911 2596 3982 pet-sequebaris,
2667 3917 2722 3962 et
2768 3923 2889 3976 qua:
2943 3905 3296 3975 exspectabas
3348 3909 3398 3956 te
3453 3915 3575 3956 esse

2003 4001 2428 4076 pcrecpturum?
2497 4000 2815 4056 Generosus
2887 4009 3068 4051 autem
3162 3996 3254 4049 ille
3309 3994 3481 4048 libere
3523 4000 3578 4046 et

2005 4114 2197 4166 magna
2228 4111 2350 4150 cum
2405 4093 2599 4148 fiducia
2636 4111 2650 4146 :
2686 4091 2965 4152 Nondum,
3011 4088 3208 4156 inquit,
3259 4103 3290 4140 ο
3339 4101 3450 4145 rex.
3512 4083 3580 4137 ad

2007 4191 2150 4244 illam
2186 4187 2514 4242 ineffabilem
2575 4184 2799 4255 migravi
2852 4182 3188 4236 felicitatem.
3247 4177 3378 4231 Sum
3431 4178 3578 4231 enim

2007 4279 2187 4335 adhuc
2236 4278 2547 4346 implicatus
2592 4275 2742 4346 gravi
2795 4275 2898 4328 hoc
2941 4287 3107 4327 onere
3163 4268 3424 4338 corporis.
3475 4266 3582 4321 Sed

2007 4371 2264 4440 quoniam
2300 4367 2385 4421 his
2415 4384 2534 4420 sum
2560 4381 2656 4434 pro
2681 4365 2907 4419 Domino
2939 4380 3062 4418 meo
3083 4362 3351 4432 dignatus,
3370 4357 3584 4414 veniam

2012 4461 2172 4530 paulo
2203 4467 2324 4527 post.
2375 4474 2496 4512 cum
2528 4455 2675 4509 illius
2704 4455 2893 4524 gloria,
2926 4451 3142 4520 quando
3183 4449 3325 4504 nuda
3365 4447 3583 4516 quidem

334 4541 478 4608 ὑπὲρ
511 4537 606 4590 τοῦ
641 4536 775 4606 ἐμοῦ
818 4536 1091 4588 Δεσπότου
1124 4535 1388 4606 ἡξίωμαι,
1451 4536 1569 4607 ἥξω
1619 4540 1757 4607 μετὰ
1811 4540 1887 4609 τῆ.

2015 4528 2071 4606 et
2100 4557 2288 4620 aperta
2319 4547 2584 4602 sistentur
2619 4545 2799 4599 Omnia
2846 4556 2970 4596 ante
3017 4543 3162 4596 illius
3199 4539 3454 4594 tribunal.
3485 4536 3590 4591 Se-

334 4628 550 4681 ὲκείνου
583 4627 744 4697 δόξης
790 4626 985 4696 μικρὸν
1021 4625 1274 4697 ὕστερον,
1312 4629 1400 4680 δτε
1431 4631 1616 4698 γυμνὰ
1663 4630 1763 4699 μὲν
1815 4633 1913 4683 καὶ⁵

333 4719 810 4789 τετραχηλισμένα
847 4716 922 4788 τῷ
973 4719 1181 4772 ἐκείνου
1242 4719 1449 4789 βήματι
1496 4721 1910 4792 παραστήσεται

335 4814 540 4872 πάντα,
587 4811 860 4864 καθιεϊται
892 4811 947 4863 δὲ
982 4811 1146 4874 αὐτὸς
1195 4813 1222 4864 6
1267 4813 1361 4866 τοῦ
1404 4811 1540 4865 Θεοῦ
1574 4813 1744 4879 Λόγος
1789 4829 1914 4883 κρι-

334 4902 490 4964 τικὸς
513 4903 866 4971 ἐνθυμήσεων
921 4902 1023 4954 καὶ
1055 4903 1274 4956 ἐννοιῶν
1303 4903 1563 4972 καρδίας,
1596 4903 1914 4973 διικνούμε-

334 5011 427 5057 νος
460 4993 587 5062 ἄχρι
623 4993 896 5064 μερισμοῦ
924 4993 1105 5064 ψυχῆς
1161 4995 1257 5047 καὶ
1297 4995 1499 5048 ὀστέων
1529 4998 1623 5048 καὶ
1681 4996 1916 5064 μυελῶν,

336 5088 436 5139 καὶ
460 5086 641 5155 νέμων
665 5088 878 5156 ἑκάστῳ
901 5087 970 5140 τά
1001 5085 1120 5140 κατ’
1141 5087 1318 5154 ἀξίαν,
1339 5088 1522 5157 ήνίκα.
1556 5087 1655 5157 φεῦ
1681 5089 1693 5140 l
1724 5083 1835 5150 οἷός
1859 5106 1918 5142 σε

338 5181 744 5250 περιστήσεται
763 5179 1028 5245 κίνδυνος,
1045 5179 1185 5244 οἵαν,
1209 5180 1384 5243 ἄθλιε,
1410 5181 1508 5249 τὴν
1530 5182 1802 5251 τιμωρίαν
1822 5199 1919 5235 κα-

339 5271 678 5352 τακριθιῇση.
721 5274 912 5328 Ταῦτα
945 5275 1038 5325 ἐπί
1063 5274 1224 5327 πλέον
1259 5274 1512 5342 ἐκμαίνει
1545 5276 1638 5326 τὸν
1667 5275 1918 5344 βασιλέα,

344 5365 443 5419 καὶ
461 5365 663 5417 αὐτίκα
695 5365 870 5429 δεθεὶς
912 5368 1037 5430 τοὺς
1063 5367 1231 5430 πόδας
1268 5367 1295 5419 6
1330 5367 1558 5436 μάρτυς,
1588 5366 1732 5418 κατά
1753 5383 1924 5435 κεφα-

339 5457 440 5526 λῆς
466 5459 792 5529 ἀναρτᾶται,
835 5462 926 5513 καὶ
959 5461 1102 5531 ὓδωρ
1127 5460 1258 5513 πολὺ
1286 5460 1375 5513 διὰ
1399 5460 1497 5527 τῆς
1527 5459 1736 5511 ἐκείνου
1760 5458 1924 5525 ἕδρας

342 5549 552 5602 ἐνιᾶσιν
587 5551 666 5613 είς
715 5553 813 5622 τήν
847 5553 1110 5622 γαστέρα,
1158 5551 1384 5606 κόλασιν
1445 5549 1560 5620 ἅμα
1612 5549 1772 5603 τοῦτο
1834 5553 1926 5604 καὶ

423 5821 444 5853 ³
481 5817 602 5875 Psal
655 5835 809 5883 cxxv,
840 5819 890 5871 5.

2016 4640 2164 4696 debit
2193 4648 2376 4692 autem
2429 4637 2605 4705 ipsum
2639 4633 2732 4686 Dei
2771 4631 3009 4686 Verbum
3038 4631 3204 4700 iudex
3237 4646 3344 4683 non
3379 4637 3591 4682 tantum

2019 4732 2308 4788 factorum,
2335 4727 2430 4780 sed
2465 4734 2520 4778 et
2553 4721 2720 4776 animi
2759 4721 3201 4790 conceptionum,
3226 4729 3277 4772 et
3306 4716 3592 4787 cogitatio.

2013 4835 2142 4874 num
2179 4817 2360 4872 cordis
2392 4825 2685 4887 penetrans
2710 4826 2881 4880 usque
2931 4813 2999 4864 ad
3024 4809 3344 4863 divisionem
3370 4808 3587 4870 animae,

2013 4919 2069 4961 et
2121 4906 2350 4966 ossium.
2379 4915 2434 4958 et
2482 4902 2860 4961 medullarum,
2891 4909 2942 4954 et
3000 4898 3292 4962 unicuique
3343 4897 3599 4951 tribuens-

2014 5014 2115 5069 pro
2148 4995 2375 5050 meritis.
2405 4993 2526 5060 Quo
2574 5001 2839 5061 tempore,
2871 4989 2963 5044 hei
3015 4989 3183 5042 mihi!
3215 4987 3376 5058 quale
3405 4997 3459 5040 te
3484 4989 3592 5041 cir-

2017 5087 2298 5144 cumsistet
2359 5081 2904 5155 periculumlquali,
2961 5098 2994 5134 o
3059 5078 3265 5139 intelix,
3325 5075 3602 5146 supplicio

2024 5176 2416 5233 damnaberisl
2455 5173 2576 5228 llec
2641 5188 2822 5243 regem
2872 5172 3018 5226 cient
3066 5169 3255 5238 majori
3306 5168 3510 5232 furore,
3537 5174 3596 5220 ei

2021 5271 2203 5326 statim
2232 5267 2462 5338 pedibus
2505 5265 2720 5319 vinctus
2763 5272 2986 5333 martyr,
3019 5275 3260 5332 praeceps
3309 5256 3603 5326 suspendio
3664 5257 3669 5292 ἱ

2024 5375 2131 5426 tur,
2175 5372 2228 5416 et
2258 5377 2358 5430 per
2394 5357 2724 5430 posteriores
2748 5365 2932 5426 partes
2963 5355 3192 5409 multum
3223 5367 3374 5420 aqua:
3396 5347 3598 5403 immit-

2025 5463 2144 5509 tunt
2181 5453 2236 5505 in
2269 5459 2533 5511 ventrem,
2556 5448 2659 5502 hoc
2683 5447 2844 5502 simul
2875 5462 2972 5518 pro
2997 5443 3262 5515 supplicio
3286 5451 3337 5494 et
3365 5437 3607 5493 ludibrio

2027 5533 2296 5602 habentes
2367 5540 2639 5598 scelerati.
2707 5537 2896 5594 Nullus
2975 5537 3120 5593 enim
3180 5535 3356 5605 pudor
3407 5529 3609 5584 talibus
