4060 6458
271 382 368 451 ιλιι

1233 387 1412 446 VITA
1457 386 1519 444 S.
1558 381 1943 444 GREGURII
1986 385 2624 451 lLLUMlNATORiS.

3447 396 3557 459 96.".

270 499 685 573 ἑπισωρεύοντα
717 497 852 571 πῦρ.
901 497 1041 569 Ἐγὼ
1065 498 1121 552 δὲ
1158 498 1394 553 πέποιθα
1427 499 1525 551 ἐπὶ
1563 496 1640 567 τῷ
1674 498 1864 569 Κυρίῳ

1976 498 2072 552 ris.
2125 500 2235 570 Ego
2280 510 2464 555 autem
2515 502 2732 557 confido
2790 502 2844 558 in
2892 502 3122 561 Domino
3169 521 3316 573 meo,
3347 528 3436 580 qui
3472 525 3557 568 est

275 593 495 664 μον,δς
530 592 889 663 άντιλήπτωρ
922 609 1026 663 μου
1080 594 1199 645 ἐστὶ
1249 594 1344 646 καὶ
1389 592 1685 662 καταφυγή
1733 607 1857 660 μου,

269 686 366 740 καὶ
395 683 485 738 ἐπ’
516 683 670 755 αὐτῷ
692 684 922 754 ἡλπισα.
955 684 1078 738 Τῶν
1106 684 1163 738 δὲ
1192 686 1345 755 παρὰ
1378 683 1474 737 σοῦ
1509 702 1598 754 μοι
1628 687 1858 739 διασπα-

274 777 640 849 ρασσομὲνων
662 775 887 846 σαρκῶν
947 775 1105 844 ὀλίγη
1129 776 1373 845 φροντίς.
1409 775 1562 847 Ὀσῳ
1603 777 1713 846 γὰρ
1767 776 1865 829 τὸν

271 871 383 937 ἔξω
404 869 560 939 ἡμῶν
588 866 915 937 φθείρεσθαι
964 866 1273 936 ἄνθρωπον,
1306 866 1548 937 τοσούτῳ
1599 868 1690 920 τὸν
1724 867 1862 920 law-

275 961 372 1015 θεν
416 959 870 1024 άνακαινοῦσθαι,
908 960 1003 1011 καὶ
1049 957 1418 1028 διδασκόμεθα
1466 959 1560 1011 καὶ
1602 958 1862 1017 πιστεύο-

279 1069 403 1124 μεν.

351 1146 457 1200 IE'.
502 1145 687 1217 Θυμδς
730 1145 823 1199 ἐπὶ
866 1144 1078 1209 τούτοις
1131 1144 1405 1215 λαμϐάνει
1453 1142 1544 1197 τὸν
1600 1141 1861 1213 βασιλέα,

276 1242 376 1294 καὶ
400 1238 595 1309 πικρὸν
619 1237 698 1309 τῷ
715 1238 954 1309 μάρτυρι
981 1237 1200 1291 ὲνιδὼν·
1233 1237 1475 1307 Ἐπειδὴ,
1493 1237 1648 1306 φησὶ,
1669 1235 1734 1289 σὺ
1765 1235 1866 1304 μὲν

276 1327 736 1389 άνακαινίζεσθαι
766 1323 947 1392 εἶπας,
1000 1329 1152 1398 ἡμᾶς
1180 1327 1235 1380 δὲ
1270 1328 1403 1397 πυρὶ
1427 1328 1681 1396 ἀσϐέστῳ
1711 1325 1868 1396 δοθή-

292 1423 491 1475 σεσθαι
519 1421 827 1491 ἠπειλήσω,
860 1419 976 1472 ἀλλ’
1002 1418 1115 1487 ἐγώ
1139 1435 1198 1471 σε
1228 1418 1366 1481 τέως
1404 1416 1483 1487 τῷ
1516 1415 1866 1485 σϐεννυμένῳ

275 1519 459 1584 τούτῳ
518 1512 717 1578 διδάξω
770 1510 847 1582 μὴ
908 1509 1052 1564 οὕτω
1114 1510 1370 1580 φανερῶς
1435 1507 1532 1561 τοῦ
1589 1508 1866 1578 ἡμετέρου

277 1608 521 1678 κράτους
575 1603 1133 1669 καταυθαδιάζεσθαι.
1179 1604 1289 1657 Καὶ
1359 1602 1555 1655 αὐτίκα
1604 1600 1868 1669 μόλυϐδον

277 1699 499 1754 κελεύει
523 1696 713 1768 λέϐητι
740 1695 1087 1767 ἐμϐληθέντα
1129 1693 1367 1766 ἰσχυρῶς
1393 1710 1450 1746 τε
1479 1691 1622 1761 άγαν
1654 1692 1869 1760 παφλά-

281 1808 402 1856 σαι,
453 1794 548 1845 καὶ
583 1790 709 1844 ὅλου
737 1788 1117 1860 καταχυθῆναι
1162 1787 1257 1840 τοῦ
1307 1786 1606 1856 μάρτυρος.
1654 1785 1728 1837 Τὸ
1763 1785 1862 1853 μὲν

277 1883 348 1956 δὴ
385 1883 461 1946 ὼς
492 1882 746 1936 ἐκέλευσε
773 1880 1021 1950 γέγονεν.
1062 1879 1122 1931 '0
1154 1878 1208 1931 δὲ
1233 1876 1407 1939 οὕτως
1430 1873 1547 1947 εἶχε
1580 1876 1866 1944 γενναίως,

279 1975 479 2044 ῶσπερ
537 1972 733 2037 ὓδατος
779 1971 931 2043 αύτῴ
998 1969 1214 2041 ψυχροῦ
1268 1969 1705 2037 καταχεομένου.
1762 1968 1870 2019 Καὶ

277 2067 447 2121 τοῦτο
484 2066 664 2136 δῆλον,
728 2064 789 2129 ἐξ
831 2059 905 2118 ὧν
940 2063 1306 2134 φανερώτατα
1354 2061 1453 2130 μὲν
1497 2060 1598 2130 τὴν
1648 2059 1862 2111 ἐκείνου

278 2159 485 2232 ἤλεγχε
529 2160 739 2229 πλάνην
769 2159 902 2228 παρ’
929 2157 1095 2210 αύτδν
1131 2157 1222 2210 τὸν
1242 2156 1342 2225 τῆς
1377 2155 1614 2226 βασάνου
1654 2155 1867 2223 καιρόνο

282 2252 866 2324 πεπαρῤησιασμένως
924 2251 980 2304 δὲ
1009 2251 1123 2313 τοῖς
1154 2248 1394 2320 παροῦσι
1421 2249 1514 2301 τὸν
1565 2248 1663 2316 τῆς
1711 2248 1873 2299 εὐσε-

284 2343 343 2397 σε
356 2344 448 2410 (ac
480 2345 731 2397 ὑπέτεινε
765 2342 926 2412 λόγον
952 2357 968 2373 ο
1021 2336 1102 2404 οἷς
1133 2340 1195 2409 δή
1235 2358 1336 2393 που
1369 2341 1460 2392 καὶ
1490 2339 1873 2409 ὑπερεκπλητ-

280 2435 512 2505 τόμενος
536 2436 566 2488 ὁ
617 2434 926 2505 Ἀρμένιος,
957 2432 1293 2496 ἐσπούδαζεν
1330 2433 1395 2484 ἐκ
1432 2433 1635 2494 παντὸς
1664 2431 1872 2500 τρόπου

283 2527 555 2599 κερδῆσαι
601 2527 696 2578 τὸν
741 2524 944 2597 ἄνδρα,
1004 2526 1098 2577 καὶ
1134 2526 1182 2577 εἰ
1226 2523 1417 2575 τούτου
1470 2522 1759 2591 ἀποτύχοι,
1802 2521 1872 2575 τὰ

285 2620 493 2687 ἔσχατα
512 2616 859 2688 ζημιωθῆναι
880 2615 940 2669 τὸ
982 2615 1265 2687 ἑλληνικον
1283 2613 1440 2685 ᾤετο.
1477 2613 1873 2667 Ὑλοσκελίσαι

285 2711 473 2764 τοίνυν
539 2711 704 2773 αὐτὸς
776 2708 1106 2780 βουλόμενος
1180 2709 1276 2760 καὶ
1338 2707 1436 2778 τῆς
1513 2708 1873 2777 στερρότητος

287 2803 515 2873 ἐκείνης
544 2804 639 2855 καὶ
669 2802 765 2872 τῆς
805 2799 1119 2871 προθυμίας
1160 2798 1411 2865 ὲλκῦσαι,
1457 2798 1776 2862 κολακείαις
1812 2814 1874 2850 τε

288 2895 459 2950 αὑτὸν
491 2894 835 2963 ὑποδραμεῖν
892 2892 1249 2961 διεσκὲψατο,
1303 2890 1402 2943 καὶ
1459 2890 1716 2955 πλούτου,
1778 2892 1876 2945 καὶ

287 2990 499 3062 ἡδονῶν
532 3029 547 3055 ,
580 2990 676 3043 καὶ
713 2988 907 3060 τιμῆς,
966 2989 1060 3040 καὶ
1097 2985 1322 3055 ἀγαθῶν
1359 2986 1469 3039 τῶν
1513 2986 1690 3039 ἄλλων
1727 2986 1875 3037 ύπο-

290 3084 515 3153 σχέσεσι
541 3082 817 3136 δελεάσαι.
856 3080 1015 3133 Ἀλλὰ
1053 3077 1259 3149 μεταξύ
1288 3095 1373 3141 τις
1400 3080 1514 3131 τῶν
1538 3077 1837 3148 σατραπῶν
1856 3091 1874 3110 ο

1963 608 2122 647 meus
2171 594 2446 660 defensor,
2480 606 2534 651 ct
2586 599 2853 669 refugium
2904 616 3086 654 mcum
3133 612 3233 657 :ct
3275 605 3326 658 in
3376 606 3553 675 ipsum

1963 685 2200 753 speravi.
2259 686 2394 752 Qua:
2446 700 2631 743 autem
2671 691 2805 744 mihi
2841 707 2871 746 a
2921 704 2972 746 te
3014 693 3296 751 laniantur
3339 712 3557 766 carnes,

1928 791 2156 855 parum
2209 788 2338 831 sunt
2394 776 2525 833 u'tihi
2567 797 2736 836 curte.
2773 782 3050 848 Quantum
3092 790 3236 842 enim
3296 798 3560 845 externus

1965 877 2157 922 noster
2193 873 2567 941 corrumpitur
2611 874 2797 941 homo,
2825 884 3037 930 tantum
3079 878 3358 933 internum
3398 895 3560 935 reno-

1964 955 2084 1008 vari
2118 964 2172 1010 et
2203 959 2505 1012 docemur’
2526 970 2580 1014 et
2619 964 2921 1019 credimus.

2039 1134 2156 1192 XV.
2194 1138 2269 1191 Ex
2301 1138 2388 1193 bis
2440 1139 2516 1194 ira
2554 1141 2781 1197 incessit
2838 1161 3045 1214 regem,
3079 1155 3135 1201 et
3164 1149 3364 1204 acerbe
3409 1167 3558 1207 mar-

1970 1238 2139 1315 tyrem
2166 1230 2423 1286 intuens:
2444 1231 2738 1297 Quoniam.
2761 1235 2957 1304 inquit,
2979 1246 3034 1291 tu
3059 1239 3279 1306 quidem
3298 1241 3478 1295 dixisti
3506 1251 3558 1297 te

1969 1322 2244 1383 renovari,
2281 1337 2380 1376 nos
2402 1334 2582 1378 autem
2607 1327 2847 1380 minatus
2878 1343 2938 1380 es
2971 1344 3094 1382 esse
3113 1331 3410 1386 tradendos
3448 1331 3555 1402 igni

1969 1415 2060 1484 qui
2100 1429 2211 1468 non
2245 1427 2428 1484 potest
2472 1419 2766 1489 exstingui,
2798 1434 2899 1487 ego
2929 1421 3153 1475 interim
3197 1424 3323 1487 hoc,
3349 1426 3440 1493 qui
3469 1440 3559 1479 ex-

1970 1506 2291 1577 SIiuguitur,
2330 1519 2383 1564 te
2431 1511 2660 1577 docebo,
2693 1515 2880 1567 ne_sis
2918 1522 3025 1568 tam
3074 1525 3263 1584 aperte
3316 1517 3561 1574 insolens

1970 1598 2026 1652 in
2057 1610 2301 1654 nostram
2333 1602 2657 1670 potentiam.
2696 1603 2759 1658 Et
2793 1605 3042 1673 protinus
3072 1606 3229 1675 jubet
3274 1607 3558 1677 plumbum

1972 1690 2026 1745 in
2053 1693 2286 1748 lebetem
2333 1695 2621 1765 injectum,
2657 1697 2815 1751 valde
2848 1697 3065 1753 incendi
3095 1716 3159 1754 ac
3191 1700 3480 1769 liqueﬁeri,
3505 1710 3563 1758 et

1972 1791 2147 1837 totum
2190 1785 2248 1838 in
2280 1795 2574 1857 martyrem
2622 1788 2790 1855 injici.
2845 1790 3026 1858 Atque
3075 1789 3178 1845 hoc
3225 1792 3445 1859 quidem
3482 1798 3561 1847 sic

1974 1870 2176 1930 factum
2221 1886 2324 1943 est,
2378 1888 2437 1932 ut
2471 1878 2654 1949 jussit.
2700 1881 2793 1934 ille
2838 1890 3020 1937 autem
3068 1897 3179 1935 non
3230 1885 3415 1938 minus
3456 1884 3561 1938 fuit

1974 1968 2100 2023 forti
2142 1978 2198 2023 et
2245 1986 2513 2041 generoso
2560 1974 2768 2038 animo,
2814 1990 2977 2043 quant
3033 1976 3078 2029 si
3124 1992 3265 2046 aqua
3331 1978 3383 2032 in
3432 1994 3558 2032 eum

1975 2058 2374 2116 eﬂunderetur.
2407 2062 2520 2118 Hoc
2569 2075 2751 2119 autem
2806 2066 2909 2120 fuit
2937 2083 3000 2121 ea
3028 2084 3094 2123 eo
3125 2071 3369 2135 evidens,
3412 2072 3560 2141 quod

1974 2149 2093 2219 ipse
2122 2152 2468 2221 apertissime
2497 2156 2714 2223 quidem
2749 2157 2895 2211 illius
2930 2161 3186 2230 arguebat
3228 2178 3472 2216 errorem
3504 2162 3560 2217 in

1974 2242 2096 2312 ipso
2129 2254 2374 2315 tempore
2399 2250 2654 2303 tormenti
2688 2269 2701 2302 :
2728 2249 2898 2304 libere
2928 2261 3110 2307 autem
3139 2263 3195 2307 et
3220 2256 3563 2309 confidenter

1980 2334 2047 2389 iis
2075 2335 2169 2403 qui
2213 2338 2441 2392 aderant
2484 2341 2806 2409 suggerebat
2833 2346 3056 2397 verbum
3091 2346 3330 2414 pietatis.
3351 2346 3562 2414 Quibus

1975 2428 2194 2497 quidem
2229 2430 2537 2485 mirandum
2573 2434 2624 2485 itt
2660 2434 2878 2489 modum
2927 2436 3344 2507 obstupefactus
3372 2444 3561 2494 Arme-

1977 2520 2120 2584 nius,
2159 2523 2408 2576 studebat
2433 2539 2556 2577 cum
2579 2528 2803 2580 omnino
2832 2529 3187 2597 lucrifacere;
3226 2547 3350 2584 natn
3381 2533 3426 2585 si
3457 2533 3561 2587 huc

1976 2630 2086 2668 non
2147 2626 2333 2684 posset
2382 2619 2624 2687 assequi,
2659 2621 2884 2688 putabat
2946 2624 3187 2690 gentium
3241 2622 3556 2693 TCIigiOUIPMI

1977 2723 2234 2773 magnum
2288 2725 2409 2764 esse
2454 2711 2714 2766 damnum
2763 2723 3133 2783 accepturam.
3172 2715 3372 2771 Volens
3429 2733 3561 2788 ergo

1976 2816 2099 2855 eum
2136 2803 2509 2871 supplantare,
2539 2812 2592 2858 et
2623 2804 2895 2859 abducere
2940 2805 3009 2859 ab
3042 2807 3129 2860 illa
3160 2807 3473 2862 infirmitate
3504 2818 3562 2862 et

1977 2897 2307 2960 constantia,
2337 2906 2698 2967 prontptoquc
2740 2907 2793 2951 et
2832 2898 2995 2952 alacri
3034 2900 3200 2954 animi
3229 2901 3432 2962 studio.
3461 2915 3560 2955 co-

1980 2983 2171 3050 gitavit
2201 3000 2325 3038 cum
2361 2985 2617 3055 pellicere
2660 2987 2943 3043 blanditiis
2979 2997 3033 3042 et
3070 2991 3558 3055 assentationibus,

1983 3078 2427 3150 divitiaruntque,
2456 3082 2819 3151 voluptatum,
2858 3084 3082 3137 honoris
3112 3092 3168 3136 et
3203 3084 3433 3137 aliorum
3467 3086 3564 3139 ho-

286 3174 394 3230 ούκ
438 3174 618 3240 ἔξεστι
650 3173 750 3245 ζῇν
776 3175 941 3226 αὑτὸν
970 3171 1092 3224 οὐδὲ
1117 3172 1329 3222 τουτονὶ
1350 3170 1443 3222 τὸν
1465 3168 1621 3240 ἥλιον
1649 3168 1803 3238 δρᾷν,
1833 3165 1872 3219 ὦ

1982 3185 2178 3223 norum
2212 3172 2500 3239 promissis
2534 3172 2804 3227 inescare.
2853 3172 2960 3227 Sed
3002 3176 3218 3229 interim
3246 3177 3463 3244 quidam
3495 3191 3563 3234 ex

291 3264 549 3338 βασιλεῦ,
602 3262 838 3335 λαμπρᾷ
880 3262 976 3316 καὶ
1029 3261 1378 3331 γεγωνοτέρᾳ
1421 3261 1488 3330 τῇ
1540 3261 1692 3330 φωνῇ
1738 3262 1873 3313 ἁνα-

290 3360 620 3431 φθέγγεται,
657 3357 824 3410 παῖδα
866 3356 994 3408 ὄντα
1023 3355 1117 3407 τοῦ
1153 3353 1371 3425 Πάρθου
1409 3354 1598 3417 Ἄνακ,
1630 3353 1689 3415 ὃς
1736 3350 1873 3423 δόλῳ

290 3468 349 3505 τε
381 3452 477 3503 τὸν
536 3452 628 3503 σὺν
660 3450 887 3519 πατέρα
923 3443 1193 3517 Κουσχρὼ
1233 3446 1433 3508 ἀνεῖλε,
1478 3446 1576 3497 καὶ
1608 3443 1689 3513 τῷ
1733 3443 1876 3512 Περ-

293 3546 405 3599 σῶν
453 3544 701 3616 τυράννῳ
747 3543 1099 3613 αἰχμάλωτον
1125 3541 1305 3594 πᾶσαν
1349 3538 1725 3608 κατεστήσατο
1776 3536 1874 3607 τὴν

303 3637 624 3706 Ἀρμενίαν.

366 3734 487 3799 lq'.
535 3728 755 3784 Τούτων
793 3725 1111 3781 ἀκούσαντα
1182 3724 1496 3795 Τηριδάτην
1543 3721 1774 3792 σφοδρός
1812 3736 1875 3773 τε

294 3826 441 3895 ὑπὲρ
487 3822 582 3876 τοῦ
613 3822 823 3890 πατρὸς
855 3821 1033 3873 εἰσεδυ
1082 3818 1242 3887 ζῆλος
1271 3835 1286 3848 ·
1324 3819 1414 3870 καὶ
1442 3815 1608 3879 εὐθὺς
1652 3815 1876 3868 πάντων

295 3917 369 3973 ὢν
405 3917 493 3986 ἐφ’
518 3916 713 3970 ἑαυτοῦ
757 3916 1047 3967 ἐσκοπεῖτο
1081 3911 1256 3982 λήθην
1296 3910 1386 3963 διὰ
1409 3909 1471 3962 τὸ
1503 3908 1757 3980 πατρῷον
1788 3901 1873 3960 αἷ-

295 4030 374 4082 μα
417 4009 620 4074 λαϐὼν,
683 4007 899 4061 κελεύει
951 4004 1173 4057 δεθέντα
1225 4002 1316 4055 τὸν
1362 4001 1541 4068 ἅγιον,
1603 3999 1878 4071 τράχηλον

294 4106 393 4160 καὶ
423 4105 610 4173 χεῖρας
640 4101 757 4170 ἅμα
784 4098 882 4151 καὶ
927 4097 1092 4159 πόδας
1121 4093 1200 4163 τῷ
1247 4093 1400 4163 παρὰ
1445 4095 1513 4163 τῇ
1552 4093 1706 4143 πόλει
1752 4090 1881 4161 Ἀρ-

293 4198 438 4269 ταξᾷ
493 4196 685 4269 λάκκῳ
737 4192 982 4263 δοθῆναι.
1034 4189 1094 4243 ὐ
1140 4188 1198 4241 δὲ
1241 4181 1310 4258 ἦν
1360 4188 1388 4238 ὁ
1441 4183 1646 4246 λάκκος
1699 4178 1878 4248 οὗτος,

296 4291 542 4359 πρᾶγμα
579 4290 677 4340 καὶ
710 4284 949 4340 ἀκοῦσαι
994 4279 1165 4352 φόϐου
1205 4276 1426 4349 μεστὸν,
1469 4275 1711 4345 σεσηπὸς
1752 4274 1882 4344 βόρ-

295 4380 458 4452 ϐορος
511 4377 583 4432 τὰ
626 4377 798 4443 ἔνδον,
841 4374 936 4430 καὶ
988 4372 1186 4427 ίοϐόλοι
1235 4369 1388 4438 opst;
1435 4367 1529 4421 καὶ
1577 4365 1879 4434 σκώληκες,

296 4476 398 4529 καὶ
428 4474 654 4528 πάντων
707 4471 810 4523 ὅσα
867 4468 1010 4523 κατὰ
1076 4467 1179 4535 γῆς
1233 4462 1418 4535 ἕρπει,
1480 4458 1760 4528 διατριϐὴ,
1815 4460 1880 4510 ὲκ

1980 3272 2214 3330 satrapis
2246 3277 2263 3319 :
2294 3259 2414 3317 Non
2468 3262 2597 3318 licet
2643 3264 2691 3316 ei
2738 3266 2941 3329 vivere,
2989 3280 3166 3335 neque
3212 3267 3357 3320 hunc
3391 3267 3559 3322 solent

1936 3344 2247 3427 'aspicere,
2282 3372 2315 3410 ο
2373 3371 2489 3418 rex,
2527 3356 2670 3409 clara
2712 3366 2766 3410 et
2811 3357 2917 3409 aha
2960 3372 3092 3411 voce
3124 3357 3384 3427 loquitur,
3433 3374 3560 3414 cum

1979 3456 2048 3501 snt
2077 3448 2216 3501 ﬁlius
2272 3447 2452 3501 Parthi
2491 3448 2661 3507 Attae,
2692 3450 2788 3515 qui
2831 3447 2955 3500 dolo
2991 3461 3198 3517 patrem
3233 3458 3383 3501 tuum
3425 3447 3564 3501 Cur-

1977 3554 2099 3592 saro
2129 3539 2416 3600 interfecit,
2452 3549 2503 3591 et
2534 3540 2821 3592 Persarum
2849 3547 3256 3609 tyrannototam
3292 3540 3559 3608 captivam

1979 3632 2211 3684 reddidit
2238 3631 2576 3684 Armeniam.

2049 3722 2192 3779 XVI.
2215 3724 2341 3779 Haec
2373 3740 2495 3778 cum
2529 3724 2788 3778 audiisset
2812 3722 3114 3789 Teridates,
3139 3739 3263 3778 eum
3293 3739 3391 3794 pro
3410 3734 3563 3793 patre

1980 3819 2148 3875 subiit
2202 3819 2498 3872 vehemens
2544 3818 2741 3871 zelus:
2778 3825 2831 3871 et
2895 3817 3075 3872 statim
3136 3818 3411 3876 omnium.
3440 3833 3564 3887 qua

1980 3910 2126 3981 apud
2164 3925 2223 3964 se
2255 3907 2546 3977 cogitabat,
2585 3923 2707 3960 cum
2756 3907 2922 3976 coepit
2964 3906 3164 3961 oblivio
3200 3915 3423 3976 propter
3470 3922 3567 3976 pa-

1982 4012 2198 4057 ternum
2226 4001 2574 4070 sanguinem.
2624 3996 2787 4053 Juhct
2816 4006 3001 4052 autem
3053 4008 3301 4053 sanctum
3335 3999 3559 4069 ligatum

1981 4093 2144 4156 collo.
2177 4092 2339 4147 simul
2372 4102 2428 4146 et
2456 4091 2708 4145 manibus
2732 4101 2788 4144 et
2821 4091 3075 4161 pedibus,
3096 4091 3257 4160 dejici
3281 4093 3331 4144 in
3360 4091 3561 4155 lacum,

1982 4187 2185 4257 quiest
2223 4186 2276 4238 in
2324 4183 2542 4239 civitate
2594 4184 2841 4238 Artaxat.
2877 4182 3008 4238 Erat
3056 4195 3239 4239 autem
3279 4184 3367 4238 hic
3412 4184 3566 4238 lacus

1986 4293 2075 4334 res
2100 4277 2186 4332 vel
2217 4277 2335 4332 solo
2373 4277 2563 4331 auditu
2606 4277 2869 4331 terribilis
2900 4293 2916 4333 :
2949 4275 3316 4347 putrefactum
3344 4291 3564 4332 caenum

1986 4369 2229 4425 habebat
2254 4369 2613 4434 intrinsecus,
2638 4379 2694 4424 et
2724 4379 3025 4424 venenatos
3055 4377 3337 4438 serpentes
3365 4377 3420 4424 et
3448 4383 3568 4422 ver-

1987 4479 2122 4527 mes,
2151 4471 2204 4518 et
2238 4470 2356 4518 erat
2384 4462 2756 4517 habitaculum
2801 4461 3046 4517 omnium
3098 4478 3218 4531 quae
3244 4472 3475 4528 serpunt
3506 4460 3563 4514 in

297 4525 505 4621 πολλοῖι
537 4568 651 4627 τοῖς
684 4562 998 4633 Ἀρμενίοις
1031 4525 1110 4621 είς
1136 4525 1410 4609 ’ἐπίνοιαν
1444 4525 1688 4622 φοϐερᾶς
1715 4525 1872 4604 κολά-

1988 4525 2167 4623 terris,
2200 4557 2309 4623 iam
2344 4555 2473 4611 olim
2508 4558 2578 4612 ab
2604 4554 2881 4609 Armeniis
2902 4525 3135 4607 effossus
3157 4551 3224 4607 ad
3253 4525 3568 4619 excogitan-

300 4677 444 4723 οεως
468 4653 935 4729 διορωρυγμένος,
987 4648 1080 4702 καὶ
1112 4646 1331 4709 οὐδενὸς
1373 4643 1482 4713 πρὸ
1519 4640 1617 4693 τοῦ
1659 4641 1882 4691 πώποτε

295 4745 412 4807 τῶν
437 4756 496 4806 ὲν
534 4749 686 4819 αὐτῷ
731 4746 1063 4818 βληθέντων,
1104 4741 1204 4811 οὐχ
1251 4738 1400 4800 ὅπως
1446 4734 1546 4787 οὐκ
1589 4729 1881 4791 ἀναδύντος

295 4845 538 4909 ἐκεῖθεν,
569 4842 687 4896 ἀλλ’
735 4840 861 4893 οὐδὲ
912 4839 992 4901 εἰς
1047 4834 1267 4905 ἡμέραν
1325 4830 1458 4897 ὅλην
1521 4826 1878 4895 ἁρκέσαντος.

296 4939 393 5013 Τῷ
420 4937 652 5006 τοιούτῳ
679 4934 861 4988 τοίνυν
887 4931 1078 4998 λάκκῳ
1112 4925 1251 4997 μετὰ
1279 4923 1377 4985 τὰς
1407 4919 1617 5013 πολλάς
1653 4915 1882 5013 ὲκείνας

293 5007 394 5091 καὶ
422 5028 879 5100 ἀνυπερϐλήτους
918 5021 1129 5089 κατάγε
1167 5017 1259 5069 τὸν
1309 5016 1408 5085 τῆς
1463 5010 1667 5071 κακίας
1717 5007 1876 5100 λόγον

292 5098 670 5185 ἁπιϐουλὰςνὸ
729 5098 874 5191 ίερδς
929 5111 1324 5184 ἐναπορριφεὶς
1390 5107 1430 5158 Γ
1436 5105 1717 5176 ρηγόριος,
1784 5098 1879 5152 ἐπὶ

290 5222 573 5289 τέσσαρας
603 5217 758 5278 ὅλους
790 5214 926 5285 πρὸς
956 5214 1069 5274 τοῖς
1102 5209 1234 5263 δέκα
1266 5206 1493 5279 χρόνους
1524 5205 1591 5273 τῇ
1622 5197 1879 5253 ἐντεῦθεν

290 5314 676 5382 ἐπολιορκεῖτο
713 5308 979 5364 κακώσει.
1020 5304 1161 5374 Γυνὴ
1195 5300 1251 5353 δέ
1291 5316 1373 5362 τις
1428 5297 1666 5362 συζύγου
1716 5307 1880 5361 κεχη-

293 5408 550 5480 ρωμένη,
580 5405 731 5476 παρὰ
768 5402 847 5474 τῷ
880 5395 1118 5472 ’Δρταξᾷ
1151 5394 1398 5467 φρουρίῳ
1425 5388 1672 5452 οἰκοῦσα,
1698 5386 1877 5454 ὅψεως

291 5505 435 5572 αὐτῇ
498 5501 653 5573 θείας
696 5498 831 5568 ὖναρ
902 5494 1292 5563 ἐπιφανείσης,
1349 5488 1516 5557 ἄρτου
1577 5500 1629 5536 τι
1674 5480 1879 5573 τρύφος

291 5571 539 5665 ἑκάστης
573 5571 793 5662 ἡμέρας
825 5590 907 5652 είς
938 5590 1034 5640 τὸν
1062 5587 1269 5640 λάκκον
1303 5580 1484 5650 ἠψίει·
1531 5576 1671 5642 ὅπερ
1700 5571 1877 5665 τροφῇ

289 5686 374 5757 τῷ
472 5662 736 5754 μακαρίῳ
816 5680 1123 5750 γινόμενον,
1188 5669 1533 5741 άνελάμϐανέ
1604 5683 1661 5719 τε
1731 5662 1880 5733 αὑτῴ

364 5869 386 5902 ⁸
415 5869 460 5925 ll
486 5866 616 5922 Cor’.
671 5864 909 5930 xttx,l6.

1985 4650 2142 4721 dum}
2182 4645 2428 4702 terribile
2472 4644 2828 4713 supplicium.
2869 4640 3217 4711 Quapropter
3266 4655 3332 4694 ex
3376 4640 3442 4693 iis
3470 4638 3563 4707 qui

1984 4743 2036 4796 in
2069 4756 2195 4796 euttt
2236 4747 2398 4792 antea
2438 4733 2626 4805 injecti
2665 4733 2904 4798 fuerant,
2932 4747 3040 4785 non
3074 4731 3237 4786 modo
3274 4745 3383 4784 non
3415 4731 3565 4786 illinc

1984 4832 2126 4887 ullus
2179 4828 2425 4891 emersit,
2452 4826 2548 4881 sed
2579 4840 2683 4881 nec
2717 4834 2829 4879 toto
2870 4821 3093 4892 quidem
3124 4821 3212 4875 die
3240 4820 3440 4877 durare
3470 4834 3566 4890 po-

1985 4924 2107 4979 tuit.
2136 4920 2193 4976 In
2222 4921 2367 4975 hunc
2402 4933 2528 4989 ergo
2559 4916 2758 4980 lacum,
2785 4923 2913 4984 post
2946 4912 3147 4967 multos
3173 4913 3292 4966 illos
3322 4919 3378 4966 et
3411 4912 3566 4964 insu-

1987 5010 2444 5084 perabiles,-quod
2460 5008 2656 5063 attinet
2671 5007 2739 5060 ad
2755 5005 2870 5059 vitii
2891 5003 3178 5065 rationem,
3203 5000 3461 5066 insnttus,
3480 5014 3566 5052 sa-

1985 5115 2302 5164 crosanctus
2317 5096 2872 5172 injectusGregon-ius,
2887 5092 3296 5163 quattuordecim
3315 5100 3455 5145 tows
3468 5105 3564 5143 an-

1985 5214 2087 5256 nos
2104 5199 2291 5261 nimia,
2307 5212 2427 5266 qua:
2451 5194 2599 5247 ilbuc
2625 5191 2923 5247 oriebatur.
2957 5183 3308 5239 obsidebatur
3323 5181 3449 5235 allii.
3469 5183 3564 5259 tio-

1985 5292 2341 5359 ne.Quwdam
2364 5298 2545 5343 autem
2561 5285 2754 5339 mulier
2769 5283 2986 5337 viduata
3004 5280 3255 5346 conjuge,
3267 5293 3389 5346 quae.
3403 5276 3562 5331 habi-

1989 5387 2138 5441 tabat
2173 5386 2225 5437 in
2268 5381 2520 5452 praesidio
2545 5380 2791 5436 Artaxat,
2812 5391 2933 5428 cum
2963 5373 3013 5427 ei
3037 5369 3379 5441 apparuisset
3401 5369 3560 5433 visio,

1987 5477 2203 5547 aliquod
2241 5478 2471 5527 frustum
2501 5471 2659 5541 panis
2683 5465 2924 5538 quotidie
2947 5464 3002 5517 in
3028 5477 3153 5517 euut
3210 5458 3559 5516 inttttittebat.

1987 5572 2141 5636 Quod
2179 5567 2397 5641 quidem
2430 5580 2552 5618 cum
2579 5571 2725 5617 esset
2749 5557 3265 5621 heato,a|imentum,
3284 5553 3566 5608 recreabat

1987 5663 2037 5717 ei
2070 5672 2291 5729 corpus,
2332 5655 2475 5727 quod
2523 5653 2884 5717 laboraverat,
2918 5657 2971 5703 et
3024 5663 3132 5702 non
3173 5644 3388 5708 sinebat
3434 5656 3561 5697 eum
