4060 6450
630 356 735 422 963

1874 354 2161 415 MENSIS
2201 353 2496 413 SEPTEM
2509 354 2679 416 BER.
3728 378 3812 441 954

629 473 854 527 omnino
887 470 1139 527 deiicere.
1172 469 1280 524 Sed
1311 467 1578 523 narranda
1614 467 1780 522 multa
1830 467 2045 537 reliquit
2082 483 2200 523 ora-

2321 478 2639 539 πεπονηκὸς
2663 468 2725 522 τὸ
2771 469 2952 541 σῶμα,
3002 470 3097 523 xal
3137 472 3312 527 τέλεον
3340 476 3566 535 ἐκλιπεῖν
3593 486 3682 541 οὐκ
3720 495 3808 550 eia.

632 565 732 627 tio,
766 577 891 617 cum
920 576 990 616 ne
1032 562 1296 616 tantillum
1326 559 1486 614 vellet
1511 559 1791 613 discedere
1815 572 1846 612 a
1880 558 1979 611 viri
2007 572 2215 614 memo-

631 654 733 709 ria.
766 652 935 708 Nobis
966 652 1128 723 igitur
1160 650 1546 707 revertendum
1597 658 1681 705 est
1707 650 1774 705 ad
1804 664 1867 711 ea
1899 665 2022 720 qua:
2054 650 2213 706 dein-

628 760 765 815 ceps
809 755 1108 814 sequuntur
1145 745 1199 798 in
1236 746 1488 800 historia.

695 834 862 891 XVII.
910 837 1195 892 Teridates
1261 851 1391 907 ergo
1446 835 1744 891 arb‘ritatus
1797 849 1858 890 se
1912 834 2211 891 incvitabili

626 930 790 984 morti
821 930 1039 984 dedisse
1078 928 1311 998 justum.
1346 942 1469 982 cum
1513 936 1661 982 esset
1704 927 1893 997 utique
1943 926 2120 981 hiems
2159 936 2214 982 et

511 1067 521 1075 .
622 1020 819 1091 frigus,
853 1020 972 1089 ipse
1021 1019 1232 1074 accedit
1280 1019 1347 1072 ad
1396 1017 1599 1089 regiam
1642 1018 2014 1072 Armenicam.
2055 1017 2213 1072 Illinc

624 1122 811 1167 autem
858 1111 1264 1181 expeditionem
1319 1108 1550 1178 suscipit
1595 1108 1858 1162 adversus
1904 1108 2123 1171 Persas,
2156 1119 2213 1164 et

629 1218 821 1258 eorum
855 1203 1218 1273 populabatur
1249 1202 1526 1271 regionem
1569 1220 1583 1256 :
1618 1210 1674 1255 et
1714 1201 1925 1271 trajecit
1954 1200 2010 1255 in
2041 1201 2208 1272 Assy-

626 1298 787 1356 riam,
822 1305 877 1350 et
913 1295 1045 1349 vicit
1080 1308 1330 1365 pugnans
1368 1292 1632 1363 singulari
1663 1292 1984 1355 certamine,
2033 1300 2090 1346 et
2122 1306 2212 1344 ce-

621 1387 793 1442 lebris
831 1395 949 1441 erat
977 1395 1198 1456 propter
1224 1398 1316 1438 res
1349 1384 1417 1437 ab
1467 1398 1532 1437 eo
1563 1392 1743 1453 gestas
1771 1392 1920 1437 recte
1953 1390 2005 1436 et
2036 1380 2210 1436 felici-

625 1488 729 1533 ter.
781 1477 1267 1533 Verumenimvero
1308 1475 1451 1537 Jovi.
1498 1474 1680 1531 Diana:
1725 1484 1781 1528 et
1806 1473 2027 1529 Herculi
2054 1474 2208 1528 attri-

619 1570 824 1626 buebat
859 1568 1161 1625 victoriam.
1191 1566 1378 1637 Neque
1406 1582 1538 1622 vero
1563 1567 1619 1621 in
1654 1566 1760 1622 illis
1784 1565 2032 1620 colendis
2047 1580 2207 1621 suum

621 1671 837 1715 tantum
893 1659 1133 1730 ponebat
1213 1657 1499 1722 studium,
1572 1656 1668 1711 sed
1721 1655 1885 1710 etiam
1946 1654 2210 1709 adversus

620 1753 967 1806 Christianos
1022 1751 1169 1820 ipsos
1226 1755 1282 1802 et
1343 1748 1678 1817 impietatem
1754 1745 2107 1800 vehementer
2152 1755 2208 1800 et

2317 554 2479 613 Ἀλλά
2523 559 2828 630 miscerive:
2858 561 2960 632 τὴν
3006 562 3327 619 ἀκολουθίαν
3359 569 3386 620 ὀ
3409 569 3573 639 λόγος,
3605 576 3672 644 μὴ
3704 580 3816 635 ἀπο-

2315 653 2508 721 στῆναι
2535 652 2668 722 μηδὲ
2700 650 2876 722 βραχὺ
2901 652 3002 720 τῆς
3026 652 3121 705 τοῦ
3150 655 3338 726 avem
3380 661 3585 733 μνήμης
3613 665 3808 726 ἐθέλων,

2352 743 2498 811 Ημίν
2528 742 2585 795 δὲ
2620 743 2754 812 προς
2785 743 2854 795 τὰ
2880 743 3011 812 ἑξῆς
3035 745 3315 800 ἐπανιτέον
3337 749 3431 819 τῆς
3459 752 3698 823 ίστορίας.

2383 834 2484 889 ιΖν,
2536 834 2853 904 Τηριδάτης
2890 835 3076 888 τοίνυν
3130 836 3342 909 θανάτῳ
3393 846 3708 913 παραδοῦναι
3741 853 3819 907 τὸν

2310 921 2522 978 δίκαιον
2551 922 2784 992 ἀφύκτῳ
2836 923 3086 992 νομίσας,
3118 926 3380 994 χειμῶνος
3403 930 3463 999 δή
3491 949 3585 986 που
3612 950 3820 991 συνιστα.

2315 1015 2482 1086 μένου
2523 1017 2618 1068 καὶ
2644 1014 3005 1087 διαψύχοντος
3045 1017 3208 1079 αὐτὸς
3247 1020 3339 1073 ὲπὶ
3380 1020 3483 1075 τῶν
3523 1022 3820 1094 ’Δρμενικῶν

2314 1107 2604 1179 βασιλείων
2634 1107 2860 1180 παρῄει.
2906 1108 3145 1162 Ἐκεῖθεν
3177 1108 3235 1163 δὲ
3272 1112 3365 1163 ἐπὶ
3405 1113 3604 1184 Πέρσας
3625 1119 3822 1189 ἐκστρα.

2311 1201 2480 1264 τεύει,
2510 1201 2607 1255 καλ⁵
2633 1202 2736 1271 τήν
2762 1217 2822 1255 τι
2851 1199 3039 1270 χώραν
3065 1200 3250 1255 αὐτῶν
3277 1202 3583 1275 κατέτρεχε,
3604 1210 3688 1261 καὶ
3710 1213 3820 1280 πρὸς

2309 1292 2410 1361 τὴν
2453 1292 2756 1361 Ἀσσυρίων
2802 1290 3063 1358 διέϐαινε,
3118 1293 3216 1347 καὶ
3259 1296 3570 1365 μονομαχῶν
3613 1298 3819 1368 ἐκράτει,

2308 1383 2403 1437 καὶ
2435 1382 2605 1444 πολὺς
2648 1377 2717 1451 ἦν
2778 1383 2888 1445 τοῖς
2933 1381 3281 1452 εὐτυχήμασι
3310 1384 3402 1437 καὶ
3452 1387 3562 1447 ταῖς
3592 1386 3821 1456 ἀνδραγα-

2309 1472 2474 1535 θίαις.
2518 1472 2665 1543 Πλὴν
2705 1471 2842 1526 ἀλλὰ
2875 1473 2962 1525 Διὶ
3009 1474 3103 1526 καὶ
3147 1475 3422 1545 ’Δρτέμιδι
3472 1477 3562 1530 καὶ
3595 1476 3816 1548 Ἠρακλεῖ

2307 1566 2376 1619 τὰ
2406 1567 2502 1635 τῆ,
2531 1565 2686 1635 νίκης
2732 1565 2993 1619 ἀνετίθει.
3041 1565 3264 1632 ’Δμέλει
3317 1567 3408 1620 καὶ
3437 1567 3551 1622 οὐδὲ
3579 1570 3695 1639 περὶ
3738 1568 3817 1640 τὴν

2307 1656 2533 1711 ἐκείνων
2575 1658 2739 1727 μόνον
2782 1658 3030 1710 ἐπονεῖτο
3073 1657 3390 1730 θεραπείαν,
3421 1659 3550 1712 ἀλλὰ
3591 1661 3677 1714 καὶ
3705 1662 3821 1715 κατὰ

2306 1750 2652 1820 Χριστιανῶν
2680 1750 2863 1804 αὐτῶν
2895 1751 2989 1804 xal
3021 1751 3120 1821 τῆς
3169 1751 3448 1813 εὐσεϐείας
3488 1752 3649 1804 δεινὸν
3690 1751 3819 1805 ἔπνει

621 1844 814 1898 insane
839 1842 1099 1912 spirabat.
1138 1842 1218 1896 Eo
1239 1850 1420 1895 autem
1459 1849 1722 1908 tempore,
1756 1839 1900 1908 quod
1940 1838 2200 1893 interces-

2308 1842 2405 1896 καὶ
2435 1841 2689 1908 μανικόν.
2720 1842 2827 1895 Τὸν
2856 1842 2913 1895 δὲ
2958 1841 3170 1912 μεταξὺ
3207 1842 3394 1897 τοῦτον
3423 1843 3604 1914 χρόνον
3628 1844 3717 1915 τὴν
3744 1843 3823 1914 βαι

619 1936 714 1997 sit,
747 1934 837 2004 qui
867 1932 1172 1986 Romanam
1203 1945 1502 2001 purpuram
1531 1944 1641 1984 non
1674 1928 1907 1983 leliciter
1929 1928 2200 1991 induerat,

620 2027 996 2081 Diocletianus
1032 2039 1257 2078 uxorem
1290 2024 1494 2077 ducere
1523 2021 1758 2084 volebat,
1788 2028 1845 2075 et
1875 2019 2205 2091 procurabat

616 2114 722 2169 sibi
758 2114 1194 2170 matrimonium.
1227 2112 1362 2167 Cum
1396 2120 1580 2165 autem
1620 2109 1765 2179 apud
1802 2109 1984 2178 ipsum
2019 2117 2204 2163 essent

615 2220 808 2260 omnes
835 2215 1018 2275 patres
1058 2206 1148 2274 qui
1209 2202 1430 2257 alebant
1481 2200 1739 2271 virgines,
1767 2209 1843 2264 et,
1876 2209 1935 2254 ut
1964 2199 2013 2254 ei
2046 2214 2203 2255 suam

616 2295 986 2365 desponderet
1026 2337 1042 2361 ,
1101 2309 1349 2363 unusque
1401 2293 1557 2346 valde
1615 2291 1918 2354 moliretur,
1976 2290 2065 2344 ille
2114 2289 2204 2344 his

617 2387 874 2440 erunibus
907 2384 1213 2455 praeteritis,
1249 2391 1534 2452 postquam
1562 2380 1617 2433 in
1643 2378 1877 2449 quadam
1903 2394 1967 2432 ex
1993 2378 2061 2431 iis
2081 2392 2201 2447 qua:

614 2478 735 2547 ejus
765 2478 1028 2546 parebant
1061 2471 1292 2541 imperio
1344 2467 1657 2524 civitatibus
1686 2465 1955 2520 intellexit
1982 2476 2201 2518 sancta-

618 2584 741 2623 rum
802 2568 1071 2637 virginum
1126 2566 1357 2617 chorum
1421 2559 1667 2617 exerceri
1727 2559 1782 2611 in
1842 2557 2198 2620 monasterio,

614 2660 817 2730 quibus
862 2664 1093 2727 praeerat
1143 2654 1362 2723 quidem
1399 2651 1605 2707 Gaiana
1640 2667 1655 2704 :
1689 2649 1833 2703 inter
1875 2647 1995 2701 illas
2020 2656 2201 2701 autem

617 2764 782 2805 unam
816 2763 958 2811 esse,
998 2747 1298 2816 Ripsimem
1327 2752 1598 2804 vocatam.
1636 2748 1692 2797 et
1721 2742 1787 2794 ad
1828 2741 1943 2809 ipsa
1972 2737 2198 2803 Gaiana,

618 2856 744 2895 cum
777 2839 953 2894 ambae
978 2846 1165 2893 essent
1188 2834 1482 2892 Christiani
1513 2832 1729 2904 generis
1747 2840 1802 2886 et
1820 2831 2121 2901 sanguinis,
2146 2832 2201 2884 in

615 2940 821 3003 petate
860 2931 1151 2985 educatam
1184 2924 1348 2997 atque
1373 2926 1665 2988 eruditam,
1694 2938 1816 2992 quae
1847 2923 1992 2977 sicut
2015 2923 2199 2992 specie

615 3023 858 3087 virtutis,
893 3023 966 3076 ita
998 3022 1163 3077 etiam
1200 3018 1610 3090 pulchritudine
1655 3029 1903 3085 corporis
1953 3023 2075 3067 erat
2106 3013 2204 3067 ad-

2308 1933 2527 2002 σιλικὴν
2555 1933 2860 2006 ἁλουργίδα
2898 1934 3194 2005 Ῥωμαίων
3220 1935 3323 1988 οὐκ
3366 1935 3594 2006 εὐτυχῶς
3634 1935 3823 2005 περιία-

2304 2022 2532 2093 λόμενος
2561 2025 2947 2094 Διοκλητιανὸς
2975 2026 3221 2093 γυναῖκα
3261 2041 3322 2079 τε
3361 2026 3642 2094 ἀγαγέσθαι
3669 2026 3818 2096 ήθελε,

2306 2116 2401 2169 καὶ
2433 2113 2770 2181 ἐσπούδαζεν
2806 2116 2987 2187 ἐαυτῷ
3017 2116 3107 2170 τὸν
3141 2117 3343 2187 γάμον.
3399 2118 3504 2170 Καὶ
3544 2116 3603 2187 δὴ
3642 2118 3820 2170 πάντων

2302 2208 2417 2262 ὅσοι
2450 2209 2759 2277 παρθένους
2785 2208 3013 2279 ἔτρεφον
3040 2209 3279 2279 πατέρες
3309 2209 3435 2278 παρ’
3460 2210 3611 2262 αὑτὸν
3645 2210 3819 2269 ἰόντων,

2303 2300 2398 2353 καὶ
2427 2300 2577 2364 ὅπως
2619 2285 2798 2370 τοῦτῳ
2843 2301 2944 2373 τὴν
2974 2300 3172 2353 ἑαυτοῦ
3214 2301 3441 2364 ἕκαστος
3467 2302 3697 2369 ὲγγυήσοι
3723 2298 3821 2352 πολε

2303 2391 2403 2463 λῆς
2426 2392 2676 2464 μηχανῆς
2703 2394 3026 2463 γενομένης,
3049 2394 3232 2457 πάσας
3252 2394 3453 2458 ἐκεῖνος
3477 2391 3820 2465 παραδραμὼν,

2302 2487 2491 2557 ἐπειδὴ
2553 2487 2703 2557 παρά
2755 2503 2864 2538 τινι
2930 2488 3039 2540 τῶν
3100 2485 3199 2539 ὑπ’
3252 2486 3412 2539 αὑτὸν
3451 2487 3637 2541 πόλεων
3683 2484 3820 2551 ἁγίων

2304 2580 2593 2649 παρθένων
2644 2579 2805 2648 χορὸν
2847 2580 2905 2631 ὲν
2962 2580 3322 2651 μοναστηρίῳ
3361 2580 3630 2633 ἀσκεῖσθαι
3666 2575 3817 2647 μάθοι,

2301 2664 2377 2727 ὧν
2408 2670 2613 2742 Patavi;
2648 2672 2748 2741 μὲν
2809 2660 3188 2741 προειστήκει,
3224 2675 3292 2741 τῇ
3322 2671 3376 2724 δὲ
3419 2671 3506 2723 ὑπ’
3541 2670 3691 2739 αὐτῆς
3717 2684 3820 2736 vpe-

2301 2766 2466 2838 φείσῃ
2489 2764 2583 2817 καὶ
2608 2763 2955 2836 παιδευθείσῃ
2992 2762 3227 2834 Ῥιψίμη
3250 2764 3420 2835 ὄνομα
3444 2758 3525 2836 ἦν,
3550 2756 3820 2834 Χριστιανοῦ

2306 2856 2407 2925 μὲν
2441 2855 2674 2924 αἵματος
2704 2852 2870 2923 ἄμφω
2893 2854 2988 2907 καὶ
3016 2858 3236 2923 γένους,
3264 2857 3298 2925 ἡ
3325 2855 3381 2908 δὲ
3424 2853 3820 2925 Ῥιψίμη,ῶσπερ

2304 2948 2504 3021 ἀρετῆς
2523 2947 2663 3019 ὥρᾳ,
2684 2946 2745 3000 οὔ
2754 2964 2828 3001 τω
2847 2948 2914 3019 δὴ
2933 2949 3027 3002 καὶ
3048 2949 3308 3020 σώματος
3333 2949 3512 3003 κάλλει
3530 2948 3819 3018 διαδεῦόητο.

2313 3041 2533 3112 Ἐπειδὴ
2556 3042 2735 3095 τοίνυν
2754 3043 2823 3095 τὰ
2846 3042 2990 3095 κατὰ
3019 3041 3117 3113 τὴν
3156 3042 3420 3114 Ῥιψίμην
3441 3042 3672 3104 ἐπύθετο,
3694 3038 3821 3099 ἄλλος

618 3115 843 3168 modum
901 3113 1133 3180 insignis
1161 3126 1177 3164 :
1209 3109 1290 3164 vel
1328 3109 1444 3180 ipsa
1478 3109 1599 3178 ejus
1632 3106 1869 3177 imagine
1904 3105 2200 3174 imperator

702 3217 705 3218 ,
798 3217 878 3218 ,,,,
1066 3216 1091 3218 α
1135 3198 1197 3218 ,Δ
1252 3213 1367 3218 --____
1440 3198 1702 3218 Δ-..ε-.-...
1757 3197 1968 3218 ---.2.1..-.-
2025 3195 2200 3218 λζιιι-..

2303 3148 2364 3185 τε
2395 3132 2492 3187 καὶ
2519 3105 2646 3187 ’τῶν
2695 3131 3013 3204 ζωγράφων
3042 3105 3199 3197 τινος
3454 3131 3822 3203 διαγράψαντος,

618 3217 905 3267 accensus,
934 3216 1097 3270 quam
1132 3198 1201 3253 ad
1246 3213 1372 3253 eum
1433 3198 1706 3267 depictam
1753 3197 1971 3265 quidam
2023 3195 2204 3264 pictor

614 3293 894 3359 attulerat,
925 3294 1097 3363 ipsam
1154 3290 1380 3346 amabat
1427 3287 1799 3344 vehementiss
1823 3302 1931 3353 me,
1974 3296 2029 3341 et
2074 3287 2208 3342 alle-

608 3386 825 3445 ctionis
848 3392 1017 3439 mstro
1058 3382 1435 3437 coneitahatur
1465 3400 1479 3435 :
1507 3391 1733 3449 eratque
1764 3378 1855 3435 ille
1876 3394 2029 3434 amor
2054 3394 2204 3434 mera

619 3478 852 3539 insania,
884 3488 939 3532 et
974 3476 1134 3546 plane
1192 3475 1396 3531 rabies.
1433 3474 1497 3528 Et
1540 3475 1627 3528 ille
1677 3472 1903 3543 quidem
1931 3472 2024 3527 diu
2072 3481 2201 3526 ante

617 3572 847 3641 parabat
901 3571 1137 3639 nuptias,
1186 3578 1243 3623 et
1291 3568 1492 3622 festum
1555 3566 1886 3638 praedicabat
1936 3582 1951 3620 :
1995 3574 2051 3620 et
2107 3580 2203 3621 eos

617 3661 1004 3733 congregabat,
1040 3660 1132 3729 qui
1159 3669 1317 3714 erant
1344 3659 1401 3714 in
1425 3659 1633 3729 nuptiis
1672 3660 1723 3712 ei
1757 3655 2071 3713 inservituri
2098 3673 2112 3709 :
2144 3663 2202 3710 et

613 3753 679 3807 ad
715 3752 1015 3823 Ripsimem
1076 3750 1225 3807 misit
1280 3751 1613 3814 adulatores,
1638 3751 1730 3819 qui
1775 3750 1845 3804 de
1901 3748 2106 3820 nuptiis
2149 3748 2200 3803 ei

611 3844 1005 3916 signiﬁcarent,
1048 3852 1105 3899 et
1157 3843 1479 3898 nuntiarent
1507 3857 1602 3897 eas
1647 3843 1763 3913 jam
1795 3856 1918 3897 esse
1958 3850 2198 3913 paratas,

610 3938 756 4007 quod
790 3937 859 3991 ad
889 3936 1076 4008 ipsum
1103 3937 1325 4007 quidem
1355 3935 1646 3990 attinebat.

686 4153 873 4209 XVlll.
899 4152 995 4209 illa
1026 4162 1210 4209 autem
1237 4154 1404 4227 (quid
1437 4153 1583 4210 enim
1626 4168 1725 4224 per
1756 4152 1928 4223 ipsam
1975 4153 2199 4224 Virgini-

611 4256 781 4302 tatem
814 4247 883 4301 ad
917 4248 1033 4301 inec
1068 4247 1323 4316 cogitarit
1371 4258 1462 4300 aut
1493 4246 1694 4301 dixerit
1724 4246 1894 4315 virgo,
1931 4261 2052 4315 qua:
2085 4246 2195 4316 jam

611 4339 740 4392 olim
792 4337 1206 4393 cohabitantem
1260 4337 1425 4407 elegit
1471 4336 1904 4401 continentiam,
1964 4345 2020 4391 et
2065 4336 2196 4390 solis

611 4428 756 4482 vivit
784 4426 1180 4498 leguminibus,
1210 4435 1265 4481 et
1299 4436 1440 4481 totas
1470 4434 1661 4479 noctes
1695 4437 1948 4480 versatur
1984 4425 2037 4478 in
2066 4440 2194 4479 ora—

2306 3225 2370 3278 τὺ
2392 3225 2493 3295 τῆς
2528 3222 2791 3295 Ῥιψίμης
2815 3221 2976 3293 εἶδος,
3006 3225 3102 3280 καὶ
3126 3226 3244 3299 γὰρ
3272 3227 3364 3280 καὶ
3383 3228 3416 3298 ὴ
3433 3222 3583 3279 εἰκὼν
3605 3222 3820 3290 ἀνέφλεγι

2304 3317 2368 3371 τδ
2401 3318 2569 3389 μέρος
2591 3318 2780 3386 αὐτὸν,
2812 3318 3131 3389 θερμότατα
3166 3337 3231 3374 τε
3260 3321 3428 3390 αὐτῆς
3460 3320 3583 3391 ηρα.
3626 3317 3720 3370 Καὶ
3740 3312 3821 3367 inti

2304 3410 2401 3465 τοῦ
2434 3412 2602 3464 πόθου
2653 3411 3010 3481 διοιστροῧτο,
3065 3414 3161 3466 καὶ
3193 3416 3410 3485 μανίαὸ
3430 3412 3559 3484 ἔρως
3582 3411 3663 3462 καί
3683 3407 3822 3472 λύσσῃ

2303 3498 2373 3576 ἦν
2401 3504 2634 3576 ἀκριδής
2657 3517 2672 3534 ⁹
2715 3505 2809 3558 καὶ
2837 3506 2867 3558 ὁ
2919 3505 3018 3576 μὲν
3042 3504 3107 3577 δὴ
3141 3508 3215 3559 τὰ
3271 3505 3513 3577 γαμήλια
3546 3498 3822 3574 ηὑτρέπιζεν

2304 3597 2370 3650 ὲκ
2399 3596 2598 3649 πολλοῦ
2621 3596 2718 3650 καὶ
2741 3598 2841 3664 τὴν
2868 3596 3067 3668 ἑορτὴν
3099 3600 3401 3669 ἐκήρυττε,
3432 3598 3553 3660 τοὺς
3573 3597 3657 3647 τὸν
3679 3595 3824 3662 γάμον

2300 3708 2363 3744 τε
2393 3691 2574 3745 αὐτῶν
2606 3690 3106 3760 διακονησομένους
3173 3692 3401 3761 συνῆγε,
3456 3691 3547 3742 καὶ
3592 3686 3709 3757 πρὸς
3744 3683 3823 3751 τὴν

2315 3781 2579 3853 Ῥιιίίίμτιν
2624 3782 2749 3844 τοὺς
2786 3782 3025 3845 κόλακας
3058 3781 3305 3852 ἔπεμπε,
3360 3783 3452 3836 καὶ
3495 3780 3669 3848 λόγους
3713 3777 3821 3844 αὐτῇ

2303 3877 2439 3946 περὶ
2464 3875 2662 3943 γάμων
2690 3876 2960 3944 προσῆγε,
2991 3877 3087 3928 καὶ
3120 3876 3417 3931 ὑπετίθετο
3450 3872 3820 3945 ὲμπαράσκευον

2299 3969 2402 4040 ἢδη
2424 3968 2494 4021 τὰ
2527 3967 2661 4038 πρὸς
2694 3966 2890 4028 αὐτοῦ,
2917 3962 3076 4023 εἶναι.

2371 4142 2477 4199 IH'.
2523 4144 2589 4198 ’Π
2622 4145 2677 4199 δὲ
2711 4145 2784 4216 (τί
2825 4147 2934 4216 γὰρ
2961 4145 3028 4201 ἂν
3059 4146 3198 4218 πρὸς
3226 4149 3327 4219 τῆς
3359 4144 3667 4218 παρθενείας
3686 4140 3824 4207 αὐτῆς

2298 4236 2544 4306 ἒννοήσοι
2572 4239 2707 4307 πρὸς
2755 4237 2927 4291 ταῦτα
2954 4238 2988 4309 ἢ
3017 4239 3317 4309 φθέγξαιτο
3368 4243 3402 4312 ἡ
3430 4240 3659 4293 σύνοικον
3684 4233 3821 4287 πάλαι

2305 4320 2407 4391 τὴν
2457 4325 2790 4392 ἐγκράτειαν
2829 4323 3063 4396 ἑλομένη
3123 4330 3425 4398 παρθένος,
3480 4329 3569 4383 καὶ
3618 4322 3821 4392 ὀσπρίοις

2301 4410 2565 4476 ἀποζῶσα
2594 4416 2799 4483 μόνοις,
2825 4415 2919 4467 κα)⁸
2950 4415 3157 4479 νύκτας
3180 4418 3312 4481 ὅλας
3333 4422 3401 4488 τῇ
3431 4416 3552 4487 φίλῃ
3585 4410 3817 4484 προσευχῇ

594 4519 786 4592 ticiic,
808 4490 868 4573 et
888 4532 992 4573 nec
1022 4517 1259 4572 interdiu
1277 4516 1489 4574 desistit
1509 4517 1580 4570 ab
1609 4516 1824 4586 hymnis
1845 4516 1900 4570 in
1925 4515 2150 4585 Deum?)
2178 4535 2191 4570 :

2304 4506 2575 4574 σύρουσα,
2609 4508 2705 4561 καὶ
2748 4506 2881 4576 μηδὲ
2913 4508 3126 4578 ἡμέρας
3154 4510 3267 4563 τῶν
3297 4511 3379 4574 είς
3412 4510 3471 4563 τὸ
3508 4509 3648 4561 Θεῑον
3673 4503 3822 4573 ὓμνων

609 4610 730 4665 Non
770 4620 822 4665 te
853 4608 1058 4675 fallam,
1085 4623 1287 4679 sponse
1324 4607 1563 4671 Christe,
1591 4608 1624 4663 d
1649 4608 1725 4663 xit
1745 4624 1759 4662 :
1783 4622 1894 4663 non
1922 4615 1971 4661 te
1992 4607 2194 4676 probro

606 4717 673 4757 ac
720 4702 989 4759 dedecore
1030 4702 1296 4769 alliciam,
1341 4716 1376 4756 ο
1418 4703 1588 4756 diara
1639 4700 1962 4769 virginitas:
1997 4714 2108 4754 non
2142 4708 2194 4751 te

608 4795 860 4866 prodam,
893 4807 1067 4850 mater
1111 4794 1472 4850 continentia.
1510 4794 1700 4863 Itaque
1752 4795 1882 4858 Deo,
1912 4792 2005 4861 qui
2045 4792 2194 4845 solus

608 4896 828 4957 poterat
880 4886 932 4940 ei
984 4887 1115 4940 dare
1154 4886 1412 4948 salutem,
1463 4884 1718 4954 adiutore
1766 4886 2040 4943 invocato,
2083 4892 2191 4933 non

607 4976 955 5040 necessariis,
1006 4990 1116 5029 non
1173 4977 1401 5041 aulicis,
1442 4986 1554 5028 non
1608 4972 1952 5043 parentibus,
2014 4984 2194 5039 neque

611 5068 736 5122 nllis
765 5067 887 5122 aliis
912 5076 1033 5122 erat
1059 5068 1286 5122 omnino
1333 5066 1561 5120 munita.
1599 5064 1676 5119 De
1721 5063 1830 5118 alio
1879 5064 2063 5131 itaque
2090 5060 2195 5116 mi-

609 5161 820 5233 grando
857 5163 1040 5215 statim
1067 5160 1342 5216 consultat
1369 5166 1426 5213 et
1472 5157 1700 5213 comites
1732 5155 1902 5211 bonas
1946 5154 2080 5208 alias
2110 5154 2192 5206 in—

610 5254 761 5307 venit
789 5254 1046 5324 virgines,
1073 5260 1196 5322 quae
1227 5260 1388 5305 erant
1428 5250 1479 5304 ei
1527 5258 1584 5303 et
1610 5248 1736 5303 vita
1770 5258 1826 5303 et
1856 5248 2076 5302 virtutis
2100 5259 2191 5299 so-

608 5347 731 5410 ciae,
759 5346 1026 5416 imprimis
1070 5353 1254 5398 autem
1308 5342 1622 5411 praefectam
1652 5340 1938 5397 Gaianam.
1970 5339 2036 5392 Et
2080 5352 2190 5391 non

606 5437 953 5498 dubitarunt,
990 5436 1203 5490 etiamsi
1242 5450 1352 5505 pra:
1384 5435 1552 5488 multa
1598 5430 1781 5486 inedia
1807 5431 1919 5499 jam
1959 5428 2193 5484 defecisc

603 5535 751 5591 sent,
776 5528 1275 5596 peregrinationem
1304 5523 1604 5593 suscipere,
1634 5521 1729 5576 sed
1756 5521 1896 5574 sicut
1916 5530 2189 5590 paSseres,

607 5636 734 5674 cuin
797 5636 861 5674 ea
920 5621 1313 5691 transmigrant
1364 5620 1422 5671 in
1472 5616 1757 5672 barbaram
1806 5611 2188 5667 Armeniorum

611 5711 915 5778 regionem.
954 5709 1058 5763 Eas
1085 5711 1231 5763 enim
1270 5708 1528 5763 incitabat
1552 5707 1714 5761 etiam
1749 5704 1815 5758 ad
1846 5703 2188 5773 migtandum

614 5810 943 5867 praeceptum
973 5799 1336 5864 Dominicum,
1362 5798 1549 5854 dicens
1590 5814 1604 5853 :
1641 5819 1658 5849 ι
1700 5795 1754 5851 Si
1794 5794 2061 5865 persecuti
2095 5807 2187 5847 vos

2300 4598 2644 4669 ἀφισταμένη
2665 4614 2681 4664 ;
2706 4599 2780 4652 Οὐ
2805 4598 3077 4671 ψεύσομαι
3097 4617 3181 4667 σε,
3205 4603 3410 4673 νυμφίε
3428 4598 3638 4672 Χριστὲ,
3662 4591 3788 4648 εἶπεν
3805 4604 3817 4619 ’

2297 4689 2400 4743 οὐκ
2443 4689 2682 4760 αἰσχυνῶ
2736 4707 2818 4754 σε,
2851 4692 3118 4763 παρθενία
3161 4694 3317 4768 φίλη,
3349 4695 3411 4749 οὐ
3461 4691 3698 4766 προδώσω
3735 4699 3816 4746 σει

2303 4782 2482 4854 μῆτερ
2521 4784 2838 4854 ὲγκράτ.ια.
2870 4785 3138 4869 Καὶλδῆτα
3178 4787 3321 4858 ὅπερ
3370 4787 3536 4857 αὐτὴν
3561 4783 3643 4836 καὶ
3672 4777 3813 4869 μονον,

2300 4869 2369 4942 ἦν
2392 4874 2569 4926 σῶσαι
2588 4874 2910 4943 δυνάμενον,
2939 4878 3003 4928 οὐ
3035 4877 3146 4948 γὰρ
3176 4879 3550 4949 προσήκουσιν
3599 4872 3652 4925 οὐ
3677 4867 3815 4938 φίλοις

2301 4965 2363 5019 οὐ
2391 4965 2691 5035 πατράσιν,
2722 4967 2822 5020 οὐκ
2852 4966 3036 5030 ἄλλοις
3060 4971 3174 5023 τισὶ
3203 4971 3266 5021 τὸ
3292 4969 3554 5041 παράπαν
3581 4961 3806 5032 ὠχύρωτο.

2300 5054 2742 5123 μεταναστεῦσαι
2803 5054 3121 5124 βουλεύεται
3172 5059 3517 5127 παραιτίκα,
3557 5068 3638 5107 και
3664 5055 3810 5107 συνερο

2295 5144 2429 5212 γοὺς
2456 5145 2672 5214 ἀγαθὰς
2705 5147 2802 5209 τὰς
2847 5147 3017 5211 ἄλλας
3065 5146 3315 5219 εὑρίσκει
3369 5147 3671 5218 παρθένους,
3710 5135 3808 5187 ὅσαι

2300 5238 2524 5307 καὶτῆς
2567 5238 2779 5308 διαίτης
2823 5239 2961 5309 αὐτῇ
2998 5240 3092 5291 καὶ
3137 5242 3237 5311 τῆς
3287 5240 3491 5311 ἀρετῆς
3523 5228 3818 5295 ἑκοινὼνοννο

2295 5326 2404 5381 Καὶ
2440 5330 2539 5382 οὐκ
2586 5327 2844 5398 ὤκνησαν
2881 5346 2965 5398 γε,
3025 5331 3201 5384 καίτοι
3233 5330 3602 5384 ὲκλελοιπυίαι
3632 5320 3723 5377 ὑπὸ
3743 5315 3825 5384 τῆς

2294 5419 2496 5488 πολλῆς
2518 5421 2870 5492 ἁσιτίαςῆδη,
2894 5423 3032 5476 ἀλλὰ
3060 5422 3559 5493 μεταναστύεουσιν
3574 5420 3642 5481 ὡς
3661 5425 3826 5483 στρου·

2299 5510 2393 5564 (ita
2445 5511 2539 5564 ἐπὶ
2573 5514 2672 5583 τὴν
2729 5512 3008 5585 βάρϐαρον
3059 5516 3170 5569 τῶν
3234 5514 3539 5585 Ἀρμενίων
3570 5512 3659 5565 σὺν
3706 5503 3824 5571 αὐτῇ

2294 5605 2515 5675 χώραν,
2579 5606 2866 5676 Παρώρμα
2917 5608 3026 5677 γὰρ
3079 5609 3247 5669 αὐτὰς
3308 5607 3407 5659 καὶ
3469 5607 3502 5675 ή
3556 5593 3829 5663 Δεσποτικὴ

2293 5698 2483 5768 ἐντολὴ
2542 5699 2674 5767 πρὸς
2710 5700 2810 5769 τὴν
2864 5701 3203 5771 μετοίκησιν,
3233 5699 3366 5754 Ἐὰν
3410 5697 3664 5761 διώξωσιν
3708 5687 3832 5758 ὑμᾶς

2292 5791 2400 5843 ἀπὸ
2476 5789 2643 5859 τῆσδε
2703 5793 2803 5862 τῆς
2880 5793 3112 5860 πόλεως,
3175 5793 3432 5860 λέγουσα,
3495 5789 3714 5859 φεύγετε
3767 5779 3835 5841 εις
