4060 6454
291 378 401 440 935

1246 371 1420 434 YITA
1463 371 1524 432 S.
1567 367 1952 430 GREGORII
2000 368 2636 431 lLLUi'llINA'I'URlS.

3461 377 3570 439 936

289 490 389 560 τὴν
437 489 625 560 ἀλλην.
674 487 951 542 Ἐνθεντοι
1007 489 1100 542 καὶ
1165 488 1495 558 ἀπαίρουσιν
1533 485 1743 539 ἐκεῖθεν
1774 484 1872 537 σὺν

1984 483 2187 541 l'u*riut
2218 485 2270 540 in
2305 487 2405 541 hac
2436 489 2676 549 civitate,
2723 487 2890 558 fugite
2928 488 2980 542 in
3007 489 3165 544 aliam
3186 491 3261 543 *Α
3308 489 3490 561 Prom;
3516 504 3570 549 te,

291 582 602 657 προθυμίᾳ,
661 583 756 636 καὶ
787 583 847 634 ὲν
892 583 1136 653 Ἀραράτ
1171 581 1502 648 κατάγονται
1553 579 1730 630 πῦλει.
1767 577 1877 645 Ληο

293 671 372 720 vo“.
403 667 462 722 δὲ
489 664 632 739 ἦσαν
681 669 878 732 αὐταῖς
933 671 964 738 ή
1005 671 1323 737 καταγωγή.
1385 667 1607 735 Ἐπειδὴ
1642 665 1697 719 δὲ
1741 682 1877 717 παν-

296 757 541 812 τάπασιν
579 759 823 828 ἠπόρουν
867 759 976 811 τῶν
1013 759 1354 826 ἀναγκαίων,
1403 759 1502 827 μία
1550 774 1636 819 τις
1692 755 1878 810 αὐτῶν

295 853 354 905 ἑν
386 852 508 912 ταῖς
536 851 696 918 χερσὶ
731 851 829 918 τὴν
864 850 1056 904 ἐλπίδα
1088 850 1181 903 τοῦ
1214 849 1329 919 βίου
1357 849 1584 918 θεμένη,
1612 866 1675 901 πε
1689 848 1741 916 ρὶ
1774 846 1872 918 τὴν

293 941 693 1010 ταλασιουργόν
722 957 780 992 τε
805 939 918 1011 εἶχε
941 943 1136 1010 τέχνην
1165 941 1257 995 καὶ
1284 939 1375 992 ὑπ’
1397 940 1567 1008 αὐτὴν
1603 940 1870 1000 ἐπονεῖτο,

301 1036 399 1088 καὶ
456 1034 517 1086 τὸ
555 1032 809 1086 ἐντεῦθεν
841 1036 978 1102 αὑτῇ
1027 1032 1406 1104 ποριζόμενον,
1459 1034 1537 1094 εἰς
1579 1031 1876 1100 διατροφὴν

296 1125 565 1196 ἀνήλισκε
598 1124 708 1178 τῶν
749 1125 1058 1194 παρθένων.
1091 1122 1476 1193 Διοκλητιανὺς
1512 1122 1570 1175 δὲ
1619 1122 1876 1190 πονήρως

294 1235 352 1272 τε
379 1219 484 1284 ήδη
506 1218 583 1286 τῷ
605 1216 770 1288 ἔρωτι
797 1217 958 1287 ἔχων,
983 1219 1077 1270 καὶ
1097 1217 1284 1269 οὐκέτι
1307 1211 1419 1278 οἷος
1440 1232 1498 1268 τε
1519 1213 1595 1267 ὢν
1617 1216 1871 1284 ἠρεμεῖν,

295 1310 490 1380 ἐπειδὴ
523 1309 697 1361 πάντα
730 1308 877 1361 λίθον
922 1309 1154 1378 κινήσας
1202 1307 1408 1378 ἔμαθεν
1446 1307 1599 1372 παρᾶ
1637 1309 1704 1375 τῇ
1753 1308 1876 1374 Ἀρε-

299 1397 501 1468 μενίων
533 1397 687 1467 χώρᾳ.
716 1396 1087 1467 τὴνῬιψίμην
1113 1393 1570 1465 μεταναστερσαι,
1598 1391 1673 1454 ὼς
1697 1387 1871 1459 εἶχεν,

303 1487 468 1550 εὐθὺς
513 1487 712 1557 γράφει
764 1487 844 1556 τῷ
876 1487 972 1554 τῆς
1013 1485 1301 1556 Ἀρμενίας
1337 1483 1545 1552 βασιλεῖ
1574 1483 1871 1553 Τηριδέιτῃ,

302 1580 438 1632 ἀλλα
475 1595 534 1631 τε
569 1579 710 1632 κατά
757 1579 1104 1648 Χριστιανῶν
1130 1578 1231 1632 οὐκ
1277 1577 1454 1643 ὀλίγα,
1503 1577 1597 1629 καὶ
1653 1574 1728 1636 ὼς
1770 1580 1868 1643 τὴν

299 1671 592 1740 ἐρωμένην
654 1669 803 1739 αὐτῷ
869 1669 1130 1738 Ῥιψίμην
1179 1667 1478 1738 πανούργῳ
1549 1668 1644 1718 καὶ
1715 1665 1872 1734 γόητι

292 1763 489 1834 ὁμιλίᾳ
550 1763 984 1832 ὑποδραμόντες,
1031 1763 1326 1816 ἀνέπεισαν
1356 1761 1454 1830 τῆς
1501 1761 1618 1829 μετ’
1663 1760 1873 1811 ἐκείνου

1987 577 2168 646 itaque
2203 587 2256 632 et
2288 578 2451 631 alacri
2501 579 2685 632 animo
2733 580 2880 634 illinc
2916 580 3359 650 proficiscuntur,
3393 592 3448 637 et
3477 601 3564 638 vc.

1985 665 2144 717 niunt
2175 665 2227 718 in
2262 665 2539 718 tirilateut
2573 665 2790 720 Arat-at.
2824 667 3138 722 Torcularia
3176 679 3358 724 autem
3411 681 3571 726 erant

1983 757 2064 809 eis
2099 755 2493 811 habitacultnn.
2529 757 2666 810 Cum
2699 769 2881 812 autem
2923 759 3003 812 eis
3051 761 3233 815 omnia
3266 761 3520 815 deiicere:
3551 771 3572 816 t

1985 849 2326 915 necessaria,
2350 849 2594 916 quzrdam
2623 865 2687 903 ex
2721 853 2820 914 eis,
2861 867 2956 920 spe
2987 853 3212 920 parandi
3256 853 3359 908 sibi
3399 855 3572 908 victus

1986 941 2160 1009 posita
2214 941 2268 993 in
2326 941 2602 1003 manibus,
2651 942 3010 994 versabantur
3067 953 3122 996 et
3165 945 3568 999 laborabantiu

1984 1044 2100 1082 arte
2136 1030 2379 1094 laniﬁcii,
2429 1039 2484 1083 et
2533 1029 2677 1098 quod
2724 1029 2851 1083 hinc
2901 1031 3003 1082 sibi
3057 1032 3339 1098 parabant,
3371 1048 3571 1086 constt-

1986 1121 2210 1175 luebant
2245 1121 2308 1174 ad
2347 1132 2572 1175 caeteras
2616 1120 2842 1172 alendus
2891 1121 3151 1186 virgines.
3203 1121 3570 1177 Diocletianum

1979 1219 2167 1264 autem
2207 1227 2328 1266 cum
2363 1221 2418 1266 et
2458 1228 2642 1266 amore
2668 1214 2778 1282 jam
2815 1213 3061 1281 improbe
3095 1223 3286 1280 captus
3316 1222 3480 1277 esset,
3517 1223 3572 1264 et

1983 1321 2094 1360 non
2144 1313 2333 1373 posset
2385 1303 2624 1371 amplius
2684 1305 2990 1374 quiescere.
3055 1312 3367 1372 postquam,
3417 1304 3566 1357 omni

1983 1401 2132 1447 moto
2185 1389 2384 1459 lapide,
2419 1393 2631 1459 accepit
2670 1393 2930 1460 migrasse
2961 1389 3260 1460 liipsitnern
3293 1392 3346 1443 in
3385 1392 3568 1460 regio-

1982 1498 2108 1536 nem
2156 1481 2563 1545 Armeniorum,
2600 1482 2793 1536 scribit
2833 1481 3017 1535 statim
3064 1482 3129 1534 ad
3167 1494 3347 1549 regem
3383 1483 3570 1533 Anne-

1983 1574 2086 1626 niae
2127 1571 2460 1632 Teridatem,
2489 1581 2543 1625 et
2588 1572 2692 1625 alia
2741 1588 2850 1626 non
2899 1588 3071 1642 pauca
3124 1573 3384 1625 adversus
3411 1569 3571 1624 Chri-

1983 1663 2210 1727 stianos,
2243 1671 2296 1716 et
2327 1663 2471 1731 quod
2516 1677 2543 1715 a
2586 1678 2644 1717 se
2676 1662 2926 1716 dilectam
2975 1661 3272 1731 Ripsimem
3325 1661 3478 1714 vafro
3515 1669 3571 1713 et

1983 1755 2228 1808 veneﬁco
2257 1769 2507 1808 sermone
2553 1754 2913 1823 peliicientes,
2949 1753 2999 1807 ei
3051 1762 3468 1823 persuaserunt,
3511 1761 3571 1806 ut

304 1852 622 1916 συνουσίας,
670 1855 769 1922 τὴν
818 1854 910 1905 ἐπὶ
955 1853 1110 1923 ξένης
1159 1852 1378 1904 ἑλέσθαι
1427 1849 1733 1920 διατριϐὴν,
1785 1848 1879 1900 καὶ

1984 1847 2168 1900 mallet
2224 1847 2278 1899 in
2343 1857 2564 1900 externa
2614 1849 2800 1899 vivese
2848 1847 3110 1915 regione,
3161 1854 3216 1898 et
3269 1860 3386 1898 eam
3445 1861 3567 1899 cum

299 1946 504 2012 ἄτιμον
556 1946 614 1997 ὲν
661 1945 800 2012 αὐτῇ
846 1944 1114 2012 πὶανῆτιν
1154 1943 1448 2008 περιιέναι.
1490 1940 1725 1994 Εὖκολον
1772 1940 1881 2007 γὰρ

292 2034 442 2104 γυνὴ
499 2034 636 2104 πρὸς
687 2036 906 2103 ἀπάτην
937 2035 1030 2086 καὶ
1065 2033 1290 2104 κοῦφον.
1328 2036 1448 2085 Δεῖν
1490 2033 1546 2084 δὲ
1595 2033 1767 2100 αὐτὴν
1811 2035 1873 2082 ὲκ

299 2128 506 2189 παντὸς
546 2126 750 2196 τρόπου
803 2127 861 2178 ἐν
903 2128 972 2196 τῇ
1032 2125 1337 2194 Ἀρμενίων
1365 2125 1688 2193 ἀνευρόντα,
1747 2121 1878 2190 παρ’

304 2218 470 2275 αὐτὸν
517 2219 887 2288 ἀναπέμπειν.
919 2218 981 2270 Εἰ
1007 2217 1063 2271 δὲ
1095 2219 1190 2270 καὶ
1220 2217 1416 2285 ἑαυτῷ,
1447 2216 1606 2286 φησὶ,
1638 2213 1876 2270 συνοικί-

303 2327 483 2376 carro,
511 2313 606 2364 καὶ
634 2309 793 2364 τοῦτο
821 2308 985 2366 αὐτὸν
1013 2308 1306 2379 εὐφρανεῖν
1327 2306 1478 2360 οὐδὲν
1507 2300 1693 2379 ἧττον.

365 2485 466 2541 18'.
496 2485 684 2540 Ταῦτα
736 2485 928 2557 ἐπειδὴ
981 2483 1057 2546 ὡς
1095 2483 1188 2538 τὸν
1237 2482 1550 2555 Τηριδάτην
1597 2481 1874 2552 τὰγράμοο

295 2595 442 2650 ματα
469 2572 626 2651 ἧκεν,
673 2577 926 2648 ἀνίχνευε
975 2577 1076 2639 τὰς
1105 2576 1408 2644 παρθένους
1448 2576 1652 2636 ἐκεῖνος
1695 2590 1876 2644 παρα-

293 2671 488 2745 χρῆμα
504 2673 599 2724 καὶ
621 2669 919 2740 ἀνηρεύνα.
951 2669 1039 2732 Ὠς
1063 2669 1118 2721 δὲ
1144 2669 1240 2721 καὶ
1261 2670 1317 2720 ὲν
1340 2669 1456 2729 τοῖς
1496 2667 1676 2737 ληνοῖς
1704 2665 1874 2730 αὑτὰς

288 2745 631 2829 ’κρύπτεσθαι
656 2759 990 2828 μεμαθήκοι,
1009 2757 1188 2819 δείσας
1210 2756 1307 2825 μὴ,
1332 2757 1760 2828 προαισθόμεναι
1779 2754 1877 2824 τήν

294 2852 545 2920 ἔρευναν,
578 2849 792 2906 ἐκεῖθέν
815 2865 875 2900 τε
899 2846 1211 2916 διαφύγοιεν
1237 2849 1330 2898 καὶ
1363 2849 1420 2897 έν
1455 2846 1635 2916 ἀδήλῳ
1662 2849 1879 2916 ἀποχω-

294 2943 524 3010 ρήσωσι,
554 2941 773 3010 φρουρᾷ
801 2938 860 2990 τὸ
890 2941 1093 3007 χωρίον
1141 2935 1515 3005 διαλαμϐάνει.
1538 2937 1645 2988 Καὶ
1692 2935 1880 3004 μαθὼν

294 3033 402 3087 ὑπὸ
429 3033 536 3084 τῶν
569 3033 786 3084 ἰδόντων
826 3029 1110 3100 Ῥιψίμην,
1132 3028 1205 3092 ὡς
1231 3028 1315 3097 εἴη
1341 3027 1568 3099 περιττὴ
1586 3027 1644 3080 τὸ
1663 3025 1876 3092 κάλλος,

293 3124 392 3179 καὶ
441 3125 680 3193 χαρίτων
727 3124 963 3193 ἀφθονίᾳ⁴
1024 3123 1159 3174 πολὺ
1212 3121 1272 3173 τὸ
1310 3121 1603 3188 ἐπαγωγὸν
1661 3123 1878 3190 έχουσι,

294 3217 601 3282 ὑπετὺςςετο
631 3217 732 3287 ἤδη
768 3216 844 3286 τῷ
881 3216 1017 3286 πρὸς
1049 3215 1223 3286 αὐτὴν
1255 3215 1442 3282 ἔρωτι,
1467 3217 1556 3266 καὶ
1594 3213 1875 3284 βασιλικὰς

295 3309 437 3377 αὐτῇ
485 3307 675 3370 στολὰς
707 3307 868 3370 εὐθὺς
908 3307 999 3358 καὶ
1035 3307 1240 3376 κόσμον
1269 3305 1428 3360 ἄλλον
1462 3307 1761 3372 ἐκπέμπει,
1785 3304 1880 3356 καὶ

295 3398 514 3452 κελεύει
547 3398 644 3467 τὴν
687 3396 968 3466 Ἱίψίμην,
1001 3395 1177 3450 ταῦτα
1213 3397 1464 3459 ἐνδῦσαν,
1511 3397 1587 3456 εἰς
1615 3399 1683 3447 τὰ
1725 3395 1881 3464 βασες

294 3488 414 3543 λεια
448 3490 576 3558 παρ’
614 3488 778 3540 αὑιδν
811 3489 1008 3551 ἐλθεῖν,
1034 3488 1128 3549 τὰς
1154 3488 1210 3540 δὲ
1238 3487 1432 3549 λοιπὰς
1453 3486 1558 3540 ὑπὸ
1578 3491 1645 3556 τῇ
1669 3487 1882 3558 φρουρᾷ

297 3579 610 3646 τηρεῖσθαι.
657 3575 877 3643 Ἐκείνη
912 3577 1094 3645 μέντοι
1127 3577 1206 3645 τῷ
1238 3579 1314 3638 εἰς
1344 3576 1581 3646 Χριστὸν
1600 3575 1748 3645 πόθῳ
1770 3575 1880 3626 δια-

297 3667 608 3735 φλεγομένη
651 3666 745 3716 καὶ
794 3665 1003 3734 σφόδρα
1063 3664 1344 3734 περικαῶς
1372 3662 1540 3718 αὑτοῦ
1577 3663 1798 3734 ἔχουσα,
1824 3665 1882 3717 ὃν

295 3757 359 3828 δὴ
393 3761 486 3810 καὶ
520 3759 681 3827 μόνον
707 3757 822 3826 ᾔδει
860 3757 1115 3826 νυμφίον,
1142 3758 1260 3819 ταῖς
1297 3757 1653 3826 παραινέσεσι
1684 3774 1743 3809 τε
1787 3761 1882 3812 καὶ

298 3848 598 3918 ὑποθήκαις
636 3849 895 3917 Γαῖα-θὴς,
939 3848 1062 3920 ἥτις
1113 3848 1452 3919 ἀνεθρέψατό
1501 3866 1563 3918 γε
1603 3851 1772 3920 αὐτὴν
1817 3853 1882 3907 ἐκ

298 3939 551 4008 βρέφους,
575 3941 667 3990 καὶ
691 3942 770 4000 εἰς
797 3941 912 3990 τάδε
957 3940 1280 4011 προήγαγεν
1351 3941 1591 4010 ἡλικίας,
1617 3943 1709 3994 ἐπὶ
1750 3943 1884 4012 μᾶλο

297 4033 390 4084 λον
446 4032 813 4100 ὑπερζέουσα,
840 4031 963 4093 τούς
1010 4049 1070 4083 τε
1116 4033 1210 4084 τοῦ
1262 4034 1592 4102 μισουμένου
1652 4036 1881 4104 ἐραστοῦ

295 4121 488 4190 λόγους
518 4125 738 4194 ἐπίσης,
761 4123 857 4177 καὶ
882 4124 949 4176 τὰ
981 4122 1298 4191 πεμφθέντα
1329 4124 1572 4180 ὃιέπτυε.
1592 4127 1687 4178 καὶ
1716 4143 1885 4197 προσ-

296 4218 434 4285 ευχῇ
483 4216 622 4284 μετὰ
665 4214 774 4268 τῶν
823 4215 920 4267 σὺν
955 4216 1105 4285 ,αὐτῇ
1154 4217 1529 4285 προσανεῖχεν.
1555 4215 1647 4270 Ἐν
1675 4217 1778 4286 ὅσῳ
1828 4221 1884 4272 δὲ

295 4311 365 4361 τὰ
393 4309 489 4377 τῆς
518 4307 686 4378 εὐχῆς
714 4306 985 4375 διηνύετο,
1006 4307 1100 4359 καὶ
1131 4306 1330 4377 βροντὴ
1355 4308 1549 4379 ἀοροον
1592 4311 1884 4380 ὑπερράγη

296 4402 394 4454 καὶ
433 4400 584 4471 φωνὴ
635 4400 842 4456 ἄνωθεν
863 4403 928 4470 τῇ
956 4399 1152 4470 βροντῇ
1185 4400 1472 4470 ἀπηχεῖτο,
1516 4401 1884 4471 Ἀνδρίξεσθε,

1984 1936 2184 2005 probro
2235 1945 2289 1989 et
2337 1937 2634 2005 ignominia
2686 1947 2960 1990 errantem
3012 1936 3184 1998 obire,
3240 1953 3399 2002 quam
3442 1953 3565 1991 cum

1981 2041 2048 2079 eo
2075 2026 2338 2080 habitare.
2376 2028 2471 2080 Est
2521 2029 2666 2080 enim
2703 2027 2927 2093 femina,
2961 2028 3165 2088 aiebat,
3203 2043 3288 2081 res
3334 2028 3567 2096 decepta

1983 2117 2180 2171 facilis.
2211 2119 2458 2187 Ragabat
2493 2126 2698 2178 autem,
2735 2125 2794 2170 ut
2819 2132 2942 2170 cum
2976 2117 3236 2170 omnibus
3275 2119 3452 2171 tnodis
3483 2118 3568 2182 ip-

1983 2225 2096 2262 sam
2150 2209 2446 2263 invenisset
2496 2211 2548 2262 in
2605 2209 2906 2274 Armenia,
2957 2209 3022 2261 ad
3072 2224 3195 2262 eum
3241 2215 3564 2264 remitteret.

1981 2302 2135 2371 Quod
2163 2302 2208 2357 si
2237 2319 2356 2357 eam
2389 2316 2604 2372 quoque
2635 2302 2737 2358 sibi
2765 2303 3098 2372 conjungere
3131 2301 3338 2365 mallet,
3361 2303 3413 2356 id
3441 2318 3567 2357 eum

1981 2407 2088 2446 non
2125 2394 2326 2448 minori
2358 2393 2560 2462 gaudio
2595 2393 2944 2447 aliecturnm.

2049 2483 2192 2536 XIX.
2226 2482 2520 2551 Postquam
2563 2482 2646 2536 lue
2676 2483 2870 2536 littera:
2921 2491 3190 2538 venerunt
3233 2483 3300 2537 ad
3335 2481 3566 2537 Terida-

1982 2584 2114 2640 teut,
2148 2574 2240 2628 ille
2282 2576 2467 2628 statim
2503 2573 2743 2646 Virgines
2791 2573 3150 2644 investigabat
3182 2586 3236 2628 et
3285 2577 3566 2629 scrutaba-

1979 2673 2090 2720 tur.
2125 2663 2263 2718 Cum
2293 2678 2476 2718 autem
2501 2662 2806 2732 accepisSet
2849 2677 2943 2716 eas
2975 2663 3148 2716 latere
3185 2663 3240 2716 in
3279 2667 3566 2718 torculari-

1977 2754 2100 2821 bus,
2132 2755 2329 2808 timens
2360 2769 2453 2819 ne,
2492 2755 2538 2808 si
2570 2757 2984 2823 pra'sensissent
3007 2769 3066 2808 se
3095 2755 3286 2824 quaeri,
3307 2743 3455 2809 illinc
3471 2772 3568 2810 au-

1980 2845 2255 2916 l'ugerent,
2285 2855 2341 2900 et
2387 2846 2440 2899 in
2487 2846 2667 2901 locum
2727 2847 2996 2900 incertum
3045 2861 3119 2900 rei
3138 2847 3388 2910 ederent,
3438 2864 3563 2901 eum

1981 2935 2160 2991 locum
2195 2944 2428 3004 occupat
2458 2935 2729 3005 praesidio.
2765 2935 2980 2988 Etcum
3027 2936 3330 3004 accepisset
3377 2952 3443 2990 ex
3475 2936 3564 3000 iis,

1982 3029 2075 3102 qui
2107 3029 2356 3084 viderant
2386 3027 2707 3098 ltipsinietn,
2735 3041 2853 3080 eam
2882 3041 3002 3081 esse
3031 3027 3228 3098 insigni
3261 3029 3567 3098 pulchritu-

1985 3123 2131 3180 dine,
2161 3123 2470 3190 leporisque
2494 3130 2548 3173 et
2579 3122 2762 3190 gratia:
2779 3122 2935 3190 copia
2959 3136 3186 3190 magnas
3215 3121 3416 3174 habere
3446 3121 3564 3175 ille-

1983 3221 2201 3274 chras,
2239 3211 2349 3279 jam
2383 3211 2438 3263 in
2490 3211 2610 3278 ejus
2659 3226 2898 3263 antorem
2939 3219 3224 3264 exarserat
3255 3224 3266 3259 ε
3297 3221 3353 3265 et
3392 3211 3568 3281 regias

1983 3313 2236 3374 protinus
2276 3303 2344 3356 ad
2377 3319 2495 3356 eam
2531 3312 2729 3363 vestes,
2760 3311 2814 3355 et
2845 3302 3012 3355 alium
3045 3305 3304 3357 mundum
3323 3305 3521 3358 emittit
3549 3323 3563 3358 :

1982 3405 2037 3449 ct
2066 3397 2221 3464 jubet
2252 3393 2556 3464 liipsitnetn
2587 3395 2669 3448 his
2700 3397 2944 3448 indutam
2996 3396 3061 3449 ad
3096 3413 3155 3449 se
3187 3398 3374 3452 venire
3403 3399 3455 3451 in
3478 3415 3567 3452 re-

1983 3489 2144 3557 giam,
2185 3488 2418 3552 reliquas
2476 3495 2659 3539 autem
2711 3488 2882 3538 teneri
2929 3487 3200 3541 custodia.
3238 3486 3328 3540 illa
3384 3500 3477 3542 aut
3515 3507 3565 3542 tn

1982 3578 2189 3633 Christi
2226 3578 2446 3632 incensa
2498 3577 2797 3641 desiderio,
2863 3586 2917 3629 et
2973 3577 3093 3642 ejus
3141 3592 3328 3630 amore
3371 3578 3568 3633 ardens

1983 3685 2146 3738 quem
2173 3669 2338 3722 etiam
2363 3667 2539 3720 solum
2586 3675 2814 3720 noverat
2859 3682 3146 3734 sponsum,
3183 3669 3565 3722 suasionbus-

1959 3747 2090 3832 (que
2121 3770 2176 3814 et
2211 3758 2433 3814 monitis
2480 3757 2722 3822 Gaianae,
2766 3773 2886 3827 qua:
2925 3766 2979 3811 et
3033 3759 3202 3826 ipsam
3241 3760 3452 3813 aluerat
3497 3763 3567 3814 ab

1985 3851 2238 3915 infantia,
2275 3859 2330 3903 et
2354 3852 2420 3903 ad
2452 3865 2569 3903 eam
2600 3849 2933 3914 perduxerat
2977 3859 3217 3915 :Btalcut,
3248 3853 3422 3920 magis
3451 3851 3564 3904 fer-

1987 3957 2147 4007 vens,
2182 3955 2337 4009 reque
2361 3948 2415 3994 et
2455 3941 2616 3994 verba
2645 3942 2786 4008 ejus,
2819 3943 2910 4010 qui
2945 3951 3061 3996 erat
3093 3943 3143 3996 ei
3169 3943 3313 4004 odio,
3352 3955 3565 3999 amato-

1985 4037 2082 4098 ris,
2111 4043 2164 4086 et
2187 4049 2308 4102 qum
2338 4032 2505 4087 missa
2541 4033 2760 4086 fuerant
2789 4035 3119 4088 abhorrebat
3149 4045 3203 4089 et
3247 4039 3564 4106 respuebat,

1988 4136 2043 4180 et
2077 4141 2200 4179 cum
2232 4124 2320 4186 iis,
2349 4139 2470 4192 quae
2499 4138 2682 4177 secum
2720 4134 2898 4188 erant,
2930 4125 3155 4180 vacabat
3187 4129 3440 4181 orationi.
3480 4131 3566 4182 lti-

1991 4221 2147 4274 terim
2202 4231 2382 4272 autem
2427 4217 2554 4270 dum
2599 4219 2955 4288 peragebatur
2993 4220 3188 4282 oratio,
3222 4225 3425 4274 tonitru
3477 4237 3567 4274 re-

1990 4321 2154 4381 pente
2195 4309 2397 4378 erupit.
2433 4317 2489 4362 et
2538 4324 2642 4363 vox
2683 4310 2920 4378 desuper
2971 4325 3000 4364 e
3038 4313 3238 4365 tonitru
3301 4313 3567 4374 resanuit,

1990 4403 2179 4458 dicens
2211 4419 2224 4455 :
2262 4401 2448 4455 Estote
2484 4401 2610 4455 forti
2640 4403 2848 4462 animo,
2882 4411 2937 4456 et
2967 4403 3242 4460 conﬁdite.
3265 4403 3396 4459 Sum
3420 4409 3566 4460 enim

296 4490 558 4558 λέγουσα,
579 4492 676 4543 καὶ
722 4491 779 4543 Oa
796 4494 1002 4561 ροείτε,
1031 4490 1149 4561 μεθ’
1174 4491 1325 4560 ὑμῶν
1355 4493 1469 4559 γὰρ
1493 4491 1609 4560 είμι
1628 4505 1642 4518 ·
1670 4491 1762 4542 καὶ
1789 4508 1879 4560 φυ-

1994 4496 2276 4550 vobiscum
2305 4514 2316 4549 :
2353 4501 2410 4547 et
2439 4493 2899 4547 conservabimini
2947 4493 3083 4548 mihi
3128 4496 3347 4550 intactae
3379 4497 3448 4550 ab
3481 4497 3568 4550 in-

296 4583 635 4654 λαχοήσεσθέ
677 4599 768 4653 μοι
803 4582 1071 4649 ἀνέπαφοι
1105 4583 1224 4645 ταῖς
1245 4581 1339 4634 τοῦ
1365 4581 1561 4650 ἐχθροῦ
1584 4581 1888 4651 ὲπηρείαις,

298 4676 398 4729 καὶ
419 4673 796 4726 είσελεύσεσθε
833 4672 951 4744 μετ’
973 4671 1107 4742 ἐμοῦ
1130 4675 1210 4734 είς
1235 4673 1324 4724 τὸν
1343 4671 1610 4742 νυμφῶνα
1627 4673 1718 4724 τὸν
1736 4674 1886 4743 ἐμὸν,

303 4769 402 4824 καὶ
437 4768 533 4836 τὴν
579 4765 999 4836 ἡτοιμασμένην
1052 4764 1182 4833 ὑμῖν
1211 4763 1561 4832 ἀπολήψεσθε
1583 4762 1887 4832 βασιλείαν.

297 4859 488 4914 Ταῦτα
535 4858 570 4928 ή
596 4873 655 4909 τε
695 4855 848 4925 φωνὴ
868 4855 1043 4923 ἔλεγε,
1065 4855 1157 4908 καὶ
1187 4857 1218 4924 ή
1253 4854 1451 4923 βροντὴ
1475 4854 1701 4922 φοϐερὸν
1727 4855 1888 4907 ἐκτύ-

297 4969 414 5014 πει,
443 4955 538 5003 καὶ
557 4949 652 5001 ἐπὶ
679 4946 1010 5017 mleﬁcum
1035 4946 1524 5016 συμπαρετείνετο,
1543 4945 1636 4998 καὶ
1661 4945 1887 5008 πολλοὺς

299 5044 402 5113 μὲν
417 5044 482 5094 ὲκ
497 5039 590 5092 τοῦ
607 5039 871 5108 αἰφνιδίου
888 5041 952 5107 τῇ
971 5039 1108 5107 ἀκοῇ
1131 5038 1522 5107 προσραγεῖσα,
1540 5037 1620 5099 εἰς
1640 5037 1744 5104 γῆν
1759 5054 1886 5089 κατε

297 5133 484 5198 έλαϐε,
503 5133 598 5188 καὶ
640 5131 702 5182 τὸ
738 5129 1074 5199 φθέγγεσθαι
1093 5128 1272 5180 αὐτῶν
1294 5127 1566 5195 ἀφείλετο,
1591 5127 1816 5190 πολλοὺς
1835 5126 1890 5179 δὲ

299 5227 494 5288 ἱππεῖς
514 5226 610 5278 καὶ
630 5221 812 5276 αὐτῶν
835 5221 1076 5276 ἀπέϐαλε
1100 5221 1209 5274 τῶν
1231 5219 1436 5286 ἵππων,
1451 5219 1545 5273 καὶ
1565 5220 1890 5291 περιϐάντες

295 5321 497 5380 αὐτοὺς
527 5316 624 5371 καὶ
655 5315 1116 5386 συμπατήσαντες
1142 5315 1191 5366 oi
1218 5312 1396 5375 ἵπποι,
1421 5312 1756 5365 ἀπέκτειναν
1792 5313 1888 5365 καὶ

294 5411 434 5470 ὅλως
465 5406 769 5478 ἐθορύϐησε
802 5407 924 5466 τοὺς
975 5405 1254 5474 παρόντας
1290 5404 1394 5467 καὶ
1440 5404 1519 5462 εἰς
1567 5403 1881 5471 ἀμηχανίαν

296 5503 577 5555 ἐνέϐαλεν.
604 5503 667 5554 Οἱ
703 5498 889 5570 μέντοι
932 5497 1068 5569 πρὸς
1102 5496 1197 5550 τοῦ
1253 5495 1517 5565 βασιλέως
1579 5493 1881 5563 Τηριδὰτου

1081 5589 1340 5659 Ῥιψίμην
1400 5585 1880 5657 μετακαλέσονται,

297 5595 587 5656 σταλέντες
663 5592 750 5661 ἐφ’
892 5592 992 5661 τὴν

371 5799 389 5830 ⁵
422 5794 621 5851 Matth.
651 5811 700 5856 χ,
737 5796 826 5850 ἓῦ.

1995 4587 2230 4642 sultibus
2271 4583 2499 4646 inimici,
2523 4593 2577 4637 et
2613 4584 2991 4652 ingrediemini
3030 4600 3242 4639 mecum
3293 4587 3346 4640 in
3380 4602 3566 4641 meum

1990 4677 2324 4736 thalamum,
2369 4681 2423 4726 ct
2473 4673 2754 4739 accipietis
2808 4690 3038 4743 regnum
3087 4677 3243 4730 vobis
3291 4688 3567 4745 paratum.

1988 4769 2112 4823 llaac
2141 4779 2195 4821 et
2236 4781 2336 4819 vox
2369 4764 2604 4828 dicebat,
2640 4773 2694 4818 et
2723 4766 2927 4820 tonitru
2963 4768 3255 4822 resonabat
3288 4769 3569 4837 horribili:

1990 4867 2090 4925 ter,
2124 4868 2178 4912 et
2198 4872 2302 4911 una
2335 4873 2459 4910 cum
2508 4871 2571 4910 ea
2604 4858 2694 4910 diu
2736 4857 2890 4911 alluit
2925 4876 2938 4912 :
2985 4868 3042 4914 et
3087 4860 3292 4914 multos
3322 4860 3566 4929 quidem,

1991 4965 2115 5003 cum
2152 4960 2373 5017 repente
2427 4949 2702 5017 erupisset
2743 4951 2808 5001 ad
2842 4963 3025 5014 aures,
3062 4950 3209 5004 humi
3252 4951 3472 5020 dejecit,
3512 4962 3566 5008 et

1990 5055 2300 5098 sermonem
2338 5039 2417 5094 eis
2449 5040 2674 5095 abstulit
2703 5057 2716 5093 :
2752 5041 2881 5109 quin
2913 5041 3078 5094 etiam
3127 5040 3328 5097 multos
3353 5043 3571 5113 equites

1996 5134 2158 5202 ejecit
2216 5148 2280 5186 ex
2329 5133 2460 5202 ipsis
2511 5132 2689 5202 equis,
2746 5149 2884 5202 quos
2932 5133 3093 5202 equi,
3135 5135 3464 5191 insultantes
3515 5149 3572 5192 et

1992 5225 2395 5286 coneultantes.
2426 5225 2748 5278 occiderunt
2778 5242 2792 5278 :
2827 5233 2882 5278 et
2927 5225 2993 5278 ad
3035 5239 3308 5280 summum
3343 5237 3568 5282 contur-

1988 5318 2139 5373 bavit
2193 5317 2410 5386 penitus
2476 5330 2572 5369 eos
2617 5316 2709 5383 qui
2774 5317 3036 5380 aderant,
3077 5331 3280 5386 eosque
3333 5319 3565 5372 reddidit

1987 5408 2156 5463 animi
2186 5406 2379 5461 dubios
2403 5417 2457 5459 et
2488 5407 2789 5478 perplexas.
2815 5409 2915 5472 Qui
2945 5417 3124 5462 autem
3164 5409 3312 5464 missi
3347 5409 3564 5464 fuerant

1989 5516 2018 5554 a
2056 5515 2180 5569 rege
2231 5496 2508 5562 Teridate,
2540 5506 2597 5550 ut
2652 5511 2998 5555 accerserent
3028 5501 3347 5571 Ripsimem,
3383 5503 3568 5555 animo

1991 5591 2298 5657 conterriti,
2336 5599 2687 5644 revertuntur
2723 5592 2790 5645 ad
2823 5608 3003 5668 regem
3041 5594 3293 5648 deorsum
3343 5593 3565 5647 intuen-
