4060 6442
521 349 625 414 961

1760 342 2043 405 MENSIS
2081 340 2552 402 SEP’l'EliBllR.

3673 345 3767 409 963

521 472 624 522 tes.
655 468 710 514 et
738 457 787 513 ci
818 456 1134 512 renuntiant
1165 469 1227 510 ea
1273 467 1393 524 quae
1436 453 1574 508 facta
1604 451 1845 517 fuerant,
1875 463 1931 508 et
1961 453 2102 522 quod

2214 453 2383 523 φόϐου
2423 452 2520 514 τὰς
2582 450 2762 521 ψυχὰς
2819 449 3284 523 ὑποπλησθέντες,
3319 451 3577 507 ἐπανίασι
3635 459 3777 511 κάτω

519 565 622 607 nec
661 550 934 618 acciperet
973 546 1219 615 Ripsime
1244 560 1306 598 ea
1367 559 1487 614 quae
1535 544 1699 598 missa
1728 543 1966 605 fuerant,
1999 557 2102 598 nec

519 642 747 696 omnino
769 642 835 696 ad
866 655 991 695 eum
1040 638 1228 693 venire
1274 638 1327 691 iu
1370 638 1615 690 animum
1664 636 1970 691 induceret.
2009 634 2104 688 Ille

519 742 701 788 autem
729 733 885 786 valde
918 731 1199 793 eﬂ‘eratus,
1226 739 1283 782 et
1310 728 1445 782 nihil
1491 729 1736 796 cogitans
1761 741 1948 781 eorum
1980 741 2104 796 quae

523 823 911 880 renuntiabant
934 822 1043 876 illis
1086 821 1343 876 evenisse
1375 819 1671 888 (quomodo
1696 818 1844 872 enim
1877 818 1931 870 id
1954 816 2100 871 lace-

518 916 809 970 rctonima
853 930 1039 968 amore
1084 913 1236 967 ebria
1255 912 1323 977 ἲ),
1373 925 1551 979 neque
1590 911 1859 965 reveritus
1904 912 2104 979 probro

518 1008 736 1061 allicere
769 1006 1037 1074 virginem
1076 1022 1089 1058 :
1122 1004 1228 1057 Sed
1276 1019 1395 1069 vos,
1431 1002 1630 1072 inquit,
1682 1019 1800 1056 eam
1847 1003 1930 1056 vel
1968 1001 2106 1055 invi-

518 1109 628 1155 tam
664 1099 936 1152 adducite.
966 1097 1045 1151 llh
1072 1112 1202 1167 ergo
1232 1111 1357 1150 cum
1390 1110 1550 1164 quam
1583 1094 1848 1149 citissime
1870 1108 2105 1148 concur-

518 1190 720 1244 rissent
749 1190 814 1243 ad
846 1189 1168 1257 Ripsimem,
1202 1197 1259 1241 et
1292 1202 1410 1240 eam
1447 1185 1586 1239 alius
1617 1185 1839 1238 aliunde
1870 1186 2104 1253 prehen-

519 1283 749 1348 dissent,
783 1292 840 1337 et
870 1297 1063 1350 magna
1094 1282 1144 1334 vi
1190 1280 1355 1335 simul
1408 1280 1787 1342 attraxissent.
1810 1280 1876 1333 ad
1921 1293 2101 1349 regem

519 1376 817 1429 adducunt.
857 1373 947 1428 llla
981 1383 1183 1436 autem.
1210 1372 1425 1427 etiamsi
1478 1373 1557 1426 sic
1590 1380 1770 1440 capta,
1803 1381 1858 1424 et
1897 1372 1964 1425 ad
1997 1370 2102 1424 hoc

522 1466 723 1517 malum
769 1474 916 1519 esset
964 1465 1204 1526 redacta,
1239 1478 1435 1533 magno
1475 1471 1529 1517 et
1577 1461 1700 1515 forti
1749 1460 1934 1514 animo
1972 1460 2101 1515 illud

522 1558 755 1609 canebat
813 1572 828 1610 :
892 1574 911 1607 ε
944 1554 1106 1625 Eripe
1152 1570 1183 1608 a
1236 1555 1573 1622 rliompliaea,
1621 1554 1830 1618 dicens,
1863 1552 2103 1607 animam

520 1634 723 1707 ineant,
764 1651 818 1697 et
862 1658 892 1698 a
935 1659 1099 1697 manu
1142 1642 1295 1696 canis
1350 1644 1687 1713 unigenitam
1737 1643 1959 1696 nicam':
1989 1660 2008 1693 ι
2048 1650 2105 1695 et

521 1734 815 1791 invocabat
846 1749 1048 1788 nomen
1076 1733 1261 1803 sponsi
1296 1732 1689 1788 desiderabilis.

588 1910 710 1966 XX.
742 1909 1037 1979 Postquam
1071 1919 1252 1964 autem
1291 1907 1395 1963 fuit
1423 1907 1477 1963 in
1510 1908 1626 1979 ipso
1656 1907 1909 1963 cubiculo
1932 1905 2103 1978 regio,

520 2005 709 2057 oculos
752 2003 816 2057 ad
859 2003 1137 2055 Christum
1188 2016 1312 2054 cum
1360 2009 1544 2054 mente
1573 2001 1850 2064 attollens,
1884 2014 2106 2053 revoca-

523 2094 616 2146 bat
664 2095 720 2146 in
776 2093 1091 2146 memoriam
1136 2091 1428 2153 mirabilia,
1461 2091 1749 2159 quaelacta
1787 2092 2003 2142 fuerant
2048 2087 2103 2141 in

521 2184 710 2240 Rubro
741 2183 878 2237 mari
914 2191 970 2236 et
1017 2182 1311 2237 solitudine
1349 2197 1363 2233 :
1392 2190 1446 2233 et
1491 2180 1684 2234 .lonam
1718 2180 2019 2234 adducebat
2051 2181 2105 2232 in

525 2280 767 2332 medium
815 2291 938 2330 cum
995 2274 1277 2344 naufragio
1326 2274 1656 2336 admirabili,
1710 2283 1783 2337 et,
1835 2287 1957 2342 qua
2006 2273 2110 2327 l'uit

523 2374 720 2438 praeter
758 2366 1113 2435 Opinionem,
1155 2363 1277 2431 ejus
1332 2362 1391 2415 in
1438 2363 1603 2416 vitam
1649 2362 2054 2416 revocationeru
2089 2379 2104 2415 :

525 2458 761 2510 tianielis
821 2465 877 2510 et
916 2456 1078 2508 trium
1124 2453 1449 2506 meminerat
1501 2467 1795 2521 puerorum
1830 2460 1887 2505 et
1913 2466 2108 2520 quem-

521 2548 814 2601 admodum
857 2546 932 2599 illi
965 2555 1223 2615 tanquam
1257 2545 1312 2598 in
1365 2546 1537 2599 herba
1568 2546 1777 2599 roscida
1809 2546 1863 2598 in
1887 2544 2106 2600 ﬂamma

522 2642 886 2695 incedebant:
912 2638 1110 2693 deinde
1137 2639 1304 2692 etiam
1331 2636 1597 2693 Susanna:
1627 2639 1904 2693 referebat
1932 2638 2107 2693 [actas

521 2733 774 2797 insidias,
804 2740 859 2785 et
888 2732 1322 2799 redemptionem
1359 2745 1374 2782 :
1403 2738 1463 2783 et
1508 2730 1607 2784 sibi
1638 2730 1872 2784 similem
1912 2730 2107 2786 adesse

520 2826 824 2891 adjutorem
870 2823 1094 2890 petebat
1133 2822 1186 2874 in
1238 2835 1371 2875 casu
1416 2820 1601 2875 simili.
1655 2820 1882 2874 Interim
1921 2829 2104 2874 autem

523 2933 577 2971 in
610 2915 925 2970 cubiculum
956 2916 1261 2985 ingressam
1308 2913 1617 2968 Teridatem
1656 2915 1864 2968 invadit
1892 2914 2108 2984 gravior

522 3011 734 3063 daemon
793 3008 1251 3077 intemperantiae,
1289 3015 1647 3076 amenterque
1676 3014 1730 3060 et
1771 3007 1964 3060 insane
1997 3022 2106 3073 pra:

524 3116 612 3156 am
654 3115 710 3153 re
741 3100 1103 3165 exclamabat,
1131 3109 1187 3153 et
1217 3099 1464 3152 ardebat.
1499 3107 1549 3152 et
1578 3098 1918 3167 eliquabatur
1951 3117 1965 3152 :
2002 3098 2106 3151 illi-

524 3193 808 3259 cichatque
834 3191 1156 3258 llipsimem,
1180 3188 1300 3244 et'ei
1322 3190 1725 3253 blandiebatur,
1745 3201 1800 3245 et
1816 3189 2104 3244 valerrime

525 3285 782 3338 omnibus
819 3283 996 3335 modis
1046 3296 1164 3334 eam
1215 3281 1651 3352 aggredicbatur.
1698 3282 1791 3335 illa
1838 3289 2020 3335 autem
2050 3291 2106 3335 et

523 3379 876 3430 accedentem
933 3374 1312 3437 aversabatur,
1370 3383 1424 3428 et
1480 3376 1611 3428 dum
1665 3388 1785 3427 eam
1834 3381 2101 3442 tangeret,

521 3481 664 3536 a-gre
694 3466 922 3529 terebat,
954 3474 1011 3518 et
1044 3464 1245 3519 collum
1270 3464 1684 3526 extendentem,
1719 3471 1778 3517 ut
1810 3464 2105 3532 impudicis

523 3559 866 3611 oscularetur
904 3558 1093 3620 labris,
1129 3573 1237 3610 non
1269 3559 1603 3627 sustinebat,
1626 3565 1685 3609 ut
1709 3557 1934 3611 decebat
1959 3566 2103 3609 recte

520 3650 824 3704 institutam
884 3650 1150 3718 virginem
1197 3665 1211 3702 :
1258 3650 1484 3719 ejusque
1544 3646 1726 3702 vultus
1780 3651 2105 3718 iniplebatur

521 3742 750 3813 pudore,
792 3752 848 3797 et
898 3744 1112 3796 acerbis
1180 3743 1360 3795 verbis
1409 3741 1777 3795 insectabatur
1822 3741 2101 3796 hominem

521 3836 877 3905 impudicum,
910 3842 965 3887 et
1009 3846 1272 3902 sponsum
1300 3838 1528 3886 vocabat
1547 3832 1849 3897 Christum,
1868 3842 1929 3886 et
1959 3834 2103 3886 illius

520 3926 835 3982 lcrventiori
857 3940 1043 3979 amore
1074 3925 1468 3979 incendebatur
1496 3940 1510 3976 :
1537 3933 1593 3978 et
1625 3934 1684 3975 ut
1708 3924 1894 3992 paucis
1920 3924 2105 3978 absol-

520 4034 666 4083 vam,
697 4018 978 4087 superavit
1005 4032 1153 4079 eum,
1181 4018 1272 4085 qui
1305 4023 1453 4068 tanta
1479 4023 1599 4068 erat
1621 4015 2017 4084 magnitudine,
2046 4025 2104 4069 et

521 4112 687 4167 tantis
729 4111 954 4175 viribus,
995 4119 1051 4161 ct
1100 4122 1293 4179 puram
1350 4122 1551 4177 sponso
1586 4106 1808 4160 Christo
1857 4111 2103 4177 corporis

522 4203 987 4274 pulchritudinem
1023 4211 1078 4254 et
1122 4201 1320 4253 anima:
1350 4199 1694 4253 conservavit
1734 4199 2098 4257 nobilitatem.

522 4294 614 4349 Sic
635 4295 774 4348 nihil
806 4304 889 4347 est
917 4308 1073 4361 aeque
1100 4293 1538 4363 inexpugnabile,
1559 4302 1723 4362 atque
1748 4296 1800 4348 in
1821 4292 2101 4348 Christum

521 4387 895 4442 benevolentia
921 4397 977 4444 et
1008 4403 1132 4458 spes
1161 4403 1174 4439 :
1198 4387 1396 4454 quibus
1420 4385 1461 4439 si
1499 4394 1547 4439 te
1573 4386 1749 4439 solum
1781 4385 2096 4449 armaveris,

2204 545 2453 607 νεύοντες
2486 545 2619 611 πρὸς
2650 544 2740 596 τὸν
2765 541 3016 612 βασιλέα.
3040 544 3136 599 καὶ
3170 544 3320 614 αύτῷ
3373 545 3782 613 ἀπαγγέλλουσι

2202 638 2272 691 τὰ
2309 639 2673 706 γεγενημένα,
2707 638 2795 688 καὶ
2824 634 2901 698 ὡς
2937 633 3064 687 οὔτε
3137 634 3351 701 {Latro
3388 637 3422 706 ἠ
3465 635 3690 708 Ῥιψίμη
3717 639 3785 694 τά

2205 728 2549 797 πεμφθέντα,
2574 726 2688 780 οὔθ’
2710 728 2845 789 ὅλως
2872 728 3282 797 παραγενέσθαι
3298 728 3606 798 ἀνάσχοιτο.
3622 727 3681 782 '0
3703 730 3786 793 δὲ,

2205 821 2460 892 χαλεπῶς
2492 820 2758 889 ἀγριάνας
2795 821 2889 873 καὶ
2933 820 3104 890 μηδὲν
3144 822 3284 890 μήτε
3340 815 3415 873 ὧν
3440 821 3785 891 ἀπήγγειλαν

2205 914 2354 984 αύτῷ
2396 912 2690 984 συμϐαλὼν
2715 914 2856 983 (πῶς
2889 914 3000 982 γὰρ
3046 914 3212 983 ἔρωτι
3256 914 3533 981 μεθύουσα
3584 914 3788 983 damn);

2210 1004 2340 1073 μήτ’
2367 1003 2621 1072 αίσχίναι
2656 1003 2755 1072 τὴν
2781 1002 3051 1070 παρθέννν
3081 1001 3426 1072 εὐλαϐηθεί,ο
3462 1003 3602 1060 Ἀλλ’
3631 1006 3792 1073 (ipsi;

2206 1096 2444 1164 ἀγάγετε
2476 1094 2683 1164 ταύτην
2716 1096 2808 1148 καὶ
2843 1097 3106 1162 ἄκουσαν,
3161 1096 3290 1163 ἔφη.
3335 1092 3495 1151 Οὗτοι
3523 1096 3654 1163 γοῦν
3685 1097 3795 1164 τὴν

2203 1191 2470 1257 ταχίστην
2496 1189 2589 1240 επὶ
2622 1186 2721 1257 τὴν
2757 1185 3021 1256 Ῥιψίμην
3054 1186 3483 1258 συρῤεύσαντες,
3505 1187 3600 1241 καὶ
3625 1186 3796 1249 ἄλλης

2204 1277 2426 1335 ἄλλοθεν
2457 1277 2745 1345 λαϐόμενοι
2766 1278 2969 1345 ταύτης
2996 1280 3089 1331 καὶ
3122 1278 3217 1349 βίᾳ
3244 1277 3413 1347 πολλῇ
3440 1294 3794 1331 συνεπισπα-

2208 1372 2435 1441 σάμενοι
2460 1368 2539 1439 τῷ
2586 1368 2796 1438 βασιλεί
2862 1369 3229 1439 παριστῶσιν.
3271 1370 3334 1424 Ἦ
3367 1369 3424 1423 δὲ
3475 1370 3569 1421 καὶ
3606 1368 3795 1435 οὕτως

2203 1465 2614 1531 ἀπολειφθεῖσα,
2657 1466 2749 1516 καὶ
2800 1463 2883 1526 είς
2930 1462 3090 1515 τοῦτο
3134 1461 3306 1515 κακοῦ
3340 1463 3667 1532 περιστᾶσα,
3695 1462 3781 1514 ἀν

2205 1555 2493 1626 δρειότατα
2525 1556 2571 1608 δ’
2604 1552 2701 1609 οὖν
2752 1556 2904 1623 ὅμως
2944 1556 3120 1606 ὲκεῖνο
3149 1553 3319 1623 ὺπῇδε
3342 1593 3357 1617 ,
3394 1570 3412 1603 ι
3465 1552 3652 1605 Ῥῦσαι
3677 1554 3800 1606 ἀπὸ

2210 1647 2507 1717 ῥομφαίας,
2534 1646 2768 1715 λέγουσα
2793 1645 2892 1716 τὴν
2913 1645 3091 1715 ψυχήν
3116 1662 3240 1714 μου,
3259 1646 3353 1698 καὶ
3377 1649 3440 1698 ὲκ
3477 1646 3660 1714 χειρός
3692 1662 3801 1698 xu-

2202 1742 2293 1803 νὸς
2327 1743 2427 1808 τὴν
2465 1738 2726 1809 μονογενῆ
2757 1754 2881 1808 μου,
2920 1755 2940 1789 ›
2989 1736 3167 1790 καὶτὸ
3199 1738 3374 1806 ὄνομα
3407 1735 3503 1790 τοῦ
3534 1736 3797 1793 ποθεινοῦ

2135 1796 2178 1850 Β
2210 1796 2445 1898 νυμφίου
2465 1796 2764 1882 ’ὲπεέοᾶτοί

2280 1919 2365 1975 ις’.
2401 1920 2618 1990 Ἐπειδὴ
2649 1920 2706 1972 δὲ
2740 1921 2835 1973 καὶ
2868 1918 3037 1973 αὑτοῦ
3060 1919 3213 1973 ενδον
3242 1920 3462 1988 ἐγένετο
3490 1918 3582 1974 τοῦ
3626 1920 3799 1992 βασι-

2206 2014 2355 2067 λείου
2392 2012 2674 2077 κοιτῶνος,
2702 2012 2830 2075 τοὺς
2866 2011 3185 2081 ὀφθαλμοὺς
3215 2013 3440 2084 Χριστῷ
3474 2014 3616 2083 μετά
3675 2015 3800 2068 τῶν

2209 2107 2423 2176 φρενῶν
2473 2104 2810 2174 ἀνασχοῦσα,
2856 2104 2968 2157 τῶν
3011 2104 3155 2159 κατά
3207 2107 3306 2173 τὴν
3354 2105 3566 2175 ἔρημον
3623 2107 3803 2160 αὐτὸν

2208 2200 2590 2269 ἀνεμίμνησκε
2631 2196 2979 2266 θαυμασίων,
3000 2196 3097 2249 καὶ⁵
3125 2197 3217 2250 τὸν
3252 2198 3442 2251 Ἰωνᾶν
3491 2201 3571 2263 είς
3622 2204 3803 2270 μέσον

2207 2292 2502 2363 παρήγαγε
2532 2292 2675 2359 μετά
2717 2288 2811 2341 τοῦ
2851 2287 3173 2359 θαυμαστοῦ
3226 2290 3491 2359 ναυαγίου
3530 2290 3627 2344 καὶ
3687 2291 3802 2360 τῆς

2208 2382 2514 2454 παραδόξου
2575 2378 2965 2442 ἀναϐιώσεως·
3022 2379 3117 2432 τοῦ
3172 2380 3375 2449 Δανιήλ
3421 2396 3482 2433 τε
3536 2381 3633 2433 Li.
3678 2382 3802 2434 τῶν

2207 2475 2376 2545 τριῶν
2405 2476 2681 2544 ἐμέμνητο
2704 2470 2929 2535 παίδων,
2956 2471 3051 2525 καὶ
3078 2471 3227 2534 ὅπως
3265 2471 3340 2533 ῶς
3373 2473 3467 2524 ἐπὶ
3515 2472 3802 2543 δροσερᾶς

2209 2569 2348 2630 πόας
2381 2569 2579 2620 ἐκείνοι
2608 2566 2710 2637 τῆς
2738 2564 2937 2633 φλογὸς
2976 2564 3218 2629 ἔδαινον,
3261 2559 3381 2618 εἶτα
3416 2566 3511 2617 καὶ
3540 2565 3641 2635 τῆς
3675 2566 3800 2617 Σευ-

2208 2664 2411 2731 σάννης
2434 2659 2637 2730 διεξῄει
2668 2658 2767 2728 τὴν
2796 2656 3090 2728 ἐπιϐουλὴν
3122 2657 3219 2710 καὶ
3242 2656 3342 2727 τὴν
3374 2657 3801 2729 ἀπολύτρωσιν,

2209 2760 2303 2812 καὶ
2336 2759 2524 2827 ὅμοιον
2553 2753 2691 2820 αὐτῇ
2722 2751 3075 2819 παραστῆναι
3113 2749 3306 2820 βοηθὸν
3339 2751 3399 2802 ὲν
3428 2752 3646 2822 ὁμοίαις
3665 2750 3800 2823 ᾔτει

2207 2852 2325 2911 ταῖς
2355 2846 2728 2917 περιστάσεσι.
2754 2843 2866 2896 Καὶ
2894 2843 3103 2912 μεταξὺ
3162 2843 3556 2916 είσπηδήσαντι
3581 2847 3661 2907 είς
3692 2846 3798 2897 τὸν

2208 2941 2441 2995 κοιτῶνα
2469 2937 2545 3004 τῷ
2589 2936 2890 3007 Τηριδατῃ,
2938 2934 3235 3005 βαρύτερος
3276 2936 3305 2988 ὁ
3349 2935 3448 3002 τῆς
3489 2936 3798 2998 ἀκολασίας

2209 3032 2474 3103 ἐμπίπτει
2516 3029 2748 3098 δαίμων,
2791 3029 2883 3081 καὶ
2934 3027 3257 3097 παράφορον
3305 3026 3409 3080 ὑπὸ
3445 3027 3540 3080 τοῦ
3583 3028 3801 3098 ἔρωτος

2131 3127 2175 3184 C
2208 3126 2304 3178 καὶ
2353 3120 2593 3193 ἐμμανὲς
2628 3118 2847 3184 ἀνεϐόα,
2895 3121 2990 3173 καὶ
3026 3118 3399 3188 διεφθὲγγετο,
3427 3123 3522 3172 καὶ
3552 3123 3803 3191 κατετὴ-

2209 3233 2368 3271 κετο·
2402 3217 2492 3269 καὶ
2541 3216 2810 3284 ύπέτρεχε
2836 3213 2935 3284 τὴν
2985 3212 3242 3283 Ῥιψίμην
3275 3213 3367 3265 καὶ
3400 3212 3668 3272 ὲθώπευε.
3689 3216 3797 3267 καὶ

2210 3311 2390 3363 πάντα
2435 3309 2637 3379 τρόπον
2694 3307 3111 3376 πανουργότατα
3163 3305 3462 3376 ἐπεχείρει.
3515 3307 3577 3359 Ἦ
3607 3298 3797 3360 δὲκαὶ

2208 3401 2582 3471 ἀπεστρέφετο
2613 3399 2927 3467 προσιόντα,
2953 3399 3045 3449 καὶ
3069 3396 3376 3466 ἁπτομένου
3408 3395 3799 3466 ἐδυσχέραινε,

2209 3494 2301 3545 καὶ
2335 3492 2423 3543 τὸν
2456 3490 2657 3560 αύχένα
2688 3488 3004 3541 ἐκτείνοντα
3040 3489 3361 3550 ἀκολάστοις
3394 3488 3619 3557 φ.λῆσαι
3664 3490 3795 3558 χεί-

2206 3582 2354 3635 λεσιν
2386 3584 2485 3652 οὐχ
2514 3581 2774 3649 ὑπέμενε,
2798 3577 3146 3649 παρθενικῶς
3183 3575 3242 3630 εὖ
3270 3578 3417 3647 μάλα
3446 3581 3539 3631 καὶ
3578 3596 3797 3633 πεπαι-

2206 3676 2520 3745 δευμένωςο
2573 3672 2918 3742 ἐρυθήματος
2966 3687 3024 3722 τε
3057 3671 3333 3740 σώφρονος
3391 3670 3796 3739 ὑπεπίμπλατο

2206 3768 2306 3838 τὴν
2334 3767 2454 3834 tam
2478 3780 2490 3795 ·
2524 3766 2619 3816 καὶ
2644 3762 2900 3832 ’.ίμάςειν
2918 3761 3009 3814 τὸν
3028 3762 3326 3814 ἀκόλαστον
3353 3761 3529 3829 ἔλεγε,
3567 3765 3662 3816 καὶ
3695 3765 3797 3817 τὸν

2207 3863 2440 3929 νυμφίον
2492 3856 2677 3909 ἐκάλει
2733 3855 2991 3924 Χριστὸν,
3025 3854 3119 3906 καὶ
3175 3852 3493 3922 θερμοτέρῳ
3529 3853 3605 3924 τῷ
3648 3854 3795 3923 πρὸς

2206 3952 2413 4005 ἑκείνου
2442 3948 2605 4017 ἔρωτι
2657 3947 3008 4014 ἀνεφλέγετοο
3037 3944 3130 3997 καί
3164 3959 3218 3997 τι
3247 3946 3356 4015 γὰρ
3384 3948 3442 3997 ὲν
3477 3945 3673 4017 βραχεῖ
3691 3949 3790 4002 ταῦ

2206 4040 2460 4094 τοσούτου
2530 4040 2622 4093 τὸν
2675 4039 2840 4106 ὄγκον
2895 4037 2990 4090 καὶ
3048 4036 3366 4106 τηλικούτου
3418 4037 3515 4105 τὴν
3591 4038 3791 4112 ῥώμην

2207 4135 2499 4205 ὑπερέσχε,
2530 4134 2624 4186 καὶ
2662 4132 2902 4202 καθαρὸν
2927 4129 3006 4200 τῷ
3043 4129 3260 4201 νυμφίῳ
3307 4128 3527 4200 Χριστῷ
3579 4133 3675 4183 καὶ
3727 4132 3794 4184 τὸ

2204 4226 2298 4279 τοῦ
2340 4226 2594 4294 σώματος
2631 4224 2826 4286 κάλλος
2858 4223 2954 4275 καὶ
2983 4223 3081 4293 τὴν
3113 4221 3212 4291 τῆς
3256 4222 3436 4291 ψυχῆς
3499 4222 3791 4289 εὐγένειαν

2172 4314 2515 4369 διεσώσατο.
2541 4313 2729 4376 Οὕτως
2763 4312 2917 4365 οὐδὲν
2958 4312 3173 4382 ἄμαχον
3211 4312 3285 4375 ῶς
3334 4314 3369 4382 ἡ
3409 4312 3501 4365 ἐπὶ
3547 4313 3793 4384 Χριστὸν

2206 4406 2388 4459 εὔνοια
2427 4406 2523 4459 καὶ
2580 4406 2767 4468 ελπίςσ
2797 4407 2892 4458 καὶ
2944 4408 2993 4458 εί
3023 4406 3199 4476 ταύτῃ
3253 4406 3413 4476 μόνον
3465 4406 3691 4477 ὀπλίσῃ,
3726 4410 3787 4460 οὐ

516 4493 631 4534 non
663 4479 926 4534 accedent
950 4480 1019 4534 ad
1070 4488 1123 4533 te
1170 4478 1333 4540 mala,
1374 4491 1550 4546 neque
1593 4475 1866 4547 ﬂagellum
1905 4490 2099 4545 appro-

2205 4497 2630 4569 προσελεύσεται
2656 4497 2793 4566 πρὸς
2826 4497 2884 4549 σὲ
2916 4499 3083 4561 κακὲ,
3112 4474 3232 4557 οὐδὲ
3256 4474 3474 4569 -μάστιξ
3500 4474 3682 4567 snt-svi
3708 4500 3787 4576 τῷ

519 4569 808 4641 pinquabit
829 4570 1186 4625 tabernaculo
1223 4579 1317 4623 tuo
1348 4568 1392 4622 ⁸.
1421 4586 1439 4619 ›

592 4683 733 4739 XXI.
767 4688 812 4738 Δ
835 4684 1040 4755 virgine
1063 4698 1193 4753 ergo
1238 4682 1552 4752 turpissime
1584 4680 1761 4736 victus
1790 4678 2099 4746 Teridates,

518 4786 795 4856 egreditur
817 4782 1138 4845 ecubiculo,
1175 4790 1228 4847 et
1273 4780 1458 4835 eluere
1499 4778 1689 4833 volens
1720 4777 2099 4846 ignominiam,

519 4896 615 4940 aut
653 4886 833 4953 potius
879 4897 992 4941 non
1039 4882 1226 4936 valens
1275 4880 1560 4936 continere
1593 4878 2097 4950 intemperantiam,

519 5001 697 5055 neque
726 4986 908 5041 vivere
937 4983 1236 5047 sustinens,
1262 4984 1306 5037 si
1335 4998 1443 5037 non
1465 4985 1811 5053 impudenter
1836 4981 2098 5048 probrum

519 5090 741 5143 alTerret
770 5088 992 5158 virgini,
1030 5090 1186 5157 jubet
1209 5087 1395 5141 collari
1434 5087 1669 5141 vinctam
1710 5083 1903 5141 adduci
1940 5082 2099 5137 Gaia-

520 5206 669 5253 liam,
696 5198 752 5243 et
798 5189 932 5243 foris
967 5200 1203 5242 stantem
1243 5188 1310 5241 ad
1341 5188 1566 5256 januam
1601 5186 1720 5255 cogi
1753 5202 1783 5239 a
1831 5183 2096 5241 ministris

519 5291 751 5345 suadere
786 5290 1064 5358 ltipsimze,
1097 5305 1219 5358 qua:
1249 5297 1366 5343 erat
1415 5286 1583 5351 intus,
1617 5296 1677 5340 ut
1704 5286 2094 5367 i-egi‘pareret,

519 5407 575 5452 et
624 5396 756 5450 nulli
799 5394 901 5456 rei,
933 5408 1092 5464 quam
1142 5392 1231 5445 ille
1284 5390 1432 5454 velit,
1485 5397 1839 5459 repugnaret.
1882 5385 2103 5441 Sciebat

520 5499 666 5553 enim
686 5498 945 5554 Gaianam
983 5511 1105 5550 esse
1145 5494 1292 5548 illius
1323 5492 1663 5562 pmdagogam
1700 5500 1757 5545 et
1786 5489 2000 5559 magistr
2015 5502 2100 5541 am

521 5602 576 5656 in
611 5602 678 5657 iis
728 5616 851 5670 qua:
876 5599 1152 5669 pertinent
1189 5596 1546 5687 adivirtutem
1582 5610 1597 5645 :
1628 5593 1751 5648 etsi
1790 5593 1881 5648 illa
1925 5593 2101 5647 solum

520 5701 776 5766 voluerit,
809 5698 1107 5770 Ripsimcm
1149 5697 1282 5754 nihil
1331 5710 1451 5751 esse
1482 5693 1977 5749 contradicturam.
2013 5691 2098 5748 ln-

595 5814 617 5845 ⁸
648 5814 788 5868 Psal.
822 5829 931 5882 XXI,
961 5813 1050 5868 21.
1128 5814 1147 5845 ⁸
1176 5813 1317 5869 i’sal.
1352 5828 1437 5876 xc,
1470 5812 1523 5880 7,
1556 5810 1609 5864 8.

2206 4589 2528 4661 σκηνώματι
2582 4606 2698 4643 σου.

2275 4680 2407 4738 KA'.
2433 4681 2543 4752 Τῆς
2572 4680 2844 4750 παρθένου
2868 4680 3047 4734 τοίνυν
3069 4678 3379 4752 Τηριδάτης
3404 4680 3659 4752 αἴσχιστα
3690 4684 3785 4753 ﬁ:-

2202 4773 2597 4843 τηθεὶς,.ξξεισι
2630 4772 2726 4825 τοῦ
2780 4773 3061 4837 κοιτῶνος,
3108 4774 3205 4825 καὶ
3259 4772 3642 4827 ἀπολύσασθαι
3686 4776 3782 4847 τὴν

2202 4864 2420 4932 ἀδοξίαν
2447 4866 2666 4929 ἐθέλων,
2687 4865 2887 4935 μᾶλλον
2919 4864 2976 4916 δὲ
3013 4863 3089 4935 μὴ
3124 4863 3334 4933 στέγων
3353 4868 3454 4932 τὴν
3482 4866 3778 4919 ἀκολλσὶαν
3850 4914 3859 4919 -

2206 4955 2340 5026 μηδὲ
2367 4955 2464 5027 ζῇν
2495 4954 2820 5029 ἀνεχόμενος
2846 4955 2894 5005 εί
2927 4954 3001 5022 μὴ
3032 4954 3227 5024 ανζδην
3256 4955 3337 5017 είς
3376 4955 3477 5025 τὴν
3509 4956 3774 5026 παρθένον

2202 5046 2499 5118 ἒνυῦρίσοι,
2549 5047 2762 5098 κελεύει
2802 5045 2905 5097 ὑπὸ
2957 5046 3120 5114 κλοιῴ
3150 5049 3310 5116 ἀχθ;ῖ
3337 5063 3394 5099 σε
3424 5046 3657 5116 Γαῖανὴν
3682 5046 3765 5098 καὶ

2206 5136 2340 5205 πρὸς
2365 5137 2461 5197 τὰς
2496 5135 2663 5207 θύρας
2696 5134 2896 5198 ἔξωθεν
2929 5135 3133 5187 στᾶσαν
3163 5133 3574 5202 ἀναγκάζεσθαι
3622 5142 3761 5203 παρα

2204 5229 2312 5280 τῶν
2340 5229 2756 5298 ὑπηρετούντων
2813 5228 2960 5282 ἔνδον
3004 5226 3137 5299 οὔσῃ
3183 5232 3473 5297 παραινεῖν
3500 5233 3566 5299 τῇ
3596 5224 3772 5295 Ῥι“ξιὶο

2204 5338 2300 5390 μη.
2354 5320 2644 5390 πεισθῆναί
2694 5338 2750 5374 τε
2780 5320 2859 5390 τῷ
2922 5321 3156 5391 βασιλεῖ,
3202 5324 3296 5373 καὶ
3351 5321 3490 5392 πρὸς
3521 5322 3675 5375 οὐδὲν
3703 5314 3781 5377 ὧν

2203 5414 2417 5475 ἐκεῖνος
2480 5412 2721 5482 βούλοιτο
2772 5413 3094 5480 ἀντιλέγειν.
3153 5412 3307 5484 ’ᾙδει
3345 5413 3454 5482 γὰρ
3496 5417 3784 5483 παιδαγω-

2203 5507 2298 5571 γόν
2325 5523 2384 5558 τε
2411 5504 2644 5575 Γαῖανὴν
2671 5502 2835 5558 οὖσαν
2899 5506 3153 5577 Ῥιψίμης
3214 5505 3308 5558 καὶ
3363 5505 3688 5560 διδάσκαλον
3716 5511 3788 5563 τὰ

2200 5601 2280 5661 εἰς
2329 5598 2551 5668 ἀρετὴν,
2573 5601 2667 5651 καὶ
2714 5599 2764 5650 εί
2818 5597 2982 5667 μόνον
3015 5600 3205 5668 εκείνη
3265 5596 3548 5672 ἐθελήσετε
3612 5602 3790 5672 μηδὲν

2205 5688 2541 5757 ἀιιτεροῦσαν
2614 5686 2917 5758 Ἰνιῲίμην,
2967 5689 3186 5755 ἄθλιος,
3240 5693 3296 5753 ὃς
3354 5708 3414 5759 γε
3492 5696 3597 5745 οὐκ
3651 5695 3797 5760 ’ίμα-
