4060 6438
320 371 433 435 969

1289 366 1466 428 VITA
1506 366 1570 425 S.
1608 363 1987 424 GREGORII
2026 364 2658 429 ILLUMINATOIUS.

3473 372 3574 437 9‘0

330 506 411 542 πα
446 488 617 557 μόνης
664 482 920 552 ἡττηθεὶς
963 483 1056 550 τῆς
1124 479 1405 550 ἰἰψίμης,
1452 477 1587 531 ἀλλὰ
1624 478 1715 529 καὶ
1746 476 1905 529 Γαῖα-

2010 475 2164 539 felix,
2192 477 2284 545 qui
2317 491 2425 530 non
2454 475 2589 531 satis
2615 475 2805 531 habuit
2834 493 2862 532 a
2893 479 3007 535 sola
3030 480 3232 536 victum
3261 495 3381 537 esse
3408 484 3584 553 Bipsi-

320 582 422 650 νὴν
449 580 515 649 τῇ
550 573 744 630 ἑαυτοῦ
774 573 983 644 κεφαλῇ
1003 571 1254 639 δεύτερον
1281 571 1452 638 ἐπῆγε
1494 567 1686 622 κακόν.
1734 567 1897 628 ’Ἦτις

324 671 516 742 ἐπειδὴ
548 670 645 724 καλ⁸
675 666 946 737 παρέστη,
967 665 1229 720 ἐτύπτετο
1263 663 1362 733 μὲν
1391 661 1496 714 ὑπὸ
1526 663 1635 714 τῶν
1685 660 1896 713 ἐκείνου

320 761 640 833 δορυφόρων
664 756 755 811 διὰ
794 755 1054 825 Ῥιψίμην
1073 754 1169 808 καὶ
1194 752 1566 822 ὲσπαράττετο
1593 767 1605 778 ·
1632 751 1667 818 ὴ
1694 749 1772 815 δὲ,
1805 749 1900 802 καὶ

321 852 550 908 τοιαῦτα
600 850 910 919 πάσχουσα,
952 848 1096 915 ὅμως
1127 844 1187 898 τὸ
1234 845 1478 897 ἐναντίον
1528 844 1673 896 ἅπαν
1707 840 1898 894 ἐποίει.

336 942 744 1013 ’Δνεμίμνησκε
772 940 882 1010 γὰρ
907 938 1007 1008 τὴν
1034 934 1302 1007 παρθένον
1332 934 1439 987 τῶν
1465 933 1603 1003 πρὸς
1634 932 1726 986 τὸν
1768 932 1901 984 θεὸν

325 1033 630 1106 ὁμολογιῶν
662 1049 676 1064 ⁸
737 1032 1023 1101 ὑπέγραφε
1081 1026 1182 1098 τὴν
1246 1025 1457 1079 ἐκεῖθεν
1511 1025 1621 1078 τῶν
1675 1023 1903 1076 δικαίων

327 1126 691 1198 λαμπρότητα
710 1122 788 1192 τῷ
817 1121 981 1190 λόγῳ·
1009 1120 1109 1188 τὴν
1134 1117 1334 1187 ἡπειλη
1344 1117 1513 1185 μένην
1539 1117 1651 1173 τοῖς
1673 1113 1900 1184 φαύλοις

330 1221 557 1289 γέενναν
595 1213 865 1270 ἀντετίθει
897 1211 1080 1265 πάλιν.
1110 1209 1221 1264 Καὶ
1259 1211 1307 1262 οἱ
1346 1207 1657 1277 δορυφόροι,
1701 1202 1903 1273 μεταξὺ

329 1309 644 1378 αἰσθόμενοι
662 1306 767 1358 τῶν
785 1303 1112 1373 εἰρημένων,
1143 1301 1312 1363 λίθοις
1332 1315 1392 1351 τε
1412 1298 1583 1367 αὐτῆς
1607 1297 1905 1361 ἐκκρύουσι

326 1401 455 1463 τοὺς
477 1398 720 1460 ὀδόντας,
752 1396 848 1449 καὶ
876 1393 953 1460 τῷ
985 1391 1194 1461 βασιλεῖ
1222 1390 1288 1443 τὰ
1313 1389 1456 1442 κατά
1477 1387 1704 1457 γνώμην
1734 1387 1907 1454 ἠναγ-

326 1495 499 1560 καζον
535 1490 892 1559 φθέγγεσθαι.
923 1488 990 1540 Ἠ
1014 1486 1070 1538 δὲ
1099 1485 1290 1553 ὥσπερ
1317 1483 1590 1554 ῥωσθεῖσα
1614 1483 1735 1543 ταῖς
1767 1480 1908 1551 πληο

326 1589 455 1655 γαίς
500 1582 721 1654 μᾶλλον,
765 1579 880 1634 ἀλλ’
928 1579 1028 1632 οὐκ
1071 1577 1356 1647 ἀλγήσασα
1406 1574 1564 1638 ὅλως,
1608 1572 1702 1625 καλ⁵
1747 1572 1910 1640 ἔτερα

2006 582 2115 631 me,
2140 568 2236 622 sed
2286 570 2450 622 etiam
2506 569 2768 624 Gaianam
2815 586 2917 628 suo
2960 573 3124 642 capiti
3173 574 3474 629 secundum
3503 574 3586 628 in-

2000 659 2144 713 vexit
2181 662 2402 715 malum.
2432 663 2563 728 Qua:
2592 664 2811 733 quidem
2866 673 3152 736 postquam
3190 668 3421 731 adstitit,
3454 683 3578 721 ver-

2001 752 2294 806 berabatur
2308 754 2527 822 quidem
2554 765 2610 809 et
2638 755 2979 811 lacerabatur
2992 758 3062 811 ab
3080 758 3228 813 illius
3251 759 3582 813 sateilitibus

2002 853 2226 912 propter
2251 841 2547 913 Ripsimem
2580 864 2594 900 :
2637 847 2723 900 illa
2758 856 2939 902 autem
2971 849 3184 904 etiamsi
3222 850 3338 905 haec
3369 861 3581 919 patere-

2005 943 2114 997 tur,
2143 941 2316 989 totum
2360 945 2542 991 tamen
2595 936 2827 994 faciebat
2870 940 3088 995 illorum
3139 943 3421 1012 imperatis
3450 958 3584 997 cen-

2007 1026 2254 1078 trarinm.
2290 1027 2490 1098 Virgini
2523 1029 2668 1083 enim
2692 1031 2979 1086 revocabat
3005 1032 3058 1086 in
3079 1034 3397 1087 memoriam
3424 1042 3582 1103 pacta

2003 1124 2298 1179 conventa,
2327 1133 2449 1186 qua
2473 1134 2597 1173 eum
2646 1121 2758 1174 Deo
2787 1124 3011 1178 fecerat.
3057 1122 3410 1178 Deserihehat
3464 1140 3585 1178 ser-

2006 1222 2170 1262 mone
2193 1207 2492 1276 justorum,
2523 1210 2615 1279 qui
2676 1212 2786 1267 illic
2823 1221 2927 1279 est,
2963 1214 3314 1282 splendorem
3344 1230 3358 1267 :
3391 1225 3584 1268 cantra

2005 1299 2320 1367 opponebat
2366 1301 2695 1370 gehennam,
2725 1304 2884 1372 cujus
2925 1305 3088 1358 minae
3134 1305 3289 1359 malis
3330 1314 3460 1360 sunt
3498 1307 3587 1360 in-

2006 1397 2248 1444 tentatae.
2283 1389 2504 1445 Interim
2557 1402 2737 1447 autem
2786 1395 3071 1457 satellites,
3104 1411 3229 1450 cum
3282 1398 3585 1451 sensissent

2008 1494 2095 1539 ea.
2136 1495 2263 1550 qua:
2286 1482 2428 1535 dicta
2472 1482 2707 1545 fuerant,
2736 1484 3011 1555 lapidibus
3047 1488 3166 1557 ejus
3192 1486 3386 1540 dentes
3419 1500 3584 1539 excu-

2011 1574 2174 1638 tiunt,
2198 1583 2255 1628 et
2290 1575 2548 1630 mandant
2580 1592 2643 1631 ea
2701 1577 2872 1648 loqui,
2905 1594 3025 1649 quae
3063 1581 3175 1650 regi
3215 1579 3397 1633 futura
3430 1586 3590 1631 erant

334 1678 666 1749 προσετίθει.
711 1673 871 1728 Ἀλλά
923 1673 1023 1740 τὴν
1058 1670 1156 1739 μὲν
1186 1669 1234 1721 oi
1265 1666 1552 1738 δορυφόροι
1608 1664 1766 1727 εὐθὺς
1813 1665 1905 1735 ἀρα

2009 1682 2076 1720 ex
2099 1669 2393 1723 sententia.
2432 1668 2527 1725 Illa
2559 1678 2762 1735 autem,
2783 1679 3039 1740 tanquam
3069 1670 3383 1725 verberibus
3405 1668 3587 1737 potius

325 1773 618 1830 πάσαντες,
667 1764 856 1835 τεόρρω
911 1778 1012 1814 που
1065 1760 1258 1812 ἔθεσαν
1301 1757 1653 1818 κελεύσαντες
1693 1754 1905 1808 ἀπιέναι

2013 1756 2357 1822 conﬁrmata,
2402 1775 2563 1828 quam
2606 1762 2774 1815 ullum
2811 1765 3036 1816 omnino
3067 1762 3308 1816 dolorem
3338 1760 3586 1828 accepis-

324 1862 485 1914 πάλιν
512 1859 635 1913 ὅθεν
660 1855 906 1925 ἀφίκετο.

1936 1829 1985 1888 Β
2013 1856 2117 1913 set,
2155 1849 2259 1902 alia
2292 1864 2512 1918 quoque
2536 1850 2729 1920 primis
2756 1852 3106 1906 suasionibus
3133 1850 3446 1919 adjiciebat.
3475 1846 3583 1901 Sed

325 1954 476 2007 illam
510 1949 729 2020 quidem
768 1961 892 2004 cum
941 1942 1204 2000 satellites
1237 1940 1489 2011 protinus
1521 1935 1899 2008 arripuissent,
1941 1937 2132 2005 procul
2162 1949 2536 2006 removerunt,
2566 1955 2686 1995 eam
2717 1956 2909 1997 rursus
2957 1940 3211 2009 iubentes
3238 1940 3387 1995 abire
3437 1935 3585 1993 unde

441 2064 530 2103 era
540 2058 579 2102 ι.

330 2066 861 2213 ἐἰιῗὲιῗξῒηριδὲιτης
891 2139 946 2193 δὲ
977 2135 1260 2191 κάνταῦθα
1303 2134 1705 2203 ἐκφανέστερον
1738 2132 1905 2202 ἡττη-

330 2237 447 2299 θεὶς
474 2236 568 2288 καὶ
585 2233 721 2295 ὅλως
739 2232 834 2286 τοῦ
866 2230 1002 2299 πρὸς
1039 2229 1298 2299 Ῥιψίμην
1321 2224 1660 2295 ἀποσφαλεὶς
1680 2225 1903 2294 ἔρωτος.

327 2325 653 2384 καταϐαλὼν
683 2324 876 2378 ἑαυτὸν
908 2324 988 2384 εἰς
1044 2321 1239 2389 ἔδαφος
1284 2318 1551 2373 ἐκυλίετο.
1608 2317 1675 2370 Ἦ
1724 2316 1906 2386 μέντοι
1950 2354 1971 2374 .

328 2421 627 2489 νικηφόρος
663 2415 909 2484 Ῥιψίμη,
945 2411 1249 2482 ἀνακράτος
1285 2409 1380 2462 τοῦ
1419 2407 1715 2462 ἀντιπάλου
1768 2422 1907 2476 κρα-

327 2513 566 2584 τήσασα,
587 2510 783 2573 ἔξεισιν
803 2506 991 2575 ὥσπερ
1006 2522 1090 2568 τις
1123 2502 1568 2573 Ὀλυμπιονίκης,
1587 2501 1784 2572 (ἐδίδου
1800 2501 1908 2569 γὰρ

326 2604 471 2673 αὐτῇ
534 2600 737 2669 πολλὴν
782 2599 967 2653 ἄδειαν
1014 2597 1112 2651 καὶ
1148 2598 1182 2666 ὴ
1222 2595 1320 2660 νὺξ
1356 2594 1505 2665 ἤδη)ο
1548 2595 1644 2646 καὶ
1690 2593 1779 2647 διὰ
1810 2593 1910 2662 τῆς

330 2695 543 2758 πόλεως
576 2692 809 2747 ἐλθοῦσα
869 2693 1069 2761 μέσης,
1098 2688 1336 2756 ἄγγελος
1392 2690 1515 2751 ταῖς
1550 2687 1737 2749 ἄλλαις
1768 2702 1909 2753 παρι-

332 2789 509 2853 θένοις
538 2790 637 2859 τῆς
685 2785 892 2848 οἰκείας
927 2784 1085 2853 νίκης
1126 2782 1222 2834 καὶ
1260 2782 1370 2834 τῶν
1411 2781 1553 2834 κατά
1579 2780 1674 2833 τοῦ
1710 2778 1909 2849 ἐχθροῦ

332 2884 548 2951 γίνεται
587 2880 889 2951 τροπαίων,
943 2875 1145 2946 μᾶλλον
1178 2874 1235 2926 δὲ
1270 2872 1409 2942 αὐτὴ
1464 2873 1728 2942 τρόπαιον
1755 2871 1903 2941 ἥκει,

325 2973 477 3026 οὕτω
510 2988 573 3026 τε
602 2970 694 3024 τὸν
718 2967 1132 3037 ἀνταγωνιστὴν
1166 2965 1401 3035 χαλεπὸν
1425 2964 1626 3033 πτῶμα
1655 2962 1902 3015 καταϐα-

327 3064 633 3127 λοῦσα,καὶ
667 3063 929 3132 ἀκέραιον
966 3057 1167 3129 ἑαυτὴν
1196 3056 1580 3127 διασωσαμένη
1615 3057 1716 3127 τὴν
1762 3071 1902 3125 παρ-

2077 2129 2243 2184 XXII.
2272 2130 2554 2186 Teridates
2584 2140 2764 2186 autem
2796 2131 2888 2186 hic
2915 2146 3132 2202 quoque
3152 2131 3396 2200 apertius
3423 2147 3584 2200 supe-

2005 2231 2319 2286 ratus,eum
2354 2236 2542 2277 amore
2571 2220 2841 2291 Ripsimes
2860 2221 3082 2281 omnino
3104 2233 3250 2277 esset
3267 2223 3586 2288 frustratus,

2006 2315 2246 2382 seipsum
2290 2314 2573 2383 dejiciens,
2605 2315 2753 2367 humi
2784 2314 3146 2368 volutabatur.
3179 2313 3382 2367 Victrix
3399 2324 3583 2369 autem

2006 2403 2269 2473 Itipsime,
2307 2418 2404 2473 per
2434 2404 2542 2457 vim
2575 2404 2737 2459 vietis
2760 2404 3112 2466 adversariis,
3142 2402 3440 2473 egreditur,
3459 2413 3585 2456 tan-

2004 2510 2170 2565 quam
2213 2495 2434 2563 quidam
2483 2496 2656 2549 victor
2689 2495 2745 2549 in
2786 2497 3085 2550 certamine
3112 2495 3412 2566 Olympico,
3448 2495 3585 2568 (Nox

2006 2588 2154 2642 enim
2179 2588 2288 2657 jam
2320 2587 2371 2641 ei
2400 2600 2654 2655 magnam
2687 2587 2852 2651 dabat
2882 2588 3257 2655 securitatem)
3281 2599 3336 2643 et
3358 2604 3456 2658 per
3470 2605 3585 2645 me-

2005 2679 2151 2733 diam
2184 2678 2416 2733 veniens
2458 2679 2756 2739 civitatem,
2787 2678 2846 2733 tit
2878 2679 2997 2733 aliis
3031 2680 3334 2749 virginibus
3389 2681 3584 2735 nuntia

2005 2781 2123 2823 sua:
2166 2767 2430 2830 victoriae,
2478 2776 2533 2820 et
2572 2776 2895 2837 tropaeorum
2940 2767 3204 2822 adversus
3257 2769 3580 2824 inimicum:

2010 2860 2098 2912 vel
2125 2859 2308 2929 potius
2361 2859 2477 2929 ipsa
2529 2859 2682 2913 venit
2719 2868 3004 2928 tropteum,
3028 2860 3109 2914 sic
3146 2860 3281 2915 truci
3313 2867 3586 2928 prostrato

2010 2954 2347 3018 adversario,
2377 2961 2434 3008 et
2478 2953 2587 3007 sibi
2618 2965 2944 3009 conservata
2995 2955 3203 3025 integra
3248 2954 3582 3025 virginitate.

2010 3045 2164 3101 Illam
2198 3063 2327 3118 ergo
2351 3054 2567 3102 noctem
2597 3046 2901 3110 sutIuratae,
2924 3061 3049 3102 cum
3081 3062 3145 3102 ex
3184 3046 3274 3101 illo
3307 3046 3586 3112 torculari,

329 3158 538 3212 θενίαν.
579 3154 827 3222 Ἐκείνην
859 3150 959 3223 μὲν
997 3146 1092 3204 οὖν
1125 3149 1398 3218 κλέψασαι
1437 3149 1539 3214 τὴν
1572 3146 1766 3211 νύκτα,
1804 3149 1900 3200 καὶ

2009 3141 2138 3197 dum
2197 3152 2490 3212 potuerunt
2532 3143 2721 3208 latere,
2758 3144 3142 3208 excessissent,
3178 3145 3577 3215 appropinqua-

324 3247 431 3317 τῆς
457 3244 616 3318 ληνοῦ
643 3244 719 3308 ὡς
741 3245 869 3314 ὲνῆν
895 3242 1084 3303 αὐταῖς
1111 3238 1337 3293 δυνατὸν
1356 3238 1633 3291 διαλαθεῖν
1657 3240 1910 3309 ἐκχωρη-

332 3355 521 3403 cacat,
571 3337 662 3390 ἐπί
720 3337 866 3399 τινός
904 3349 965 3387 τε
1023 3329 1322 3402 ἁμμώδους
1373 3331 1605 3400 πλησίον
1656 3330 1907 3397 ἐγένοντο

326 3431 523 3495 τόπου,
571 3429 666 3482 καὶ
714 3426 795 3496 τῷ
846 3423 1067 3495 νυμφίῳ
1110 3422 1334 3495 Χριστῷ
1383 3421 1764 3493 εὑχαρίστουν,
1811 3421 1906 3474 καὶ

324 3522 480 3592 αὐτῷ
524 3521 730 3591 νοητῶς
776 3517 1131 3588 συνῆσαν,καὶ
1169 3516 1340 3585 ταύτῃ
1374 3512 1789 3584 παρεμυθοῦντο
1814 3513 1907 3564 τὸν

326 3613 530 3683 ἔρωτα·
577 3606 697 3666 εἶτα
739 3611 833 3663 καὶ
861 3609 961 3679 τὴν
1025 3607 1158 3678 πρὸς
1211 3605 1375 3659 αὑτὸν
1405 3604 1665 3658 ἀνάλυσιν
1717 3602 1902 3673 ᾔτουν·

327 3704 637 3766 Φιλοπόνως
668 3703 726 3756 δὲ
751 3702 956 3755 τούτων
980 3704 1046 3770 τῇ
1080 3700 1214 3770 εὐχῇ
1239 3698 1596 3768 ἐγκειμένων,
1620 3696 1905 3765 ἐφίσταται

330 3796 680 3869 προηκούσης
709 3794 810 3867 ἤδη
845 3796 945 3863 τῆς
978 3790 1171 3853 νυκτὸς
1203 3791 1231 3842 ό
1261 3787 1358 3841 τοῦ
1387 3788 1647 3858 βασιλέως
1668 3787 1906 3855 ἀρχιμά-

330 3905 518 3959 γειρος
552 3888 691 3956 μετά
714 3882 1031 3956 δορυφόρων
1056 3880 1149 3934 ὑπ’
1186 3879 1352 3933 αὐτοῦ
1384 3878 1737 3947 ἐσταλμένος,
1764 3876 1905 3946 λαμδ

328 3980 506 4043 πάδας
535 3978 623 4032 διὰ
654 3977 837 4048 χετρδς
869 3974 1109 4046 ἔχοντες.
1135 3971 1246 4026 Καὶ
1275 3970 1566 4041 λαϐόμενοι
1591 3969 1694 4038 τῆς
1728 3985 1904 4038 μακαε

335 4073 457 4144 piat;
501 4069 760 4141 Ῥιψίμης
789 4069 884 4121 καὶ
913 4066 1091 4121 ὀπίσω
1147 4066 1225 4119 τὼ
1272 4067 1426 4135 χεῖρε
1474 4062 1904 4133 περιαγαγόντες

327 4162 612 4234 δεσμοῦσι,
646 4161 740 4215 καὶ
788 4159 888 4231 τὴν
944 4158 1199 4228 γλῶσσαν
1244 4155 1548 4226 προτείνειν
1599 4152 1902 4209 κελεύουσι.

331 4257 445 4327 Τῆς
464 4255 522 4310 δὲ
543 4253 638 4307 καὶ
658 4251 752 4306 τοῦ
777 4250 936 4319 λόγου
958 4248 1153 4303 θᾶττον
1175 4247 1235 4301 τὸ
1257 4245 1548 4301 κελευσθὲν
1576 4244 1901 4330 ποιησάσας,

330 4349 657 4419 ἑκτέμνουσι
697 4343 925 4415 ταύτην,
952 4338 1074 4397 εἶτα
1113 4342 1208 4395 τὸν
1259 4339 1584 4411 χιτωνίσκον
1605 4339 1658 4392 oi
1687 4340 1905 4407 παλαμ-

2008 3242 2139 3287 runt
2167 3235 2382 3288 cuidam
2426 3235 2545 3290 loco
2573 3249 2827 3303 arenosa,
2857 3244 2912 3290 et
2950 3250 3151 3305 sponso
3190 3235 3408 3290 Christo
3457 3250 3574 3307 egec

2009 3332 2139 3379 runt
2156 3326 2378 3394 gratias,
2403 3332 2461 3378 et
2489 3336 2674 3380 mente
2717 3341 2841 3380 cum
2881 3340 2947 3380 eo
2974 3334 3104 3381 sunt
3140 3336 3388 3392 versatae,
3416 3335 3475 3380 et
3504 3331 3577 3382 sic

2007 3429 2252 3469 amorem
2278 3430 2439 3469 suum
2470 3415 2901 3470 consolabantur
2930 3432 2946 3469 :
2981 3415 3181 3470 deinde
3222 3402 3385 3470 etiam
3427 3425 3581 3483 pete--

2008 3504 2144 3559 haut
2169 3520 2324 3559 suam
2350 3505 2423 3559 ad
2450 3506 2625 3575 ipsum
2658 3505 3073 3560 resolutionem.
3111 3505 3203 3560 Eis
3247 3514 3427 3560 autem
3461 3518 3587 3560 ora.

2008 3597 2143 3651 tioni
2173 3597 2466 3668 diligenter
2506 3598 2754 3663 intentis,
2789 3613 2912 3653 cum
2941 3598 3162 3668 quidam
3211 3597 3584 3662 nuntiassent,

2009 3689 2104 3759 ubi
2137 3690 2240 3744 illa:
2265 3700 2472 3755 essent,
2506 3691 2736 3756 accedit,
2763 3691 3092 3760 procedente
3125 3691 3240 3760 jam
3289 3701 3469 3753 nocte,
3496 3705 3584 3745 re-

2009 3780 2089 3850 gis
2115 3795 2414 3849 coqnorum
2442 3782 2701 3852 princeps
2730 3783 2798 3837 ab
2844 3783 2963 3852 ipso
2993 3783 3192 3836 missus
3222 3797 3346 3836 eum
3384 3780 3586 3837 satelli-

2008 3872 2157 3926 tibus
2186 3872 2513 3928 habentibus
2540 3874 2593 3926 in
2629 3888 2795 3928 manu
2832 3874 3134 3943 lampades.
3175 3871 3277 3940 Qui
3307 3888 3431 3928 cum
3456 3873 3586 3927 bea-

1998 3970 2119 4017 tam
2147 3962 2446 4032 Ripsimcm
2498 3965 2864 4034 accepissent,
2896 3964 3152 4020 manibus
3197 3979 3339 4036 pone
3370 3963 3580 4020 circum

2007 4056 2146 4109 actis
2197 4071 2316 4111 eam
2361 4057 2632 4121 vinciunt,
2669 4065 2724 4112 et
2765 4072 2889 4112 eam
2934 4058 3132 4127 jubent
3183 4058 3420 4129 linguam
3457 4074 3582 4128 pro-

2008 4146 2171 4202 ferre.
2209 4148 2346 4202 Cum
2395 4148 2482 4204 illa
2527 4158 2710 4204 autem
2759 4149 2926 4204 verba
2959 4148 3121 4204 citius
3153 4148 3390 4217 fecisset,
3435 4152 3579 4222 quod

2005 4237 2155 4305 jussa
2190 4238 2387 4304 fuerat,
2411 4254 2530 4294 eam
2578 4239 2926 4295 exse-indunt.
2953 4236 3147 4296 Postea
3178 4241 3345 4296 fracta
3374 4241 3580 4306 tunica,

2009 4338 2062 4382 et
2094 4330 2334 4385 extensis
2365 4332 2611 4400 utrisque
2652 4331 2800 4386 illius
2826 4332 3077 4387 manibus
3097 4340 3151 4387 et
3176 4332 3427 4403 pedibus,
3458 4349 3583 4390 cum

332 4414 479 4495 ναῖοι
518 4437 1002 4511 περιρρηξόιμενοι,
1024 4433 1120 4486 καὶ
1150 4429 1261 4483 τῶν
1289 4428 1489 4501 χειρῶν
1517 4429 1904 4490 ἀποτείναντες

2008 4433 2128 4474 eam
2152 4423 2315 4478 rectis
2338 4423 2502 4495 lignis
2533 4424 2828 4494 aligassent
2870 4425 3147 4489 scelerati,
3186 4414 3420 4480 urebant
3444 4425 3583 4480 lam~

332 4502 605 4602 ἑκατέραν
947 4523 1148 4590 ποδῶν,
1174 4522 1272 4576 καί
1300 4521 1504 4591 ὀρθίοις
1547 4519 1903 4590 ἐνδησάμενοι

2008 4511 2260 4583 padibus.
2296 4512 2561 4581 Deinceps
2595 4523 2777 4567 autem
2800 4529 2925 4569 cum
2956 4524 3115 4569 acuto
3132 4514 3311 4585 lapide
3335 4526 3577 4571 ventrem

333 4623 533 4689 ξύλοις,
561 4624 680 4686 ταῖς
711 4619 961 4690 λαμπάσι
1015 4616 1332 4671 κατέκαιον.
1378 4612 1538 4682 Ἑξῆς
1570 4611 1628 4665 δὲ
1676 4606 1808 4680 λίθιρ
1838 4610 1905 4663 τὰ

2004 4603 2401 4666 exsecuisscnt,
2429 4606 2483 4657 in
2511 4610 2715 4657 terram
2754 4604 3042 4660 etTnndunt
3071 4605 3343 4670 intestina,
3378 4617 3432 4662 et
3462 4608 3582 4678 ejus

337 4716 469 4785 περὶ
516 4713 616 4783 τὴν
667 4712 911 4781 γαστέρα
960 4706 1313 4774 διατεμόντες
1366 4702 1664 4769 egenam
1714 4704 1816 4772 γῆς
1847 4717 1905 4752 τε

2004 4693 2182 4748 adhuc
2214 4708 2403 4762 parum
2430 4693 2747 4763 palpitantis
2778 4696 2967 4751 oculos
2998 4696 3267 4752 effodiunt
3295 4707 3384 4753 :et
3411 4708 3577 4753 totam

334 4782 519 4876 χέουσι
545 4782 617 4857 τὰ
643 4799 977 4870 ﬂammai.
1004 4798 1127 4860 τοὺς
1149 4795 1465 4865 ὀφθαλμοὺς
1494 4794 1690 4863 μικρὸν
1725 4794 1905 4846 ὕπασ-

2005 4782 2320 4839 minutatim
2361 4784 2791 4855 discerpserunt.
2825 4784 2932 4842 Sed
2963 4786 3050 4841 illa
3092 4787 3335 4857 quidem,
3368 4798 3426 4843 ut
3458 4806 3579 4860 quae

333 4873 642 4965 stupeﬁat];
675 4890 1127 4951 ἐτιὲκκόπτουσι,
1171 4884 1266 4937 καὶ
1293 4885 1422 4955 ὃλην
1456 4883 1534 4945 είς
1578 4881 1754 4935 λετττά
1805 4881 1905 4934 διε-

2004 4874 2144 4930 adco
2171 4873 2397 4944 pulchra
2428 4883 2487 4932 et
2516 4884 2745 4931 venusta
2785 4891 2816 4932 e
2845 4876 3199 4947 virginalibus
3226 4893 3445 4949 egressa
3466 4891 3583 4937 erat

335 4986 636 5040 σπάσαντο.
677 4980 817 5039 Ἀλλ’
847 4982 882 5052 η
919 4980 1018 5049 μὲν
1047 4971 1137 5031 οἷά
1166 4991 1272 5046 περ
1284 4974 1410 5046 ἄρτι
1434 4973 1542 5027 τῶν
1563 4969 1907 5042 παρθενικῶν

333 5077 594 5146 θαλάμων
633 5072 1017 5144 ἐξορμηθεῖσα,
1083 5068 1226 5124 οὕτω
1300 5066 1439 5138 καλὴ
1488 5068 1584 5120 καὶ
1642 5064 1906 5135 ἐπίχαρις

329 5169 679 5225 ἀπολιποῦσα
707 5167 769 5221 τὸ
798 5167 979 5235 σῶμα,
1003 5163 1083 5234 τῷ
1115 5162 1339 5232 νυμφίῳ
1364 5157 1589 5231 Χριστῷ
1631 5158 1904 5229 παρέστη,

328 5263 427 5317 καὶ
449 5259 753 5329 ὀφθαλμῶν
774 5256 881 5310 τῶν
912 5254 1121 5309 ἐκείνου
1146 5256 1238 5307 καὶ
1268 5251 1561 5305 παστάδων
1578 5248 1726 5316 ἀξία,
1742 5248 1907 5302 λίθων

325 5370 389 5406 τε
424 5348 733 5407 πολυτελῶν
768 5346 970 5418 μᾶλλον
998 5345 1093 5399 καὶ
1121 5339 1521 5413 περῶερῤαίων
1562 5340 1657 5390 καὶ
1694 5339 1903 5407 ὅρμων,

326 5444 424 5500 καὶ
470 5440 760 5514 νυμφικῶν
822 5436 1250 5508 περιδλημάτων
1313 5433 1591 5492 ἁπάντων,
1619 5430 1732 5492 τοῖς
1762 5429 1904 5498 ὑπὲρ

324 5534 492 5592 αὑτοῦ
532 5533 796 5602 στίγμασι
846 5527 1110 5583 πάντοθεν
1156 5521 1658 5592 διακεκοσμημένη.
1698 5519 1806 5571 Τοῦ
1836 5534 1901 5585 γε

2004 4965 2282 5029 thalamis,
2308 4980 2514 5036 sponso
2537 4965 2758 5022 Christo
2781 4967 3018 5034 adstitit,
3051 4970 3212 5043 digna
3239 4971 3383 5028 illius
3408 4973 3583 5029 oculis

2004 5066 2059 5112 et
2114 5056 2388 5122 thalamis,
2442 5059 2825 5131 lapidibusque
2873 5062 3150 5133 pretiosis.
3192 5065 3476 5134 torquibus
3519 5077 3581 5122 et

2004 5147 2320 5216 monilibus,
2378 5158 2433 5207 et
2487 5152 2834 5222 sponsalibus
2904 5154 3159 5211 omnibus
3217 5157 3574 5223 indumentis,

2006 5253 2206 5307 nempe
2231 5255 2334 5311 pro
2358 5254 2426 5295 eo
2452 5242 2728 5312 susceptis
2754 5243 3116 5314 stigmatibus.
3153 5245 3301 5301 omni
3328 5262 3395 5301 ex
3428 5255 3578 5314 parte

1990 5339 2288 5387 exornata.
2330 5331 2496 5387 Chori
2549 5342 2730 5389 autem
2775 5333 3069 5415 virginum,
3119 5348 3240 5405 qum
3281 5335 3403 5406 ejus
3442 5338 3580 5407 fugat

2008 5424 2172 5483 socia:
2225 5424 2467 5491 fuerant,
2530 5425 2750 5496 triginta
2810 5435 3019 5498 septem
3053 5442 3306 5493 numero,
3362 5427 3578 5501 triginta

2005 5525 2115 5572 tres
2138 5517 2241 5586 (l);
2274 5532 2395 5586 quae
2419 5525 2689 5572 venerant
2727 5516 2793 5572 ad
2827 5518 3103 5575 venandas
3150 5520 3403 5593 martyris
3452 5519 3583 5576 reii-

328 5631 441 5699 μὴν
467 5626 569 5695 τῆς
600 5624 776 5694 φυγῆς
805 5623 945 5691 αὐτῇ
976 5619 1399 5686 κοινωνήσαντας
1443 5614 1554 5667 τῶν
1611 5611 1897 5682 παρθένων

2004 5608 2175 5678 quias,
2200 5623 2322 5663 cum
2342 5607 3157 5683 fuissentdeindedeprehenszc
3181 5627 3209 5667 a
3232 5612 3575 5679 satellitibus,
3617 5630 3624 5637 ·

397 5819 475 5889 it)
509 5817 577 5870 3-4
612 5814 748 5869 Cum
783 5810 1030 5879 Itipsime
1058 5814 1114 5858 et
1140 5804 1343 5860 Gaiana
1394 5804 1558 5859 fuisse
1593 5801 1760 5855 habet
1801 5795 2159 5868 g’iicnOIOgium
2187 5798 2521 5858 Graccorum.

649 5912 917 5973 Parnm.
951 5909 1068 5966 Gn.
1107 5902 1287 5966 CXV.

3188 5890 3257 5950 31
