4060 6466
569 373 675 440 971

1802 368 2090 430 MENSIS
2129 366 2599 431 SEPTEMBER.

3705 379 3797 439 972

575 494 707 563 ipsa:
757 503 997 561 quoque,
1029 500 1161 543 ense
1205 492 1436 541 mortem
1482 481 1729 549 subiere,
1764 483 1944 553 praeda
1996 483 2152 553 longe

2254 482 2420 551 χοροῦ
2451 483 2532 545 εἰς
2565 479 2939 552 ἐϐδομήκοντα
2992 478 3165 535 οὓσων
3209 480 3304 535 δύο
3352 479 3469 552 (sic)
3513 486 3643 553 πρὸς
3693 488 3800 551 ταῖς

568 581 965 653 (ιιιωειιιοεὶοτθ
1013 578 1237 634 invento
1273 575 1538 647 periculo,
1568 581 1629 628 ut
1661 590 1805 644 quin,
1837 574 1997 643 cujus
2024 582 2145 629 stn-

567 675 779 731 debant
813 673 989 729 solum
1020 669 1206 726 venari
1257 668 1534 738 reliquias,
1574 675 1742 722 totam
1777 667 1951 737 ipsam
1979 667 2146 720 vitam

568 777 629 823 et
660 768 822 822 linem
857 762 1190 835 acceperint,
1230 770 1287 817 et
1334 760 1596 832 ingressae
1624 758 1737 814 sint
1784 759 1840 812 in
1868 758 2146 823 eumdem,

568 860 629 914 in
665 872 824 929 quem
854 857 971 927 ipsa
1014 853 1338 917 thalamum,
1368 850 1560 907 eodem
1603 864 1806 920 sponso
1838 849 2016 920 dignae
2050 851 2147 905 ha-

566 950 717 1007 bitae.
795 947 994 1002 Earum
1063 954 1245 1000 autem
1296 955 1526 1013 corpora
1577 941 1767 997 bestiis
1844 941 2150 996 diviserunt

568 1038 881 1113 parricidae,
917 1048 1151 1106 quarum
1185 1047 1309 1088 cum
1342 1031 1633 1086 maximam
1681 1038 1893 1099 partem
1928 1029 2004 1084 illi
2040 1039 2150 1085 tor-

566 1127 770 1184 mentis
800 1125 1129 1190 exedissent,
1170 1137 1258 1189 ea,
1303 1135 1426 1192 quae
1456 1120 1754 1182 restabant,
1796 1118 2007 1175 edenda
2054 1134 2151 1192 ap-

568 1230 806 1288 posuere
838 1213 1050 1280 bestiis,
1084 1226 1156 1266 ne
1184 1224 1358 1282 pauca
1397 1207 1619 1278 quidem
1651 1217 1796 1263 terra
1827 1221 1892 1263 ea
1941 1207 2150 1278 imper-

563 1310 674 1364 tire
732 1306 1006 1362 studiosos
1053 1302 1268 1358 illarum
1317 1299 1667 1356 Christianos
1745 1296 2149 1369 permittentes.

2246 573 2542 645 τριάκοντα
2578 573 2658 635 εἰς
2693 571 2869 642 ἄγραν
2892 571 3004 624 τῶν
3046 571 3400 642 μαρτυρικῶν
3436 570 3695 641 λειψάνων
3721 577 3799 642 ὁρῇ

2248 667 2515 733 μήσασαι,
2546 661 2668 717 εἶτα
2727 663 3025 733 κατάφοροι
3052 662 3344 732 γενόμεναι
3368 664 3480 725 τοῖς
3506 662 3802 733 ὣρυφυῖρτις

2243 758 2305 810 τὸ
2332 757 2421 810 διὰ
2453 756 2644 824 ξίφους
2705 756 2801 809 καὶ
2855 755 3017 810 αὑταὶ
3044 753 3197 817 τέλος
3229 754 3560 825 ὑπέστησαν,
3598 757 3804 826 ἐπεκερ-

2243 848 2498 917 δέστερον
2535 847 2718 919 πολλῷ
2750 850 2849 917 τῆς
2893 848 3075 919 ἄγρας
3110 846 3372 919 εὑροῦσαι
3417 845 3507 899 τὸν
3558 848 3801 911 κίνδυνον,

2249 939 2344 993 καὶ
2399 933 2469 1010 ἧς
2506 938 2771 992 ἔσπευδον
2810 938 2906 992 καὶ
2926 937 3183 1008 λείψανον
3212 938 3456 1007 θηρᾶσαι
3492 937 3665 1006 μόνον,
3693 940 3804 1006 ὃλην

2246 1031 2416 1101 αὐτὴν
2461 1030 2645 1094 ζῶσαν
2694 1027 3091 1095 ἀπολαὸοὖσαι,
3135 1030 3214 1092 εις
3248 1028 3341 1082 τὸν
3392 1027 3554 1080 αὐτόν
3598 1044 3654 1080 τε
3681 1029 3831 1100 αὐτῇ.

2248 1120 2518 1192 νυμφῶνα
2573 1120 2937 1188 εἰσελθοῦσαι,
2983 1121 3082 1174 καὶ
3140 1119 3236 1173 τοῦ
3290 1119 3458 1173 αὐτοῦ
3509 1120 3803 1184 ἀξιωθεῖσαι

2249 1213 2511 1283 νυμφίου.
2542 1213 2624 1267 Τὰ
2659 1213 2842 1282 μέντοι
2875 1212 3104 1283 σώματα
3132 1211 3345 1266 τούτων
3393 1211 3599 1281 θηρίοις
3636 1211 3805 1280 ἐμερί-

2253 1319 2420 1356 σαντο
2472 1304 2523 1356 οἱ
2574 1304 2877 1374 μιαιφόνοι,
2928 1304 3026 1357 κα)⁵
3060 1302 3131 1356 τὰ
3170 1301 3344 1356 πλείω
3402 1304 3522 1365 ταῖς
3576 1301 3804 1371 βασάνοις

542 1403 767 1471 ¹ἐκεῖνοι
796 1396 1016 1468 πρῶτον
1050 1392 1487 1463 καταφαγόντες,
1537 1392 1608 1444 τὰ
1648 1390 2058 1460 ὑπολειπόμενα
2116 1390 2352 1448 δεῖπνειν
2405 1395 2590 1449 ἔθεντο
2630 1398 2744 1460 τοῖς
2767 1395 3015 1467 θηρίοις,
3082 1394 3218 1466 μηδέ
3276 1395 3381 1465 γῆς
3436 1395 3613 1459 αὐτοῖς
3666 1411 3787 1463 μετα

566 1495 750 1550 δοῦναι
791 1490 1051 1562 βραχείας
1079 1488 1206 1550 τοὺς
1244 1486 1520 1557 διψῶντας
1548 1485 1687 1540 αὐτὰ
1733 1486 2097 1556 Χριστιανοὺς
2148 1489 2529 1561 ἀνασχόμενοι.

635 1584 828 1639 XXlll.
864 1582 1108 1639 Reverso
1136 1593 1315 1638 autem
1347 1580 1593 1651 principe
1616 1593 1936 1650 coquorum,
1967 1587 2025 1635 et
2058 1593 2146 1635 ro-

2315 1583 2443 1638 KI".
2463 1583 2572 1637 Τοῦ
2600 1586 2728 1654 ἀρχι
2738 1583 3005 1655 μαγείρου
3021 1583 3077 1637 δὲ
3103 1582 3563 1652 ἀναστρέψαντος,
3589 1581 3677 1635 καὶ
3698 1581 3802 1634 τί·.α

564 1689 749 1750 gante,
800 1690 1036 1746 quonam
1090 1674 1252 1730 modo
1303 1672 1647 1729 interimeret
1701 1671 1984 1728 Gaianam.
2027 1672 2143 1729 lam

2252 1676 2332 1730 τὸν
2351 1677 2549 1745 τρόπον
2570 1675 3012 1747 καὶλτὴνΓαῖανὴν
3028 1677 3213 1730 ἀνελεῖ
3264 1672 3802 1744 πυνθανομένου,Ἦδη

565 1769 739 1830 enim,
789 1765 987 1835 inquit,
1025 1770 1084 1818 ut
1133 1763 1239 1818 fuit
1268 1762 1426 1818 nobis
1490 1761 1828 1828 mandatum,
1854 1760 1923 1817 de
1966 1760 2147 1817 medio

2252 1769 2375 1837 γάρ,
2397 1768 2549 1836 φησὶ,
2565 1767 2832 1838 ἀνῄρηται
2854 1767 2995 1821 κατά
3013 1766 3081 1821 τὰ
3095 1766 3494 1837 διατεταγμένα
3517 1766 3639 1834 ἡμῖν
3659 1767 3689 1836 ἡ
3714 1765 3805 1819 Ῥι-

566 1860 782 1916 sublata
821 1867 905 1912 est
938 1856 1180 1927 llipsime
1211 1873 1226 1911 :
1256 1854 1563 1921 Teridates,
1594 1863 1655 1908 ut
1675 1855 1767 1924 qui
1794 1854 1932 1908 nihil
1955 1854 2147 1909 memi-

568 1953 743 2007 nisset
771 1966 984 2015 eorum,
1025 1963 1148 2019 quas
1187 1946 1425 2017 jusserat
1454 1944 1736 2016 (miserum
1774 1945 1922 2001 enim
1948 1946 2145 2016 perde-

569 2045 661 2099 bat
691 2057 864 2107 amor,
894 2049 951 2094 et
1002 2054 1106 2094 nec
1155 2037 1372 2093 sinebat
1419 2037 1639 2106 quidem
1688 2037 1962 2107 respirare
2012 2036 2148 2091 libe-

570 2134 714 2202 rum)
763 2131 1028 2202 Ripsime,
1073 2127 1309 2194 dicebat,
1359 2127 1452 2183 ubi
1494 2127 1616 2183 est?
1650 2127 1758 2182 Sed
1810 2127 1902 2182 ubi
1953 2127 2149 2183 videbo

572 2220 915 2293 Ripsimem?
941 2219 1235 2288 Postquam
1272 2225 1476 2279 autem,
1506 2225 1765 2287 tanquam
1786 2231 1818 2271 e
1848 2231 2041 2272 somno
2064 2217 2150 2271 vel

573 2314 842 2371 ebrietate
884 2311 950 2367 ad
994 2325 1053 2365 se
1111 2308 1349 2377 rediens,
1412 2309 1597 2364 omnia
1625 2307 1801 2378 plane
1856 2308 2179 2377 intellexit,_

571 2422 695 2477 quae
724 2414 781 2460 et
809 2406 925 2474 ipse
966 2404 1223 2475 iusserat,
1256 2409 1312 2456 et
1344 2416 1467 2471 quae
1498 2400 1762 2464 fecerant.
1795 2401 1997 2472 quibus
2034 2401 2150 2471 jus-

572 2512 695 2552 sum
730 2495 931 2559 fuerat,
975 2507 1119 2564 aegre
1170 2492 1402 2558 ferebat,
1436 2490 1693 2562 ejulabat,
1724 2490 2144 2557 voeil‘erabatur,

572 2599 626 2645 et
674 2598 951 2659 postremo
1005 2584 1245 2649 dicebat,
1292 2597 1351 2639 se
1387 2598 1499 2637 non
1540 2597 1663 2638 esse
1703 2582 1996 2650 victurum,
2043 2584 2147 2639 nisi

573 2689 719 2737 esset
742 2695 850 2733 una
878 2693 1000 2733 cum
1030 2675 1299 2745 Ripsime.
1326 2675 1393 2728 Et
1434 2675 1686 2745 protinus
1719 2672 1883 2742 jussit
1912 2673 2148 2744 linguam

568 2772 793 2828 Gaianae
824 2785 964 2843 pone
1014 2777 1241 2824 tractam
1283 2781 1383 2837 per
1420 2765 1723 2831 tendinem,
1758 2767 1919 2823 avelli
1962 2782 1994 2821 e
2023 2776 2149 2838 gut-

572 2880 695 2920 ture
727 2886 742 2920 ;
776 2862 972 2919 deinde
1024 2876 1143 2917 eam
1196 2858 1489 2916 crudeliter
1531 2858 1700 2913 simul
1754 2868 1811 2914 et
1848 2858 2150 2915 inhumane

574 2955 688 3011 tolli
720 2953 791 3008 de
842 2952 1063 3015 medio;
1105 2965 1230 3005 nam
1277 2963 1349 3004 ne
1393 2948 1476 3003 sic
1507 2948 1728 3018 quidem
1760 2947 1976 3003 dicebat
2028 2962 2149 3003 eam

572 3046 800 3102 meritas
836 3059 1027 3115 prenas
1056 3056 1181 3099 esse
1209 3042 1481 3097 daturam.
1521 3043 1649 3096 Haec
1672 3040 1822 3096 enim
1867 3040 2029 3107 mala,
2068 3040 2152 3094 in-

2248 1856 2413 1927 ψὶμη⁸
2433 1859 2461 1909 ὁ
2477 1856 2809 1926 Τηριδάτης,
2827 1850 2913 1910 οἷα
2933 1858 3163 1927 μηδενὸς
3181 1856 3291 1910 τῶν
3313 1857 3615 1927 εἰρημένων
3638 1857 3802 1909 alcedo

2253 1964 2437 2018 μενος,
2476 1949 2753 2017 (ἀπώλλυε
2786 1950 2896 2019 γὰρ
2924 1950 3017 2004 τὸν
3069 1948 3258 2003 ἄθλιον
3294 1950 3322 2000 ὁ
3360 1948 3522 2018 ἔρως,
3568 1947 3657 2000 καὶ
3696 1947 3800 2000 οὐδὲ

2249 2040 2505 2092 ἀναπνεῖν
2522 2040 2805 2115 ἐλεύθερον
2833 2037 3179 2111 συνεχώρει.)
3224 2038 3291 2091 Ἦ
3309 2039 3367 2091 δὲ
3385 2037 3623 2107 Ῥιψίμη,
3647 2038 3798 2105 ἔλεγε,

2250 2126 2353 2180 ποῦ
2374 2141 2391 2193 ;
2420 2127 2582 2182 Ἀλλά
2601 2128 2669 2180 ἂν
2694 2128 2790 2181 ἴδω
2835 2128 3094 2199 Ῥιψίμην
3117 2130 3236 2191 τοῖς
3263 2126 3556 2197 ὀφθαλμοῖς
3579 2126 3801 2195 ;Ἐπειδὴ

2249 2217 2304 2271 δὲ
2332 2218 2522 2293 ὥσπερ
2547 2220 2605 2286 ἐξ
2636 2219 2806 2273 ὕπνου
2836 2221 2869 2290 ἢ
2904 2220 3075 2291 μέθης
3106 2219 3445 2287 ἀνενεγκὼν,
3477 2221 3642 2274 πάντα
3663 2220 3798 2289 ἀκρι-

2251 2309 2362 2373 6ῶς
2411 2311 2739 2380 ἐμάνθανεν,
2772 2312 2872 2364 ὃσα
2915 2328 2975 2364 τε
3009 2311 3174 2374 αὐτὸς
3238 2310 3459 2375 ἐπέταξε
3482 2349 3496 2374 ,
3529 2312 3616 2363 καὶ
3645 2310 3731 2362 ὅσα
3757 2308 3801 2361 el

2250 2401 2631 2466 κελευσθέντες
2661 2402 2925 2472 ἔδρασαν,
2948 2402 3100 2457 δεινὰ
3132 2405 3338 2469 ἐποίει,
3385 2405 3477 2456 καὶ
3505 2400 3796 2471 ὠλοφύρετο,

2252 2497 2345 2549 καὶ
2381 2493 2533 2560 ἐϐόα,
2552 2495 2650 2549 καὶ
2676 2494 2830 2558 τέλος
2857 2493 2933 2558 ὡς
2961 2495 3024 2548 οὐ
3059 2494 3333 2566 βιώσεται
3383 2494 3556 2561 ἔλεγε,
3585 2495 3653 2563 μὴ
3693 2492 3794 2561 οὐχὶ

2253 2585 2427 2641 συνὼν
2451 2588 2519 2658 τῇ
2560 2586 2816 2658 Ῥιψίμῃ.
2843 2587 2952 2639 Καὶ
2976 2586 3179 2640 αὐτίκα
3203 2584 3314 2658 τὴν
3336 2586 3434 2657 τῆς
3458 2585 3673 2651 Γαῖανῆς
3694 2583 3798 2635 ἐκέ-

2249 2677 2375 2731 λευε
2413 2676 2666 2745 γλῶσσαν
2693 2674 2920 2729 ὅπισθεν
2939 2675 3027 2729 διὰ
3057 2676 3151 2731 τοῦ
3199 2678 3458 2738 τένοντος
3486 2673 3796 2727 ἐλκυοθεῖσαν

2251 2768 2671 2837 ἀποσπασθῆναι
2699 2768 2795 2823 τοῦ
2829 2768 3133 2857 ιράρυγγος,
3166 2763 3299 2821 εἶτα
3347 2767 3441 2822 καὶ
3482 2766 3639 2835 αὐτὴν
3658 2764 3794 2833 ὠμῶς

2251 2861 2393 2929 ἄγαν
2423 2863 2522 2915 καὶ
2546 2853 2932 2933 ἀπανθρώπως
2957 2859 3353 2931 ἀναιρεθῆναιο
3376 2859 3437 2912 ού
3457 2862 3575 2927 ,γὰρ
3611 2857 3668 2911 ἂν
3693 2853 3793 2908 οὐδὲ

2253 2951 2424 3015 οὕτως
2451 2951 2611 3016 ἀξίαν
2646 2951 2800 3019 ἔλεγε
2831 2952 2932 3023 τὴν
2961 2951 3120 3020 δίκην
3153 2951 3427 3005 ἐκτίσειν.
3452 2950 3514 3003 Ἠ
3551 2948 3646 3017 γὰρ
3672 2948 3792 3013 κακὴ

2256 3040 2395 3112 αὕτη
2426 3042 2671 3110 γλῶσσα,
2708 3043 2896 3112 φησίν,
2926 3039 3068 3111 αὕτη
3116 3056 3225 3110 μου
3268 3040 3365 3111 τὴν
3399 3035 3795 3106 κα).ὴν,ἁφείλετο

573 3137 715 3206 quit,
747 3136 952 3205 lingua,
988 3133 1122 3188 mihi
1173 3147 1351 3187 meam
1398 3131 1624 3187 abstulit
1676 3131 1998 3202 Ripsimem,
2034 3134 2151 3203 ipsa

2264 3133 2548 3205 Ῥιψίμην,
2578 3135 2679 3205 τὴν
2713 3134 2812 3203 τῆς
2843 3133 2984 3203 ἐμῆς
3014 3133 3153 3203 αὕτη
3178 3133 3369 3203 ψυχῆς
3403 3131 3664 3186 ἀπώλεσεν
3684 3127 3793 3198 ﬁlio-

572 3223 814 3295 perdidit
842 3236 1019 3276 meam
1064 3221 1262 3275 animae
1309 3220 1664 3291 voluptatem.
1687 3219 1823 3274 Cum
1859 3221 1995 3286 haec,
2031 3235 2153 3290 quae

576 3319 795 3369 lﬂlCl‘lm
832 3313 1184 3377 dicebantur,
1211 3311 1511 3367 audivisset
1542 3312 1799 3383 princeps
1827 3327 2147 3384 coqnorum,

573 3410 759 3464 educit
801 3407 1060 3462 Gaianam
1115 3419 1239 3460 cum
1286 3404 1517 3470 duabus,
1545 3418 1664 3473 quae
1710 3411 1870 3459 erant
1912 3419 2035 3458 cum
2063 3419 2147 3470 ea,

574 3497 880 3569 virginibus
909 3495 976 3549 ad
1009 3504 1229 3564 pontem
1287 3492 1461 3561 ﬂuvii,
1492 3508 1656 3565 super
1701 3508 1864 3562 quem
1904 3494 2152 3549 solebant

572 3589 850 3645 maleﬁcos
884 3586 1099 3643 allicere
1145 3585 1433 3657 supplicio.
1469 3585 1588 3657 Ipse
1617 3595 1801 3641 autem
1831 3600 1895 3640 ex
1932 3602 1991 3640 se
2016 3600 2150 3656 quo-

575 3695 682 3751 que
705 3680 864 3748 plura
915 3678 1103 3748 adjicit
1140 3685 1434 3731 tormenta.
1490 3676 1848 3731 Existimabat
1900 3677 2045 3730 enim
2094 3691 2152 3731 se

570 3769 684 3839 regi
704 3770 938 3821 maxime
964 3766 1411 3838 gratiﬁcaturum,
1444 3765 1490 3819 si
1510 3766 1859 3821 vehementer
1892 3768 2154 3821 etinsane

577 3857 810 3926 spiraret
844 3855 898 3910 in
933 3855 1192 3926 virgines.
1227 3854 1295 3908 Et
1329 3857 1564 3924 primum
1597 3855 1815 3924 quidem
1853 3857 2155 3926 perrumpit

567 3962 767 4000 earum
792 3956 975 4001 vestes
1015 3963 1028 3998 :
1060 3945 1257 4000 deinde
1280 3960 1468 4000 earum
1500 3945 1666 3999 etiam
1703 3946 1947 4000 extensis
1984 3945 2157 4000 mani-

572 4036 680 4091 bus
708 4044 763 4089 et
786 4035 1041 4105 pedibus,
1067 4043 1121 4088 et
1150 4034 1272 4087 talis
1301 4035 1613 4103 perforatis,
1652 4036 1800 4090 illinc
1830 4051 1928 4105 per
1952 4038 2157 4107 ﬁstulas

577 4135 743 4181 vento
794 4125 981 4194 implet
1032 4126 1325 4194 inspirato.
1357 4124 1455 4180 Ubi
1509 4137 1691 4181 autem
1746 4127 2020 4197 disjuncta
2074 4137 2158 4182 est

574 4215 733 4285 pellis
764 4228 795 4267 a
835 4230 931 4268 sua
963 4228 1088 4268 cum
1118 4229 1287 4268 carne
1318 4214 1517 4269 coalita
1545 4217 1959 4285 conjunctione,
1991 4218 2157 4289 virgi-

578 4314 681 4360 nes
710 4304 892 4359 miseri
938 4304 1266 4360 cxcoriant:
1299 4306 1446 4375 quod
1481 4322 1585 4360 nec
1627 4308 1908 4377 adspicere
1937 4309 2155 4378 quidem

2258 3227 2357 3297 νήν
2385 3243 2398 3257 °
2460 3230 2528 3297 ἣν
2581 3226 2816 3289 ἀνοσίως
2867 3225 3088 3295 ἡγεῖσθε
3152 3226 3257 3279 καὶ
3314 3223 3579 3295 φονεύετε.
3615 3222 3794 3273 Τούτων

2258 3319 2448 3387 ἐπειδὴ
2500 3317 2705 3389 μεταξὺ
2741 3318 2771 3369 ὁ
2802 3316 3208 3388 ἁρχιμάγειρος
3266 3317 3461 3389 ἢκουσε
3505 3313 3790 3383 λεγομένων,

2261 3409 2449 3477 ἐξάγει
2500 3409 2600 3479 τὴν
2638 3407 2878 3480 Γαῖανὴν
2924 3408 3084 3475 ’μετά
3143 3408 3247 3461 καὶ
3310 3406 3688 3477 συμπαρθένων
3715 3399 3790 3453 δύο

2262 3500 2397 3570 πρὸς
2421 3502 2486 3571 τῇ
2516 3500 2608 3552 τοῦ
2633 3499 2971 3570 καλουμένου
2998 3497 3316 3568 βαθυτάτου
3339 3495 3573 3566 ποταμοῦ
3594 3492 3789 3564 me”.

2260 3590 2345 3660 ἐφ’
2380 3586 2446 3662 ἦς
2474 3592 2599 3655 τοὺς
2647 3589 2992 3661 κακούργους
3025 3589 3288 3654 κολάζειν
3318 3588 3587 3650 εἰώθεσαν,
3612 3582 3792 3643 καὶτὰς

2260 3681 2478 3744 πλείους
2535 3680 2698 3743 αὐτὸς
2758 3681 2970 3733 οἴκοθεν
3021 3678 3357 3750 προστίθησι
3410 3679 3512 3732 τῶν
3555 3675 3789 3746 βασάνων.

2261 3774 2418 3842 ’ᾨετο
2441 3773 2549 3842 γὰρ
2576 3772 2651 3842 τῷ
2681 3771 2975 3841 βασιλείτά
3007 3772 3254 3841 μέγισται
3280 3770 3599 3843 χαριεῖσθαι,
3622 3769 3667 3819 εἰ
3687 3781 3793 3832 σφο-

2255 3863 2380 3933 δρὸν
2416 3862 2557 3916 οὕτω
2589 3866 2840 3916 πνεύσειε
2877 3864 3022 3916 κατὰ
3061 3863 3169 3916 τῶν
3201 3863 3495 3935 παρθένων
3537 3859 3622 3913 καὶ
3662 3873 3790 3925 μανι-

2258 3957 2374 4010 κόν.
2402 3956 2512 4009 Καὶ
2538 3955 2733 4026 πρῶτα
2759 3955 2858 4026 μὲν
2892 3957 3326 4026 περιρρήγνυσιί
3361 3954 3531 4009 αὐτῶν
3546 3953 3634 4013 τὰς
3658 3946 3786 4015 ἐσθῆ-

2256 4065 2377 4115 τας,
2413 4044 2533 4100 εἶτα
2557 4050 2649 4100 καὶ
2680 4050 2871 4119 χεῖρας
2907 4049 3002 4101 καὶ
3036 4048 3205 4111 πόδας
3226 4048 3418 4101 αὐτῶν
3440 4044 3691 4105 διατείνει,
3715 4037 3788 4091 καὶ

2258 4140 2399 4193 κατά
2413 4139 2541 4202 τοὺς
2560 4139 2930 4209 ἀστραγάλους
2955 4140 3279 4210 διατρήσας,
3299 4141 3601 4210 φυσήματος
3618 4132 3789 4189 ἐκεῖθεν

2259 4231 2564 4302 ἐμπίπλησι
2609 4230 2677 4285 δι’
2720 4231 3018 4285 αὐλίσκων.
3064 4232 3152 4293 Ὠς
3194 4233 3258 4285 δὲ
3300 4233 3395 4287 καὶ
3430 4232 3527 4299 τῆς
3566 4228 3685 4299 πρὸς
3708 4223 3786 4290 τὴν

2261 4325 2439 4391 σάρκα
2495 4324 2770 4391 συμφυΐας
2808 4323 2869 4375 τὸ
2898 4323 3075 4392 δέρμα
3120 4324 3338 4391 διέστη,
3384 4321 3709 4389 ἁποδέρουσιν
3747 4311 3789 4363 οἱ

580 4396 854 4450 humanus
907 4397 1256 4453 sustinuisset
1294 4398 1506 4452 oculus.
1554 4398 1665 4452 like
1698 4409 1903 4466 autem,
1930 4402 2032 4456 etsi
2083 4403 2152 4457 ita

2258 4414 2432 4467 ἄθλιοι
2459 4414 2560 4477 τὰς
2587 4417 2886 4484 παρθένους
2924 4430 2937 4445 ·
2969 4415 2998 4467 ὃ
3027 4415 3163 4486 μηδὲ
3210 4414 3582 4485 φιλάνθρωπος
3602 4409 3660 4463 ἂν
3686 4406 3786 4458 θεά-

573 4493 913 4540 exuerentur
938 4486 1194 4557 pellibus,
1230 4495 1410 4565 tamen
1446 4488 1627 4543 divina
1670 4505 1778 4545 non
1810 4493 2152 4548 nudabantur

2261 4508 2457 4558 σασθαι
2498 4505 2791 4574 ὑπέμεινεν
2827 4484 3125 4574 ὀφθαλμός.
3150 4484 3229 4559 Ai
3249 4507 3308 4560 δὲ
3338 4484 3430 4560 και
3449 4505 3581 4559 οὕτω
3603 4500 3664 4553 τὰ
3686 4498 3785 4567 δέρο

579 4580 753 4645 gratia
780 4595 794 4631 :
822 4593 849 4631 a
885 4594 990 4648 qua
1020 4578 1182 4632 etiam
1217 4579 1439 4650 adjutae,
1472 4580 2154 4653 requirebantChristum,

581 4672 1094 4740 cujustcnebantur
1146 4672 1436 4739 desiderio,
1467 4673 1713 4728 dicentes
1762 4689 1778 4732 ;
1833 4693 1850 4726 ι
1887 4675 2155 4732 Memento

582 4761 782 4827 nostri,
814 4762 1048 4832 benigne
1076 4771 1130 4816 et
1164 4763 1403 4818 clemens
1421 4762 1647 4821 Domine
1690 4785 1702 4819 :
1749 4769 2002 4837 quoniam
2032 4785 2158 4839 pro—

580 4866 700 4930 pter
733 4864 785 4908 te
823 4863 998 4909 morte
1030 4854 1299 4909 allicimur
1353 4864 1464 4910 tota
1497 4858 1605 4922 die,
1656 4865 1710 4910 ct
1741 4866 1996 4925 tanquam
2027 4874 2157 4914 oves

580 4949 869 5001 occisionis
900 4956 1125 5018 propter
1151 4956 1202 5001 te
1229 4963 1419 5002 sumus
1460 4950 1783 5018 reputat-(13’.
1816 4969 1834 5001 ι

655 5119 840 5181 XXIV.
874 5126 1133 5200 Princeps
1176 5141 1354 5185 autem
1392 5145 1693 5201 coquorum
1744 5148 1869 5188 cum
1903 5134 2039 5190 vidit
2066 5151 2163 5190 eas

579 5218 654 5271 ita
702 5221 918 5274 exuisse
972 5222 1164 5290 pellem
1218 5224 1424 5294 absque
1460 5225 1566 5279 ulla
1630 5226 1896 5293 molestia,
1930 5229 2159 5298 perinde

579 5324 646 5364 ac
669 5310 712 5364 si
736 5311 860 5379 quis
877 5322 1082 5366 vestem
1102 5314 1366 5381 exuisset,
1387 5324 1441 5370 et
1456 5317 1620 5372 simul
1644 5332 1736 5373 eas
1762 5320 1980 5373 interim
2000 5320 2162 5374 audi—

583 5404 749 5459 visset
778 5404 1054 5459 dominum
1088 5405 1447 5476 alloquentes,
1476 5418 1535 5463 ut
1566 5409 1803 5478 jusserat
1854 5410 2160 5477 Teridates,

582 5501 661 5552 eis
695 5498 822 5553 fecit
852 5496 1067 5569 linguas
1099 5501 1286 5553 eximi.
1326 5499 1460 5555 Cum
1495 5501 1674 5569 itaque
1722 5502 2024 5570 virginibus
2054 5504 2166 5557 col-

584 5604 690 5648 lum
739 5590 927 5642 fuisset
972 5605 1115 5660 pone
1163 5591 1523 5661 perforatum,
1563 5594 1642 5648 eis
1690 5594 1887 5665 lingua
1943 5598 2162 5650 exscin-

656 5767 676 5798 τ
709 5766 859 5820 Ρεαί.
893 5785 1041 5832 xuii,
1080 5768 1166 5821 ἓξ.

2218 4626 2235 4637 κ
2259 4610 2407 4665 ματα
2445 4596 2793 4666 ἐκδυόμεναι,
2825 4598 2974 4666 ὅμως
3007 4598 3105 4667 τῆς
3161 4598 3314 4662 θείας
3352 4601 3452 4650 οὐκ
3499 4589 3783 4662 ἐγυμνοῦντο

2257 4687 2498 4758 χάριτος.
2549 4688 2640 4755 ὑφ’
2709 4683 2779 4759 ἧς
2823 4690 2920 4742 καὶ
2968 4689 3310 4760 θαλπόμεναι
3355 4689 3443 4743 τὸν
3499 4682 3782 4751 ποθούμενον

2258 4773 2483 4844 ἐξῄτουν
2511 4775 2763 4846 Χριστὸν,
2788 4796 2806 4827 ι
2829 4776 3116 4847 Μνήσθητι
3152 4781 3245 4832 κσίι
3276 4779 3452 4849 ἡμῶν,
3487 4771 3779 4844 φιλανθρωπε

2256 4866 2501 4917 Δέσποτα
2527 4904 2541 4930 ,
2581 4867 2870 4933 λέγουσαι·
2918 4870 2999 4921 ὅτι
3056 4869 3219 4923 ἕνεκα
3287 4868 3380 4921 σοῦ
3455 4856 3777 4928 θανατούμεθα

2257 4955 2383 5023 ὅλην
2430 4956 2530 5027 τὴν
2577 4959 2814 5029 ἡμέραν,
2866 4961 2958 5011 καὶ
2990 4959 3065 5022 ὡς
3115 4961 3364 5031 πρόϐατα
3400 4956 3604 5027 σφαγῆς
3634 4951 3706 5003 διά
3730 4944 3775 4994 σέ

2257 5044 2641 5116 ἐλογίσθημεν.
2688 5065 2705 5097 ι

2330 5132 2453 5213 ΚΔή
2499 5137 2556 5209 ἒς)
2589 5136 2646 5189 δὲ
2677 5137 3096 5207 ἀρχιμάγειρος,
3135 5137 3326 5208 ἐπειδὴ
3371 5135 3469 5208 τὴν
3499 5128 3639 5201 δορὰν
3668 5117 3767 5175 ἀλύ-

2260 5247 2375 5292 πως
2405 5218 2583 5301 οὕτως
2604 5232 2959 5302 ἀποθεμένας
2986 5229 3148 5298 εἶδεν,
3181 5233 3370 5302 ὥσπερ
3410 5231 3474 5282 ἂν
3508 5226 3561 5278 ετ
3584 5238 3650 5285 τις
3668 5213 3775 5283 ἱειά·
3820 5257 3824 5269 ι

2258 5338 2373 5375 τιον
2400 5324 2760 5392 ἀποδύσαιτο,
2793 5327 2889 5379 καὶ
2908 5325 3026 5395 ἅμα
3058 5327 3148 5378 καὶ
3190 5327 3330 5397 πρὸς
3357 5324 3449 5374 τὸν
3469 5319 3593 5373 Θεὸν
3616 5315 3781 5383 ἥκουσί

2265 5415 2468 5480 μεταξὺ
2497 5415 2819 5485 διαλεγομὲν
2834 5402 2917 5483 ον,
2949 5419 3089 5470 κατὰ
3123 5418 3181 5469 τὸ
3206 5415 3303 5470 τοῦ
3334 5410 3615 5484 Τηριδάτου
3644 5398 3786 5467 πΡό⁵’

2262 5520 2467 5574 ταγμα,
2502 5508 2605 5572 καὶ,
2636 5507 2735 5569 τὰς
2780 5508 3024 5574 γλώττας
3065 5509 3317 5562 ἐκέλευεν
3343 5504 3552 5571 ἐξελεῖν.
3590 5497 3684 5577 Kal;
3708 5490 3788 5553 δη·

2266 5613 2332 5648 τοι
2376 5600 2498 5661 τοὺς
2536 5601 2769 5668 αὐχένας
2795 5602 3018 5655 ὄπισθεν
3052 5603 3109 5655 αἱ
3140 5601 3399 5671 παρθένοι
3430 5590 3786 5648 διατοεὲδεῐσλι.
