4060 6478
352 459 459 522 9⁴13

1290 453 1464 515 νιΤΑ
1512 454 1572 513 S.
1620 450 2001 512 GREGORII
2046 449 2682 511 ILLUMINATORIS.

3499 452 3604 514 97L

349 574 546 636 αὐταῖς
585 571 786 643 ῥίζαις,
840 570 937 635 τὰς
975 569 1220 639 γλώττας
1259 570 1643 640 ἔκτέμνονται.
1680 563 1812 622 Εῐτα
1836 567 1966 629 καὶλ

2075 577 2242 621 untur
2270 567 2554 623 radicitus.
2592 566 2799 621 Deinde
2834 582 2956 623 cum
2982 565 3253 636 lapidibus
3298 564 3470 619 instar
3494 567 3608 637 gla—

349 664 525 728 λίθοις
555 663 844 734 μαχαιρῶν
888 663 1047 734 δίκην
1091 662 1502 732 ὲστομωμένοις
1537 663 1634 714 καὶ
1665 660 1927 730 τέμνουσι

352 756 456 820 τὰς
504 755 783 826 γαστέρας
828 755 1215 817 ἀνακοπεῖσαι,
1262 752 1361 807 καὶ
1414 752 1513 823 τὴν
1552 753 1706 815 ἐντος
1747 753 1932 805 πᾶσαν

355 843 649 900 διάπλασιν
695 844 802 914 προ
837 842 948 896 τῶν
989 842 1169 896 ποδῶν
1213 841 1473 912 χυθεῖσαν
1523 839 1758 905 ίδοῦσαι,
1789 838 1933 894 οὕτω

357 935 456 990 καὶ
490 934 592 999 τὰς
627 934 875 1003 κεφαλὰς
906 932 1293 1003 ἀφαιροῦνται.
1348 931 1525 1003 Ἕκτῃ
1578 931 1678 1002 μὲν
1707 924 1801 987 οὖν
1840 933 1935 986 καὶ

360 1023 537 1080 είκάδι
589 1023 685 1079 τοῦ
743 1024 1121 1095 Σεπτεμϐρίου
1154 1023 1344 1092 μηνὸς,
1376 1024 1410 1094 ἡ
1443 1022 1666 1091 γενναία
1705 1021 1934 1092 Ῥιψίμη

356 1109 453 1165 τὸν
502 1109 844 1180 μαρτυρικδν
895 1109 1142 1175 ἀνείλετο
1200 1110 1493 1180 στέφανον.
1548 1111 1662 1175 Τὰς
1709 1112 1806 1163 ἐπὶ
1866 1113 1935 1181 τῇ

360 1200 511 1270 ἄγρᾳ
559 1199 615 1252 δὲ
642 1199 750 1254 τῶν
792 1201 1005 1267 ἐκείνης
1045 1199 1313 1269 λειψάνων
1348 1200 1707 1272 ὀρμηθείσας·
1732 1201 1767 1271 ή
1796 1200 1937 1270 αὐτὴ

365 1293 655 1362 μάρτυρας
710 1287 850 1345 εἶδεν
901 1294 1108 1363 ἡμέρα.
1140 1293 1220 1363 Τῇ
1258 1291 1505 1364 ἑπομένῃ
1553 1291 1613 1345 δὲ
1645 1293 1742 1345 καὶ
1773 1293 1806 1362 ἡ
1840 1307 1941 1361 μα·-

360 1382 533 1454 καρία
565 1382 769 1454 Γαῖανὴ
824 1385 965 1452 μετὰ
995 1385 1107 1437 τῶν
1149 1384 1550 1455 συμπαρθένων
1600 1383 1664 1437 τὸ
1718 1383 1817 1453 τῆς
1850 1398 1939 1434 τε·

367 1474 617 1539 λειώσεως
654 1475 893 1545 ἔδραμον
921 1475 1157 1530 στάδιον.
1190 1477 1367 1545 Ἕκτη
1412 1478 1591 1530 τοίνυν
1620 1475 1682 1540 ἐξ
1728 1475 1940 1528 ἐκείνου

364 1564 585 1633 διῆλθεν
626 1567 833 1634 ἡμέρα,
873 1566 971 1619 καὶ
1020 1566 1542 1643 ὑπομαραιινομένης
1577 1564 1680 1636 ἤδη
1706 1563 1785 1634 τῷ
1835 1565 1947 1633 Τη-

369 1655 559 1727 ριδάτῃ
592 1657 689 1725 τῆς
719 1654 833 1710 τῶν
862 1654 1086 1724 ἐρώτων
1116 1654 1334 1723 φλογὸς,
1366 1654 1567 1724 μελέτη
1590 1653 1766 1725 θήρας
1793 1651 1956 1722 αὐτῷ

365 1744 577 1808 γίνεται
632 1741 728 1795 καὶ
782 1743 1133 1813 παρασκευή.
1171 1741 1280 1796 Καὶ
1312 1743 1341 1796 ό
1377 1741 1478 1812 μὲν
1529 1739 1618 1793 ἐπ’
1665 1738 1945 1809 ὀχήματος

367 1837 516 1909 ἐξῄει
546 1838 647 1906 τῆς
679 1838 923 1898 πόλεως·
951 1839 986 1908 ἡ
1041 1836 1169 1906 δίκη
1199 1835 1257 1889 δὲ
1295 1835 1398 1888 οὐκ
1451 1832 1767 1905 ἐϐράδυνεν,
1811 1830 1946 1885 ἀλλά

369 1908 461 1991 τιςν
505 1930 657 2000 αὐτῷ
696 1928 1065 1999 προσπαλαίει
1119 1929 1309 1999 μανία.
1365 1928 1476 1981 Καὶ
1544 1924 1949 1996 δαιμονιώτατα
1985 1908 2025 1960 Β

367 2015 527 2086 οὗτος
558 2022 837 2091 ἐμαίνετο,
877 2021 975 2075 καὶ
1022 2022 1348 2092 παράφορος
1404 2016 1474 2090 ἦν
1527 2020 1652 2083 ὅλος
1708 2017 1813 2071 ὑπὸ
1846 2017 1947 2084 τῆς

374 2112 556 2180 νόσου,
587 2114 696 2166 τῶν
720 2115 867 2169 ἰδίων
891 2130 949 2166 τε
982 2113 1201 2184 σαρκῶν
1253 2113 1584 2182 παρέτρωγε
1610 2115 1721 2173 τοῖς
1743 2109 1946 2171 ὀδοῦσι,

372 2206 465 2258 καὶ
505 2207 585 2269 είς
634 2208 821 2276 χοῖρον
862 2206 1066 2277 ἧμειψε
1096 2207 1193 2258 καὶ
1219 2205 1282 2258 τὸ
1310 2200 1473 2268 εἶδος,
1505 2203 1602 2257 καὶ
1634 2202 1952 2272 μετηλλάγη

371 2297 841 2368 Ναϐουχοδονόσορ
863 2301 942 2361 είς
964 2299 1063 2368 τὴν
1092 2297 1326 2369 μορφὴν,
1353 2296 1672 2366 μεταλαϐὼν
1699 2297 1807 2364 γὰρ
1825 2292 1955 2347 ταύ-

373 2390 785 2460 την-ἠγνόησεν,
798 2390 989 2443 τοῦτον
1014 2390 1101 2443 τὸν
1123 2390 1439 2459 μανθανέτω
1454 2390 1657 2459 τρόπον
1672 2388 1767 2441 καὶ
1787 2389 1956 2456 Τηρι-

373 2482 567 2553 δάτην,
600 2483 699 2552 τὴν
720 2483 893 2553 αὐτὴν
920 2483 1115 2552 ἐκείνῳ
1144 2481 1449 2551 μεταϐολὴν
1480 2482 1819 2544 ὑποστάντα,
1861 2480 1955 2531 καὶ

375 2573 554 2647 ταύτῃ
588 2579 688 2639 τὴν
726 2573 1022 2628 ἀκολασίαν
1085 2574 1547 2643 εἰσ-πραττόμενον
1594 2573 1691 2624 κα)⁸
1737 2573 1799 2622 τὸ
1824 2570 1957 2637 ἄγος

379 2665 479 2719 καὶ
528 2664 673 2721 οὕτω
723 2665 960 2735 πικρῶς.
1012 2665 1122 2718 Καὶ
1149 2660 1217 2733 ἦν
1264 2664 1335 2717 τὰ
1386 2664 1492 2730 ἔξω
1525 2663 1621 2721 τοῦ
1654 2662 1958 2733 Τηριδάτου

380 2759 589 2833 χοῖρος,
642 2757 744 2826 τῆς
796 2756 949 2810 ἔνδον
981 2756 1269 2827 ὠμότητος
1302 2772 1361 2809 τε
1396 2757 1492 2809 καὶ
1547 2754 1644 2808 τοῦ
1692 2754 1959 2825 βορϐόρου

379 2850 495 2904 τῶν
527 2849 757 2922 ἡδονῶν,
783 2849 880 2902 καὶ
914 2850 1013 2916 τῆς
1042 2848 1213 2919 ἄλλης
1242 2847 1488 2919 χοιρείας
1520 2847 1615 2902 καὶ
1653 2845 1835 2916 ψυχῆς
1867 2847 1963 2898 καὶ

383 2941 610 3011 ἀγωγῆς
637 2938 803 2993 εἰκὼν
831 2939 947 3011 ἅμα
1012 2941 1108 2994 καὶ
1173 2940 1484 3011 εἰσπραξις.
1519 2940 1633 3009 Οὐχ
1674 2941 1702 2991 ὁ
1733 2937 1967 3008 Τηριδά-

386 3049 488 3102 της
523 3033 580 3088 δὲ
638 3034 800 3103 μόνος
849 3035 1027 3093 ταῦτα
1072 3037 1100 3088 ό
1139 3032 1360 3104 μιαρὸς,
1414 3031 1552 3085 ἀλλὰ
1604 3031 1701 3085 καὶ
1740 3031 1804 3084 τὸ
1837 3032 1966 3101 περὶ

388 3132 552 3186 αὐτὸν
606 3135 1010 3203 στρατιωτικὸν
1060 3133 1229 3197 ἆπαν,
1282 3131 1378 3184 καὶ
1425 3129 1552 3183 ὅσον
1606 3131 1663 3183 ὲν
1714 3128 1966 3199 ἄρχουσι,

2033 660 2246 723 diorum
2279 659 2450 713 aeutis
2483 667 2539 713 et
2575 657 2910 724 secantibus,
2947 658 3151 713 exsecti
3202 656 3434 713 fuissent
3477 673 3612 711 ven-

2033 757 2168 814 tres,
2195 759 2249 804 et
2293 751 2610 805 universum
2663 750 2940 805 internum
2987 749 3303 823 figmentum
3344 749 3611 806 vidissent

2037 839 2219 894 fusum
2252 856 2351 910 pro
2394 842 2645 910 pedibus,
2679 843 2761 897 eis
2808 842 2985 913 capita
3026 850 3399 913 amputantur.
3433 844 3610 913 Atque

2041 931 2307 987 vicesimo
2335 932 2556 1002 quidem
2584 944 2738 988 sexto
2768 934 2974 989 mensis
3005 932 3343 1003 Septembris
3376 933 3610 1004 gloriosa

2037 1019 2283 1090 Ripsime
2340 1026 2596 1077 coronam
2647 1024 2885 1090 suscepit
2942 1023 3289 1093 martyrieam
3351 1023 3447 1092 (Ξ).
3511 1022 3616 1076 Eas

2038 1129 2193 1177 vero,
2228 1131 2349 1185 quae
2399 1126 2663 1170 venerant
2694 1117 2761 1171 ad
2813 1115 3085 1170 venandas
3139 1115 3284 1170 illius
3331 1115 3612 1185 reliquias,

2042 1206 2188 1262 idem
2223 1208 2339 1262 dies
2360 1207 2494 1262 vidit
2522 1217 2808 1279 martyres.
2840 1208 2938 1264 Die
2967 1219 3154 1263 autem
3190 1209 3440 1279 sequenti
3456 1209 3615 1263 beata

2040 1313 2258 1369 quoque
2282 1298 2487 1355 Gaiana
2533 1317 2657 1356 cum
2697 1301 2862 1356 sociis
2892 1301 3196 1373 virginibus
3226 1308 3617 1371 percurrerunt

2043 1390 2284 1446 stadium
2344 1392 2855 1448 consummationis.
2900 1392 2984 1447 Ab
3039 1391 3135 1448 illo
3189 1406 3317 1463 ergo
3374 1401 3618 1461 tempore

2044 1482 2262 1536 transiit
2286 1491 2472 1537 sextus
2507 1483 2646 1549 dies,
2673 1492 2730 1539 et
2771 1484 2883 1554 jam
2915 1484 3132 1539 flamma
3185 1498 3433 1538 amorum
3464 1482 3620 1537 Teri-

2045 1574 2185 1628 data:
2208 1575 2411 1629 sensim
2446 1584 2838 1641 marcescente,
2871 1576 2961 1631 ille
2989 1590 3241 1646 egressus
3254 1585 3340 1630 est
3366 1574 3432 1627 ad
3460 1588 3624 1627 vena—

2045 1670 2273 1725 tionem.
2297 1669 2414 1724 Non
2448 1670 2678 1726 tardavit
2706 1680 2887 1726 autem
2916 1671 3127 1741 iustitia
3160 1688 3174 1724 :
3214 1669 3306 1723 sed
3335 1683 3458 1723 eum
3476 1682 3627 1738 qum—

2045 1761 2170 1815 dam
2200 1762 2408 1817 invadit
2430 1762 2658 1826 insania,
2688 1777 2793 1833 qna
2835 1761 3052 1817 furebat
3080 1762 3240 1832 plane
3269 1751 3624 1819 daenmniace,

2048 1861 2104 1907 et
2130 1867 2241 1923 pra:
2267 1854 2459 1909 morbo
2484 1862 2602 1909 erat
2637 1864 2829 1909 emotae
2867 1853 3088 1915 mentis,
3117 1862 3173 1907 et
3216 1852 3469 1907 dentibus
3498 1867 3625 1906 suae

2050 1946 2342 2000 arrodebat
2363 1962 2556 2002 carnes
2579 1965 2594 2002 :
2620 1957 2675 2003 et
2703 1955 2908 2001 mutata
2931 1946 3033 2000 funt
3066 1946 3239 2001 forma
3274 1944 3394 2013 ejus
3423 1944 3477 1996 in
3500 1957 3628 2010 por.

2050 2053 2198 2093 cum.
2217 2040 2384 2117 ⁹Ωιιοᾶ
2435 2040 2480 2095 si
2527 2040 2650 2110 quis
2680 2039 2772 2104 sit,
2802 2039 2893 2107 qui
2923 2053 3031 2092 non
3081 2038 3295 2108 ignoret
3327 2035 3495 2090 fuisse
3520 2032 3630 2086 Na-

2052 2128 2559 2185 buchodonosorem
2607 2137 2875 2184 mutatum
2909 2128 2966 2182 in
2996 2129 3136 2182 hanc
3160 2127 3415 2190 formam,
3434 2124 3628 2179 eodem

2055 2220 2217 2274 modo
2250 2219 2387 2275 sciat
2428 2220 2593 2275 etiam
2637 2219 2946 2275 Teridatem
2995 2219 3264 2282 eamdem,
3306 2231 3468 2286 quam
3516 2214 3627 2280 ille,

2055 2310 2289 2366 subiisse
2314 2313 2696 2366 mutationem.
2727 2310 2929 2380 Sicque
2967 2310 3035 2365 de
3075 2308 3301 2363 libidine
3340 2317 3393 2361 et
3429 2304 3631 2377 ﬂagitio

2057 2410 2284 2469 sumpta:
2314 2411 2439 2457 sunt
2475 2412 2582 2457 tam
2636 2402 2845 2457 acerbae
2888 2415 3065 2471 pennae
3091 2399 3194 2470 (5).
3225 2398 3294 2452 Et
3331 2405 3446 2452 erat
3477 2396 3635 2451 Teri-

2057 2494 2212 2549 dates
2252 2496 2592 2549 extrinsecus
2632 2508 2831 2565 porcus
2875 2511 2889 2547 :
2941 2493 3169 2547 internae
3207 2489 3547 2546 crudelitatis
3580 2498 3638 2543 et

2059 2586 2201 2641 cmni
2218 2585 2574 2656 voluptatum,
2606 2596 2659 2641 et
2689 2586 2911 2650 alterius
2944 2584 3182 2654 porcina:
3206 2584 3401 2638 anima:
3429 2598 3493 2636 ac
3513 2582 3639 2638 vitae

2061 2679 2227 2733 simul
2249 2679 2429 2750 imago
2451 2687 2504 2734 et
2538 2693 2721 2749 parua.
2752 2679 2872 2732 Non
2915 2676 2995 2732 sic
3025 2685 3207 2731 autem
3235 2676 3384 2730 solus
3413 2683 3530 2729 erat
3560 2674 3643 2727 af-

2064 2771 2239 2826 fectus
2273 2772 2646 2828 exsecrandus
2678 2770 2962 2825 Teridates
3001 2784 3018 2822 :
3070 2768 3168 2823 sed
3200 2776 3255 2822 et
3298 2781 3513 2829 omnes,
3544 2766 3642 2834 qui

2065 2873 2221 2918 erant
2252 2879 2378 2920 cum
2407 2880 2473 2919 eo
2508 2864 2734 2925 milites,
2769 2872 2827 2918 et
2867 2863 3182 2932 quicunque
3212 2876 3278 2915 ex
3308 2860 3643 2929 magistrati-

2066 2957 2169 3011 bus
2203 2964 2260 3010 et
2296 2956 2416 3011 aliis
2455 2956 2665 3011 civibus
2698 2955 2857 3009 simul
2889 2954 3219 3008 laetabantur
3248 2953 3337 3016 iis,
3366 2967 3485 3021 quae
3517 2966 3646 3020 per-

2068 3059 2281 3123 petrata
2313 3050 2549 3113 inerant,
2578 3067 2703 3106 eum
2735 3052 2930 3106 eodem
2966 3050 3314 3105 laetabantur
3348 3049 3593 3107 dmmone
3627 3066 3643 3102 :

2071 3159 2182 3199 non
2214 3144 2356 3215 quod
2389 3153 2573 3198 essent
2603 3144 2701 3214 ipsi
2731 3158 2946 3213 quoque
2986 3158 3278 3213 porcorum
3309 3140 3484 3195 induti
3522 3155 3647 3211 spe-

391 3230 487 3284 καὶ
519 3230 572 3283 εἴ
599 3249 652 3285 τι
691 3231 820 3286 ἄλλο
842 3230 934 3283 τοῦ
966 3229 1369 3298 πολιτεύματος
1398 3228 1513 3291 τοῖς
1542 3225 1966 3295 τετολμημένοις

2072 3238 2177 3302 cie,
2206 3237 2302 3291 sed
2335 3237 2388 3289 in
2419 3235 2659 3291 furorem
2695 3236 2902 3291 redacti
2932 3245 3110 3298 erant,
3135 3248 3189 3290 et
3218 3252 3246 3290 a
3276 3250 3334 3289 se
3360 3236 3514 3305 plane
3536 3233 3650 3289 dis-

394 3324 651 3394 συνήδετο
685 3323 765 3393 τῷ
798 3322 950 3392 αὐτῷ
981 3323 1199 3392 δαίμονι
1227 3321 1570 3375 διαπαλαῖον.
1603 3315 1711 3373 Ἦν
1742 3314 1836 3371 οὖν
1873 3319 1970 3370 καὶ

387 3419 505 3480 τοῖς
562 3416 817 3486 κατόχοις
880 3415 961 3484 τῷ
1006 3414 1173 3468 πάθει
1233 3413 1398 3466 ὁπότε
1452 3413 1546 3465 καὶ
1603 3411 1969 3482 ἀνανήφειαν,

391 3508 567 3577 πολλὴ
598 3508 697 3577 τῆς
729 3506 1054 3573 ἀπαλλαγῆς
1091 3507 1124 3577 ἡ
1165 3504 1457 3575 ἐπιθυμία,
1488 3503 1583 3556 καὶ
1611 3504 1722 3566 τοῖς
1748 3502 1974 3565 οἰκείοις

391 3603 427 3672 ἠ
460 3603 683 3671 φροντὶς
737 3601 840 3652 οὐκ
892 3599 1154 3662 ἐλάττων,
1212 3595 1370 3650 τοῦτο
1424 3597 1523 3664 μὲν
1557 3594 1699 3648 ὥστε
1754 3595 1832 3665 μὴ
1862 3596 1976 3657 τοῖς

390 3693 600 3763 ὁμοίοις
636 3692 992 3762 περιπεσεῖν,
1020 3688 1186 3742 τοῦτο
1236 3687 1295 3741 δὲ
1353 3684 1495 3741 ὥστε
1528 3686 1627 3756 τῆς
1658 3685 1815 3739 νόσου
1848 3686 1975 3748 τοὺς

397 3788 785 3856 προσήκοντας
815 3784 1205 3853 κουφισθῆναι.

467 3875 599 3930 κεν.
647 3876 737 3929 Ἐν
787 3870 832 3944 ᾧ
874 3876 932 3928 δὲ
982 3873 1246 3938 τοιούτοις
1300 3871 1598 3941 ἐξητάζετο
1650 3869 1884 3924 πάθεσιν
1938 3869 1973 3938 ἡ

411 3968 695 4039 Ἀρμενία,
731 3968 945 4038 ὄνειρος
983 3969 1051 4037 τῇ
1087 3964 1182 4019 τοῦ
1216 3965 1486 4036 βασιλέως
1517 3962 1726 4032 ἀδελφῇ
1759 3963 1978 4014 Κουσα-

398 4062 666 4132 ροδούκτα
691 4061 969 4131 ἐπιφοιτᾷ.
1006 4061 1066 4113 'O
1093 4059 1149 4112 δὲ
1178 4059 1387 4128 ὄνειρος
1451 4056 1567 4126 φῶς
1598 4050 1666 4126 ἦν
1700 4052 1976 4126 ἀνθρώπῳ

399 4152 501 4224 τὴν
526 4152 820 4207 διάπλασιν
845 4151 1041 4213 ἐοικός.
1096 4150 1299 4203 Ἐδόκει
1328 4149 1383 4202 δὲ
1423 4147 1604 4217 λέγειν
1629 4146 1725 4211 ὡς,
1756 4147 1806 4198 εί
1837 4144 1980 4215 Γρη-

399 4244 587 4313 γόριον
620 4246 830 4296 ἐκεῖνον
856 4242 918 4295 ὃν
968 4241 1122 4311 παρὰ
1154 4244 1219 4310 τῇ
1249 4238 1402 4293 πόλει
1449 4237 1683 4308 Ἀρταξᾴ
1720 4235 1981 4307 βαράθρῳ

402 4334 659 4403 καθῆκαν
717 4336 1081 4404 ἀνιμήσαιντο
1135 4331 1367 4396 ἐκεῖθεν,
1425 4330 1568 4383 κατὰ
1600 4328 1766 4390 πόδας
1818 4327 1979 4388 εὐθὺς

403 4427 503 4481 καὶ
558 4427 712 4490 λύσις
768 4425 1129 4494 ἀκολουθήσει
1177 4428 1280 4493 τῆς
1340 4420 1647 4492 συμφορᾶς.
1709 4417 1855 4473 Είδὲ
1906 4417 1982 4487 μὴ

402 4516 580 4572 ταῦτα
616 4518 750 4588 μηδὲ
783 4517 928 4570 οὕτω
961 4515 1217 4586 ποιητέον
1246 4514 1456 4579 αὐτοῖς,
1491 4512 1628 4564 ἀλλὰ
1664 4512 1741 4581 μὴ
1776 4509 1977 4579 ὲτέραν

403 4611 502 4666 τοῦ
556 4609 729 4664 κακοῦ
787 4609 1084 4679 θεραπείαν
1139 4607 1413 4675 εὑρήσειν.
1464 4601 1652 4656 Ταῦτα
1702 4601 1796 4654 τοῦ
1846 4600 1985 4653 ὀνεί-

410 4720 509 4774 ρου
545 4702 792 4764 εἰπόντος
828 4698 1177 4769 παρελθοῦσα
1215 4699 1295 4760 είς
1326 4696 1417 4748 τὸν
1438 4695 1613 4764 δῆμον
1671 4694 1704 4764 ἡ
1771 4694 1988 4746 Kenn-

412 4793 685 4864 ροδούκτσ.
724 4794 903 4865 (ἐνίκα
936 4792 1047 4863 γὰρ
1096 4793 1199 4860 τὴν
1232 4789 1366 4842 αἰδῶ
1423 4789 1457 4857 ἡ
1501 4787 1592 4840 ἐπὶ
1639 4785 1720 4855 τῷ
1768 4784 1989 4854 ἁδελφῷ

410 4888 608 4957 λύπη),
639 4885 916 4943 κοινοῦται
942 4885 1040 4953 τὴν
1074 4881 1221 4953 ὀψιν.
1257 4881 1319 4934 Oi
1351 4881 1409 4933 δὲ
1448 4876 1732 4947 μαίνεσθαι
1764 4877 1858 4930 καλ.
1889 4877 1988 4928 αὑ·

412 4981 513 5051 τὴν
546 4976 849 5050 οἰηθέντες,
880 4976 1008 5047 (ποῦ
1041 4977 1149 5047 γὰρ
1187 4973 1254 5027 ἂν
1282 4972 1374 5025 καὶ
1405 4969 1596 5023 ὀστοῦν
1634 4969 1716 5022 ἔτι
1747 4966 1990 5038 περιλεί-

413 5073 616 5126 πεσθαι
670 5070 971 5142 Γρηγορίου
1019 5070 1149 5139 παρ’
1182 5068 1365 5131 αὐτοῖς
1416 5068 1552 5130 ὅλως
1584 5062 1901 5134 ἡλπίζετο;)
1935 5061 1992 5111 ὲν

415 5163 713 5239 χλευασμῷ
754 5166 881 5225 τοὺς
909 5166 1008 5233 τῆς
1043 5159 1527 5230 Κουσαροδούκτας
1557 5157 1751 5225 λόγους
1796 5152 1993 5222 γέλωτι

421 5258 732 5313 ἐποιοῦντο.
777 5257 998 5327 Ἐπειδὴ
1031 5255 1085 5309 δὲ
1132 5255 1192 5307 τὸ
1228 5252 1397 5306 κακὸν
1426 5252 1519 5303 ἐπὶ
1546 5248 1707 5302 πλέον
1738 5246 1993 5308 ἐτείνετο,

424 5352 523 5406 καὶ
573 5353 603 5404 ό
644 5349 852 5422 δνειρὸς
904 5347 1204 5419 ἐπιφοιτῶν
1256 5341 1567 5404 οὐκὰνὶει,
1624 5343 1719 5394 καὶ
1770 5340 1803 5410 ἡ
1855 5336 1995 5407 γυνὴ

422 5451 677 5504 ἐπέκειτο
735 5444 1074 5517 σφοδροτέρα
1137 5439 1528 5508 ἀναγκάζουσα
1554 5435 1645 5488 τὸν
1695 5434 1865 5504 δῆμον
1911 5432 1994 5493 εἰς

425 5543 588 5612 ἔργον
639 5540 870 5607 ἀγαγεῖν
923 5537 1021 5605 τὴν
1082 5534 1225 5602 δίαν,
1291 5529 1567 5584 στέλλεται
1601 5542 1683 5588 τις
1720 5521 1875 5593 παρὰ
1920 5521 2000 5591 τῷ

439 5632 683 5703 Ἀρταξᾴ
745 5628 992 5701 φρουρίῳ
1038 5627 1144 5679 τῶν
1190 5628 1495 5694 ἐπισήμων.
1543 5618 1779 5679 Ασῦταῖας
1829 5615 2001 5683 ὄνομα

498 5835 574 5905 (2)
625 5832 894 5905 Ripsime,
946 5828 1177 5905 Gaiana
1219 5838 1277 5882 et
1348 5825 1623 5905 sociarum
1703 5828 2000 5905 martyrum

424 5891 634 5964 festum
656 5891 796 5975 apud
822 5891 1045 5958 Graecus
1062 5901 1132 5954 50
1144 5894 1483 5969 Septembris
1506 5895 1610 5951 sub
1625 5906 1733 5949 una
1760 5891 2002 5946 solenni-

2075 3337 2379 3386 cesserant.
2404 3330 2534 3384 Erat
2554 3330 2722 3400 igitur
2750 3330 2834 3391 iis,
2860 3344 2998 3399 quos
3031 3330 3145 3383 hare
3173 3330 3391 3383 tenebat
3410 3326 3651 3390 all‘ectio,

2074 3419 2297 3489 quando
2329 3419 2744 3487 resipiscebant,
2785 3418 3125 3473 liberationis
3157 3433 3410 3487 maguum
3438 3416 3655 3471 deside-

2074 3511 2219 3565 rium
2261 3527 2277 3565 :
2311 3526 2609 3579 eorumque
2664 3509 2990 3565 necessariis
3026 3522 3137 3563 non
3170 3510 3348 3563 minor
3376 3509 3537 3578 hujus
3572 3511 3651 3565 rei

2076 3618 2229 3666 cura,
2283 3602 2480 3673 partim
2525 3601 2768 3671 quidem,
2815 3616 2884 3654 ne
2939 3600 3248 3655 inciderent
3291 3600 3347 3655 in
3399 3601 3596 3657 similia
3636 3621 3649 3655 :

2075 3695 2271 3764 partim
2301 3700 2506 3753 autem,
2550 3700 2609 3745 ut
2636 3692 2826 3746 morbo
2849 3691 3182 3755 levarentur,
3211 3692 3303 3761 qui
3328 3692 3397 3746 ad
3430 3706 3525 3749 eos
3554 3702 3653 3746 at-

2076 3785 2346 3840 tinebant.

2148 3875 2314 3932 XXV.
2341 3875 2562 3931 Interim
2592 3884 2772 3929 autem
2805 3874 2933 3929 dum
2971 3871 3022 3927 in
3059 3874 3145 3928 bis
3188 3874 3342 3930 malis
3369 3874 3654 3933 conﬂicta-

2078 3969 2243 4025 batur
2272 3967 2553 4035 Armenia,
2586 3977 2813 4036 apparet
2842 3965 3117 4020 somnium
3158 3965 3303 4036 regis
3334 3967 3509 4020 sorori
3550 3968 3658 4022 Cu—

2081 4060 2405 4115 saroductas.
2425 4057 2709 4112 Somnium
2741 4066 2922 4110 autem
2978 4066 3097 4109 erat
3133 4054 3224 4110 lux
3256 4056 3461 4110 homini
3488 4056 3658 4129 figura

2082 4152 2293 4206 similis.
2334 4151 2623 4207 Videbatur
2653 4159 2834 4204 autem
2874 4150 3075 4215 dicere,
3096 4149 3240 4218 quod
3267 4149 3311 4203 si
3338 4148 3655 4220 Gregorium

2085 4246 2261 4301 illum.
2283 4259 2446 4315 quem
2477 4245 2528 4298 in
2557 4244 2776 4298 civitate
2801 4245 3029 4298 Artaxat
3059 4243 3113 4296 in
3142 4242 3458 4297 barathrum
3482 4242 3659 4297 demi-

2085 4346 2296 4403 serunt,
2336 4338 2486 4392 illine
2539 4337 2844 4402 hauserint,
2886 4351 2919 4391 e
2963 4334 3191 4406 vestigio
3229 4334 3356 4389 mali
3400 4344 3661 4405 sequetur

2085 4431 2304 4486 solutio.
2332 4429 2428 4484 Sin
2490 4428 2672 4484 minus
2730 4441 2910 4482 autem
2967 4427 3084 4481 hare
3135 4426 3212 4481 sie
3256 4426 3406 4489 ﬁant,
3456 4442 3665 4496 nequa-

2092 4539 2254 4592 quam
2290 4531 2419 4576 sunt
2459 4520 2733 4574 inventuri
2783 4519 2941 4572 aliam
2974 4517 3337 4572 curationem.
3378 4514 3502 4571 llaec
3537 4532 3662 4571 cum

2090 4614 2319 4669 dixisset
2367 4611 2660 4675 somnium,
2698 4608 2764 4661 ad
2817 4608 3076 4678 populum
3123 4608 3388 4662 accedens
3431 4607 3668 4663 Cusaro-

2093 4705 2255 4759 ducta
2303 4699 2579 4768 (vincebat
2606 4700 2752 4753 enim
2786 4699 3052 4769 pudorem
3092 4696 3158 4761 is,
3192 4712 3355 4766 quem
3401 4697 3470 4751 de
3498 4696 3666 4753 fratre

2092 4789 2399 4861 accipiebat
2427 4786 2602 4858 dolor)
2632 4785 2999 4842 communicat
3030 4783 3318 4839 visionem.
3366 4782 3442 4837 Illi
3483 4793 3664 4836 autem

2095 4898 2215 4938 eam
2244 4880 2494 4936 arbitrati
2539 4878 2783 4933 insanire
2814 4876 3110 4948 (quomodo
3163 4875 3307 4929 enim
3354 4884 3667 4945 speraretur

2096 4976 2239 5045 apud
2271 4982 2367 5029 eos
2408 4972 2632 5029 omnino
2655 4969 2924 5039 reliquum
2960 4982 3081 5023 esse
3125 4967 3205 5021 vel
3237 4981 3299 5022 os
3334 4966 3501 5021 ullum
3531 4964 3667 5021 Gre-

2095 5062 2288 5133 gorii?)
2312 5061 2477 5116 verba
2510 5058 2894 5115 Gusaroduetze
2936 5053 3346 5109 subsannabant
3380 5061 3433 5107 et
3478 5052 3668 5107 irride-

2096 5155 2247 5210 bant.
2279 5153 2412 5206 Cum
2458 5159 2639 5206 autem
2681 5147 2882 5204 malum
2926 5144 3330 5209 intenderetur,
3363 5159 3467 5198 nec
3503 5143 3672 5197 inter-

2098 5246 2343 5301 mitteret
2397 5244 2690 5298 adventare
2737 5238 3035 5299 somnium,
3086 5244 3141 5290 et
3197 5235 3395 5291 mulier
3442 5234 3671 5288 instaret

2099 5336 2502 5400 vehementius,
2537 5347 2736 5405 cogens
2782 5324 3068 5402 p0pulum,
3098 5337 3159 5383 ut
3199 5326 3466 5381 visionem
3499 5326 3563 5378 ad
3593 5323 3674 5397 eff

2103 5432 2301 5486 fectum
2344 5429 2662 5491 deduceret,
2697 5422 2927 5477 mittitur
2971 5421 3192 5492 quidam
3243 5419 3324 5473 vir
3376 5418 3555 5473 clarus
3607 5414 3675 5470 ad

2101 5522 2365 5593 oppidum
2397 5518 2642 5580 Artaxat,
2683 5514 2907 5569 nomine
2953 5512 3200 5567 Autaias.
3223 5511 3360 5565 Cum
3393 5524 3542 5581 ergo,
3583 5509 3675 5577 qui

2103 5617 2158 5671 in
2193 5631 2261 5669 eo
2292 5622 2471 5677 erant,
2503 5618 2804 5681 rogassent,
2824 5623 2921 5661 cur
2950 5604 3159 5659 veniret
3194 5601 3434 5666 Autaias,
3461 5611 3513 5657 et
3533 5616 3683 5671 qua:-

2109 5829 2217 5875 tate
2247 5815 2578 5873 ce'ebralur.
2609 5814 2807 5881 Latini,
2840 5811 2910 5869 29
2941 5808 3301 5884 Septembris.

2186 5889 2262 5960 is)
2309 5888 2441 5941 Dan.
2473 5889 2525 5940 ι.
