4060 6438
323 395 431 460 981

1267 396 1448 459 Vl'l‘A
1480 397 1537 462 S.
1576 394 1962 461 GREGORII
2005 396 2638 462 ILLUMINATORIS.

3481 364 3588 453 asa

341 508 411 563 Ἠ
447 502 634 580 μέντοι
660 505 770 559 τῶν
794 506 967 576 αἰγῶν
1000 508 1169 579 ἀγέλη
1199 508 1289 564 καὶ
1313 511 1345 581 ἡ
1370 510 1465 563 τοῦ
1493 509 1688 574 ὓδατος
1713 509 1904 564 διάϐα-

2023 508 2150 564 Ξτθτ
2184 519 2369 565 autem
2413 522 2725 579 caprarum,
2762 512 2817 560 ct
2866 518 3021 573 aqua:
3101 500 3388 565 transitus,
3420 511 3475 558 et
3514 505 3595 557 ni-

321 618 433 664 σις,
463 600 500 671 ἡ
529 615 590 652 τε
630 599 711 661 είς
742 599 993 669 πρόϐατα
1023 601 1233 655 τούτων
1288 602 1562 671 μεταϐολὴ
1611 602 1704 655 καὶ
1731 605 1764 672 ἡ
1806 602 1901 656 τοῦ

322 693 562 765 μέλανος
592 692 675 754 είς
707 692 769 744 τὸ
802 692 999 745 λευκὸν
1028 692 1136 746 τῶν
1168 694 1331 764 ἐρίων
1358 693 1536 766 τροπὴ
1567 696 1661 749 καὶ
1692 696 1719 749 ὁ
1768 694 1906 765 πλη-

320 783 557 852 θυσμὸς,
589 785 691 854 την
723 782 811 837 διὰ
853 783 949 836 τοῦ
993 783 1371 853 βαπτίσματος
1416 787 1526 841 τῶν
1562 787 1906 859 ἁμαρτωλῶν

316 872 619 943 κάθαρσιν,
662 873 755 925 καὶ⁵
803 872 901 941 τὴν
950 872 1060 925 τῶν
1093 874 1500 945 ἡμαρτημένων
1553 876 1770 944 ἄφεσιν,
1806 877 1907 944 τὴν

320 965 468 1037 πρὸς
495 963 594 1034 τὴν
641 964 925 1018 εὐσέϐειάν
962 982 1022 1018 τε
1058 965 1377 1035 μετάθεσιν,
1425 968 1518 1021 καὶ
1556 968 1617 1022 τδ
1661 969 1905 1038 γονιμώ-

318 1072 491 1111 τατον
547 1052 659 1109 τῶν
713 1056 927 1126 ἀρετῶν
977 1059 1071 1110 καὶ
1102 1057 1163 1110 τὸ
1208 1056 1507 1129 εὔκαρπον,
1552 1060 1645 1112 καὶ
1689 1058 1789 1129 τὴν
1823 1059 1905 1121 εἰς

321 1146 538 1215 πλῆθος
564 1146 678 1199 τῶν
721 1146 967 1201 εὐσεϐῶν
1008 1147 1253 1201 ἐπίδοσιν
1284 1150 1376 1202 καὶ
1422 1148 1653 1220 αὔξησιν
1699 1165 1911 1220 προαγ-

322 1235 530 1302 γέλλει.
564 1234 731 1287 Ὅσον
779 1233 837 1287 δὲ
870 1236 962 1287 καὶ
1007 1236 1090 1298 είς
1139 1234 1336 1299 λύκους
1370 1238 1654 1307 μετέϐαλε,
1684 1239 1782 1307 τὴν
1830 1241 1912 1301 είς

322 1325 557 1394 ὓστερον
596 1323 708 1377 τῶν
743 1324 1156 1395 ψευδοχρίστων
1189 1327 1332 1380 κατά
1366 1329 1466 1397 τῆς
1494 1327 1777 1392 εὐσεϐείας
1815 1329 1911 1382 καὶ

323 1417 438 1472 τῶν
456 1417 737 1487 ὁμογενῶν
771 1418 1144 1472 ἐπανάστασιν
1195 1418 1587 1490 προσημαίνει.
1636 1423 1748 1476 Καὶ
1787 1420 1913 1485 τοὺς

327 1510 473 1580 “Pb;
508 1509 716 1579 ταύτην
752 1511 1019 1577 γενναίως
1057 1511 1158 1581 τὴν
1201 1512 1467 1583 ἐπήρειαν
1511 1514 1903 1583 στησομένους,

325 1602 556 1663 τούτους
595 1603 732 1670 φησὶ
757 1601 848 1653 καὶ
894 1601 1028 1669 πρὸς
1060 1601 1155 1655 τὸν
1180 1602 1410 1673 οὺρανὺν
1441 1604 1605 1657 αὐτὸν
1641 1606 1800 1674 ταχεῖ
1829 1604 1909 1672 τῷ

324 1691 429 1760 τῆς
455 1690 688 1754 πίστεως
715 1692 899 1762 πτερῷ
929 1693 1235 1762 ἀναπτῆναι
1264 1694 1359 1747 καὶ
1385 1694 1595 1764 κούφῳ.
1622 1696 1692 1750 0!
1716 1713 1779 1764 γε
1804 1696 1913 1766 μὴν

324 1781 426 1836 τοῦ
452 1781 620 1852 πυρὸς
647 1782 854 1852 ρύακες
906 1783 1009 1847 τὴν
1058 1783 1421 1855 ὲκδεξομένην
1445 1788 1573 1848 τοὺς
1604 1787 1910 1855 ἐπαναστη-

2012 616 2120 672 grae
2147 601 2284 655 lanae
2314 602 2368 655 in
2403 600 2579 654 albam
2634 596 2865 653 mutatio
2900 606 2954 649 et
2985 593 3385 663 multiplicatio,
3446 608 3589 659 eam,

2013 708 2133 761 qua:
2169 691 2226 746 lit
2260 706 2355 761 per
2403 690 2752 758 baptismum,
2825 687 3189 757 expiationem
3244 693 3590 753 peccatorum

2014 792 2070 838 ct
2107 783 2399 846 scelerum,
2456 796 2577 851 qua:
2622 779 2860 835 admissa
2909 777 3135 841 fuerint,
3189 774 3589 839 remissionem,

2017 873 2430 929 translationem
2475 872 2541 926 ad
2578 872 2858 941 pietatem,
2912 869 3283 936 virtutumque
3337 865 3591 921 fertilita-

2017 978 2125 1023 tem
2161 976 2218 1022 et
2246 966 2668 1031 fecunditatem,
2726 967 3052 1035 piorumque
3101 961 3472 1017 multitudinis
3512 960 3593 1014 in—

2015 1069 2357 1114 crementum
2392 1067 2446 1112 et
2479 1066 2832 1130 augmentum
2881 1055 3269 1126 prmnuntiant.
3320 1053 3590 1122 Quicquid

2020 1159 2204 1205 autem
2256 1150 2310 1204 in
2364 1150 2523 1220 lupos
2586 1162 2805 1217 quoque
2833 1156 2918 1201 est
2970 1155 3257 1207 mutatum,
3291 1160 3431 1207 eam,
3472 1157 3594 1209 qua:

2018 1240 2293 1310 posterius
2367 1240 2478 1304 liet,
2544 1236 3182 1309 pseudocbristianorum
3237 1232 3590 1301 impietatem,

2017 1341 2071 1385 et
2121 1346 2236 1395 eos,
2297 1330 2387 1400 qui
2442 1330 2585 1384 illam
2647 1328 3051 1399 amplectuntur
3116 1322 3590 1388 insurrectioncm,

2020 1422 2329 1493 prasiguiﬁa
2350 1433 2420 1476 at.
2458 1423 2565 1477 Eos
2590 1430 2801 1480 autem.
2834 1419 2927 1491 qui
2970 1418 3096 1472 huic
3122 1413 3346 1471 insultui
3376 1413 3593 1468 excelso

2018 1522 2073 1568 et
2107 1513 2228 1568 forti
2283 1514 2467 1567 animo
2523 1512 2805 1574 resistent,
2874 1508 3008 1565 dicit
3067 1505 3131 1562 ad
3161 1506 3359 1563 caelum
3415 1504 3591 1573 ipsum

2019 1604 2261 1661 evolasse
2293 1604 2500 1675 pernici
2529 1614 2587 1658 et
2632 1602 2738 1659 levi
2792 1602 2875 1657 ala
2912 1600 3063 1656 fidei.
3095 1598 3243 1670 Ignis
3283 1603 3467 1650 autem
3493 1593 3592 1647 rivi

2021 1693 2335 1764 signiﬁcant
2391 1693 2725 1765 gehennam,
2783 1697 3137 1762 excepturam
3198 1702 3319 1752 eos,
3357 1687 3450 1757 qui
3508 1684 3596 1738 in-

2021 1787 2366 1842 surrexerint
2401 1787 2664 1841 adversus
2691 1785 2970 1855 pietatem.
3020 1781 3161 1839 Oves
3191 1794 3321 1835 vero
3362 1785 3532 1849 capta:
3564 1792 3595 1829 a

332 1871 600 1939 σομένονς
649 1874 719 1941 τῇ
770 1871 1029 1943 εὐσεϐείᾳ
1086 1872 1317 1942 γέενναν
1372 1876 1774 1946 ὑπογράφουσι.
1832 1875 1916 1931 ⁸Γὰ

2023 1878 2172 1943 l‘eris,
2205 1879 2396 1933 volunt
2435 1892 2530 1933 eos
2571 1876 2900 1945 signiﬁcare,
2951 1874 3042 1944 qui
3093 1889 3122 1928 a
3169 1869 3392 1943 maligni
3428 1883 3595 1925 vena-

336 1964 524 2033 μέντοι
549 1963 861 2035 θηριάλωτα
891 1963 1000 2019 τῶν
1027 1966 1316 2034 προϐάτων
1345 1968 1472 2031 τοὺς
1506 1968 1919 2039 ἀγρευθησομέ-

326 2071 457 2117 νους
486 2054 683 2117 ἀθλίως
707 2057 772 2126 τῇ
807 2056 900 2108 τοῦ
934 2056 1172 2125 πονηροῦ
1212 2056 1353 2129 θήρα
1381 2058 1575 2128 δηλοῦν
1607 2058 1858 2129 βούλεται
1898 2075 1914 2090 ο

329 2149 384 2199 οἱ
424 2146 482 2200 δὲ
524 2148 614 2200 ἐπὶ
675 2147 789 2201 τῶν
825 2149 1005 2218 νεφῶν
1047 2148 1231 2202 στῦλοι
1291 2150 1394 2221 τὴν
1432 2150 1541 2205 ἀπὸ
1580 2152 1685 2222 γῆς
1733 2150 1920 2206 ἄνοδον

335 2236 482 2305 μετὰ
523 2240 624 2309 τὴν
660 2241 726 2293 ὲκ
762 2240 977 2310 νεκρῶν
1015 2242 1336 2295 ἀνάστασιν.
1406 2241 1682 2314 ’Δῤῥεπὴς
1727 2245 1840 2313 γὰρ
1884 2245 1919 2314 ἠ

332 2329 604 2394 ἀνάϐασις
637 2333 732 2384 καὶ
783 2332 986 2402 κούφη.
1042 2334 1116 2385 Τὸ
1165 2334 1222 2385 δὲ
1268 2333 1378 2386 τῶν
1430 2333 1659 2388 δικαίων
1701 2336 1909 2406 ὄχημα,

331 2422 425 2490 ἐφ’
497 2414 560 2474 οὗ
589 2423 673 2485 είς
718 2423 1029 2491 ἀπάντησιν
1060 2422 1155 2476 τοῦ
1210 2423 1419 2493 Κυρίου
1466 2425 1526 2477 ὲν
1574 2428 1642 2495 τῇ
1682 2425 1918 2496 δευτέρᾳ

330 2512 529 2566 τούτου
580 2514 1007 2584 ἀρπαγήσονται
1051 2516 1351 2587 παρουσίᾳ,
1384 2517 1418 2586 ὴ
1453 2517 1547 2569 ἐπὶ
1573 2518 1685 2569 τῶν
1708 2516 1921 2570 στύλων

332 2607 566 2673 κεφαλὶς
588 2606 774 2676 ἐκείνη
805 2607 979 2673 ἐστὶν,
1010 2607 1193 2660 ἱκανὸν
1220 2607 1320 2679 τῆς
1361 2607 1743 2679 ἀναμενούσης
1773 2608 1916 2679 λαμ-

338 2696 617 2769 πρότητος
636 2697 861 2762 τούτους
886 2714 984 2751 τεκ
992 2699 1065 2768 μή
1076 2715 1212 2768 ριον.

411 2787 539 2844 KG’.
583 2788 740 2842 Οὓτω
771 2790 872 2859 μὲν
900 2790 993 2843 οὖν
1028 2792 1057 2844 ὁ
1087 2791 1233 2859 ίερδς
1286 2792 1588 2863 Γρηγὸριος
1615 2808 1715 2863 την
1738 2793 1919 2862 παρά-

332 2881 490 2947 δοξον
528 2883 751 2952 ἐκείνην
794 2881 925 2935 θέαν
961 2882 1274 2948 διεξελθὼν,
1328 2886 1420 2937 καὶ
1463 2884 1545 2947 είς
1587 2884 1764 2938 ταῦτα
1813 2884 1918 2938 ὑπὸ

334 2973 437 3026 τοῦ
512 2974 931 3044 παρεστηκότος
1005 2974 1247 3041 ἀγγέλου
1318 2975 1677 3047 ἀνενεχθῆναι
1743 2977 1918 3047 αὐτὴν

338 3069 546 3138 φήσας,
582 3069 674 3122 καὶ
718 3068 895 3139 ταύτῃ
932 3067 1234 3140 ἐκπλήξας.
1266 3069 1365 3141 τὴν
1402 3070 1512 3124 τῶν
1561 3071 1918 3142 μαρτυρικῶν

333 3158 611 3229 λειψάνων
653 3159 945 3230 μετάθεσιν
981 3161 1164 3223 αὐτοῖς
1191 3162 1503 3232 ἐπιτρέπει.
1537 3163 1602 3215 Ol
1637 3162 1695 3216 δὲ
1727 3162 1919 3233 πρῶτα

340 3254 445 3324 μιν
472 3254 602 3323 περὶ
632 3253 727 3323 τὴν
757 3253 863 3305 τῶν
890 3252 1202 3323 εὐκτηρίων
1229 3253 1397 3307 οἴκων
1440 3255 1731 3327 οἰκοδομὴν
1763 3255 1915 3326 φιλοο

338 3348 521 3410 πόκως
547 3346 689 3400 πάνυ
724 3346 820 3400 καὶ
864 3346 983 3414 φιλε
995 3347 1139 3413 ργῶς
1164 3347 1475 3415 ἐπονοῦντο,
1502 3349 1553 3401 οί
1583 3348 1683 3419 μὲν
1703 3348 1919 3418 λιθοφο-

342 3437 592 3508 ροῦντες,
630 3440 679 3492 οί
708 3438 764 3491 δὲ
794 3436 928 3504 ξύλα
961 3438 1178 3508 κέδρου,
1220 3440 1314 3491 καὶ
1347 3439 1527 3492 ταῦτα
1549 3439 1650 3511 τῆς
1682 3440 1920 3504 εὐώδους

343 3531 689 3601 κομίζοντες,
722 3532 818 3584 καὶ
849 3528 1106 3591 πλίνθους
1134 3530 1285 3583 ἄλλοι
1306 3546 1319 3560 ·
1364 3531 1461 3584 καὶ
1486 3532 1634 3583 οὕτω
1665 3532 1918 3596 διέκειτο,

340 3625 486 3677 ὥστε
528 3622 628 3675 καὶ
666 3625 817 3677 πᾶσα
852 3623 976 3692 χεὶρ
1021 3625 1364 3691 μειονεκτεῖν
1403 3624 1600 3690 ἐδόκει,
1649 3627 1698 3678 εί
1746 3624 1822 3695 μὴ
1859 3625 1923 3677 τὺ

343 3714 484 3767 ἴδιον
532 3713 738 3782 ἑκάστη
806 3712 972 3782 μέρος
1014 3711 1150 3780 ὕλης
1207 3711 1302 3781 τῆς
1345 3712 1643 3781 καλλίστης
1693 3712 1773 3775 είς
1822 3713 1923 3784 τὴν

341 3802 639 3873 οίκοδομην
668 3793 970 3874 ἀποφέροιό
1005 3804 1099 3856 καὶ
1131 3804 1332 3867 πάντες
1352 3803 1409 3856 δὲ
1441 3803 1613 3867 οὕτως
1644 3805 1715 3858 ἀν
1744 3805 1925 3858 εὐδαί-

354 3912 519 3967 μονες
574 3894 744 3965 ᾤοντο
787 3892 1069 3962 γενέσθαι,
1114 3895 1167 3947 εί
1194 3911 1247 3947 τι
1303 3897 1439 3965 πρὸς
1481 3895 1582 3966 τὴν
1625 3896 1748 3973 τιῖὐν⁸
1777 3896 1924 3951 ναῶν

344 3986 636 4056 οἰκοδομὴν
682 3987 806 4051 ταῖς
854 3986 1093 4056 μάρτυσι
1137 3988 1494 4057 χαρίσαιντοο
1534 3989 1628 4042 καὶ
1669 3988 1737 4052 ἀς
1792 3991 1925 4061 πρό.

346 4096 512 4149 τερον
565 4079 903 4149 ἀγριώτατα,
965 4080 1134 4148 οἴμοι,
1179 4080 1412 4145 ἀνεῖλον,
1464 4081 1670 4146 ταύτας
1718 4081 1814 4137 νῦν
1856 4082 1925 4136 τὰ

350 4172 564 4244 μεγάλα
604 4173 678 4236 ὡς
729 4171 810 4224 ἔνι
846 4172 1137 4240 τιμῶντες,
1192 4173 1420 4244 φανεροὶ
1449 4170 1611 4245 ἦσαν.
1655 4176 1925 4230 Τοσοῦτον

346 4267 547 4330 αὐτοὺς
569 4267 630 4319 τὸ
659 4265 833 4333 γλυκὺ
875 4267 1052 4318 ἐκεῖνο
1082 4266 1179 4319 τοῦ
1217 4267 1520 4339 Γρηγορὶου
1560 4269 1737 4340 στόμα
1766 4271 1858 4323 καὶ
1890 4272 1923 4342 ἡ

341 4356 728 4426 ἐπικαθημένη
812 4356 928 4417 τοῖς
984 4355 1189 4424 χείλεσι
1242 4356 1405 4427 χάρις
1462 4361 1539 4423 είς
1592 4360 1759 4430 τιμὴν
1813 4359 1925 4413 τῶν

356 4448 655 4519 μαρτύρων
713 4449 947 4520 ἐπῆραν.
1006 4447 1167 4503 Ἀλλὰ
1233 4448 1366 4514 Θεὸς
1396 4449 1667 4503 κάνταῦθα
1704 4446 1792 4522 ἦν,
1826 4451 1924 4520 τὴν

2022 1969 2172 2026 tione
2201 1971 2402 2026 misere
2429 1970 2571 2041 capti
2617 1968 2835 2025 fuerint.
2895 1964 3174 2023 Columnae
3223 1971 3427 2025 autem,
3472 1974 3595 2030 quae

2021 2068 2179 2114 erant
2205 2059 2260 2113 in
2298 2060 2561 2123 nubibus,
2599 2074 2630 2114 e
2685 2066 2828 2114 terra
2860 2070 3148 2112 ascensum
3182 2064 3304 2125 post
3352 2064 3597 2106 resurre-

2022 2150 2260 2205 ctionem
2283 2165 2313 2204 a
2344 2149 2601 2213 mortuis,
2646 2162 2916 2217 nusquam
2940 2145 3088 2200 enim
3119 2142 3398 2199 declinans
3436 2148 3492 2195 et
3520 2139 3596 2193 le-

2020 2240 2103 2296 vis
2149 2251 2233 2296 est
2288 2256 2570 2296 ascensus.
2605 2239 2810 2296 Currus
2860 2254 2989 2294 vero
3041 2237 3337 2308 justorum,
3391 2233 3447 2287 in
3479 2248 3590 2302 quo

1986 2402 1989 2405 _
2022 2333 2077 2385 in
2106 2347 2394 2387 occursum
2422 2330 2631 2385 Domini
2667 2331 2721 2385 in
2753 2328 2872 2399 ejus
2900 2325 3143 2383 secundo
3181 2324 3464 2395 rapientur
3491 2321 3586 2377 ad-

2022 2431 2210 2484 ventu,
2250 2432 2415 2493 caput
2442 2422 2596 2489 illud,
2622 2422 2767 2493 quod
2808 2429 2892 2476 est
2932 2421 3094 2489 supra
3145 2418 3448 2480 columnas,
3502 2424 3587 2469 est

2020 2512 2298 2571 sumciens
2344 2514 2625 2577 indicium,
2693 2527 2795 2568 nec
2843 2524 2951 2566 non
2983 2508 3309 2579 splendoris,
3364 2504 3457 2577 qui
3501 2519 3597 2560 eos

2020 2611 2321 2673 exspectat.

2089 2804 2281 2860 XXIX.
2319 2804 2454 2859 (lum
2486 2811 2710 2858 sanctus
2743 2817 2874 2872 ergo
2897 2798 3191 2871 Gregorius
3238 2796 3368 2851 illud
3419 2792 3597 2850 admi-

2021 2894 2193 2951 rablle
2217 2894 2587 2949 recensuisset
2622 2891 3025 2965 spectaculum,
3080 2896 3136 2944 et
3178 2885 3403 2944 dixisset
3437 2899 3497 2941 se
3528 2883 3595 2940 ad

2022 2987 2143 3043 haac
2167 2986 2340 3042 fuisse
2371 2985 2666 3042 deductum
2692 2986 2760 3040 ab
2785 2983 3001 3055 angelo,
3036 2980 3127 3052 qui
3181 2979 3465 3037 assistebat
3494 2993 3508 3032 :
3542 2987 3597 3031 et

2021 3078 2101 3133 sic
2157 3078 2317 3133 simul
2375 3075 2839 3148 obstupefecisset
2890 3084 2944 3130 et
2998 3072 3302 3130 deliniisset
3339 3085 3454 3136 eos,
3503 3069 3596 3139 qui

2022 3170 2270 3235 aderant,
2298 3169 2455 3240 jubet
2486 3177 2542 3225 ut
2574 3166 2993 3232 transferantur,
3035 3176 3091 3220 et
3121 3162 3428 3219 condantur
3458 3176 3601 3215 mar-

2028 3270 2203 3333 tyrum
2254 3261 2521 3331 reliquim.
2578 3260 2683 3330 Ipsi
2735 3269 2916 3313 autem
2972 3258 3208 3329 primum
3270 3254 3487 3325 quidem
3543 3253 3598 3306 in

2026 3352 2317 3421 sepulcris,
2363 3352 2731 3406 oratoriarum
2801 3348 2999 3404 aedium
3038 3347 3232 3413 instar,
3268 3342 3603 3399 aediﬁcandi:

2026 3443 2276 3498 studiose
2307 3451 2362 3496 et
2393 3442 2683 3513 diligenter
2716 3440 3059 3503 laborabant,
3092 3438 3179 3493 alii
3216 3436 3436 3507 quidem
3470 3450 3601 3506 ροτ-

2029 3542 2209 3589 tantes
2233 3533 2463 3603 lapides,
2494 3532 2583 3586 alii
2633 3541 2813 3586 autem
2851 3531 2994 3601 ligna
3025 3529 3173 3584 cedri
3208 3526 3480 3583 odorifera
3517 3527 3601 3581 fc-

2030 3632 2240 3689 rentes,
2274 3632 2329 3679 et
2356 3623 2446 3677 alii
2497 3623 2696 3677 lateres
2750 3638 2766 3676 :
2815 3630 2980 3690 atque
3031 3620 3104 3674 ita
3133 3618 3313 3674 allecti
3342 3625 3516 3682 erant,
3544 3627 3602 3671 ut

2027 3722 2273 3777 omnium
2327 3734 2524 3774 manus
2581 3732 2797 3773 cessare
2826 3717 3161 3782 viderentur,
3190 3715 3296 3771 nisi
3349 3729 3598 3784 unaqum-

2027 3826 2136 3881 que
2172 3811 2449 3882 propriam
2479 3810 2860 3881 pulcherrime
2905 3808 3146 3863 materiae
3197 3816 3402 3877 partem
3432 3803 3603 3860 ferret

2028 3902 2096 3957 ad
2132 3901 2420 3955 a‘dilicium
2454 3918 2466 3953 :
2513 3914 2814 3968 omnesque
2869 3896 3255 3952 existimabant
3300 3909 3360 3948 se
3401 3893 3473 3946 ita
3505 3891 3601 3946 de-

2027 4007 2176 4046 mum
2206 3991 2418 4047 futuros
2450 4005 2570 4045 esse
2614 3990 2822 4050 beatos,
2877 3988 2922 4043 si
2979 3986 3107 4057 quid
3168 3984 3602 4055 gratiﬁcarentur

2030 4082 2366 4154 martyribus
2424 4083 2491 4137 ad
2556 4080 2932 4151 sepulcrorum
3002 4078 3417 4134 aedificationem
3476 4095 3487 4129 :
3548 4086 3603 4130 ct

2028 4189 2164 4244 quas
2202 4174 2354 4243 prius
2390 4173 2518 4243 (heu
2556 4172 2711 4240 mihi)
2765 4169 3142 4226 crudelissime
3192 4167 3598 4230 interemerant,

2030 4282 2123 4322 eas
2153 4280 2212 4323 se
2242 4265 2649 4336 quammaxime
2683 4263 2802 4319 ﬁeri
2842 4270 3079 4333 poterat,
3120 4261 3392 4316 honorare
3419 4267 3602 4329 aperte

2032 4360 2422 4416 ostendebant.
2481 4359 2718 4415 Tantum
2769 4369 2937 4411 suave
2971 4353 3103 4409 illud
3139 4368 3200 4409 os
3232 4350 3501 4423 Gregorii,
3551 4360 3607 4403 et

2027 4454 2146 4523 ejus
2171 4453 2337 4507 labris
2365 4451 2611 4507 insidens
2640 4449 2833 4522 gratia,
2880 4462 2976 4502 eos
3018 4445 3269 4502 incitavit
3319 4445 3388 4499 ad
3425 4444 3602 4498 bono-

345 4543 430 4602 εἰς
477 4539 639 4592 αὑτὸν
672 4538 890 4594 εὔνοιαν
915 4539 1025 4594 τῶν
1058 4537 1346 4610 παρθένων
1396 4541 1493 4594 σὺν
1523 4542 1735 4595 πλείονι
1764 4546 1917 4612 ἀμει-

2033 4558 2145 4598 rem
2212 4550 2531 4612 martyrum.
2598 4539 2705 4594 Sed
2754 4540 2842 4595 hic
2882 4550 3098 4609 quoque
3156 4544 3273 4590 erat
3322 4534 3484 4596 Deus,
3514 4533 3602 4602 qui

344 4629 602 4697 ϐόμενος,
630 4630 659 4682 ὁ
693 4631 818 4701 μηδ’
852 4631 909 4684 ὲν
938 4631 1053 4693 τοῖς
1077 4630 1273 4692 δεινοῖς
1318 4629 1505 4699 μέσοις
1539 4633 1664 4702 μηδ’
1695 4635 1752 4686 ὲν
1774 4632 1923 4703 αὐτῷ

343 4722 429 4790 τῷ
476 4722 668 4794 λάκκῳ
731 4722 828 4778 τοῦ
875 4723 1079 4777 οἰκείου
1126 4723 1352 4785 διαστὰς
1399 4724 1721 4795 Γρηγορίου.
1782 4725 1923 4780 Ἀλλ’

343 4805 506 4875 οὗτος
537 4814 638 4884 μὲν
670 4815 700 4868 ὁ
745 4814 889 4877 θεῖος
928 4814 1249 4886 Γρηγόριος,
1293 4814 1361 4868 ἶν’
1404 4815 1498 4867 ἐπὶ
1546 4815 1617 4868 τὰ
1658 4815 1786 4886 ἑξῆς
1829 4818 1925 4871 τὸν

342 4907 511 4974 λόγον
540 4906 860 4976 ἀγάγωμεν,
887 4907 1140 4978 σπαρτίῳ
1184 4907 1286 4977 τὴν
1312 4907 1603 4978 οίκοδομὴν
1633 4909 1921 4980 ὑπέγραφε

344 4996 446 5048 καὶ
511 4994 910 5065 προετυποῦτο,
965 4998 1016 5049 οι
1089 4996 1367 5066 οἰκοδόμοι
1422 4997 1480 5050 δὲ
1538 4997 1702 5060 εὐθὺς
1757 4997 1921 5069 ἔργον

339 5086 576 5153 εἴχοντο.
602 5084 714 5137 Καὶ
743 5084 794 5137 οἱ
822 5086 1080 5148 τέκτονες
1103 5085 1266 5140 πάλιν
1293 5088 1486 5156 σοροὺς
1550 5089 1743 5159 κέδρου
1762 5088 1922 5156 ξύλου

338 5174 440 5226 τοῦ
489 5174 782 5228 καλλίστου
819 5176 1060 5232 ἐποίουν,
1101 5177 1320 5249 Ἐπειδὴ
1353 5179 1409 5231 δὲ
1439 5181 1577 5249 ταχὺ
1602 5179 1713 5233 τῶν
1749 5181 1926 5251 σορῶν

344 5266 556 5332 ἑκάστη
600 5267 1033 5341 συναρμοσθείη,
1071 5266 1186 5320 ἀλλ’
1229 5268 1469 5321 ἐνταῦθα
1501 5269 1594 5320 καὶ
1637 5269 1863 5339 βασιλέα
1898 5272 1926 5323 ὁ

344 5357 492 5418 θεῖος
557 5336 860 5425 Γρηγόριος
915 5336 1011 5410 καὶ
1062 5358 1191 5420 τοὺς
1227 5360 1286 5410 ἐν
1327 5358 1474 5411 τέλει
1513 5336 1770 5430 ἀπείργει
1824 5360 1924 5430 τῆς

344 5444 676 5514 ὑπουργίας,
719 5445 835 5497 Οὐκ
871 5446 1081 5512 ἔξεστιν
1113 5447 1266 5518 ὑμῖν,
1315 5447 1515 5513 εἰπὼν,
1564 5449 1687 5501 οὐδὲ
1736 5453 1924 5520 χεῖρας

344 5538 464 5597 τοῖς
511 5539 877 5607 μαρτυρικοϊς
910 5538 1187 5607 λειψάνοις
1219 5541 1503 5595 ἐπιϐαλεῖν
1532 5541 1652 5594 οὐδὲ
1691 5542 1926 5612 πλησιά-

342 5642 462 5688 σαι,
492 5630 586 5680 ἐπὶ
619 5629 715 5680 τοῦ
755 5630 923 5683 αὑτοῦ
970 5630 1055 5684 ἔτι
1084 5632 1309 5702 μένουσι
1362 5632 1591 5696 πάθους,
1646 5637 1740 5688 καὶ
1791 5634 1925 5703 μηδὲ

339 5719 441 5772 τοῦ
490 5719 635 5774 θείου
672 5720 947 5788 ἀξιωθεῖσι
970 5724 1366 5796 βαπτίσματος.
1409 5725 1547 5779 ’Λ”·.λ’
1576 5727 1709 5795 ἐγὼ,
1762 5728 1924 5799 φησὶ,

339 5813 465 5875 ταῖς
496 5812 641 5882 ἒμαν
655 5812 738 5867 τοῦ
772 5817 926 5886 χερσὶ
950 5819 1012 5888 τῇ
1039 5817 1333 5871 καταθέσει
1363 5818 1778 5891 διακονήσοςκι.
1819 5820 1924 5874 Καὶ

2025 4633 2295 4701 virginum
2352 4632 2406 4685 in
2475 4631 2655 4700 ipsum
2730 4629 3056 4699 obsequium
3117 4625 3288 4695 magis
3348 4639 3600 4680 remune-

2029 4725 2281 4787 rabatur,
2312 4723 2516 4793 quique
2552 4735 2651 4775 nec
2677 4720 2731 4775 in
2774 4720 2966 4776 mediis
2995 4716 3176 4779 malis,
3204 4730 3306 4770 nec
3332 4715 3451 4785 ipso
3482 4714 3601 4770 lacu

2026 4832 2055 4871 a
2086 4830 2186 4870 suo
2246 4813 2499 4870 discessit
2542 4810 2827 4881 Gregorio.
2878 4811 3067 4881 Itaque
3127 4806 3347 4864 divinus
3382 4806 3601 4876 quidem

2026 4906 2346 4977 Gregorius,
2371 4912 2431 4959 ut
2462 4902 2753 4958 redeamus
2790 4901 2858 4957 ad
2897 4915 2983 4966 ea,
3013 4914 3134 4970 qua:
3169 4906 3599 4969 consequuntur.

2025 4996 2321 5066 descripsit
2352 4996 2581 5051 formam
2625 4993 2981 5049 aedificiorum
3022 5009 3035 5045 :
3070 4991 3369 5047 aediﬁcandi
3419 5002 3599 5045 autem

2027 5087 2264 5142 artiﬁces
2296 5087 2549 5157 protinus
2597 5086 2875 5141 instabant
2925 5085 3096 5156 operi,
3126 5094 3184 5140 et
3233 5083 3389 5140 fabri
3415 5098 3603 5138 rursus

2027 5178 2299 5234 faciebant
2330 5193 2523 5248 capsas
2570 5191 2635 5232 ex
2667 5174 2829 5233 cedro
2875 5175 3020 5248 ligno
3056 5175 3443 5245 pulcherrimo.
3465 5173 3600 5227 Cum

2027 5280 2206 5325 autem
2237 5269 2346 5325 cito
2374 5279 2653 5340 compacta
2675 5268 2867 5323 fuisset
2896 5282 3230 5338 unaquaeque
3257 5281 3443 5336 capsa,
3474 5275 3605 5318 tunc

2028 5378 2208 5433 regem
2227 5362 2443 5418 divinus
2470 5361 2760 5432 Gregorius
2784 5370 2837 5416 et
2855 5360 3200 5431 magistratus
3225 5366 3420 5412 arcera
3439 5354 3603 5409 mini-

2028 5455 2195 5511 sterio
2216 5452 2363 5512 :Non
2393 5454 2516 5508 licet
2535 5434 2705 5517 vobis,
2723 5438 2931 5517 dicens,
2958 5468 3025 5506 ne.
3044 5466 3234 5506 manus
3267 5448 3484 5519 quidem
3506 5447 3602 5504 ad-

2029 5563 2247 5603 movere
2283 5554 2571 5617 martyrum
2617 5545 2876 5616 reliquiis,
2921 5559 3096 5614 neque
3143 5542 3597 5613 appropinquare,

2029 5638 2385 5694 manentibus
2450 5638 2502 5693 in
2536 5638 2727 5695 eadem
2756 5637 3073 5704 aﬂ'ectione,
3129 5651 3228 5691 nec
3259 5634 3436 5689 adhuc
3465 5633 3603 5687 divi-

2028 5743 2159 5782 num
2188 5727 2514 5797 baptismum
2570 5728 2903 5784 consecutis.
2946 5726 3051 5783 Sed
3080 5741 3200 5798 ego,
3235 5723 3430 5794 inquit,
3464 5722 3603 5777 meis

2035 5817 2291 5873 manibus
2326 5818 2619 5874 inserviam
2655 5815 3003 5888 depositioni.
3037 5813 3099 5871 Et
3131 5815 3219 5870 ille
3252 5813 3471 5885 quidem
3521 5811 3603 5866 la-
