4060 6492
338 388 445 451 989

1270 392 1450 454 VITA
1489 394 1552 455 S.
1587 393 1972 456 GBEGORII
2016 396 2670 470 ILLUMINATORIS,

3492 406 3605 470 990

332 504 438 572 τὴν
459 499 643 553 πίστιν
666 497 1102 571 ἑχειραγώγησε.
1133 499 1238 555 Τὸν
1260 501 1394 571 γοῦν
1427 502 1750 575 τηλικούτου
1785 505 1916 575 ἡμῖν

2022 505 2303 561 doctorem
2330 515 2386 561 et
2410 515 2685 578 pastorem
2715 505 2937 577 reliquae
2975 507 3099 565 vita
3145 517 3199 565 et
3229 510 3448 569 virtutis
3494 531 3605 573 nou

334 588 549 661 ἁγαθοῦ
586 591 912 663 ὑπάρξαντα
945 592 1141 658 αἴτιον,
1176 595 1268 647 καὶ
1318 596 1512 665 ὁδηγὸν
1557 596 1775 667 ἀπλανῆ
1822 598 1919 651 καὶ

333 684 628 754 οἰκονόμον
686 684 786 753 τῆς
838 686 1115 756 ἡμετέρας
1178 686 1451 756 σωτηρίας
1515 688 1917 759 γεγενημένον,

333 776 531 830 τοῦτον
550 775 884 830 διδάσκαλόν
929 790 989 830 τε
1026 778 1122 831 καὶ
1154 778 1390 848 ποιμένα
1420 777 1515 832 τοῦ
1553 778 1745 833 λοιποῦ
1800 779 1919 849 βίου

330 870 435 921 καλ.
462 869 563 939 τῆς
591 867 815 939 ἀρετῆς,
869 869 969 941 οὐχ
1012 871 1177 940 ἡμεῖς
1226 870 1487 941 εἱλόμεθα
1536 873 1720 943 μόνον,
1780 873 1919 927 ἀλλὰ

330 962 433 1014 καὶ
463 958 584 1012 θεία
611 959 736 1028 δψις
766 961 868 1029 τὴν
912 961 1178 1032 τοιαύτην
1235 961 1420 1033 ψῆφον
1472 964 1920 1035 ὲπεσφραγίσατο

325 1050 565 1120 ἀνωθεν,
602 1052 673 1108 δι’
701 1047 771 1126 ἧς
798 1054 1168 1108 ὲπινεύσαντα
1209 1056 1306 1109 καὶ
1346 1056 1510 1110 αὑτὸν
1542 1060 1610 1126 τῇ
1672 1055 1920 1126 ὑμετέρα

1992 613 2125 658 .nos
2156 598 2330 654 solum
2363 598 2651 669 elegimus,
2685 598 2780 654 sed
2845 598 3031 654 divina
3083 617 3303 672 quoque
3354 603 3494 661 visio
3524 614 3608 661 ιον

2021 691 2126 745 lem
2172 690 2501 744 sententiam
2570 690 2882 760 e,superis
2927 692 3259 761 obsignavit.
3304 694 3407 752 Per
3438 712 3606 766 quam

2030 782 2215 853 ipsum
2273 795 2493 851 quoque
2549 791 2888 836 annuentem
2942 782 3009 836 ad
3063 794 3296 840 vestram
3354 786 3607 844 misimus

2023 872 2402 936 sanctitatem,
2446 881 2506 925 ut
2540 870 2610 925 ab
2646 870 2768 941 ejus
2799 888 2965 928 manu
2999 883 3051 929 et
3081 874 3263 945 lingua
3308 877 3425 947 ipse
3472 892 3608 933 con-

2022 974 2269 1020 secretur
2320 964 2376 1019 in
2420 963 2762 1034 pontiﬁcatu,
2816 973 2873 1019 et
2909 965 3020 1019 cito
3090 968 3270 1034 nobis,
3319 968 3416 1038 qui
3473 983 3605 1039 grex

2023 1057 2144 1126 ejus
2177 1069 2391 1118 sumus,
2427 1053 2710 1109 reddatur.

329 1148 668 1216 ἐπέμψαμεν
695 1149 954 1217 ὁσιότητι,
978 1148 1120 1203 ὥστε
1155 1150 1309 1222 παρὰ
1336 1151 1436 1221 τῆς
1466 1153 1564 1222 σῆς
1589 1154 1682 1205 καὶ
1721 1153 1906 1222 χειρὸς
1934 1154 2031 1206 καὶ
2076 1150 2346 1222 γλώττης,
2371 1149 2690 1219 τελεσθῆναί
2738 1167 2798 1205 τε
2856 1152 3019 1207 αὐτὸν
3056 1154 3126 1209 τὰ
3170 1154 3269 1225 τῆς
3327 1154 3605 1226 ἀρχιερω.

327 1238 528 1308 σύνης,
580 1241 678 1294 καὶ
739 1241 939 1296 θᾶττον
994 1244 1129 1314 ἡμῖν
1167 1244 1247 1314 τῷ
1279 1245 1520 1316 ποιμνίῳ
1567 1246 1920 1317 ἀποδοθῆναι.

405 1376 530 1433 ΔΔ’.
561 1376 781 1448 Ταύτην
807 1378 836 1432 ό
861 1378 1116 1441 Λεόντιος
1168 1379 1463 1451 δεξάμενος
1487 1382 1586 1449 τὴν
1618 1381 1913 1451 ἐπιστολὴν

334 1467 639 1536 φιλοτίμως
685 1469 778 1524 τὸν
847 1470 1025 1541 μέγαν
1076 1471 1375 1543 Γρηγόριον
1427 1472 1751 1542 ὑποδέχεται
1817 1474 1914 1525 καὶ

330 1559 459 1621 τοὺς
498 1558 779 1629 πρέσϐεις,
805 1561 902 1613 καὶ
925 1562 1024 1616 σὺν
1047 1561 1164 1631 ἅμα
1182 1561 1508 1625 ἐπισκόποις
1539 1564 1653 1624 τοῖς
1673 1559 1912 1632 παροῦσι

328 1652 722 1720 χειροτονήσας
749 1651 933 1716 αὑτὸν,
958 1654 1096 1723 μετὰ
1128 1654 1229 1723 τῆς
1269 1653 1396 1723 ίσης
1426 1651 1827 1724 φιλοφροσύνης
1855 1669 1916 1705 τε

329 1742 435 1794 καὶ
464 1742 631 1811 τιμῆς
677 1741 1026 1814 ἀποπέμπει.
1099 1744 1375 1800 Ἐπανιὼν
1420 1745 1600 1800 τοίνυν
1639 1745 1855 1798 ἐκεῖθεν
1886 1746 1914 1797 ό

2036 1374 2039 1375 ⁷
2083 1377 2328 1434 XXXIV.
2370 1378 2480 1435 Hac
2509 1360 2732 1449 accepta
2754 1380 3010 1448 epistola,
3045 1380 3307 1439 Leontius
3344 1397 3603 1454 magnum

2015 1467 2332 1541 Gregorium
2352 1481 2407 1525 et
2433 1470 2637 1542 legatos
2653 1473 2865 1540 accepit
2891 1472 3210 1534 honoriﬁce.
3234 1484 3288 1528 et
3305 1491 3429 1531 cum
3451 1492 3602 1542 eum,

2015 1558 2179 1614 simul
2210 1560 2470 1616 adhibitis
2512 1562 2655 1627 aliis,
2706 1564 2798 1633 qui
2843 1564 3094 1628 aderant,
3142 1566 3437 1636 episcopis,
3473 1581 3607 1620 con.

2017 1659 2286 1706 secrassct
2319 1651 2422 1722 (7),
2460 1667 2586 1707 cum
2628 1654 2742 1723 pari
2781 1654 3130 1733 humanitate
3156 1654 3387 1709 dimittit
3416 1665 3471 1711 et
3500 1656 3606 1711 lto-

2013 1755 2173 1796 nore.
2210 1738 2366 1797 Illinc
2400 1757 2531 1813 ergo
2562 1759 2818 1799 reversus
2843 1745 3063 1800 divinus
3112 1744 3432 1817 Gregorius,
3463 1763 3606 1818 quos

332 1829 515 1899 μέγας
544 1831 869 1901 Γρηγόριος,
909 1831 1003 1894 οὒς
1046 1833 1115 1887 ἂν
1166 1835 1308 1888 κατὰ
1346 1835 1444 1897 τὰς
1493 1832 1913 1903 παρακειμένας

2020 1831 2072 1885 in
2097 1846 2266 1901 prope
2310 1834 2451 1887 viam
2478 1834 2599 1888 sitis
2644 1835 2959 1890 civitatibus
2988 1834 3214 1891 vidisset
3256 1836 3475 1906 dignos,
3511 1837 3607 1907 qui

328 1924 403 1991 τῇ
435 1921 539 1990 ὀδῷ
578 1922 769 1986 πόλεις
803 1923 925 1989 ίδοι,
972 1923 1265 1994 ίερωθῆναί
1319 1942 1379 1977 τε
1417 1926 1659 1989 ἱκανοὺς,
1702 1925 1797 1978 καὶ
1824 1923 1915 1978 τὸν

328 2014 432 2082 τῆς
466 2013 817 2079 διδασκαλίας
849 2015 1213 2084 πιστευθῆναι
1262 2015 1421 2084 λόγον
1451 2014 1815 2086 ἐπιτηδείους,
1846 2016 1917 2069 τα

327 2104 525 2158 δέοντά
557 2122 615 2157 τε
658 2107 843 2167 αὐτοῖς
894 2106 1152 2178 παρῄνει,
1211 2107 1308 2160 καὶ
1340 2105 1784 2175 παραλαμϐάνων
1816 2106 1916 2158 ἐπ-

330 2192 505 2261 ήγετο
528 2192 768 2258 τούτους,
807 2194 1246 2267 συλληψομένους
1274 2214 1332 2250 τε
1370 2194 1517 2267 αὐτῷ
1544 2199 1611 2251 τὰ
1639 2196 1739 2266 τῆς
1764 2197 1920 2250 εὗσε-

330 2284 486 2348 ϐείας
517 2290 608 2340 καὶ
636 2287 956 2359 ίερουργοῦς
978 2289 1146 2359 αὐτῆς
1174 2306 1239 2342 τε
1303 2289 1598 2360 Ἀρμενίας
1657 2288 1753 2343 καὶ
1807 2288 1916 2341 τῶν

330 2377 646 2447 προσοίκων
679 2379 886 2434 πόλεων
938 2381 1253 2452 ἐσομένους.
1328 2382 1492 2453 ’Ἄρτι
1548 2381 1605 2436 δὲ
1655 2378 1766 2435 τῶν
1815 2381 1917 2449 τῆς

340 2470 637 2541 Ἀρμενίας
670 2472 922 2526 ἐπιϐάντι
956 2472 1140 2544 ὁρίων,
1174 2472 1299 2536 ναός
1325 2491 1408 2538 τις
1444 2472 1593 2543 αύτῷ
1633 2468 1690 2525 ἐν
1727 2473 1914 2541 γειτό-

325 2580 439 2616 νων
475 2562 863 2631 ὑπολελεῖφθαι
884 2562 1579 2634 ἁγγέλλεταιἮρακλέους,
1606 2562 1702 2616 τοῦ
1747 2580 1917 2616 ποτα-

330 2652 439 2723 μοῦ
467 2649 754 2725 Εὐφράτου
774 2656 873 2708 ύπε
885 2655 1190 2727 ρκείμενος,
1208 2657 1303 2709 καὶ
1324 2655 1506 2726 βωμός
1526 2673 1585 2708 τε
1614 2654 1746 2726 παρ’
1767 2653 1918 2726 αὖτῷ

327 2743 495 2808 εἶναι,
531 2745 662 2799 ἔνθα
699 2749 792 2800 καὶ
819 2747 1005 2810 θυσίας
1037 2747 1257 2817 δαίμοσι
1305 2751 1399 2801 καὶ
1433 2747 1698 2816 Ἠρακλεῖ
1735 2748 1915 2800 τελεῖ-

330 2835 461 2889 σθαι
495 2836 802 2893 συνέϐαινε.
856 2840 1061 2893 Τοῦτον
1100 2839 1280 2893 τοίνυν
1301 2839 1624 2893 καταλαϐὼν
1653 2838 1743 2893 τὸν
1766 2839 1914 2905 ναδν,

326 2929 466 3001 εὐχῇ
505 2930 665 3002 μόνῃ,
703 2930 785 3003 (ού
820 2930 928 3001 γὰρ
958 2932 1302 3001 ἀνθρωπείας
1348 2949 1433 2995 τις
1490 2930 1639 3001 αύτῷ
1682 2930 1917 2983 ἐπέϐαλε

325 3023 541 3091 χεῖρας,
573 3023 682 3074 τῶν
708 3022 765 3073 ὲν
786 3019 933 3091 αύτῷ
958 3022 1250 3090 δαιμονίων
1281 3023 1495 3092 μηχανῇ
1531 3023 1596 3092 τῇ
1635 3021 1785 3091 πάσῃ
1821 3020 1918 3074 καὶ

327 3112 585 3182 φάσμασι
618 3111 752 3182 πρὸς
784 3110 883 3184 τὴν
905 3113 1292 3183 καταστροφὴν
1321 3112 1786 3182 ἀπομαχομένων)
1818 3110 1919 3165 αύ-

325 3207 446 3268 τοῖς
480 3204 779 3275 ἀνατρέπει
810 3205 1103 3276 θεμελίοις,
1148 3207 1243 3259 καὶ
1272 3205 1461 3277 ἕτερον
1482 3208 1810 3278 ἀντίρροπον
1837 3205 1914 3277 τῷ

330 3297 525 3366 Κυρίῳ
559 3296 787 3366 ἐγείρει,
815 3296 911 3349 καὶ
939 3296 1167 3361 λείψανά
1194 3314 1253 3352 τε
1286 3295 1437 3367 αὐτῷ
1468 3297 1561 3351 τοῦ
1592 3296 1911 3369 Προδρόμου

328 3387 430 3441 καὶ
478 3386 787 3441 Βαπτιστοῦ
842 3389 938 3442 καὶ
1013 3388 1110 3442 τοῦ
1196 3390 1470 3461 μάρτυρος
1530 3389 1914 3459 ὲναποτίθησιν

339 3480 731 3550 ’Λθηνογέιους
753 3498 766 3513 ο
811 3481 983 3533 ταῦτα
1018 3481 1127 3554 γὰρ
1174 3483 1495 3551 ἐπεφέρετο.
1536 3478 1669 3535 Εἶτα
1693 3482 1787 3535 καὶ
1821 3482 1915 3535 θυ-

329 3573 648 3642 σιαστήριον
707 3571 1006 3644 ἱερουργεί.
1069 3574 1169 3636 τὰς
1227 3576 1603 3643 ἀναιμάκτους
1632 3590 1693 3626 τε
1724 3571 1914 3636 θυσίας

327 3664 391 3718 ὲν
414 3663 563 3733 αὖτῴ
588 3665 891 3734 προσφέρει
911 3662 1050 3736 Θεῷ.
1077 3665 1189 3717 Καὶ
1218 3666 1344 3727 τοὺς
1377 3664 1495 3736 μετ’
1526 3663 1690 3716 αύτοῦ
1714 3663 1915 3733 σατρὰο

284 3776 442 3821 λπας
475 3756 732 3830 βαπτίζει
780 3757 1052 3829 πρώτους.
1116 3757 1273 3827 Ἑξῆς
1330 3757 1385 3810 δὲ
1443 3758 1648 3811 εἴκοσιν
1701 3757 1914 3827 ἡμέρας

331 3851 452 3904 ἐκεῖ
480 3850 787 3920 διατρίψας,
821 3850 899 3913 εἰς
935 3849 1153 3911 πλείους
1186 3850 1283 3917 τῆς
1311 3851 1442 3919 μιᾶς
1466 3848 1597 3919 πρὸς
1630 3853 1746 3909 ταῖς
1782 3847 1914 3900 δέκα

334 3942 562 4012 μυριάσι
580 3941 671 3995 τοῦ
686 3940 830 3995 θείου
850 3940 1225 4012 βαπτίσματος
1247 3941 1403 4006 ἀξιοῖ.
1424 3939 1657 4011 Ἑϐδόμη
1681 3938 1774 3992 τοῦ
1793 3939 1915 3992 Ὀκ-

328 4034 567 4105 τωϐρίου
593 4033 785 4105 ἑορτὴν
818 4029 972 4100 ἄγειν
999 4031 1262 4095 κελεύσας
1287 4032 1368 4101 (ὲν
1396 4032 1532 4101 αὑτῇ
1555 4032 1665 4101 γάρ
1689 4048 1790 4084 που
1818 4031 1912 4084 καὶ

330 4128 656 4195 θυσιαστήρι
688 4145 715 4179 ν
742 4127 895 4181 τοῦτο
913 4126 1125 4194 πρῶτον
1145 4122 1405 4193 ίερὼσατο
1421 4122 1836 4194 τῷθεῴ),ί;ρεί’ς
1852 4139 1913 4175 τε

330 4219 625 4289 καθίστησι
652 4220 743 4272 καὶ
778 4218 1011 4283 Λευῖτας
1035 4235 1049 4250 ο
1106 4217 1200 4270 κοιλ⁴
1227 4216 1326 4286 τὴν
1363 4217 1672 4286 περίχωρον
1727 4216 1913 4268 πᾶσαν

332 4311 678 4383 ἐκκλησίαις,
714 4310 1101 4383 πρεσϐυτέροις
1133 4309 1225 4361 καὶ
1241 4309 1504 4373 διακόνοις
1535 4307 1909 4375 διαλαμϐάνει.

407 4446 536 4502 AE'.
579 4448 640 4502 '0
664 4447 723 4501 δὲ
751 4450 861 4501 τῶν
918 4447 1222 4518 Ἀρμενίων
1271 4446 1525 4517 βασιλεὺς
1576 4445 1907 4518 Τηριδάτης,

332 4542 663 4613 πλησιάζειν
694 4541 795 4613 ήδη
823 4540 915 4593 τὸν
954 4540 1218 4611 ἀρχιερέα
1277 4538 1486 4610 μαθὼν,
1521 4539 1618 4593 σὺν
1647 4542 1766 4603 ταῖς
1803 4557 1912 4591 πα-

336 4636 563 4707 ρούσαις
590 4635 877 4703 δυνάμεσι,
904 4633 996 4685 καὶ
1022 4635 1088 4702 τῇ
1143 4631 1387 4701 συζύγῳ,
1418 4634 1514 4684 καὶ
1566 4633 1633 4701 τῇ
1687 4631 1913 4701 ἀδελφῇ.

334 4726 736 4795 προῦπαντῶσι
767 4727 918 4793 παρὰ
946 4723 1046 4794 τὴν
1074 4723 1170 4777 τοῦ
1231 4723 1524 4794 Εύςρρατου
1582 4722 1772 4793 ὄχθην,
1820 4722 1918 4775 καὶ

335 4819 440 4890 ἡδύ
478 4836 537 4872 τε
561 4818 828 4888 ἀλλήλους
856 4818 1047 4889 δρῶσι,
1078 4818 1174 4869 καὶ
1227 4819 1324 4871 σὺν
1349 4818 1510 4886 ἡδονῇ
1580 4816 1920 4879 ἀσπάζονται

336 4912 437 4966 καὶ
474 4913 664 4981 μεστοὶ
696 4910 1040 4979 εὐφροσύνης
1063 4905 1225 4979 ἦσαν.
1265 4909 1408 4961 Ἀλλ’
1435 4910 1462 4960 ὁ
1501 4906 1602 4979 μὲν
1655 4907 1755 4976 τὴν
1810 4906 1921 4959 τῶν

334 5005 661 5058 ἀποστόλων
711 5003 1057 5057 ἐπεδείκνυτο
1102 5000 1479 5065 διδασκαλίαν,
1531 5002 1581 5053 οἱ
1635 5000 1694 5053 δὲ
1748 5015 1917 5051 σπου-

332 5096 503 5159 δαίως
535 5113 596 5149 τε
623 5096 848 5166 ἢκουον,
888 5096 985 5148 καὶ
1017 5094 1332 5164 θερμότατα
1369 5094 1499 5163 περὶ⁵
1528 5094 1627 5163 τὴν
1651 5092 1916 5162 ἀκρόασιν

336 5183 513 5257 εἷχον.
546 5184 646 5249 Et;
668 5186 967 5257 τριάκοιτα
1002 5187 1184 5240 τοίνυν
1231 5186 1360 5249 ὅλας
1400 5185 1617 5256 ἡμέρας
1662 5184 1920 5254 νηστείαν

337 5280 531 5341 αὐτοῖς
560 5278 657 5332 καὶ
683 5279 1000 5350 προσευχὴν
1034 5277 1358 5348 ἐπιτρέψας,
1395 5278 1488 5330 ἀπ’
1511 5277 1677 5330 αὐτοῦ
1732 5293 1791 5329 τε
1822 5275 1922 5344 ἄρ-

338 5387 500 5440 χεται
531 5369 819 5439 βασιλέως,
858 5372 959 5437 τῆς
1012 5368 1284 5438 βασιλίδος
1326 5385 1387 5420 τε
1417 5368 1511 5421 καὶ
1533 5368 1631 5434 τῆς
1656 5366 1917 5435 ἀδελφῆς,

342 5462 442 5514 καὶ
468 5460 559 5514 διὰ
580 5460 690 5514 τῶν
728 5462 786 5511 ιν
814 5460 958 5512 τέλει
1012 5461 1107 5513 καὶ
1130 5458 1220 5512 διὰ
1252 5462 1472 5513 πάντων
1519 5458 1707 5521 ἐλθὼν,
1743 5460 1802 5509 ἐν
1841 5456 1921 5527 τῷ

340 5555 612 5627 Εὐφράτῃ
648 5553 900 5627 βαπτίζει
943 5551 1176 5616 πάντας,
1211 5554 1307 5606 καὶ
1356 5553 1532 5621 φωτὸς
1588 5552 1739 5613 υἱοὺς
1786 5553 1922 5604 ἀνα·

2021 1922 2559 1987 ﬁerentsacerdotes.
2596 1936 2651 1981 et
2673 1936 2850 1996 aptos,
2881 1943 3113 1997 quorum
3138 1928 3260 1982 lidei
3283 1930 3604 1985 crederetur

2021 2018 2248 2072 verbum
2289 2017 2582 2082 doctrinm,
2607 2020 2691 2074 eis
2722 2036 2785 2073 ca
2819 2022 3015 2084 suasit,
3040 2023 3239 2091 quibus
3280 2032 3397 2079 erat
3424 2039 3602 2093 opus:

2028 2117 2086 2163 ct
2120 2107 2241 2163 illos
2276 2124 2588 2170 assumens.
2623 2111 2852 2166 adduxit
2877 2112 2932 2165 in
2965 2113 3167 2181 pietate
3208 2113 3310 2169 sibi
3342 2131 3499 2185 opem
3524 2116 3607 2170 la-

2029 2208 2204 2266 turos,
2260 2201 2584 2271 futurosque
2649 2203 2963 2257 sacerdotes
3016 2205 3188 2274 ipsius
3235 2205 3504 2260 Armenia:
3552 2215 3609 2260 et

2032 2291 2461 2362 propinquarum
2506 2293 2745 2347 urbium.
2794 2295 2930 2348 Cum
2964 2296 3283 2366 autemjam
3329 2296 3608 2369 ingressus

2027 2391 2179 2437 esset
2211 2383 2345 2437 ﬁnes
2377 2382 2686 2450 Armeniae,
2741 2385 3033 2441 nuntiatur
3073 2388 3121 2441 ei
3180 2388 3430 2443 relictum
3484 2406 3606 2444 esse

2019 2474 2294 2543 quoddam
2356 2475 2620 2545 templum
2672 2477 2943 2541 Herculis,
2993 2479 3158 2533 situm
3195 2495 3360 2549 super
3404 2481 3606 2537 flumen

2020 2563 2383 2634 Euphratem,
2411 2574 2468 2620 et
2504 2565 2560 2619 in
2597 2582 2662 2620 eo
2686 2581 2810 2621 esse
2851 2583 3026 2631 aram,
3057 2569 3110 2622 in
3140 2585 3243 2639 qua
3270 2571 3607 2627 daemonibus

2020 2665 2076 2708 et
2106 2655 2322 2710 Herculi
2353 2655 2491 2710 iiunt
2538 2656 2826 2711 sacriﬁcia.
2861 2656 2995 2713 Cum
3028 2673 3161 2730 ergo
3207 2662 3274 2713 ad
3318 2661 3422 2716 hoc
3470 2671 3609 2716 tem-

2021 2744 2173 2814 plum
2206 2755 2475 2806 venisset,
2532 2746 2646 2799 sola
2680 2745 2925 2799 oratione
2974 2748 3174 2816 (neque
3206 2747 3352 2801 enim
3403 2747 3451 2801 ci
3510 2748 3609 2801 hu-

2023 2852 2212 2890 manas
2248 2836 2520 2906 quispiam
2552 2837 2797 2891 admovit
2855 2851 3052 2891 manus
3089 2853 3104 2892 :
3137 2837 3228 2907 qui
3260 2837 3315 2891 in
3350 2846 3608 2902 cdt-rant

2022 2928 2385 2995 daemonibus,
2434 2930 2700 2985 machinis
2741 2930 2999 2984 omnibus
3053 2939 3109 2984 et
3160 2933 3391 3001 speettis
3434 2931 3608 3001 dupu-

2022 3020 2319 3092 gnantibus
2367 3021 2630 3075 adversus
2659 3022 3022 3089 eversionem)
3080 3025 3149 3077 ab
3204 3022 3339 3093 ipsis
3396 3023 3605 3077 evertit

2024 3110 2430 3177 fundamentis,
2469 3119 2526 3166 et
2554 3112 2788 3165 alterum
2827 3111 3033 3166 εχιιίιαι
3082 3110 3335 3178 Domino,
3375 3112 3518 3182 quod
3554 3113 3605 3166 ci

2025 3220 2092 3260 cx
2122 3205 2362 3260 adverso
2395 3205 2778 3274 responderet,
2806 3212 2859 3259 ct
2888 3204 2942 3259 itt
2975 3220 3041 3260 eo
3078 3206 3305 3275 deponit
3346 3205 3606 3274 reliquias

2025 3296 2395 3352 Praecursoris
2456 3306 2510 3349 et
2559 3294 2839 3365 Baptista,
2889 3306 2945 3351 et
2993 3296 3244 3368 martyris
3293 3291 3609 3364 'Athenoge.

2023 3388 2110 3442 nis
2165 3406 2180 3443 :
2242 3402 2322 3442 eae
2375 3387 2524 3441 enim
2572 3386 2972 3442 inferebantur.
3036 3387 3385 3442 Postmodum
3441 3385 3604 3439 etiam

2022 3495 2174 3533 aram
2210 3486 2518 3541 consecrat,
2555 3490 2613 3534 et
2644 3480 2697 3532 in
2732 3493 2799 3533 ea
2854 3478 2967 3533 Deo
3007 3478 3293 3533 incruenta
3328 3474 3490 3532 oll‘ert
3518 3492 3606 3531 53‘

2023 3571 2253 3625 criﬁcia.
2280 3568 2418 3623 Tum
2444 3584 2540 3624 eos
2571 3570 2816 3639 quidem,
2850 3570 2943 3638 qui
2971 3585 3160 3624 secum
3189 3578 3363 3632 erant,
3398 3568 3604 3635 primos

2023 3663 2261 3727 baptizat
2294 3670 2561 3729 satrapas.
2623 3661 2832 3716 Deinde
2868 3672 3050 3716 autem
3081 3676 3205 3717 cum
3244 3660 3435 3731 viginti
3486 3660 3604 3716 dies

2023 3754 2135 3808 illic
2162 3764 2309 3809 esset
2345 3764 2609 3818 moratus,
2643 3754 2827 3824 plures
2859 3768 3017 3820 quam
3047 3752 3301 3807 undecim
3331 3751 3603 3823 myriades

2020 3846 2206 3900 divino
2261 3845 2508 3915 impertit
2560 3845 2905 3915 baptismate.
2961 3844 3099 3898 Cum
3156 3843 3320 3913 igitur
3367 3841 3601 3911 septimo

2018 3935 2264 3991 Octobris
2293 3935 2374 3990 cis
2395 3934 2652 4004 iussisset
2696 3935 2897 3990 festum
2928 3948 3090 4007 agere
3122 3935 3200 4005 (in
3236 3948 3303 3988 eo
3340 3935 3483 3987 enim
3509 3933 3600 3988 die

2021 4043 2169 4082 aram
2210 4030 2357 4083 illam
2388 4031 2500 4085 Dco
2532 4031 2998 4100 consecraverat),
3043 4030 3354 4085 sacerdotes
3393 4026 3599 4082 consti-

2020 4121 2122 4175 tuit
2149 4129 2204 4176 et
2233 4121 2449 4177 Levitas
2481 4140 2495 4176 :
2524 4132 2585 4178 et
2608 4124 2937 4187 universam,
2966 4137 3086 4193 qua:
3103 4130 3184 4176 est
3209 4122 3596 4183 circumcirca,

2019 4213 2300 4284 regionem
2362 4224 2523 4269 ornat
2576 4215 2864 4286 munitque
2915 4214 3185 4279 ecclesiis,
3243 4210 3595 4284 presbyteris,

2018 4313 2073 4359 ct
2106 4305 2370 4362 diaconis.

2092 4446 2310 4504 XXXV.
2340 4448 2730 4504 Armeniorum
2761 4455 2944 4502 autem
2991 4462 3082 4501 res
3123 4444 3429 4510 Tcridates,
3471 4460 3599 4500 cum

1941 4533 1991 4593 D
2013 4538 2125 4610 jam
2165 4540 2475 4609 accepisset
2512 4540 2954 4610 appropinquare
2986 4539 3316 4607 pontiﬁcem,
3352 4554 3475 4594 cum
3508 4538 3597 4603 iis,

2015 4645 2138 4701 quae
2165 4631 2417 4694 aderant,
2446 4638 2501 4684 et
2551 4631 2809 4700 conjuge,
2843 4639 2901 4684 et
2949 4645 3160 4693 sorore,
3218 4629 3523 4698 procedunt
3546 4627 3598 4683 ei

2015 4722 2237 4780 obviam
2293 4728 2516 4790 propter
2546 4718 2717 4788 ripam
2751 4720 2903 4774 ﬂuvii
2940 4720 3236 4787 Euphratis
3268 4737 3281 4771 :
3321 4729 3380 4773 et
3425 4734 3485 4773 se
3505 4718 3599 4788 ju-

2017 4814 2199 4870 cunde
2256 4811 2494 4866 invicem
2550 4810 2853 4875 intuentur,
2915 4820 2971 4864 et
3024 4826 3149 4864 cum
3201 4809 3401 4879 gaudio
3451 4824 3602 4863 com-

2018 4907 2332 4977 plectuntur
2375 4922 2391 4960 :
2424 4913 2482 4959 et
2512 4913 2669 4959 crant
2699 4902 2844 4969 plcni
2878 4902 3087 4956 hetitia.
3125 4900 3233 4956 Sed
3264 4902 3352 4955 ille
3381 4900 3599 4969 quidem

2021 4996 2406 5066 apostolorum
2460 4995 2786 5050 ostendebat
2843 4994 3148 5050 doctrinam
3194 5010 3209 5048 :
3261 4992 3360 5063 ipsi
3414 4999 3598 5048 autcut

2021 5088 2321 5158 diligenter
2348 5087 2666 5150 audiebant,
2714 5093 2768 5140 et
2805 5085 2863 5140 in
2910 5085 3271 5139 auscultando
3316 5092 3476 5138 erant
3518 5093 3605 5138 at-

2025 5180 2345 5235 tentissimi.
2387 5178 2523 5234 Cum
2560 5186 2703 5234 totos
2750 5193 2879 5245 ergo
2908 5176 3129 5247 triginta
3183 5177 3301 5231 dies
3346 5175 3427 5231 eis
3461 5175 3602 5247 jejuo

2029 5273 2181 5327 nium
2219 5272 2550 5343 imperasset
2573 5279 2630 5326 et
2670 5270 2999 5331 orationem,
3044 5267 3113 5322 ab
3156 5266 3275 5337 ipso
3302 5282 3429 5336 rege
3467 5266 3600 5323 inci-

2029 5365 2209 5436 piens,
2239 5374 2296 5419 et
2327 5365 2537 5434 regina,
2568 5372 2623 5417 et
2669 5375 2878 5426 sorore,
2909 5367 2965 5413 et
3000 5374 3097 5428 per
3140 5374 3237 5414 eos
3264 5368 3474 5428 postea,
3505 5356 3604 5428 qui

2028 5458 2378 5522 magistratus
2403 5456 2686 5528 gerebant,
2714 5464 2769 5509 et
2798 5469 2893 5520 per
2926 5461 3152 5507 exteros
3182 5449 3406 5506 demum
3458 5463 3633 5520 per-1

2032 5550 2257 5615 vadens,
2296 5549 2535 5619 baptizat
2559 5562 2751 5602 omnes
2795 5544 2847 5598 iu
2879 5545 3179 5619 Euphrate,
3222 5539 3508 5610 redditque
3537 5539 3605 5595 li-

415 5736 699 5809 Γηγίίιιῇιιε
745 5734 1175 5809 consecrationis
1205 5734 1476 5809 _meminit
1507 5734 1543 5789 S
1575 5734 1741 5789 Nicon
1779 5733 1831 5786 in
1873 5732 2043 5803 Epist.
2085 5732 2149 5788 ad
2202 5731 2556 5801 Enclystium,
2592 5744 2708 5799 quia
2739 5736 2915 5784 exstat
2960 5737 3088 5781 tom.
3131 5741 3163 5780 t.
3205 5721 3459 5780 Biblioth.
3493 5719 3597 5777 $5.

342 5808 449 5864 PP.
478 5805 623 5863 Vide
663 5805 956 5861 Baronium
985 5805 1050 5860 ad
1081 5821 1169 5859 an.
1204 5807 1261 5860 5|
1282 5806 1326 5858 I.
