4060 6444
327 407 443 471 993

1283 401 1468 463 VlTA
1506 402 1568 461 S.
1606 398 1990 459 GBEGORII
2037 397 2669 460 ILLUMINATORIS.

3484 407 3554 465 90
3566 408 3592 465 l.

398 523 521 577 AZ'.
551 521 659 574 Καὶ
691 520 887 584 παῖδας
920 519 974 573 δὲ
1008 517 1189 573 αυτῶν
1219 519 1483 589 πρότερον
1511 516 1759 569 ἀπίστων
1788 533 1894 568 παι

2069 513 2329 569 XXXVII.
2353 513 2524 568 Porro
2556 526 2734 569 autem
2760 514 3187 570 cum’nonnullos
3213 532 3428 589 quoque
3454 520 3594 580 {ilics

327 611 584 686 ραλαόὼν
619 612 646 665 ό
678 610 823 681 ίερός
872 610 1192 681 Γρηγόριος,
1228 611 1321 662 καὶ
1367 608 1591 677 ἀγωγῆς
1626 606 1909 676 ἀμείνονος

324 707 425 761 καὶ
458 703 707 765 παιδείας
738 701 1155 772 ὲμμελεστέρας
1190 697 1448 765 ἀξιώσας,
1485 700 1576 752 καὶ
1604 697 1698 751 τοῦ
1750 714 1914 749 πνευ-

328 794 565 869 ματικοῦ
607 793 725 865 βίου
759 796 855 846 καί
878 794 975 863 τῆς
1025 794 1251 862 χάριτος
1310 790 1593 861 μεταδοὺς,
1638 791 1717 853 είς
1749 788 1911 842 τοῦτο

321 888 672 960 τελειότητος
706 889 800 939 καὶ
830 885 1039 956 ἀρετῶν
1070 884 1303 954 ἤγαγεν,
1336 882 1412 946 ὡς
1446 878 1541 934 καὶ
1592 883 1671 943 είς
1715 881 1911 943 αὐτοὺς

322 982 392 1046 δή
422 998 524 1035 που
574 981 701 1042 τοὺς
739 978 1008 1049 μεγάλους
1042 977 1151 1027 τῶν
1208 974 1523 1026 ἐπισκόπων
1576 973 1907 1027 ἀναϐιϐάσαι

325 1072 575 1145 θρόνους,
614 1071 709 1122 καὶ
745 1069 822 1140 τῷ
855 1067 953 1136 μὲν
979 1066 1047 1118 τὰ
1078 1064 1227 1135 παρὰ
1260 1065 1349 1117 τὸν
1386 1064 1677 1133 Εὐφράτην
1725 1066 1908 1133 ἐγχει-

325 1166 517 1234 ρίσαι·
564 1162 799 1221 Ἀλκῖνος
855 1159 1025 1223 ὄνομα
1076 1154 1164 1227 ἦν,
1198 1156 1274 1224 τῷ
1329 1155 1387 1209 δὲ
1428 1155 1710 1219 (Εύθάλιος
1757 1150 1911 1219 οὗτος

325 1251 598 1321 ἐκαλεῖτο)
646 1254 744 1318 τὴν
784 1249 1026 1302 Βασινῶν
1072 1249 1393 1317 περίχωρον.
1446 1248 1558 1300 Καὶ
1626 1248 1804 1317 τρίτος
1853 1247 1910 1299 δὲ

328 1346 548 1415 ὑπῆρχε
601 1343 832 1405 Βᾶσσος,
861 1340 956 1393 καὶ
988 1341 1152 1411 μέχρι
1186 1341 1277 1391 τοῦ
1309 1340 1537 1391 δεκάτου
1575 1340 1846 1407 προῆλθεν
1881 1341 1908 1390 ὁ

324 1437 583 1506 ἀριθμός.
621 1434 842 1495 Πολλοῖς
905 1434 1091 1502 μέντοι
1134 1434 1224 1483 καὶ
1254 1430 1432 1493 ἄλλοις
1466 1433 1658 1497 γένους
1719 1431 1908 1498 ἑτέρου

341 1526 688 1595 Ἐκκλησιῶν
720 1526 1023 1593 ἐπισκοπὴν
1054 1522 1295 1574 ἀνέθετο.
1339 1522 1446 1574 Καὶ
1478 1523 1684 1581 πάντας
1716 1521 1792 1581 εἰς
1824 1536 1910 1570 τε-

325 1618 656 1687 τρακοσίους
695 1618 752 1667 ἐν
800 1616 993 1686 βραχεῖ
1030 1613 1107 1683 τῷ
1136 1612 1312 1684 χρόνῳ
1362 1610 1619 1680 γενέσθαι
1662 1611 1903 1673 λέγεται.

330 1709 440 1763 Τόν
470 1726 530 1775 γε
566 1709 673 1779 μὴν
715 1707 960 1760 Ἀλκῑνον
979 1706 1076 1759 ὅσα
1104 1706 1237 1775 πρὸς
1259 1703 1459 1773 ἀρετῆς
1479 1703 1711 1769 ἄσκησιν
1742 1702 1909 1771 ἄκρον

326 1798 484 1861 ὄντα,
507 1800 602 1851 καὶ
632 1797 803 1860 ἄλλως
839 1797 1056 1863 ἐπιεικῆ
1090 1799 1183 1846 καὶ
1213 1793 1459 1863 μέτριον,
1491 1790 1654 1859 ἡνίκα
1678 1791 1706 1842 ὁ
1733 1791 1905 1858 μέγας

2015 606 2249 671 illorum,
2322 607 2411 675 qui
2469 608 2614 674 prius
2683 617 2840 661 erant
2895 607 3159 671 inﬁdeles,
3218 622 3595 668 sacrosanctus

2022 699 2408 768 assumpsissct
2434 697 2747 769 Gregorius,
2790 699 3094 769 meliusque
3124 701 3439 758 educandos
3484 720 3581 758 (tua

2014 800 2185 846 rasset
2237 800 2289 845 et
2318 791 2668 854 erudiendos,
2702 791 2919 862 vitaque
2952 794 3180 861 spiritali
3208 804 3265 849 et
3288 797 3457 866 gratia
3492 814 3588 852 eos

2013 882 2388 951 impertiisset,
2451 897 2515 935 eo
2567 882 2923 952 perfectionis
2989 885 3216 939 deduxit
3274 895 3328 940 et
3354 890 3592 953 virtutis,

2010 982 2072 1026 ut
2101 974 2263 1027 etiam
2324 974 2378 1027 in
2438 974 2582 1042 ipsas
2640 990 2861 1045 magnas
2887 977 3267 1045 episc0porum
3301 979 3460 1034 sedes
3493 996 3586 1035 cos

2010 1065 2318 1133 provexerit
2345 1083 2359 1120 :
2391 1074 2441 1119 et
2469 1065 2558 1117 uni
2588 1066 2806 1135 quidem
2830 1082 2945 1119 eam
2976 1068 3256 1122 tradiderit
3285 1072 3588 1140 regionem,

2012 1172 2131 1224 quae
2167 1164 2252 1210 est
2298 1157 2363 1210 ad
2418 1155 2752 1226 Euphratem
2820 1175 2835 1210 :
2887 1158 2934 1211 ei
2987 1169 3168 1212 autem
3231 1176 3435 1215 nomen
3476 1171 3594 1216 erat

2010 1247 2235 1301 Alcinus
2268 1266 2280 1299 :
2313 1248 2468 1301 alteri
2502 1264 2628 1302 vero
2650 1247 2972 1317 (vocabatur
3017 1250 3061 1303 is
3088 1250 3393 1323 Euthalius)
3443 1254 3593 1306 Basi-

2011 1350 2227 1398 norum,
2283 1352 2403 1405 qua:
2474 1346 2559 1391 est
2615 1337 2991 1401 circumcirca,
3052 1339 3356 1408 regionem.
3420 1338 3590 1395 Porro

2010 1436 2191 1480 autem
2220 1429 2415 1480 tertius
2451 1443 2665 1495 quoque
2721 1428 2823 1481 fuit
2850 1428 3047 1482 Bassus
3079 1447 3092 1482 :
3146 1440 3199 1483 et
3220 1432 3285 1484 ad
3314 1433 3588 1486 decimum

2011 1531 2182 1585 usque
2215 1518 2480 1584 processit
2513 1531 2803 1571 numerus.
2830 1515 2948 1571 Jam
2997 1533 3127 1571 vero
3160 1520 3343 1573 multis
3376 1538 3592 1591 quoque

2011 1607 2133 1660 aliis
2159 1606 2385 1661 alterius
2417 1607 2652 1677 generis,
2687 1608 3051 1662 Ecclesiarum
3081 1610 3359 1664 mandavit
3382 1612 3593 1682 episco-

2009 1707 2187 1767 patus.
2237 1698 2610 1769 Dicunturque
2674 1700 2822 1755 brevi
2881 1710 3128 1772 tempore
3192 1702 3363 1758 fuisse
3396 1720 3590 1760 omnes

2012 1780 2413 1861 quadringenti.
2468 1793 2716 1846 Alcinum
2769 1802 2976 1858 autem,
3035 1795 3126 1864 qui
3159 1806 3482 1864 pervenerat
3519 1798 3586 1850 ad

319 1884 479 1952 οὖτος
508 1889 597 1940 ἐπὶ
628 1888 695 1940 τὰ
728 1886 1033 1956 ὑψηλότατα
1059 1884 1167 1938 τῶν
1189 1881 1526 1951 Ἀρμενικῶν
1557 1880 1697 1950 ὀρῶν
1750 1881 1904 1932 ἀπαί·

2014 1895 2283 1934 summam
2324 1880 2541 1935 virtutis
2588 1882 3061 1942 exercitationem,
3119 1892 3174 1936 et
3206 1893 3326 1936 crat
3384 1884 3588 1954 alioqui

323 1994 449 2049 ρειν
469 1977 654 2047 ἔμελλε
672 1981 734 2047 τῇ
757 1978 883 2045 φίλῃ
903 1975 1251 2042 συνεσόμενος
1271 1973 1599 2040 ὲρὴμῳ,τοίς
1620 1969 1906 2038 βασιλείοις

322 2068 493 2120 αὑτὸν
527 2068 591 2136 δὴ
624 2069 712 2120 τὸν
756 2066 997 2119 Ἀλκῖνον
1025 2064 1240 2132 ἐφίστη.
1270 2063 1452 2114 ἐκεῖνα
1498 2064 1671 2112 ποιεῖν
1723 2059 1904 2111 ἐντελ-

321 2159 576 2229 λόμενος,
628 2158 778 2228 ἅπερ
832 2157 897 2210 ἂν
949 2159 1044 2210 καὶ
1092 2156 1255 2216 αὐτὸς
1288 2154 1336 2204 εί
1370 2152 1571 2223 παρῆν,
1605 2151 1696 2204 καί
1727 2168 1809 2203 τοι
1842 2166 1905 2217 γε

323 2252 498 2313 πολὺς
527 2250 592 2321 ἦν
620 2253 677 2303 ὲν
716 2253 783 2321 τῇ
822 2251 1061 2320 ἐκδημίᾳ
1097 2251 1236 2319 μετὰ
1268 2247 1366 2300 τοῦ
1401 2248 1653 2315 ποιμνίου
1686 2246 1715 2297 ὁ
1745 2243 1901 2313 $.13:-

320 2344 453 2403 ‘nb;
488 2342 567 2412 τῷ
593 2341 885 2413 Γρηγορίῳ
954 2342 1361 2411 προσκείμενοι,
1420 2337 1682 2408 μηδαμῶς
1731 2334 1909 2388 αὐτῶν

326 2435 467 2503 μηδὲ
514 2437 574 2486 τὸ
614 2436 785 2504 βραχὺ
824 2434 1134 2502 διαστῆναι,
1163 2431 1280 2486 ἀλλ’
1305 2432 1459 2484 ἐνίκα
1484 2433 1631 2501 ὅμως
1658 2430 1688 2482 ὁ
1715 2429 1811 2499 τῆς
1849 2428 1911 2496 ἡ-

320 2528 518 2595 συχίας
562 2527 698 2597 ἔρως
730 2526 827 2595 τὴν
876 2525 1082 2594 δέησιν,
1130 2525 1221 2577 καὶ
1256 2525 1478 2577 ἀπιέναι
1522 2525 1647 2575 ὅσον
1696 2522 1907 2574 οὐδέπω

320 2616 597 2670 ἐϐούλετο.
632 2655 645 2670 .
675 2657 689 2670 .
717 2655 732 2671 .
762 2655 774 2669 .
806 2654 819 2668 .
848 2658 863 2670 .
897 2615 996 2668 σὺν
1018 2615 1217 2683 ὀλίγοις
1242 2615 1349 2666 τῶν
1385 2613 1643 2684 μαθητῶν
1679 2612 1905 2681 πέτραις

324 2701 605 2769 ὑπογείοις
645 2703 860 2771 οἰκήσει
911 2702 1198 2773 χρήσαιτο,
1248 2701 1343 2753 καὶ
1375 2700 1618 2753 κατιδίαν
1652 2699 1904 2770 ὁμιλήσει

318 2793 405 2862 τῷ
441 2793 782 2863 ποθουμένῳ,
820 2796 954 2864 μηδὲ
1001 2794 1156 2862 ὀλίγα
1213 2795 1277 2863 τῇ
1315 2792 1410 2845 τοῦ
1447 2791 1697 2862 σώματος
1745 2791 1905 2859 θερα-

319 2884 459 2953 πείᾳ
525 2886 1043 2954 προσκολλώμενος.
1100 2886 1298 2954 ’Ἄρτου
1332 2884 1437 2951 γὰρ
1477 2883 1511 2952 ἢ
1567 2883 1675 2935 τῶν
1727 2882 1903 2937 ἄλλων

318 2976 405 3037 είς
442 2974 644 3043 βρῶσιν
676 2976 999 3047 ἐπιτηδείων
1025 2976 1154 3045 παρ’
1178 2976 1308 3039 ὅλας
1338 2976 1743 3048 τεσσαράκοντα
1764 2976 1905 3047 ὴμέ-

317 3080 428 3135 ρας
457 3066 603 3129 ἅπαξ
634 3066 879 3134 ἐγεύετο.

394 3159 525 3209 All'.
554 3157 809 3220 Βασιλεῖ),
833 3156 890 3209 δὲ
913 3155 1222 3227 Τηριδὰτης
1243 3154 1409 3226 ὀλίγῳ
1439 3154 1686 3228 ὕστερον,
1713 3154 1900 3228 ἐπειδὴ

318 3248 402 3318 τῷ
441 3249 744 3319 Γρηγορίου
798 3250 1064 3319 χωρισμῴ
1095 3248 1314 3317 Mileto,
1365 3252 1455 3300 καὶ
1492 3248 1773 3320 βαρύτατα
1801 3249 1899 3320 τὴν

319 3342 538 3392 ἐκείνου
564 3342 848 3392 διάστασιν
879 3343 970 3393 καὶ
1002 3340 1102 3410 τὴν
1146 3338 1459 3408 ἀποδημίαν
1488 3338 1730 3402 ἐπένθει,
1770 3343 1903 3391 ἀνα-

320 3432 517 3502 μαθὼν
547 3432 641 3484 δύο
677 3432 870 3494 παῖδας
899 3430 958 3495 ἐξ
985 3429 1151 3482 αὑτοῦ
1176 3447 1235 3482 τε
1266 3432 1361 3484 καὶ
1380 3431 1643 3497 γυναικὸς
1670 3431 1900 3502 γνησίας

2014 1970 2161 2024 mitis
2194 1980 2247 2024 et
2277 1973 2609 2036 moderatus,
2645 1974 2861 2037 quando
2898 1988 3128 2040 magnus
3163 1973 3250 2028 hic
3297 1974 3594 2045 Gregorius

2013 2072 2131 2115 erat
2147 2063 2212 2115 ad
2238 2062 2534 2117 altissimos
2552 2074 2765 2118 montes
2789 2065 3059 2119 Armenia:
3076 2066 3437 2133 profecturus.
3460 2078 3519 2121 ut
3537 2068 3591 2121 in

2012 2151 2175 2207 chara
2206 2154 2427 2225 degeret
2465 2155 2779 2216 solitudine,
2832 2155 3035 2223 ipsum,
3064 2158 3307 2226 inquam,
3339 2159 3593 2212 Alcinum

2011 2244 2233 2313 praeficit
2254 2247 2434 2314 regiae,
2456 2246 2656 2314 jubens
2679 2256 2736 2301 ut
2761 2248 2845 2301 illa
2868 2247 3087 2305 faceret.
3113 2266 3233 2317 qua:
3255 2251 3389 2319 ipse,
3416 2252 3459 2305 si
3480 2251 3578 2304 atl-
3666 2302 3671 2307 .

2010 2348 2173 2389 esset.
2193 2335 2511 2405 Quanquam
2538 2353 2665 2390 vero
2683 2338 2811 2391 dum
2833 2348 2978 2393 esset
2993 2355 3325 2402 recessurus,
3345 2355 3435 2395 rex
3459 2357 3581 2396 cum

2008 2441 2169 2497 grege
2195 2443 2224 2480 a
2243 2427 2505 2498 Gregorto
2527 2432 2880 2483 vehementer
2905 2433 3205 2496 contendit,
3229 2440 3287 2486 ut.
3306 2433 3376 2486 ab
3394 2434 3470 2486 eis
3495 2449 3593 2487 ne-

2005 2529 2276 2585 quaquam
2298 2518 2605 2573 discederet
2627 2537 2641 2574 :
2667 2520 2794 2574 vicit
2818 2532 2999 2575 tamen
3018 2538 3209 2575 eorum
3236 2539 3426 2592 preces
3440 2540 3593 2577 amor

2005 2608 2204 2678 quietis
2225 2618 2281 2664 et
2301 2612 2500 2665 silentii
2536 2621 2632 2667 :et
2677 2627 2799 2666 mox
2822 2628 2887 2667 eo
2922 2614 3087 2667 voluit
3112 2614 3283 2679 abire,
3325 2614 3416 2671 ubi
3466 2630 3592 2672 cum

2002 2701 2196 2769 paucis
2223 2698 2504 2770 discipulis
2531 2703 2580 2755 in
2606 2704 2777 2771 petris
2804 2705 3178 2759 subterraneis
3213 2714 3458 2761 uteretur
3492 2708 3593 2762 ha-

2005 2791 2287 2856 bitatione,
2310 2801 2366 2847 et
2398 2808 2521 2846 cum
2546 2808 2631 2858 eo,
2661 2810 2819 2864 quem
2844 2795 3210 2854 desiderabat.
3230 2812 3473 2852 seorsum
3497 2800 3595 2853 ha~

2004 2882 2159 2938 heret
2186 2886 2663 2948 consuetudinem,
2704 2901 2774 2941 ne
2806 2887 3089 2942 minimum
3137 2889 3356 2957 quidem
3390 2906 3590 2947 vacans

2004 2976 2248 3030 curando
2295 2977 2537 3047 corpori.
2589 2978 2792 3033 Panem
2852 2980 2998 3034 enim
3038 2990 3133 3033 aut
3154 2982 3259 3035 alia
3290 2983 3591 3048 esculenta,

2004 3067 2420 3139 quadragesimo
2476 3085 2693 3140 quoque
2730 3072 2818 3126 die
2848 3075 3014 3127 semel
3044 3074 3319 3144 gustabat.

2073 3162 2361 3221 XXXVIII.
2384 3164 2692 3236 Rexautem
2710 3166 2993 3224 Tcridates
3013 3170 3173 3239 paulo
3196 3171 3443 3242 post,qui
3462 3170 3594 3227 Gre-

2002 3257 2138 3329 gorii
2160 3273 2302 3329 egre
2318 3257 2526 3313 ferebat
2539 3258 2960 3328 scparationem,
3000 3261 3254 3331 illiusque
3270 3262 3596 3333 disiunctio-

2000 3363 2128 3404 nem
2145 3358 2202 3404 et
2217 3349 2521 3404 absentiam
2540 3351 2757 3419 lugebat
2774 3351 3114 3421 gravissime,
3134 3368 3254 3405 cum
3280 3354 3593 3408 rescivissi-t

2000 3440 2140 3494 duos
2167 3438 2305 3495 ﬁlios
2334 3457 2401 3495 ex
2436 3441 2557 3510 ipso
2582 3451 2638 3495 et
2661 3441 2899 3512 legitima
2929 3444 3159 3513 conjuge
3183 3443 3235 3496 in
3277 3442 3407 3498 ﬂore
3434 3445 3584 3499 illius

317 3528 416 3578 επὶ
443 3527 542 3595 τῆς
572 3527 781 3577 ἐκείνου
814 3526 1060 3592 νεότητος
1090 3524 1170 3575 ἐτι
1193 3522 1288 3576 καὶ
1311 3523 1494 3591 ἀκμῆς
1522 3522 1898 3591 γεγεννῆσθαι,

2006 3530 2308 3600 iuventutis
2330 3545 2452 3585 esse
2480 3539 2663 3593 natos,
2708 3545 2941 3600 quorum
2978 3532 3070 3584 uni
3106 3532 3327 3600 quidem
3386 3548 3587 3588 nomen

316 3614 398 3671 ὢν
430 3617 507 3687 τῷ
534 3618 632 3687 μὲν
675 3616 942 3686 Ὀρθὰνης
972 3616 1144 3686 ὄνομα
1167 3610 1256 3685 ἦν,
1282 3613 1359 3683 τῷ
1381 3613 1620 3683 δευτέρῳ
1641 3613 1698 3665 δὲ
1725 3613 1901 3681 ’Δρω-

321 3717 525 3782 στανης
557 3714 743 3783 φίλους
778 3713 982 3782 ἀρετὴς
1012 3712 1180 3781 ἄμφω
1207 3713 1300 3763 καὶ
1328 3709 1574 3779 φύλακας
1597 3707 1898 3770 εὐσεϐείαςο

317 3805 459 3858 ἀλλὰ
481 3806 691 3858 τούτοιν
721 3822 783 3872 γε
815 3806 927 3857 τοῖν
960 3805 1104 3856 δυοῖν
1149 3803 1361 3856 παίδοιν
1390 3804 1479 3855 τὸν
1515 3802 1614 3871 μὲν
1670 3805 1767 3855 καὶ
1819 3801 1902 3863 είς

323 3895 701 3966 πρεσϐυτέρου
719 3895 1088 3961 καταλεγῆναι
1110 3893 1339 3963 βαθμὸν,
1371 3892 1673 3965 (ὐρθάνης
1699 3885 1851 3954 οὗτος
1876 3893 1903 3944 ὁ

322 3988 594 4057 πρότερος
622 3982 739 4058 im)
797 3987 1145 4056 Ἀρωστάνην
1173 3985 1229 4037 δὲ
1258 3984 1349 4037 τὸν
1377 3986 1640 4054 ὲρημικὸν
1674 3981 1787 4052 βίον
1811 3983 1905 4035 καὶ

317 4080 688 4146 ἀκοινώνητον
709 4079 769 4141 ἐξ
791 4077 955 4130 αὐτοῦ
980 4079 1250 4145 γάλακτος
1278 4074 1356 4127 ἔτι
1376 4074 1571 4144 κομιδῆ
1595 4075 1759 4126 παῖδα
1789 4074 1906 4127 ἑλέ-

2002 3630 2119 3676 erat
2169 3621 2423 3686 Orthaes,
2482 3624 2723 3676 secundo
2758 3618 2941 3676 autem
2989 3622 3329 3687 Arostanes,
3397 3627 3590 3680 ambos

2002 3714 2208 3769 amicos
2235 3723 2290 3769 et
2345 3714 2601 3769 custodes
2663 3713 2929 3783 pietatis:
2975 3714 3069 3768 sed
3120 3729 3185 3766 ex
3231 3715 3315 3767 his
3350 3716 3573 3784 quidem

2002 3807 2218 3862 duobus
2251 3805 2376 3860 filiis
2433 3807 2663 3859 alterum
2701 3805 2869 3858 fuisse
2926 3805 3158 3858 relatum
3196 3803 3250 3857 in
3289 3819 3583 3860 numerum

2005 3896 2204 3968 gradus
2232 3897 2640 3967 presbyteratus
2675 3895 2825 3966 (Erat
2858 3904 3036 3949 autem
3082 3896 3125 3949 is
3166 3894 3435 3951 Orthanes
3473 3913 3590 3952 ma-

2001 3990 2091 4059 jor
2121 3987 2299 4057 natu),
2321 3988 2645 4042 Arostanem
2678 3997 2862 4041 autem
2895 3987 3057 4040 vitam
3081 3985 3400 4051 solitariam,
3424 3997 3475 4041 et
3503 3988 3590 4043 cui

2005 4095 2129 4133 cum
2158 4080 2310 4133 nullo
2336 4078 2625 4133 intercedit
2671 4077 3009 4149 congressio,
3051 4076 3120 4131 ab
3186 4076 3306 4147 ipso
3354 4076 3494 4132 lacte
3534 4087 3592 4134 et

321 4171 470 4227 σθαι.
503 4170 855 4239 Μονοχίτωνά
876 4185 933 4223 τε
955 4170 1066 4239 γὰρ
1092 4170 1182 4221 ἐπὶ
1214 4168 1313 4237 τῆς
1344 4167 1578 4237 ἐρημίας
1610 4166 1904 4237 διατρίϐειν

2006 4171 2184 4225 adhuc
2215 4170 2381 4240 plane
2418 4169 2682 4225 infantem
2708 4168 2937 4239 elegisse
2971 4187 2987 4222 :
3044 4182 3173 4223 nam
3205 4178 3260 4223 et
3300 4171 3464 4225 unica
3506 4169 3593 4224 iu-

316 4262 541 4330 ἐλέγετο
581 4264 744 4331 ψύχει
795 4262 886 4313 καὶ
930 4260 1124 4312 θάλπει
1175 4257 1493 4322 παλαίοντα,
1546 4257 1640 4309 καὶ
1700 4258 1904 4327 λάχανα

2006 4262 2177 4318 dotus
2236 4261 2440 4328 tunica,
2493 4261 2785 4317 dicebatur
2841 4259 3053 4316 versari
3130 4260 3187 4314 in
3260 4260 3591 4328 solitudine,

324 4357 595 4408 σιτεῖσθαι
625 4356 782 4424 μόνα,
810 4353 1117 4422 παννύχους
1141 4350 1199 4404 δὲ
1224 4350 1446 4412 στάσεις
1470 4350 1565 4402 καὶ
1593 4351 1904 4420 ἀγρυπνίας

2007 4371 2133 4412 cum
2164 4356 2346 4427 algore
2373 4364 2430 4411 et
2462 4355 2643 4410 calore
2691 4354 3002 4418 decertans,
3031 4360 3088 4407 et
3117 4353 3248 4408 solis
3286 4358 3432 4409 vesci
3475 4354 3591 4409 ole-

320 4447 421 4499 ιιαὶ
447 4445 822 4516 μεθημερινὰς
844 4443 1177 4514 προσευχὰς,
1205 4444 1300 4495 καὶ
1322 4439 1554 4511 Γραφῶν
1606 4441 1766 4494 θείων
1787 4443 1904 4509 ὁμι-

2009 4450 2489 4514 ribus,nocturnas
2511 4456 2694 4501 autem
2729 4446 2995 4499 stationes
3022 4455 3077 4498 et
3110 4444 3323 4516 vigilias
3352 4454 3407 4500 et
3437 4445 3589 4499 diur-

321 4538 471 4603 λίαν,
502 4540 567 4591 ἐκ
597 4538 784 4599 παιδὸς
820 4535 1113 4589 καὶταῦτα
1142 4533 1222 4603 τῷ
1265 4533 1583 4603 Ἀρωστάνῃ
1624 4532 1896 4602 συνηυξῆ-

2007 4555 2107 4595 nas
2144 4541 2507 4609 precationes,
2533 4546 2745 4591 etcum
2799 4535 3000 4589 divinis
3061 4532 3363 4602 Scripturis
3431 4532 3592 4587 fami-

325 4628 481 4684 σθαι.
518 4628 726 4683 Μαθὼν
761 4623 855 4681 οὖν
912 4626 1088 4680 ταῦτα
1119 4628 1148 4678 ό
1179 4624 1456 4694 βασιλεὺς,
1483 4622 1673 4692 ἐπειδὴ
1701 4624 1903 4692 ἀρετήν

314 4738 383 4777 τι
417 4723 519 4793 ήδη
552 4724 648 4775 καὶ
686 4715 841 4784 οὗτος
892 4720 1080 4790 ἐτίμα,
1136 4716 1473 4787 μεταμέλειά
1500 4729 1559 4766 τε
1615 4717 1783 4767 αὑτὸν
1812 4715 1906 4766 ἐπὶ

315 4819 435 4880 τοῖς
473 4815 761 4887 προτέρας
821 4815 1011 4876 κακοῖς
1044 4808 1178 4881 εἶχε,
1210 4811 1306 4862 καὶ
1336 4807 1497 4878 δῆλος
1533 4804 1602 4880 ἦν
1640 4806 1906 4872 ἀπονίψα-

320 4910 451 4963 σθαι
484 4909 652 4962 ταῦτα
683 4910 795 4970 τοῖς
846 4905 1180 4966 τελευταίοις
1224 4900 1701 4971 φιλοτιμούμενος,
1752 4898 1903 4967 τρεῖς

321 5002 438 5055 τῶν
488 5001 907 5071 ἐπισημοτάτων
955 4996 1155 5065 ἄνδρας
1212 4996 1354 5047 κατᾶ
1387 4993 1619 5061 ζήτησιν
1668 4990 1776 5041 τῶν
1806 4987 1901 5040 τοῦ

321 5094 632 5166 Γρηγορίου
660 5091 869 5143 παίδων
893 5089 1027 5158 πρὸς
1058 5086 1396 5154 Καισάρειαν
1418 5082 1765 5150 ἀποπέμπει.
1792 5080 1905 5132 Πα-

318 5185 678 5260 ραγενόμενοι
699 5182 878 5235 τοίνυν
903 5175 1070 5244 οὗτιι,
1100 5180 1193 5230 καὶ
1231 5181 1321 5228 τὸν
1345 5174 1446 5244 μὲν
1474 5169 1902 5239 ἐκκλησιάζοντα

315 5279 743 5339 καταλαϐόντες,
774 5275 862 5328 τὸν
894 5275 950 5327 δὲ
976 5272 1078 5326 ἀνὰ
1098 5270 1197 5343 τὴν
1219 5270 1452 5339 ἐρημίαν
1487 5263 1900 5335 φιλοσοφοῦντα,

321 5373 482 5446 μόλις
529 5371 626 5424 καὶ
675 5371 774 5422 σὺν
826 5366 1013 5438 μόχθῳ
1068 5364 1160 5416 τὸν
1224 5362 1572 5430 Ἀρωστάνην
1612 5358 1901 5418 πείσαντες

316 5470 515 5535 ἄγουσι
540 5463 691 5535 παρὰ
723 5460 815 5512 τὸν
844 5457 1089 5528 βασιλέα.
1129 5452 1188 5507 '0
1216 5454 1293 5517 δὲ,
1325 5453 1658 5521 χαριέστατα
1678 5446 1903 5507 τούτους

315 5563 416 5617 καὶ
441 5560 537 5612 σὺν
592 5556 753 5627 ἡδονῇ
812 5552 1252 5618 ἀποδεξάμενος,
1284 5543 1569 5611 έκλιπαρεῖ
1621 5540 1714 5591 τὸν
1755 5536 1900 5607 ἱερὸν

312 5653 620 5721 Γρηγόριον
657 5648 795 5717 μετὰ
840 5645 935 5697 τοῦ
969 5640 1233 5710 πλήθους,
1282 5635 1535 5703 καθάπερ
1564 5632 1685 5684 τινὰ
1715 5630 1900 5681 εἰκόνα

312 5763 411 5799 και
437 5736 1000 5817 ἀρχέτυπον,ὲαυτοῦ,
1023 5736 1115 5787 τίον
1168 5731 1518 5801 ’Λρωστάνην
1545 5725 1771 5785 τούτους
1799 5738 1900 5774 κα-

311 5846 592 5908 ταλιπεῖν,
637 5839 737 5893 καὶ
766 5832 1105 5892 ἀναϐιϐάσαι
1134 5846 1194 5882 τε
1224 5828 1393 5882 αὐτὸν
1430 5824 1524 5877 ἐπὶ
1553 5821 1644 5875 τὸν
1682 5817 1896 5888 θρόνον,

2007 4632 2297 4687 liaritatem
2327 4632 2396 4684 ab
2427 4630 2648 4682 inuente
2676 4635 2833 4680 aetate
2861 4626 2909 4678 ei
2938 4624 3235 4679 coaluisse.
3271 4623 3408 4677 Cum
3446 4624 3586 4686 haec.

2005 4723 2251 4793 inquam,
2280 4736 2374 4776 rex
2399 4720 2728 4781 rescivisset,
2755 4715 3013 4785 quoniam
3041 4715 3088 4768 is
3108 4714 3220 4782 jam
3245 4721 3301 4768 et
3326 4714 3586 4768 virtutem

2008 4815 2245 4870 habebat
2272 4813 2328 4867 in
2358 4813 2586 4874 honore,
2622 4820 2677 4864 et
2716 4808 2958 4878 priorum
2987 4805 3255 4860 malorum
3282 4804 3588 4859 ducebatur

2006 4906 2356 4978 paenitentia,
2409 4915 2463 4960 et
2486 4912 2673 4974 aperte
2725 4900 3054 4954 ostendebat
3104 4911 3163 4953 se
3220 4897 3586 4961 contendere,

2004 5006 2066 5052 ut
2105 4997 2281 5066 prima
2312 4994 2519 5049 ultimis
2547 4994 2703 5048 factis
2753 4990 2982 5054 clueret,
3033 4997 3143 5043 tres
3170 4987 3318 5042 viros
3348 4985 3589 5042 maxime

2004 5090 2245 5160 insignes
2308 5088 2473 5143 mittit
2545 5086 2854 5140 Caesaream
2918 5084 2988 5138 ad
3042 5082 3371 5152 quaerendos
3441 5080 3580 5135 (ilius

2003 5181 2270 5252 Gregorii.
2299 5179 2436 5237 Cum
2489 5178 2526 5231 ii
2570 5193 2705 5249 ergo
2753 5176 2992 5246 profecti
3040 5182 3250 5240 essent,
3278 5181 3333 5228 et
3358 5172 3587 5227 alterum

2005 5277 2227 5345 quidem
2268 5272 2606 5328 invenissent
2648 5271 3092 5335 coucionantem,
3129 5268 3363 5322 alterum
3395 5274 3579 5321 autem

2004 5367 2484 5441 philosophantem
2504 5363 2560 5416 in
2588 5361 2903 5423 solitudine,
2955 5373 3081 5412 cum
3129 5358 3220 5412 vix
3248 5364 3438 5412 etnon
3465 5355 3588 5409 sine

2005 5470 2203 5528 magno
2229 5456 2413 5509 labore
2463 5451 2865 5522 persuasissent
2906 5448 3187 5514 Arostaai,
3226 5461 3322 5502 eos
3377 5445 3589 5499 ducunt

2002 5552 2069 5606 ad
2097 5564 2305 5620 regem.
2364 5547 2456 5601 Ille
2504 5554 2686 5598 autem
2716 5555 2839 5595 cum
2888 5554 2984 5594 eos
3038 5539 3348 5611 gratissime
3374 5545 3586 5592 etcum

2002 5643 2281 5711 voluptate
2334 5638 2680 5708 accepisset,
2739 5639 3150 5688 sacrosanctum
3206 5644 3306 5698 per
3365 5629 3592 5682 nuntios

2003 5730 2593 5800 obsecratGrcgortum
2629 5726 2792 5781 simul
2849 5739 2974 5781 cum
3034 5722 3255 5793 populo,
3284 5729 3344 5774 ut
3380 5719 3463 5773 sui
3500 5734 3593 5773 ve-

2002 5822 2100 5877 luti
2145 5820 2434 5892 quamdam
2479 5817 2772 5891 imaginem
2809 5824 2866 5873 et
2894 5815 3174 5884 exemplar
3202 5810 3589 5882 archetypum,
