4060 6456
630 349 740 410 91ίῦ

1847 359 2127 422 MENSIS
2167 360 2462 423 SEPTEM
2470 363 2641 423 BER.
3363 390 3369 396 θ
3761 378 3850 442 995

627 467 948 516 Arustanem
981 462 1061 517 eis
1092 463 1442 531 relinqueret,
1485 475 1539 520 et
1566 484 1690 523 cum
1727 469 1781 524 in
1836 473 2023 528 sedem
2086 491 2198 545 ιιιό⁴

2313 478 2407 532 καὶ
2439 478 2615 548 τούτῳ
2638 477 2735 548 τὴν
2762 478 3159 551 ἀρχιερατικὴν
3177 482 3353 564 ἀρχήν
3384 482 3696 555 ἐγχειρίσαι.
3734 486 3851 544 Ὀδὲ

629 551 876 611 wheret,
931 563 985 605 et
1041 552 1088 604 ei
1145 554 1512 620 pontilicalem
1581 560 1820 616 traderet
1881 569 2206 620 rectionem.

628 644 724 699 llle
771 652 953 696 autem
1013 658 1118 695 non
1168 642 1359 699 leviter
1415 658 1473 702 et
1498 658 1703 706 temere
1761 652 1867 707 hoc
1915 655 2209 713 facit:sed

630 734 889 804 quoniam
946 733 1153 788 sciebat
1209 751 1429 792 omnem
1497 741 1756 796 virtutem
1811 745 2122 816 plantatam_
2154 749 2207 803 in

631 827 808 878 anima
841 824 1008 889 illius,
1035 825 1144 881 cito
1171 841 1355 883 sacras
1384 830 1460 884 illi
1514 848 1710 888 manus
1764 835 2016 906 imponit.
2044 838 2207 893 Cum-

627 932 733 986 que
763 932 889 971 eum
941 924 1322 975 consecrasset
1349 962 1364 987 ,
1418 930 1473 976 et
1501 924 1810 980 universam
1843 928 2207 984 circumcirca

626 1010 904 1079 regionem
935 1024 1059 1063 cum
1090 1025 1156 1064 eo
1189 1011 1472 1077 obivisset,
1509 1022 1564 1067 et
1602 1016 1771 1071 verbo
1800 1016 1926 1072 ﬁdei
1952 1034 2050 1073 eos
2093 1035 2209 1074 am-

625 1101 768 1170 plius
793 1100 1192 1166 conﬁrmasset,
1224 1105 1277 1156 in
1318 1118 1463 1168 eam,
1496 1120 1659 1175 quam
1706 1108 1821 1177 jam
1868 1109 1998 1164 olim
2026 1120 2209 1180 partu-

627 1191 815 1254 rierat,
854 1192 1152 1246 revertitur
1177 1193 1552 1249 solitudinem.

698 1282 937 1337 XXXIX.
980 1286 1112 1354 Ejus
1146 1293 1328 1339 autem
1377 1296 1622 1357 tempore
1655 1288 2049 1347 Constantinus
2071 1308 2209 1362 quo-

622 1392 728 1446 que
753 1377 1058 1431 Constantii
1090 1378 1255 1443 ﬁlius,
1294 1381 1645 1435 renuntiatur
1670 1383 1974 1452 imperator
2006 1384 2209 1439 Roma-

625 1483 820 1521 norum
854 1484 866 1519 :
899 1468 987 1537 qui
1022 1484 1146 1521 cum
1176 1469 1375 1524 virtute
1406 1473 1607 1540 crucis,
1628 1483 1681 1528 et
1709 1476 1762 1528 in
1788 1474 2067 1531 Christum
2093 1478 2209 1548 pic-

623 1567 733 1613 tate
757 1569 1013 1630 tyrannos
1034 1562 1343 1633 dejccisset,
1380 1564 1494 1633 ipSe
1515 1567 1665 1623 solus
1687 1567 1899 1622 obtinet
1918 1568 2205 1639 imperium

626 1652 1019 1707 Romanorum.
1050 1655 1185 1707 Eunt
1222 1655 1363 1735 inter
1388 1656 1746 1726 imperatores
1777 1660 2003 1714 dixerint
2040 1663 2203 1716 etiam

619 1744 821 1798 Christi
869 1744 1217 1815 discipulum,
1275 1757 1329 1802 ct
1363 1749 1537 1817 ipsius
1582 1767 1891 1820 praeconem
1956 1757 2200 1824 pietatis,

2318 568 2380 621 οὔ
2418 570 2708 639 παρέργως
2747 569 2907 622 τοῦτο
2936 572 3103 635 ποιεῖ,
3142 572 3259 624 ἀλλ’
3289 590 3303 602 ο
3340 574 3528 645 ἐπειδὴ
3555 578 3727 631 πᾶσαν
3749 578 3850 649 ᾔδει

2317 659 2413 728 τὴν
2446 658 2648 730 ἀρετὴν
2682 661 2739 711 ὲν
2789 663 2856 730 τῇ
2892 659 3039 731 ψυχῇ
3099 661 3193 714 τοῦ
3233 663 3425 727 παιδὸς
3470 670 3854 739 πεφυτευμένην

2316 749 2527 819 ταχέως
2570 750 2829 820 έπάὐτῷ
2873 753 2975 815 τὰς
3027 753 3181 822 ἱερὰς
3219 754 3496 824 ἐπιτίθησι
3546 758 3743 827 χεῖρας.
3765 761 3855 815 Καὶ

2316 843 2708 911 χειροτονήσας
2735 841 2947 909 τοῦτον,
2979 844 3074 898 καὶ
3104 846 3204 916 τὴν
3237 848 3542 917 περίχωρον
3568 849 3709 919 αὐτῷ
3738 868 3855 918 συμ-

2315 931 2642 1002 περιελθὼν,
2675 935 2771 986 καὶ
2796 933 2876 1005 τῷ
2905 934 3052 1006 λόγῳ
3074 937 3177 1007 τῆς
3207 939 3445 1002 πίστεως
3469 941 3719 995 ὲπιπλέον
3753 946 3855 998 τού-

2313 1038 2440 1087 τους
2491 1024 2772 1094 στηρίξας,
2806 1029 2888 1090 είς
2928 1025 2998 1096 ἢν
3044 1028 3111 1081 ἐκ
3146 1028 3345 1083 πολλοῦ
3384 1030 3573 1085 ὤδινεν
3627 1035 3852 1107 ἐρημίαν,

2314 1116 2410 1167 καὶ
2443 1115 2603 1180 αὖθις
2631 1118 2933 1188 ἀναχωρεῖ.

2384 1274 2508 1327 AU'.
2549 1272 2686 1326 Ὑπὸ
2714 1272 2771 1327 δὲ
2799 1274 2925 1338 τοὺς
2958 1274 3157 1337 αὐτοὺς
3209 1274 3438 1344 χρόνους
3469 1277 3561 1329 καὶ
3594 1276 3851 1330 Κωνσταν-

2312 1367 2455 1428 τίνος
2485 1368 2513 1419 ὁ
2546 1366 2927 1421 Κωνσταντίου
2959 1369 3091 1437 παῖς
3146 1365 3407 1437 βασιλεὺς
3442 1367 3715 1436 Ῥωμαίων
3741 1371 3851 1422 ἀνα-

2312 1459 2619 1531 γορεύεται,
2647 1460 2742 1512 καὶ
2767 1461 2833 1531 τῇ
2864 1459 2958 1512 τοῦ
2999 1436 3247 1530 Στδαυροῦ
3302 1460 3554 1530 δυνάμει,
3577 1462 3666 1514 καὶ
3692 1465 3751 1535 τῇ
3774 1464 3851 1515 ἐπὶ

2312 1553 2549 1622 Χριστὸν
2574 1552 2846 1623 εὐσεϐείᾳ,
2873 1553 2999 1616 τοὺς
3025 1554 3324 1623 τυράννους
3351 1552 3687 1617 καταϐαλὼν,
3714 1555 3851 1616 αὐτὸς

2319 1643 2481 1710 μόνος
2516 1643 2614 1715 τὴν
2658 1644 2950 1715 Ῥωμαίων
2977 1645 3228 1711 ἐξουσίαν
3260 1644 3357 1697 καὶ
3387 1645 3484 1713 τὴν
3514 1645 3681 1715 ἀρχὴν
3711 1662 3849 1715 περι-

2314 1736 2591 1789 ϐάλλεται.
2626 1736 2828 1790 Τοῦτον
2861 1739 2921 1790 ὲν
2962 1737 3245 1808 βασιλεῦσι
3297 1739 3392 1790 καὶ
3429 1737 3655 1807 Χριστοῦ
3697 1738 3849 1807 μαθη·

624 1846 683 1889 ιιι
714 1835 805 1905 qui
839 1838 1169 1891 exsecranda
1202 1838 1510 1895 daemonum
1546 1844 1746 1907 templa
1800 1844 1869 1898 et'
1901 1845 2092 1900 altaria
2119 1847 2198 1901 di-

2306 1827 2403 1897 τὴν
2429 1828 2639 1897 εἴποιμι
2684 1828 2751 1882 ἂν
2815 1830 3014 1897 ἔγωγε,
3075 1830 3169 1882 καὶ
3230 1830 3403 1898 αὐτῆς
3460 1830 3668 1899 κήρυκα
3714 1831 3847 1881 εὐσε-

618 1929 827 1982 ruerit:
865 1938 921 1983 et
946 1944 1128 1984 sacras
1174 1931 1321 1986 ardes
1377 1932 1486 1988 Deo
1541 1937 1897 2001 exstruxerit,
1926 1948 1983 1992 et
2010 1955 2205 2008 puram

617 2017 675 2070 in
707 2017 984 2073 Christum
1020 2021 1448 2089 confessionem,
1474 2034 1527 2080 et
1548 2036 1759 2082 rectum
1783 2029 1978 2100 dogma
2005 2032 2205 2089 litteris

622 2109 785 2179 regiis
812 2120 868 2164 et
904 2111 1117 2176 edictis,
1154 2115 1450 2181 universae,
1493 2134 1615 2188 qua:
1658 2122 1778 2189 ejus
1824 2123 2020 2177 ditioni
2053 2141 2208 2194 pare-

620 2202 733 2268 bat,
789 2205 1000 2272 regioni
1060 2208 1419 2276 exposuerit:
1470 2219 1527 2263 et
1579 2227 1677 2277 pro
1732 2213 1932 2283 pietate
1993 2226 2204 2272 tantum

614 2292 857 2345 studium
886 2303 1152 2362 posuerit,
1181 2306 1240 2350 ut
1283 2306 1558 2355 trecentos
1607 2301 1798 2356 decem
1824 2314 1879 2358 et
1913 2315 2039 2360 octo
2095 2310 2202 2363 Pa-

611 2399 729 2445 tres
760 2393 1166 2452 convocaverit.
1195 2401 1251 2448 et
1294 2410 1510 2453 SJU’UID
1556 2397 1689 2452 illud
1744 2401 2038 2457 concilium
2072 2419 2205 2460 con-

586 2485 940 2551 _gregaverit,
980 2495 1036 2538 ut
1061 2494 1116 2539 et
1143 2502 1275 2556 quae
1302 2497 1491 2543 exorta
1523 2499 1681 2553 erant
1740 2491 1953 2549 zizania
1984 2496 2202 2551 exscin-

608 2573 786 2639 deret,
822 2585 878 2630 et
909 2591 938 2629 a
973 2575 1251 2634 frumento
1287 2589 1449 2635 rectas
1478 2582 1599 2637 ﬁdei
1640 2595 1977 2655 segregaret.
2028 2587 2202 2644 Erant

609 2675 794 2721 autem
850 2668 927 2734 hi,
984 2668 1403 2738 Constantinus,
1462 2678 1707 2746 inquam,
1771 2689 1829 2733 et
1883 2678 2196 2747 Teridates,

611 2767 872 2828 tanquam
904 2761 1103 2817 lucidze
1140 2764 1331 2831 stellae,
1358 2765 1498 2821 alter
1547 2769 1768 2837 quidem
1823 2768 2196 2839 Occidentem,

610 2850 1003 2909 Constantinus
1026 2855 1255 2917 scilicet,
1280 2857 1418 2911 alter
1443 2868 1627 2914 autem
1650 2860 1935 2918 Orientem
1958 2864 2200 2925 lustran-

615 2952 718 3004 tes,
740 2940 1081 3014 honesteque
1109 2954 1164 2998 et
1195 2947 1436 3003 suaviter
1461 2950 1888 3021 resplendentes.
1915 2954 2198 3015 Evaseran-

609 3049 716 3101 que
755 3032 1036 3089 Teridates
1092 3038 1204 3105 jam
1253 3038 1310 3093 in
1366 3040 1569 3109 pietate
1614 3041 2080 3112 ferventissimus,
2137 3060 2195 3105 et

607 3122 982 3193 nullijejuniis
1011 3128 1212 3181 cedens
1240 3137 1297 3182 et
1321 3134 1595 3196 oratione,
1643 3148 1713 3188 ne
1752 3139 2042 3193 monachis
2069 3142 2197 3208 qui—

2309 1920 2484 1984 6είας,
2521 1921 2587 1974 τά
2618 1938 2676 1974 τε
2710 1922 2885 1990 μιαρά
2914 1921 3021 1974 τῶν
3056 1921 3332 1992 δαιμόνων
3380 1922 3575 1990 τεμένη
3615 1921 3698 1973 καὶ
3741 1922 3847 1982 τοὺς

2310 2014 2529 2086 βωμοὺς
2564 2015 2886 2078 καθελόντα,
2923 2014 3101 2085 ἱερούς
3150 2033 3209 2067 τε
3243 2014 3325 2085 τῷ
3354 2014 3473 2085 Θεῷ
3505 2016 3844 2084 ἀναστήσαντα

2305 2110 2509 2171 οἴκους,
2532 2109 2628 2160 καὶ
2658 2110 2754 2171 τὴν
2785 2110 2863 2171 εις
2900 2109 3139 2177 Χριστίν
3181 2109 3439 2179 καθαρὰν
3473 2109 3739 2178 ὁμολογίαν
3767 2109 3844 2159 καὶ

2307 2200 2369 2252 τὸ
2410 2200 2690 2270 ὀρθοδοξον
2724 2199 2903 2270 δόγμα
2949 2202 3043 2253 καὶ
3078 2203 3379 2271 γράμμασι
3435 2201 3715 2271 βασιλικοῖς
3763 2199 3842 2252 καὶ

2306 2298 2694 2361 ’προστάγμασι
2726 2296 2793 2363 τῇ
2837 2293 2942 2345 ὑπὸ
3010 2295 3170 2362 χεῖρα
3220 2295 3379 2363 πάσῃ
3436 2292 3709 2363 ἐκθέμενον
3765 2293 3842 2344 καὶ

2302 2385 2567 2455 τοιαύτην
2621 2385 2764 2454 ὑπὲρ
2799 2386 2899 2455 τῆς
2951 2384 3240 2448 εὐσεϐείας
3309 2385 3674 2455 εἰσενεγκόντα
3698 2402 3838 2439 σπου-

2301 2478 2419 2548 δὴν,
2467 2477 2541 2540 ὡς
2591 2479 2686 2531 καὶ
2751 2478 2885 2531 δέκα
2935 2480 3029 2532 καὶ
3065 2476 3214 2531 ὀκτὼ
3256 2479 3356 2531 ἐπὶ
3401 2482 3513 2542 τοῖς
3550 2480 3838 2549 τριακοσίοις

2307 2569 2649 2638 συγκαλέσαι
2678 2570 2854 2633 θείους
2888 2572 3159 2640 Πατέρας,
3205 2573 3307 2625 καὶ
3339 2572 3437 2642 τὴν
3471 2572 3617 2647 ίεράν
3655 2572 3833 2639 ἐκείνην

2303 2661 2521 2716 σύνοδον
2573 2664 2970 2735 συγκροτῆσαι,
3031 2665 3118 2734 ἐφ’
3153 2659 3197 2732 ᾧ
3254 2668 3328 2717 τὰ
3386 2664 3743 2732 ὑπαναιρυέντα
3786 2679 3830 2713 τε

2301 2752 2517 2817 ζιζάνια
2556 2756 2829 2825 ἐκτεμεῖν,
2863 2756 2959 2807 καὶ
2992 2754 3084 2806 τοῦ
3117 2754 3219 2823 τῆς
3263 2754 3433 2824 ὀρθῆς
3489 2755 3702 2816 πίστεως
3744 2751 3832 2804 δια-

2299 2850 2459 2918 κρῖνα
2488 2847 2663 2900 σίτου.
2700 2848 2809 2899 Καὶ
2857 2842 2997 2918 ἦσάν
3052 2862 3116 2911 γε
3154 2842 3327 2913 οὗτοι,
3370 2847 3739 2904 Κωνσταντῖνος
3759 2844 3831 2895 καὶ

2299 2936 2628 3011 ’[ηριδάτης,
2667 2938 2807 2990 κατὰ
2835 2939 2963 3000 τοὺς
3011 2936 3298 3005 διαφανεῖς
3331 2938 3580 3007 ἀστέρας,
3622 2939 3647 2990 ὁ
3673 2937 3757 3006 μὲν
3779 2935 3833 2986 τὰ

2307 3028 2570 3099 Ἐσπέρια
2592 3070 2608 3095 ,
2635 3027 2662 3082 ὁ
2691 3031 3123 3094 Κωνσταντίνος,
3158 3031 3331 3099 φημὶ,
3361 3032 3389 3082 ὁ
3419 3031 3475 3083 δὲ
3509 3030 3573 3084 τὰ
3598 3031 3715 3100 πρὸς
3742 3030 3833 3081 Ἐω

2302 3121 2728 3192 περιπολοῦντες
2769 3123 2865 3176 καὶ
2900 3123 3063 3177 καλὸν
3090 3125 3186 3177 καὶ
3228 3125 3336 3192 ήδὺ
3397 3124 3833 3195 λιειμ.ποντες.ε)ερ⁴

754 3187 772 3192 -
811 3187 825 3193 ,
1580 3187 1593 3196 ,
1696 3187 1704 3188 κ
2073 3187 2164 3208 τη-

610 3212 756 3279 dem,
789 3215 882 3283 qui
908 3230 966 3270 se
996 3217 1049 3269 in
1081 3218 1163 3272 his
1190 3230 1457 3277 exercent
1488 3222 1543 3277 in
1593 3229 1966 3282 monasteriis.
2006 3231 2063 3284 ln
2091 3231 2191 3285 hac

2306 3187 2537 3284 μότατός
2560 3230 2620 3266 τε
2651 3215 2760 3284 γὰρ
2781 3209 2849 3286 ἦν
2871 3217 2966 3269 καὶ
2990 3187 3308 3285 Τηριδάτης
3330 3218 3429 3287 τὴν
3451 3187 3711 3268 εὐσέϐειαν
3728 3187 3829 3282 ήδη,

582 3318 742 3373 ,ονεο
772 3320 925 3361 sacra
961 3309 1186 3379 synodo,
1220 3320 1276 3365 et
1304 3312 1442 3365 alter
1471 3314 1704 3370 alterum
1733 3317 1992 3386 iuverunt
2013 3337 2195 3393 reges,

608 3407 811 3451 etcum
873 3398 982 3453 alio
1034 3400 1245 3456 honore
1282 3417 1343 3457 se
1387 3403 1626 3461 invicem
1687 3409 2011 3480 elicuerunt,
2078 3425 2195 3469 tum

608 3492 771 3545 etiam
832 3506 929 3560 per
975 3491 1188 3548 litteras
1257 3496 1507 3552 collaetati
1561 3509 1692 3555 sunt
1725 3509 2015 3558 sententiae
2047 3521 2192 3563 com-

610 3580 871 3635 munione
894 3581 950 3635 in
978 3599 1104 3638 vera
1136 3588 1362 3656 pietate.
1381 3585 1552 3645 Porro
1571 3600 1754 3647 autem
1777 3595 2012 3650 accessit
2029 3597 2193 3655 etiam

607 3673 881 3728 Armenia:
907 3676 1199 3747 episcopus
1225 3680 1542 3747 Arostanes,
1575 3699 1701 3740 cum
1729 3686 2027 3757 imperator
2052 3692 2195 3749 Con-

602 3764 880 3820 stantinus
923 3775 1048 3822 eum
1107 3772 1455 3839 accersisset,
1524 3776 1619 3846 qui
1668 3777 1787 3847 ipse
1841 3795 2068 3853 quoque
2087 3784 2194 3840 fuit

603 3869 732 3925 pars
762 3859 904 3911 sacri
959 3870 1161 3917 caelus.
1196 3863 1262 3917 Et
1299 3879 1424 3919 cum
1458 3882 1582 3937 qua:
1609 3874 1886 3926 communi
1920 3878 2193 3932 sententia

601 3945 818 4001 fuerant
847 3950 1071 4020 scripta.
1127 3954 1382 4026 dogmata
1434 3960 1764 4029 accepisset.
1812 3978 2067 4023 reversus
2096 3978 2184 4024 est

600 4035 659 4091 in
688 4054 841 4093 suam
890 4042 1192 4108 civitatem.
1242 4048 1648 4116 jucuudissime
1717 4062 1774 4108 et
1820 4056 2190 4117 libentissime

601 4129 754 4185 visus
791 4146 821 4184 a
880 4131 997 4187 suis
1048 4145 1173 4204 post
1223 4141 1722 4211 peregrinationem
1763 4159 1777 4196 :
1837 4145 2190 4216 religiosissi-

602 4236 864 4289 mumque
889 4239 1069 4294 regem
1110 4224 1449 4294 Teridatem,
1471 4238 1527 4284 et
1555 4246 1774 4291 omnem
1799 4234 2186 4295 Armeniorum

601 4314 884 4385 regionem
914 4319 1113 4391 gaudio
1146 4320 1392 4393 implevit
1447 4335 1672 4394 propter
1707 4326 2023 4396 dogmatum
2054 4346 2191 4389 con-

598 4406 936 4463 sensionem.
969 4408 1100 4474 Quae
1147 4414 1310 4469 etiam
1371 4415 1534 4487 longo
1596 4427 1844 4488 tempore
1869 4422 1947 4476 sic
1972 4439 2191 4482 manse-

2266 3360 2275 3361 ί
2303 3303 2396 3356 καὶ
2422 3302 2638 3368 οὐδενὸς
2673 3305 2744 3356 τά
2765 3319 2826 3373 γε
2859 3305 2938 3368 είς
2972 3306 3228 3374 νηστείαν
3257 3310 3359 3359 καὶ
3404 3310 3691 3375 προσευχζις
3726 3304 3833 3355 ἁπο-

2299 3394 2641 3465 λειπόμενος,
2667 3397 2791 3450 οὐδὲ
2821 3398 3005 3452 αὐτῶν
3045 3396 3153 3450 τῶν
3208 3397 3281 3450 τὰ
3312 3397 3533 3450 τοιαῦτα
3564 3398 3617 3446 ἐν
3648 3409 3830 3464 φροντι-

2302 3489 2546 3559 στηρίοις
2582 3490 2831 3560 μοναχῶν
2877 3493 3256 3562 ἀσκουμένων.
3305 3491 3395 3543 Ἐν
3440 3493 3505 3561 τῇ
3541 3491 3653 3558 ἱερᾷ
3683 3489 3830 3538 τοίνυν

2297 3583 2470 3655 ταύτῃ
2506 3584 2708 3655 συνόδῳ
2759 3583 3046 3655 ὠνήσαντο
3083 3584 3357 3655 ἀλλήλους
3393 3583 3443 3637 oi
3484 3582 3720 3652 βασιλεῖς,
3758 3577 3831 3631 καὶ

2296 3678 2363 3746 τῇ
2392 3693 2451 3729 τε
2477 3678 2637 3748 λοιπῇ
2664 3680 2800 3747 τιμῇ
2819 3676 2910 3728 τὸν
2932 3675 3120 3746 ἕτερον
3153 3677 3390 3739 ἕκαστος
3437 3674 3731 3741 ἐδεξιοῦντο,
3756 3671 3832 3722 καὶ

2295 3770 2361 3840 δὴ
2398 3770 2493 3823 καὶ
2522 3773 2590 3840 τῇ
2625 3772 2758 3839 περὶ
2787 3767 2887 3840 τὴν
2922 3769 3209 3822 εὐσέϐειαν
3244 3769 3503 3837 κοινωνίᾳ
3527 3770 3617 3837 τῆς
3645 3765 3831 3833 γνώμης

2299 3862 2610 3932 συνήδοντο.
2635 3862 3007 3932 Παραγίνεται
3062 3863 3247 3931 μέντοι
3274 3863 3373 3916 καὶ
3395 3864 3423 3913 ὁ
3464 3858 3728 3929 Ἀρμενίας
3753 3855 3829 3921 ἁρ-

2294 3955 2657 4025 χιεπίσκοπος
2691 3954 3070 4027 Ἀρωστάνης,
3095 3954 3193 4008 τοῦ
3226 3954 3497 4024 βασιλέως
3527 3946 3824 4043 Κωνσταντίῖ

2294 4064 2387 4101 νου
2408 4047 2611 4121 ,τοῦτον
2653 4047 3191 4117 μεταπεμψαμένου,
3240 4047 3342 4099 καὶ
3401 4047 3560 4118 μέρος
3587 4040 3671 4096 τοῦ
3704 4040 3822 4106 ίερου

2296 4139 2556 4208 συλλόγου
2584 4141 2681 4195 καὶ
2711 4134 2867 4202 οὗτος
2903 4139 3220 4208 γενόμενος.
3263 4139 3348 4192 Τὰ
3373 4140 3520 4210 κοινῇ
3548 4136 3696 4206 ψήφῳ
3716 4146 3825 4200 κρεν

2290 4231 2539 4300 τήσαντα
2569 4231 2820 4302 δόγματα
2848 4232 3220 4300 γεγραμμένα
3245 4230 3455 4295 λαϐὼν,
3498 4230 3573 4292 είς
3596 4229 3685 4294 τήν
3713 4220 3825 4274 ἰδίαν

2292 4325 2557 4394 ἐπανήκει
2607 4322 2787 4387 πόλιν,
2834 4323 3064 4392 γλυκεῖά
3093 4340 3177 4388 τις
3211 4323 3339 4393 ὄψις
3375 4324 3469 4376 καὶ
3517 4322 3711 4390 ἥδιστον
3740 4311 3824 4367 ἀπὸ

2288 4416 2391 4486 τῆς
2446 4415 2758 4486 ἀποδημίας
2789 4418 2856 4486 τῇ
2891 4416 3098 4487 ποίμνῃ
3129 4417 3440 4484 ἐπιφανείς
3486 4416 3576 4466 καὶ
3605 4411 3746 4465 αὐτόν
3776 4419 3821 4455 τε

601 4504 756 4559 runt,
787 4512 1005 4570 semper
1033 4501 1240 4571 pietate
1291 4505 1347 4561 in
1405 4509 1607 4579 pOpulo
1638 4521 1945 4577 crescente,
1994 4524 2050 4568 et
2090 4532 2188 4586 per

2301 4508 2389 4560 τὸν
2436 4507 2835 4576 φιλοθεώτατον
2895 4505 3124 4576 βασιλέα
3169 4508 3501 4577 Τηριδάτην,
3545 4501 3632 4609 καὶ
3675 4499 3819 4605 alia“

592 4588 788 4643 omnia
831 4590 940 4645 Deo
966 4593 1116 4662 pacis
1135 4594 1455 4664 gloriﬁcato.
1478 4601 1532 4654 in
1548 4600 1768 4657 Christo
1793 4602 1920 4660 Jesu
1959 4606 2185 4664 Domino

598 4688 791 4733 nostro
824 4697 838 4735 :
872 4695 997 4737 cum
1028 4699 1135 4753 quo
1174 4686 1317 4741 Patri
1350 4689 1516 4745 simul
1569 4708 1695 4747 cum
1754 4706 1948 4751 sancto
1976 4695 2188 4766 Spiritu

597 4771 796 4841 gloria,
827 4777 1094 4843 potentia,
1136 4785 1194 4831 et
1234 4778 1411 4836 honor
1432 4798 1604 4857 nunc,
1632 4793 1689 4838 et
1750 4784 1805 4840 in
1862 4787 2063 4842 saecula
2090 4804 2193 4844 sa:-

598 4863 877 4919 culorum.
915 4866 1108 4923 Amen.

2295 4599 2394 4672 τὴν
2427 4600 2726 4671 Ἀρμενίαν
2792 4599 3138 4671 εὐφροσύνης
3187 4601 3281 4653 ἐπὶ
3327 4602 3395 4670 τῇ
3428 4598 3534 4651 τῶν
3578 4590 3818 4661 δογμάτων

2289 4695 2579 4764 συμφωνίᾳ
2601 4690 2917 4763 πληρώσας.
2951 4693 3017 4747 Ἀ
3044 4692 3112 4761 δὴ
3138 4693 3234 4747 καὶ
3263 4693 3535 4763 διέμεινεν
3564 4686 3693 4740 οὕτω
3715 4680 3813 4753 χρό’

2274 4800 2378 4839 ινον
2408 4785 2501 4837 ἐπὶ
2529 4783 2740 4854 μακρὸν
2765 4822 2781 4849 ,
2807 4783 2906 4853 τῆς
2953 4782 3236 4848 εὐσεϐείας
3266 4784 3523 4836 ἑκάστοτε
3551 4780 3622 4840 είς
3647 4774 3811 4840 πλῆθος

2283 4875 2651 4946 ὲπιδιδούσης,
2684 4876 2780 4928 καὶ
2808 4874 2902 4928 τοῦ
2935 4874 3037 4946 τῆς
3067 4876 3296 4946 εὲρήνης
3323 4874 3477 4943 ,Θεοῦ
3522 4872 3606 4926 διὰ
3635 4867 3805 4921 πάντων

599 4951 989 5028 δοξαζομένου,
1015 4963 1071 5012 ἐν
1092 4962 1315 5033 Χριστῷ
1353 4964 1528 5036 Ἰησοῦ
1568 4965 1645 5035 τῷ
1675 4969 1863 5040 Κυρίῳ
1887 4971 2065 5040 ήμῶιν
2092 4971 2215 5044 μεθ’
2248 4965 2310 5025 οἷ)
2347 4969 2428 5040 τῷ
2477 4970 2653 5040 Πατρὶ
2691 4969 2807 5041 ἅμα
2835 4968 2915 5039 τῷ
2977 4970 3116 5040 ἁγίῳ
3168 4968 3448 5038 Πνεύματι
3496 4964 3633 5029 δόξα.
3681 4951 3797 5022 τιμὴν

605 5047 810 5119 κράτος
832 5050 926 5104 νῦν
957 5053 1052 5107 καὶ
1077 5055 1163 5111 ἀεὶ
1188 5060 1283 5110 καὶ
1312 5062 1392 5113 εἰσ
1414 5063 1540 5125 τοὺς
1570 5061 1675 5115 αἰώ
1691 5079 1788 5129 νας
1813 5064 1922 5118 τῶν
1947 5065 2181 5123 αἰώνων.
2233 5067 2290 5120 Ἀ
2302 5065 2430 5135 μὴν.
