4060 6444
509 377 643 438 μὲθῖ

1798 365 2084 425 MENSIS
2117 362 2484 424 OCTOBER.

3610 366 3727 434 1(08

502 486 648 569 apud
681 484 883 557 Regem
912 483 1162 540 et-Deum
1192 481 1580 546 immortalem,
1614 490 1672 535 ut
1701 479 1791 552 qui
1829 481 2078 535 taberna-

2188 477 2442 547 ἀθανάτῳ
2487 474 2697 546 βασιλεῖ
2731 474 2823 527 καὶ
2859 473 2978 543 Θεῷ
3035 475 3345 546 παρρησίαν
3399 482 3723 550 κτησάμενοι,

502 578 685 632 culum
716 577 935 647 quidem
972 586 1025 630 et
1049 575 1375 641 incolatum,
1405 584 1459 630 ct
1486 574 1759 637 exsilium,
1787 582 1845 627 et
1871 573 1915 626 si
1947 571 2082 642 quid

502 670 649 724 aliud
679 678 763 723 est
794 668 879 722 bis
906 668 1091 732 vilius,
1124 668 1267 721 hanc
1315 666 1478 720 vitam
1519 665 1913 719 existimarent.
1945 664 2083 719 Cum

501 770 689 818 essent
719 770 901 815 autem
933 759 1061 814 boni
1111 767 1448 814 mercatores
1475 773 1586 813 sua:
1611 758 1822 819 salutis,
1858 767 1934 823 et,
1961 773 2086 828 qua:

505 864 590 919 est
612 853 665 907 in
690 852 896 916 futuro,
932 853 1095 907 vitam
1124 859 1503 920 compararent
1535 866 1628 918 per
1654 851 1966 920 pr.esentia,
1992 865 2085 904 ve-

503 942 603 998 luti
640 942 933 1012 quamdam
962 952 1135 996 artem
1158 942 1226 995 ad
1262 940 1411 995 illam
1433 940 1846 1010 acquirendam,
1871 941 2086 996 divinas

500 1034 828 1089 exercebant
863 1032 1196 1101 Seripluras,
1224 1042 1280 1088 et
1307 1047 1401 1087 eas
1428 1045 1649 1100 semper
1674 1030 1946 1085 habebant
1972 1045 2085 1099 prce

503 1126 777 1181 manibus.
825 1125 1100 1191 Quocirca
1153 1124 1267 1178 base
1302 1138 1410 1177 non
1460 1120 1635 1192 potuit
1680 1121 1912 1175 tolerare
1942 1120 2081 1173 invi-

500 1216 620 1276 dia:
651 1227 706 1272 et
735 1232 857 1272 cum
889 1218 1113 1288 quidam
1144 1214 1256 1281 alii,
1278 1222 1391 1269 tum
1420 1214 1555 1269 alias
1584 1227 1799 1284 quoque
1825 1212 2080 1277 virtutes,

500 1321 612 1364 mm
654 1309 798 1378 apud
837 1309 1013 1379 ipsum
1044 1308 1431 1378 imperatorem
1462 1305 1737 1369 ﬁduciam,
1771 1304 1906 1359 viris
1939 1319 2078 1374 pras-

500 1402 659 1456 ciaris
690 1401 1019 1459 inviderent.
1050 1400 1192 1468 apud
1226 1398 1377 1453 illum
1425 1398 1604 1467 ipsum
1640 1412 1830 1451 eorum
1864 1396 2079 1450 ﬁducize

500 1507 798 1555 auctorem,
867 1507 1066 1561 nempe
1127 1493 1543 1561 imperatorem,
1606 1506 1703 1545 eos
1767 1499 2075 1545 accusant:

500 1586 642 1652 quod
677 1584 822 1641 illius
854 1584 1073 1654 quidem
1106 1590 1554 1651 contempserunt
1590 1582 1908 1647 amicitiam,
1947 1581 2079 1636 dca-

501 1694 731 1748 rumqne
774 1677 982 1732 cultum
1025 1690 1244 1747 quoque
1291 1675 1689 1745 neglexerunt:
1733 1674 1847 1745 jam
1893 1683 2077 1729 autem

500 1768 568 1822 ad
605 1768 766 1822 aliam
799 1767 1149 1821 declinarunt
1187 1763 1529 1836 religionem,
1564 1779 1624 1819 se
1656 1763 1998 1820 Christianos
2022 1771 2075 1818 et

500 1859 597 1914 Dei
629 1873 819 1914 servos
851 1865 1132 1913 vocantes.

569 1948 634 2002 ll.
676 1948 1037 2004 Maximianus
1056 1957 1263 2012 autem,
1294 1947 1508 2003 etiamsi
1539 1947 1726 2011 sciret,
1758 1946 1902 2016 quod
1936 1961 2081 2015 szrpe

506 2042 659 2098 multi
688 2041 976 2097 calumniae
1008 2039 1266 2095 invidiam
1297 2055 1516 2096 causam
1542 2039 1768 2103 habent,
1803 2054 1913 2093 non
1943 2039 2084 2093 veri-

500 2145 687 2197 tatem,
737 2134 974 2189 maxime
1002 2141 1188 2188 autem
1244 2148 1369 2188 cum
1402 2147 1513 2187 non
1547 2133 1845 2202 ignoraret,
1879 2138 2082 2200 quanta

499 2238 649 2283 esset
705 2240 897 2281 eorum
952 2224 1007 2279 in
1057 2225 1237 2294 ipsum
1292 2224 1677 2279 benevolentia
1720 2240 1732 2276 :
1778 2225 2082 2294 quinetiam

498 2315 684 2371 animo
711 2323 952 2370 versaret
996 2329 1151 2370 suam
1198 2314 1463 2369 saevitiam
1509 2323 1566 2369 et
1610 2313 1960 2370 acerbitatem
1996 2317 2080 2385 (ea

498 2409 644 2467 enim
677 2406 760 2462 vel
791 2407 1027 2462 maxime
1073 2406 1194 2462 aliis
1239 2406 1613 2461 contendebat
1653 2407 2001 2476 antecellere)
2027 2416 2082 2463 et

497 2501 643 2568 quod
681 2501 726 2555 si
755 2498 897 2554 forte
928 2500 1156 2554 deorum
1188 2497 1653 2569 benevolentiam,
1681 2509 1737 2552 et
1768 2499 1913 2553 illius
1940 2500 2081 2552 ami-

496 2591 680 2646 citiam
732 2591 1052 2647 statuissent
1116 2591 1427 2660 despicere,
1495 2590 1799 2659 perieulum
1858 2590 2079 2661 quidem

496 2698 645 2741 (τρι-ὀ
681 2683 1030 2741 timuissent:
1068 2683 1523 2754 existimaretque
1555 2697 1678 2738 esse
1718 2698 1831 2737 non
1884 2684 2081 2753 proba-

498 2774 650 2837 bilia,
701 2774 797 2829 sed
820 2774 976 2839 falsa,
1021 2790 1143 2844 qua:
1167 2774 1537 2829 dicebantur:
1571 2789 1634 2829 ea
1662 2784 1845 2829 tamen
1879 2774 2077 2830 admit-

497 2866 659 2922 tenda
690 2881 811 2943 non,
838 2880 961 2921 esse
1004 2865 1141 2920 citra
1172 2864 1656 2932 examinationem,
1689 2873 1750 2920 ut
1783 2878 2080 2921 consenta-

496 2972 659 3010 neum
712 2965 853 3023 erat,
899 2956 1303 3012 considerabat.
1359 2953 1502 3022 Quid
1547 2968 1678 3026 ergo
1732 2954 1899 3012 facit?
1942 2956 2078 3011 Cum

494 3049 844 3117 splendidum
887 3048 1309 3119 etmagniﬁcum
1347 3056 1594 3117 parasset
1624 3047 1977 3114 sacriﬁcium,
2023 3057 2080 3103 et

493 3141 809 3211 quicunque
838 3149 995 3195 erant
1028 3139 1159 3195 clari
1186 3147 1242 3194 et
1272 3137 1531 3201 illustres.
1559 3138 1615 3193 in
1647 3138 1910 3209 templum
1945 3154 2078 3194 csn-
2101 3174 2147 3237 Ο

494 3234 703 3296 venire,
748 3241 806 3287 et
844 3231 1094 3288 sacriﬁcii
1139 3245 1266 3286 cum
1304 3244 1371 3285 eo
1416 3245 1541 3285 esse
1580 3231 1878 3301 participes
1923 3232 2077 3301 prius

494 3325 763 3392 iussisset,
796 3340 910 3378 rem
934 3320 1198 3392 deinceps
1223 3320 1537 3377 examinare
1562 3322 1869 3377 consuluit.
1896 3322 2076 3393 Atque

492 3420 609 3487 ipse
638 3417 858 3487 quidem
903 3417 1117 3487 primus
1147 3414 1489 3486 ingreditur:
1522 3414 1683 3470 simul
1725 3426 1905 3470 autem
1949 3432 2075 3470 cum

492 3526 560 3566 eo
589 3510 890 3581 ingreditur
918 3510 1081 3565 etiam
1116 3523 1311 3580 magna
1348 3508 1662 3570 multitudo.
1713 3518 1768 3563 et
1808 3518 1925 3564 erat
1953 3513 2078 3563 uni-

492 3617 648 3657 versa
668 3602 722 3656 in
748 3600 951 3671 templo
972 3609 1319 3670 congregata.
1347 3597 1412 3653 Et
1428 3600 1517 3654 alii
1541 3599 1762 3669 quidem
1783 3600 2078 3670 diligenter

495 3691 826 3763 peragebant
863 3690 1219 3753 sacriﬁcium,
1261 3699 1318 3744 et
1351 3699 1676 3759 praesentem
1708 3689 2077 3744 observabant

500 3782 908 3839 Maximianum.
949 3778 1172 3849 Sergius
1202 3793 1333 3834 vero
1367 3777 1691 3833 etBaccbus
1717 3777 1816 3832 viri
1841 3793 2073 3849 genero-

495 3871 721 3937 sissimi,
769 3887 839 3925 ne
887 3869 1071 3939 templi
1118 3868 1338 3939 quidem
1387 3876 1597 3937 portam
1643 3867 1896 3938 ingressi,
1941 3866 2076 3922 foris

498 3964 718 4017 stabant
769 3961 990 4024 alicubi,
1038 3961 1142 4029 ipsi
1189 3959 1300 4013 Deo
1327 3957 1510 4028 potius
1557 3973 1755 4027 purum
1795 3966 1851 4012 et
1885 3971 2074 4011 verum

497 4064 820 4124 pel-agentes
862 4051 1213 4115 sacriﬁcium,
1255 4059 1311 4104 et
1355 4064 1452 4119 pro
1477 4049 1598 4103 aliis
1636 4059 1931 4120 rogantes:
1968 4048 2075 4102 Do-

497 4146 668 4209 mine,
724 4143 974 4209 Domine,
1027 4142 1301 4207 dicebant,
1360 4142 1500 4195 Dens
1553 4141 1661 4193 ilex
1713 4140 2074 4208 singulorum,

494 4236 690 4292 exaudi
741 4251 931 4289 vocem
973 4243 1172 4289 nostra:
1205 4234 1488 4294 orationis,
1536 4243 1592 4288 et
1643 4232 1910 4301 propitius
1956 4243 2076 4286 csto

501 4325 808 4382 haereditati
839 4336 964 4381 tua).
994 4326 1184 4388 Parce,
1204 4324 1455 4387 Domine,
1480 4334 1535 4381 et
1564 4338 1630 4377 nc
1652 4336 1748 4377 eos
1770 4321 1982 4379 dederis
2007 4323 2074 4376 ad

495 4416 839 4486 gleriarulum
868 4415 1204 4469 adversario.
1242 4413 1349 4467 Sed
1372 4412 1644 4480 illumina,
1676 4413 1923 4484 Domine,
1956 4415 2076 4467 illu-

2189 566 2283 621 ειτε
2318 563 2522 635 σκηνὴν
2550 565 2646 633 μὲν
2678 564 2768 615 τὸν
2796 564 2925 634 τῇδε
2968 563 3084 633 βίον
3141 564 3236 619 καὶ
3270 568 3547 637 παροικίαν
3569 570 3656 622 καὶ
3685 569 3729 625 εί

2185 674 2239 709 τι
2267 657 2399 710 ἄλλο
2428 656 2537 709 τῶν
2589 654 2824 708 εὐτελῶν
2861 653 3180 725 ἡγούμενοι,
3232 655 3451 728 ἔμποροι
3477 658 3529 711 δὲ
3556 659 3729 727 ἀγαθοὶ

2186 746 2285 815 τῆς
2322 744 2531 799 ἑαυτῶν
2564 746 2837 813 γινόμενοι
2870 744 3168 814 σωτηρίας,
3198 746 3290 797 καὶ
3316 745 3410 815 τὴν
3439 747 3494 797 ὲν
3526 746 3598 815 τῷ
3622 749 3730 817 μέλ.

2184 839 2331 892 λοντι
2362 838 2508 908 ζωὴν
2540 837 2630 890 διά
2656 836 2763 889 τῶν
2788 836 3072 906 παρόντων
3116 837 3627 907 πραγματευόμενοι,
3650 842 3731 895 καὶ

2186 928 2376 1001 ὥσπερ
2409 930 2533 983 τινὰ
2578 929 2713 1000 πρὸς
2756 930 2853 999 τὴν
2888 928 3103 998 ἐκείνης
3148 929 3386 998 κτήσεως
3413 930 3735 985 διδασκέλίαν

2186 1020 2281 1093 καὶ
2308 1021 2502 1090 τέχνην
2526 1020 2623 1082 τὰς
2668 1017 2818 1079 θείας
2860 1019 3131 1088 μετιόντες
3188 1016 3398 1086 Γραφὰς
3427 1019 3517 1071 καὶ
3551 1021 3735 1084 ταύτας

2183 1112 2273 1165 διὰ
2328 1111 2512 1181 χειρλς
2570 1108 2804 1179 ἔχοντες.
2852 1107 3016 1159 Ὅθεν
3068 1106 3189 1159 οὐδὲ
3242 1106 3443 1159 ἀνεκτά
3489 1107 3737 1179 ταῦτατῷ

2186 1203 2367 1272 φθόνῳ
2399 1204 2658 1270 κατέστη,
2693 1200 2831 1254 ἀλλά
2887 1215 3031 1262 τινες
3086 1200 3197 1260 τοῖς
3251 1202 3509 1263 γενναῖοις
3553 1202 3641 1269 τῆς
3685 1219 3734 1255 τε

2184 1294 2350 1363 ἄλλης
2398 1291 2600 1363 ἀρετῆς
2659 1292 2753 1344 καὶ
2801 1290 2866 1361 δὴ
2912 1292 3005 1345 καὶ
3060 1290 3159 1357 τῆς
3207 1284 3294 1351 εἰς’
3331 1291 3489 1342 αὑτὸν
3537 1293 3739 1360 βασιλέα

2184 1389 2498 1459 παῤῥησιας
2528 1387 2786 1455 χήναντες
2812 1384 2947 1455 πρὸς
2985 1387 3191 1435 ἐκεῖνον
3216 1383 3307 1436 τὸν
3338 1384 3431 1452 τῆς
3453 1386 3738 1455 παρρησίας

2183 1478 2357 1530 αἴτιον
2422 1475 2669 1547 βασιλέα,
2720 1476 2847 1537 τοὺς
2912 1476 3112 1544 ἄνδρας
3174 1475 3630 1530 ἐνδιαϐάλλουσιν·
3667 1477 3732 1541 ὡς

2182 1568 2573 1639 ώλιγωρήκασι
2630 1566 2728 1637 μὲν
2764 1568 2973 1620 ὲκείνιυ
3029 1569 3237 1637 φιλίας.
3264 1568 3533 1640 ἠλόγησαν
3576 1568 3737 1622 δὲκαὶ

2179 1663 2278 1732 τῆς
2305 1662 2443 1731 πρὸς
2464 1662 2618 1721 θεοὺς
2650 1660 2970 1729 θεραπείας,
3000 1661 3093 1714 καὶ
3117 1662 3249 1730 προς
3290 1662 3477 1731 ἑτξραν
3500 1661 3595 1732 ήδη
3621 1662 3738 1731 θρη-

2184 1753 2375 1807 σκείαν
2406 1751 2724 1811 ἀπέκλιναν,
2749 1750 3111 1823 Χριστιανοὺς
3144 1752 3371 1815 ἑαυτοὺς
3403 1754 3494 1805 καὶ
3518 1753 3734 1822 Χριστοῦ

2116 1841 2157 1896 Β
2185 1846 2402 1909 δούλους
2434 1844 2885 1914 ἐπιφημίζοντες.

2256 1937 2331 1989 B’.
2353 1936 2702 2006 Μαξιμιανὸς
2744 1939 2927 2004 μέντοι
2955 1936 3049 1988 καὶ
3082 1935 3246 1997 αὐτὸς
3275 1936 3425 1999 εἰδὼς
3446 1938 3524 1989 ὅτι
3549 1934 3737 1997 πολλοῖς

2183 2025 2444 2090 π’λλάκις
2497 2028 2556 2080 αἱ
2593 2026 2841 2081 διαϐολαὶ
2894 2026 3091 2095 φθόνου
3139 2028 3324 2080 αἰτίαν
3384 2029 3608 2097 ἔχουσιν,
3651 2027 3739 2079 οὐκ

2182 2119 2467 2190 ἀλήθειαν,
2488 2120 2663 2182 ἄλλως
2701 2136 2761 2172 τε
2800 2119 2859 2172 δὲ
2899 2123 2991 2172 καὶ
3028 2120 3130 2190 τὴν
3171 2120 3286 2174 τῶν
3323 2120 3524 2189 ἀνδρῶν
3549 2120 3738 2172 εὔνοιαν

2184 2213 2357 2281 ὁπόση
2394 2212 2468 2282 μὴ
2500 2210 2736 2279 ἀγνοῶν,
2762 2210 2898 2263 ἀλλὰ
2933 2213 3029 2263 καὶ
3067 2211 3167 2282 τὴν
3196 2211 3407 2264 οἰκείαν
3424 2211 3667 2280 ἀπήνειαν
3687 2225 3736 2262 τε

2183 2303 2280 2356 καὶ
2331 2300 2635 2373 αὐστηρίαν
2680 2300 2773 2356 ἐπὶ
2831 2301 2957 2355 νοῦν
3002 2301 3177 2372 ἔχων·
3208 2304 3388 2374 ταύτῃ
3417 2319 3497 2357 τοι
3527 2302 3628 2371 γὰρ
3655 2303 3738 2354 καὶ

2187 2392 2423 2465 μάλιστα
2470 2392 2753 2462 διαφέρειν
2800 2391 2909 2445 τῶν
2955 2391 3131 2445 ἄλλων
3155 2392 3347 2455 αὐτοῖς
3378 2394 3736 2462 ἐφιλοτιμεῖτο,

2182 2486 2279 2539 καὶ
2308 2484 2383 2547 ὡς
2414 2485 2463 2536 εί
2498 2485 2640 2554 τάχα
2673 2483 2773 2537 καὶ
2801 2485 2902 2549 τῆς
2941 2485 3157 2546 εὐνοίας
3207 2486 3411 2537 ἐκεῖνοι
3443 2484 3631 2554 ταύτης
3655 2485 3737 2537 καὶ

2180 2577 2279 2644 τῆς
2303 2575 2487 2644 φιλίας
2516 2574 2794 2645 ὑπεριδεῖν
2818 2574 3061 2646 ἔκριναν,
3105 2574 3250 2627 ἀλλὰ
3294 2576 3387 2629 τὸν
3426 2576 3649 2629 κίνδυνον
3681 2575 3736 2629 ἂν

2180 2665 2531 2739 ἐφοϐήθησαν
2550 2682 2567 2699 ο
2596 2666 2839 2720 ἀπίθανά
2860 2683 2920 2719 τε
2950 2668 3139 2738 ἠγεῖτο
3177 2668 3283 2722 καὶ
3309 2669 3475 2739 ψευδῆ
3508 2669 3573 2723 τά
3600 2668 3739 2737 λεγό-

2184 2777 2320 2831 μενα
2344 2798 2359 2823 ,
2394 2761 2490 2812 καὶ⁵
2534 2758 2618 2812 ὅτι
2659 2760 2735 2829 μή
2761 2758 3139 2821 ἀϐασανίστως
3172 2760 3353 2815 ταῦτα
3380 2759 3736 2832 προσδέχεσθαι

2180 2854 2282 2918 δεῖ,
2308 2854 2449 2908 κατὰ
2504 2852 2662 2921 λόγον
2710 2852 2955 2906 ἐσκόπει.
2973 2851 3039 2904 Τί
3077 2851 3172 2905 οὖν
3219 2857 3410 2919 ποιεῖς
3443 2854 3635 2908 Θυσίαν
3661 2869 3738 2921 φι-

2179 2945 2398 3016 λότιμον
2430 2945 2526 3000 καὶ
2555 2945 2821 3013 πολυτελῆ
2847 2945 3439 3016 παρασκευασάμενος,
3460 2947 3551 3000 καὶ
3573 2945 3737 2999 συνελ-

2181 3042 2295 3095 θεῖν
2327 3043 2405 3104 είς
2432 3039 2495 3093 τὸ
2551 3038 2695 3109 ἱερὸν
2734 3039 2865 3091 ὅσον
2928 3038 3057 3106 περὶ
3130 3040 3305 3092 αὑτὸν
3351 3040 3600 3108 ιπιφανὲς
3642 3033 3733 3110 ἦν·

2180 3131 2509 3201 κοινωνῆσαί
2539 3146 2599 3182 τε
2634 3128 2784 3197 αὐτῴ
2836 3128 2935 3198 τῆς
2995 3128 3189 3191 θυσίας
3236 3130 3499 3201 πρότερον
3544 3144 3737 3198 παραγ-

2181 3224 2389 3293 γείλας,
2412 3221 2663 3276 ἐντεῦθεν
2692 3220 2988 3289 δοκιμάσαι
3014 3224 3074 3272 τὸ
3098 3221 3347 3291 πρᾶγμα
3391 3227 3482 3275 καὶ
3527 3221 3616 3291 τὴν
3636 3218 3738 3273 δαη

2180 3315 2343 3385 ϐολὴν
2368 3314 2707 3382 διεσκὲψατο.
2733 3309 2923 3381 Είσῄει
2955 3306 3163 3381 μὲνρῦν
3185 3314 3360 3378 αὐτὸς
3377 3311 3598 3384 πρῶτος,
3625 3327 3733 3363 συν-

2179 3406 2354 3477 εισῄει
2414 3406 2470 3458 δὲ
2499 3403 2652 3475 αὐτῷ
2698 3406 2792 3457 καὶ
2825 3404 2959 3457 πολύ
2999 3421 3052 3457 τι
3098 3402 3338 3473 πλῆθος,
3364 3406 3459 3459 καὶ
3484 3405 3597 3458 ὅσον
3616 3403 3736 3456 κατὰ

2177 3501 2240 3553 τὸ
2272 3498 2417 3569 ἱερὸν
2463 3497 2740 3568 ἡθροιστέ.
2768 3498 2878 3549 Καὶ
2905 3498 2954 3549 oi
2994 3495 3094 3565 μὲν
3130 3497 3246 3567 τὴν
3276 3496 3466 3549 θυσίαν
3496 3493 3735 3563 ἐπιμελῶς

2176 3592 2469 3656 διετέλουν,
2500 3592 2596 3644 καὶ
2625 3591 2869 3661 παρόντα
2896 3589 2987 3643 τὸν
3014 3588 3372 3658 Μαξιμεανὸν
3408 3588 3731 3657 ἐθεράπευον.

2179 3686 2400 3753 Σέργιος
2416 3684 2474 3736 δι
2495 3684 2591 3737 καὶ
2620 3684 2833 3754 Βάκχος
2860 3684 2909 3734 oi.
2942 3683 3342 3751 γενναιότατοι,
3370 3681 3501 3752 μηδὲ
3523 3682 3582 3749 τῇ
3608 3677 3730 3747 θύρα

2178 3773 2273 3829 τοῦ
2330 3774 2476 3844 ἱεροῦ
2522 3773 2944 3843 προσϐαλόντες,
2971 3770 3078 3836 ἔξω
3137 3784 3247 3824 που
3295 3772 3725 3840 παρειστήκεσαν.

2178 3862 2332 3918 οὗτοι
2365 3864 2568 3933 μᾶλλον
2600 3863 2721 3933 Θεῷ
2758 3865 2856 3932 τὴν
2878 3862 3129 3933 καθαράν
3159 3878 3224 3915 τε
3248 3862 3344 3915 καὶ
3363 3854 3729 3929 ἀληθῆτελοῦν-

2177 3974 2268 4020 τες
2296 3958 2508 4019 θυσίαν,
2530 3956 2629 4009 καὶ
2661 3956 2800 4027 ὐπλρ
2827 3955 3052 4009 ἐκείνων
3080 3954 3353 4025 δεόμενοι,
3376 3952 3561 4024 Κύριε,
3580 3948 3729 4017 Κύριε

2175 4049 2450 4118 λέγοντες,
2469 4050 2497 4101 ό
2529 4048 2786 4118 βασιλεὺς
2812 4046 2919 4100 τῶν
2949 4046 3189 4113 αἰώνων,
3223 4044 3473 4100 ἐνώτισαι
3498 4044 3591 4112 τὴν
3629 4055 3728 4108 φω-

2179 4140 2275 4211 νὴν
2304 4141 2400 4210 τῆς
2426 4140 2664 4211 δεήσεως
2698 4138 3149 4211 ήμῶν,ίλάσθητι
3182 4141 3250 4208 τῇ
3282 4133 3605 4209 κληρονομίᾳ
3625 4146 3727 4183 σου.

2176 4234 2383 4295 Φεϊσαι,
2415 4230 2609 4302 Κύριε,
2636 4233 2730 4285 καὶ
2765 4232 2840 4302 μὴ
2867 4230 2973 4298 δαεὶς
3015 4230 3217 4293 αὐτοὺς
3259 4231 3340 4293 είς
3386 4214 3634 4297 καύχημα
3660 4220 3727 4289 τῷ

2184 4325 2561 4394 ἀντικειμένῳ,
2616 4321 2751 4380 ἀλλά
2801 4320 3059 4391 φώτισον,
3113 4319 3313 4392 Κύριε,
3341 4321 3568 4390 φώτισον
3619 4314 3727 4375 τοὺς

2178 4415 2492 4484 ὀφθαλμοὺς
2518 4413 2628 4467 τῶν
2656 4411 2897 4483 καρδιῶν
2919 4410 3120 4474 αὐτῶν,
3147 4413 3247 4464 καὶ
3274 4412 3355 4475 είς
3384 4412 3481 4481 τὴν
3510 4408 3602 4477 σὴν
3624 4400 3727 4455 ἐπί-

496 4510 644 4566 mina
679 4508 867 4564 oculos
908 4507 1158 4562 eordium
1206 4519 1419 4569 eorum,
1455 4516 1512 4561 et
1541 4520 1637 4561 eos
1672 4507 1848 4561 deduc
1881 4507 1948 4560 ad
1993 4507 2070 4561 tui

2181 4523 2389 4576 γνωσιν.
2444 4506 2643 4569 αὐτοὺς
2695 4504 3090 4576 καθοδήγησον,
3141 4505 3193 4556 οἳ
3235 4507 3294 4557 ὲν
3324 4505 3499 4557 σκότει
3531 4497 3615 4552 νῦν
3643 4494 3728 4563 τῆς

495 4600 850 4671 agnitionem,
887 4599 979 4668 qui
1032 4612 1179 4652 nunc
1221 4598 1274 4651 in
1323 4596 1563 4653 tenebris
1593 4596 1876 4671 ambulant
1918 4599 2071 4668 igno-

497 4680 795 4754 rantiae,“
830 4708 849 4742 ι
882 4698 1238 4745 mutaverunt
1263 4677 1684 4761 gloriam‘tuam,
1712 4692 1802 4758 qui
1833 4704 1892 4743 es
1923 4689 2074 4744 solus

494 4783 661 4849 Deus,
718 4793 775 4837 et
829 4784 1045 4838 alienus
1104 4783 1173 4836 ab
1230 4782 1481 4849 interitu,
1540 4781 1595 4835 in
1654 4781 2072 4836 simidtudinem

491 4873 819 4938 bestiarum,
850 4871 1292 4947 quadrupedum,
1316 4880 1372 4926 et
1392 4870 1731 4941 serpentium
1755 4872 1796 4935 ',
1829 4888 1847 4923 ι
1883 4881 1938 4925 et
1961 4888 1988 4922 a
2020 4880 2074 4924 te

491 4966 834 5029 defecerunt,
890 4975 947 5020 et
986 4963 1370 5021 sacriﬁcarunt
1416 4978 1605 5018 eorum
1642 4963 1985 5034 sculptilibus
2018 4971 2072 5018 et

492 5070 694 5111 nomen
728 5066 977 5111 sanctum
1013 5066 1164 5110 tuum
1203 5055 1544 5126 contemptui
1577 5054 1904 5109 habuerunt.
1931 5057 2074 5109 Con-

490 5158 641 5204 verte
671 5163 790 5211 eos,
826 5147 1077 5208 Dauniae.
1119 5158 1171 5200 et
1202 5155 1534 5220 cognoscant
1566 5145 1833 5201 mirabilia
1867 5156 1979 5209 tua,
2019 5153 2075 5201 et

492 5242 836 5313 unigenitum
871 5247 1024 5293 tuum
1058 5236 1277 5303 Filium,
1322 5247 1379 5294 et
1411 5237 1749 5293 Salvator-em
1795 5248 2069 5305 nostrum,

490 5336 585 5406 qui
623 5333 932 5390 voluntaria
967 5347 1130 5387 cruce
1163 5342 1217 5388 ct
1248 5342 1425 5387 morte
1474 5341 1719 5386 nostram
1756 5332 2071 5401 procuravit

488 5429 741 5483 salutem.
768 5426 939 5479 Porro
969 5434 1151 5480 autem
1186 5438 1288 5479 nos
1316 5439 1534 5495 quoque
1563 5436 1836 5478 conserva
1860 5422 2067 5476 alienos

487 5536 518 5575 a
555 5518 988 5592 reprehensione
1038 5518 1091 5572 in
1123 5518 1207 5571 via
1249 5516 1690 5572 testimoniorum
1738 5510 1978 5571 tuorum.
2011 5521 2066 5567 ct

488 5613 545 5668 in
596 5611 845 5669 custodia
896 5620 1114 5665 tuorum
1171 5609 1576 5663 mandatorum.
1625 5606 1801 5674 Atque
1845 5606 2062 5673 quidem

489 5705 622 5758 to'rls
650 5713 859 5758 stantes
899 5713 1049 5756 extra
1080 5715 1267 5771 portas
1294 5700 1503 5771 templi,
1530 5700 1643 5755 haec
1679 5697 2062 5768 precabantur,

489 5800 542 5849 σι
573 5795 651 5846 sic
676 5794 844 5848 Deum
876 5794 1180 5860 placabunt.

524 5894 525 5899 ‘
568 5886 584 5916 ⁸
617 5881 773 5940 lieni.
805 5887 848 5950 l,
889 5887 978 5939 εδ.

1002 6066 1037 6081 ρ’

2170 4602 2392 4668 ἀγνοίας
2423 4597 2769 4672 πορεύονται,
2809 4602 2904 4650 καὶ
2959 4596 3266 4667 ἠλλάξαντο
3322 4598 3424 4668 τὴν
3458 4594 3605 4661 δόξαν
3643 4602 3724 4640 σου

2169 4688 2267 4743 τοῦ
2297 4690 2620 4759 μονογενοῦς
2650 4692 2746 4744 καὶ
2793 4690 3076 4761 ἀφθάρτου
3125 4688 3291 4755 Θεοῦ,
3349 4691 3408 4743 ἐν
3449 4684 3723 4758 ὁμοιώματι

2172 4781 2401 4853 θηρίων,
2427 4782 2524 4835 καὶ
2555 4783 2906 4852 τετραπόδων
2942 4783 3038 4842 καὶ
3070 4782 3325 4853 ἑρπετῶν
3350 4775 3649 4848 ἀπέστησάν
3670 4784 3719 4821 τι

2172 4874 2282 4929 ἀπὸ
2315 4872 2430 4940 σοῦ,
2472 4875 2568 4928 καὶ
2604 4874 2806 4928 ἔθυσαν
2839 4877 2951 4938 τοῖς
2992 4874 3257 4947 γλυπτοῖς
3307 4873 3505 4938 αὐτῶν,
3544 4869 3626 4922 καὶ
3672 4861 3721 4913 τὸ

2172 4965 2343 5036 ὄνομα
2373 4965 2435 5018 τὺ
2458 4964 2614 5033 ἅγιόν
2651 4980 2744 5020 σου
2770 4965 3067 5037 ἠθέτησαν.
3117 4965 3488 5040 Ἐπίστρεψον
3533 4955 3713 5012 αὐτοὺς.

2173 5058 2367 5130 Κύριε,
2396 5059 2491 5112 καὶ
2536 5057 2831 5127 γνώτωσαν
2853 5060 2923 5111 τὰ
2969 5058 3249 5128 θαυμάσιά
3275 5074 3392 5123 σου,
3412 5055 3505 5110 καὶ
3533 5051 3610 5104 τὸν
3636 5059 3711 5119 μθ-

2170 5150 2369 5223 νογενῆ
2400 5168 2493 5205 σου
2526 5152 2653 5205 Υίδν
2678 5151 2773 5205 καὶ
2827 5151 3056 5222 Σωτῆρα
3084 5140 3361 5224 ἡμέτερον
3383 5165 3397 5179 ·
3429 5148 3485 5211 ὃς
3518 5135 3705 5205 exacuit?

2173 5243 2392 5316 σταυρῷ
2416 5245 2511 5298 καὶ
2548 5244 2765 5315 θανάτῳ
2801 5245 2900 5308 τὴν
2937 5245 3096 5315 ἡμῶν
3121 5239 3607 5311 ἐπραγματεύσατο
3630 5246 3715 5282 σω·

2171 5337 2391 5408 τηρίαν.
2414 5338 2519 5391 Καὶ
2543 5337 2688 5407 ἡμᾶς
2712 5336 2769 5391 δὲ
2811 5336 3081 5407 ἀμώμους
3115 5338 3173 5390 ἐν
3215 5336 3281 5405 τῇ
3314 5333 3418 5402 ὀδῷ
3464 5330 3566 5399 τῶν
3599 5339 3720 5394 μαρ-

2175 5431 2379 5501 τυρίων
2408 5446 2501 5484 σου
2540 5433 2631 5483 καὶ
2659 5432 2725 5501 τῇ
2756 5429 2865 5483 τῶν
2898 5428 3128 5482 ἐντολῶν
3164 5445 3260 5480 σου
3306 5422 3519 5495 φυλακῇ
3562 5412 3725 5477 διατῆ-

2179 5539 2363 5593 ρησον.
2384 5523 2450 5575 Ol
2479 5521 2579 5593 μὲν
2604 5517 2699 5577 οὖν
2724 5520 2830 5589 ἔξω
2854 5521 2958 5595 προ
2996 5521 3103 5577 τῶν
3141 5518 3328 5575 πυλῶν
3357 5514 3451 5571 τοῦ
3494 5506 3630 5582 ίεροῦ
3652 5504 3728 5557 έσ-

2173 5614 2343 5680 τῶτες
2364 5614 2589 5670 τοιαῦτα
2627 5614 3026 5689 προσηύχοντο.
