4060 6440
531 363 664 443 lOll

1799 358 2089 435 nENSIS
2126 368 2493 435 OCTOBER.

3637 354 3762 434 illis

529 487 793 559 Quoniam
829 496 888 543 tu
937 486 1223 543 nobiscum
1261 498 1342 550 es,
1395 472 1623 539 Domine
1652 483 1692 538 ³.
1733 500 1753 535 ι
1807 481 2098 553 Propterea

2206 482 2341 571 Διρ,
2357 482 2518 536 τοῦτο
2579 479 2972 551 ἀγαλλιάσεται
3007 466 3217 554 ἡψυχὴ
3242 477 3406 552 ἡμῶν
3444 476 3538 532 ἐπὶ
3573 477 3766 571 cohort

508 562 830 635 exsultabit
851 577 1033 633 anima
1063 585 1249 632 nostra
1271 573 1329 629 in
1360 584 1435 641 te,
1463 573 1723 644 quoniam
1755 570 1979 627 induisti
2006 585 2106 625 nos

527 669 858 725 vestimento
880 666 1153 731 salutaris,
1177 675 1233 721 et
1263 664 1445 721 tunica
1468 662 1667 719 l'etitiae
1698 658 2105 717 circumdedisti

527 766 650 814 nos.
686 759 794 813 Sed
818 773 1068 830 exsurge,
1104 757 1355 821 Domine,
1390 756 1446 811 in
1471 754 1801 826 adiutorium
1830 761 2102 819 nostrum,

524 860 583 906 et
607 850 814 905 redime
842 865 946 905 nos
970 860 1193 923 propter
1217 865 1417 904 nomen
1445 858 1617 904 tuum.
1652 845 1903 903 Nondum
1937 845 2105 900 (inite

523 941 682 997 erant
710 957 922 1012 preces,
947 951 1004 998 et
1030 943 1275 1013 producti
1299 943 1518 997 luerunt
1541 956 1724 997 coram
1752 940 2099 1010 imperatore,

525 1035 617 1103 qui
643 1048 673 1087 e
701 1033 906 1104 templo
940 1034 1177 1089 redierat
1207 1033 1261 1087 in
1296 1033 1521 1104 regiam.
1558 1032 1652 1087 Ille
1695 1047 1824 1100 ergo
1855 1046 1978 1086 cum
2011 1037 2103 1085 as-

523 1121 889 1180 sentationem
928 1140 1051 1180 cum
1081 1133 1344 1181 consueta
1366 1133 1830 1195 contexiiperasset
1873 1123 2098 1189 saevitia,

523 1224 582 1271 et
614 1216 780 1271 vellet
827 1216 992 1271 simul
1028 1215 1200 1271 lenire
1247 1215 1538 1286 pudorem,
1568 1229 1677 1284 quo
1707 1213 1885 1268 allecti
1918 1223 2098 1276 erant,

526 1316 587 1363 ut
636 1308 942 1374 videbatur,
982 1323 1050 1363 ex
1098 1306 1200 1362 bac
1235 1307 1316 1362 eis
1346 1306 1496 1361 illata
1545 1305 1878 1376 ignominia:
1924 1302 2100 1359 Grave

524 1406 631 1467 est,
681 1407 739 1455 et
777 1401 938 1455 valde
977 1415 1159 1471 grave,
1215 1415 1249 1454 o
1297 1414 1397 1455 vos
1443 1397 1534 1470 qui
1587 1396 1811 1462 adestis,
1860 1395 2097 1463 dicebat,

525 1493 798 1548 maximos
828 1493 1068 1549 honores
1098 1503 1205 1547 tam
1232 1492 1427 1547 leviter
1455 1498 1511 1546 et
1543 1490 1948 1546 inconsiderate
1972 1505 2101 1559 pro-

524 1580 677 1640 dere.
704 1582 897 1639 Solent
925 1583 1068 1638 enim
1106 1598 1194 1647 ea,
1237 1598 1356 1653 qum
1385 1582 1672 1638 immeritis
1718 1581 1951 1637 feliciter
1976 1595 2098 1636 suc-

526 1678 750 1744 cedunt,
782 1677 977 1732 stultos
1010 1690 1118 1730 non
1146 1678 1252 1730 tam
1284 1675 1514 1730 incitare
1542 1675 1610 1729 ad
1636 1665 2096 1737 benevolentiam,

523 1770 688 1838 quain
710 1765 920 1836 erigere
941 1765 1007 1820 ad
1033 1765 1392 1820 temeritatem
1414 1765 1677 1820 adversus
1692 1762 2093 1819 benefactores.

524 1855 617 1917 isti
668 1859 836 1924 enim,
879 1864 940 1914 ut
987 1856 1207 1923 videtis,
1254 1872 1502 1930 magnam
1549 1856 1691 1926 apud
1734 1870 1836 1912 nos
1871 1856 2097 1925 gloriam

522 1953 830 2017 censecuti,
875 1960 1231 2021 nostramque
1259 1950 1440 2021 adepti
1481 1950 1801 2011 amicitiam.
1835 1957 1891 2004 et
1925 1947 2101 2003 maii-

523 2056 668 2097 mam
699 2040 976 2106 fiduciam,
1011 2050 1065 2096 et
1107 2041 1397 2096 nobiscum
1441 2040 1699 2110 loquendi
1752 2048 2100 2110 potestatem,

524 2133 661 2189 adeo
692 2141 749 2189 ut
778 2148 886 2188 non
920 2132 1096 2188 solum
1128 2132 1233 2204 ipsi
1261 2134 1466 2203 primas
1493 2141 1679 2204 partes
1711 2132 1918 2187 ferrent
1944 2131 1997 2184 in
2023 2129 2103 2185 fa-

525 2222 861 2290 miliaritate,
895 2224 991 2277 sed
1022 2222 1161 2278 alios
1205 2238 1424 2294 quoque
1472 2223 1630 2277 nobis
1661 2231 1887 2294 possent
1919 2222 2102 2278 facere

524 2314 841 2378 familiares,
892 2314 1189 2386 beatosque
1236 2315 1386 2370 brevi
1431 2316 1680 2379 reddere,
1714 2324 1771 2370 et
1803 2315 2103 2385 suspicien-

524 2407 647 2474 dos,
679 2410 876 2464 horum
907 2408 1152 2463 omnium
1194 2408 1367 2474 obliti,
1398 2418 1673 2479 postremo
1694 2408 1945 2463 maximis
1967 2422 2104 2477 quo-

521 2517 629 2570 que
658 2502 783 2566 diis,
819 2510 876 2557 et
901 2502 1022 2573 ipso
1051 2501 1186 2556 Jove
1214 2507 1550 2572 contempto,
1582 2502 1674 2572 qui
1705 2501 1950 2556 omnium
1975 2501 2099 2571 qui-

521 2596 646 2650 dem
698 2593 906 2665 opii’ex,
943 2595 1187 2649 omnium
1230 2604 1412 2650 autem
1457 2596 1687 2651 deorum
1727 2598 1783 2648 et
1813 2593 2099 2648 hominum

521 2692 681 2757 pater
709 2700 831 2742 esse
871 2685 1092 2751 dicitur,
1129 2682 1313 2742 Jesum
1366 2686 1744 2757 praetulerunt,
1776 2685 1871 2756 qui
1899 2684 2102 2740 dicitur

519 2781 695 2838 fuisse
724 2780 866 2838 illius
911 2782 1156 2837 mulieris
1198 2791 1253 2836 et
1294 2780 1455 2846 labri,
1491 2790 1547 2837 et
1593 2780 1659 2835 ad
1710 2795 1928 2837 crucem
1974 2792 2099 2835 eum

522 2872 737 2928 duobus
767 2871 1036 2927 maleﬁcis
1070 2870 1172 2927 i‘uit
1201 2872 1492 2928 damnatus
1523 2888 1553 2928 a
1586 2869 1810 2936 Iudaeis,
1843 2881 1899 2927 et
1933 2871 2102 2927 subiit

520 2972 751 3021 mortem
780 2979 971 3022 revera
993 2966 1427 3022 acerbissimam.
1460 2965 1567 3022 Sed
1590 2981 1690 3037 ego
1719 2979 1842 3021 sum
1872 2968 2100 3022 omnino

522 3066 688 3107 causa
721 3053 989 3119 omnium,
1027 3053 1120 3123 qui
1147 3062 1272 3108 cttm
1304 3054 1499 3109 vellem
1529 3069 1652 3111 esse
1677 3071 1843 3126 supra
1872 3058 2097 3113 modum

521 3143 815 3216 benignus,
844 3154 942 3199 eos
976 3142 1081 3200 ieci
1110 3145 1317 3202 amicos
1339 3155 1397 3202 et
1424 3147 1604 3203 socios
1634 3147 1931 3205 felicitatis.

596 3323 659 3381 ν.
702 3325 836 3382 Cum
884 3325 1027 3383 hanc
1056 3325 1165 3384 tam
1195 3329 1574 3387 vehementem
1621 3332 1945 3389 intendisset
1972 3348 2099 3390 ora-

520 3416 751 3482 tionem,
795 3432 892 3473 eos
918 3434 1111 3476 rursus
1150 3419 1366 3477 blandis
1394 3422 1582 3479 verbis
1629 3438 1837 3479 conans
1867 3424 2096 3488 illicere,

519 3518 727 3576 eosque
773 3506 1012 3580 benigne
1065 3524 1130 3566 ac
1166 3511 1345 3568 amice
1378 3511 1638 3568 intuens:
1679 3512 1787 3569 Sed
1827 3516 1872 3569 si
1892 3516 2095 3581 .iidem,

520 3596 722 3665 inquit,
748 3613 897 3655 nunc
926 3614 1143 3672 quoque
1187 3603 1325 3659 estis
1356 3602 1581 3676 Sergius
1608 3614 1665 3661 et
1693 3604 1963 3673 Bacchus,
1998 3623 2099 3664 ne-

518 3699 628 3759 que
679 3698 918 3747 vestram
974 3703 1215 3751 mentem
1268 3696 1486 3752 invidus
1532 3699 1823 3756 occaecavit
1859 3702 2096 3768 daemon,

521 3784 881 3840 revereamini
948 3800 1201 3859 magnam
1271 3791 1673 3857 auctoritatem,
1732 3797 2095 3852 revereamini

518 3889 711 3946 puram
750 3878 805 3933 ei
834 3895 943 3933 non
993 3879 1184 3937 falsam
1219 3883 1539 3950 amicitiam,
1573 3900 1755 3955 neque
1792 3888 2100 3959 conspicia-

516 3967 650 4021 mini
688 3983 787 4024 vos
816 3970 874 4023 in
903 3969 1038 4027 deos
1058 3980 1167 4027 tam
1201 3971 1366 4043 impie
1399 3990 1611 4047 gerere,
1636 3992 1834 4032 novam
1866 3990 1923 4034 et
1951 3979 2101 4036 inso-

520 4056 675 4114 litam
724 4058 1050 4118 indecentes
1090 4060 1434 4134 religionem,
1475 4074 1532 4122 et
1564 4067 1618 4122 in
1653 4082 1845 4124 eorum
1883 4070 2033 4126 cultu
2067 4087 2098 4127 a

520 4149 681 4206 nobis
715 4151 1070 4218 dissidentes,
1124 4167 1264 4224 quos
1318 4166 1540 4225 oportet
1589 4160 1756 4214 etiam
1806 4176 1980 4231 usque
2030 4164 2097 4219 ad

518 4241 697 4310 ipsam
748 4252 983 4299 mortem
1035 4244 1091 4300 in
1150 4246 1387 4302 amicitia
1421 4248 1706 4306 nobiscum
1756 4253 2096 4324 conspirare.

519 4330 656 4388 Nam
689 4336 1042 4406 cgo'quidem
1072 4351 1197 4392 cum
1233 4339 1578 4408 gravioribus
1607 4343 1686 4398 uti
1719 4359 1935 4413 possem
1966 4362 2100 4418 sup-

520 4423 722 4497 pliciis,
759 4433 816 4480 et
849 4427 1130 4498 tyrannica
1170 4429 1346 4492 vobis,
1398 4446 1431 4485 ο
1477 4430 1663 4496 amici,
1701 4435 1810 4489 vim
1846 4435 2050 4493 inferre
2081 4456 2094 4494 :

2125 1815 2172 1876 Β

2192 3704 2278 3781 ίμή
2333 3724 2417 3772 τις

2207 570 2460 640 ὲνὲδυσας
2499 576 2649 647 ἡμᾶς
2682 574 2900 647 ἱμάτιον
2929 573 3205 645 σωτηρίου
3241 571 3338 628 καὶ
3350 571 3552 644 χιτῶνα
3584 570 3768 641 εὐφρόο

2207 668 2373 740 σύνης
2410 667 2736 740 περιόϐαλες
2768 669 2940 739 ἡμᾶς.
2979 666 3121 722 Ἀλλ’
3149 664 3437 735 ἀνάστηθι,
3470 663 3657 735 Κύριε,
3696 665 3768 727 είς

2203 762 2304 831 τὴν
2337 760 2592 832 βοήθειαν
2618 760 2800 831 ἡμῶν,
2825 759 2922 814 καὶ
2952 758 3231 831 λύτρωσαι
3261 758 3409 828 ἡμᾶς
3457 755 3639 809 ἕνεκεν
3676 753 3767 808 τοῦ

2203 854 2473 924 ὀνόματός
2503 870 2620 907 σου.
2646 850 2816 908 Οὔπω
2852 851 3024 923 πέρας
3056 847 3204 923 εἶχεν
3234 849 3471 919 αὐτοῖςή
3505 848 3656 919 εὐχὴ,
3680 848 3768 901 καὶ

2201 946 2280 1016 τῷ
2317 946 2531 1016 βασιλεῖ
2568 941 2920 1017 παρέστησαν
2946 940 3105 1008 αὖθις
3149 941 3484 998 ἀνασωθέντι
3531 940 3664 1010 πρὸς
3708 939 3772 994 τὰ

2205 1040 2476 1111 βασίλεια.
2516 1038 2772 1092 Θωπείαν
2804 1033 2899 1093 οὖν
2948 1037 3153 1098 ἐκεῖνος
3184 1037 3252 1106 τῇ
3285 1031 3507 1102 συνήθει
3556 1030 3770 1101 ἀπονοίᾳ

2204 1131 2711 1203 συγκερασάμενος,
2751 1130 2848 1185 καὶ
2873 1122 2961 1183 οἷα
3009 1127 3106 1183 καὶ
3129 1126 3317 1196 φοϐεῖν
3350 1124 3470 1191 ἅμα
3509 1124 3598 1176 καὶ
3634 1122 3773 1176 λεαί-

2201 1246 2317 1283 νειν
2365 1228 2463 1299 τὴν
2504 1225 2894 1298 ἐπενεχθεῖσαν
2943 1226 3151 1288 αὐτοῖς,
3184 1221 3261 1292 τῷ
3293 1219 3492 1282 δοκεῖν,
3517 1215 3769 1287 αἰσχύνην

2200 1322 2267 1374 ὲκ
2290 1320 2388 1390 τῆς
2414 1320 2637 1390 ἀτιμίας
2663 1317 2867 1388 ταύτης
2885 1317 3239 1388 βουλόμενος,
3281 1312 3486 1374 Δεινδν,
3506 1310 3708 1377 ἔλεγεν,
3730 1302 3772 1363 ὧ

2201 1409 2488 1481 παρόντες,
2530 1409 2623 1464 καὶ
2654 1410 2857 1478 σφόδρα
2893 1404 3086 1474 δεινὸν,
3117 1405 3178 1459 τὸ
3202 1404 3301 1464 τὰς
3336 1402 3599 1475 μεγίστας
3618 1398 3773 1469 τιμὰς

2199 1500 2387 1565 ἁπλῶς
2415 1499 2559 1555 οὕτω
2589 1501 2685 1554 καὶ
2718 1498 3021 1568 ἀλογίστως
3068 1491 3380 1569 προΐεσθαι.
3406 1491 3643 1546 Ιέίὼθασι
3669 1489 3770 1560 γὰρ

2199 1596 2255 1647 αἱ
2321 1595 2456 1663 παρ’
2494 1592 2653 1659 ἀξίαν
2710 1590 3009 1662 εὐπραγίαι
3068 1589 3195 1651 τοὺς
3263 1587 3528 1654 ἀνοήτους
3562 1583 3622 1637 οὐ
3647 1581 3773 1651 πρὸς

2202 1680 2420 1737 εὐνοιαν
2461 1680 2726 1756 ἔρεθίζειν
2768 1681 2994 1753 μᾶλλον,
3021 1680 3135 1733 ἀλλ’
3162 1679 3240 1741 εἰς
3276 1677 3481 1748 θράσος
3505 1674 3648 1727 κατὰ
3671 1672 3773 1726 τῶν

2201 1774 2571 1829 εὐσεϐούντων
2604 1772 2876 1843 ἐπαίρειν.
2909 1765 3072 1827 Οὗτοι
3103 1770 3212 1842 γὰρ
3241 1769 3316 1832 ὡς
3342 1768 3508 1841 ὁρᾶτε
3544 1764 3772 1836 μεγάλης

2203 1865 2335 1938 παρ’
2378 1868 2510 1938 ἡμῖν
2542 1866 2699 1936 δόξης
2741 1864 3115 1935 ἐπιτυχόντες,
3162 1861 3346 1931 φιλίας
3381 1874 3443 1912 τε
3508 1856 3772 1930 ⁴ἡμετέρας

2200 1958 2300 2013 καὶ
2342 1957 2657 2030 παρρησίας
2699 1955 2809 2010 οὐδ’
2844 1955 2975 2025 ὅσης
3020 1955 3196 2008 εἰπεῖν
3248 1948 3681 2014 ἀπολαύσαντες,
3703 1945 3771 2007 ὥς

2166 2092 2169 2095 -
2205 2050 2279 2120 μὴ
2321 2049 2483 2118 μόνον
2529 2049 2685 2103 αὐτοὶ
2736 2047 2805 2102 τὰ
2846 2046 3042 2118 πρῶτα
3090 2049 3279 2115 φέρειν
3314 2044 3396 2105 εἰς
3452 2040 3770 2105 οίκειότητα,

2202 2141 2340 2197 ἀλλὰ
2375 2143 2469 2195 καὶ
2501 2139 2723 2211 ἐτέρους
2751 2137 3052 2206 ὲξοικειοῢν
3090 2139 3222 2207 ἡμῖν
3251 2132 3542 2197 δύνασθαι,
3565 2129 3657 2184 καὶ
3686 2126 3775 2197 ξηδ

2201 2234 2407 2297 λωτοὺς
2442 2235 2500 2286 ὲν
2537 2231 2731 2302 βραχεί
2761 2231 2856 2283 καὶ
2883 2228 3280 2297 περιϐλέπτους
3300 2219 3636 2295 ἐργάζεσθαι
3660 2215 3776 2271 τού-

2201 2346 2314 2393 τοις
2359 2328 2532 2384 ἆπασι
2581 2325 2800 2398 μακρὰν
2849 2323 3127 2385 ἐπιθέντες
3150 2320 3320 2392 λήθην
3345 2361 3361 2385 ,
3387 2317 3549 2379 τέλος
3592 2314 3649 2368 δὲ
3687 2311 3771 2365 καὶ

2200 2421 2310 2476 τῶν
2359 2420 2628 2491 μεγίστων
2660 2416 2800 2470 θεῶν
2838 2418 2933 2469 καὶ
2962 2413 3127 2469 αὐτοῦ
3154 2412 3276 2475 Διὸς
3303 2405 3776 2477 κατολιγωρήσαν-

2202 2530 2312 2576 τες,
2327 2513 2382 2573 ὃς
2403 2513 2619 2564 πάντων
2644 2510 2741 2579 μὲν
2764 2506 3117 2578 δημιουργὸς,
3143 2504 3358 2558 πάντων
3375 2501 3430 2553 δὲ
3454 2498 3599 2551 θεῶν
3615 2513 3669 2548 τε
3687 2492 3772 2549 καὶ

2202 2602 2299 2658 ἀνθ
2308 2601 2507 2673 ρώπων
2526 2600 2703 2672 πατὴρ
2724 2594 2859 2652 εἷναι
2885 2596 3218 2661 πιστεύεται,
3238 2594 3330 2647 τὸν
3341 2591 3639 2659 λεγόμενον
3653 2602 3770 2658 προ-

2202 2697 2563 2767 τετιμήκασιν
2608 2689 3113 2763 Ίησοῦν,γυναικδς
3152 2688 3270 2740 υίδν
3297 2685 3427 2738 ὅντα
3461 2688 3561 2737 καὶ
3600 2680 3771 2734 τέκτο-

2202 2802 2315 2857 νος,
2366 2787 2461 2840 καὶ
2500 2784 2734 2855 σταυρὸν
2771 2783 2887 2853 ἅμα
2944 2781 3067 2835 δυσὶ
3117 2777 3449 2849 κακούργοις
3498 2774 3603 2827 ὑπὸ
3657 2771 3772 2823 ’ἰου-

2199 2879 2365 2934 δαίων
2383 2877 2784 2949 κατακριθέντα
2813 2875 2909 2928 καὶ
2949 2872 3278 2941 πικρότατον
3313 2869 3487 2930 ὅντως
3514 2868 3771 2934 ὐπομεμει

2197 2966 2403 3045 ’νηκότα
2421 2971 2668 3026 θάνατον.
2709 2966 2849 3022 Ἀλλ’
2880 2965 2990 3035 ἐγὼ
3010 2968 3227 3025 πάντως
3247 2961 3457 3016 τούτων
3510 2960 3693 3020 αἴτιος,
3715 2954 3769 3018 ὃς

2202 3080 2265 3133 γε
2299 3062 2392 3118 καὶ
2423 3060 2569 3133 πέρα
2594 3057 2689 3113 τοῦ
2731 3057 2956 3129 μετρίου
2991 3054 3375 3125 φιλάνθρωπος
3410 3048 3559 3105 εἶναι
3608 3047 3772 3121 βουλό-κ

2121 3177 2169 3241 C
2205 3173 2389 3226 μενος,
2410 3154 2596 3222 φίλους
2626 3150 2827 3215 αὐτοὺς
2865 3149 2962 3205 καὶ
2990 3147 3283 3210 κοινωνοὺς
3309 3144 3410 3215 τῆς
3436 3140 3770 3213 εὐδαιμονίας

2201 3246 2434 3316 ἑποιησά
2443 3256 2573 3316 μην.

2270 3336 2345 3394 Ε⁶.
2363 3339 2517 3393 Οὕτω
2540 3328 2767 3410 σφοδρὸν
2789 3333 3114 3397 κατατείνας
3134 3331 3226 3385 τὸν
3262 3329 3443 3399 λόγον,
3466 3327 3658 3381 ἔπειτα
3676 3319 3770 3374 πάι

2196 3432 2282 3486 λιν
2308 3413 2670 3485 ὐποκλὲπτειν
2722 3427 2923 3491 αὐτοὺς
2979 3425 3058 3496 τῷ
3122 3423 3373 3496 μειλιχὶῳ
3408 3419 3765 3492 πειρώμενος.

2197 3524 2405 3596 ἥμερόν
2440 3539 2492 3574 τι
2519 3519 2723 3591 βλέψας
2749 3521 2843 3573 καὶ
2878 3517 3117 3588 φιλικὸν,
3152 3515 3295 3570 ⁹Αλλ’
3347 3512 3516 3584 εἴπερ
3547 3512 3597 3564 oi
3629 3504 3768 3562 αὐτοὶ

2199 3619 2294 3671 καὶ
2343 3614 2440 3669 νῦν
2468 3614 2615 3678 ἔστε,
2658 3613 2786 3684 ἔφη,
2836 3606 3066 3682 Σέργιός
3122 3625 3184 3662 τε
3240 3607 3335 3662 καὶ
3383 3605 3631 3676 Βάκχοςο
3686 3596 3770 3653 καὶ

2492 3705 2648 3775 ὐμῶν
2705 3703 2807 3777 τὴν
2887 3702 3134 3757 διάνοιαν
3211 3697 3477 3768 φθονερὸς
3532 3696 3767 3765 ἐπήρωσε

2197 3799 2426 3868 δαίμων,
2472 3796 2762 3867 αἰδέσθητε
2809 3794 2911 3864 μὲν
2979 3793 3041 3846 τὸ
3098 3789 3242 3862 μέγα
3290 3787 3389 3844 τοῦ
3441 3785 3766 3855 ἀξιώματοςο

2198 3889 2481 3961 αἰδέσθητε
2497 3890 2553 3943 δὲ
2567 3888 2624 3943 τὸ
2648 3886 2885 3957 καθαρὸν
2902 3885 2998 3940 καὶ
3023 3885 3293 3956 ἄψευστον
3315 3881 3414 3951 τῆς
3439 3879 3648 3953 φιλίας,
3684 3871 3766 3929 καὶ

2202 3984 2276 4055 μὴ
2320 3981 2392 4036 τὰ
2447 3982 2527 4044 είς
2565 3981 2695 4043 τούς
2737 3980 2893 4042 θεοὺς
2926 3976 3099 4042 οὕτως
3121 3975 3480 4037 εὐσεϐοῦντες
3506 3968 3764 4042 ὀφθείητε,

2199 4073 2442 4144 ἀσυνήθη
2474 4073 2570 4126 καὶ
2589 4071 2747 4141 ξένην
2789 4071 3092 4143 θρησκείαν
3142 4070 3483 4137 εἰσάγοντες,
3518 4066 3609 4117 καὶ
3648 4060 3768 4131 ἡμῖν

2198 4170 2328 4238 περὶ
2359 4167 2422 4220 τὸ
2474 4164 2638 4229 σέϐας
2688 4164 3108 4234 διαφερόμενοι,
3141 4159 3237 4222 οὒς
3286 4158 3461 4230 ἐχρῆν
3515 4158 3641 4227 ἄχρι
3683 4148 3764 4205 καὶ

2197 4253 2367 4310 αὐτοῦ
2391 4254 2623 4308 θανάτου
2668 4254 2758 4306 τδν
2784 4256 2883 4324 τῆς
2910 4251 3091 4320 φιλίας
3130 4252 3266 4320 ἡμῖν
3284 4248 3553 4318 συμπνεῖν
3582 4244 3766 4315 ἔρωτα.

2213 4349 2306 4412 Ὦς
2337 4348 2513 4416 ἔγωγε
2538 4349 2636 4400 καὶ
2679 4343 3015 4416 βαρυτάταις
3046 4342 3302 4396 κολάσεσι
3341 4339 3586 4410 χρῆσθαι
3617 4332 3768 4388 δυνά·

2202 4458 2383 4515 μενος,
2402 4442 2499 4495 καὶ
2514 4437 2851 4510 τυραννικῶς
2876 4438 3041 4506 ὑμᾶς,
3060 4429 3105 4489 ὦ
3128 4435 3294 4504 φίλοι,
3321 4429 3605 4503 βίαζεσθαι
3626 4424 3768 4515 (χρή-ο

520 4511 727 4583 {adhuc
763 4517 911 4573 cnim
953 4529 1218 4576 consueta
1257 4530 1379 4576 utar
1410 4525 1797 4594 appellatione)
1825 4537 2092 4596 attamen,

2203 4511 2369 4605 σομαι
2417 4533 2528 4603 γὰρ
2565 4531 2646 4585 ἔτι
2674 4530 2753 4601 τῷ
2787 4530 3011 4598 συνήθει
3077 4524 3456 4598 προσρήματι)
3477 4538 3492 4553 ·
3525 4519 3658 4577 ἀλλὰ
3678 4514 3767 4584 τὴν

518 4621 553 4662 ο
577 4607 674 4674 dii,
703 4620 963 4666 revereOr
991 4612 1308 4674 amicitiam.
1335 4623 1387 4671 et
1416 4625 1704 4688 promet-ea
1735 4620 1953 4676 retardo
1968 4636 2097 4678 cru-

517 4700 714 4766 ciatus,
751 4712 806 4760 et
836 4703 945 4759 vim
977 4704 1171 4763 lubens
1202 4706 1419 4764 tlilero.

588 4790 679 4848 Vl.
722 4792 850 4849 llze‘c
886 4809 1012 4851 cum
1042 4799 1345 4855 audiissent
1377 4800 1478 4858 viri
1512 4806 1737 4878 egregii,
1784 4808 1942 4876 scite,
1982 4788 2123 4882 pla?

512 4883 624 4941 cite
663 4894 721 4940 et
756 4887 917 4957 plane
947 4888 1210 4947 dixerunt
1238 4913 1249 4945 :
1283 4890 1438 4960 Quod
1473 4903 1580 4951 tua:
1613 4899 1837 4968 quidem
1870 4917 1981 4958 non
2019 4905 2095 4960 si-

521 4984 645 5031 mus
693 4977 847 5034 obliti
894 4980 1172 5048 amicitia,
1208 4998 1313 5040 nec
1358 4984 1629 5043 fuerimus
1679 4988 1877 5062 ingrati
1913 4994 1968 5050 in
2003 5006 2096 5052 tua

517 5065 782 5123 beneﬁcia
835 5079 890 5124 et
923 5071 1199 5130 honores:
1251 5077 1349 5132 sed
1377 5085 1429 5133 te
1463 5087 1521 5135 et
1549 5095 1816 5145 amemus.
1851 5086 1894 5141 si
1927 5088 2095 5144 ullum

518 5157 712 5236 alium,
734 5169 792 5218 et
812 5161 1094 5220 dominum
1116 5167 1520 5236 existimemus,
1549 5182 1608 5228 et
1627 5183 1684 5229 tu
1705 5176 1780 5230 sis
1800 5178 1960 5233 nobis
1978 5195 2096 5235 on:-

517 5252 634 5331 nia,
666 5253 883 5324 signum
909 5266 995 5313 est
1021 5258 1397 5327 manifestum,
1437 5265 1583 5334 quod
1615 5276 1671 5322 et
1718 5269 1955 5325 ﬁdeliter
1986 5272 2093 5328 hu-

513 5360 723 5417 cusque
770 5350 1120 5417 servivimus,
1171 5361 1229 5409 et
1259 5365 1436 5411 tet-um
1467 5357 1759 5432 diligenter
1795 5364 2096 5434 rempubli.

515 5454 636 5497 cam
668 5441 1050 5510 sustinuimus,
1080 5459 1264 5517 neque
1296 5449 1402 5504 ulla
1438 5451 1493 5505 in
1525 5466 1607 5516 re,
1638 5469 1741 5507 nec
1767 5469 1953 5524 parva,
1993 5471 2095 5514 nec

515 5536 734 5605 magna,
786 5539 1069 5609 conspecti
1122 5555 1315 5598 sumus
1376 5543 1597 5614 ingrati,
1650 5560 1830 5614 neque
1887 5548 2094 5621 aliquid

512 5622 879 5694 ’prodidimus,
915 5638 1014 5685 aut
1056 5631 1398 5703 negleximus
1445 5642 1657 5700 eorum,
1688 5643 1805 5706 quae
1853 5649 2087 5709 oportet.

588 5765 609 5808 δ
632 5769 776 5837 Puni.
812 5798 947 5850 xxii,
978 5783 1033 5839 4.

2201 4627 2407 4699 φιλίαν,
2435 4619 2479 4679 ὦ
2504 4625 2641 4688 θεοὶ,
2671 4621 3031 4692 δυσωποῦμαι
3063 4623 3158 4673 καὶ
3218 4617 3309 4671 διὰ
3348 4615 3511 4670 τοῦτο
3548 4611 3641 4667 καὶ
3676 4606 3763 4667 τὰς

2196 4715 2472 4788 τιμωρίας
2521 4713 2686 4779 ὀκνῶ,
2726 4712 2820 4765 καὶ
2863 4712 2963 4782 τὴν
3023 4709 3146 4781 βίαν
3180 4705 3323 4761 ἑκὼν
3382 4702 3760 4768 ἀναϐάλλομαι.

2272 4806 2366 4877 ς’.
2416 4805 2638 4862 Τούτων
2687 4803 3022 4866 ἀκούσαντες
3061 4802 3111 4856 ei
3160 4801 3424 4872 γενναῖοι,
3477 4794 3758 4868 χαριέντως

2197 4903 2383 4974 ἡρέμα
2406 4900 2503 4953 καὶ
2541 4895 2782 4969 ὁμαλῶς,
2837 4895 2959 4949 Ὀτι
3003 4894 3102 4966 μὲν
3125 4895 3227 4947 οὐκ
3263 4888 3641 4960 ἐπελαθόμεθά
3676 4895 3756 4934 σου

2200 4995 2302 5064 τῆς
2333 4991 2547 5062 φιλίας,
2581 4986 2757 5055 είπον,
2790 4987 2910 5041 οὐδὲ
2946 4987 3236 5059 ἀχάριστοι
3277 4984 3408 5055 περὶ
3433 4985 3531 5044 τὰς
3555 4979 3754 5064 εὐεργετ

2202 5060 2321 5149 σίας
2346 5060 2458 5138 ααὶ
2490 5082 2658 5153 τιμὰς
2684 5078 3032 5153 γεγενήμεθα
3056 5093 3071 5109 ο
3109 5076 3246 5130 ἀλλὰ
3271 5077 3366 5130 καὶ
3413 5072 3678 5143 φιλοῦμεν,
3706 5060 3747 5115 ει

2198 5177 2293 5231 καί
2321 5192 2445 5229 τινα
2477 5175 2685 5246 ἕτερον,
2718 5173 2813 5225 καὶ
2843 5171 3115 5241 δεσπότην
3139 5169 3440 5241 ἡγούμεθα,
3481 5167 3574 5221 καὶ
3598 5162 3749 5246 πάντα

2199 5270 2333 5340 ἡμῖν
2365 5262 2414 5321 si
2446 5268 2533 5331 σύ,
2565 5244 2870 5334 τεκμήριον
2895 5263 3128 5332 ὑπάρχει
3163 5260 3332 5328 σαφὲς
3354 5260 3412 5312 τὸ
3443 5256 3543 5311 καὶ
3576 5244 3758 5340 πιστῶς

2197 5336 2279 5422 si;
2330 5358 2492 5430 δεῦρο
2555 5354 2976 5428 ὑπηρετεῖσθαι,
3013 5354 3108 5407 καὶ
3160 5352 3541 5418 συνδιαφέρειν
3585 5361 3661 5397 σοι
3701 5336 3761 5390 τὰ

2198 5451 2356 5506 κοινὰ
2427 5450 2757 5513 σπουδαίως,
2814 5449 2911 5502 καὶ
2979 5446 3149 5517 μηδὲν
3209 5448 3348 5515 μήτε
3392 5439 3595 5512 μικρὸν
3635 5435 3764 5504 μήτε

2200 5546 2410 5617 μεῖζον.
2446 5542 2900 5614 ἀγνωμονοῦντες
2926 5540 3192 5612 φανῆναι,
3225 5534 3361 5610 μηδέ
3400 5550 3455 5587 τι
3491 5527 3764 5602 προδιδόν-

2195 5656 2290 5703 τας
2324 5638 2357 5709 ἢ
2387 5636 2725 5709 ἀμελοῦντας
2768 5632 2877 5689 τῶν
2930 5632 3305 5703 καθηκόντων.
3339 5624 3548 5683 Οὔκουν
3589 5618 3765 5694 ἡμεῖς.
