4060 6440
406 416 547 481 ιοιξι

1347 410 1810 480 MARTYRIUM
1847 419 1950 478 SS.
1987 418 2247 479 SERGU
2283 422 2380 480 ΕΤ
2414 422 2712 486 BACCHI.‘

3529 424 3678 492 1016‘

403 539 665 609 οὗδεμίαν
700 536 1101 608 ἀγνωμοσύνην
1133 539 1165 609 ἢ
1193 537 1374 608 φιλίας
1405 536 1699 606 ὀλιγωρίαν
1732 536 1984 605 ἐγκαλεῖ-

2095 535 2196 592 Nos
2248 551 2380 608 ergo
2433 554 2534 595 nec
2566 541 2789 612 .ingrati
2833 541 3023 597 animi
3064 541 3335 610 criminis,
3385 552 3481 598 aut
3533 556 3674 599 con-

403 631 532 686 σθαι
571 627 736 695 ἄξιοι,
786 630 896 684 οὐδ’
923 631 1006 685 ὅτι
1066 645 1147 684 σοι
1183 629 1324 684 κατᾶ
1376 632 1532 700 μῖσος
1587 628 1982 699 διαφερόμεθα,

401 721 890 794 φιλανθρωπότατε
933 721 1174 793 βασιλεῦ.
1236 723 1400 777 Ἀλλὰ
1438 723 1724 793 διέστησεν
1775 722 1917 794 ἡμᾶς
1951 722 1985 792 ἡ

403 812 536 882 κενὴ
572 812 712 882 αῦτη
742 812 872 883 περὶ
910 815 978 867 τὰ
1013 813 1207 868 εἴδωλα
1234 813 1412 884 πλάνη
1462 812 1556 866 καὶ
1587 813 1645 865 τὸ
1697 815 1778 875 είς
1837 812 1984 882 σαφῆ

402 906 466 960 σέ
494 922 552 959 τε
579 906 672 959 καὶ
703 905 1160 976 ὁμολογουμένην
1180 906 1548 960 καταπίπτειν
1569 903 1868 965 ἀπώλειαν,
1888 906 1986 958 καὶ

403 998 544 1067 πρὸς
589 997 683 1050 τὸν
724 999 842 1051 ἴσον
895 996 1292 1069 κατενεχθῆναι
1342 998 1588 1052 κίνδυνον
1629 997 1985 1066 ἀναγκάζειν.

401 1082 556 1154 Ἶζως
589 1091 688 1160 μὲν
725 1093 833 1161 γὰρ
865 1090 994 1160 περὶ
1043 1091 1211 1162 μόνην
1267 1090 1367 1164 τὴν
1397 1090 1666 1162 κοσμικὴν
1694 1091 1986 1163 στρατείαν

403 1180 800 1252 ἐξηταζόμεθα,
842 1181 992 1236 οὐδὲν
1023 1182 1147 1252 ,τῶν
1184 1183 1413 1236 δεόντων
1455 1185 1613 1253 ἡμεῖς
1637 1183 1983 1252 ὲνελίπομεν.

410 1274 805 1348 Μαρτυρήσεις
832 1280 965 1349 ἡμῖν
999 1279 1096 1332 καὶ
1138 1279 1302 1344 αὐτὸς
1353 1278 1549 1350 ὅτιπερ
1597 1279 1660 1332 οὐ
1710 1279 1988 1351 ρᾳθυμίαν

403 1369 527 1423 τινὰ
554 1370 674 1422 οὐδὲ
722 1371 987 1440 ἀμέλειαν
1030 1371 1138 1424 τῶν
1177 1371 1236 1424 ἐν
1286 1371 1442 1440 χερσὶ
1491 1369 1981 1442 κατεγνώσθημεν,

403 1463 545 1519 ἀλλὰ
579 1463 783 1535 θερμὸν
813 1466 941 1537 περὶ
975 1464 1145 1519 ταῦτα
1166 1466 1260 1519 τὸν
1291 1467 1452 1539 ζῆλον
1475 1467 1717 1540 εἴχομεν,
1772 1468 1866 1523 καὶ
1888 1469 1989 1522 ὅσα

402 1557 570 1612 πάλιν
609 1564 668 1611 ὲν
754 1559 907 1631 νόμῳ
975 1561 1325 1630 Χριστιανοῖς
1370 1563 1661 1633 ἐτελοίτμεν
1706 1564 1986 1628 ἑκάστοτε,

403 1649 501 1702 καὶ
523 1648 616 1702 τὸν
640 1649 772 1701 Θεὸν
796 1650 862 1703 τὰ
875 1650 1076 1705 δυνατὰ
1101 1653 1242 1722 ὑπὲρ
1260 1653 1414 1722 ὑμῶν
1434 1653 1742 1724 ίλεούμεθα.
1766 1654 1985 1726 Ἐπειδὴ

403 1741 498 1794 καὶ
547 1741 680 1795 αὐτὸ
709 1741 819 1796 τῶν
851 1743 1030 1797 καλῶν
1064 1745 1126 1796 τὸ
1180 1746 1479 1812 κεφάλαιον
1510 1749 1808 1816 ἀφελέσθαι
1840 1748 1990 1816 φιλο»

404 1835 604 1898 νεικεῖς
629 1835 800 1904 ἡμᾶς,
850 1835 950 1904 τὴν
977 1835 1254 1903 ἀσέϐειαν,
1293 1841 1387 1892 καὶ
1434 1839 1566 1893 Θεὸν
1584 1839 1859 1910 ζημιῶσαι
1890 1840 1988 1906 τὴν

403 1926 642 1996 ἐσχάτην
668 1927 878 1996 ταύτην
907 1927 1114 1998 ζημίαν
1161 1931 1254 1984 καὶ
1285 1932 1354 2003 ἢν
1403 1932 1525 1984 οὐδὲ
1568 1933 1891 1995 ὑπενεγκεῖν
1922 1930 1988 1984 ἂν

402 2017 632 2089 εὐσεϐὴς
666 2017 813 2089 ψυχὴ
841 2019 1074 2086 δύναιτο,
1111 2021 1288 2090 τιμῶν
1318 2039 1377 2075 τε
1405 2019 1493 2077 διὰ
1525 2023 1684 2076 τοῦτο
1713 2023 1806 2077 καὶ
1837 2023 1988 2092 φιλο-

404 2107 597 2176 τιμίας
629 2110 1095 2178 ἀναμιμνήσκεις,
1124 2110 1240 2174 πῶς
1258 2112 1358 2165 οὐκ
1385 2112 1614 2181 ἀμαθῶς
1634 2113 1781 2183 ἔχειν
1809 2131 1866 2166 σε
1891 2113 1985 2168 τοῦ

402 2195 574 2250 καλοῦ
597 2197 834 2259 δικαίως
868 2199 936 2252 ἄν
993 2201 1246 2269 εἴποιμεν
1272 2217 1286 2231 ·
1340 2202 1424 2255 ὅτι
1485 2203 1579 2256 καὶ
1615 2202 1988 2274 παραϐάλλεις

401 2287 542 2354 ὕλιως
585 2291 725 2343 αὐτὰ
763 2291 1118 2362 προσὰλληλα
1167 2291 1260 2348 καὶ
1301 2295 1465 2349 οἱονεὶ
1516 2293 1612 2348 τοῦ
1675 2296 1988 2367 κρείττονος

401 2377 539 2454 ipsis
570 2383 668 2454 τὴν
709 2385 924 2456 αἵρεσιν
960 2387 1304 2456 ἐπιτρέπεις,
1337 2387 1597 2452 ἀσεϐείας
1635 2389 1838 2460 φαμὲν,
1885 2389 1986 2460 τῆς

403 2475 544 2546 πρὸς
573 2477 664 2530 τὸν
695 2477 852 2541 Θεὸν,
896 2481 992 2535 καὶ
1017 2480 1201 2550 φιλίας
1222 2480 1572 2551 ἀνθρωπίνης
1587 2483 1682 2535 καὶ
1705 2481 1862 2551 δόξης
1887 2481 1988 2552 τῆς

404 2567 504 2625 [ea
537 2588 684 2638 παρα
696 2573 967 2644 ρρεούσης
1000 2571 1153 2628 ὕδατι
1180 2592 1195 2638 ;
1235 2573 1358 2636 Πῶς
1387 2568 1442 2626 δέ
1475 2590 1558 2627 σοι
1587 2575 1681 2629 καὶ
1721 2576 1988 2644 κοινωνή-

403 2676 573 2730 σομεν
606 2663 698 2714 ἐπὶ
727 2663 932 2735 τούτῳ,
972 2666 1066 2719 καὶ
1095 2665 1216 2735 οὐχὶ
1237 2665 1547 2720 τούναντίον
1575 2666 1670 2720 καὶ
1685 2665 1987 2737 τὴνῗφτλίαν

402 2755 502 2807 καὶ
547 2752 648 2824 τὴν
701 2757 995 2826 τιμὴνκαὶ
1025 2757 1078 2809 εί
1130 2775 1182 2810 τι
1218 2757 1346 2812 ἄλλο
1377 2757 1564 2828 μεῖζον
1615 2753 1706 2830 ἦν,
1752 2758 1989 2830 ἀρνησό-

403 2847 590 2916 μεθας
634 2849 756 2912 Πῶς
789 2849 844 2903 δὲ
880 2849 943 2903 ού
978 2849 1041 2903 σὺ
1078 2851 1277 2921 μᾶλλον
1303 2852 1638 2921 ἀγνωμονῶν
1665 2853 1734 2905 τά
1759 2869 1824 2920 γε
1854 2853 1991 2924 πρὸς

401 2938 540 2992 θεὸν
580 2939 780 3015 ἁλίσκῃ
811 2942 901 2995 τὸν
931 2941 1027 2996 καὶ
1055 2942 1186 2996 αύτό
1219 2961 1302 2998 σοι
1330 2943 1386 2997 τὸ
1413 2941 1557 2998 εἶναι
1597 2945 1695 2999 καὶ
1757 2945 1818 3000 τὸ
1853 2947 1987 3000 ἀνα-

403 3035 560 3088 πνεῖν
592 3035 1034 3106 παρασχόμενον,
1068 3035 1126 3100 ὃς
1169 3037 1405 3108 ἄναρχος
1446 3036 1523 3092 ὢν
1574 3041 1670 3093 καὶ
1717 3041 1988 3103 συναῒδιος

404 3125 486 3196 τῷ
528 3127 911 3193 γεγεννηκότι,
957 3126 1056 3179 καὶ
1115 3127 1244 3188 τοὺς
1290 3127 1556 3197 οὐρανοὺς
1591 3131 1670 3201 τῷ
1711 3127 1854 3199 λόγῳ
1892 3130 1989 3183 καὶ

2091 638 2198 684 tem
2208 628 2410 698 ptionis
2429 631 2683 687 amicitiae
2708 632 2833 702 jure
2863 647 3157 703 possumus
3177 633 3425 689 accusari
3448 651 3464 701 ;
3491 649 3672 706 neque

2087 719 2237 790 quod
2271 735 2300 774 a
2335 728 2387 774 te
2420 730 2645 792 propter
2684 723 2869 778 odium
2899 723 3284 789 dissideamus,
3327 739 3362 780 o
3386 724 3670 796 benignis-

2087 811 2224 868 sime
2250 813 2568 884 imperator.
2603 814 2710 871 Sed
2733 831 2835 870 nos
2856 815 3126 885 disjunxit
3156 815 3272 887 ipse
3293 832 3466 871 vanus
3490 832 3668 882 error,

2087 906 2268 962 cultus
2307 907 2757 972 simulacrorum.
2790 910 3020 980 etquod
3061 919 3118 964 tu
3155 910 3210 965 in
3235 919 3450 966 certum
3467 926 3673 967 acma-

2089 998 2348 1054 nit‘estum
2381 998 2593 1055 incidas
2620 999 2926 1063 interitum,
2953 1009 3012 1056 et
3042 1016 3143 1056 nos
3175 1015 3392 1070 quoque
3416 1015 3579 1071 cogas
3611 1001 3665 1054 in

2089 1089 2232 1145 idem
2282 1090 2562 1146 deturbari
2605 1091 2934 1162 periculum.
2976 1091 3112 1148 Nam
3159 1094 3668 1164 quandiu-quidem

2089 1183 2355 1254 augebatur
2398 1183 2466 1240 de
2508 1183 2622 1239 sola
2659 1187 2936 1240 mundana
2962 1185 3174 1252 militia,
3210 1201 3312 1242 nos
3355 1186 3512 1242 nihil"
3535 1201 3671 1258 prai-

2091 1275 2425 1332 termisimus
2443 1291 2807 1347 eorumque
2835 1287 3072 1348 oportet.
3097 1276 3177 1334 Tu
3197 1280 3314 1350 ipse
3345 1279 3506 1335 nobis
3529 1279 3674 1335 feres

2090 1369 2489 1437 testimonium,
2533 1386 2638 1426 nos
2687 1371 2745 1425 in
2795 1369 2943 1427 nulla
3003 1387 3086 1438 re,
3136 1387 3266 1442 qua
3307 1381 3454 1427 esset
3500 1385 3673 1442 expe-

2089 1461 2314 1528 dienda,
2371 1461 2542 1517 ult-ius
2572 1462 2840 1519 socordiae
2889 1472 2984 1518 aut
3038 1462 3394 1534 negligentiae
3431 1476 3672 1532 unquam

2089 1554 2262 1612 fuisse
2318 1558 2624 1622 damnatos,
2682 1557 2778 1613 sed
2833 1557 2890 1613 in
2944 1557 3014 1612 iis
3071 1558 3258 1614 rebus»
3293 1555 3453 1612 uobis
3504 1555 3675 1611 fuisse

2089 1667 2269 1707 acrem
2303 1652 2502 1707 zelum.
2537 1653 2603 1707 Et
2630 1665 2820 1708 rursus
2851 1665 3200 1722 quacunque
3234 1651 3301 1706 de
3324 1664 3477 1706 more
3513 1648 3673 1704 Chri-

2089 1749 2392 1799 stianorum
2420 1744 2751 1814 peregimus,
2789 1746 2857 1800 iis
2887 1745 3060 1801 Deum
3087 1759 3310 1815 quoque
3340 1757 3441 1814 pro
3467 1741 3693 1799 viribus

2090 1838 2245 1892 vobis
2275 1838 2610 1894 reddidimus
2645 1839 2960 1908 propitium.-
2994 1839 3264 1904 Quoniam
3288 1837 3473 1892 autem
3496 1837 3684 1906 ipsum-

2091 1945 2312 2002 quoque
2370 1931 2641 1986 bonorum
2695 1939 2881 2002 caput,
2933 1939 3134 2001 nempe
3179 1931 3465 2001 pietatem,
3515 1929 3676 1985 nobis

2089 2023 2377 2080 contendis
2423 2023 2687 2089 adimere,
2737 2034 2794 2078 et
2843 2022 2953 2077 Deo
3004 2038 3106 2077 nos
3147 2023 3384 2091 privare,
3417 2022 3562 2091 quod
3588 2031 3692 2079 est

2088 2115 2348 2171 damnum
2380 2124 2709 2176 extremum,
2753 2114 2983 2185 etquod
3033 2115 3132 2184 pia
3155 2129 3265 2169 non
3310 2113 3484 2185 possit
3525 2114 3676 2171 ferre

2087 2205 2289 2270 anima,
2322 2214 2378 2260 et
2409 2215 2700 2276 propterea
2733 2205 2977 2261 honores
3005 2215 3062 2261 et
3101 2205 3293 2262 laudes
3319 2205 3481 2262 nobis
3512 2221 3677 2262 revo-

2085 2311 2183 2352 cas
2237 2295 2294 2351 in
2345 2297 2690 2363 memoriam,
2741 2297 3021 2366 quomodo
3070 2305 3127 2351 te
3174 2295 3304 2352 boni
3358 2304 3415 2352 et
3459 2295 3677 2353 honesti

2089 2387 2339 2458 ignarum
2385 2403 2496 2442 non
2525 2387 2656 2462 jure
2694 2388 3016 2454 dixerimus,
3053 2389 3200 2458 quod
3251 2395 3308 2445 et
3333 2403 3420 2451 ea,
3454 2396 3514 2444 ut
3540 2403 3679 2459 quo-

2087 2478 2380 2534 dammodo
2409 2479 2807 2549 praestantioris
2848 2479 3011 2535 nobis
3047 2480 3214 2535 facias
3259 2480 3562 2550 optionem,
3591 2480 3678 2534 in-

2091 2581 2176 2631 ter
2201 2588 2260 2629 se
2291 2575 2523 2630 invicem
2559 2575 2790 2629 omnino
2838 2571 3082 2637 confers,
3110 2572 3395 2644 pietatem,
3428 2571 3678 2642 inquam.

2090 2668 2145 2722 in
2181 2666 2376 2731 Deum,
2407 2675 2465 2722 et
2509 2650 2808 2731 humanam
2837 2666 3142 2720 amicitiam
3172 2673 3228 2720 et
3274 2664 3524 2736 gloriam,
3554 2679 3679 2735 qua

2089 2770 2241 2827 aeque
2257 2771 2322 2810 ac
2345 2769 2485 2824 aqua
2509 2754 2863 2826 praeterﬂuit?
2884 2755 3172 2822 Quomodo
3192 2764 3374 2810 autem
3402 2755 3504 2810 hac
3532 2757 3587 2810 in
3613 2771 3690 2811 re

2090 2857 2272 2904 secum
2316 2847 2732 2915 conveniemus,
2773 2857 2830 2903 et
2875 2864 2988 2902 non
3035 2858 3248 2911 contra,
3298 2846 3592 2903 amicitiam
3621 2859 3695 2903 et:

2094 2938 2381 3001 honorem,
2421 2949 2476 2993 et
2517 2939 2560 2992 si
2601 2937 2730 3008 quid
2779 2937 2851 2992 sit
2898 2937 3046 2992 aliud
3079 2937 3277 3006 majus,
3313 2937 3681 3008 negabimus?

2093 3025 2379 3096 Quomodo
2433 3037 2618 3082 autem
2664 3041 2776 3080 non
2827 3033 2884 3079 tu
2933 3023 3109 3094 magis
3155 3023 3349 3095 ingrati
3399 3024 3456 3077 in
3510 3023 3681 3078 Deum

2093 3121 2262 3174 animi
2294 3119 2546 3175 criminis
2572 3118 2944 3181 convinceris,
2984 3115 3078 3185 qui
3120 3115 3356 3186 idipsum
3385 3115 3503 3178 tibi,
3531 3115 3678 3184 quod

405 3220 507 3289 τὴν
534 3218 640 3288 γῆν
672 3219 1011 3290 ὑποστήσας,
1035 3220 1128 3286 τὸν
1152 3220 1441 3292 ἄνθρωπόν
1461 3231 1519 3275 τε
1545 3239 1604 3293 χε
1615 3225 1734 3291 ρσ“ιν
1758 3222 1987 3286 οἰκείαις

2097 3223 2153 3268 et
2186 3211 2282 3274 sis,
2315 3220 2372 3266 et
2395 3212 2654 3280 respires,
2703 3208 2970 3280 praebuit?
3003 3207 3106 3275 Qui
3147 3223 3271 3264 cum
3313 3216 3497 3262 careat
3528 3206 3684 3275 prin-

408 3311 839 3383 ἐδημιούργησε,
881 3312 977 3366 καὶ
1026 3312 1302 3385 ἀθανασίᾳ
1354 3311 1544 3368 ⁴τοῦτον
1571 3315 1826 3383 ἐτίμησε,
1875 3313 1993 3376 καὶ,

407 3401 640 3474 βασιλέα
683 3403 794 3457 τῶν
844 3403 935 3457 ἐπὶ
969 3403 1076 3473 γῆς
1119 3405 1516 3475 κατεστήσατο,
1571 3407 1826 3476 καθάπερ
1869 3407 1992 3460 τινὰ

295 3557 312 3565 1
413 3490 666 3560 βασίλεια
703 3491 763 3546 τὺ
797 3492 1085 3548 κάλλιστον
1115 3495 1375 3549 ἁπάντων
1408 3495 1692 3563 ἀποτάξας
1727 3497 1876 3567 αὐτῷ
1901 3499 1994 3550 τὶν

410 3583 764 3652 παράδεισον.

487 3862 560 3923 1'.
598 3866 745 3938 Πλὴν
792 3865 928 3921 ἀλλὰ
963 3867 1129 3938 μηδὲν
1164 3870 1296 3939 ἡμῖν
1336 3869 1632 3940 ἀχθεσθῇς,
1675 3854 1719 3922 ὦ
1744 3869 1994 3940 βασιλεῦ,

412 3961 462 4012 εἰ
494 3963 588 4012 καὶ
614 3959 964 4030 μακροτέραν
1000 3963 1028 4014 6
1067 3961 1226 4029 λόγος
1259 3964 1547 4031 ποιήσεται
1583 3961 1678 4032 τὴν
1719 3963 1993 4032 διήγησιν.

411 4050 524 4102 Καὶ
576 4051 604 4104 6
651 4049 788 4112 ’Θεὸς
843 4052 941 4122 μὲν
993 4051 1136 4105 οὕτω
1165 4052 1482 4122 φιλότιμος,
1519 4053 1619 4117 τὰς
1672 4053 1992 4124 εὐεργεσίας

411 4143 557 4210 φημὶ
583 4141 722 4213 πρὸς
753 4141 847 4196 τὸν
879 4141 1170 4209 ἄνθρωπον
1203 4160 1218 4176 ο
1269 4143 1298 4195 6
1331 4143 1387 4196 δὲ
1419 4141 1600 4212 φθόνῳ
1630 4143 1858 4206 κλαπεὶς
1899 4146 1996 4198 καὶ

411 4235 573 4305 ᾖδονῇ
613 4235 736 4308 (φεῦ
773 4233 908 4306 μοι),
945 4235 1256 4301 δελεασθεὶς
1290 4236 1494 4301 ἀθλίως
1527 4237 1735 4290 τούτων
1769 4237 1996 4302 ἐξέπεσε

412 4331 654 4383 πάντων*
686 4331 778 4384 καὶ
805 4331 832 4383 6
871 4331 998 4399 πρὶν
1021 4331 1263 4400 ζηλωτὸς
1282 4332 1514 4395 ἐλεεινὸς
1546 4333 1760 4401 ἑωρᾶτο
1784 4331 1880 4386 καὶ
1899 4334 1999 4386 δα·-

409 4421 597 4493 κρύων
619 4421 704 4476 διὰ
723 4421 822 4493 τὴν
850 4423 1138 4493 συμφορὰν
1167 4420 1333 4489 ἄξιος.
1371 4425 1430 4477 Ὀ
1467 4423 1676 4487 πλάσας
1697 4425 1875 4478 τοίνυν
1902 4425 1997 4478 καὶ

411 4512 827 4584 δημιουργήσας
855 4514 1002 4584 ἡμᾶς
1037 4514 1190 4579 Θεὸς,
1247 4515 1654 4587 φιλανθρώποις
1681 4517 1844 4571 πάλιν
1871 4515 1994 4570 ἰδὼν

2097 3303 2264 3373 cipin,
2312 3305 2480 3359 verbo
2513 3302 2712 3371 eﬂ‘ecitl
2756 3313 2816 3357 ut
2871 3303 3074 3358 cretum
3119 3311 3176 3357 et
3226 3311 3368 3356 terra
3414 3299 3682 3354 consiste-

2103 3408 2228 3451 rent
2255 3414 2268 3451 :
2297 3405 2353 3452 et
2379 3397 2663 3451 hominem
2692 3395 2928 3466 proprlis
2961 3392 3219 3450 manibus
3245 3401 3327 3448 est
3353 3390 3693 3456 fabricatus,

2101 3500 2156 3544 et
2213 3489 2502 3544 honoravit
2551 3504 2674 3543 cum
2717 3485 3146 3550 immortalitate,
3203 3492 3258 3539 et
3297 3498 3510 3544 eorum,
3560 3497 3684 3551 qum

2102 3589 2231 3636 Snnt
2264 3580 2319 3633 in
2354 3592 2518 3644 terra,
2564 3579 2725 3634 veluti
2757 3578 3048 3648 quemdam
3076 3589 3256 3646 regem
3287 3573 3598 3634 constituit.
3624 3571 3682 3628 id

2101 3674 2246 3742 quod
2291 3682 2378 3728 est
2423 3673 2669 3727 omnium
2724 3671 3180 3742 puicherrimum,
3221 3681 3419 3738 nempe
3461 3665 3680 3738 paradi-

2018 3817 2024 3822 .
2101 3782 2245 3829 sum,
2289 3765 2337 3819 ei
2370 3765 2694 3818 attribuenst

2176 3856 2286 3911 Vll.
2328 3856 2599 3911 Cancrum
2631 3870 2698 3908 ne
2724 3853 2883 3910 nobis
2918 3867 3266 3919 succenseas,
3299 3865 3333 3905 ο
3357 3850 3680 3921 imperator.

2101 3951 2143 4006 si
2203 3949 2377 4006 oratio
2423 3948 2725 4020 longiorem
2795 3947 3003 4005 factura
3051 3947 3125 4002 sit
3167 3943 3566 4000 narrationem.
3611 3941 3680 3998 Et

2104 4047 2246 4102 Deus
2270 4046 2488 4117 quidem
2519 4044 2638 4110 fuit,
2679 4053 2739 4098 nt
2763 4043 2900 4107 dixi,
2927 4053 3036 4098 tam
3061 4039 3350 4096 muniﬁcus
3371 4039 3428 4095 in
3469 4038 3678 4094 beneﬁ-

2101 4141 2204 4197 ciis
2234 4141 2286 4194 in
2330 4138 2612 4194 hominem
2671 4136 3043 4192 conferendis.
3094 4134 3185 4189 Ille
3225 4143 3410 4188 autem
3477 4130 3682 4187 invidia

2103 4233 2383 4294 seductus,
2407 4241 2463 4287 et
2488 4231 2764 4300 voluptate
2793 4229 2904 4300 (hei
2930 4227 3065 4284 mihi
3087 4229 3126 4298 ι)
3158 4228 3457 4289 inescatus,
3485 4225 3684 4280 misere

2103 4325 2330 4378 omnino
2351 4323 2420 4378 ab
2452 4322 2516 4377 iis
2541 4321 2743 4377 excidit
2767 4338 2780 4374 :
2807 4320 2968 4392 etqui
3005 4319 3155 4391 prius
3183 4319 3510 4376 censebatur
3548 4317 3682 4372 bea-

2104 4423 2213 4476 tus.
2253 4423 2582 4484 conspectus
2605 4424 2691 4468 est
2717 4411 3067 4474 miserabilis.
3101 4418 3155 4466 et
3177 4410 3430 4482 lacrymis
3485 4409 3693 4480 dignus.

2104 4514 2332 4576 propter
2389 4506 2778 4562 calamitatem.
2851 4503 2952 4571 Qui
2995 4505 3180 4574 itaque
3244 4519 3346 4558 nos
3397 4503 3555 4556 tinxit
3625 4512 3696 4555 es-

411 4601 716 4672 ὀφθαλμοῖς
765 4603 827 4655 τὺ
874 4603 984 4657 τῶν
1015 4603 1235 4655 οἰκείων
1281 4603 1483 4674 χειρῶν
1539 4601 1702 4672 ἔργον
1745 4601 1808 4655 τὸ
1866 4601 1992 4673 Θεὸς

2102 4597 2405 4653 "fabricatus
2443 4606 2529 4651 est
2571 4595 2739 4662 Deus,
2789 4612 2915 4652 cum
2959 4595 3214 4667 benignis
3271 4609 3465 4652 rut-sus
3511 4594 3703 4650 oculis.

414 4691 558 4748 εἴιαι
603 4694 679 4765 μὴ
715 4697 1036 4765 μεταϐαλὼν
1063 4696 1202 4767 ὅπερ
1223 4690 1314 4768 ἦν,
1342 4699 1558 4765 ἐγένετο
1585 4692 1652 4748 δι’
1686 4695 1834 4766 ἡμᾶς
1868 4696 2000 4748 ἀνα-

417 4789 715 4859 μαρτήτως
750 4789 886 4859 ὅπερ
928 4791 1120 4862 ἡμεῖς.
1154 4790 1264 4842 Καὶ
1309 4788 1546 4860 σταυρὸν
1585 4784 1853 4852 ἑκουσίως
1904 4787 2000 4842 καὶ

413 4878 656 4933 θάνατον
690 4879 938 4934 ὑπελθὼν
967 4882 1060 4935 τὸν
1088 4882 1300 4936 ἄνωθέν
1333 4893 1388 4934 τε
1419 4879 1499 4951 τῷ
1545 4878 1806 4950 ἡμετέρῳ
1844 4878 1999 4946 γένει

415 4969 824 5041 καταϐεϐλήκει
851 4969 1128 5042 πολέμιον,
1165 4972 1260 5027 καὶ
1288 4974 1434 5042 ἡμᾶς
1464 4972 1562 5042 τῆς
1614 4973 1815 5042 πικρᾶς
1849 4971 2002 5024 ὲκεί-

412 5083 514 5134 νης
579 5065 968 5136 αἰχμαλωσίας
1026 5066 1484 5138 ἀνασωσάμενος,
1561 5065 1660 5136 τὴν
1726 5064 2000 5137 προτέραν

414 5157 672 5212 ἀπέδωκε
707 5157 1028 5227 φιλαγάθως
1073 5159 1411 5230 ἐλευθερίαν,
1469 5158 1568 5212 καδ⁹
1612 5156 1738 5212 ὅθεν
1788 5157 1875 5211 διὰ
1903 5159 2001 5227 τὴν

422 5247 718 5319 παρακοὴν
750 5249 1197 5320 ἐκπεπτώκαμεν
1229 5251 1347 5303 ἐκεῖ
1371 5249 1534 5304 πάλιν
1564 5248 1654 5302 διὰ
1680 5248 1998 5319 φιλανθρω-

416 5341 550 5406 πίας
579 5343 728 5414 ἡμᾶς
772 5344 1115 5413 ἐπανήγαγε.
1149 5345 1252 5397 Τὸν
1293 5344 1356 5415 δὴ
1389 5342 1617 5397 τοιαῦτα
1647 5343 1736 5396 διά
1790 5359 1850 5396 σε
1887 5358 2002 5396 πα-

414 5433 582 5488 θόντα
604 5437 702 5490 καὶ
732 5436 992 5490 τοιούτων
1021 5453 1082 5490 σε
1123 5436 1291 5491 πάλιν
1338 5435 1782 5503 καταξιώσαντα,
1826 5433 2003 5506 (κοινὴ

416 5527 527 5598 γὰρ
559 5525 871 5598 ἀνθρώποις
906 5527 1099 5600 ὥσπερ
1146 5530 1180 5600 ὴ
1224 5529 1476 5584 ἀπώλεια
1521 5530 1807 5600 πρότερον,
1860 5527 2005 5581 οὕτω

417 5619 514 5673 καὶ
543 5619 578 5687 ἡ
609 5617 946 5689 ἐλευθερία),
993 5620 1185 5673 τοῦτον
1213 5620 1375 5683 αὐτὸς
1423 5619 1632 5679 ἀθετῶν
1654 5618 1748 5673 καὶ
1793 5620 1871 5682 εἰς
1913 5618 2006 5672 τὸν

417 5710 635 5766 ἐκείνου
675 5711 913 5784 σταυρὸν
966 5711 1354 5767 ἀποσκώπτων
1407 5713 1571 5767 ποίαν
1606 5709 2005 5783 ἀγνωμοσύνης

419 5802 738 5877 ὓπερϐολὴν
756 5803 1141 5870 καταλείπεις;
1174 5803 1311 5859 Ἰσθι
1337 5804 1516 5860 τοίνυν
1555 5805 1631 5868 ῶς
1651 5804 1714 5858 οὐ
1740 5804 2007 5873 κοινωνήο

427 5897 596 5972 σομιν
630 5913 714 5954 σοι
749 5897 848 5971 τῆς
876 5898 1139 5971 τοιαύτης
1171 5898 1520 5970 ἀχαριστίας,
1568 5898 1689 5954 οὐδὲ
1722 5898 1812 5953 τὸν
1864 5897 2002 5969 ἠμέν

2102 4695 2324 4749 vidisset
2370 4707 2509 4761 opus
2554 4707 2776 4746 suarum
2824 4706 3108 4756 manuum,
3171 4688 3340 4746 Deum
3397 4704 3520 4747 esse
3571 4702 3698 4744 nom

2102 4795 2345 4848 mutans,
2379 4780 2529 4853 quod
2556 4781 2778 4852 quidem
2806 4788 2946 4846 erat,
2978 4780 3155 4836 iactus
3186 4789 3271 4834 est
3310 4787 3538 4849 propter
3580 4791 3698 4834 nos

2102 4877 2240 4932 citra
2273 4884 2556 4946 peccatum
2601 4873 2692 4942 id,
2722 4873 2869 4944 quod
2914 4888 3037 4929 nos.
3065 4871 3314 4941 Cumque
3363 4884 3584 4926 crucem
3627 4879 3686 4924 et

2102 4979 2336 5025 mortem
2373 4983 2469 5024 sua
2499 4975 2698 5038 sponte
2733 4964 3020 5031 subiisset,
3051 4973 3106 5020 et
3134 4964 3474 5036 superiorem
3500 4960 3686 5017 inimi-

2103 5078 2228 5118 cum
2279 5071 2472 5118 nostro
2524 5076 2725 5132 genere
2783 5059 3098 5131 prostravit,
3170 5066 3226 5112 et
3270 5057 3430 5114 nobis
3468 5055 3539 5114 ab
3595 5055 3696 5112 illa.

2102 5155 2300 5211 acerba
2330 5155 2564 5210 servatis
2588 5152 2921 5217 calamitate,
2951 5151 3187 5224 benigne
3217 5152 3460 5223 priorem
3505 5147 3688 5206 reddi-

2103 5248 2184 5303 dit
2221 5246 2526 5303 libertatcm
2551 5263 2567 5310 ;
2597 5257 2654 5300 ct
2685 5247 2833 5300 unde
2864 5244 3172 5300 excidimus
3212 5252 3434 5315 propter
3489 5241 3693 5298 inobs-

2103 5343 2396 5406 dientiam,
2429 5340 2558 5396 illuc
2591 5355 2694 5395 nos
2733 5337 3196 5408 reduxitpmpter
3239 5351 3397 5392 suam
3437 5335 3686 5390 clemen-

2106 5435 2256 5490 tiam.
2294 5435 2431 5489 Eum
2466 5441 2678 5498 autem,
2700 5431 2795 5503 qui
2826 5441 3056 5502 propter
3091 5438 3143 5485 te
3168 5428 3296 5484 talia
3325 5443 3523 5498 passus
3561 5425 3683 5482 fue-

2103 5535 2207 5584 rat.
2233 5525 2396 5594 idque
2431 5538 2554 5579 cum
2577 5530 2724 5578 esset
2752 5522 2910 5588 Deus,
2943 5529 2999 5576 et
3018 5531 3068 5576 te
3089 5523 3258 5577 tantis
3279 5519 3444 5574 rebus
3458 5519 3684 5591 dignum

2103 5627 2397 5675 censuerat
2443 5614 2778 5690 [communis
2815 5623 2899 5670 est
2926 5617 3072 5670 enim
3128 5612 3467 5678 hominibus,
3538 5610 3684 5668 sicut

2106 5712 2261 5782 prius
2290 5707 2568 5776 interitus,
2597 5710 2670 5764 ita
2705 5723 2852 5764 nunc
2886 5704 3177 5778 libertas}.
3212 5712 3269 5760 tu
3323 5703 3500 5774 ipsum
3551 5719 3686 5758 con-

2107 5812 2385 5865 temnens.
2420 5812 2475 5856 et
2507 5817 2726 5857 crucem
2757 5801 2903 5856 illius
2938 5799 3144 5864 ridens,
3173 5798 3450 5869 quomodo
3488 5812 3595 5851 non
3628 5810 3688 5850 es

2109 5896 2268 5968 longe
2296 5892 2736 5967 ingratissimus?
2763 5892 2915 5950 Scias
2944 5908 3072 5966 ergo
3105 5908 3204 5950 nos
3228 5907 3336 5948 non
3355 5891 3567 5949 futuros
3591 5888 3686 5947 tibi
