4060 6470
384 391 518 456 1021

1343 392 1806 454 MARTYRIUM
1843 393 1950 454 SS.
1985 392 2250 454 SERGII
2292 391 2390 455 ET
2430 393 2724 459 BACCHI.

3511 396 3648 465 1022

378 501 602 552 πείσειν
649 498 851 562 αὐτοὺς
891 487 1246 572 βουληθῆναι,
1291 502 1478 564 ὁποῖος
1521 501 1586 572 δὴ
1625 487 1944 571 Μαξιμιανὲ.

2071 501 2428 568 sententiam,
2493 510 2682 572 utpote
2765 501 2912 572 quod
2989 501 3059 558 ad
3110 501 3228 559 huic
3285 505 3644 576 excogitanda

376 591 680 663 τεχνᾶσθαι
726 591 902 646 ταῦτα
959 592 1260 665 βαρύτατός
1305 610 1366 646 τε
1403 594 1496 646 καὶ
1543 591 1959 656 ποικιλώτατος.

392 682 558 738 ’Δλλά
611 682 878 748 τοιούτοις
935 685 1034 756 μὲν
1062 687 1092 739 ό
1151 685 1449 756 ⁹Δνσείοχος,
1495 686 1690 758 ὥσπερ
1725 686 1963 756 ἔφημεν,

383 776 734 848 θελκτηρίοις
774 777 1144 832 ὑποκλέπτειν
1173 779 1243 833 τά
1285 779 1482 848 πρῶτα
1538 778 1720 848 λόγοις
1767 780 1965 844 αὐτοὺς

377 871 681 941 ἐπειρᾶτος
715 867 846 924 Εἶτα
877 871 1192 940 προσετίθει
1213 871 1272 924 τὸ
1299 872 1393 925 καὶ
1415 873 1528 935 τοῖς
1561 872 1964 943 φοϐερωτέροις

377 962 476 1017 τοῦ
511 961 716 1016 σκοποῦ
759 964 1144 1032 μετακινῆσαι,
1173 963 1270 1018 καὶ
1292 967 1394 1036 τῆς
1423 967 1725 1034 ὲργάσεως,
1759 967 1820 1019 Ei
1852 966 1962 1036 γὰρ

381 1054 458 1122 μὴ
517 1053 830 1124 πεισθείητε
885 1070 1010 1125 μου,
1067 1055 1268 1122 λέγων,
1352 1059 1480 1119 ταῖς
1545 1059 1960 1126 παραινέσεσιν,

375 1146 599 1217 ἀνάγκη
647 1165 738 1218 μοι
791 1147 1014 1211 πάντως
1054 1148 1206 1202 ἔσται
1238 1149 1333 1204 καὶ
1380 1148 1451 1202 τά
1499 1150 1958 1218 προστεταγμένα

378 1242 557 1293 ποιεῖν
578 1253 592 1269 ⁸
641 1241 738 1292 καὶ
776 1239 851 1302 ὡς
878 1239 1072 1308 ἐχθρὸν
1105 1243 1306 1310 μᾶλλον
1327 1244 1390 1312 τῇ
1435 1241 1682 1314 ὑμετέρᾳ
1726 1243 1962 1313 προσφέέ

377 1328 570 1399 ρεσθαι
590 1330 1065 1403 μεγαλοπρεπείᾳ,
1083 1331 1194 1385 Καὶ
1213 1331 1378 1396 πολὺς
1400 1327 1467 1400 ἦν
1487 1333 1689 1402 ἑφεξῆς
1713 1337 1824 1396 τοῖς
1849 1333 1958 1386 τῶν

375 1419 755 1492 κολαστηρίων
785 1421 1018 1492 ὀνόμασι
1064 1424 1156 1476 καὶ
1209 1425 1331 1487 ταῖς
1398 1424 1671 1488 ἀπειλαῖς.
1711 1426 1855 1479 Ἀλλ’
1905 1429 1955 1480 οἰ

372 1511 525 1580 ἅγιοι
559 1513 841 1583 μάρτυρες
887 1512 1012 1567 οὔτε
1064 1513 1336 1579 θωπείαις
1379 1515 1802 1587 μαλαττόμενοι,
1831 1517 1954 1572 οὔτε

372 1607 636 1669 ἀπειλαῖς
687 1607 1136 1678 ταπεινούμενοι,
1181 1609 1306 1671 Τοῖς
1350 1608 1446 1662 τὸν
1486 1610 1724 1680 Χριστὸν
1769 1611 1950 1682 μόνον,

371 1695 554 1764 εἶπον,
585 1692 632 1752 ὧ
653 1700 910 1767 δικαστὰ,
936 1701 1028 1754 καὶ
1061 1699 1160 1769 τὴν
1186 1701 1322 1772 παρ’
1364 1701 1514 1774 αὐτῷ
1560 1705 1952 1775 κρυπτομένην

371 1791 522 1860 ζωὴν
549 1792 806 1863 κερδᾶναι
831 1793 1244 1864 προελομένοις,
1263 1795 1388 1850 οὐδε
1399 1795 1482 1859 νὸς
1502 1796 1654 1865 μέλει
1674 1798 1782 1850 τῶν
1798 1799 1950 1868 ῥεόν-

367 1901 483 1939 των
526 1885 733 1940 τούτων
783 1887 877 1940 καὶ
922 1888 1324 1959 φθειρομένων,
1353 1891 1414 1944 οὐ
1444 1890 1633 1961 τιμῆς,
1675 1891 1735 1944 οὐ
1768 1891 1947 1962 δόξης,

368 1979 430 2030 οὐ
483 1978 820 2048 δυναμένωνι
859 1980 964 2033 Ἴδε
997 1983 1128 2051 γὰρ,
1173 1985 1357 2052 ἡμεῖς,
1405 1983 1500 2038 καὶ
1551 1985 1796 2039 ἀπειλῶν
1840 1985 1951 2039 τῶν

320 2104 338 2112 -
373 2070 528 2140 παρὰ
595 2069 692 2123 σοῦ
743 2071 838 2124 καὶ
870 2071 1174 2126 κολακειῶν
1225 2075 1427 2144 ἐπίσης
1473 2075 1948 2147 καταφρονοῦμεν,

368 2161 467 2213 καὶ
491 2161 705 2226 οὐδενὸς
727 2163 863 2226 ὅλως
887 2164 996 2218 τῶν
1023 2166 1304 2238 ὑμετέρων
1327 2169 1708 2238 φροντίζομεν.
1733 2170 1950 2226 Παῦσαι

369 2258 674 2328 τοιγαροῦν
705 2258 922 2328 πονηρά
953 2260 1095 2313 κατὰ
1125 2261 1216 2312 τὸν
1257 2261 1384 2328 ὅφιν
1445 2264 1580 2332 ἡμῖν
1634 2265 1726 2322 καὶ
1783 2265 1950 2328 αὐτὸς

371 2344 784 2417 συμϐουλεύων.
828 2349 1078 2419 Ὀρῶμεν
1117 2353 1227 2423 γὰρ
1262 2353 1368 2406 ὑπὸ
1403 2353 1472 2407 τὰ
1518 2355 1672 2427 χείλη
1730 2373 1824 2410 σου
1854 2355 1948 2410 τὸν

372 2440 476 2502 ιθιν.
505 2441 600 2494 καὶ
646 2439 736 2494 διὰ
773 2441 937 2495 τοῦτο
963 2445 1058 2498 καὶ
1112 2445 1214 2515 τὴν
1244 2447 1563 2520 συμϐουλὴν
1597 2450 1674 2512 ὡς
1702 2450 1947 2522 χαλεπὴν

360 2527 533 2587 οὖσαν
563 2534 860 2604 ἐπιϐουλὴν
891 2538 1292 2608 ἐκτρεπόμεθα.
1329 2540 1420 2611 Μὴ
1475 2541 1658 2596 τοίνυν
1689 2543 1947 2610 ἐξαπατῶ

362 2627 458 2678 τὸν
494 2630 685 2697 καιρὸν
711 2629 791 2689 είς
820 2629 1002 2699 μάτην
1029 2631 1340 2686 ἀναλίσκων
1367 2635 1462 2686 καὶ
1508 2636 1682 2689 κενῶν
1712 2637 1945 2694 ἐλπίδων

362 2716 644 2786 διόμενος.
698 2717 838 2772 Οὔτε
880 2719 990 2790 γὰρ
1013 2719 1259 2787 κολάζων
1299 2725 1574 2796 αίρήσεις,
1623 2725 1748 2780 οὕτε
1784 2730 1944 2782 ἀπει-

363 2810 469 2862 λῶν
506 2809 716 2874 πείσεις
765 2812 1096 2866 καταλιπεῖν
1131 2815 1224 2867 τὸν
1283 2815 1465 2878 ζῶντα
1525 2818 1681 2884 Θεὸν,
1720 2819 1940 2888 δαίμοσι

362 2902 423 2952 δὲ
473 2903 683 2970 κωφοῖς
735 2904 830 2958 καὶ
887 2905 1245 2975 ἀναισθήτοις
1288 2908 1482 2963 ουσίαν
1526 2917 1939 2982 προσενεγκεῖν.

371 2993 540 3062 Ἡμῖν
569 2994 682 3066 γὰρ
717 2998 812 3050 καὶ
847 2999 910 3051 τὸ
945 3000 1037 3052 διὰ
1081 3001 1322 3072 Χριστὸν
1351 3003 1576 3071 ἀγαθὸν,
1631 3008 1724 3060 καὶ
1763 3007 1825 3060 τὸ
1871 3008 1941 3062 δι’

363 3086 529 3139 αὐτὸν
563 3087 730 3142 πάλιν
782 3090 1078 3147 ἀποθανεῖν
1103 3093 1314 3164 κέρδος.
1362 3097 1435 3150 Σὺ
1482 3096 1540 3150 δὲ
1585 3098 1702 3152 ἀλλ’
1743 3099 1845 3152 οὐκ
1873 3100 1942 3155 ἂν

2069 591 2426 649 Maximianus
2463 603 2611 649 esset
2649 591 2974 649 vaferrimas
3029 604 3085 650 et
3145 595 3643 667 ingeniosissimus.

2066 680 2176 739 Sed
2213 683 2303 740 his
2348 685 2570 754 quidem
2626 685 2841 742 blandis
2883 695 2942 743 et
2995 686 3405 758 pellicientibus
3461 689 3644 746 verbis

2063 776 2217 847 prius
2274 778 2578 834 conabatur
2625 793 2720 833 eos
2775 777 2982 834 inicere
3049 779 3376 836 Antiochus.
3435 781 3644 838 Deinde

2063 880 2296 927 conatus
2328 883 2412 928 est
2433 873 2598 928 etiam
2621 879 2834 928 terrore
2863 885 2961 929 eos
2987 889 3016 928 a
3048 890 3218 946 scopo
3246 876 3533 931 traducere
3584 884 3643 931 et

2063 963 2372 1018 constantia
2399 979 2414 1017 :
2442 961 2500 1018 Si
2531 963 2677 1018 enim
2710 965 2865 1030 mela,
2922 964 3134 1029 dicens,
3194 982 3304 1022 non
3343 966 3640 1037 parueritis

2063 1056 2566 1122 adhortationibus,
2615 1057 2722 1112 erit
2750 1058 2883 1112 mihi
2925 1060 3153 1114 omnino
3182 1073 3410 1114 necesse
3459 1057 3639 1114 facere

2059 1164 2182 1218 quae
2218 1156 2347 1202 sunt
2386 1147 2649 1218 imperata
2687 1155 2702 1202 ι
2741 1157 2796 1204 et
2846 1165 2954 1213 me,
3009 1159 3264 1221 tanquam
3327 1151 3634 1215 inimicum,

2059 1255 2247 1311 gerere
2296 1241 2354 1294 in
2401 1250 2639 1296 vestram
2705 1242 3188 1311 magniﬁcentiam.
3238 1241 3304 1297 Et
3354 1252 3477 1314 post
3522 1244 3638 1298 haec

2061 1331 2270 1386 multus
2303 1331 2409 1386 fuit
2436 1333 2490 1386 in
2518 1333 2908 1388 enumerandis
2960 1334 3274 1389 nominibus
3329 1343 3638 1390 tormento-

2057 1437 2201 1484 runn
2232 1432 2287 1477 et
2333 1424 2499 1479 minis
2545 1423 2902 1478 intentandis.
2958 1424 3064 1478 Sed
3113 1425 3285 1478 sancti
3341 1435 3635 1499 “inartyrcs,

2057 1529 2239 1584 neque
2266 1515 2548 1571 blanditiis
2572 1514 2830 1578 emolliti,
2867 1529 3050 1584 neque
3097 1516 3260 1571 minis
3286 1516 3483 1587 dejecti
3507 1535 3522 1571 :
3542 1517 3633 1582 lis,

2055 1609 2338 1672 dixerunt,
2360 1610 2451 1679 qui
2505 1608 2787 1664 Christum
2838 1608 3034 1675 solum,
3076 1624 3108 1662 o
3149 1608 3333 1678 iudex.
3392 1617 3449 1663 et
3516 1623 3637 1677 qua:

2053 1700 2198 1770 apud
2222 1700 2402 1769 ipsum
2426 1700 2692 1755 absconsa
2722 1708 2826 1765 est,-
2858 1704 3024 1754 vitam
3075 1699 3270 1754 lucrati
3317 1700 3632 1762 statuerint,

2053 1794 2191 1848 nihil
2227 1802 2312 1849 est
2339 1808 2484 1848 cura:
2511 1808 2578 1848 ex
2629 1792 2696 1848 iis
2725 1805 2847 1862 quae
2871 1792 3047 1847 lluunt
3071 1802 3128 1847 et
3151 1794 3429 1847 intereunt
3449 1831 3464 1854 ,
3521 1807 3633 1846 non

2053 1887 2253 1952 honor,
2276 1901 2386 1942 non
2419 1885 2610 1958 gloria,
2648 1899 2759 1939 non
2797 1884 3060 1953 potentia,
3099 1887 3210 1938 non
3237 1884 3443 1954 aliquid
3479 1882 3634 1938 aliud

2053 1988 2264 2044 eorum,
2297 1995 2418 2048 qua:
2445 1987 2540 2032 aut
2567 1976 2880 2033 demulcere
2915 1983 3169 2047 possunt,
3233 1985 3329 2030 aut
3384 1973 3631 2030 molestia

2052 2071 2287 2126 allicere.
2328 2069 2440 2124 Nos
2467 2069 2614 2125 enim
2641 2079 2693 2124 et
2737 2080 2857 2124 tuas
2901 2069 3102 2134 minas,
3137 2077 3195 2124 et
3229 2067 3520 2123 blanditias
3565 2081 3630 2120 ex

2050 2180 2208 2234 aequo
2245 2163 2674 2219 contemnimus.
2703 2161 2870 2216 Cessa
2900 2176 3030 2232 ergo
3072 2166 3131 2215 tu
3183 2173 3425 2230 quoque,
3487 2156 3632 2212 sicut

2053 2271 2284 2327 serpens
2319 2254 2482 2312 nobis
2505 2254 2646 2308 mala
2672 2252 2986 2310 consulere.
3015 2252 3280 2308 Videmus
3297 2251 3445 2306 enim
3477 2249 3629 2304 virus

2051 2349 2154 2404 sub
2191 2348 2297 2402 tuis
2324 2347 2494 2402 labris
2524 2365 2538 2401 :
2571 2355 2626 2402 et
2649 2347 2772 2401 ideo
2821 2345 3110 2401 consilium
3157 2353 3310 2399 tuum
3369 2353 3628 2412 tanquam

2051 2450 2246 2513 graves
2274 2454 2597 2496 aversamur
2618 2439 2871 2494 insidias.
2898 2436 2977 2493 Nc
3019 2451 3154 2508 ergo
3207 2435 3438 2496 fallaris,
3485 2443 3628 2488 ten»

2051 2550 2152 2604 pus
2193 2535 2398 2589 frustra
2433 2544 2785 2591 consumens.
2826 2539 2882 2584 et
2918 2544 2948 2583 a
3008 2542 3148 2582 vana
3189 2541 3286 2596 spe
3323 2523 3572 2595 pendens
3611 2539 3626 2575 :

2049 2642 2230 2697 neque
2257 2627 2407 2682 enim
2449 2626 2684 2696 puniens
2740 2619 3122 2692 expugnabis,
3182 2631 3364 2687 neque
3411 2616 3631 2670 minans

2051 2720 2428 2792 persuadebis,
2466 2727 2523 2774 ut
2555 2717 2831 2772 viventem
2856 2714 3075 2783 quidem
3125 2713 3297 2767 Deum
3354 2709 3633 2778 relinqua-

2050 2829 2196 2878 mus,
2221 2811 2564 2867 daemonibus
2587 2817 2774 2863 autem
2801 2805 2988 2861 surdis
3004 2813 3059 2860 ct
3080 2803 3231 2858 nullo
3278 2816 3445 2858 sensu
3497 2813 3632 2870 prmo

2048 2906 2178 2961 ditis
2207 2905 2516 2960 oﬂ'eramus
2551 2900 2904 2956 sacriﬁcium.
2932 2897 3105 2953 Nobis
3133 2895 3279 2951 enim
3303 2903 3358 2948 et
3407 2901 3630 2962 propter

2046 2998 2327 3054 Citristum
2378 2996 2582 3058 vivere,
2632 3002 2720 3047 est
2762 2992 3018 3047 bonum:
3063 2997 3120 3044 et
3171 2996 3394 3057 propter
3448 2986 3626 3053 ipsum

2046 3101 2240 3148 rursus
2273 3090 2435 3154 mori,
2470 3089 2709 3142 lucrum.
2741 3085 2824 3140 Tu
2862 3091 3044 3140 autem
3071 3081 3211 3137 nihil
3242 3081 3350 3135 tale
3384 3077 3634 3148 potueris

356 3177 504 3248 ὄχοις
527 3197 578 3234 τι
604 3183 698 3237 καὶ
719 3185 882 3248 αὐτὸς
911 3187 1156 3241 τοιοῦτον
1177 3206 1242 3242 πε
1251 3191 1301 3256 pi
1336 3190 1444 3242 τῶν
1463 3192 1684 3245 οῗκείων
1703 3191 1940 3248 εἰδώλων

2049 3185 2230 3241 dicere
2263 3183 2332 3236 de
2357 3181 2465 3235 tuis
2504 3179 2836 3234 simulacris.
2879 3172 3017 3231 Vere
3075 3174 3221 3230 enim
3287 3180 3415 3228 sunt
3453 3191 3472 3223 ι
3541 3187 3630 3224 ar-

354 3271 556 3328 ιίπεῖν.
596 3273 839 3343 Ἀληθῶς
862 3278 974 3348 γὰρ
990 3280 1253 3351 ἀργύριόν
1273 3284 1380 3336 εἱσι
1411 3284 1506 3338 καὶ
1533 3286 1756 3356 χρυσίον
1777 3286 1936 3359 ἔργα,

356 3365 566 3435 χειρῶν
597 3367 926 3440 ἀνθρώπων,
951 3373 1106 3426 οὐδὲν
1130 3374 1260 3438 τοὺς
1288 3377 1370 3438 εἰς
1415 3377 1556 3431 αὐτά
1605 3379 1938 3443 πεποιθότας

353 3459 568 3527 ὼνῆσαι
597 3460 899 3532 δυνάμενα.
937 3455 1157 3533 Ὅμοιοι
1182 3467 1368 3530 αὐτοῖς
1391 3470 1634 3538 γένοιντο
1655 3472 1705 3524 oi
1735 3473 1941 3539 τιμῶν-

353 3564 451 3612 τες
482 3551 645 3615 αὐτὰ,
681 3553 775 3606 καὶ
805 3553 1008 3618 πάντες
1032 3557 1082 3608 οἱ
1118 3557 1443 3623 πεποιθότες
1470 3562 1560 3613 ἐπ’
1585 3561 1795 3626 αὐτοῖς.

427 3639 528 3696 II".
563 3641 622 3695 Ὀ
637 3643 764 3709 δοὺξ
785 3645 964 3699 τοίνυν
989 3648 1217 3702 τοιαῦτα
1236 3649 1485 3719 φανερῶς
1504 3650 1935 3722 φθεγξαμένους,

353 3736 453 3790 καὶ
483 3735 656 3798 οὕτως
685 3738 1014 3810 ἐλευθερίως
1048 3742 1275 3810 ἔχοντας
1308 3744 1440 3807 τοὺς
1473 3747 1755 3812 γενναίους
1789 3747 1935 3814 ἰδὼν,

354 3829 453 3880 καὶ
488 3829 647 3894 γνοὺς
683 3829 759 3892 ὡς
789 3832 890 3885 οὐκ
917 3833 982 3886 ἄν
1011 3850 1141 3886 ποτε
1169 3833 1346 3902 λόγοις
1378 3836 1578 3900 αὐτοὺς
1604 3843 1936 3908 μεταπεῖσαι

354 3919 611 3992 δυνηθείη
646 3925 786 3992 πρὸς
814 3924 911 3994 τὴν
938 3925 1026 3978 διὰ
1061 3925 1312 3995 βασάνων
1349 3931 1545 3998 πεῖραν
1582 3931 1811 4002 ἐχώρειο
1845 3936 1937 3987 καὶ

352 4015 450 4066 τὸν
496 4016 597 4084 μὲν
654 4020 928 4088 μακάριον
981 4021 1213 4092 Σέργιον
1268 4023 1656 4096 ἀσφαλεστάτῃ
1720 4029 1939 4100 φρουρᾷ

354 4111 648 4178 παρεδίδου
709 4113 888 4184 τούτῳ
951 4115 1115 4184 δῆθεν
1175 4117 1544 4186 ἀμειϐόμενος
1617 4120 1782 4173 αὐτὸν
1835 4123 1937 4191 τῆς

353 4206 682 4275 εὐεργεσίας
715 4220 733 4238 ⁶
762 4209 854 4261 τὸν
894 4209 1105 4278 Βάκχον
1132 4209 1190 4263 δὲ
1237 4210 1327 4262 διὰ
1357 4214 1644 4282 τεσσάρων
1697 4217 1936 4284 ἰσχυρῶς

354 4296 678 4361 ἑκταθέντα,
712 4299 1027 4371 βουνεύροις
1052 4300 1220 4369 ὠμῶς
1244 4301 1465 4354 ἐκέλευε
1487 4304 1931 4369 καταξαίνεσθαι.

368 4388 513 4444 Ἀλλ’
545 4387 612 4461 ἦν
645 4392 776 4445 ἰδεῖν
810 4394 1038 4463 γνώμην
1067 4393 1252 4464 πολλῷ
1283 4394 1501 4460 φύσεως
1549 4400 1931 4470 ἰσχυροτέραν,

355 4486 453 4536 καὶ
487 4486 809 4557 προαίρεσιν
841 4487 1165 4555 σωματικῆς
1194 4490 1380 4558 πάσης
1410 4489 1530 4559 βίας
1563 4491 1928 4564 ὑψηλοτέραν.

2048 3286 2270 3352 sentum
2301 3283 2356 3330 et
2378 3285 2596 3336 aurum,
2623 3286 2796 3342 opera
2821 3284 3079 3324 manuum
3104 3265 3390 3322 hominum
3406 3265 3482 3331 ⁸,»
3509 3277 3630 3332 quae

2048 3368 2187 3424 nihil
2230 3365 2742 3437 possuntprodesse
2770 3362 2858 3428 iis,
2887 3360 2980 3431 qui
3008 3360 3063 3414 in
3089 3357 3223 3426 ipsis
3243 3370 3402 3411 suam
3457 3353 3630 3410 collo-

2045 3470 2245 3517 carunt
2267 3459 2544 3513 ﬁduciam.
2586 3455 2808 3510 Similes
2835 3468 2963 3522 ergo
2996 3452 3078 3506 eis
3107 3452 3240 3505 [lant
3269 3449 3331 3514 ii,-
3351 3447 3447 3518 φή
3511 3447 3628 3517 ipsa

2045 3552 2252 3614 colunt,
2285 3559 2340 3605 et
2368 3565 2562 3604 omnes
2613 3548 2706 3618 qui
2737 3546 3022 3602 conﬁdunt
3051 3545 3107 3598 in
3136 3544 3240 3598 eis.
3558 3620 3561 3623 _

2119 3643 2258 3698 XIII.
2294 3642 2430 3696 Cum
2451 3656 2579 3711 ergo
2596 3641 2706 3695 dux
2733 3639 2962 3693 vidisset
3004 3651 3101 3692 eos
3147 3644 3257 3691 tam
3313 3638 3505 3704 aperte
3543 3630 3625 3688 Id-

2046 3748 2222 3800 cuzos,
2253 3743 2511 3803 tantaque
2531 3746 2654 3788 esse
2720 3731 2981 3802 praeditos
3049 3729 3300 3784 libertate
3347 3737 3405 3782 et
3456 3724 3623 3780 animi

2045 3826 2458 3900 magnitudine;
2513 3834 2568 3880 et
2615 3823 2980 3878 intellexisset
3029 3821 3145 3876 ﬁeri
3203 3835 3313 3874 non
3362 3832 3523 3888 posse
3565 3824 3627 3871 ut

2045 3923 2230 3980 verbis
2262 3923 2343 3976 eis
2375 3919 2748 3989 persuaderet,
2779 3917 3045 3987 processit
3091 3912 3161 3968 ad
3201 3911 3504 3982 periculum
3527 3913 3625 3978 per

2045 4023 2318 4076 wrmenta
2351 3990 2703 4070 faciendum:
2739 4022 2794 4066 et
2830 4011 3048 4066 beatum
3101 4006 3322 4076 quidem
3371 4003 3623 4072 Sergium

2043 4113 2099 4166 in
2159 4107 2486 4164 tutissimam
2547 4105 2770 4160 tradidit
2833 4101 3162 4166 custodiam,
3216 4114 3317 4170 pro
3393 4105 3624 4164 accepto

2042 4201 2318 4260 beneﬁcio
2347 4215 2474 4255 eum
2510 4198 2593 4253 sic
2618 4210 3020 4252 remunerans:
3056 4193 3326 4248 Bacchum
3351 4199 3538 4245 autem
3590 4203 3622 4241 a

2041 4307 2282 4367 quatuor
2307 4293 2526 4350 fortiter
2549 4302 2864 4351 extensum.
2893 4290 3056 4344 boum
3079 4287 3264 4342 ncrvis
3301 4284 3464 4354 jussit
3485 4279 3624 4336 caadi

2043 4389 2360 4446 crudeliter.
2393 4386 2498 4441 Sed
2535 4385 2740 4440 licebat
2779 4382 2964 4437 videre
3011 4393 3250 4435 mentem
3315 4379 3473 4448 longe
3517 4389 3625 4428 na-

2046 4496 2168 4543 tura
2199 4485 2508 4544 l'ortiorem,
2532 4487 2588 4534 et
2619 4475 2787 4532 animi
2816 4476 3127 4530 institutum
3157 4474 3208 4526 vi
3257 4473 3450 4541 quavis
3499 4487 3627 4527 cora

355 4550 669 4647 Μέρη-μὲν.
703 4580 811 4648 γὰρ
849 4550 943 4632 tofi
977 4550 1248 4648 nava'yiou
1283 4550 1534 4651 σῶμα-τος
1572 4550 1783 4638 ἐκείνου
1806 4550 1937 4652 ’ταῖς

2049 4581 2195 4653 poris
2225 4575 2519 4633 excelsius.
2544 4573 2678 4627 Nam
2703 4567 3036 4624 sanctissimi
3067 4565 3286 4634 quidem
3319 4564 3463 4619 illius
3505 4579 3631 4619 cor-

357 4669 620 4736 μάστιξιν
670 4672 1072 4740 ἀποσπώμενα,
1130 4673 1266 4742 πρὸς
1319 4662 1483 4727 dimov
1543 4676 1680 4746 ἀέρα
1731 4677 1940 4750 διερῤι-

357 4763 633 4818 πτοῦντοο
687 4765 942 4834 αἱμάτων
977 4765 1034 4818 δὲ
1081 4767 1225 4820 κατὰ
1266 4769 1368 4836 γῆς
1409 4769 1668 4838 ἐφέροντο
1703 4770 1928 4840 ῥύακες,

357 4858 460 4909 καὶ
489 4857 776 4926 σπλάγχνα
810 4857 912 4927 μὲν
949 4859 1061 4912 τῶν
1095 4860 1319 4928 σαρκῶν
1352 4862 1688 4930 ἐγυμνοῦντο
1715 4865 1815 4932 τὴν
1839 4865 1940 4932 τῆς

356 4951 576 5018 φύσεως
631 4952 800 5022 αὐτῆς
844 4952 1138 5007 διάπλασιν
1181 4957 1297 5019 τοῖς
1351 4939 1618 5024 παροῦσιν
1668 4957 1942 5010 ἀνακαλύ-

355 5060 587 5098 πτοντα.
621 5043 783 5114 Ψυχὴ
813 5044 869 5099 δὲ
906 5046 1000 5100 καὶ
1027 5045 1168 5117 αὐτὴ
1220 5047 1513 5101 ἀπολιπεῖν
1552 5048 1646 5101 τὸν
1693 5047 1934 5118 ἀθλητὴν

353 5137 496 5199 ὅλως
523 5139 885 5210 ἐπειγομένη.
933 5139 1085 5207 ὅμως
1144 5139 1380 5210 ἐπέμενε
1413 5142 1508 5194 καὶ
1552 5140 1773 5204 πλείους
1820 5140 1943 5194 ἑπι-

353 5227 601 5300 ζητοῦσα
631 5232 908 5295 κολάσεις,
957 5233 1045 5286 ἵνα
1096 5231 1530 5320 φιλοτιμδοτίρων
1567 5235 1785 5298 πάντως
1820 5236 1942 5288 ἐπιε-

351 5325 495 5394 τύχῃ
527 5325 747 5379 καὶτῶν
776 5325 1067 5394 βραϐείων.
1103 5325 1368 5397 Ἐχαιρον
1401 5325 1625 5393 ἄγγελοι
1650 5326 1942 5396 τὴνὺπερι

357 5415 475 5482 ιρυᾶ
506 5415 602 5467 τοῦ
659 5415 940 5486 μάρτυρος
996 5418 1300 5487 καρτερίαν
1351 5416 1609 5487 ὁρῶντες.
1675 5419 1771 5470 Ἦν
1797 5417 1938 5471 ῶντο

352 5506 609 5576 δαίμονές
631 5525 692 5562 τε
727 5509 939 5563 ιαυτῶν
987 5506 1162 5581 ἧτταν
1203 5510 1311 5564 ὑπὸ
1333 5513 1456 5574 ταῖς
1509 5511 1730 5564 πάντων
1777 5509 1938 5578 ὕψεσι

354 5599 812 5671 θριαμϐεύοντες.
878 5604 1342 5676 ’Δπαγορεύοντες
1397 5605 1446 5658 οἱ
1491 5603 1677 5674 δήμιοι
1731 5607 1796 5673 τῇ
1865 5607 1935 5674 γῇ

355 5694 744 5750 κατεκλίνοντο
766 5713 782 5727 °
817 5699 915 5751 καὶ
940 5699 968 5750 ό
998 5697 1230 5769 μάρτυς,
1259 5693 1415 5762 εἶπες
1453 5697 1518 5752 ἂν
1567 5697 1733 5752 αὑτὸν
1764 5696 1935 5762 ὅντως

428 5830 448 5867 ⁵
510 5833 652 5890 Psal.
705 5850 852 5900 οτιιε,
916 5834 968 5889 4.

2041 4672 2194 4743 poris
2220 4677 2404 4738 partes
2422 4664 2626 4719 avulsae
2645 4660 2892 4731 ﬂagellis,
2921 4657 3336 4727 disjiciehantur
3359 4658 3417 4710 in
3444 4657 3627 4725 ipsum

2043 4775 2253 4823 aerem,
2288 4767 2385 4827 per
2408 4766 2610 4809 terram
2651 4763 2831 4806 autem
2879 4749 3202 4804 ferebantur
3246 4749 3346 4802 rivi
3401 4747 3625 4819 sangui-

2025 4857 2164 4911 nis:
2189 4851 2470 4906 etviscera
2505 4845 2726 4917 quidem
2757 4843 3105 4899 nudabantur
3140 4843 3418 4903 carnibus.
3450 4841 3629 4911 ipsius

2044 4955 2255 5003 natura:
2309 4939 2690 4996 fornntionem
2735 4935 3041 5006 aperientia
3091 4935 3160 4990 iis
3209 4934 3303 5003 qui
3355 4933 3620 5012 aderant:

2043 5040 2228 5094 anima
2279 5045 2487 5097 autem,
2529 5047 2650 5103 qum
2683 5031 2800 5098 ipsa
2835 5043 3055 5099 quoque
3085 5027 3348 5081 athletam
3397 5027 3626 5082 festina-

2041 5132 2136 5186 bat
2180 5128 2512 5197 relinquerc,
2552 5122 2856 5180 sustinebat
2896 5127 3101 5182 tamen,
3135 5118 3300 5171 etiam
3348 5118 3502 5185 plura
3542 5133 3631 5172 res

2037 5225 2268 5296 quirens
2297 5218 2588 5288 supplicia,
2633 5225 2692 5270 ut
2741 5214 2971 5269 omnino
2998 5211 3436 5266 Inuuilicentiora
3474 5223 3628 5267 assc-

2038 5327 2303 5390 queretur
2347 5313 2554 5392 bravia.
2602 5309 2952 5366 Laztabantur
2996 5304 3199 5372 angeli,
3246 5302 3496 5358 videntes
3527 5305 3626 5357 ads

2041 5410 2345 5466 mirabilem
2386 5406 2644 5474 martyris
2666 5399 3052 5456 constantiam.
3081 5395 3484 5450 Cruciabantur
3519 5394 3628 5448 da-

2044 5518 2259 5565 mones,
2313 5499 2460 5571 quod
2496 5507 2650 5569 parte
2697 5495 2765 5551 de
2794 5493 2878 5549 eis
2919 5489 3168 5554 victoria,
3219 5488 3274 5544 in
3319 5492 3625 5555 conspectu

2042 5597 2288 5652 omnium
2346 5589 2748 5665 quodammodo
2791 5587 3086 5642 duceretur
3147 5583 3202 5639 in
3257 5581 3622 5652 triumphum.

2043 5683 2290 5746 Lictorcs
2340 5686 2465 5743 fessi
2519 5684 2666 5740 humi
2689 5680 3108 5738 accumbebant.
3125 5680 3412 5749 Martyrem
3439 5680 3624 5730 autem
