4110 6450
384 397 528 465 1033

1351 401 1530 465 νιΤΑ
1564 402 1634 463 S.
1677 403 2025 467 DlONYSll
2070 405 2601 472 AREOPA’GITZE.

3487 406 3621 470 ίθἸ

386 526 669 589 ἐπιεικεῖς,
699 524 897 596 ἥμεροι
928 528 1041 589 τοῖς
1065 524 1254 590 ξένοις,
1277 528 1386 588 τοῖς
1416 525 1635 588 οἰκείοις
1662 523 1951 599 φιλάνθρωι

2061 525 2333 581 mansucti
2379 525 2765 596 hospitalibus,
2817 523 3037 593 benigni
3089 523 3144 578 in
3195 523 3514 588 familiares,
3566 533 3620 578 et

393 633 506 682 ποι,
542 616 849 688 χρηστότης
882 616 1064 681 αὑτοῖς
1098 618 1198 670 οὑκ
1238 616 1516 682 ἐπίδειξις,
1544 617 1965 689 ὑποκαθημένην

388 708 465 771 ὡς
488 707 557 761 τὰ
594 707 768 761 ’πολλὰ
799 709 904 780 τὴν
936 710 1238 780 σκαιότητα
1266 708 1489 781 ἔχουσα,
1519 709 1656 764 ἀλλά
1698 726 1751 763 τι
1794 710 1965 777 σαφὲς

390 796 640 868 γέννημα
668 797 769 866 τῆς
794 798 992 869 ψυχῆς,
1030 800 1123 853 καὶ
1150 801 1250 869 τῆς
1278 801 1426 855 ἔνδον
1474 803 1758 873 χαρακτὴρ
1788 802 1964 856 διαθέ-

391 905 548 953 σεως.
597 890 815 962 Ἐπειδὴ
839 890 895 943 δὲ
938 891 1193 964 Ἀθήνῃσι
1226 891 1437 957 Παῦλος
1463 893 1708 962 ἐγένετο,
1734 894 1825 947 καὶ
1853 897 1964 957 τοῖς

404 981 799 1054 Ἐπικουρείοις
826 982 893 1036 τὰ
927 984 1241 1055 Πυθαγόρου
1286 985 1608 1056 κρατύνουσι
1640 985 1958 1057 συμϐαλὼν,

388 1075 551 1145 ἔργου
575 1075 749 1144 εἴχετο
774 1074 852 1145 τῷ
893 1076 990 1146 τῆς
1017 1076 1269 1140 ἀσεϐείας
1292 1078 1485 1141 αὑτοὺς
1508 1078 1813 1148 ἀποστῆσαι
1838 1078 1963 1145 δογει

393 1164 606 1234 μάτων,
636 1166 730 1217 καὶ
774 1164 1082 1236 μεταθεῖναι
1117 1166 1251 1239 πρὸς
1287 1168 1388 1237 τὴν
1415 1167 1715 1232 εὐσέϐειαν,
1748 1168 1875 1230 τούς
1900 1183 1960 1220 τε

385 1255 495 1309 τῶν
518 1255 751 1310 είδὼλων
772 1258 1236 1329 καταστρέφεσθαι
1261 1259 1439 1323 ναοὺς,
1463 1260 1558 1312 καὶ
1586 1262 1767 1312 πεῖσαι
1803 1260 1959 1331 Ἀθη-

384 1346 574 1408 ναίους
602 1347 659 1399 ἐν
681 1347 745 1417 τῇ
770 1346 975 1419 ἐσχάτῃ
990 1349 1021 1417 ἡ
1032 1346 1173 1418 μέρᾳ
1195 1348 1295 1417 τῆς
1309 1349 1543 1419 κρίσεως
1560 1348 1960 1419 ἀναστήσεσθαι

388 1435 622 1505 μέλλειν,
642 1437 736 1489 xa‘t
749 1437 901 1500 δίκας
911 1437 1018 1490 τῶν
1036 1438 1217 1501 αὐτοῖς
1236 1439 1608 1509 εἰργασμένων
1625 1438 1958 1512 εἰσπραχθῆ-

387 1528 606 1582 σεσθαιο
642 1522 787 1582 οὑτοι
819 1528 897 1592 δὲ,
920 1528 1030 1581 τῶν
1068 1528 1241 1583 ἄλλων
1280 1530 1374 1582 ἀτε
1413 1529 1959 1602 δεισιδαιμονέστερον

384 1622 735 1692 διακείμενοι,
772 1621 867 1675 καὶ
893 1623 972 1685 εἰς
999 1620 1199 1683 πολλὰς
1236 1619 1395 1685 δόξας
1430 1621 1524 1673 καὶ
1556 1620 1767 1684 πίστεις
1804 1638 1958 1692 μερι-

386 1713 621 1784 ζόμενοι,
656 1710 1004 1783 μυκτηρίξειν
1032 1710 1193 1764 αὑτὸν
1215 1711 1547 1782 ἐπεχείρουν,
1571 1712 1772 1764 καινῶν
1796 1712 1957 1767 τινῶν

384 1806 481 1860 καὶ
512 1804 678 1872 ξένων
706 1804 994 1876 δαιμονίων
1021 1804 1360 1873 καταγγελέα
1389 1803 1699 1867 καλοῦντεςτ
1729 1804 1878 1868 ὅπως
1900 1804 1959 1859 δὲ

386 1896 464 1967 μὴ
491 1896 854 1967 μυκτηρισμῷ
881 1896 1037 1967 μόνον
1070 1896 1198 1968 παρ’
1231 1894 1408 1949 αὑτῶν
1443 1896 1706 1966 βάλλοιτο,
1740 1897 1877 1950 ἀλλά
1899 1913 1951 1951 τι

376 1988 605 2042 καὶτῶν
634 1986 871 2058 ἀνιαρῶν
908 1988 1173 2059 ὑποσταίη
1215 1987 1369 2050 δίκας
1400 1988 1506 2041 τῶν
1535 1988 1626 2041 ὑπ’
1649 1988 1814 2041 αὑτοῦ
1847 2005 1951 2058 κη-

382 2094 544 2148 ρυττο
551 2079 723 2150 μένων
734 2079 927 2143 διδοὺς,
941 2079 1321 2150 ἐπιλαϐόμενοι
1341 2080 1504 2133 αὑτοῦ
1521 2082 1613 2133 ἐπὶ
1632 2080 1722 2132 τὸν
1739 2081 1956 2152 Ἀρειον

381 2168 557 2238 πάγον
587 2170 822 2239 ἤγαγον⁹
853 2170 911 2232 ὃς
932 2170 1093 2234 τόπος
1124 2170 1221 2242 μὲν
1251 2166 1320 2241 ἦν
1349 2170 1690 2241 συναγωγῆς,
1724 2171 1816 2223 καὶ
1846 2169 1956 2224 τῶν

390 2259 631 2331 ’Δθηνῶν
658 2260 737 2315 ἔτι
764 2260 1055 2314 καθίστατο
1077 2262 1439 2333 δικαστήριον.
1472 2263 1534 2315 Ei
1552 2262 1660 2333 γάρ
1692 2263 1783 2315 καὶ
1820 2262 1956 2316 Ῥω-

374 2355 532 2422 μαῖοι
577 2352 794 2406 πάντων
834 2353 955 2405 τότε
1000 2354 1295 2424 ἐκράτουν,
1338 2353 1451 2406 ἀλλ’
1500 2353 1814 2423 Ἀθηναίους
1859 2352 1956 2409 καὶ

368 2443 835 2514 Λακεδαιμονίους
873 2444 1199 2513 αὐτονόμους
1231 2445 1465 2515 ἀφῆκαν.
1499 2445 1725 2516 Εἴρηται
1752 2445 1808 2498 δὲ
1854 2460 1956 2515 μυο

379 2534 548 2598 θικῶς
581 2534 743 2599 οὕτω,
780 2534 1030 2606 καθάπερ
1070 2536 1264 2588 ἐκεῖνοί
1313 2552 1495 2604 φασιν,
1536 2536 1644 2589 ἀπὸ
1678 2535 1771 2589 τοῦ
1796 2537 1955 2609 δίκην

372 2626 441 2677 ἐν
468 2626 619 2696 αὑτῷ
642 2625 736 2679 τὸν
769 2625 1166 2692 Ποσειδῶβιατά
1199 2625 1294 2678 τοῦ
1329 2627 1536 2697 Ἄρεως
1564 2628 1841 2696 ὑποσχεῖν,
1870 2628 1952 2682 ὅτι

376 2716 469 2769 τὸν
497 2716 688 2770 τούτου
734 2717 846 2771 υἱὸν
889 2718 1203 2772 ἀπέκτεινεν
1244 2717 1588 2790 Ἁλιρρόθιον.
1636 2718 1954 2787 Ἀγαγόντες

378 2802 471 2861 οὖν
503 2809 664 2862 αὐτὸν
695 2808 838 2879 (ἐπεὶ
867 2808 1056 2879 καὶτῷ
1086 2808 1195 2862 τῶν
1224 2809 1427 2881 θρόνων
1452 2809 1595 2879 ὕψει,
1625 2810 1720 2864 καὶ
1749 2812 1817 2882 τῇ
1848 2825 1950 2862 κα-

374 2900 722 2973 ταργουμένῃ
746 2900 907 2970 σοφίᾳ
943 2901 1083 2971 μέγα
1114 2900 1392 2971 ἐφρόνουν,
1419 2902 1514 2954 καὶ
1539 2901 1653 2972 ἅμα
1676 2900 1783 2954 τῶν
1815 2917 1953 2970 γινο-

368 2993 557 3061 ,μένων
578 2993 843 3063 ἀκροαταὶ
863 2993 957 3045 καὶ
986 2993 1169 3065 κριταὶ
1207 2992 1583 3064 προεκάθηντο
1599 3011 1612 3024 ’
1653 2988 1728 3048 ὧν
1750 2989 1830 3058 εἷς
1856 2994 1951 3049 καὶ

377 3082 650 3147 Διονύσιος
689 3079 777 3154 ἦν,
822 3085 925 3138 κάν
955 3087 1066 3146 τοῖς
1102 3084 1277 3151 λόγοις
1316 3084 1418 3137 κάν
1448 3087 1559 3147 τοῖς
1585 3085 1952 3158 δικαστηρίοις

372 3172 440 3227 τὸ
468 3175 648 3228 πλεῖον
664 3174 1111 3247 ἀποφερόμενος)ο
1144 3176 1269 3239 «Τίς
1305 3178 1338 3247 ἡ
1374 3176 1534 3247 καινὴ
1564 3177 1700 3249 αὕτη
1722 3178 1816 3232 καὶ
1847 3178 1953 3232 ὑπὸ

368 3262 475 3317 σοῦ
494 3261 816 3335 λαλουμένη,
850 3283 868 3315 ι
895 3263 1029 3335 πρὸς
1060 3263 1149 3318 τὸν
1179 3263 1386 3317 Παῦλον
1419 3264 1647 3337 ἔφησαν,
1678 3284 1697 3318 ι
1742 3267 1950 3341 διδαχὴ,

372 3354 473 3407 καὶ
490 3354 559 3407 τά
592 3354 732 3423 σοφά
752 3354 845 3408 καὶ
872 3356 1298 3426 περινενοημένα
1327 3356 1664 3428 σοφίσματα;
1693 3358 1789 3411 καὶ
1816 3359 1901 3423 τίς
1923 3360 1954 3413 ό

375 3448 724 3521 θεάνθρωπος
766 3447 1005 3518 Ἰησοῦς;
1048 3449 1143 3500 xui.
1179 3448 1208 3499 ὁ
1246 3448 1338 3500 ἐπὶ
1367 3447 1522 3513 ξύλου
1554 3449 1821 3521 ζωοδότης
1857 3449 1954 3504 καὶ

374 3538 569 3610 κριτὴς
600 3535 984 3607 εὑθυνόμενος;
1018 3534 1293 3602 ξενίζοντα
1333 3536 1443 3606 γάρ
1480 3552 1601 3588 τινα
1643 3535 1828 3605 φέρεις
1871 3538 1953 3600 εἰς

372 3628 474 3691 τὰς
515 3627 685 3691 ἀκοὰς
714 3627 891 3698 ἡμῶν.
928 3626 1240 3697 Βουλόμεθα
1265 3621 1357 3680 οὖν
1380 3626 1604 3694 γνῶναι,
1642 3624 1693 3677 τί
1730 3626 1794 3679 ἂν
1824 3623 1950 3695 βού-

371 3718 516 3772 λοιτο
546 3717 740 3782 ταῦτα,
766 3718 861 3773 καλ⁵
887 3719 1022 3791 πρὸς
1050 3718 1079 3772 ὃ
1110 3718 1355 3789 φέρουσι.
1385 3736 1403 3767 ι
1427 3717 1535 3769 Καὶ
1553 3716 1630 3780 ὃς,
1655 3716 1715 3768 τὸ
1737 3715 1950 3787 πρῶτον

371 3808 616 3881 ἐπαίρων
651 3824 712 3861 τε
735 3807 851 3879 ἅμα
882 3807 950 3861 τὰ
971 3807 1192 3861 ἐκείνων
1225 3807 1317 3859 καὶ
1337 3804 1401 3857 δι’
1425 3806 1647 3859 ἐπαίνου
1671 3806 1949 3877 τιθέμενος

369 3895 484 3954 οἷον
540 3898 710 3966 είκδς,
772 3900 861 3954 ἴνα
882 3899 956 3971 μὴ
976 3901 1087 3960 τοῖς
1107 3897 1296 3969 ἀήθεσι
1319 3898 1410 3950 καὶ
1434 3896 1602 3962 ξένοις
1631 3897 1806 3965 λόγοις
1825 3914 1950 3966 τρα-

374 3991 617 4061 χύνοιντο
663 3990 854 4064 (θυμὸν
889 3990 998 4061 γὰρ
1047 3990 1398 4060 ὑποστρέφει,
1448 3991 1629 4059 φησὶν,
1660 3989 1950 4061 ἀπόκρισις

372 4080 808 4150 ὑπαπίπτουσα)ο
847 4098 867 4131 ι
903 4079 1149 4152 Ἀνδρες,
1181 4075 1354 4139 εἶπεν,
1400 4078 1690 4149 Ἀθηναῖοι,
1723 4078 1850 4149 περὶ
1874 4072 1948 4132 ὧν

376 4172 733 4235 πυνθάνεσθε,
766 4170 1012 4243 ὕστερον,
1049 4172 1097 4223 εί
1142 4170 1316 4232 δοκεῖ,
1366 4169 1713 4242 διηγήσομαι»
1755 4171 1849 4225 νῦν
1891 4172 1950 4224 δὲ

370 4261 516 4315 κατὰ
531 4261 707 4317 πάντα
725 4262 799 4324 ὡς
814 4260 1399 4331 δεισιδαιμονεστέρους
1414 4261 1555 4331 ὑμᾶς
1572 4262 1779 4334 θεωρῶ.
1796 4265 1950 4334 Διερ-

368 4354 598 4425 χόμενος
612 4350 719 4423 γάρ
736 4352 828 4406 καὶ
840 4351 907 4405 τὰ
925 4352 1239 4422 σεϐάσματα
1256 4352 1284 4403 ὑ
1294 4351 1406 4422 μῶν
1423 4352 1763 4426 ἀναθεωρῶν,
1792 4349 1947 4427 εὖρον

369 4443 468 4497 καὶ
502 4442 705 4513 βωμὸν,
745 4444 800 4495 ἐν
903 4441 1299 4510 ἐπεγέγραπτο·
1350 4440 1649 4511 Ἀγνώστῳ
1679 4443 1817 4509 Θεῷ.
1851 4448 1946 4499 ⁸·ον

374 4527 469 4585 οὗν
512 4530 828 4599 ἀγνοοῦντες
872 4530 1163 4595 εὐσεϐεῖτε,
1218 4529 1406 4584 τοῦτον
1442 4531 1554 4600 ἐγὼ
1596 4534 1946 4603 καταγγέλλω

368 4623 533 4691 ὑμῖν·
566 4621 614 4673 εί
642 4622 749 4692 ἀρα
776 4619 1123 4691 ψηλαφήσετε
1152 4620 1332 4688 αὑτὸν,
1368 4622 1463 4675 καὶ
1483 4621 1714 4694 εὕροιτε,
1749 4626 1842 4679 καί
1881 4643 1946 4695 γε

363 4711 436 4764 οὑ
479 4710 695 4782 μακρὰν
727 4709 820 4779 ἀφ’
854 4711 1082 4763 ἑκάστου
1119 4711 1270 4781 ὑμῶν
1312 4712 1639 4783 ὑπάρχοντα.
1679 4715 1767 4767 Ἑν
1798 4717 1946 4788 αὑτῷ

372 4799 483 4871 γάρ
508 4799 690 4870 ζῶμεν
710 4800 804 4854 καὶ
827 4800 1120 4870 κινούμεθα
1151 4802 1243 4855 καί
1260 4804 1440 4875 ἐσμέν.
1466 4824 1483 4856 ι
1503 4804 1717 4858 Τούτων
1750 4807 1944 4861 ἐκεῖνοι

371 4889 727 4954 ἀκούσαντες,
749 4890 843 4943 καὶ
860 4889 939 4943 ὅτι
961 4888 1173 4963 πλήρης
1196 4893 1225 4944 ό
1247 4890 1401 4960 λόγος
1420 4894 1635 4964 κομῴἦς
1653 4894 1944 4966 ἐτύγχανεν

358 4980 629 5045 ¹διανοίας,
673 4975 761 5035 οἷα
799 4980 1025 5052 βροντῆς
1059 4982 1174 5054 ἤχῳ
1210 4982 1678 5053 καταπλαγέντες,
1733 4987 1944 5059 ἀφωνία

371 5072 699 5144 συνείχοντο.
744 5073 945 5142 besse
977 5074 1070 5127 καὶ
1105 5073 1255 5143 μόλις
1290 5093 1307 5125 ι
1354 5076 1722 5147 Ἀκουσόμεθὰ
1757 5095 1849 5130 σου
1874 5081 1939 5148 τῇ

368 5163 691 5235 ita-tapeta,»
738 5164 1215 5235 ἐπιφθεγξάμενοι,
1253 5165 1346 5220 τοῦ
1384 5168 1732 5241 δικαστηρίου
1753 5169 1941 5222 τοῦτον

364 5254 610 5324 ἀφῆκαν.
659 5253 895 5319 Ἐξεισιν
932 5252 1026 5309 οὖν
1047 5256 1076 5307 ὀ
1101 5255 1314 5319 Παῦλος
1347 5257 1409 5308 οὑ
1452 5260 1636 5321 κεναῖς
1679 5260 1853 5330 χερσὶ,
1881 5258 1942 5311 τὸ

362 5345 651 5415 ᾀδόμενον·
676 5345 789 5398 ἀλλ’
816 5345 1148 5416 ἐφεπόμενον
1178 5345 1266 5401 τὸν
1296 5347 1554 5419 πρόεδρόν
1579 5366 1637 5402 τε
1670 5351 1762 5403 καὶ
1780 5367 1943 5421 κορυσ-

362 5438 521 5505 φαῖον
548 5437 649 5508 τῆς
680 5436 787 5490 τῶν
826 5438 1091 5506 σοφιστῶν
1128 5440 1437 5512 συμμορίας
1472 5440 1821 5512 παραλαϐὼν,
1847 5441 1940 5496 τὸν

368 5526 542 5607 μέγαν
569 5527 756 5582 τοῦτόν
775 5546 916 5600 φημι
942 5529 1215 5583 Διονύσιον
1233 5548 1245 5561 ·
1272 5520 1366 5585 καὶ
1397 5531 1584 5605 ῶσπερ
1618 5551 1701 5597 τις
1740 5535 1939 5605 Ὀλυμ-

365 5622 617 5691 πιονίκης
651 5618 684 5690 ἢ
722 5621 1055 5691 στρατηγὸς,
1095 5622 1195 5691 τῆς
1231 5622 1366 5687 ἰδίας
1402 5623 1646 5696 γλώττης
1678 5626 1937 5699 τρόπαιον

463 5786 509 5828 ’δ
530 5789 687 5843 Prov.
726 5806 812 5844 xv.

699 5842 972 5951 Pyrum...
1014 5890 1130 5951 Gn.
1181 5890 1351 5952 CXV.

2065 632 2192 674 vera
2225 618 2443 672 bonitas
2471 627 2589 671 erat
2618 606 2974 681 eis‘bonitas,
3017 630 3126 668 non
3158 614 3472 679 ostentatio,
3506 629 3628 684 qua!

2058 712 2221 769 habet
2281 707 2679 778 improbitatem
2742 721 2935 778 magna
3011 722 3074 760 ex
3138 712 3291 775 parte
3355 706 3627 761 insidian~

2060 816 2206 873 tem;
2267 807 2375 859 imo
2397 801 2617 872 quidam
2673 809 2892 870 apertus
2930 800 3125 853 anima:
3153 798 3341 862 fmtus,
3396 805 3450 853 et
3496 798 3626 853 chao

2060 904 2243 951 racter
2295 896 2524 949 internae
2569 890 2890 946 affectionis.
2940 889 3235 960 Postquam
3294 898 3471 944 autem
3524 889 3625 943 fuit

2058 987 2261 1041 Paulus
2303 985 2551 1046 Athenis,
2604 991 2657 1037 et
2709 997 3039 1052 congressus
3089 998 3212 1037 cum
3257 982 3538 1052 Epicureis
3569 988 3625 1036 et

2058 1077 2258 1133 Stoicis
2283 1118 2297 1141 ,
2348 1077 2441 1146 qui
2476 1074 2793 1146 Pythagora:
2822 1074 3072 1144 dogmata
3121 1075 3491 1139 sectabantur,
3547 1074 3625 1129 in-

2056 1170 2236 1225 stabat
2265 1167 2435 1238 operi,
2497 1182 2690 1237 nempe
2727 1173 2786 1221 ut
2835 1181 2931 1221 eos
2974 1165 3267 1220 abduceret
3321 1180 3351 1218 a
3402 1166 3625 1236 dogma-

2054 1262 2200 1316 tibus
2252 1258 2589 1329 impietatis,
2641 1265 2696 1313 et
2750 1258 3057 1317 traduceret
3110 1256 3175 1309 ad
3232 1256 3526 1325 pietatem,
3568 1263 3625 1310 et

2053 1358 2323 1407 everteret
2387 1350 2589 1420 templa
2649 1348 3102 1410 simulacrorum,
3157 1354 3214 1400 ct
3270 1346 3623 1416 persuaderet

2057 1440 2506 1502 Atheniensibus,
2554 1438 2669 1493 fore
2710 1446 2769 1492 ut
2812 1442 3161 1506 resurgerem
3200 1436 3255 1489 in
3295 1436 3489 1489 ultimo
3535 1435 3625 1490 die

2040 1530 2241 1602 'judicii
2267 1569 2282 1594 ,
2337 1538 2393 1585 et
2438 1528 2631 1583 darent
2665 1542 2857 1597 pmnas
2910 1541 3097 1580 eorum
3155 1541 3275 1595 quae
3318 1525 3619 1580 fecissent:

2050 1622 2113 1689 ii,
2155 1631 2213 1676 ut
2263 1621 2358 1691 qui
2413 1625 2597 1674 essent
2638 1620 2761 1674 aliis
2821 1618 2998 1673 aﬂ‘ecti
3054 1617 3507 1687 superstitiosius,
3568 1624 3624 1671 et

2050 1714 2109 1769 in
2156 1713 2360 1767 multas
2390 1711 2549 1765 divisi
2577 1720 2761 1766 essent
2809 1712 3112 1782 opiniones,
3169 1710 3623 1781 aggrediebantur

2050 1818 2173 1858 eum
2206 1803 2546 1859 subsannare
2565 1841 2579 1864 ,
2610 1808 2869 1855 vocantes
2899 1815 3023 1854 eum
3057 1801 3492 1853 annuntiatorem
3520 1816 3621 1855 no-

1982 1873 2239 1950 Bverum
2304 1892 2663 1963 quorumdam
2715 1892 3127 1946 dxemoniorum.
3187 1889 3267 1944 Ne
3320 1898 3497 1944 autem
3548 1891 3617 1946 ab

2053 1983 2133 2038 eis
2171 1990 2516 2053 appeteretur
2559 1981 2673 2035 sola
2701 1980 3147 2043 subsannatione,
3186 1978 3280 2035 sed
3327 1980 3614 2033 molestum

2050 2072 2217 2126 etiam
2279 2070 2484 2140 aliquid
2535 2070 2855 2133 sustineret,
2909 2070 3046 2123 dans
3098 2070 3366 2123 rationem
3425 2084 3613 2123 eorum

2050 2172 2173 2227 qua:
2224 2158 2293 2211 ab
2342 2157 2463 2226 ipso
2499 2156 2955 2225 prtedicabantur,
2986 2157 3449 2227 apprehendentes
3492 2173 3614 2212 eum

2050 2248 2388 2303 duxeruntin
2408 2247 2883 2317 Areopagum,qui
2914 2256 3045 2301 tunc
3073 2248 3291 2317 quidem
3311 2255 3432 2302 erat
3462 2248 3616 2304 locus

2049 2337 2509 2410 congregationis,
2535 2345 2589 2392 et
2618 2338 2954 2393 Athenarum
2980 2345 3095 2393 erat
3119 2339 3298 2393 adhuc
3321 2338 3612 2408 judicium.

2047 2428 2185 2483 Nam
2222 2428 2324 2482 etsi
2357 2435 2487 2481 tunc
2516 2427 2745 2481 Romani
2789 2429 2844 2481 in
2875 2443 3063 2483 omnes
3103 2428 3414 2483 obtinerent
3441 2429 3613 2499 impe-

2047 2517 2211 2579 rium,
2236 2514 2597 2569 Athenienses
2622 2523 2800 2569 tamen
2831 2522 2883 2569 et
2905 2514 3344 2570 Lacedaemonios
3367 2518 3450 2570 sui
3471 2516 3614 2586 juris

2048 2605 2402 2660 demiserant.
2428 2602 2631 2665 Fabula
2657 2611 2858 2668 autem,
2894 2604 3036 2657 sicut
3058 2604 3159 2673 ipsi
3181 2605 3393 2669 dicunt,
3417 2621 3612 2659 nomen

2048 2694 2281 2765 accepit,
2314 2693 2457 2764 quod
2492 2692 2773 2764 Neptunus
2811 2695 2866 2747 in
2896 2708 2962 2748 eo
3003 2703 3193 2748 contra
3227 2694 3451 2750 Martem
3482 2711 3615 2750 cau-

2044 2799 2162 2843 sam
2182 2786 2526 2850 sustinuerit,
2557 2784 2702 2856 quod
2726 2786 2885 2856 hujus
2909 2786 3076 2839 filium
3106 2785 3495 2841 Halirrothium
3528 2803 3617 2841 oc-

2045 2876 2287 2931 cidisset.
2307 2874 2445 2930 Cum
2472 2891 2594 2931 eum
2616 2891 2742 2948 ergo
2770 2877 3129 2931 adduxissent
3160 2878 3215 2931 in
3238 2878 3453 2932 illorum
3480 2893 3613 2932 con-

2047 2974 2327 3039 Spectum,
2370 2966 2464 3035 qui
2514 2975 2568 3021 et
2604 2976 2830 3038 propter
2868 2969 3079 3023 sedium
3126 2970 3491 3034 altitudinem,
3536 2979 3611 3034 et,

2047 3074 2169 3130 quae
2203 3064 2519 3122 evacuatur,
2558 3060 2903 3130 sapientiam,
2941 3076 3000 3116 se
3040 3062 3330 3132 magnifice
3376 3063 3616 3116 circum-

2047 3152 2351 3225 Splciebant
2383 3164 2395 3202 :
2427 3159 2482 3204 et
2511 3150 2672 3205 simul
2703 3167 2891 3207 eorum
2922 3167 3043 3223 quae
3072 3153 3294 3219 ﬁebant,
3336 3154 3613 3210 auditores

2045 3255 2101 3302 et
2132 3244 2344 3315 judices
2374 3244 2761 3315 praesidebant,
2811 3260 3046 3316 quorum
3089 3261 3233 3300 unus
3285 3246 3451 3301 etiam
3499 3255 3615 3301 erat

2047 3336 2358 3407 Dionysius,
2392 3336 2550 3406 cujus
2587 3343 2640 3391 et
2673 3336 2729 3389 in
2770 3336 3035 3400 dicendo,
3070 3343 3124 3391 et
3151 3337 3449 3406 judicando
3478 3354 3617 3409 prm-

2045 3429 2217 3498 cipua:
2248 3433 2404 3483 erant
2433 3434 2650 3497 partes:
2693 3446 2710 3478 ι
2735 3426 2992 3493 Quaenam
3018 3437 3106 3482 est
3128 3428 3243 3482 haec
3263 3443 3423 3498 nova,
3448 3444 3612 3500 quea

2045 3527 2099 3575 te
2121 3520 2344 3583 dicitur,
2377 3519 2681 3585 doctrina,»
2706 3518 2876 3573 Paulo
2897 3519 3171 3585 dixerunt,
3208 3521 3614 3591 «sapientiaque

2043 3620 2098 3667 ct
2114 3612 2391 3680 ingeniosa
2420 3610 2670 3666 decreta?
2694 3620 2746 3665 et
2768 3612 2892 3680 quis
2911 3618 2994 3666 est
3012 3609 3172 3667 Jesus
3192 3610 3332 3667 Deus
3354 3620 3407 3665 et
3425 3613 3609 3676 homo,

2043 3712 2098 3758 et
2128 3703 2184 3757 in
2215 3703 2359 3773 ligno
2381 3703 2504 3756 vitae
2532 3703 2688 3757 dator
2712 3713 2763 3759 ct
2784 3702 2971 3773 judex,
3006 3718 3034 3755 a
3058 3720 3165 3772 quo
3195 3705 3248 3757 in
3267 3704 3359 3774 jus
3388 3713 3615 3759 vocatur

2045 3794 2272 3865 quilibet
2311 3794 2625 3849 redditurus
2664 3795 2965 3848 rationem?
2994 3794 3252 3859 Quadam
3295 3796 3441 3849 enim
3473 3811 3610 3850 nova

2043 3895 2098 3942 et
2135 3889 2310 3941 aliena
2352 3886 2532 3941 defers
2576 3887 2641 3941 ad
2691 3902 2853 3941 aures
2893 3876 3131 3942 nostras.
3177 3886 3443 3941 Volumus
3481 3903 3612 3959 ergo

2045 3977 2217 4042 scire,
2250 3975 2380 4045 quid
2418 3975 2535 4029 hrec
2574 3976 2677 4029 sibi
2707 3975 2927 4038 volunt,
2960 3982 3014 4029 et
3044 3989 3155 4044 quo
3185 3975 3435 4031 tendunt.
3469 3995 3487 4028 ι
3519 3975 3611 4031 Ille

2044 4072 2224 4120 autem
2255 4080 2344 4120 res
2444 4076 2634 4118 eorum
2738 4062 2971 4133 primum
2995 4065 3263 4118 extollens
3279 4071 3332 4119 et
3359 4064 3608 4125 laudans,

2044 4165 2114 4205 ne
2138 4151 2367 4207 insuetis
2395 4158 2447 4207 et
2465 4153 2658 4208 alienis
2675 4152 2853 4207 verbis
2883 4152 3229 4208 irritarentur
3252 4154 3410 4223 (iram
3438 4154 3607 4218 enim,

2043 4246 2120 4298 ait
2149 4244 2260 4307 ille,
2295 4244 2491 4298 avertit
2526 4259 2584 4298 se
2613 4243 2941 4298 submittens
2967 4246 3249 4314 responsio
3278 4244 3338 4314 ιι)
3374 4264 3387 4299 :
3435 4262 3454 4296 ι
3494 4245 3610 4300 Viri

2051 4336 2252 4404 inquit,
2276 4334 2657 4399 Athenienses,
2691 4335 2759 4389 de
2805 4336 2873 4391 iis
2911 4351 3030 4407 quae
3060 4337 3427 4406 interrogatis,
3461 4348 3607 4407 post-

2043 4432 2266 4483 modum
2301 4430 2346 4483 si
2372 4428 2445 4481 ita
2472 4427 2748 4481 videbitur
2779 4428 3049 4483 disseram
3081 4444 3095 4479 :
3122 4444 3270 4484 nunc
3302 4438 3482 4485 autem
3515 4446 3612 4500 per

2042 4518 2226 4572 omnia
2255 4518 2412 4586 quasi
2441 4519 2934 4586 superstitiosiores
2959 4534 3060 4574 vos
3089 4521 3263 4575 video.
3314 4519 3611 4576 Transiens

2042 4609 2209 4673 enim,
2251 4616 2306 4661 et
2351 4608 2623 4676 aspiciens
2688 4623 2751 4662 ea
2817 4624 2939 4678 qua)
2982 4612 3179 4675 colitis,
3226 4612 3408 4665 inveni
3449 4614 3610 4667 etiam

2042 4716 2212 4764 aram,
2249 4700 2304 4752 in
2335 4713 2441 4769 qua
2480 4699 2804 4767 inscriptum
2843 4710 2996 4755 erat:
3032 4699 3220 4768 Ignoto
3264 4701 3393 4754 Deo.
3437 4701 3608 4768 Quem

2042 4808 2173 4864 ergo
2202 4792 2516 4861 ignorantes
2532 4792 2735 4855 colitis,
2765 4807 2890 4846 eum
2915 4794 3182 4847 annuntio
3210 4793 3363 4848 vobis
3383 4810 3397 4857 ;
3417 4794 3462 4847 si
3485 4807 3608 4847 eum

2042 4882 2182 4939 forte
2220 4883 2715 4946 contrectaveritis,
2763 4892 2816 4937 et
2859 4883 3203 4947 inveneritis,
3240 4885 3343 4938 etsi
3384 4899 3493 4938 non
3539 4884 3612 4936 sit

2042 4976 2204 5044 longe
2247 4973 2317 5027 ab
2359 4987 2688 5043 unoquoque
2724 4982 2988 5028 vestrum.
3037 4970 3097 5026 In
3137 4973 3258 5044 ipso
3299 4975 3443 5028 enim
3472 4974 3612 5030 vivi-

2045 5080 2186 5130 mus,
2217 5071 2271 5118 et
2300 5079 2602 5126 movemur,
2633 5070 2688 5118 et
2714 5079 2925 5119 sumus.
2957 5083 2976 5116 ι
2997 5061 3125 5120 Haec
3145 5064 3267 5119 cum
3298 5065 3374 5120 illi
3403 5066 3609 5121 audiis—

1992 5154 2005 5168 ⁸
2043 5163 2187 5219 sent,
2216 5156 2473 5226 quoniam
2498 5156 2756 5227 gravibus
2775 5155 3062 5212 sententiis
3083 5156 3242 5226 plena
3263 5163 3382 5211 erat
3411 5158 3606 5223 oratio,

2041 5256 2299 5317 tanquam
2327 5262 2463 5303 sono
2490 5247 2695 5301 tonitru
2728 5254 2912 5303 essent
2941 5245 3326 5317 obstupefacti,
3358 5248 3605 5317 elingues

2040 5345 2096 5393 et
2122 5340 2256 5393 muti
2282 5344 2586 5394 evaserant.
2602 5337 2737 5393 Cum
2759 5345 2937 5393 autem
2959 5339 3047 5393 vix
3070 5339 3290 5393 tandem
3311 5337 3600 5394 dixissent:

2048 5447 2067 5479 ι
2116 5427 2417 5485 Audiamus
2456 5438 2510 5484 te
2549 5430 2834 5499 postridie,
2865 5448 2884 5482 ι
2919 5446 3043 5486 eum
3074 5429 3402 5484 dimiserunt
3445 5444 3475 5486 e
3514 5430 3606 5499 ju-

2042 5518 2209 5575 dicio.
2227 5519 2512 5591 Egreditur
2527 5536 2655 5591 ergo
2672 5520 2896 5590 Paulus,
2925 5538 3036 5576 non
3062 5522 3335 5584 inanibus,
3366 5529 3424 5575 ut
3444 5522 3605 5591 vulgo

2040 5609 2263 5675 dicitur,
2277 5611 2550 5697 manibus,
2571 5613 2665 5668 sed
2686 5628 2871 5669 secum
2893 5623 3136 5685 accepto,
3156 5614 3247 5682 qui
3265 5628 3388 5667 eum
3411 5627 3606 5682 seque-

3274 5907 3353 5967 33
