4110 6430
597 395 736 459 103‘5

1847 396 2137 460 MENSIS
2176 393 2535 459 OCTOBER.

3679 400 3797 466 10:6

599 529 782 589 batur,
817 524 1066 593 praeside,
1088 531 1140 576 et
1170 520 1360 578 classis
1388 521 1749 591 scphistarum
1774 523 2158 593 principe,hoc

2263 525 2424 581 αὑτὸν
2480 525 2841 597 ποιησάμενος
2880 522 2975 577 καὶ
3026 523 3234 596 καρπὸν
3276 521 3505 576 τοιοῦτον
3541 522 3634 576 τοῦ
3677 525 3798 595 πρὸς

598 631 815 686 magno,
842 615 1082 683 inquam,
1122 612 1402 683 Dionysio.
1442 610 1517 668 De
1546 629 1679 683 quo,
1711 619 1970 684 tanquam
2009 616 2161 686 quis-

596 708 740 776 piam
783 706 961 759 victor
1007 702 1355 774 Olympicus,
1403 711 1496 757 aut
1540 705 1649 759 dux
1695 708 1990 772 exercitus,
2049 724 2162 766 suae

594 796 789 865 linguae
824 796 997 850 erexit
1027 795 1348 864 trophzeum,
1380 803 1434 851 et
1478 796 1624 849 hunc
1667 796 1904 851 fructum
1940 799 2162 870 collegit

593 902 657 939 ex
688 886 934 940 oratione
987 901 1147 955 quam
1175 886 1361 939 habuit
1385 885 1451 939 ad
1478 886 1861 943 Athenienses.
1894 886 1967 942 lis
1992 890 2161 959 enim,

592 990 713 1046 quae
752 976 820 1031 de
861 975 988 1031 Jesu
1021 977 1346 1031 dicebantur
1383 993 1412 1030 a
1449 992 1700 1046 praecone
1730 978 1994 1042 veritatis,
2037 992 2161 1033 cum

579 1083 621 1120 -a
651 1083 709 1122 se
736 1070 887 1137 prius
908 1069 1079 1122 visam
1098 1068 1154 1121 in
1189 1074 1433 1137 tempore
1462 1070 1735 1139 passionis
1759 1069 2162 1125 innovationem

592 1158 695 1214 sibi
719 1160 825 1228 ipsi
846 1159 1200 1229 explicuisset
1218 1160 1593 1224 luminarium,
1618 1167 1672 1214 et
1699 1158 1843 1214 hanc
1868 1160 2165 1213 humanam

591 1251 935 1320 despcxisset
972 1250 1317 1320 sapientiam,
1348 1259 1593 1306 sectatur
1617 1252 1843 1305 verbum
1875 1252 2161 1319 veritatis,

573 1349 646 1395 .et
699 1344 1015 1411 adiungitur
1062 1341 1433 1412 Apostolo;et
1464 1343 1892 1412 regenerationis
1950 1343 2168 1397 lavacro

575 1442 1023 1497 consummatus,
1062 1433 1119 1486 lit
1151 1433 1311 1487 simul
1344 1433 1679 1503 discipulus,
1712 1441 1766 1488 et
1801 1447 1976 1503 praeco
2007 1431 2167 1487 Chri-

594 1526 688 1589 sti,
722 1526 813 1594 qui
852 1532 934 1578 est
961 1526 1168 1593 primus
1193 1525 1388 1577 doctor
1417 1525 1683 1580 veritatis.
1715 1524 1779 1578 Et
1809 1541 1932 1579 cum
1963 1526 2167 1596 primas

586 1617 716 1671 ﬁdei
742 1616 1159 1671 exercitationes
1185 1627 1238 1670 et
1283 1615 1605 1686 disciplinas
1633 1632 1663 1670 a
1702 1618 1862 1672 beato
1891 1621 2169 1687 percepis-

592 1716 676 1764 set
697 1707 1011 1771 Hierotheo,
1044 1714 1098 1761 et
1120 1708 1175 1761 in
1208 1708 1396 1772 verbo,
1422 1715 1475 1761 et
1513 1708 1568 1761 in
1593 1708 1701 1761 vita
1726 1709 1794 1763 ab
1818 1724 1885 1763 eo
1918 1709 2165 1772 docetur,

593 1807 647 1853 et
676 1799 851 1853 sancti
880 1796 1120 1868 Spiritus
1147 1799 1586 1854 communionem
1615 1799 1684 1853 ab
1706 1815 1770 1854 eo
1787 1799 2166 1868 consequitur.

2273 615 2587 688 ’Δθηναίους
2624 614 2781 684 λόγου
2820 613 3058 686 θερίσας.
3101 615 3226 678 Τοῖς
3258 614 3366 685 γὰρ
3404 614 3551 684 παρὰ
3586 613 3675 667 τοῦ
3709 615 3798 685 τῆς

2259 707 2516 778 ἀληθείας
2559 706 2797 776 κήρυκος
2843 706 2972 776 περὶ
3013 704 3106 758 τοῦ
3157 703 3329 776 Ἰησοῦ
3369 704 3669 774 λεγομένοις
3710 705 3800 776 τὴν

2259 798 2649 871 προοραθεῖσαν
2674 795 2823 865 αὐτῷ
2850 793 2988 848 κατά
3016 795 3106 847 τὸν
3135 793 3319 864 καιρὸν
3355 793 3449 846 τοῦ
3479 792 3677 855 πάθους
3701 794 3800 848 τῶν

2259 890 2559 960 φωστήρων
2604 886 2948 956 καινοτομίαν
2998 884 3284 956 συμϐαλὼν
3332 886 3551 949 ἐκεῖνος,
3586 884 3673 937 καὶ
3710 885 3800 955 τῆς

2257 978 2602 1049 ἀνθρωπίνης
2632 976 2834 1048 ταύτης
2868 975 3055 1044 σοφίας
3082 974 3366 1046 ὑπεριδὼν,
3396 973 3489 1027 τοῦ
3530 974 3683 1041 λόγου
3710 977 3799 1046 τῆς

2258 1070 2514 1141 ἀληθείας
2540 1068 2780 1137 γίνεται,
2809 1068 2904 1121 καὶ
2932 1067 3011 1138 τῷ
3048 1065 3348 1136 Ἀποστόλῳ
3380 1065 3697 1119 συντίθεταιο
3730 1068 3801 1139 τῷ

2256 1175 2317 1211 τε
2358 1157 2568 1228 λουτρῷ
2606 1156 2701 1227 τῆς
2739 1156 3151 1225 παλιγγενεσίας
3186 1154 3519 1220 τελειωθεὶς,
3573 1155 3799 1227 μαθητὴς

2257 1245 2391 1319 ὁμοῦ
2426 1249 2519 1300 καὶ
2555 1246 2729 1318 κῆρυξ
2764 1247 3002 1318 Χριστοῦ
3043 1246 3136 1299 τοῦ
3179 1245 3395 1317 πρώτου
3432 1247 3529 1317 τῆς
3564 1247 3801 1318 ἀληθείας

2257 1337 2573 1390 διδασκάλου
2616 1338 2952 1391 καθίσταται.
2998 1338 3109 1390 Καὶ
3136 1337 3205 1391 τὰ
3242 1339 3432 1409 πρῶτα
3474 1339 3570 1409 τῆς
3603 1339 3801 1411 ἡλικίας

2257 1428 2566 1500 διατριϐῶν,
2601 1431 2694 1483 καὶ
2740 1429 2986 1492 παιδείας
3030 1429 3108 1500 τῷ
3165 1430 3442 1503 μακαρίτῃ
3494 1433 3800 1503 κοινωνήσας

2270 1520 2541 1591 ’Ῑεροθέῳ,
2576 1521 2687 1591 βίον
2709 1521 2813 1574 ὑπὸ
2848 1520 3022 1591 τούτῳ
3050 1522 3144 1574 καὶ
3168 1522 3323 1591 λόγον
3357 1523 3679 1576 παιδεύεται’
3717 1525 3800 1577 καὶ

2255 1611 2356 1681 τῆς
2379 1612 2545 1682 αὐτῆς
2575 1611 2723 1682 αὐτῷ
2742 1610 2835 1664 τοῦ
2865 1612 3018 1682 ἁγίου
3036 1612 3176 1665 Πνεῦ
3185 1630 3354 1683 ματος
3385 1613 3659 1677 κοινωνίας
3684 1632 3801 1668 κατ·

2256 1700 2520 1766 ἀξιοῦται,
2554 1702 2649 1754 καὶ
2680 1701 2968 1764 ἀναϐάσεις
2994 1704 3052 1754 ἐν
3084 1705 3149 1772 τῇ
3193 1701 3391 1773 καρδίᾳ
3424 1703 3798 1775 ἀνατιθέμενος,

2257 1795 2535 1862 φιλοσοφεί
2577 1794 2676 1863 τὴν
2720 1792 3010 1863 ἀλήθειανο
3056 1791 3211 1863 ζητεῖ
3255 1793 3398 1863 μετά
3429 1794 3524 1863 τῆς
3570 1793 3800 1863 ἀληθείας

591 1890 796 1945 Deinde
824 1889 1181 1945 ascensiones
1220 1891 1275 1945 in
1307 1889 1472 1944 corde
1497 1905 1596 1944 suo
1636 1889 1956 1959 disponens,
1990 1889 2165 1958 philo-

2258 1885 2385 1953 περὶ
2415 1883 2611 1955 ψυχῆς,
2651 1885 2777 1955 περὶ
2804 1883 3073 1956 σώματος,
3110 1885 3239 1955 περὶ
3274 1885 3376 1955 τῆς
3402 1885 3509 1938 τῶν
3538 1886 3799 1956 πρακτέων

594 1983 858 2051 sophatur
880 1982 1195 2048 veritatem;
1219 1983 1414 2050 qumrit
1441 1995 1566 2034 cum
1598 1982 1846 2047 veritate,
1869 1981 1937 2036 de
1963 1980 2165 2049 anima,

594 2074 662 2128 de
706 2089 958 2144 corpore,
990 2087 1054 2127 ac
1091 2071 1158 2127 de
1196 2073 1502 2128 substantia
1542 2088 1723 2126 rcrum
1755 2072 2163 2142 gerendarum:

595 2164 890 2224 mortiﬁcat
922 2162 1104 2217 omnia
1132 2164 1374 2217 membra
1409 2178 1527 2227 sua,
1563 2179 1683 2233 qua:
1715 2170 1842 2217 sunt
1869 2179 2031 2232 super
2057 2171 2167 2218 ter—

592 2269 739 2318 ram,
754 2256 936 2310 carnis
958 2253 1157 2308 multas
1183 2255 1329 2324 leges
1358 2256 1700 2310 constituens
1718 2254 1786 2308 ad
1805 2253 2168 2309 obedientium

596 2346 844 2416 Spiritui;
874 2348 1032 2400 docet
1067 2362 1228 2401 aures
1260 2348 1571 2400 auscultare
1601 2362 1721 2417 quae
1750 2347 1951 2409 divina,
1974 2356 2028 2401 et
2044 2360 2172 2417 quae

596 2446 723 2493 sunt
752 2438 816 2492 de
838 2437 949 2493 Deo
974 2438 1273 2505 audienda;
1301 2439 1368 2493 iis
1392 2447 1571 2494 autem
1595 2454 1716 2509 qua:
1750 2447 1877 2495 sunt
1910 2447 2061 2493 extra
2081 2453 2167 2506 ea,

595 2528 840 2582 divinum
879 2539 1082 2584 metum
1139 2529 1532 2584 inexorabilem
1579 2529 1798 2585 adhibet
1832 2530 2165 2600 janitorem:

594 2625 648 2674 et
680 2626 853 2674 totum
881 2621 1100 2675 oculum
1119 2619 1359 2674 traducit
1386 2619 1457 2673 ad
1488 2620 1768 2676 veritatem
1798 2622 2171 2690 contemplan-

596 2708 741 2764 dam.
775 2709 928 2776 Quod
962 2719 1144 2765 autem
1175 2711 1241 2765 ad
1272 2710 1514 2780 linguam
1542 2711 1800 2781 pertinet,
1834 2713 1939 2766 etsi
1966 2726 2077 2766 non
2110 2712 2169 2767 in

594 2802 687 2868 iis,
721 2803 776 2856 in
801 2803 1002 2872 quibus
1031 2804 1341 2873 oportebat,
1372 2804 1501 2857 olim
1529 2804 1722 2858 edocta
1762 2803 1959 2866 fuerat,
1995 2802 2173 2873 philo-

590 2894 823 2963 isophice
871 2902 1053 2949 tamen
1095 2902 1150 2949 et
1179 2893 1381 2959 Attice,
1413 2894 1691 2963 multaque
1720 2908 1846 2949 cum
1886 2892 2169 2963 diligentia

595 2984 811 3041 erudita
835 2991 973 3038 erat.
1008 2982 1196 3053 Itaque
1233 2983 1385 3038 brevi
1414 2982 1711 3055 Dionysius
1737 2983 1793 3054 (ο
1820 2981 2169 3053 miraculum)

2257 1972 2565 2044 ὑπάρξεως·
2611 1974 2788 2029 πάντα
2826 1978 3008 2047 νεκροί
3040 1972 3111 2028 τά
3158 1974 3291 2046 μέλη
3336 1975 3408 2028 τὰ
3446 1976 3535 2029 ἐπὶ
3567 1977 3660 2048 τῆς
3687 1976 3797 2047 γῆς,

2256 2063 2425 2117 πολλά
2443 2067 2509 2135 τῇ
2535 2066 2697 2137 σαρκὶ
2725 2065 3110 2137 νομοθετήσας,
3143 2066 3223 2129 είς
3249 2067 3528 2137 ὑποταγὴν
3546 2066 3634 2119 τοῦ
3659 2067 3800 2119 πνεύ-

2261 2172 2448 2226 ματος·
2480 2157 2817 2225 παιδαγωγεῖ
2835 2158 2932 2228 τὴν
2952 2157 3121 2227 ἀκοὴν
3151 2158 3250 2210 ὅσα
3281 2157 3406 2211 θεῖα
3429 2157 3521 2211 καὶ
3547 2157 3667 2228 περὶ
3682 2155 3799 2210 Θεοῦ

2257 2247 2628 2301 ὲνωτίσασθαι·
2663 2251 2777 2311 τοῖς
2810 2248 2867 2302 δὲ
2907 2251 3114 2303 τούτων
3155 2248 3316 2312 ὲκτδς
3359 2248 3451 2302 τὸν
3492 2248 3627 2305 θεῖον
3658 2248 3799 2319 φὸὃον

2256 2337 2499 2410 θυρωρὸν
2543 2339 2826 2411 ἐφίστησιν
2871 2341 3265 2412 ἀπαραίτητον·
3299 2342 3423 2395 ὅλον
3474 2341 3683 2413 μετάγει
3722 2339 3800 2394 τὸν

2255 2427 2530 2499 ὀφθαλμὸν
2565 2429 2657 2482 ἐπὶ
2685 2431 2783 2501 τὴν
2819 2430 3093 2503 ἀλήθειαν.
3120 2432 3201 2485 Τά
3227 2431 3344 2504 γάρ
3371 2432 3472 2502 τῆς
3492 2430 3735 2503 γλώττης,
3758 2432 3799 2484 ει

2257 2518 2353 2571 καὶ
2399 2520 2472 2590 μὴ
2522 2520 2580 2572 ὲν
2614 2514 2695 2583 οἷς
2727 2522 2893 2592 ὲχρῆν
2927 2523 3218 2595 πρότερον,
3254 2522 3375 2577 ἀλλ’
3408 2519 3500 2578 οὖν
3534 2521 3800 2591 φιλοσόφοις

2256 2626 2318 2664 τε
2349 2610 2444 2664 καὶ
2489 2611 2746 2676 Ἀττικῶς
2777 2613 2871 2667 καὶ
2901 2613 3039 2685 πρὸς
3077 2614 3370 2686 ἀκρίϐειαν
3400 2611 3797 2668 ὲνεπεπαίδευτο.

2258 2708 2389 2773 Καὶ,
2426 2704 2472 2759 ὣ
2499 2705 2591 2759 τοῦ
2623 2703 2925 2775 θαύματοςί
2952 2707 3010 2759 ὲν
3055 2705 3253 2777 βραχεῖ
3280 2705 3493 2769 πάντας
3520 2703 3800 2775 ὑπερϐαίνει

2257 2799 2385 2861 τοὺς
2406 2795 2732 2868 ἔμπροσθεν,
2765 2796 2828 2849 οὐ
2859 2794 3061 2866 κλέψας
3087 2796 3185 2868 τὴν
3218 2795 3480 2863 ἐξουσίαν
3507 2795 3621 2849 οὐδὲ
3648 2792 3799 2867 άρπά·

2261 2906 2382 2954 σας,
2408 2887 2542 2943 ἀλλὰ
2567 2887 2693 2952 τοὺς
2715 2887 2865 2942 κάτω
2885 2887 3127 2960 βαθμοὺς
3154 2886 3464 2954 διεξελθών.
3498 2889 3602 2943 Καὶ
3619 2887 3675 2941 τὸ
3702 2901 3799 2937 ποι-

2266 2980 2549 3053 μαίνεσθαι
2578 2980 2755 3044 καλῶς
2774 2978 3047 3051 ἐκμαθὼν,
3067 2980 3177 3033 τῶν
3197 2981 3313 3035 ἄνω
3343 2983 3478 3052 ταχὺ
3500 2981 3709 3050 γίνεται,
3723 2978 3800 3033 καὶ

575 3087 820 3148 superat
842 3091 1052 3144 omnes,
1079 3074 1173 3149 qui
1203 3083 1596 3143 praecesserant
1678 3092 1692 3129 :
1768 3083 1824 3131 et
1922 3087 2165 3144 cumpo-

2261 3072 2535 3142 ποιμαίνει
2554 3069 2691 3142 μετά
2708 3071 2806 3142 τῆς
2818 3070 3008 3142 πείρας
3026 3070 3267 3141 ὕστερον⁸
3287 3070 3391 3124 καὶ
3405 3070 3647 3134 επιεικῶς
3660 3069 3802 3140 ἄρχεο

579 3177 848 3225 ιιθδιὶὶιθῐη
874 3184 982 3223 non
1003 3169 1324 3225 subfuratus
1340 3172 1507 3228 esset.
1527 3163 1623 3219 sed
1642 3178 1736 3234 per
1759 3164 1962 3235 gradus
1986 3172 2165 3221 trans-

2264 3163 2387 3217 σθαι
2413 3163 2616 3234 μαθὼν,
2647 3163 2804 3234 ἄρχει
2831 3163 3251 3235 ἐπιεικέστερον·
3284 3167 3387 3220 καὶ
3419 3164 3551 3236 μετά
3575 3163 3666 3234 τῆς
3690 3162 3801 3231 ἀλη-

593 3260 749 3317 iisset
784 3259 1094 3325 inferiores,
1131 3262 1356 3330 pulchre
1393 3257 1550 3332 pasci
1575 3255 1880 3323 didicisset,
1910 3255 1978 3310 ad
2009 3270 2165 3326 supe-

2261 3255 2411 3318 θείας
2449 3254 2682 3319 διδάξας,
2723 3255 2811 3307 διὰ
2849 3255 3031 3321 πάσης
3061 3271 3120 3308 τε
3160 3255 3337 3310 ἐλθὼν
3377 3255 3645 3320 εὐταξίας,
3670 3252 3798 3314 τέλος

590 3351 742 3404 riora
768 3366 895 3405 mox
918 3352 1190 3422 pervenit,
1225 3359 1278 3405 et
1309 3352 1485 3420 pascit
1509 3352 1699 3420 postea
1732 3361 1856 3399 cum
1887 3346 2165 3415 experien-

2261 3345 2360 3417 τὴν
2391 3344 2498 3397 τῶν
2539 3344 2776 3417 Ἀθηνῶν
2808 3345 3117 3409 πιστευθεὶς
3159 3346 3475 3418 προεδρίαν,
3504 3346 3606 3398 τῶν
3632 3343 3803 3397 οἰάκων

592 3442 702 3509 tia;
746 3450 800 3497 et
851 3457 978 3497 cum
1028 3442 1274 3497 modeste
1328 3458 1522 3513 parere
1571 3437 1879 3503 didicisset,
1939 3436 2165 3505 imperat

2260 3436 2358 3507 τῆς
2397 3436 2721 3507 Ἐκκλησίας
2756 3436 3186 3508 ὑπερκαθέζεται
3208 3454 3220 3466 ·
3268 3438 3337 3490 τό
3366 3455 3426 3491 τε
3477 3438 3572 3508 τῆς
3609 3433 3803 3503 γνώμης

2264 3529 2509 3596 γενναῖον
2541 3525 2899 3589 ἐπιδεικνύει,
2935 3527 3029 3580 καὶ
3062 3526 3408 3599 προπολεμεῖ
3435 3528 3531 3598 τῆς
3568 3524 3800 3594 ποίμνης,

2262 3618 2354 3672 καὶ
2374 3618 2634 3672 ἀποσοδεῖ
2650 3619 2773 3680 τοὺς
2804 3616 2993 3689 θῆρας,
3017 3619 3111 3671 καὶ
3130 3617 3230 3671 τοῦ
3261 3618 3610 3688 νενοσηκότος
3636 3617 3803 3683 ἐπιμε-

2263 3708 2457 3772 λεῖται,
2502 3711 2596 3762 καὶ
2622 3709 2682 3762 τὸ
2725 3708 3029 3779 μακρυνθὲν
3072 3710 3340 3778 ἐπανάγει
3359 3727 3374 3741 ο
3410 3712 3503 3765 καὶ¹
3552 3704 3803 3763 συνελόντα

596 3532 929 3599 modestius;
954 3540 1157 3587 etcum
1181 3533 1459 3587 docuisset
1485 3548 1609 3589 cum
1633 3529 1881 3591 verilale.
1915 3528 2175 3582 "biissct-

595 3639 701 3695 que
730 3640 920 3679 omnes
948 3624 1074 3678 boni
1101 3624 1311 3679 ordinis
1336 3633 1543 3694 partes,
1577 3629 1798 3681 tandem
1828 3629 1877 3683 ei
1908 3620 2169 3683 mandato

593 3714 927 3769 Athenarum
967 3714 1312 3784 pontiﬁcatu,
1375 3717 1549 3771 clavis
1598 3717 1855 3787 praesidet
1884 3718 2164 3786 Ecclesiae,

579 3802 947 3873 ostenditque
994 3819 1153 3859 suum
1204 3820 1533 3875 generosum
1579 3805 1844 3871 animum,
1877 3815 1930 3861 et
1963 3818 2165 3879 pugnat

2263 3800 2448 3867 φάναι,
2478 3800 2611 3852 πᾶσι
2639 3798 2707 3852 τὰ
2719 3799 2898 3852 πάντα
2925 3798 3066 3852 κατά
3097 3798 3188 3852 τὸν
3221 3798 3392 3853 αὐτοῦ
3421 3793 3801 3863 διδάσκαλονγί-

592 3910 694 3966 pro
720 3910 883 3967 grege
915 3909 929 3946 ι
965 3896 1295 3966 expellitque
1320 3896 1549 3960 bestias,
1571 3903 1626 3950 et
1640 3896 1782 3967 ejus,
1808 3896 1953 3966 quod
1978 3902 2165 3954 morbo

2263 3906 2433 3943 νεται.
2466 3888 2621 3942 Οὕτω
2640 3904 2700 3941 τε
2731 3886 2946 3953 διδάξας
2963 3926 2976 3951 ,
3016 3887 3110 3942 καὶ
3134 3888 3235 3960 τὴν
3260 3887 3468 3961 Τριάδα
3494 3885 3799 3959 θεολογήσας.

595 3987 828 4051 laborat,
871 3999 1059 4039 curam
1090 3987 1249 4057 gerit,
1281 3994 1336 4041 et
1364 3986 1510 4057 quod
1560 3985 1720 4057 longe
1772 3993 1856 4042 est
1896 3998 2163 4043 remotum

2267 3980 2451 4049 σαφῶς
2468 3981 2595 4051 περὶ
2617 3979 2726 4034 τῶν
2755 3980 2927 4036 ἀλλων
2950 3980 3303 4051 διαλαμϐάνει
3330 3981 3619 4052 δυνάμεων.

606 4076 855 4131 reducit:
889 4085 964 4143 et,
997 4084 1057 4132 ut
1098 4080 1269 4134 semel
1305 4081 1504 4145 dicam,
1550 4077 1697 4134 sicut
1730 4080 1852 4148 ejus
1900 4081 2179 4150 magister,
2220 4079 2478 4135 omnibus
2502 4079 2560 4134 ﬁt
2597 4079 2783 4133 omnia
2814 4079 2859 4132 ί.
2907 4075 3045 4132 Cum
3091 4076 3173 4132 sic
3217 4084 3405 4134 autem
3450 4074 3710 4132 docuisset
3750 4077 3797 4128 et

598 4170 671 4224 de
705 4168 989 4224 Trinitatis
1043 4170 1332 4227 divinitate
1385 4173 1762 4239 disseruisset,
1786 4171 1932 4225 clare
1960 4178 2160 4227 tractat
2190 4174 2259 4230 de
2282 4173 2539 4243 supernis
2567 4171 2884 4225 virtutibus.

658 4268 796 4323 Cum
856 4282 989 4323 vero
1040 4267 1108 4321 ad
1156 4274 1365 4321 tantam
1416 4267 1759 4337 pervenisset
1796 4270 2067 4337 gratiam,
2103 4279 2164 4324 ut

588 4360 809 4429 quando
861 4358 1135 4430 Dciparae,
1191 4358 1339 4428 quod
1392 4358 1562 4414 Deum
1621 4361 1863 4430 suscepit
1915 4361 2163 4432 corporis

592 4449 878 4518 emigravit
925 4447 1154 4518 spiritus
1177 4489 1191 4513 ,
1246 4447 1409 4501 simul
1446 4446 1664 4502 adeSset
1701 4464 1825 4502 cum
1864 4453 2161 4519 apostolis,

2330 4267 2440 4321 Κσοὶ
2471 4269 2549 4331 εἰς
2580 4267 2738 4321 τοῦτο
2767 4269 2986 4340 χάριτος
3018 4268 3208 4335 ἐλθὼν,
3238 4269 3339 4335 ὣς,
3372 4269 3532 4342 ἡνίκα
3567 4265 3624 4319 τδ
3667 4259 3799 4315 πνεῦ-

2264 4374 2340 4430 μα
2371 4358 2470 4427 τῆς
2497 4357 2756 4412 Θεοτόκου
2786 4359 3034 4430 σώματος
3071 4360 3345 4432 ὲξεδήμει,
3378 4362 3490 4422 τοῖς
3520 4353 3797 4412 ἀποστόλοις

2259 4450 2349 4504 διά
2382 4451 2688 4523 πνεύματος
2721 4453 2812 4506 καὶ
2844 4454 3071 4524 νεφέλης
3102 4456 3171 4525 τῇ
3206 4457 3329 4526 ἱερᾷ
3358 4453 3545 4507 τούτου
3576 4445 3795 4502 ἐπιστᾶσι

592 4538 685 4606 qui
719 4552 815 4606 per
846 4538 1100 4606 spiritum
1134 4544 1187 4590 et
1220 4536 1419 4590 nubem
1454 4536 1523 4589 ad
1556 4536 1698 4591 hanc
1728 4552 1940 4592 sacram
1971 4553 2157 4594 acces-

2260 4548 2405 4616 ταφῇ
2440 4548 2829 4617 συμπαρεῖναι’
2857 4546 2958 4599 οὐκ
2989 4546 3070 4599 ἔτι
3100 4545 3208 4625 δεῖν
3239 4544 3382 4616 ᾤετο
3415 4546 3512 4617 μιᾷ
3543 4541 3679 4595 πόλει
3696 4536 3796 4636 ταῖς

586 4636 771 4682 serant
809 4629 1177 4697 sepulturam,
1220 4642 1328 4680 non
1364 4626 1600 4696 amplius
1633 4628 1966 4682 existimavit
1999 4644 2161 4699 opor-

590 4731 709 4777 tere
745 4736 850 4775 una
890 4722 1112 4776 civitate
1141 4760 1155 4786 ,
1191 4736 1386 4790 nempe
1414 4721 1641 4776 Athenis
1661 4760 1676 4786 ,
1709 4722 2162 4777 circumscribere

592 4813 728 4868 tales
763 4828 895 4883 opes
933 4813 1161 4883 gratiae;
1218 4812 1314 4867 sed
1364 4812 1553 4867 volens
1591 4814 1954 4881 multiplicare
1989 4815 2163 4866 talen-

590 4912 743 4968 tum,
780 4912 835 4959 et
873 4904 1030 4974 sequi
1061 4904 1145 4959 sui
1176 4903 1423 4974 magistri
1456 4903 1685 4973 vestigia
1708 4946 1720 4968 ,
1752 4904 1959 4958 relictis
1991 4903 2160 4957 Athe-

592 4997 678 5049 nis
698 5035 712 5056 ,
744 5003 797 5049 et
838 5003 985 5050 terra
1014 5007 1067 5051 et
1094 4998 1230 5049 mari
1266 4997 1436 5049 multa
1469 5009 1664 5064 passus
1694 4995 1875 5062 gravia
1900 5033 1915 5059 ,
1948 5008 2048 5048 nec
2088 5001 2164 5047 ta-

590 5101 715 5141 men
740 5088 809 5140 ab
830 5088 911 5143 eis
934 5087 1241 5142 retardatus
1263 5127 1276 5149 ,
1303 5085 1398 5141 sed
1423 5099 1787 5154 supernarum
1813 5098 1999 5137 rerum
2028 5097 2162 5137 con—
2192 5132 2199 5139 .

573 5177 945 5246 temptatione
975 5177 1166 5231 inferis
1199 5177 1453 5231 omnibus
1485 5175 1758 5244 superatis
1778 5212 1793 5238 ,
1843 5173 1911 5226 ad
1955 5174 2160 5241 regiam

577 5263 786 5318 urbem
841 5265 1088 5333 pervenit
1142 5263 1411 5332 Romam;
1466 5271 1520 5318 et
1571 5262 1781 5317 accedit
1828 5260 2047 5331 quidem
2092 5261 2161 5315 ad

576 5355 957 5422 .Clementem,
1002 5358 1095 5427 qui
1134 5366 1261 5410 tunc
1287 5357 1470 5411 sedem
1507 5356 1724 5411 tenebat
1766 5354 2157 5424 apostolicam,

588 5445 795 5518 quique
832 5460 863 5498 a
902 5462 1103 5518 magno
1146 5445 1308 5503 Petro
1353 5446 1532 5500 fuerat
1569 5447 1795 5499 edoctus
1826 5483 1841 5507 ,
1876 5452 1931 5497 et
1967 5441 2057 5496 cui
2091 5442 2161 5496 ab

585 5536 680 5590 illo
738 5534 919 5591 fuerat
966 5537 1177 5593 credita
1226 5538 1405 5594 sedes.
1458 5537 1538 5591 Ad
1597 5549 1722 5591 eum
1774 5550 1904 5604 ergo
1945 5534 2159 5590 accedit

586 5625 911 5699 Dionysius,
968 5639 1022 5686 et
1081 5645 1205 5684 cum
1253 5629 1302 5685 ei
1337 5645 1495 5685 suum
1535 5628 1877 5697 exposuisset
1915 5626 2154 5697 Evangeo

550 5776 571 5794 ⁸
665 5806 684 5848 ι
717 5804 735 5857 1
767 5807 892 5863 Cor.
922 5824 996 5873 ιι,
1028 5810 1120 5864 22.

2275 4633 2523 4705 ’Δθήναις
2552 4632 2644 4687 τὸν
2688 4633 2939 4687 τοσοῦτον
2988 4622 3324 4705 περιγράψαι
3360 4633 3581 4686 πλοῦτον
3604 4628 3693 4697 τῆς
3721 4622 3796 4693 χά·

2266 4743 2411 4798 ριτος
2434 4743 2448 4756 ’
2479 4724 2612 4780 ἀλλά
2637 4726 2698 4778 τὸ
2725 4726 2983 4780 τάλαντον
3017 4726 3455 4780 πολυπλασιάσαι
3492 4721 3791 4794 βουλόμενος,

2262 4816 2356 4871 καὶ
2382 4816 2499 4870 κατ’
2542 4814 2684 4887 ἴχνος
2710 4816 2936 4870 ἕπεσθαι
2967 4815 3046 4887 τῷ
3091 4816 3416 4887 διδασκάλῳ,
3458 4814 3555 4877 τὰς
3601 4809 3791 4877 Ἀθήνας

2263 4905 2571 4969 ἀπολιπὼν,
2618 4905 2788 4959 πολλὰ
2850 4906 2947 4976 μὲν
2991 4905 3131 4960 κατά
3176 4907 3278 4978 γῆν
3311 4905 3530 4970 παθὼν,
3566 4897 3709 4957 πολλᾶ
3742 4892 3788 4945 δὲ

2266 4999 2360 5052 καὶ
2407 4996 2547 5051 κατά
2580 4997 2849 5052 θάλασσαν
2883 4997 3181 5067 ὑπομείνας
3212 4997 3281 5049 τὰ
3312 4996 3561 5066 δυσχερῆ.
3597 4989 3674 5045 καὶ
3701 4998 3783 5055 μη·

2262 5087 2320 5142 δὲ
2362 5089 2466 5141 ὑπὸ
2513 5088 2719 5141 τούτων
2775 5087 3153 5158 κατασχεθεὶς,
3208 5087 3322 5141 ἀλλ’
3375 5088 3515 5158 ὑπὲρ
3560 5083 3618 5136 τὰ
3662 5076 3779 5130 κάτω

2262 5179 2442 5233 πάντα
2475 5182 2542 5250 τῇ
2574 5179 2683 5233 τῶν
2716 5179 2826 5232 ἀνω
2858 5178 3060 5250 θεωρίᾳ
3108 5180 3430 5249 γενόμενος,
3466 5177 3561 5247 τὴν
3587 5161 3783 5250 βασιλίδ⁶

2275 5266 2492 5338 Ῥώμην
2533 5249 2979 5339 καταλαμϐάνει,
3009 5249 3103 5320 καὶ
3148 5267 3395 5337 πρόσεισι
3428 5264 3686 5335 Κλήμεντι
3716 5249 3792 5304 τδν

2263 5357 2612 5412 ἀποστολικὸν
2656 5356 2956 5427 τηνικαῦτα
3007 5356 3196 5428 θρόνον
3240 5357 3473 5410 διέποντι
3509 5370 3522 5383 ’
3555 5352 3609 5415 ὃς
3637 5346 3799 5413 Πέτρῳ

2263 5445 2343 5517 τῷ
2387 5447 2603 5518 μεγάλῳ
2637 5447 2827 5516 ὲφοίτα
2848 5486 2864 5511 ,
2900 5446 2994 5501 καὶ
3025 5446 3117 5499 τὸν
3150 5447 3335 5516 θρόνον
3369 5445 3460 5497 ὑπ’
3496 5440 3685 5496 ἐκείνου
3716 5447 3801 5486 πε-

2269 5538 2541 5593 πίστευτο.
2570 5540 2755 5611 Τούτῳ
2787 5536 2876 5594 οὖν
2903 5540 3149 5610 πρόσεισι
3171 5537 3459 5598 Διονύσιος,
3496 5533 3583 5586 καὶ
3613 5528 3669 5581 τὸ
3696 5520 3800 5579 καθ’

2268 5630 2458 5685 ἑαυτὸν
2478 5632 2836 5703 προσαναθεὶς
2875 5631 3203 5700 Εὐαγγέλιον
3242 5628 3303 5682 τό
3333 5643 3394 5680 τε
3425 5625 3522 5696 τῆς
3554 5616 3803 5677 διακονίας
