4110 6456
480 410 491 415 ’
564 420 717 485 1039

1839 411 2128 476 MENSIS
2166 409 2546 474 OC'I‘OBER.

3644 411 3759 476 1040
3809 372 3832 393 τ

570 542 821 598 doctrina
857 544 1113 614 alligans,
1147 549 1198 596 et
1233 540 1296 593 ad
1344 553 1525 593 veram
1559 537 1766 593 ducens
1826 536 2136 594 sanitatem.
2169 546 2193 601 Α

2125 578 2136 594 .
2169 546 2214 601 Α
2255 542 2341 595 καὶ
2377 542 2507 610 πρὸς
2532 538 2629 609 τὴν
2661 537 2915 609 ἀληθινὴν
2944 536 3092 607 ἄγων
3125 536 3323 606 ὑγείαν.
3343 538 3466 592 Ἀλλ’
3488 540 3621 609 ίναγε
3651 546 3748 600 καθ’

576 635 686 691 Sed
718 644 777 690 ut
807 643 954 690 certa
987 634 1142 688 nobis
1174 633 1256 685 via
1288 630 1546 701 procedat
1574 630 1770 693 oratio,
1794 628 1897 683 hoc
1923 645 2140 701 quoque

574 727 694 796 ejus
723 725 1039 780 admirabile
1061 764 1075 790 ,
1110 730 1167 777 ut
1200 738 1262 777 ex
1296 722 1442 777 illius
1475 721 1719 791 epistolis
1764 721 1891 776 sciri
1930 731 2136 791 potest,

570 817 826 870 narrabo.
894 813 1085 868 Plures
1149 813 1369 883 quidem
1427 822 1581 867 erant
1640 811 1899 884 Dionysio
1958 813 2140 867 thera-

570 915 772 976 peutae,
808 921 951 960 unus
980 914 1162 959 autem
1194 920 1259 958 ex
1290 903 1357 959 iis
1387 909 1504 957 erat
1542 901 1705 957 etiam
1748 901 2133 973 DemOphilus,

567 995 661 1064 qui
691 994 826 1050 civis
857 1002 974 1049 erat
1004 994 1301 1064 provincia:
1337 992 1689 1048 Atheniensis
1709 1034 1724 1061 ,
1755 993 2055 1063 habituque
2084 1004 2137 1049 et

566 1083 677 1137 vita
709 1084 1043 1152 monachus;
1074 1085 1456 1138 monachatum
1485 1093 1665 1138 autem
1691 1084 1740 1137 ei
1764 1082 2135 1151 imposuerant

558 1188 716 1243 .pnrze
856 1186 911 1230 et
1069 1175 1245 1229 sacris
1290 1174 1571 1230 initiantes
1611 1189 1805 1228 manus
1853 1173 2129 1244 Dionysii;

565 1264 701 1319 ordo
740 1264 829 1318 hic
877 1273 931 1319 et
986 1266 1353 1321 ministerium
1404 1267 1521 1322 viro
1565 1266 1656 1321 isti
1687 1282 1717 1320 a
1750 1254 2037 1337 Dionysio,
2071 1274 2131 1321 ut

560 1363 823 1423 praeesset
848 1354 1031 1424 januis
1060 1357 1266 1426 templi.

637 1443 735 1497 llic
791 1461 920 1516 ergo
978 1445 1329 1516 Demophilus
1378 1463 1500 1500 cum
1555 1447 1847 1517 aliquando
1904 1446 2131 1502 vidisset

563 1549 721 1590 suum
762 1537 1172 1606 presbyterum,
1203 1538 1494 1606 quemdam
1544 1538 1769 1608 impium
1804 1545 1966 1608 atque
2004 1553 2132 1607 pec-

558 1636 801 1679 catorem
840 1625 908 1679 ad
946 1626 1323 1694 ptenitentiam
1365 1642 1688 1680 conversum
1714 1666 1729 1691 ,
1770 1627 1955 1695 illique
2002 1641 2132 1696 pro-

544 1715 830 1770 rcidentem
872 1716 1300 1771 misericorditer
1331 1717 1640 1786 excepisse,
1682 1716 1904 1769 minime
1942 1716 2128 1770 leviter

540 1808 738 1863 ferens
759 1847 772 1873 ,
806 1818 861 1861 at
884 1809 1242 1863 exacerbatus
1274 1815 1327 1862 et
1365 1807 1509 1861 intra
1540 1807 1763 1861 sacrarii
1793 1806 1951 1878 adyta
1982 1808 2130 1862 exsi-

2249 635 2366 689 ὁδὺν
2395 636 2423 687 ό
2454 632 2606 700 λόγος
2639 632 2771 702 ἡμῖν
2804 630 2968 702 προΐῃ
2990 669 3003 693 ,
3040 628 3132 683 καὶ
3174 628 3326 682 τοῦτο
3366 632 3621 702 τεράστιον
3662 637 3756 691 τῶν

2248 725 2411 781 αὐτοῦ
2436 766 2450 789 ,
2485 725 2560 787 ὡς
2593 727 2657 778 ἐκ
2687 722 2794 776 τῶν
2828 721 3034 775 ἐκείνου
3067 720 3147 773 ἔνι
3184 721 3365 790 μαθεῖν
3388 762 3402 787 ,
3434 722 3757 795 διηγήσομαιο

2247 816 2502 887 Διονυσίῳ
2534 813 2863 886 θεραπευταὶ
2900 812 2999 883 μὲν
3030 812 3121 866 καὶ⁵
3153 812 3356 884 ἕτεροι,
3391 808 3463 876 εἷς
3492 814 3543 867 δέ
3572 833 3647 879 τις
3674 817 3758 870 αὐ-

2243 910 2352 963 τῶν
2385 909 2478 962 καὶ
2511 904 2833 977 Δημόφιλος.
2871 904 3162 974 Δημοφίλῳ
3209 903 3264 955 δὲ
3313 903 3458 967 πόλις
3488 905 3519 975 ἡ
3548 906 3647 958 τῶν
3685 908 3761 959 Ἀ-

2244 998 2421 1070 θηνῶν
2455 995 2711 1067 ἐπαρχία,
2760 993 2946 1065 σχῆμά
2975 1011 3035 1045 τε
3070 992 3161 1046 καὶ
3199 992 3308 1062 βίος
3343 996 3600 1065 μονήρηςο
3632 994 3687 1047 τὸ
3713 995 3762 1047 δὲ

2245 1091 2478 1161 μονῆρες
2509 1088 2685 1158 τούτῳ
2717 1088 2771 1139 αἱ
2807 1084 3041 1155 καθαραὶ
3097 1083 3187 1136 καὶ
3236 1084 3632 1154 ίεροτελεστικαὶ
3661 1087 3763 1138 Διο-

2240 1180 2422 1232 νυσίου
2457 1180 2635 1248 χεῖρες
2667 1175 2950 1230 ἐπέθεσαν.
2988 1173 3149 1236 Τάξις
3181 1172 3316 1242 αὕτη
3349 1174 3490 1241 παρὰ
3522 1174 3762 1227 Διονυσίου

2239 1271 2330 1322 καὶ
2359 1268 2667 1340 λειτουργία
2694 1266 2772 1337 τῷ
2802 1266 2985 1335 ἀνδρὶ,
3016 1267 3136 1327 ταῖς
3166 1262 3258 1316 τοῦ
3290 1263 3414 1316 ναοῦ
3447 1264 3627 1327 πύλαις
3657 1269 3764 1335 ἐφε-

2239 1361 2445 1413 στάναι.

2318 1449 2375 1501 Ὁ
2407 1448 2584 1501 τοίνυν
2628 1445 2932 1516 Δημόφιλος
2980 1438 3132 1505 οὗτος
3155 1484 3168 1505 ,
3202 1441 3293 1494 τὸν
3324 1442 3507 1494 ἐαυτοῦ
3552 1444 3762 1513 πρεσϐύ-

2232 1553 2389 1608 τερον
2440 1536 2768 1605 θεασὰμενος
2815 1530 3219 1603 ἐπιστραφέντα
3280 1530 3400 1582 τινὰ
3445 1530 3573 1600 πρὸς
3618 1532 3763 1600 μετά-

2232 1646 2378 1681 νοιαν
2431 1625 2728 1696 συμπαθῶς
2780 1624 3243 1695 προσδεξάμενον,
3295 1622 3480 1692 πράως
3512 1624 3604 1675 οὐκ
3634 1624 3764 1691 ἐνεγ-

2232 1717 2374 1779 κὼν,
2423 1717 2556 1770 ἀλλὰ
2606 1717 2955 1786 χαλεπήνας,
3002 1714 3133 1766 εἵσω
3190 1729 3253 1765 τε
3316 1711 3423 1765 τῶν
3471 1711 3559 1764 τοῦ
3603 1712 3764 1764 θυσια-

2231 1809 2451 1880 στηρίου
2487 1808 2694 1860 ἀδύτων
2727 1805 3050 1876 γενόμενος,
3087 1797 3161 1857 ὧν
3213 1803 3509 1856 ἐπιϐαίνειν
3550 1805 3641 1856 οὐκ
3680 1804 3763 1856 ἀσ-

534 1906 707 1955 -διοηε
735 1915 855 1970 quae
898 1900 1107 1970 ingredi
1152 1914 1493 1970 nequaquam
1530 1905 1724 1961 tutum,
1756 1914 1933 1967 neque
1963 1897 2129 1951 attin-

2161 1910 2202 1964 B
2230 1899 2426 1968 φαλὲς,
2461 1897 2579 1950 οὐδὲ
2612 1895 2945 1966 προσψαύειν
2980 1895 3123 1946 ὂσιον
3146 1934 3160 1957 ,
3209 1892 3636 1963 ἐκπομπευθῆναι
3678 1891 3763 1961 μὲν

536 2004 683 2059 ηεεινο
715 2000 998 2054 sanctum,
1036 1990 1237 2045 Sancta
1279 2001 1592 2045 sanctorum
1634 1990 1850 2059 publice
1891 1988 2128 2044 ludibrio

2224 1987 2293 2042 τὰ
2345 1988 2511 2056 Ἀγια
2554 1986 2663 2039 τῶν
2713 1986 2883 2054 ἁγίων
2924 1986 3098 2046 ποιεῖ,
3133 1982 3226 2037 τὸν
3258 1983 3314 2035 δὲ
3345 1981 3538 2050 ἀγαθὸν
3581 1983 3759 2034 ἐκεῖνον

534 2081 741 2136 .haberi
777 2079 963 2147 .facit,
1012 2081 1214 2135 bonum
1263 2089 1442 2134 autem
1497 2080 1648 2133 illum
1696 2078 2030 2133 sacerdotem
2071 2084 2127 2131 et

2225 2079 2376 2150 ἱερέα
2422 2078 2514 2131 καὶ
2558 2079 2762 2148 ἥμερον
2796 2076 3032 2145 πληγαῖς
3063 2075 3122 2127 οὐ
3157 2076 3420 2145 φορηταῖς
3452 2073 3715 2126 ὑποϐάλλει
3744 2088 3757 2102 ·

552 2181 895 2225 mansuetum
952 2171 1125 2240 plagis
1169 2169 1607 2225 intolerabilibus
1655 2168 1912 2238 subjicit,
1963 2176 2125 2237 atque

2223 2170 2366 2224 κατά
2397 2186 2456 2221 τε
2487 2169 2589 2237 τῆς
2622 2169 2828 2238 κόρρης
2862 2167 3038 2221 παίων
3071 2166 3339 2229 ἀντωθεῖ,
3377 2164 3467 2218 καὶ
3500 2163 3625 2234 μετὰ
3656 2164 3760 2216 πολ-

536 2262 607 2315 -in
645 2260 838 2315 faciem
873 2262 1185 2332 percutiens
1222 2261 1512 2326 obnititur,
1552 2268 1605 2315 et
1644 2275 1768 2313 cum
1806 2273 2001 2329 magna
2040 2274 2126 2313 re-

2220 2258 2319 2329 λῆς
2380 2259 2481 2327 τῆς
2544 2258 2725 2320 αἰδοῦς
2789 2258 3082 2328 προσιόντα
3143 2257 3392 2329 θρασέως
3423 2253 3758 2318 ἀπολακτίζει,

541 2352 794 2407 verentia
837 2352 1218 2416 accedentem,
1277 2351 1534 2405 audacter
1580 2350 1827 2404 calcibus
1876 2349 2120 2419 repellit,

2217 2350 2390 2419 ἀσεϐῆ
2422 2349 2593 2417 λέγων
2625 2349 2718 2401 καὶ
2751 2348 3058 2422 ἀλιτήριος),
3092 2348 3185 2400 τὸν
3221 2348 3517 2417 ἁγαθότητι
3549 2345 3760 2415 παρορᾷν

538 2441 776 2511 impium
819 2456 885 2495 ac
929 2443 1220 2497 scelestum
1265 2440 1453 2496 dicens
1500 2456 1623 2495 eum
1669 2440 1763 2509 qui
1806 2453 1870 2494 ex
1913 2439 2124 2494 miseri-

2216 2441 2517 2513 ἠξιωμένον
2550 2442 2618 2495 τὰ
2651 2440 2745 2494 τοῦ
2777 2440 2905 2493 λαοῦ
2932 2441 3097 2511 ὰγνοὴ
3108 2457 3291 2511 ματα,
3323 2438 3413 2492 καὶ
3444 2436 3518 2508 τῷ
3550 2437 3762 2508 ἀρχιερεῖ

536 2530 953 2601 cordiapopuli
983 2531 1325 2601 ignorantias
1370 2530 1653 2600 despicere
1711 2530 2024 2592 statuisset,
2070 2536 2123 2582 et

2216 2533 2474 2604 Διονυσίῳ
2510 2532 2600 2585 καὶ
2640 2529 2987 2602 ἀρχιποιμὲνι
3009 2570 3023 2594 ,
3054 2530 3129 2593 ὡς
3165 2530 3310 2599 μέγα
3343 2546 3394 2581 τι
3429 2528 3557 2598 πρὸς
3586 2526 3758 2597 ἀρετὴν

546 2619 809 2693 Dionysio
840 2623 1129 2692 episcopo,
1161 2630 1325 2692 atque
1356 2632 1632 2691 pastorum
1670 2620 1934 2690 principi,
1966 2619 2121 2688 quasi

2214 2623 2591 2695 εἰργασμένος,
2625 2622 2973 2692 διαχαράττει
3005 2609 3345 2689 τὸ³γεγονός,
3381 2620 3488 2673 ἄνω
3520 2619 3604 2672 καὶ
3632 2619 3762 2672 κάτω

546 2725 803 2782 magnum
871 2710 1002 2781 quid
1054 2712 1121 2766 ad
1177 2713 1437 2766 virtutem
1494 2709 1799 2774 eﬂ‘ecisset,
1859 2708 2122 2764 describit

2213 2714 2457 2784 θρυλλῶν
2505 2715 2604 2784 τῆς
2638 2711 2895 2784 θρασείας
2947 2713 3162 2780 ἐκείνης
3217 2712 3541 2781 ἐπιστολῆς,
3582 2711 3650 2773 ὠς
3678 2710 3759 2777 οὐχ

546 2804 693 2873 quod
733 2803 1040 2868 acciderat,
1096 2817 1303 2872 susque
1341 2801 1517 2871 deque
1549 2800 1767 2870 jactans
1795 2801 1850 2854 i-n
1889 2801 1984 2854 illa
2022 2814 2121 2853 auo

2212 2804 2402 2858 ἑαυτὸν
2452 2805 2686 2875 μᾶλλον,
2734 2802 2867 2861 ἀλλὰ
2916 2803 3007 2856 καὶ
3052 2803 3143 2856 τὸν
3195 2804 3336 2857 Θεὸν
3370 2803 3675 2873 ἐκδικήσειε.
3708 2796 3759 2851 Τί

544 2893 665 2947 daci
691 2893 951 2964 epistola,
983 2892 1130 2963 quod
1169 2907 1277 2946 non
1318 2900 1430 2945 tam
1470 2890 1707 2959 seipsum
1747 2906 1910 2959 quam
1950 2889 2118 2944 Deum

2210 2891 2301 2949 οὖν
2347 2899 2589 2961 ἐκεῖνος;
2624 2891 2711 2965 ἆρ’
2762 2894 2794 2966 ἢ
2841 2894 2901 2947 τὸ
2933 2893 3042 2948 τῶν
3076 2894 3292 2948 πολλῶν
3343 2895 3567 2959 ἔπαθεν,
3614 2892 3643 2963 ἢ
3684 2890 3758 2944 καὶ

545 2986 697 3040 ultus
732 2993 898 3041 esset.
931 2984 1071 3061 Quid
1100 3000 1230 3057 ergo
1263 2985 1398 3039 ille?
1428 2984 1564 3038 Num
1587 3024 1601 3046 ,
1631 2992 1689 3037 ut
1720 2984 1917 3053 vulgus
1946 2982 2117 3048 solet,

2213 2988 2407 3060 μικρὸν
2457 2988 2592 3050 ὅλως
2639 2988 2740 3058 τῆς
2799 2987 3098 3057 συντρόφου
3152 2987 3481 3056 μεταϐαλεῖν
3532 2982 3762 3054 ἐνομίσθη

544 3075 647 3130 fuit
685 3075 868 3130 animo
906 3075 1300 3145 perturbatus?
1331 3082 1423 3128 aut
1464 3081 1749 3143 rcputatus
1777 3079 1863 3126 est
1899 3072 1984 3126 vel
2023 3086 2121 3141 pa-

2208 3080 2609 3152 χρηστότητος;
2675 3077 2969 3149 οθμενουν,
3034 3080 3133 3132 οὐκ
3195 3079 3353 3132 ἔστιν
3414 3079 3608 3131 εἰπεῖν·
3668 3073 3759 3127 οὐδ’

545 3180 666 3219 rum
698 3164 829 3234 quid
862 3162 1088 3218 omnino
1134 3164 1434 3218 mutavisse
1481 3163 1549 3217 de
1591 3178 1654 3217 ea
1703 3162 1947 3217 bonitate
1994 3176 2117 3231 quae
2139 3206 2168 3267 Ε

2139 3206 2185 3268 C
2208 3170 2353 3242 ἔργῳ
2395 3170 2487 3224 τὸν
2532 3171 2889 3241 ἡμαρτηκότα
2951 3171 3238 3242 ἠμύνατο,
3296 3169 3430 3224 ἀλλὰ
3476 3168 3611 3239 λόγῳ
3650 3161 3760 3229 θείῳ

543 3254 594 3308 ei
622 3255 944 3309 coaluerat?
970 3253 1085 3308 Hoc
1115 3254 1339 3309 minime
1367 3254 1474 3308 dici
1515 3262 1718 3323 potest.
1759 3252 1946 3322 Neque
1972 3252 2117 3307 enim
2143 3252 2166 3267 ‘

2143 3252 2185 3268 ν
2209 3261 2305 3315 καὶ
2363 3260 2692 3332 σωτηριώδει
2717 3261 3044 3315 πεπαίδευκε
3070 3279 3083 3292 ·
3119 3261 3230 3333 τὴν
3258 3262 3393 3334 πρὸς
3425 3259 3610 3332 ἀρετὴν
3638 3254 3753 3327 ὁμοῦ

543 3345 689 3400 Ῐειειο
719 3346 866 3400 unus
899 3353 982 3401 εει
1010 3356 1165 3408 θυωο
1208 3345 1301 3413 (Ιυί
1341 3351 1702 3414 ΡοοοθνθνίὶΗ
1744 3344 1837 3398 Sed
1882 3342 2026 3396 ἷθοῑο
2064 3352 2119 3397 et
2206 3352 2298 3406 καὶ
2333 3354 2510 3405 πᾶσαν
2543 3352 2839 3423 εὐκοσμίαν
2870 3352 3146 3407 τυποῠσάν
3178 3371 3250 3407 τε
3284 3355 3378 3407 καὶ
3426 3353 3757 3425 ρυθμίζουσαν
3832 3408 3837 3413 _

541 3451 792 3497 sermone
821 3437 1046 3490 salutari
1077 3436 1307 3501 erudiit,
1337 3451 1457 3505 qua:
1493 3436 1655 3490 simul
1688 3434 1752 3488 ad
1783 3434 2039 3487 virtutem
2063 3441 2129 3489 et

2205 3444 2419 3516 ἐκείνην
2467 3444 2683 3514 γράψας
2717 3443 3002 3514 ἐπιστολὴν
3026 3484 3040 3508 ,
3078 3443 3169 3499 καὶ
3208 3432 3521 3516 πραότητος
3568 3441 3754 3495 ὑπόδει-

537 3541 754 3582 omnem
781 3528 1210 3583 moderationem
1248 3527 1508 3581 informat
1538 3536 1591 3582 et
1624 3524 1903 3596 componit
1923 3566 1936 3585 ,
1970 3526 2115 3578 illam

2203 3550 2318 3605 γμα
2347 3535 2438 3588 τὸν
2483 3534 2724 3607 Ἀαρὼν,
2759 3535 2851 3588 τὸν
2882 3534 3045 3587 Δαυὶδ
3066 3574 3079 3599 ,
3121 3536 3218 3589 καὶ
3253 3538 3471 3608 ἐτέρους
3503 3548 3753 3605 παραστη-

537 3617 788 3673 scribens
826 3619 1118 3689 epistolam
1143 3657 1159 3684 ,
1201 3626 1254 3672 et
1293 3619 1597 3688 exemplum
1638 3615 2115 3682 mansuetudinis,

2203 3626 2468 3695 σάμενος·
2517 3622 2584 3697 ἧς
2625 3627 2712 3680 ἵνα
2742 3627 2842 3699 τὴν
2874 3628 3038 3698 ἄλλην
3074 3628 3216 3699 πρὸς
3261 3631 3323 3683 τὸ
3369 3626 3566 3696 ἀγαθὸν
3610 3639 3754 3678 κατα-

536 3707 750 3775 Aaron,
792 3707 996 3773 David,
1038 3715 1093 3763 et
1133 3710 1271 3763 alios
1313 3709 1611 3764 adducens.
1654 3708 1826 3777 Cujus
1865 3716 1923 3760 ut
1963 3704 2118 3760 omit-

2200 3715 2342 3768 λίπω
2385 3716 2764 3788 παράκλησιν,
2801 3717 2935 3771 ἀλλὰ
2965 3721 3066 3791 τῆς
3110 3722 3362 3791 ὁράσεως
3385 3760 3399 3785 ,
3452 3712 3517 3791 ἦς
3560 3714 3751 3780 διέξεισι

524 3807 647 3854 tam
698 3800 860 3854 aliam
914 3801 982 3855 ad
1031 3800 1236 3855 bonum
1287 3800 1764 3863 exhortationem,
1815 3799 2117 3854 meminero

2200 3806 2336 3876 πρὸς
2381 3807 2541 3859 αὐτὸν
2572 3808 2647 3872 ὡς
2681 3808 2785 3861 ὑπὸ
2816 3810 2910 3862 τοῦ
2944 3810 3053 3863 τῶν
3086 3812 3265 3880 ἁγίων
3299 3810 3599 3880 θεαθείσης,
3635 3821 3752 3875 μνη-

518 3898 684 3946 ιεετιε
735 3891 1002 3957 visionis,
1055 3908 1220 3963 quam
1274 3892 1323 3947 ei
1377 3899 1601 3955 narrat,
1653 3900 1712 3945 ut
1759 3906 1880 3961 quae
1924 3897 2115 3944 sancto

1759 3906 1880 3961 quae
1924 3897 2115 3944 sancto
2201 3897 2469 3969 σθήσομαι
2489 3939 2501 3951 .
2538 3896 2664 3971 Εἶχε
2695 3901 2752 3953 δέ
2784 3901 2924 3954 κατὰ
2957 3902 3101 3967 λέξιν
3133 3902 3340 3967 οὕτως·

522 3985 708 4051 Carpo
749 3983 1089 4053 apparuerit.
1131 3983 1223 4038 Sic
1261 3993 1442 4039 autem
1476 3998 1535 4038 se
1563 3983 1727 4037 habet
1759 3982 1826 4036 ad
1860 3982 2086 4035 verbum
2103 3998 2118 4032 ·.

600 4070 738 4124 Cum
766 4070 1069 4139 aliquando
1104 4072 1159 4125 in
1190 4071 1406 4125 Cretam
1438 4071 1711 4125 venissem
1733 4109 1748 4135 ,
1782 4086 1869 4124 me
1899 4070 2108 4140 Carpus

2270 4073 2563 4146 Γενόμενόν
2617 4078 2682 4149 μέ
2730 4097 2859 4133 ποτε
2911 4080 3051 4139 κατὰ
3101 4081 3205 4154 τὴν
3250 4084 3515 4154 Κρήτην,
3563 4083 3591 4133 ὁ
3630 4074 3755 4148 ἱερὸς

534 4154 772 4224 hospitio
806 4157 1060 4227 excepit,
1112 4158 1218 4218 vir,
1262 4157 1308 4211 si
1349 4159 1471 4226 quis
1510 4157 1685 4221 alius,
1726 4166 1949 4226 propter
1998 4172 2113 4209 nia-

2198 4163 2574 4238 ὲξεναγώγησε
2610 4171 2864 4239 Κάρπος,
2901 4174 3037 4245 ἀνὴρ
3056 4214 3070 4238 ,
3100 4175 3196 4227 καὶ
3232 4174 3289 4227 εἴ
3319 4192 3406 4238 τις
3448 4173 3599 4236 ἄλλος
3620 4212 3634 4235 ν
3681 4166 3755 4220 διὰ

520 4247 926 4315 ·ειιτιιιι,ιιιθηιίε
957 4247 1251 4317 puritatem
1285 4247 1352 4299 ad
1381 4246 1712 4301 cernendum
1744 4245 1912 4300 Deum
1942 4247 2112 4315 aptis--

2196 4254 2395 4326 πολλὴν
2430 4256 2776 4330 καθαρότητα
2809 4261 2899 4314 νοῦ
2934 4262 3070 4333 πρὸς
3103 4263 3368 4317 θεοπτίαν
3415 4257 3754 4332 ἐπιτηδειότα-

535 4336 729 4391 simus.
771 4334 957 4408 Neque
996 4337 1141 4391 enim
1182 4352 1371 4391 sacros
1410 4338 1798 4407 mysteriorum
1840 4345 1978 4391 ritus
2017 4354 2111 4407 ag-

2197 4358 2287 4405 τος
2321 4358 2335 4371 '
2373 4342 2465 4395 καὶ
2497 4344 2627 4412 γοῦν
2659 4346 2779 4400 οὐδὲ
2809 4352 2931 4413 ταῖς
2965 4351 3148 4417 ἁγίαις
3183 4351 3299 4405 τῶν
3337 4350 3645 4422 μυστηρίων
3683 4361 3758 4398 τε-

534 4427 921 4499 grediebatur,
968 4429 1075 4483 nisi
1120 4430 1274 4500 prius
1314 4429 1417 4497 ipsi
1463 4430 1517 4481 in
1554 4428 1622 4483 iis
1662 4428 1952 4499 precibus,
1990 4445 2111 4499 quae

2195 4434 2374 4500 λεταῖς
2439 4438 2745 4509 ἐνεχείρει,
2802 4439 2877 4511 μὴ
2938 4442 3208 4514 πρότερον
3277 4443 3432 4514 αὑτῷ
3492 4439 3624 4494 κατὰ
3669 4435 3754 4496 τὰς

533 4527 690 4576 antea
723 4520 909 4590 perfici
941 4522 1153 4585 solent,
1191 4535 1347 4575 sacra
1385 4528 1439 4574 et
1480 4521 1600 4573 laeta
1645 4521 1988 4590 apparuisset
2025 4520 2156 4620 vi-I

2133 4524 2539 4620 Ιἐγιιτρινὶτελείους
2600 4528 2803 4600 εὐχὰς,
2855 4532 3007 4602 ἱερᾶς
3071 4533 3164 4586 καὶ
3218 4534 3490 4606 εὐμενοῦς
3537 4530 3756 4620 ὁράσεως

533 4609 639 4665 sio.
690 4607 742 4665 ιε
785 4612 1004 4680 quidem
1046 4610 1348 4673 narrabat,
1396 4625 1521 4663 cum
1563 4624 1595 4662 a
1624 4609 1890 4679 quodam,
1932 4610 2024 4679 qui
2077 4607 2156 4663 a‘

2137 4607 2638 4688 ’ἐπιφαινομένηᾳ
2679 4620 2901 4687 Ἔλεγεν
2946 4617 3072 4687 οὖν,
3122 4622 3242 4688 ὅτι,
3293 4621 3650 4692 λελυπηκότος
3678 4613 3760 4667 “'5'

532 4702 636 4758 tide
669 4703 1039 4774 religioneque
1076 4712 1267 4758 nostra
1301 4701 1649 4766 abhorreret,
1691 4700 1831 4756 forte
1865 4700 2114 4757 oifensus‘

2192 4702 2285 4756 τόν
2319 4722 2448 4758 ποτε
2490 4705 2598 4761 τῶν
2630 4709 2874 4764 ἀπίστων
2905 4713 3050 4775 τινὸς
3074 4752 3088 4777 ,
3127 4713 3202 4785 (η
3250 4713 3402 4783 λύπη
3453 4713 3510 4766 δὲ
3550 4706 3645 4781 ἦν,
3688 4706 3757 4757 ὅτι

508 4802 675 4850 esset
710 4794 728 4866 (
754 4796 993 4851 tristitiae
1022 4803 1203 4850 autem
1228 4809 1398 4849 .causa
1432 4799 1580 4858 erat,
1610 4792 1755 4863 quod
1788 4794 1877 4848 ille
1905 4794 1975 4849 ab
2006 4792 2107 4847 Ec-

2190 4796 2291 4867 τῆς
2336 4797 2658 4871 Ἐκκλησίας
2709 4805 2914 4868 ἐκεῖνος
2973 4804 3095 4858 τινὰ
3129 4806 3273 4877 πρὸς
3327 4806 3391 4859 τὸ
3442 4805 3593 4859 ἄθεον
3636 4801 3753 4852 ἁπε-

528 4885 695 4939 clesia
745 4887 1039 4961 quemdam
1088 4887 1157 4941 ad
1211 4887 1439 4957 impium
1491 4888 1700 4941 cultum
1752 4878 2111 4947 traduxerat).

2193 4885 2507 4958 πλάνησεν’)
2557 4889 2637 4943 ἔτι
2686 4892 2796 4947 τῶν
2841 4892 3080 4964 Ἰλαρίων
3128 4894 3361 4967 ἡμερῶν
3414 4891 3560 4962 αὐτῷ
3605 4887 3755 4943 τελου-

508 4985 642 5029 ηιυιη
680 4990 806 5057 cum
845 4977 1034 5043 etiam,
1077 4976 1146 5030 ab
1187 4976 1306 5047 ipso
1347 4978 1688 5047 (Christiano
1721 4984 1941 5045 propter
2004 4973 2104 5028 ba.

2196 4975 2411 5047 μένων,
2459 4978 2576 5033 δέον
2638 4981 2966 5055 ἀμφοτέρων
3021 4986 3436 5057 ἁγαθοπρεπῶς
3486 4975 3749 5052 ὑπερεύξα·

517 5056 803 5141 ptismum)
839 5066 1035 5120 hilaria
1084 5075 1411 5137 agerentur,
1468 5082 1597 5120 cum
1657 5066 1946 5136 benignam
2002 5081 2101 5134 pro

2194 5066 2353 5133 σθαι,
2394 5070 2483 5122 καὶ
2529 5071 2660 5124 Θεὸν
2708 5076 2931 5146 σωτῆρα
2980 5056 3337 5148 συλλήπτορα
3369 5078 3629 5134 λαϐόντα,
3669 5067 3742 5119 τὸν

526 5163 759 5226 utroque
806 5156 876 5210 ad
934 5155 1101 5211 Deum
1161 5158 1529 5226 precationem
1585 5155 1810 5212 fundere
1872 5172 2100 5213 necesse

2195 5158 2294 5229 μὲν
2326 5161 2650 5233 ἐπιστρέψαι
2684 5204 2697 5228 ,
2732 5164 2825 5218 τὸν
2857 5166 2912 5218 δὲ
2944 5166 3247 5237 ἀγαθότητι
3284 5168 3543 5238 νικῆσαι,
3575 5159 3649 5215 κξίι
3681 5152 3742 5223 μὴ

520 5256 704 5313 esset,
742 5247 962 5319 Deoque
1002 5259 1281 5305 servatore
1320 5250 1575 5319 adjutore
1609 5249 1900 5318 adjuncto,
1944 5248 2095 5301 illum

2189 5251 2454 5306 διαλιπεῖν
2491 5254 2844 5310 νουθετοῦντα
2874 5257 2961 5310 διὰ
2998 5258 3113 5328 βίου
3148 5259 3362 5322 παντὸς
3387 5300 3401 5321 ,
3438 5258 3592 5329 ἄχρις
3618 5243 3670 5305 0'3
3696 5242 3748 5297 ἐδ

519 5339 741 5411 quidem
796 5350 1144 5404 convertere,
1187 5342 1333 5395 hunc
1372 5352 1556 5395 autem
1593 5342 1812 5395 vincere
1850 5339 2099 5409 benigni-

2193 5342 2467 5413 σήμερον,
2505 5346 2595 5399 καί¹
2628 5347 2802 5412 οὕτως
2836 5349 2927 5402 ἐπὶ
2959 5349 3057 5420 τὴν
3092 5349 3247 5404 θείαν
3298 5352 3503 5412 αὐτοὺς
3552 5341 3754 5412 ἀγαγεῖν

517 5440 665 5499 tate,
696 5448 797 5488 nec
837 5432 1107 5490 desistere
1146 5434 1441 5488 admonere
1485 5449 1577 5503 per
1614 5447 1774 5487 omne
1804 5432 1927 5485 vitae
1959 5440 2096 5485 tem-

2192 5433 2388 5501 γνῶσιν
2414 5476 2427 5500 ,
2460 5437 2535 5501 ὼς
2558 5437 2623 5491 ἂν
2654 5439 2752 5510 ἤδη
2788 5440 2880 5492 καὶ
2912 5439 3021 5493 τῶν
3053 5439 3562 5511 ἀμφισϐητησίμων
3593 5430 3753 5490 αὺτοῖς

518 5541 623 5596 pus
655 5541 829 5595 usque
858 5526 928 5581 ad
958 5526 1104 5581 hunc
1136 5526 1315 5595 ipsum
1344 5526 1487 5581 diem
1510 5565 1525 5593 ,
1558 5533 1721 5596 atque
1763 5526 1837 5579 ita
1875 5526 2091 5579 demum

2199 5529 2522 5598 κρινομένων
2544 5568 2559 5594 ,
2594 5531 2685 5583 καὶ
2716 5531 2824 5585 τῶν
2856 5531 3064 5599 ἀλόγως
3097 5532 3526 5603 θρασυνομένων
3566 5523 3759 5590 ἐννόμῳ

516 5630 612 5672 eos
641 5617 709 5671 ad
738 5616 833 5673 Dei
865 5617 1117 5672 notitiam
1147 5617 1449 5682 deducere,
1577 5616 1745 5684 quasi
1849 5616 1962 5686 jam
1994 5630 2053 5670 ea
2076 5654 2089 5678 ,

2187 5615 2312 5691 δίκῃ
2361 5624 2654 5690 σωφρονεῖν
2686 5622 3138 5694 ἀναγκαζομένων
3159 5638 3173 5650 ·
3198 5605 3201 5608 ί
3227 5622 3347 5675 ἀλλ’
3384 5623 3442 5673 ἐν
3489 5613 3660 5685 ἐαυτῷ
3692 5608 3758 5682 μὴ

474 5730 483 5735 -
518 5703 588 5758 de
621 5706 823 5775 quibus
862 5715 1020 5763 antea
1058 5706 1408 5771 dubitarent,
1450 5705 1749 5776 dijudicata
1787 5714 1998 5773 essent,
2038 5712 2091 5761 et

2192 5709 2455 5782 πρότερον
2487 5712 2645 5765 τοῦτο
2677 5712 2865 5767 παθὼν
2896 5752 2910 5777 ,
2951 5715 3051 5768 οὐκ
3081 5712 3184 5769 οἷδ’
3220 5714 3376 5776 ὅπως
3408 5712 3532 5765 τότε
3574 5703 3760 5772 πολλὴν

509 5793 590 5844 .ab
625 5793 691 5847 iis
721 5811 842 5863 qua
869 5796 1274 5852 inconsiderate
1304 5797 1428 5851 ausi
1456 5804 1675 5863 essent,
1713 5798 1947 5869 legitime
1978 5811 2091 5868 pa:-

2191 5816 2314 5856 τινα
2344 5801 2439 5868 τὴν
2470 5803 2791 5873 δυσμένειαν
2825 5805 2917 5858 καὶ
2949 5806 3049 5880 τὴν
3084 5805 3321 5860 πικρίαν
3358 5799 3584 5871 ἐντήξας
3633 5798 3764 5848 km“
