4110 6446
538 423 676 492 1043
705 514 709 519 θ

1798 418 2092 481 MENSIS
2139 416 2509 482 OCTOBER.

3652 421 3766 489 IOL-l

558 514 709 586 Haec
752 535 879 588 sunt
938 548 1059 601 quae
1117 549 1219 603 ego
1283 532 1507 597 audita,
1572 546 1702 588 vera
1761 547 1883 589 esse
1935 532 2101 587 credo

2235 531 2407 587 Ταῦτά
2439 532 2585 584 ἐστιν
2613 524 2649 581 ἃ.
2694 524 2804 592 ἐγὼ
2849 518 3101 591 ἀκηκοὼς
3124 514 3387 587 ,πιστεύω
3422 520 3577 593 ἀληθῆ
3614 522 3749 580 sim,

628 614 919 690 Dionysius
946 621 1127 689 itaque
1151 622 1205 675 in
1235 621 1398 677 rebus
1418 622 1673 679 omnibus
1706 629 1824 677 erat
1853 621 1989 677 adeo
2018 622 2121 676 mi-

556 714 649 780 tis,
685 714 1021 777 misericors,
1054 720 1109 768 et
1132 713 1298 768 abira
1327 714 1561 777 alienus,
1591 722 1650 767 ut
1671 730 1781 784 quo
1809 713 1972 768 altior
1998 726 2125 766 eva-

553 807 717 862 debat
746 804 926 870 factis,
953 820 1019 860 eo
1051 821 1110 860 se
1142 807 1319 874 magis
1366 806 1632 860 modestia
1674 806 2003 871 demitteret,
2034 819 2121 859 re-

552 898 676 968 gula
706 895 883 951 factus
911 898 1169 952 omnibus
1222 898 1289 951 ad
1338 905 1643 960 veritatem,
1697 904 1751 951 et
1801 898 2023 950 lucerna
2055 896 2124 949 ad

551 988 928 1045 deducendum
974 990 1043 1046 ad
1088 991 1141 1044 id
1174 990 1317 1059 quod
1360 998 1443 1044 est
1479 991 1692 1044 melius.
1724 988 1991 1054 Quocirca
2025 1004 2125 1042 nec

550 1096 670 1136 eam
701 1083 962 1138 abscondi
993 1083 1097 1138 sub
1130 1082 1312 1139 modio
1337 1081 1465 1134 sivit
1483 1081 1550 1146 is,
1584 1081 1675 1150 qui
1707 1088 1792 1134 est
1841 1080 1992 1133 solus
2027 1093 2123 1131 au-

552 1182 672 1228 ctor
699 1177 942 1230 omnium
971 1194 984 1230 :
1022 1175 1115 1232 sed
1145 1177 1199 1229 in
1231 1176 1342 1229 alto
1374 1175 1525 1244 ponit
1577 1190 1683 1243 per
1727 1174 1979 1225 virtutem
2008 1190 2020 1225 :
2073 1177 2127 1225 ct

552 1266 695 1319 fama
714 1268 966 1336 protinus
991 1265 1317 1336 pervadens,
1350 1267 1651 1320 cauebatur
1667 1265 1722 1317 in
1741 1279 1835 1317 ore
1856 1262 2122 1325 omnium,

551 1355 608 1410 in
635 1356 894 1412 omnibus
922 1372 1116 1411 omnes
1150 1358 1369 1411 vincere
1412 1355 1757 1426 Dionysium.
1808 1353 1979 1407 Porro
2028 1370 2125 1405 au-

551 1459 659 1504 tem
686 1464 878 1504 omnes
906 1449 975 1503 ad
992 1466 1116 1504 eum
1140 1449 1515 1512 conﬂuebant,
1549 1465 1657 1502 non
1687 1448 1864 1501 solum
1902 1447 2127 1516 popula—

552 1554 641 1594 res
668 1547 722 1594 et
752 1540 1019 1605 forenses,
1050 1541 1143 1595 sed
1166 1540 1258 1610 qui
1282 1549 1439 1595 erant
1461 1540 1664 1595 eruditi
1686 1546 1739 1594 et
1769 1539 2011 1607 insignes
2034 1556 2044 1589 :
2072 1542 2126 1589 ct

551 1631 644 1701 qui
673 1631 830 1700 prius
852 1632 1178 1686 laborabant
1208 1632 1444 1695 insania,
1476 1638 1529 1685 et
1554 1629 1685 1685 feris
1729 1627 2007 1687 crudelius
2049 1629 2126 1680 la-

551 1723 811 1778 cerabant
833 1722 1158 1789 Ecclesiam,
1192 1723 1257 1777 ad
1303 1724 1457 1777 illum
1492 1726 1668 1778 virum
1720 1722 2002 1777 venientes
2026 1760 2041 1784 ,
2071 1726 2126 1774 et

553 1814 932 1869 admirabilem
984 1815 1131 1868 illam
1187 1822 1242 1868 et
1270 1814 1512 1869 divinam
1544 1814 1783 1884 linguam
1814 1813 2121 1875 audientes,

2292 619 2448 674 Οὖτω
2470 618 2540 672 τὰ
2564 618 2741 671 πάντα
2758 615 2928 687 πρᾶος
2947 609 3014 684 ἦν
3041 613 3134 666 καὶ
3156 612 3439 683 συμπαθὴς
3467 615 3551 666 καὶ
3576 614 3749 686 ἀόργηο

2220 710 2443 780 aegon};
2459 711 2570 772 τοῖς
2593 707 2772 780 ἔργοις
2791 704 3009 776 ὑψοῦτο,
3026 702 3261 773 τοσούτῳ
3286 702 3361 772 τῷ
3381 706 3655 773 φρονήματι
3676 723 3752 758 τα.

2224 802 2576 873 πεινούμενος
2596 818 2609 831 ·
2642 796 2822 853 κανὼν
2847 800 2960 858 τοῖς
3002 797 3135 847 πᾶσι
3180 794 3309 864 πρὸς
3342 795 3554 865 ἀρετήν’
3586 795 3752 865 λύχνος

2221 895 2301 955 εἰς
2340 891 2560 962 ὀδηγίαν
2602 887 2697 942 τοῦ
2744 887 3069 959 κρείττονος.
3104 882 3227 936 Δι’ὂ
3265 883 3392 954 μηδὲ
3430 884 3528 937 ὑπὸ
3553 885 3635 937 τὸν
3670 888 3753 956 μό-

2221 982 2330 1036 διον
2377 983 2403 1034 ό
2445 981 2551 1035 τῶν
2583 979 2834 1034 ἁπάντων
2883 975 3053 1037 αἴτιος
3092 974 3246 1045 μόνος
3280 973 3595 1043 κρύπτεσθαι
3630 991 3756 1026 συνε-

2223 1078 2498 1145 χωρησεν·
2533 1073 2646 1126 ἀλλ’
2690 1073 2772 1139 ἐφ’
2794 1067 2997 1140 ὑψηλοῦ
3023 1066 3089 1119 δι’
3137 1064 3335 1135 ἀρετῆς
3381 1064 3579 1133 τίθησι·
3615 1066 3757 1136 καὶὴ

2222 1167 2400 1236 φήμη,
2422 1163 2625 1226 εὐθέως
2643 1161 2901 1224 λαϐοῦσα,
2932 1160 3018 1212 διὰ
3044 1158 3258 1210 πάντων
3290 1154 3382 1228 ᾖδε
3417 1157 3692 1226 στομάτων,
3710 1157 3757 1210 ἐν

2223 1258 2355 1309 πᾶσι
2393 1256 2608 1308 πάντων
2648 1255 2866 1324 κρατεῖν
2889 1249 3182 1303 Διονύσιον.
3214 1248 3321 1298 Καὶ
3353 1245 3419 1316 δὴ
3437 1245 3565 1308 πρὸς
3595 1245 3759 1298 τοῦτον

2224 1347 2422 1407 πάντες
2456 1344 2743 1415 ἐπέρρεοψ
2770 1343 2829 1394 οὐ
2857 1341 2917 1395 τὸ
2946 1341 3008 1410 δη
3018 1339 3193 1411 μῶδες
3217 1336 3372 1407 μόνον
3400 1322 3759 1406 καὶᾶγοραῖον,

2224 1435 2338 1490 ἀλλ’
2373 1438 2494 1488 ὅσον
2523 1436 2617 1488 καὶ
2643 1434 2751 1486 τῶν
2785 1431 3083 1501 ἐλλογίμων
3106 1425 3172 1500 ἦν
3195 1430 3289 1481 καὶ
3311 1427 3604 1495 ἐπιφανῶν·
3640 1426 3686 1479 οἵ
3711 1443 3761 1478 τε

2226 1528 2488 1599 πρότερον
2509 1528 2573 1595 τῇ
2601 1525 2766 1595 μανίᾳ
2795 1522 3241 1593 κατειλημμένοι,
3269 1518 3361 1571 καὶ
3384 1516 3556 1589 θηρῶν
3585 1517 3765 1587 ὠμότε-

2230 1634 2319 1683 ρον
2344 1615 2441 1686 τὴν
2493 1614 2814 1684 Ἐκκλησίαν
2847 1614 3270 1684 σπαράττοντες,
3294 1610 3368 1674 ὼς
3390 1611 3476 1663 τὸν
3520 1610 3671 1682 ἄνδρα
3689 1626 3764 1679 γι-

2225 1708 2459 1777 νόμενοι,
2486 1707 2579 1759 καὶ
2604 1708 2702 1776 τῆς
2726 1704 3041 1775 θαυμαστῆς
3070 1701 3284 1771 ἐκείνης
3319 1701 3409 1754 καὶ
3433 1700 3573 1763 θείας
3617 1698 3767 1767 γλώτ-

2225 1816 2323 1868 της
2350 1800 2656 1861 ἀκούοντες,
2688 1797 2748 1849 τό
2766 1814 2825 1849 τε
2868 1794 2978 1849 τῶν
3018 1794 3258 1866 καρδιῶν
3304 1792 3526 1864 σκληρὸν
3561 1793 3766 1863 ἐμαλάτ-

553 1905 738 1960 cordis
768 1905 853 1960 sui
885 1907 1204 1960 molliebant
1224 1907 1508 1970 duritiam,
1540 1914 1594 1959 et
1616 1882 1683 1958 ad
1715 1920 1897 1960 veram
1928 1913 1982 1959 et
2017 1903 2126 1973 pri-

2235 1905 2398 1953 ιοντο,
2430 1889 2524 1942 καὶ
2561 1888 2640 1958 τῷ
2686 1886 2926 1957 ἀληθινῷ
2957 1886 3051 1939 καὶ
3087 1882 3292 1955 πρώτῳ
3329 1884 3460 1951 φωτὶ
3493 1882 3766 1953 προσῄεσαν

550 2014 694 2049 mam
723 1998 901 2051 lucem
927 1998 1264 2051 accedebant
1317 2013 1416 2066 per
1444 1997 1752 2066 baptisma;
1807 2012 1916 2065 quo
1954 1995 2127 2065 magis

551 2096 709 2142 erant
731 2087 1051 2143 inﬂammati
1081 2090 1147 2143 ad
1189 2090 1405 2154 vitium,
1425 2105 1491 2144 eo
1521 2088 1906 2143 ferventiorem
1937 2095 2125 2141 osten-

549 2178 741 2234 dentes
786 2179 1261 2253 clrristianismum
1284 2219 1300 2242 ,
1331 2189 1385 2235 et
1414 2180 1483 2235 ad
1517 2193 1786 2235 summam
1811 2218 1826 2243 ,
1860 2178 1992 2231 nihil
2014 2184 2125 2231 tam

548 2276 668 2324 erat
686 2269 740 2322 in
763 2284 859 2324 ore
886 2271 1152 2334 omnium,
1172 2286 1335 2340 quam
1358 2271 1671 2342 Dionysius.
1700 2270 1836 2325 Cum
1861 2286 1991 2341 ergo
2013 2270 2127 2325 haec

549 2362 696 2417 fama
723 2362 804 2418 sic
825 2362 1168 2432 pervaderet,
1202 2364 1455 2419 doctrina
1495 2371 1677 2419 autem
1709 2364 2050 2427 dilataretur,
2076 2373 2128 2419 et

549 2453 685 2511 ﬁdes
736 2454 1157 2510 conﬁrmaretur
1209 2455 1518 2511 evidentius
1544 2498 1559 2523 ,
1604 2471 1694 2511 res
1726 2456 1906 2510 delata
1945 2454 2125 2510 estad

548 2545 940 2611 Domitianum,
981 2546 1050 2601 ad
1080 2546 1442 2601 saavissimum
1470 2548 1700 2617 inquam
1735 2545 2123 2609 Domitianum,

549 2638 633 2692 vel
657 2646 717 2691 ut
742 2637 915 2707 magis
941 2638 1163 2707 proprie
1191 2638 1392 2698 dicam,
1424 2637 1858 2701 Daznionianum,
1882 2638 1974 2706 qui
1994 2652 2116 2691 con.

548 2743 631 2784 tra
662 2730 829 2786 Deum
863 2731 1080 2786 locutus
1114 2730 1216 2785 fuit
1257 2731 1602 2799 iniquitatem
1658 2728 1714 2782 in
1771 2727 2027 2797 superbia
2074 2733 2129 2781 et

548 2823 973 2891 contemptione,
1007 2835 1062 2877 et
1086 2838 1308 2877 manum
1347 2822 1461 2876 Deo
1492 2821 1771 2876 inimicam
1801 2821 1999 2875 extulit
2028 2818 2127 2872 ad-

547 2928 741 2969 versus
765 2912 925 2968 Iidem
965 2914 1420 2973 cbristianorum.
1455 2912 1555 2967 Hic
1577 2927 1708 2982 ergo
1738 2912 1867 2981 quid
1917 2910 2128 2964 maelii-

549 3006 749 3059 natur?
771 3006 854 3060 vel
877 3006 1061 3075 potius
1090 3006 1220 3076 quid
1253 3006 1483 3060 docetur
1506 3021 1535 3058 a
1567 3014 1722 3074 patre
1759 3019 1858 3059 suo
1884 3002 2129 3057 Satana?

548 3094 753 3152 Omnes
773 3096 994 3165 quidem
1029 3097 1147 3167 qui,
1186 3112 1305 3166 qua
1326 3097 1614 3152 christiani
1649 3098 1913 3156 sentiunt,
1945 3095 2130 3165 despi-

549 3202 711 3254 cere;
751 3164 1073 3259 Dionysium
1104 3164 1287 3243 autem
1343 3189 1519 3245 solum
1573 3187 1641 3242 de
1693 3187 1871 3241 medio
1902 3164 2126 3253 tollere;

2235 3168 2542 3243 φρονοῦσιν,
2592 3164 2887 3236 ὑπεριδεῖν,

549 3276 654 3334 hoc
688 3280 892 3345 sciens,
919 3281 1068 3351 quod
1100 3281 1146 3337 si
1189 3296 1313 3336 eum
1375 3281 1555 3336 solum
1609 3279 1821 3342 vicerit,
1873 3279 2130 3333 omnibus

551 3371 715 3429 fuerit
832 3368 1083 3441 superior
1113 3386 1129 3437 ;
1243 3374 1329 3428 sin
1353 3372 1561 3434 minus,
1590 3385 1781 3424 omnes
1808 3367 1923 3423 fore
1946 3367 2131 3421 Domi-

551 3465 701 3521 tiano
722 3463 1000 3519 fortiores.
1034 3463 1334 3535 Postquam
1359 3471 1541 3518 autem
1569 3463 1686 3517 haec
1712 3470 1891 3516 mente
1924 3460 2129 3530 agitas-

549 3564 654 3621 set,
689 3571 814 3611 eum
845 3556 1051 3611 excitat
1075 3556 1156 3609 ira
1189 3555 1459 3612 adversus
1485 3562 1802 3624 martyrem,
1828 3561 1885 3607 et
1926 3553 2130 3606 furoris

551 3663 806 3720 quaerens
824 3648 1307 3711 medicamentum,
1335 3647 1544 3701 nullum
1577 3643 1724 3698 aliud
1743 3644 1967 3710 invenit,
1994 3659 2133 3715 prae-

550 3748 634 3796 ter
660 3739 780 3808 ejus
805 3749 1055 3794 mortem.
1089 3738 1224 3792 Cum
1261 3739 1445 3809 itaque
1481 3736 1832 3804 omnesyqui
1864 3736 1984 3804 ejus
2029 3736 2131 3788 im-

551 3832 703 3902 perio
742 3831 1024 3901 parebant,
1063 3837 1473 3900 congregasset,
1506 3842 1712 3897 eosque
1743 3827 2132 3897 assumpsisset

548 3923 641 3993 qui
674 3931 831 3977 erant
861 3922 911 3977 ei
939 3921 1177 3976 amentia
1217 3918 1648 3997 similesnmittit
1673 3917 1740 3971 ad
1780 3918 2130 3987 quaerendum

549 4010 868 4083 martyrem.
904 4029 923 4061 ι
952 4009 1038 4074 Ει,
1060 4011 1104 4065 si
1136 4009 1185 4064 ei
1204 4009 1448 4079 quidem,
1489 4008 1688 4078 inquit,
1720 4007 2126 4077 persuaseritis,

550 4111 612 4158 ut
637 4103 703 4156 ad
734 4111 980 4158 nostram
1004 4101 1324 4155 traducatur
1347 4100 1686 4169 religionem,
1721 4099 1826 4151 hoc
1847 4105 1952 4160 est,
1978 4097 2127 4167 quod

550 4195 838 4251 desidero:
876 4207 1115 4261 cumque
1166 4205 1291 4246 eum
1346 4191 1671 4258 acceperitis
1705 4190 2009 4253 vobiscum,
2049 4203 2133 4243 re-

550 4285 849 4342 vertimini.
883 4283 981 4338 Sin
1010 4291 1191 4336 autem
1229 4282 1408 4335 adhuc
1442 4281 1807 4351 permanserit
1859 4280 1914 4334 in
1967 4279 2130 4349 impia

551 4377 837 4447 religione,
869 4389 994 4431 eum
1025 4381 1201 4427 morte
1227 4372 1609 4429 condemnate.
1654 4391 1672 4423 ι

623 4467 705 4523 11ιί
730 4474 913 4523 autem
949 4481 1074 4521 cum
1109 4464 1225 4519 haec
1248 4464 1557 4519 audiissent
1582 4464 1651 4517 ab
1695 4462 2045 4533 imperatore,
2080 4470 2135 4520 et

2225 1980 2313 2034 διὰ
2333 1980 2426 2033 τοῦ
2458 1980 2862 2050 βαπτίσματοςο
2901 1979 3010 2048 ὅσῳ
3068 1977 3231 2030 πλέον
3294 1975 3400 2027 τῶν
3456 1974 3617 2027 ἄλλων
3652 1972 3767 2044 πρὸς

2227 2072 2424 2125 κακίαν
2446 2069 2634 2141 πρώην
2660 2070 3039 2138 ὲφλέγμαινον,
3063 2067 3306 2138 τοσούτῳ
3335 2065 3516 2131 ζέοντα
3542 2063 3628 2116 τὸν
3656 2065 3768 2134 Χρι-

2230 2162 2543 2232 στιανισμὸν
2564 2161 2804 2215 ὲνδεικνύ
2813 2177 2990 2232 μενοι·
3022 2161 3115 2212 καὶ
3153 2158 3293 2219 ὅλως
3316 2156 3462 2210 οὐδὲν
3486 2152 3644 2215 οὕτως
3681 2152 3768 2204 ἀνὰ

2228 2256 2402 2326 στόμα
2431 2257 2544 2316 τοῖς
2573 2255 2755 2316 πᾶσιν,
2784 2254 2866 2305 ὅτι
2902 2252 2975 2322 μὴ
3008 2250 3287 2313 Διονύσιος
3304 2245 3391 2320 ἦν.
3435 2247 3518 2310 Ὠς
3540 2241 3623 2299 οὖν
3648 2242 3767 2296 οὕτω

2225 2346 2421 2409 ταῦτα,
2456 2348 2550 2399 καὶ
2580 2347 2614 2415 ἡ
2635 2345 2789 2415 φήμη
2817 2343 3113 2413 διέτρεχεν,
3145 2345 3178 2412 ὴ
3200 2340 3516 2395 διδασκαλία
3544 2355 3598 2390 τε
3630 2334 3767 2387 ἐπλα-

2225 2437 2431 2501 τύνετο,
2490 2438 2644 2506 καὶὴ
2695 2435 2877 2497 πίστις
2936 2431 3255 2486 ὲ6ε6αιοῦτο
3323 2430 3664 2501 τρανότερον,
3703 2425 3768 2485 είς

2226 2528 2394 2593 ἀκοὰς
2438 2527 2561 2598 ἣκει
2612 2527 2675 2579 τὸ
2711 2528 2941 2597 πρᾶγμα
2977 2521 3324 2594 Δομετιανῷ,
3376 2514 3666 2591 Δομετιανῷ
3705 2511 3768 2582 τῷ

2228 2624 2405 2673 πάντα
2436 2618 2620 2689 δεινῷ·
2640 2615 2980 2686 Δαιμονιανῷ
3005 2615 3061 2666 δὲ
3094 2613 3299 2685 μᾶλλον
3339 2613 3505 2664 εἰπεῖν
3552 2604 3770 2659 οἰκειότε-

2228 2731 2343 2789 ρον,
2370 2712 2447 2783 τῷ
2467 2710 2759 2781 λαλήσαντι
2789 2706 2930 2761 κατὰ
2953 2705 3046 2759 τοῦ
3069 2705 3203 2759 Θεοῦ
3244 2705 3473 2765 ἀδικίαν,
3507 2702 3561 2753 ὲν
3593 2699 3767 2789 ὑπερη-

2229 2787 2397 2876 ιρανίᾳ
2421 2806 2514 2857 καὶ
2542 2799 2911 2865 ὲξουδενώσει,
2936 2800 3030 2852 καὶ
3049 2801 3210 2867 χεῖρα
3247 2795 3507 2865 θεομάχον
3543 2788 3669 2843 κατὰ
3690 2787 3768 2856 τῆς

2226 2894 2335 2948 τῶν
2361 2890 2705 2964 Χριστιανῶν
2745 2890 2936 2959 ἄραντι
2986 2888 3250 2949 πίστεως.
3296 2881 3458 2946 Οὗτος
3495 2878 3581 2934 οὖν
3610 2877 3656 2930 τί
3688 2893 3771 2945 μη·

2228 2987 2478 3058 χανᾶται,
2507 2983 2704 3054 μᾶλλον
2730 2981 2786 3034 δὲ
2814 2980 2866 3033 τί
2899 2979 3050 3049 παρὰ
3080 2978 3172 3031 τοῦ
3203 2976 3414 3048 πατρὸς
3440 2970 3593 3025 αὑτοῦ
3620 2966 3770 3058 Σαταν

2229 3076 2636 3139 ὲκπαιδεύεται;
2677 3073 2890 3125 πάντων
2935 3072 3032 3141 μὲν
3067 3070 3174 3127 τῶν
3217 3071 3339 3122 ὅσοι
3378 3064 3443 3119 τὰ
3478 3054 3772 3141 Χριστιανῶν

2918 3138 3191 3216 Διονύσιον
3245 3161 3303 3215 δὲ
3355 3157 3506 3230 μόνον
3534 3152 3688 3213 ἑλεῖν,
3722 3138 3770 3199 εὖ

2232 3260 2408 3324 εἰδὼς,
2430 3260 2524 3321 ὡς,
2548 3258 2597 3310 εί
2624 3255 2815 3309 τούτου
2834 3254 3187 3324 περιγένηται
3216 3252 3407 3322 μόνου,
3429 3247 3627 3300 πάντων
3646 3241 3774 3292 ἔσται

2232 3354 2513 3425 κρατήσας
2529 3367 2542 3380 ⁸
2584 3349 2632 3401 εἰ
2657 3348 2713 3400 δὲ
2746 3346 2819 3418 μὴ
2847 3346 3058 3407 τούτου,
3083 3340 3418 3414 Δομετιανοῦ
3442 3338 3622 3396 πάντες
3652 3327 3779 3425 στερ-

2234 3418 2463 3515 ρότεροι.
2508 3442 2661 3495 Ἐπεὶ
2684 3440 2740 3493 δὲ
2772 3438 2945 3493 ταῦτα
2967 3439 3191 3500 ἐνενόει,
3219 3438 3255 3488 ὁ
3280 3433 3447 3504 θυμὸς
3480 3426 3628 3482 αὐτὸν
3655 3418 3775 3488 ἐγεί-

2234 3554 2318 3612 ρει
2347 3534 2489 3590 κατᾶ
2518 3533 2611 3589 τοῦ
2647 3533 2941 3604 μάρτυρος,
2971 3531 3064 3583 καὶ
3093 3530 3275 3599 ζητῶν
3309 3528 3405 3597 τῆς
3436 3519 3615 3595 μανίας
3640 3514 3770 3612 illi“:

2232 3626 2389 3679 τοῦτο
2414 3626 2570 3697 μόνον
2600 3626 2862 3695 εὑρίσκει,
2892 3621 2982 3675 τὸν
3009 3620 3174 3675 αὐτοῦ
3203 3620 3451 3674 θάνατον.
3482 3609 3676 3680 Ἀμέλει
3696 3601 3774 3697 12l-

2235 3722 2443 3781 πάντας
2465 3720 2590 3780 τοὺς
2619 3718 2724 3770 ὑπὸ
2782 3719 2938 3787 χεῖρα
2990 3713 3336 3780 συναγαγὼν,
3358 3709 3479 3768 τοὺς
3511 3691 3769 3787 ἀπηνεσῖέ’

2239 3828 2363 3884 ρους
2388 3827 2446 3862 τε
2474 3810 2567 3861 καὶ
2596 3807 2839 3869 ἐοικότας
2861 3804 3009 3874 αὐτῷ
3032 3802 3129 3873 τὴν
3178 3800 3439 3855 ἀπόνοιαν
3464 3784 3783 3884 «apernicqu

2237 3875 2380 3959 κατὰ
2407 3902 2632 3973 ζήτησιν
2661 3901 2935 3970 ἐκπέμπει
2964 3896 3057 3949 τοῦ
3091 3896 3391 3965 μάρτυρος,
3422 3887 3528 3951 καὶ,
3562 3902 3578 3933 ι
3614 3880 3667 3933 Εἰ
3696 3875 3775 3973 μέν

2234 3998 2313 4069 τῷ
2340 3995 2590 4068 ἡμετέρῳ
2607 3993 2813 4057 τοῦτον,
2846 3991 2998 4062 φησι,
3025 3985 3357 4059 μεταθέσθαι
3383 3980 3662 4046 σεϐάσματι

2238 4106 2380 4152 σετε,
2411 4087 2553 4141 τοῦτ’
2585 4086 2709 4156 ἐμοὶ
2736 4083 2796 4137 τὸ
2826 4082 3159 4153 ποθούμενον
3183 4118 3197 4141 ,
3232 4078 3327 4131 καὶ
3366 4071 3607 4128 λαϐόντες
3643 4055 3776 4156 at???”

2242 4183 2357 4254 μεθ’
2388 4180 2617 4243 ἑαυτῶν,
2649 4175 3023 4249 ἀναστρέψατε
3043 4191 3054 4204 ·
3076 4175 3124 4226 εί
3154 4173 3213 4226 δὲ
3235 4171 3314 4224 ἔτι
3330 4171 3395 4239 τῇ
3424 4157 3654 4218 δυσσεϐεῖ
3681 4148 3779 4205 ἑπι-

2242 4253 2416 4348 μένων
2446 4272 2530 4346 εἴη
2562 4271 2850 4345 θρησκείᾳ,
2882 4268 3111 4323 θάνατον
3142 4263 3311 4319 αὐτοῦ
3342 4253 3698 4326 κατακρίνατε.
3731 4260 3746 4293 ι

2306 4467 2370 4520 υι
2399 4465 2475 4523 δὲ,
2506 4463 2663 4516 τοῦτο
2691 4459 2843 4532 παρὰ
2870 4458 2963 4512 τοῦ
3000 4456 3330 4529 κρατοῦντος
3360 4448 3686 4506 ἀκούσαντες,

556 4560 744 4617 furore
777 4559 1236 4622 accenderentur,
1290 4557 1383 4628 qui
1412 4557 1465 4610 in
1495 4557 1577 4612 eis
1613 4556 1915 4620 habitabat,
1966 4564 2019 4611 et
2067 4556 2129 4611 ad

2240 4575 2300 4612 τε
2330 4557 2561 4626 συνοίκῳ
2586 4555 2751 4626 μανίᾳ
2774 4522 2784 4532 '
2804 4522 3227 4621 ὑποτυφόμενοι,
3261 4548 3356 4601 καὶ
3394 4536 3686 4628 δραστήγριοι
3719 4522 3783 4592 τῷ

555 4671 644 4711 res
675 4653 946 4726 gerendas
976 4666 1134 4707 acres
1183 4650 1361 4705 videri
1412 4650 1615 4705 vellent
1673 4650 1721 4705 ei
1757 4650 1852 4719 qui
1886 4650 2133 4716 miserat,

553 4757 845 4818 postquam
874 4750 1150 4800 venerunt
1183 4742 1239 4798 in
1272 4742 1503 4797 Galliam
1534 4750 1798 4812 tanquam
1830 4742 1956 4797 ferae
1988 4759 2127 4813 qure-

552 4839 678 4893 dam
709 4838 965 4893 irruunt:
1004 4844 1059 4891 et
1088 4850 1214 4890 cum
1248 4848 1493 4899 omnem,
1524 4850 1646 4904 qua:
1678 4835 1829 4890 circa
1861 4836 1967 4890 sita
1996 4842 2135 4902 erat,

552 4929 978 4986 conturbassent
1004 4927 1308 4998 regionem,
1342 4935 1709 4996 corrumpunt
1749 4926 2135 4996 simpliciores,

554 5029 615 5076 ut
646 5020 909 5077 docerent
940 5022 1163 5076 ubinam
1205 5019 1402 5075 beatus
1447 5016 1744 5090 Dionysius
1800 5029 2134 5072 versaretur.

554 5113 853 5184 Postquam
875 5120 1056 5168 autem
1083 5111 1379 5166 audierunt
1429 5125 1554 5165 eum
1589 5110 1798 5165 versari
1832 5111 1885 5164 in
1918 5112 2139 5168 civitate

554 5204 921 5267 Parisiorum,
958 5202 1192 5259 necdum
1225 5219 1338 5259 rem
1363 5209 1535 5257 totam
1565 5201 1855 5257 audierant
1876 5217 1999 5256 cum
2027 5203 2140 5265 illic

553 5299 777 5356 adsunt.
818 5295 1026 5353 Deinde
1078 5302 1464 5368 percontantes
1501 5294 1569 5351 de
1614 5295 1777 5350 rebus
1807 5294 2139 5350 christiano-

553 5407 700 5457 rum,
724 5390 1013 5447 inveniunt
1045 5388 1171 5444 ﬁdei
1197 5388 1506 5444 doctrinam
1538 5403 1661 5443 esse
1705 5388 2013 5459 dispersam
2043 5404 2139 5459 per

552 5492 725 5541 totam
748 5483 1070 5541 civitatem:
1126 5481 1196 5537 de
1241 5481 1526 5537 miraculis
1552 5481 1813 5552 martyris
1853 5480 1989 5535 ﬁunt
2017 5496 2135 5536 cer-

553 5576 748 5641 tiores,
780 5575 929 5648 quod
949 5588 1145 5631 omnes
1171 5573 1403 5638 scilicet,
1438 5572 1535 5644 qui
1562 5572 1705 5629 male
1758 5587 1820 5651 se
1849 5570 2137 5639 baberent,

553 5677 839 5727 curasset:
869 5675 926 5726 et
951 5666 1075 5725 ideo
1103 5666 1511 5724 incredulorum
1551 5666 1619 5722 ad
1649 5681 1773 5721 eum
1808 5662 2140 5720 conﬂuxisse

557 5770 855 5824 catervam,
890 5769 945 5817 et
971 5777 1029 5818 se
1047 5759 1367 5828 adiunxisse
1389 5772 1519 5816 vero
1547 5758 1639 5815 Dei
1668 5757 1872 5813 cultui:
1907 5764 1961 5811 et
1993 5755 2139 5828 quod

570 5851 748 5906 omnis
778 5851 1070 5909 Germania
1116 5868 1237 5925 quae
1270 5853 1456 5909 multis
1506 5853 1660 5924 prius
1708 5851 1960 5925 gravibus
1994 5837 2138 5907 viiii:

2241 4650 2517 4720 πέμψαντι
2540 4646 2687 4711 δόξαι
2708 4642 3171 4716 φιλοτιμούμενοι,
3191 4641 3317 4694 ἐπεὶ
3336 4638 3434 4708 τὴν
3450 4627 3656 4684 Γαλλίαν
3675 4631 3783 4720 κατ-

2243 4711 2456 4805 έλαϐον,
2513 4739 2588 4804 ὥς
2615 4711 2760 4801 τινες
2790 4711 3087 4807 εἰσπηδῶσι
3119 4735 3287 4806 θῆρες
3309 4748 3324 4763 ο
3371 4728 3463 4784 καὶ
3504 4723 3665 4777 πᾶσαν
3691 4711 3785 4807 pata-

2242 4834 2578 4908 ταράξαντες
2597 4833 2697 4904 τὴν
2728 4805 3056 4902 περίχωρον,
3089 4826 3483 4896 ὑποφθείρουσι
3509 4816 3624 4908 τοὺς,⁶
3658 4805 3782 4908 ξῦκῗξ

2242 4901 2533 4999 λῶτέρους,
2561 4925 2631 4979 τὰ
2653 4901 2902 4979 κατὰίτδν
2927 4901 3195 4994 μακάριον
3225 4916 3435 4980 διδάξαι
3454 4929 3511 4963 τε
3538 4901 3780 4999 misine?!

2246 4980 2251 4982 ⁷
2268 4980 2311 4981 Vi
2387 4980 2397 4999 |
2492 4980 2509 4990 '
2521 4980 2533 4989 ’
2927 4980 2940 4994 I
3083 4980 3092 4992 ι

2245 5019 2538 5074 Διονύσιον.
2583 5018 2668 5080 Ὠς
2695 5017 2753 5070 δὲ
2779 5015 2966 5069 τοῦτον
2995 5017 3052 5067 ὲν
3071 5010 3314 5083 Παρισίᾳ
3342 5008 3409 5079 τῇ
3442 5002 3583 5057 πόλει
3618 4980 3778 5083 διαῖξί’

2249 5112 2365 5167 6ειν
2385 5111 2649 5165 ἐπύθοντο
2667 5150 2682 5175 ,
2712 5107 2865 5162 οῦπω
2893 5106 2954 5160 τὸ
2984 5106 3094 5159 πᾶν
3123 5102 3412 5163 ἐπύθοντο,
3463 5094 3554 5150 καὶ
3582 5089 3633 5155 τῇ
3657 5074 3772 5181 ξδλει

2249 5204 2588 5274 ἐφίστανται.
2616 5197 2751 5256 Εἶτα
2764 5198 2835 5253 τὰ
2862 5200 2991 5271 περί
3019 5197 3127 5250 τῶν
3148 5188 3492 5266 Χριστιανῶν
3521 5178 3775 5274 ἐρευνωσξνν

2252 5297 2564 5369 εὑρίσκουσι
2594 5295 2844 5363 πανταχῇ
2887 5291 2957 5345 τὰ
2974 5291 3073 5362 τῆς
3117 5289 3359 5347 πίστεως
3414 5257 3787 5337 καιτεσιισυρμένίι

2247 5366 2575 5460 διδάγματα.
2609 5388 2744 5459 Περὶ
2782 5386 2879 5439 σῶν
2910 5382 3002 5438 τοῦ
3035 5382 3315 5454 μάρτυρος
3356 5366 3641 5445 τεραστίων

2253 5481 2525 5545 Θάνουσιν,
2555 5481 2629 5543 ὡς
2656 5480 2783 5542 τοὺς
2814 5477 2940 5549 περί
2968 5494 3020 5530 τι
3066 5474 3323 5543 πονήρως
3367 5466 3597 5556 ἔχοντας,
3623 5455 3797 5556 παῖταῗ

2255 5575 2482 5630 ἰάσαιτο.
2540 5572 2847 5628 Κὰντεῦθεν
2892 5570 2954 5624 τὸ
2999 5568 3109 5624 τῶν
3163 5565 3412 5621 ἀπίστων
3467 5547 3798 5644 αὐτῷ-στῖῖὲτξξ

2250 5667 2585 5741 ὲπιρῥεῦσαν
2611 5668 2678 5736 τῇ
2710 5662 2991 5733 θεοσεϐείᾳ
3019 5659 3301 5716 συνέθετου
3358 5651 3451 5706 καὶ

2558 5720 2851 5823 πολλοῖς,τὸ
2872 5720 3105 5829 πρόσθεν
3133 5751 3227 5805 καὶ
3253 5746 3443 5806 δεινοῖς

2255 5819 2453 5911 πάθεσί
2482 5871 2540 5908 τε
2571 5854 2662 5909 καὶ
2694 5819 2977 5922 πράξεσιν,
3000 5848 3060 5901 οὐ
3096 5844 3198 5918 μὴν
3231 5840 3366 5896 ἀλλὰ
3415 5833 3504 5888 καὶ
3533 5819 3801 5879 εέδωλικοῖί
