4110 6432
387 348 529 420 1045

1380 352 1567 418 νΙΤΑ
1597 354 1662 417 S.
1698 355 2051 419 DIONYSII
2091 353 2636 425 AREOPAGITAE.

3528 362 3683 426 1M6-

416 463 749 537 ὑποκειμένη
784 462 1105 537 σεϐάσμασι,
1136 468 1443 523 τὸνόίκεῖον
1467 470 1688 540 αὐχένα,
1720 472 1837 532 ταῖς
1867 476 1977 526 Διο-

2086 466 2350 522 servierat
2373 476 2428 521 et
2482 464 2640 519 factis
2667 503 2681 526 ,
2714 464 3010 534 quinetiam
3042 463 3291 534 subjecta
3322 473 3441 518 erat
3471 470 3642 521 cultui

420 556 602 611 νυσίου
629 555 886 627 διδαχαῖς,
917 558 1123 612 ἐκεῖθεν
1151 559 1497 627 ὑπεξελοῖωα,
1518 560 1597 632 τῷ
1623 561 1717 614 τοῦ
1748 564 1984 632 Χριστοῦ

419 648 570 721 ζυγῷ
609 649 942 719 ὑπηγάγετο.
998 650 1083 714 Ὠς
1114 646 1204 704 οὖν
1249 652 1328 716 είς
1354 651 1555 720 γνῶσιν
1585 654 1765 716 αὐτοῖς
1784 692 1799 717 ,
1843 653 1985 708 οὕτω

417 742 591 796 ταῦτα
618 741 713 795 καὶ
750 740 918 794 πολλὰ
954 741 1120 814 ἕτεραι
1166 743 1444 811 γεγονέναι
1484 745 1730 813 ἀφίκετο,
1771 746 1873 816 τήν
1923 762 1983 799 τε

418 831 513 886 τοῦ
540 830 777 905 Χριστοῦ
808 833 1041 903 ποίμνην
1058 833 1448 905 αὐξανομένην,
1478 836 1572 888 καὶ
1609 837 1734 900 τοὺς
1778 838 1989 894 ἑαυτῶν

417 925 576 988 θεοὺς
595 925 1054 998 παρεωραμένους
1082 924 1287 996 ἑώρων,
1317 924 1414 988 τάς
1440 942 1500 978 τε
1528 925 1747 990 τελετὰς
1800 945 1986 1001 περιυ-

419 1015 737 1088 ϐρισμένας,
768 1017 860 1069 καί
879 1018 961 1080 είς
987 1016 1115 1085 γόνυ
1158 1015 1413 1071 κλίνασαν
1440 1017 1539 1087 τὴν
1584 1018 1865 1082 ἀσέϐειαν,
1894 1020 1986 1074 ἐπὶ

421 1107 620 1179 μᾶλλον
661 1107 971 1162 ὲκκαίονται
989 1148 1004 1172 ,
1051 1107 1146 1162 καὶ
1176 1109 1265 1161 τὸν
1293 1108 1495 1162 τούτων
1536 1108 1706 1163 αῖτιον
1733 1111 1865 1163 ὅπου
1895 1112 1989 1165 καὶ

415 1197 706 1269 διαπρίϐων
732 1198 839 1269 εἴη,
860 1198 1239 1254 πυνθάνονται·
1264 1199 1355 1253 καὶ
1383 1199 1472 1253 τὸν
1491 1200 1777 1273 μακάριον,
1795 1201 1984 1274 ἀθρόον

419 1290 854 1354 δπεισπεσόντες,
901 1292 997 1345 σὺν
1040 1284 1157 1362 ἅμα
1204 1291 1459 1362 δεσμοῦσι
1497 1296 1610 1357 τοῖς
1652 1296 1769 1365 μετ’
1799 1294 1989 1359 αὑτοῦ,

416 1381 517 1454 τὴν
546 1381 696 1436 θείαν
739 1381 842 1436 ἀνὰ
871 1383 1043 1453 στόμα
1070 1383 1288 1455 διδαχὴν
1318 1384 1398 1437 έτι
1426 1384 1679 1456 φέροντα,
1718 1387 1813 1440 καὶ
1853 1403 1986 1460 προ·

419 1471 683 1542 κάθηνται
712 1470 984 1534 λυσσῶδές
1015 1490 1068 1526 τι
1103 1475 1194 1527 καὶ
1237 1474 1460 1543 μανικὸν
1489 1476 1582 1529 ἐπὶ
1600 1476 1698 1547 τὴν
1744 1475 1997 1542 ἐξέτασιν.

418 1560 691 1625 πνέοντες.
713 1561 954 1616 Είσεισιν
982 1558 1074 1616 οὖν
1100 1564 1129 1615 δ
1147 1564 1406 1631 γεννάδας
1427 1564 1543 1635 ἅμα
1582 1566 1877 1637 Ῥουστικῷ
1896 1568 1989 1622 καὶ

434 1651 771 1724 Ἐλευθερίῳ,
810 1653 1036 1724 ἀτρόμῳ
1077 1653 1286 1726 διανοίᾳ
1327 1656 1421 1709 καὶ
1463 1657 1993 1730 πεπαρρησιασμένῃ

418 1741 589 1815 ψυχῇ,
620 1742 809 1815 ὥσπερ
835 1745 917 1807 είς
947 1745 1162 1817 ἑορτὴν,
1192 1745 1289 1798 οὐκ
1316 1747 1395 1809 εἰς
1421 1746 1609 1814 ἀγῶνα
1638 1747 1988 1819 καλούμενος.

2085 557 2526 619 simulacrorum,
2554 556 2754 609 collum
2777 572 2934 608 suum
2957 573 3019 610 ex
3051 557 3134 610 his
3153 558 3517 621 subtractum,
3549 558 3661 612 do-.

2085 649 2262 702 ctrina
2297 647 2566 717 Dionysii,
2599 647 2882 714 subjunxit
2920 648 3052 716 jugo
3076 648 3299 703 Christi.
3331 650 3467 704 Cum
3517 666 3650 720 ergo

2086 740 2219 803 haec,
2255 747 2307 793 et
2340 740 2507 792 multa
2531 739 2637 792 alia
2681 737 2825 792 facta
2853 755 2995 802 esse,
3050 742 3117 793 ad
3172 755 3362 795 eorum
3412 741 3657 797 venisset

2082 831 2478 901 cognitionem,
2517 838 2573 885 et
2624 830 2829 885 Christi
2862 847 3080 901 gregem
3134 834 3359 902 augeri,
3409 844 3461 888 et
3518 849 3663 889 suos

2082 921 2212 977 deos
2237 922 2499 978 vidissent
2539 920 2755 978 habitos
2795 921 3076 992 despectui
3103 963 3118 984 .
3175 931 3230 979 et
3258 939 3356 979 sua
3391 926 3658 994 mysteria.

2081 1014 2381 1076 contemni,
2405 1020 2458 1068 et
2486 1012 2804 1068 inclinatam
2833 1029 2956 1069 esse
2981 1015 3335 1084 impietatem,
3363 1018 3535 1087 magis
3558 1031 3652 1071 ac-

2081 1103 2411 1168 cenduntur,
2441 1110 2496 1157 et
2520 1112 2717 1172 rogant
2745 1105 2966 1158 ubinam
2989 1105 3282 1171 habitaret,
3317 1106 3407 1175 qui
3458 1121 3659 1161 eorum

2080 1203 2199 1250 erat
2228 1202 2453 1249 auctor:
2479 1201 2533 1249 et
2566 1202 2790 1264 repente
2820 1196 2877 1250 in
2903 1196 3122 1251 beatum
3156 1198 3427 1252 irruentes
3449 1196 3649 1266 Diony-

2081 1286 2244 1349 sium,
2262 1301 2389 1340 eum
2418 1285 2582 1341 simul
2614 1287 2786 1356 ligant
2813 1303 2937 1343 cum
2963 1288 3035 1344 iis
3057 1289 3291 1359 quicum
3324 1289 3441 1361 ipso
3468 1298 3657 1356 erant,

2081 1377 2137 1432 in
2167 1393 2261 1433 ore
2290 1377 2530 1445 divinam
2556 1378 2738 1432 adhuc
2769 1378 3056 1435 habentem
3081 1380 3417 1448 doctrinam;
3461 1383 3653 1451 pransi.

2078 1467 2226 1534 dent,
2253 1468 2461 1525 rabiem
2502 1476 2557 1524 et
2588 1468 2827 1525 furorem
2850 1471 3125 1541 spirantes
3181 1470 3249 1524 ad
3291 1473 3656 1527 examinatioa

2080 1573 2224 1615 nem.
2257 1559 2575 1630 Ingreditur.
2624 1575 2755 1631 ergo
2778 1561 2859 1615 vir
2879 1575 3179 1631 generosus
3199 1561 3363 1616 simul
3385 1578 3507 1616 cum
3537 1561 3652 1618 Ru-

2082 1651 2221 1706 stico
2246 1659 2303 1706 et
2327 1651 2660 1715 Eleutherio,
2698 1661 2879 1708 lltellle
2903 1652 3056 1706 ﬁrma
3093 1667 3155 1707 ac
3186 1654 3371 1709 stabili
3392 1662 3446 1710 et
3476 1655 3657 1711 libero

2082 1742 2284 1807 animo,
2314 1744 2539 1812 perinde
2556 1759 2627 1797 ac
2659 1744 2704 1798 si
2742 1752 3030 1799 vocaretur
3058 1746 3124 1799 ad
3174 1744 3395 1809 festum,
3445 1761 3555 1800 non
3581 1746 3650 1800 ad

420 1835 614 1906 Καὶδὴ
654 1834 897 1905 θρασέως
929 1835 1071 1888 οὕτω
1112 1836 1207 1888 καὶ
1248 1836 1563 1908 αὐστηρῶς,
1603 1837 1669 1891 ἵν’
1714 1840 1778 1891 ὲκ
1806 1855 1983 1909 προοι-

2081 1841 2377 1889 certamen.
2425 1833 2759 1905 Arroganter
2805 1836 2969 1906 igitur
3016 1843 3072 1892 et
3126 1852 3319 1907 aspere
3346 1875 3361 1899 ,
3413 1844 3471 1890 ut
3523 1853 3648 1891 eum

423 1926 546 1997 μίου
570 1923 729 1989 εὐθὺς
758 1924 1164 1996 καταπλήξωσι,
1197 1928 1327 1995 φασὶ
1349 1928 1484 1998 πρὸς
1525 1928 1683 1981 αὐτόν
1703 1945 1716 1958 ·
1753 1947 1771 1979 ι
1796 1929 1868 1981 Σὺ
1915 1924 1986 1992 εἷ,

416 2011 465 2072 ὦ
490 2017 772 2089 καταράτη
801 2016 1030 2089 κεφαλὴ,
1060 2018 1231 2081 ὁτοὺς
1257 2018 1556 2089 ἡμετέρους
1586 2018 1739 2081 θεοὺς
1782 2020 1838 2072 έν
1882 2036 1989 2091 μη-

416 2108 529 2163 δενὶ
553 2109 853 2180 τιθέμενος,
896 2111 992 2163 καὶ
1019 2109 1116 2181 τὴν
1144 2110 1298 2191 ἡμῶν
1321 2112 1385 2163 ὲκ
1418 2111 1582 2181 μέσου
1616 2111 1837 2180 ποιῆσαι
1867 2110 1992 2181 θρη-

418 2198 605 2252 σκείαν
645 2199 995 2268 φιλονεικῶνς
1042 2200 1352 2271 Ἀπὸκριναι
1392 2199 1524 2264 οὖν,
1576 2203 1639 2256 τὸ
1668 2202 1844 2270 γένος,
1891 2204 1990 2274 τὴν

416 2291 808 2363 ὲνεγκαμένην,
838 2292 902 2345 τὸ
926 2292 1279 2364 ἐπιτήδευμα.
1307 2312 1325 2344 ι
1357 2293 1414 2347 '0
1442 2293 1518 2361 δὲ,
1551 2294 1990 2367 Θαρραλεώτερος

420 2382 618 2452 μᾶλλον
662 2384 741 2454 τῷ
785 2384 929 2456 πρὸς.
958 2385 1192 2465 ξζριστὺν
1229 2386 1520 2456 γενόμενος
1562 2387 1752 2459 ἐρωτιι
1790 2406 1808 2439 ι
1850 2388 1990 2456 Ἐγὼ

418 2472 538 2543 μὲν,
565 2465 611 2525 ὧ
637 2467 812 2537 οὗτος,
847 2474 1029 2543 φησὶν,
1078 2474 1165 2528 ῖνα
1207 2472 1277 2527 τὰ
1312 2474 1409 2527 τοῦ
1455 2475 1644 2543 γένους
1691 2476 1763 2529 τόν
1790 2494 1854 2545 γε
1894 2477 1990 2531 νῦν

415 2557 538 2629 ἔχον
564 2561 657 2613 καὶ
692 2560 790 2631 τὴν
826 2562 1059 2632 πατρίδα
1091 2562 1281 2632 παρῶ,
1340 2563 1578 2635 Χριστοῦ
1630 2563 1814 2627 δοῦλος
1850 2560 1989 2621 εἶναι

411 2651 808 2721 ὁμολογῶ,μκαὶ
840 2653 983 2723 μόνῳ
1007 2652 1179 2723 τούτῳ
1207 2652 1285 2722 τῷ
1321 2670 1383 2705 τε
1418 2654 1637 2725 ἀνάρχῳ
1678 2655 1854 2726 Πατρὶ
1896 2657 1988 2710 καὶ

411 2740 492 2812 τῷ
546 2742 797 2813 σ’δναῖδίῳ
852 2743 1015 2795 αὐτοῦ
1088 2743 1333 2814 λατρεύω
1400 2746 1713 2817 Πνεύματιολ
1739 2744 1989 2815 πέφευγα

410 2830 469 2884 δὲ
498 2832 592 2885 καὶ
618 2832 716 2902 τῆς
745 2832 1130 2903 ὐμῶνιπλάνης
1151 2851 1164 2865 ·
1208 2834 1286 2905 τῷ
1313 2834 1421 2907 γὰρ
1456 2836 1573 2905 ἐμῷ
1617 2836 1837 2908 Χριστῴ
1886 2838 1986 2891 πέ-

411 2921 597 2984 ποιθα,
628 2920 959 2993 καθαιρέτης
993 2924 1376 2996 στερρότατος,
1426 2924 1685 2996 ἀλείπτης
1727 2928 1988 2998 Χριστια-

410 3014 522 3074 νοῖς
572 3012 710 3083 πρὸς
766 3012 965 3084 ἀρετὴν
1017 3015 1379 3084 ἑτοιμότατος.
1430 3017 1574 3088 Πρὸς
1616 3016 1787 3070 ταῦτα
1832 3019 1883 3072 el
1932 3036 1985 3073 τι

2079 1923 2567 1993 perterrefacerent
2625 1926 2810 1980 statim
2855 1926 2913 1980 in
2969 1927 3274 1996 principio,
3321 1928 3372 1981 ei
3408 1928 3645 1982 dicunt:

2084 2030 2103 2064 ι
2163 2011 2244 2068 Tu
2312 2030 2406 2081 es,
2462 2030 2496 2069 ο
2552 2016 2947 2070 exsecrandum
3010 2026 3214 2086 caput,
3271 2018 3362 2087 qui
3429 2028 3649 2073 nostros

2078 2102 2210 2159 deos
2240 2103 2397 2157 nihili
2420 2103 2577 2167 facis,
2611 2111 2667 2158 et
2698 2106 2984 2159 contendis
3117 2100 3185 2157 de
3324 2107 3504 2161 medio
3550 2122 3649 2160 no-.

2077 2199 2247 2247 stram
2276 2194 2468 2249 tollere
2494 2195 2843 2265 religionem?
2868 2194 3158 2265 Responde
3183 2211 3313 2265 ergo
3332 2237 3344 2259 ,
3392 2197 3538 2266 quod
3577 2199 3651 2252 sit

2078 2289 2230 2336 tuum
2261 2299 2454 2353 genus,
2482 2299 2605 2353 qua:
2636 2293 2687 2338 te
2721 2284 2909 2339 tulerit
2961 2284 3157 2354 patria,
3212 2292 3266 2339 et
3308 2286 3454 2354 quod
3493 2293 3653 2342 tuum

2075 2374 2341 2430 studium.
2370 2394 2389 2427 ι
2434 2373 2528 2430 llle
2560 2384 2762 2438 autem.
2816 2389 3002 2430 amore
3032 2374 3090 2429 in
3125 2376 3405 2431 Christum
3449 2378 3501 2432 ei
3550 2378 3648 2431 ad-

2075 2465 2238 2521 dente
2273 2466 2515 2520 animum
2537 2504 2551 2528 ,
2587 2474 2643 2520 et
2686 2464 2922 2520 faciente
2982 2480 3108 2520 eum
3158 2466 3651 2521 conﬁdentiorcm:

2083 2574 2102 2608 ι
2124 2552 2238 2625 Ego
2266 2555 2508 2626 quidem,
2538 2555 2739 2625 inquit,
2765 2570 2798 2609 ο
2826 2571 2947 2620 vos,
2978 2563 3103 2611 utet
3131 2574 3304 2626 genus
3328 2567 3384 2612 et
3415 2558 3652 2627 patriam
3680 2606 3684 2610 .

2076 2647 2321 2701 omittam
2356 2647 2410 2700 in
2437 2640 2755 2716 praesentia,
2779 2662 2863 2701 me
2885 2646 3092 2701 Christi
3118 2663 3333 2703 servum
3364 2664 3488 2704 esse
3514 2664 3651 2704 cons

2077 2738 2252 2803 llteor,
2285 2747 2477 2793 etcum
2517 2740 2718 2801 solum,
2742 2746 2798 2793 et
2829 2737 3078 2805 Patrem,
3110 2740 3203 2809 qui
3243 2747 3393 2794 caret
3434 2741 3643 2807 princi-

2077 2831 2185 2902 pio,
2216 2838 2275 2884 et
2300 2841 2627 2886 coaeternum
2650 2832 2771 2898 ejus
2795 2831 2917 2886 colo
2934 2829 3221 2901 Spiritum.
3240 2831 3436 2902 Aufugi
3463 2840 3645 2887 autem

2076 2938 2106 2977 a
2129 2930 2544 2987 vestroerrore,
2577 2922 2952 2979 validissimus
2982 2925 3061 2993 (in
3090 2938 3209 2978 meo
3239 2923 3648 2979 enim-Chris'o

2077 3013 2250 3070 habeo
2267 3014 2541 3085 ﬁduciam)
2558 3024 2868 3071 vestrorum
2886 3016 3111 3070 deorum
3143 3015 3480 3079 deturbator,
3504 3015 3645 3069 chri-

412 3103 882 3173 προστεταγμένον
910 3105 1059 3175 ὑμῖν,
1078 3105 1366 3176 πράσσετε.
1395 3125 1413 3157 ι
1440 3109 1554 3159 Καὶ
1582 3107 1678 3179 τὴν
1706 3108 1798 3161 τοῦ
1828 3110 1983 3178 ἁγίου

2075 3108 2490 3176 stianorumqne
2539 3105 2605 3159 ad
2647 3107 2914 3160 virtutem
2945 3105 3266 3160 exhortator
3295 3107 3645 3176 promptissio

412 3192 628 3261 γνόντες
655 3195 705 3247 οί
752 3194 1034 3265 δυσμενεῖς
1076 3195 1213 3265 μετά
1259 3197 1522 3261 συνέσεως
1552 3197 1839 3264 ἔνστασιν,
1892 3201 1990 3257 τὸν

409 3281 584 3354 θυμὸν
605 3286 684 3347 είς
712 3283 949 3339 θωπείαν
967 3285 1274 3355 ἀμείϐουσι,
1306 3289 1421 3351 καὶ,
1458 3307 1477 3339 ‹
1500 3289 1589 3359 Μὴ
1606 3288 1704 3360 τὴν
1723 3290 1822 3361 σὴν
1852 3290 1987 3345 ἐντιν-

413 3391 514 3446 μον
543 3374 731 3429 πολιὰν
760 3375 1060 3448 ἀτιμώσῃς,
1084 3378 1236 3446 φασὶ,
1254 3378 1513 3442 Διονύσιε,
1548 3381 1681 3451 μηδὲ
1710 3381 1852 3435 τέλει
1881 3382 1983 3455 τὴν

412 3464 575 3535 φίλην
603 3467 849 3537 ἑταιρίαν
877 3468 1060 3539 πικρῷ
1089 3469 1344 3540 παραδῷς
1363 3486 1376 3501 ο
1410 3470 1660 3541 πείσθητι
1677 3472 1746 3525 τὰ
1773 3473 1986 3543 χρηστά

412 3555 856 3625 συμϐουλεύουσι,
888 3560 980 3610 καὶ
1008 3559 1068 3611 τὸ
1088 3559 1180 3611 τοῦ
1214 3560 1479 3629 βασιλέως
1506 3561 1705 3631 κράτος
1744 3563 1810 3615 δι’
1829 3563 1984 3633 ήμῶν

411 3646 649 3700 ῖκετεῦόν
682 3665 740 3701 σε
780 3649 1156 3721 δυσωπήθητιο
1182 3650 1453 3721 πείσθητι,
1483 3652 1603 3719 φίλε
1630 3653 1834 3723 χρηστὲ
1862 3656 1984 3708 Διο-

406 3738 596 3802 νύσιε,
638 3743 752 3803 τοῖς
793 3742 1082 3811 ἡμετέροις
1139 3741 1299 3795 θῦσαι
1355 3742 1524 3807 θεοῖς,
1573 3743 1854 3815 πείσθητι’
1889 3747 2020 3822 καὶ,

406 3831 626 3902 πρῶτος
652 3831 759 3884 τῶν
794 3832 919 3886 ὑπὸ.
941 3834 1039 3905 τὴν
1071 3832 1342 3902 βασιλείαν
1372 3833 1640 3906 ἐσημετά
1666 3836 1773 3888 τῶν
1804 3835 1930 3892 σῶν.
1958 3856 1977 3889 ι
1997 3826 2046 3897 νζ

420 3921 480 3974 Ὅ
491 3920 568 3983 δὲ,
592 3940 612 3972 ι
636 3921 1008 3994 Πεπλάνηεθε,
1032 3924 1297 3995 φησὶντῆς
1318 3926 1589 3996 προτέρας
1606 3925 1811 3997 πλάνην
1839 3929 1899 3980 οὐ
1915 3929 1979 3999 (’)

410 4013 650 4083 χείρονα,
690 4015 737 4067 εί
765 4015 863 4084 ἐμὲ
880 4014 1131 4086 συλήσειν
1160 4016 1193 4086 ἦ
1224 4031 1343 4068 τινα
1377 4016 1484 4068 τῶν
1524 4016 1672 4086 ἐμῶν
1713 4017 1848 4080 ὅλως
1873 4017 1982 4092 ᾠή-

382 4130 387 4131 ν
412 4102 542 4175 θητε
564 4120 578 4134 ·
608 4105 756 4175 ἡμᾶς
781 4104 911 4177 γὰρ,
939 4101 1000 4159 εὖ
1034 4104 1175 4172 ἴστε,
1204 4107 1266 4160 οὐ
1294 4108 1468 4178 τιμαὶ,
1508 4107 1606 4159 οὐκ
1638 4108 1883 4177 ἀτιμίαι,
1917 4109 1979 4163 οὐ

413 4194 663 4258 θωπεῖαι,
692 4198 752 4249 οὐ
785 4196 1026 4266 βάσανοι,
1047 4198 1147 4252 οὐκ
1172 4197 1303 4253 ἀλλο
1330 4216 1381 4252 τι
1410 4198 1518 4252 τῶν
1548 4198 1800 4253 ἀπάντων
1830 4199 1982 4256 οὐδὲν

410 4288 633 4358 χωρίσει
652 4287 956 4357 Χριστοῦ..)

2076 3211 2220 3252 mus.
2250 3196 2333 3251 Ad
2365 3197 2482 3253 haec
2506 3196 2690 3260 facile,
2721 3196 2771 3251 si
2801 3195 2934 3266 quid
2964 3204 3050 3251 est
3076 3196 3231 3251 vobis
3258 3197 3639 3265 imperatum.»

2080 3284 2334 3342 Videntes
2365 3296 2545 3343 autem
2594 3287 2867 3353 malevoli,
2914 3288 3090 3342 sancti
3121 3288 3487 3342 constantiam
3517 3302 3648 3341 cunt

2075 3379 2360 3448 prudentia
2379 3380 2755 3447 conjunctam,
2782 3378 2920 3431 iram
2939 3386 3151 3432 mutant
3171 3379 3227 3431 in
3250 3378 3641 3440 adulationem,

2073 3476 2148 3533 et,
2180 3488 2200 3521 ι
2224 3470 2301 3523 Ne
2326 3478 2494 3535 tuam,
2527 3485 2562 3524 o
2590 3469 2833 3540 Dionysi,
2865 3468 3077 3533 dicunt,
3117 3459 3370 3523 canitiem
3398 3469 3643 3526 all‘eceris

2071 3562 2421 3624 contumelia,
2446 3576 2622 3630 neque
2642 3561 2841 3616 charos
2869 3561 3084 3615 sodales
3107 3561 3266 3616 morti
3291 3562 3501 3616 acerba:
3530 3552 3642 3614 tra-

2072 3653 2303 3717 dideris;
2329 3666 2457 3721 pare
2497 3658 2645 3706 recte
2671 3651 3084 3706 consulentibus
3112 3688 3126 3716 ,
3184 3658 3238 3704 et
3293 3650 3640 3719 imperatoris

2072 3745 2391 3815 potentiam,
2433 3758 2528 3812 per
2566 3758 2666 3797 nos
2699 3749 2751 3797 te
2784 3751 3084 3811 rogantem,
3144 3742 3379 3796 revereri
3417 3756 3641 3810 persua~

2072 3835 2274 3898 dearis,
2309 3849 2341 3887 o
2371 3833 2536 3887 chare
2563 3841 2616 3887 et
2651 3834 2790 3887 bone
2820 3833 3063 3904 Dionysi;
3094 3833 3201 3888 diis
3225 3834 3430 3888 nostris
3468 3836 3643 3889 sacri.

2072 3925 2235 3979 ﬁcare
2265 3926 2647 3995 persuadearis
2668 3934 2721 3981 et
2757 3927 2869 3980 eris
2907 3941 3031 3979 eum
3072 3926 3181 3979 tuis
3210 3926 3419 3994 primus
3448 3941 3641 3980 eorum

2071 4019 2167 4088 qui
2197 4026 2325 4074 sunt
2343 4018 2445 4073 sub
2472 4019 2722 4086 imperio.
2751 4037 2769 4069 ›
2798 4017 2889 4072 Ille
2910 4026 3122 4072 autem:
3157 4035 3175 4068 ι
3199 4016 3412 4081 Vester,
3439 4018 3637 4088 inquit,

2073 4110 2161 4164 hic
2203 4126 2358 4165 error
2401 4118 2484 4165 est
2517 4109 2893 4179 pejor'priore,
2924 4110 2970 4163 si
3023 4110 3224 4179 putetis
3269 4108 3406 4173 fore,
3437 4117 3497 4163 ut
3529 4124 3636 4173 me,

2072 4210 2166 4256 aut
2198 4217 2438 4256 meorum
2458 4203 2690 4271 aliquem
2729 4202 3023 4257 seducatis.
3076 4201 3189 4256 lloc
3237 4202 3383 4257 enim
3423 4202 3634 4264 sciatis,

2071 4293 2217 4363 quod
2244 4309 2343 4346 nos
2374 4310 2480 4347 non
2505 4294 2739 4349 honores
2759 4333 2773 4360 ,
2806 4308 2916 4348 non
2945 4294 3317 4362 contumeliae,-
3347 4308 3456 4349 non
3478 4293 3636 4349 blan-

389 4382 559 4446 ditiae,
597 4397 707 4439 non
740 4390 1044 4448 tormenta,
1090 4398 1267 4453 neque
1304 4384 1512 4455 aliquid
1547 4387 1692 4443 aliud
1738 4389 1969 4445 omnino
1995 4391 2269 4460 separabit
2308 4411 2337 4449 a
2361 4398 2643 4459 Chl-3510,,

486 4510 763 4564 Ἐντεῦθεν
781 4551 796 4576 ,
827 4512 948 4564 ἐπεὶ
990 4510 1064 4583 μὴ
1116 4507 1215 4566 οἷοί
1240 4529 1299 4565 τε
1338 4514 1540 4569 πείθειν
1567 4516 1878 4587 ἐτύγχανον,
1908 4518 1969 4572 τὸ

2132 4512 2396 4580 Deinceps
2419 4527 2547 4581 ergo
2574 4527 2696 4565 cum
2737 4528 2843 4567 non
2868 4522 3089 4584 possent
3130 4516 3489 4585 persuadere,
3534 4516 3631 4569 dc.--

398 4605 736 4671 προσωπεῖον
765 4604 859 4655 καὶ
900 4602 997 4675 τὴν
1047 4604 1334 4674 ὑπόκρισιν
1376 4606 1736 4677 ἀποθέμενοι,
1776 4609 1854 4680 τῷ
1907 4627 1967 4664 τε

395 4690 554 4762 θυμῷ
583 4692 744 4747 πλέον
774 4692 1047 4757 ζέσαντες,
1079 4696 1173 4748 καὶ
1212 4696 1310 4766 τῆς
1352 4697 1618 4768 καθέδρας
1664 4699 1887 4768 μανικόν
1912 4717 1964 4756 τι

395 4784 489 4837 καὶ
519 4786 1023 4857 παρακεκινημένον
1053 4784 1457 4852 ἐξαναστάντες
1495 4806 1514 4839 ι
1551 4789 1688 4859 Παρ’
1717 4790 1889 4860 ὑμῶν,
1918 4783 1967 4846 ὦ

392 4876 631 4947 ἀνόητοι,
662 4877 920 4946 Διονυσίῳ
949 4877 1081 4946 φασὶ
1125 4877 1218 4930 καὶ⁸
1258 4881 1371 4940 τοῖς
1417 4877 1553 4948 μετά
1579 4879 1743 4932 αὑτοῦ
1763 4919 1778 4944 ,
1808 4880 1878 4934 τά
1903 4897 1964 4934 τε

282 4975 317 5005 ο
392 4965 502 5021 τῶν
531 4965 668 5020 θεῶν
694 4966 1000 5038 ἀτιμοῦται,
1019 4968 1110 5021 καὶ
1137 4967 1311 5020 τάοτοῦ
1327 4967 1721 5040 αὐτοκράτορος
1752 4987 1962 5043 μυκτη-

395 5055 625 5129 ρίζεται,
656 5059 749 5112 καὶ
771 5062 1030 5129 μαγικαῖς
1054 5060 1318 5121 ἐπινοίαις
1344 5059 1503 5131 δῆθεν
1522 5060 1599 5123 ὡς
1618 5060 1963 5134 θαυματουρ-

393 5149 544 5219 γίαις
566 5149 721 5220 ὑμεῖς
738 5152 862 5213 τοὺς
891 5150 994 5203 ὑπὸ
1018 5149 1113 5222 τὴν
1134 5150 1337 5203 τούτων
1352 5151 1525 5222 ἀρχὴν
1544 5152 1844 5206 ὑποσυλᾶτε
1867 5155 1960 5208 καὶ
2008 5204 2013 5211 .

392 5239 805 5311 σφετερίζεσθες
832 5259 850 5292 ι
871 5241 934 5294 Οἱ
959 5240 1015 5294 δὲ
1032 5241 1194 5309 ἆγιοι,
1219 5261 1237 5292 ι
1275 5242 1487 5312 Ὅμοιοι
1515 5243 1696 5306 αὐτοῖς
1723 5243 1959 5311 γένοιντο

389 5334 459 5387 οῖ’
486 5332 793 5405 τιμῶντεςί
834 5351 853 5385 ι
882 5333 982 5403 μιᾷ
1022 5332 1158 5404 πρὸς
1187 5332 1381 5395 αὐτοὺς
1420 5330 1626 5403 ἔφησαν
1652 5336 1718 5404 τῇ
1772 5337 1953 5405 φωνῇ’

395 5442 415 5476 ι
446 5426 605 5495 ἡμεῖς
630 5423 688 5478 δὲ
731 5424 792 5477 οὐ
841 5425 1101 5495 μαγικαῖς
1144 5423 1438 5486 ἐπινοίαις,
1495 5423 1569 5486 ὡς
1603 5424 1757 5477 αὐτοί
1798 5441 1954 5493 φατε,

389 5513 526 5567 ἀλλά
553 5516 617 5586 τῇ
648 5513 740 5567 τοῦ
783 5513 918 5567 Θεοῦ
962 5513 1116 5584 ἡμῶν
1156 5515 1248 5567 καὶ
1286 5515 1351 5584 τῇ
1381 5512 1474 5565 τοῦ
1503 5512 1765 5577 ζωοποιοῦ
1792 5514 1955 5568 αὐτοῦ

388 5605 704 5677 Πνεύματος
730 5605 1011 5676 ἐπικλήσει
1041 5604 1135 5657 καὶ
1186 5605 1435 5677 ἐνεργείᾳ
1478 5605 1694 5674 τυφλοῖς
1733 5605 1794 5657 τὸ
1838 5605 1956 5675 βλέ-

391 5713 535 5759 πειν,
567 5698 770 5764 κωφοῖς
798 5696 860 5750 τὸ
885 5694 1084 5760 λαλεῖν,
1109 5694 1263 5765 βάσιν
1291 5712 1349 5749 τε
1377 5697 1588 5767 χωλοῖς,
1632 5695 1725 5749 καὶ
1767 5694 1950 5768 δαιμο-

472 5812 538 5879 ίτ)
575 5809 683 5870 Aut
705 5812 994 5883 legendum
1031 5814 1245 5883 χείρονα
1279 5823 1394 5869 sine
1429 5818 1509 5878 οὐ,
1542 5832 1662 5871 cum
1700 5818 2015 5879 interprete.

2062 4604 2238 4673 posita
2275 4617 2505 4670 persona
2528 4609 2579 4654 et
2609 4602 2977 4667 simulatione,
3004 4620 3127 4657 cum
3157 4606 3235 4658 ira
3268 4606 3437 4675 magis
3480 4606 3632 4659 εὔογ-

2063 4694 2332 4753 buissent,
2368 4698 2419 4745 et
2458 4706 2487 4744 e
2526 4692 2783 4745 cathedra
2818 4692 3044 4755 furiose,
3075 4702 3129 4748 et
3162 4707 3339 4749 mente
3366 4697 3628 4763 quodam-

2063 4784 2223 4837 modo
2253 4790 2428 4835 emota
2488 4782 2888 4836 surrexissent:
2930 4803 2947 4834 ι
2973 4783 3012 4835 Α
3045 4784 3222 4848 vobis,
3271 4800 3304 4838 ο
3360 4792 3624 4846 amentes,

2063 4872 2320 4941 Dionysio
2359 4872 2566 4936 dicunt,
2607 4880 2660 4926 et
2682 4873 2748 4927 iis
2773 4874 2862 4943 qui
2889 4890 3012 4927 cum
3046 4874 3164 4943 ipso
3190 4884 3368 4937 erant,
3390 4875 3467 4929 dii
3494 4891 3624 4930 con-

2062 4970 2397 5024 teninumur.
2431 4971 2482 5018 et
2511 4964 2804 5030 imperator
2843 4963 3133 5018 irridetur:
3167 4972 3221 5020 et
3258 4967 3469 5020 artibus
3510 4982 3621 5022 ma-

2060 5055 2218 5126 gicis,
2251 5054 2474 5123 perinde
2532 5068 2596 5106 ac
2628 5053 2930 5116 miraculis,
2972 5070 3088 5119 eos,
3122 5056 3215 5125 qui
3266 5057 3387 5126 ejus
3435 5068 3625 5128 parent

2062 5145 2309 5216 imperio,
2345 5146 2411 5199 ab
2438 5159 2501 5199 eo
2532 5145 2829 5209 abducitis,
2860 5154 2913 5200 et
2940 5145 3007 5199 ad
3038 5154 3251 5203 vestras
3283 5160 3464 5218 partes
3508 5159 3622 5204 tra-

2060 5236 2296 5292 ducitis?
2318 5257 2336 5288 ι
2368 5236 2555 5291 Sancti
2576 5246 2775 5301 autem,
2804 5256 2823 5287 ι
2844 5235 3060 5293 Similes
3091 5238 3169 5292 eis
3193 5238 3341 5301 nant,
3363 5241 3454 5308 qui
3474 5240 3623 5308 ipsos

2059 5330 2266 5393 colunt,
2290 5348 2309 5380 δ
2328 5328 2408 5382 eis
2423 5345 2527 5382 una
2553 5344 2682 5383 voce
2701 5329 2955 5383 dixerunt
2976 5346 2990 5395 ;
3016 5349 3033 5381 ι
3058 5344 3159 5385 nos
3174 5338 3352 5385 autem
3370 5347 3478 5385 non
3507 5346 3624 5383 ωας

2060 5422 2205 5492 gicis.
2226 5423 2456 5484 artibus,
2484 5431 2540 5477 ut
2561 5421 2764 5485 dicitis,
2810 5420 2905 5477 sed
2953 5420 3041 5476 Dei
3094 5423 3268 5477 nostri
3310 5430 3364 5477 et
3421 5422 3620 5476 viviﬁci

2059 5514 2180 5583 ejus
2211 5512 2444 5583 Spiritus
2478 5513 2818 5568 invocatione
2861 5520 2916 5566 et
2963 5514 3298 5583 operatione,
3333 5515 3491 5569 caecis
3540 5517 3663 5570 vin

2061 5617 2203 5669 sum,
2240 5608 2403 5661 mutis
2436 5620 2759 5672 sermonem,
2790 5606 3001 5661 claudis
3033 5607 3341 5675 ingressum
3364 5646 3379 5671 ,
3419 5616 3472 5662 et
3509 5606 3635 5661 d;e--

2062 5697 2327 5752 moniacis
2369 5699 2671 5768 praebemus
2711 5698 3065 5753 curationem.
3111 5697 3353 5765 Quorum
3410 5716 3478 5756 ne
3510 5700 3653 5756 sibi;

2058 5825 2148 5870 aut
2181 5815 2529 5870 scribendum
2563 5813 2633 5867 of:
2653 5815 2955 5886 repeterem.
2986 5810 3141 5869 Eutr.
3169 5811 3339 5872 Pars.
