  <div class='ocr_page' id='page_1' title='image "/cluster/home/n/w/nwhite01/storage/ocr_20150623/115:no.2/coo.31924054870195/531.png"; bbox 0 0 4110 6428; ppageno 0'>
   <div class='ocr_carea' id='block_1_1' title="bbox 503 365 638 430">
    <p class='ocr_par' dir='ltr' id='par_1_1' title="bbox 503 365 638 430">
     <span class='ocr_line' id='line_1_1' title="bbox 503 365 638 430; baseline -0.007 0"><span class='ocrx_word' id='word_1_1' title='bbox 503 365 638 430; x_wconf 60' lang='grc'><strong>1017</strong></span> 
     </span>
    </p>
   </div>
   <div class='ocr_carea' id='block_1_2' title="bbox 1822 365 2508 429">
    <p class='ocr_par' dir='ltr' id='par_1_2' title="bbox 1822 365 2508 429">
     <span class='ocr_line' id='line_1_2' title="bbox 1822 365 2508 429; baseline 0.004 -6"><span class='ocrx_word' id='word_1_2' title='bbox 1822 365 2109 425; x_wconf 76' lang='lat' dir='ltr'><strong>MENSIS</strong></span> <span class='ocrx_word' id='word_1_3' title='bbox 2138 367 2508 429; x_wconf 71' lang='lat' dir='ltr'><strong>OCTOBER.</strong></span> 
     </span>
    </p>
   </div>
   <div class='ocr_carea' id='block_1_3' title="bbox 3629 377 3749 448">
    <p class='ocr_par' dir='ltr' id='par_1_3' title="bbox 3629 377 3749 448">
     <span class='ocr_line' id='line_1_3' title="bbox 3629 377 3749 448; baseline 0.033 -4"><span class='ocrx_word' id='word_1_4' title='bbox 3629 377 3749 448; x_wconf 61' lang='lat' dir='ltr'><strong>TOR</strong></span> 
     </span>
    </p>
   </div>
   <div class='ocr_carea' id='block_1_4' title="bbox 527 452 2104 542">
    <p class='ocr_par' dir='ltr' id='par_1_4' title="bbox 527 452 2088 539">
     <span class='ocr_line' id='line_1_4' title="bbox 527 452 2088 539; baseline 0.001 -16"><span class='ocrx_word' id='word_1_5' title='bbox 527 460 746 539; x_wconf 81' lang='lat' dir='ltr'><strong>quidem</strong></span> <span class='ocrx_word' id='word_1_6' title='bbox 780 452 1008 539; x_wconf 75' lang='lat' dir='ltr'><strong>possunt</strong></span> <span class='ocrx_word' id='word_1_7' title='bbox 1032 468 1194 523; x_wconf 89' lang='lat' dir='ltr'><strong>vestri</strong></span> <span class='ocrx_word' id='word_1_8' title='bbox 1217 468 1290 521; x_wconf 90' lang='lat' dir='ltr'><strong>dii</strong></span> <span class='ocrx_word' id='word_1_9' title='bbox 1314 466 1605 536; x_wconf 85' lang='lat' dir='ltr'><strong>quidquam</strong></span> <span class='ocrx_word' id='word_1_10' title='bbox 1629 466 1889 536; x_wconf 63' lang='lat' dir='ltr'><strong>praebere,</strong></span> <span class='ocrx_word' id='word_1_11' title='bbox 1917 478 1974 521; x_wconf 90' lang='lat' dir='ltr'><strong>ut</strong></span> <span class='ocrx_word' id='word_1_12' title='bbox 1998 486 2088 539; x_wconf 88' lang='lat' dir='ltr'><strong>qm</strong></span> 
     </span>
    </p>
   </div>
   <div class='ocr_carea' id='block_1_5' title="bbox 2195 452 3725 542">
    <p class='ocr_par' dir='ltr' id='par_1_5' title="bbox 2195 467 3725 542">
     <span class='ocr_line' id='line_1_5' title="bbox 2195 467 3725 542; baseline 0.009 -18"><span class='ocrx_word' id='word_1_13' title='bbox 2195 471 2316 525; x_wconf 78' lang='grc' dir='ltr'>νῶσι</span> <span class='ocrx_word' id='word_1_14' title='bbox 2347 470 2683 541; x_wconf 75' lang='grc' dir='ltr'><strong>προσέχομεν</strong></span> <span class='ocrx_word' id='word_1_15' title='bbox 2713 471 2889 526; x_wconf 74' lang='grc' dir='ltr'>ἴασιν·</span> <span class='ocrx_word' id='word_1_16' title='bbox 2932 467 3008 526; x_wconf 84' lang='grc' dir='ltr'>ὧν</span> <span class='ocrx_word' id='word_1_17' title='bbox 3062 476 3181 528; x_wconf 82' lang='grc' dir='ltr'>οὐδὲ</span> <span class='ocrx_word' id='word_1_18' title='bbox 3239 478 3444 542; x_wconf 77' lang='grc' dir='ltr'>ἑαυτοῖς</span> <span class='ocrx_word' id='word_1_19' title='bbox 3498 482 3639 536; x_wconf 76' lang='grc' dir='ltr'>οὐδὲν</span> <span class='ocrx_word' id='word_1_20' title='bbox 3679 488 3725 539; x_wconf 75' lang='grc' dir='ltr'>οἱ</span> 
     </span>
    </p>
   </div>
   <div class='ocr_carea' id='block_1_6' title="bbox 529 557 2093 631">
    <p class='ocr_par' dir='ltr' id='par_1_6' title="bbox 529 557 2093 631">
     <span class='ocr_line' id='line_1_6' title="bbox 529 557 2093 631; baseline -0.003 -15"><span class='ocrx_word' id='word_1_21' title='bbox 529 561 643 616; x_wconf 80' lang='lat' dir='ltr'><strong>sint</strong></span> <span class='ocrx_word' id='word_1_22' title='bbox 678 562 818 631; x_wconf 84' lang='lat' dir='ltr'><strong>ligna</strong></span> <span class='ocrx_word' id='word_1_23' title='bbox 852 569 903 613; x_wconf 90' lang='lat' dir='ltr'><strong>et</strong></span> <span class='ocrx_word' id='word_1_24' title='bbox 936 559 1160 628; x_wconf 78' lang='lat' dir='ltr'><strong>lapides.</strong></span> <span class='ocrx_word' id='word_1_25' title='bbox 1195 557 1265 611; x_wconf 83' lang='lat' dir='ltr'><strong>Os</strong></span> <span class='ocrx_word' id='word_1_26' title='bbox 1283 559 1419 611; x_wconf 77' lang='lat' dir='ltr'><strong>enim</strong></span> <span class='ocrx_word' id='word_1_27' title='bbox 1442 557 1651 620; x_wconf 72' lang='lat' dir='ltr'><strong>habent,</strong></span> <span class='ocrx_word' id='word_1_28' title='bbox 1676 568 1845 612; x_wconf 85' lang='lat' dir='ltr'><strong>etnon</strong></span> <span class='ocrx_word' id='word_1_29' title='bbox 1878 560 2093 622; x_wconf 83' lang='lat' dir='ltr'><strong>loquun-</strong></span> 
     </span>
    </p>
   </div>
   <div class='ocr_carea' id='block_1_7' title="bbox 532 645 2091 711">
    <p class='ocr_par' dir='ltr' id='par_1_7' title="bbox 532 645 2091 711">
     <span class='ocr_line' id='line_1_7' title="bbox 532 645 2091 711; baseline -0.001 -10"><span class='ocrx_word' id='word_1_30' title='bbox 532 660 651 703; x_wconf 82' lang='lat' dir='ltr'><strong>tur:</strong></span> <span class='ocrx_word' id='word_1_31' title='bbox 689 650 890 711; x_wconf 84' lang='lat' dir='ltr'><strong>oculos,</strong></span> <span class='ocrx_word' id='word_1_32' title='bbox 915 655 964 700; x_wconf 84' lang='lat' dir='ltr'><strong>et</strong></span> <span class='ocrx_word' id='word_1_33' title='bbox 997 663 1097 699; x_wconf 79' lang='lat' dir='ltr'><strong>non</strong></span> <span class='ocrx_word' id='word_1_34' title='bbox 1123 645 1326 699; x_wconf 80' lang='lat' dir='ltr'><strong>vident:</strong></span> <span class='ocrx_word' id='word_1_35' title='bbox 1361 661 1538 709; x_wconf 82' lang='lat' dir='ltr'><strong>aures,</strong></span> <span class='ocrx_word' id='word_1_36' title='bbox 1569 656 1617 699; x_wconf 89' lang='lat' dir='ltr'><strong>et</strong></span> <span class='ocrx_word' id='word_1_37' title='bbox 1659 662 1763 699; x_wconf 85' lang='lat' dir='ltr'><strong>non</strong></span> <span class='ocrx_word' id='word_1_38' title='bbox 1793 646 2015 699; x_wconf 82' lang='lat' dir='ltr'><strong>audiunt</strong></span> <span class='ocrx_word' id='word_1_39' title='bbox 2039 648 2091 704; x_wconf 71' lang='grc'><strong>⁸.</strong></span> 
     </span>
    </p>
   </div>
   <div class='ocr_carea' id='block_1_8' title="bbox 530 736 2089 810">
    <p class='ocr_par' dir='ltr' id='par_1_8' title="bbox 530 736 2089 810">
     <span class='ocr_line' id='line_1_8' title="bbox 530 736 2089 810; baseline -0.001 -16"><span class='ocrx_word' id='word_1_40' title='bbox 530 739 710 794; x_wconf 86' lang='lat' dir='ltr'><strong>Unum</strong></span> <span class='ocrx_word' id='word_1_41' title='bbox 742 740 844 793; x_wconf 88' lang='lat' dir='ltr'><strong>hoc</strong></span> <span class='ocrx_word' id='word_1_42' title='bbox 872 738 1047 792; x_wconf 90' lang='lat' dir='ltr'><strong>solum</strong></span> <span class='ocrx_word' id='word_1_43' title='bbox 1077 738 1228 791; x_wconf 83' lang='lat' dir='ltr'><strong>vobis</strong></span> <span class='ocrx_word' id='word_1_44' title='bbox 1255 736 1521 791; x_wconf 83' lang='lat' dir='ltr'><strong>elﬁciunt:</strong></span> <span class='ocrx_word' id='word_1_45' title='bbox 1557 737 1859 793; x_wconf 85' lang='lat' dir='ltr'><strong>accendunt</strong></span> <span class='ocrx_word' id='word_1_46' title='bbox 1890 740 2089 810; x_wconf 78' lang='lat' dir='ltr'><strong>ignem,</strong></span> 
     </span>
    </p>
   </div>
   <div class='ocr_carea' id='block_1_9' title="bbox 499 828 2090 903">
    <p class='ocr_par' dir='ltr' id='par_1_9' title="bbox 499 828 2090 903">
     <span class='ocr_line' id='line_1_9' title="bbox 499 828 2090 903; baseline 0 -18"><span class='ocrx_word' id='word_1_47' title='bbox 499 833 621 903; x_wconf 73' lang='lat' dir='ltr'><strong>.qui</strong></span> <span class='ocrx_word' id='word_1_48' title='bbox 645 844 920 898; x_wconf 84' lang='lat' dir='ltr'><strong>nunquam</strong></span> <span class='ocrx_word' id='word_1_49' title='bbox 948 829 1178 883; x_wconf 76' lang='lat' dir='ltr'><strong>desinet.</strong></span> <span class='ocrx_word' id='word_1_50' title='bbox 1208 847 1225 878; x_wconf 79' lang='grc' dir='ltr'><strong>ι</strong></span> <span class='ocrx_word' id='word_1_51' title='bbox 1252 829 1521 883; x_wconf 80' lang='lat' dir='ltr'><strong>Adversus</strong></span> <span class='ocrx_word' id='word_1_52' title='bbox 1545 828 1656 882; x_wconf 76' lang='lat' dir='ltr'><strong>haec</strong></span> <span class='ocrx_word' id='word_1_53' title='bbox 1684 844 1805 882; x_wconf 93' lang='lat' dir='ltr'><strong>cum</strong></span> <span class='ocrx_word' id='word_1_54' title='bbox 1832 846 1936 883; x_wconf 89' lang='lat' dir='ltr'><strong>non</strong></span> <span class='ocrx_word' id='word_1_55' title='bbox 1960 845 2090 899; x_wconf 87' lang='lat' dir='ltr'><strong>pos-</strong></span> 
     </span>
    </p>
   </div>
   <div class='ocr_carea' id='block_1_10' title="bbox 533 920 2091 992">
    <p class='ocr_par' dir='ltr' id='par_1_10' title="bbox 533 920 2091 992">
     <span class='ocr_line' id='line_1_10' title="bbox 533 920 2091 992; baseline -0.003 -13"><span class='ocrx_word' id='word_1_56' title='bbox 533 931 656 980; x_wconf 85' lang='lat' dir='ltr'><strong>sent</strong></span> <span class='ocrx_word' id='word_1_57' title='bbox 687 922 902 992; x_wconf 87' lang='lat' dir='ltr'><strong>tyranni</strong></span> <span class='ocrx_word' id='word_1_58' title='bbox 938 920 1333 982; x_wconf 76' lang='lat' dir='ltr'><strong>contradicere,</strong></span> <span class='ocrx_word' id='word_1_59' title='bbox 1367 928 1519 974; x_wconf 88' lang='lat' dir='ltr'><strong>torve</strong></span> <span class='ocrx_word' id='word_1_60' title='bbox 1543 928 1596 974; x_wconf 90' lang='lat' dir='ltr'><strong>et</strong></span> <span class='ocrx_word' id='word_1_61' title='bbox 1614 921 1806 975; x_wconf 77' lang='lat' dir='ltr'><strong>insane</strong></span> <span class='ocrx_word' id='word_1_62' title='bbox 1827 936 1921 975; x_wconf 91' lang='lat' dir='ltr'><strong>eos</strong></span> <span class='ocrx_word' id='word_1_63' title='bbox 1945 923 2091 991; x_wconf 87' lang='lat' dir='ltr'><strong>aspi-</strong></span> 
     </span>
    </p>
   </div>
   <div class='ocr_carea' id='block_1_11' title="bbox 530 1008 2089 1083">
    <p class='ocr_par' dir='ltr' id='par_1_11' title="bbox 530 1008 2089 1083">
     <span class='ocr_line' id='line_1_11' title="bbox 530 1008 2089 1083; baseline -0.003 -14"><span class='ocrx_word' id='word_1_64' title='bbox 530 1018 757 1080; x_wconf 90' lang='lat' dir='ltr'><strong>cientes,</strong></span> <span class='ocrx_word' id='word_1_65' title='bbox 786 1014 995 1068; x_wconf 76' lang='lat' dir='ltr'><strong>strictis</strong></span> <span class='ocrx_word' id='word_1_66' title='bbox 1022 1011 1217 1083; x_wconf 82' lang='lat' dir='ltr'><strong>gladiis</strong></span> <span class='ocrx_word' id='word_1_67' title='bbox 1249 1026 1307 1065; x_wconf 90' lang='lat' dir='ltr'><strong>se</strong></span> <span class='ocrx_word' id='word_1_68' title='bbox 1343 1017 1534 1080; x_wconf 88' lang='lat' dir='ltr'><strong>parant</strong></span> <span class='ocrx_word' id='word_1_69' title='bbox 1666 1008 1733 1064; x_wconf 86' lang='lat' dir='ltr'><strong>ad</strong></span> <span class='ocrx_word' id='word_1_70' title='bbox 1857 1013 2089 1078; x_wconf 68' lang='lat' dir='ltr'><strong>aedem;</strong></span> 
     </span>
    </p>
   </div>
   <div class='ocr_carea' id='block_1_12' title="bbox 530 1101 2093 1173">
    <p class='ocr_par' dir='ltr' id='par_1_12' title="bbox 530 1101 2093 1173">
     <span class='ocr_line' id='line_1_12' title="bbox 530 1101 2093 1173; baseline -0.004 -12"><span class='ocrx_word' id='word_1_71' title='bbox 530 1115 751 1170; x_wconf 88' lang='lat' dir='ltr'><strong>etcum,</strong></span> <span class='ocrx_word' id='word_1_72' title='bbox 792 1114 1050 1173; x_wconf 90' lang='lat' dir='ltr'><strong>tanquam</strong></span> <span class='ocrx_word' id='word_1_73' title='bbox 1085 1103 1239 1172; x_wconf 78' lang='lat' dir='ltr'><strong>signo</strong></span> <span class='ocrx_word' id='word_1_74' title='bbox 1273 1102 1419 1165; x_wconf 88' lang='lat' dir='ltr'><strong>dato,</strong></span> <span class='ocrx_word' id='word_1_75' title='bbox 1453 1116 1547 1156; x_wconf 89' lang='lat' dir='ltr'><strong>eos</strong></span> <span class='ocrx_word' id='word_1_76' title='bbox 1587 1101 1902 1157; x_wconf 80' lang='lat' dir='ltr'><strong>eduxissent</strong></span> <span class='ocrx_word' id='word_1_77' title='bbox 1942 1109 2093 1156; x_wconf 82' lang='lat' dir='ltr'><strong>extra</strong></span> 
     </span>
    </p>
   </div>
   <div class='ocr_carea' id='block_1_13' title="bbox 530 1193 2090 1262">
    <p class='ocr_par' dir='ltr' id='par_1_13' title="bbox 530 1193 2090 1262">
     <span class='ocr_line' id='line_1_13' title="bbox 530 1193 2090 1262; baseline -0.004 -9"><span class='ocrx_word' id='word_1_78' title='bbox 530 1200 838 1262; x_wconf 87' lang='lat' dir='ltr'><strong>civitatem,</strong></span> <span class='ocrx_word' id='word_1_79' title='bbox 875 1197 1088 1250; x_wconf 89' lang='lat' dir='ltr'><strong>vinctos</strong></span> <span class='ocrx_word' id='word_1_80' title='bbox 1122 1195 1329 1248; x_wconf 91' lang='lat' dir='ltr'><strong>ducunt</strong></span> <span class='ocrx_word' id='word_1_81' title='bbox 1377 1193 1441 1247; x_wconf 90' lang='lat' dir='ltr'><strong>ad</strong></span> <span class='ocrx_word' id='word_1_82' title='bbox 1484 1193 1756 1262; x_wconf 85' lang='lat' dir='ltr'><strong>quoddam</strong></span> <span class='ocrx_word' id='word_1_83' title='bbox 1805 1209 2090 1259; x_wconf 86' lang='lat' dir='ltr'><strong>cacumen,</strong></span> 
     </span>
    </p>
   </div>
   <div class='ocr_carea' id='block_1_14' title="bbox 442 1277 2095 1349">
    <p class='ocr_par' dir='ltr' id='par_1_14' title="bbox 442 1277 2095 1349">
     <span class='ocr_line' id='line_1_14' title="bbox 442 1277 2095 1349; baseline -0.005 -3"><span class='ocrx_word' id='word_1_84' title='bbox 442 1277 451 1285; x_wconf 62' lang='grc'><strong>’</strong></span> <span class='ocrx_word' id='word_1_85' title='bbox 530 1299 584 1346; x_wconf 86' lang='lat' dir='ltr'><strong>et</strong></span> <span class='ocrx_word' id='word_1_86' title='bbox 615 1289 840 1343; x_wconf 88' lang='lat' dir='ltr'><strong>tradunt</strong></span> <span class='ocrx_word' id='word_1_87' title='bbox 878 1287 1188 1349; x_wconf 84' lang='lat' dir='ltr'><strong>lictoribus,</strong></span> <span class='ocrx_word' id='word_1_88' title='bbox 1233 1293 1291 1339; x_wconf 91' lang='lat' dir='ltr'><strong>ut</strong></span> <span class='ocrx_word' id='word_1_89' title='bbox 1339 1299 1435 1339; x_wconf 91' lang='lat' dir='ltr'><strong>eos</strong></span> <span class='ocrx_word' id='word_1_90' title='bbox 1491 1284 1837 1338; x_wconf 78' lang='lat' dir='ltr'><strong>interﬁciant.</strong></span> <span class='ocrx_word' id='word_1_91' title='bbox 1885 1284 2095 1340; x_wconf 88' lang='lat' dir='ltr'><strong>Interea</strong></span> 
     </span>
    </p>
   </div>
   <div class='ocr_carea' id='block_1_15' title="bbox 534 1374 2097 1447">
    <p class='ocr_par' dir='ltr' id='par_1_15' title="bbox 534 1374 2097 1447">
     <span class='ocr_line' id='line_1_15' title="bbox 534 1374 2097 1447; baseline -0.002 -14"><span class='ocrx_word' id='word_1_92' title='bbox 534 1386 712 1433; x_wconf 81' lang='lat' dir='ltr'><strong>autem</strong></span> <span class='ocrx_word' id='word_1_93' title='bbox 740 1385 933 1447; x_wconf 87' lang='lat' dir='ltr'><strong>petunt</strong></span> <span class='ocrx_word' id='word_1_94' title='bbox 966 1378 1143 1432; x_wconf 86' lang='lat' dir='ltr'><strong>sancti</strong></span> <span class='ocrx_word' id='word_1_95' title='bbox 1184 1387 1396 1445; x_wconf 88' lang='lat' dir='ltr'><strong>tempus</strong></span> <span class='ocrx_word' id='word_1_96' title='bbox 1423 1375 1716 1444; x_wconf 90' lang='lat' dir='ltr'><strong>precandi,</strong></span> <span class='ocrx_word' id='word_1_97' title='bbox 1747 1374 1970 1429; x_wconf 85' lang='lat' dir='ltr'><strong>ﬂectunt</strong></span> <span class='ocrx_word' id='word_1_98' title='bbox 2004 1392 2097 1447; x_wconf 83' lang='lat' dir='ltr'><strong>ge-</strong></span> 
     </span>
    </p>
   </div>
   <div class='ocr_carea' id='block_1_16' title="bbox 531 1466 2092 1537">
    <p class='ocr_par' dir='ltr' id='par_1_16' title="bbox 531 1466 2092 1537">
     <span class='ocr_line' id='line_1_16' title="bbox 531 1466 2092 1537; baseline -0.002 -12"><span class='ocrx_word' id='word_1_99' title='bbox 531 1486 661 1526; x_wconf 90' lang='lat' dir='ltr'><strong>nua.</strong></span> <span class='ocrx_word' id='word_1_100' title='bbox 699 1469 837 1523; x_wconf 90' lang='lat' dir='ltr'><strong>Tum</strong></span> <span class='ocrx_word' id='word_1_101' title='bbox 885 1476 1268 1524; x_wconf 83' lang='lat' dir='ltr'><strong>sacrosanctus</strong></span> <span class='ocrx_word' id='word_1_102' title='bbox 1300 1467 1505 1522; x_wconf 86' lang='lat' dir='ltr'><strong>Christi</strong></span> <span class='ocrx_word' id='word_1_103' title='bbox 1545 1477 1750 1537; x_wconf 85' lang='lat' dir='ltr'><strong>martyr</strong></span> <span class='ocrx_word' id='word_1_104' title='bbox 1784 1466 2092 1536; x_wconf 80' lang='lat' dir='ltr'><strong>Dionysius,</strong></span> 
     </span>
    </p>
   </div>
   <div class='ocr_carea' id='block_1_17' title="bbox 531 1557 2098 1627">
    <p class='ocr_par' dir='ltr' id='par_1_17' title="bbox 531 1557 2098 1627">
     <span class='ocr_line' id='line_1_17' title="bbox 531 1557 2098 1627; baseline -0.003 -10"><span class='ocrx_word' id='word_1_105' title='bbox 531 1562 763 1617; x_wconf 85' lang='lat' dir='ltr'><strong>sublatis</strong></span> <span class='ocrx_word' id='word_1_106' title='bbox 790 1562 844 1615; x_wconf 92' lang='lat' dir='ltr'><strong>in</strong></span> <span class='ocrx_word' id='word_1_107' title='bbox 875 1561 1073 1615; x_wconf 86' lang='lat' dir='ltr'><strong>coelum</strong></span> <span class='ocrx_word' id='word_1_108' title='bbox 1103 1559 1311 1614; x_wconf 90' lang='lat' dir='ltr'><strong>oculis:</strong></span> <span class='ocrx_word' id='word_1_109' title='bbox 1354 1576 1371 1608; x_wconf 83' lang='grc' dir='ltr'><strong>ι</strong></span> <span class='ocrx_word' id='word_1_110' title='bbox 1399 1558 1625 1612; x_wconf 87' lang='lat' dir='ltr'><strong>Domine</strong></span> <span class='ocrx_word' id='word_1_111' title='bbox 1671 1557 1813 1612; x_wconf 89' lang='lat' dir='ltr'><strong>Deus</strong></span> <span class='ocrx_word' id='word_1_112' title='bbox 1848 1557 2098 1627; x_wconf 82' lang='lat' dir='ltr'><strong>omnipo-</strong></span> 
     </span>
    </p>
   </div>
   <div class='ocr_carea' id='block_1_18' title="bbox 533 1646 2093 1719">
    <p class='ocr_par' dir='ltr' id='par_1_18' title="bbox 533 1646 2093 1719">
     <span class='ocr_line' id='line_1_18' title="bbox 533 1646 2093 1719; baseline -0.003 -13"><span class='ocrx_word' id='word_1_113' title='bbox 533 1659 679 1714; x_wconf 78' lang='lat' dir='ltr'><strong>tens,</strong></span> <span class='ocrx_word' id='word_1_114' title='bbox 736 1650 860 1714; x_wconf 89' lang='lat' dir='ltr'><strong>Fili,</strong></span> <span class='ocrx_word' id='word_1_115' title='bbox 918 1651 1115 1719; x_wconf 90' lang='lat' dir='ltr'><strong>inquit,</strong></span> <span class='ocrx_word' id='word_1_116' title='bbox 1171 1649 1468 1718; x_wconf 82' lang='lat' dir='ltr'><strong>unigenite,</strong></span> <span class='ocrx_word' id='word_1_117' title='bbox 1509 1656 1562 1703; x_wconf 91' lang='lat' dir='ltr'><strong>et</strong></span> <span class='ocrx_word' id='word_1_118' title='bbox 1602 1655 1789 1703; x_wconf 88' lang='lat' dir='ltr'><strong>sancte</strong></span> <span class='ocrx_word' id='word_1_119' title='bbox 1833 1646 2093 1717; x_wconf 90' lang='lat' dir='ltr'><strong>Spiritus,</strong></span> 
     </span>
    </p>
   </div>
   <div class='ocr_carea' id='block_1_19' title="bbox 2188 560 3724 644">
    <p class='ocr_par' dir='ltr' id='par_1_19' title="bbox 2188 560 3724 644">
     <span class='ocr_line' id='line_1_19' title="bbox 2188 560 3724 644; baseline 0.007 -28"><span class='ocrx_word' id='word_1_120' title='bbox 2188 560 2440 633; x_wconf 80' lang='grc' dir='ltr'>ὑμέτεροι</span> <span class='ocrx_word' id='word_1_121' title='bbox 2471 560 2601 628; x_wconf 68' lang='grc' dir='ltr'>θεοὶ,</span> <span class='ocrx_word' id='word_1_122' title='bbox 2632 563 2727 616; x_wconf 79' lang='grc' dir='ltr'>ἆτε</span> <span class='ocrx_word' id='word_1_123' title='bbox 2755 562 2885 627; x_wconf 83' lang='grc' dir='ltr'>ξύλα</span> <span class='ocrx_word' id='word_1_124' title='bbox 2909 567 3002 618; x_wconf 71' lang='grc' dir='ltr'><strong>καὶ</strong></span> <span class='ocrx_word' id='word_1_125' title='bbox 3028 566 3184 631; x_wconf 82' lang='grc' dir='ltr'><strong>λίθοι,</strong></span> <span class='ocrx_word' id='word_1_126' title='bbox 3213 567 3393 622; x_wconf 88' lang='grc' dir='ltr'>δοῦναι</span> <span class='ocrx_word' id='word_1_127' title='bbox 3421 570 3724 644; x_wconf 74' lang='grc' dir='ltr'><strong>δεδύνηνται·</strong></span> 
     </span>
    </p>
   </div>
   <div class='ocr_carea' id='block_1_20' title="bbox 2186 652 3743 730">
    <p class='ocr_par' dir='ltr' id='par_1_20' title="bbox 2186 652 3743 730">
     <span class='ocr_line' id='line_1_20' title="bbox 2186 652 3743 730; baseline 0.006 -25"><span class='ocrx_word' id='word_1_128' title='bbox 2186 653 2380 721; x_wconf 81' lang='grc' dir='ltr'>Στόμα</span> <span class='ocrx_word' id='word_1_129' title='bbox 2412 652 2522 721; x_wconf 79' lang='grc' dir='ltr'>γὰρ</span> <span class='ocrx_word' id='word_1_130' title='bbox 2553 654 2785 721; x_wconf 79' lang='grc' dir='ltr'>ἔχουσι,</span> <span class='ocrx_word' id='word_1_131' title='bbox 2818 656 2915 708; x_wconf 74' lang='grc' dir='ltr'>καὶ</span> <span class='ocrx_word' id='word_1_132' title='bbox 2942 659 3016 710; x_wconf 84' lang='grc' dir='ltr'>οὐ</span> <span class='ocrx_word' id='word_1_133' title='bbox 3046 658 3366 713; x_wconf 75' lang='grc' dir='ltr'><strong>λαλοῦσιν·</strong></span> <span class='ocrx_word' id='word_1_134' title='bbox 3389 661 3743 730; x_wconf 61' lang='grc' dir='ltr'>ὀφθαλμοὺς,</span> 
     </span>
    </p>
   </div>
   <div class='ocr_carea' id='block_1_21' title="bbox 2187 742 3733 812">
    <p class='ocr_par' dir='ltr' id='par_1_21' title="bbox 2187 742 3733 812">
     <span class='ocr_line' id='line_1_21' title="bbox 2187 742 3733 812; baseline 0.01 -18"><span class='ocrx_word' id='word_1_135' title='bbox 2187 743 2285 795; x_wconf 80' lang='grc' dir='ltr'>καὶ</span> <span class='ocrx_word' id='word_1_136' title='bbox 2316 744 2387 795; x_wconf 82' lang='grc' dir='ltr'>οὐ</span> <span class='ocrx_word' id='word_1_137' title='bbox 2414 742 2790 806; x_wconf 75' lang='grc' dir='ltr'>βλέπουσιν·</span> <span class='ocrx_word' id='word_1_138' title='bbox 2821 744 2959 812; x_wconf 84' lang='grc' dir='ltr'>ὦτα,</span> <span class='ocrx_word' id='word_1_139' title='bbox 2991 748 3087 801; x_wconf 76' lang='grc' dir='ltr'>καὶ</span> <span class='ocrx_word' id='word_1_140' title='bbox 3116 751 3227 802; x_wconf 82' lang='grc' dir='ltr'><strong>οὐκ</strong></span> <span class='ocrx_word' id='word_1_141' title='bbox 3271 750 3607 807; x_wconf 78' lang='grc' dir='ltr'>ἀκούουσιν.</span> <span class='ocrx_word' id='word_1_142' title='bbox 3646 757 3733 809; x_wconf 87' lang='grc' dir='ltr'><strong>’Ἑν</strong></span> 
     </span>
    </p>
   </div>
   <div class='ocr_carea' id='block_1_22' title="bbox 2186 834 3736 916">
    <p class='ocr_par' dir='ltr' id='par_1_22' title="bbox 2186 834 3736 916">
     <span class='ocr_line' id='line_1_22' title="bbox 2186 834 3736 916; baseline 0.009 -31"><span class='ocrx_word' id='word_1_143' title='bbox 2186 834 2342 886; x_wconf 87' lang='grc' dir='ltr'>τοῦτο</span> <span class='ocrx_word' id='word_1_144' title='bbox 2373 835 2527 905; x_wconf 85' lang='grc' dir='ltr'>μόνον</span> <span class='ocrx_word' id='word_1_145' title='bbox 2549 836 2675 905; x_wconf 83' lang='grc' dir='ltr'>ὑμῖν</span> <span class='ocrx_word' id='word_1_146' title='bbox 2703 838 3003 908; x_wconf 79' lang='grc' dir='ltr'><strong>ἐνεργοῦσι,</strong></span> <span class='ocrx_word' id='word_1_147' title='bbox 3035 840 3096 892; x_wconf 86' lang='grc' dir='ltr'><strong>τὸ</strong></span> <span class='ocrx_word' id='word_1_148' title='bbox 3123 840 3470 913; x_wconf 77' lang='grc' dir='ltr'><strong>ἀτελεύτητον</strong></span> <span class='ocrx_word' id='word_1_149' title='bbox 3498 843 3603 916; x_wconf 83' lang='grc' dir='ltr'><strong>πῦρ</strong></span> <span class='ocrx_word' id='word_1_150' title='bbox 3617 846 3736 899; x_wconf 84' lang='grc' dir='ltr'>ἀνα-</span> 
     </span>
    </p>
   </div>
   <div class='ocr_carea' id='block_1_23' title="bbox 2188 924 3738 1003">
    <p class='ocr_par' dir='ltr' id='par_1_23' title="bbox 2188 924 3738 1003">
     <span class='ocr_line' id='line_1_23' title="bbox 2188 924 3738 1003; baseline 0.009 -29"><span class='ocrx_word' id='word_1_151' title='bbox 2188 924 2494 992; x_wconf 84' lang='grc' dir='ltr'>φλέγουσιν.</span> <span class='ocrx_word' id='word_1_152' title='bbox 2524 945 2541 976; x_wconf 70' lang='grc' dir='ltr'><strong>ι</strong></span> <span class='ocrx_word' id='word_1_153' title='bbox 2570 927 2790 990; x_wconf 81' lang='grc' dir='ltr'><strong>Τούτοις</strong></span> <span class='ocrx_word' id='word_1_154' title='bbox 2817 929 3089 983; x_wconf 77' lang='grc' dir='ltr'><strong>ἀντειπεῖν</strong></span> <span class='ocrx_word' id='word_1_155' title='bbox 3128 931 3189 984; x_wconf 84' lang='grc' dir='ltr'><strong>ού</strong></span> <span class='ocrx_word' id='word_1_156' title='bbox 3217 932 3531 1003; x_wconf 76' lang='grc' dir='ltr'>δυνηθέντες</span> <span class='ocrx_word' id='word_1_157' title='bbox 3567 936 3615 987; x_wconf 76' lang='grc' dir='ltr'>οἱ</span> <span class='ocrx_word' id='word_1_158' title='bbox 3652 936 3738 988; x_wconf 84' lang='grc' dir='ltr'>τύ-</span> 
     </span>
    </p>
   </div>
   <div class='ocr_carea' id='block_1_24' title="bbox 2188 1016 3736 1091">
    <p class='ocr_par' dir='ltr' id='par_1_24' title="bbox 2188 1016 3736 1091">
     <span class='ocr_line' id='line_1_24' title="bbox 2188 1016 3736 1091; baseline 0.007 -25"><span class='ocrx_word' id='word_1_159' title='bbox 2188 1030 2388 1085; x_wconf 84' lang='grc' dir='ltr'>ραννοι,</span> <span class='ocrx_word' id='word_1_160' title='bbox 2405 1016 2567 1086; x_wconf 82' lang='grc' dir='ltr'>δριμύ</span> <span class='ocrx_word' id='word_1_161' title='bbox 2593 1018 2755 1070; x_wconf 76' lang='grc' dir='ltr'>τικαὶ</span> <span class='ocrx_word' id='word_1_162' title='bbox 2785 1019 3103 1091; x_wconf 63' lang='grc' dir='ltr'>παράφορον</span> <span class='ocrx_word' id='word_1_163' title='bbox 3130 1023 3209 1084; x_wconf 89' lang='grc' dir='ltr'><strong>είς</strong></span> <span class='ocrx_word' id='word_1_164' title='bbox 3230 1022 3424 1085; x_wconf 75' lang='grc' dir='ltr'>αὐτοὺς</span> <span class='ocrx_word' id='word_1_165' title='bbox 3454 1024 3736 1090; x_wconf 83' lang='grc' dir='ltr'>ὑπιδόντες,</span> 
     </span>
    </p>
   </div>
   <div class='ocr_carea' id='block_1_25' title="bbox 2188 1105 3733 1181">
    <p class='ocr_par' dir='ltr' id='par_1_25' title="bbox 2188 1105 3733 1181">
     <span class='ocr_line' id='line_1_25' title="bbox 2188 1105 3733 1181; baseline 0.006 -23"><span class='ocrx_word' id='word_1_166' title='bbox 2188 1105 2281 1158; x_wconf 76' lang='grc' dir='ltr'><strong>καὶ</strong></span> <span class='ocrx_word' id='word_1_167' title='bbox 2308 1106 2376 1159; x_wconf 77' lang='grc' dir='ltr'>τὰ</span> <span class='ocrx_word' id='word_1_168' title='bbox 2405 1107 2527 1179; x_wconf 82' lang='grc' dir='ltr'>ξίφη</span> <span class='ocrx_word' id='word_1_169' title='bbox 2552 1108 2907 1179; x_wconf 82' lang='grc' dir='ltr'>σπασάμενοι,</span> <span class='ocrx_word' id='word_1_170' title='bbox 2937 1111 3074 1180; x_wconf 82' lang='grc' dir='ltr'>πρὸς</span> <span class='ocrx_word' id='word_1_171' title='bbox 3102 1112 3192 1165; x_wconf 80' lang='grc' dir='ltr'><strong>τὸν</strong></span> <span class='ocrx_word' id='word_1_172' title='bbox 3222 1113 3378 1181; x_wconf 80' lang='grc' dir='ltr'>φόνον</span> <span class='ocrx_word' id='word_1_173' title='bbox 3405 1113 3733 1176; x_wconf 75' lang='grc' dir='ltr'>ὁπλίζονται·</span> 
     </span>
    </p>
   </div>
   <div class='ocr_carea' id='block_1_26' title="bbox 2187 1196 3739 1281">
    <p class='ocr_par' dir='ltr' id='par_1_26' title="bbox 2187 1196 3739 1281">
     <span class='ocr_line' id='line_1_26' title="bbox 2187 1196 3739 1281; baseline 0.006 -32"><span class='ocrx_word' id='word_1_174' title='bbox 2187 1196 2281 1249; x_wconf 74' lang='grc' dir='ltr'>καὶ</span> <span class='ocrx_word' id='word_1_175' title='bbox 2313 1196 2376 1267; x_wconf 78' lang='grc' dir='ltr'><strong>δὴ</strong></span> <span class='ocrx_word' id='word_1_176' title='bbox 2419 1199 2494 1261; x_wconf 86' lang='grc' dir='ltr'>ὡς</span> <span class='ocrx_word' id='word_1_177' title='bbox 2543 1199 2650 1252; x_wconf 80' lang='grc' dir='ltr'>ἀπὸ</span> <span class='ocrx_word' id='word_1_178' title='bbox 2703 1199 2926 1271; x_wconf 72' lang='grc' dir='ltr'>σημείου</span> <span class='ocrx_word' id='word_1_179' title='bbox 2974 1200 3199 1281; x_wconf 80' lang='grc' dir='ltr'>τούτους</span> <span class='ocrx_word' id='word_1_180' title='bbox 3256 1203 3606 1272; x_wconf 75' lang='grc' dir='ltr'>ἐξαγαγόντες</span> <span class='ocrx_word' id='word_1_181' title='bbox 3650 1206 3739 1276; x_wconf 88' lang='grc' dir='ltr'><strong>τῆς</strong></span> 
     </span>
    </p>
   </div>
   <div class='ocr_carea' id='block_1_27' title="bbox 2188 1286 3740 1363">
    <p class='ocr_par' dir='ltr' id='par_1_27' title="bbox 2188 1286 3740 1363">
     <span class='ocr_line' id='line_1_27' title="bbox 2188 1286 3740 1363; baseline 0.007 -25"><span class='ocrx_word' id='word_1_182' title='bbox 2188 1286 2416 1353; x_wconf 81' lang='grc' dir='ltr'>πόλεως,</span> <span class='ocrx_word' id='word_1_183' title='bbox 2452 1290 2544 1341; x_wconf 69' lang='grc' dir='ltr'>ἐπί</span> <span class='ocrx_word' id='word_1_184' title='bbox 2588 1305 2710 1343; x_wconf 87' lang='grc' dir='ltr'>τινα</span> <span class='ocrx_word' id='word_1_185' title='bbox 2745 1293 2989 1362; x_wconf 79' lang='grc' dir='ltr'>κορυφὴν</span> <span class='ocrx_word' id='word_1_186' title='bbox 3020 1292 3304 1363; x_wconf 80' lang='grc' dir='ltr'>δεσμώτας</span> <span class='ocrx_word' id='word_1_187' title='bbox 3349 1295 3623 1363; x_wconf 83' lang='grc' dir='ltr'>ἀνάγουσι,</span> <span class='ocrx_word' id='word_1_188' title='bbox 3656 1297 3740 1349; x_wconf 79' lang='grc' dir='ltr'>καὶ</span> 
     </span>
    </p>
   </div>
   <div class='ocr_carea' id='block_1_28' title="bbox 2186 1379 3741 1455">
    <p class='ocr_par' dir='ltr' id='par_1_28' title="bbox 2186 1379 3741 1455">
     <span class='ocr_line' id='line_1_28' title="bbox 2186 1379 3741 1455; baseline 0.006 -25"><span class='ocrx_word' id='word_1_189' title='bbox 2186 1380 2299 1441; x_wconf 81' lang='grc' dir='ltr'>τοῖς</span> <span class='ocrx_word' id='word_1_190' title='bbox 2330 1379 2542 1449; x_wconf 75' lang='grc' dir='ltr'>δημίοις</span> <span class='ocrx_word' id='word_1_191' title='bbox 2573 1380 2642 1433; x_wconf 82' lang='grc' dir='ltr'>τὰ</span> <span class='ocrx_word' id='word_1_192' title='bbox 2675 1381 2810 1452; x_wconf 83' lang='grc' dir='ltr'>πρὸς</span> <span class='ocrx_word' id='word_1_193' title='bbox 2860 1382 3074 1454; x_wconf 80' lang='grc' dir='ltr'>σφαγὴν</span> <span class='ocrx_word' id='word_1_194' title='bbox 3106 1384 3488 1455; x_wconf 79' lang='grc' dir='ltr'>ἐγχειρίζουσι.</span> <span class='ocrx_word' id='word_1_195' title='bbox 3538 1385 3741 1450; x_wconf 67' lang='grc' dir='ltr'>Μεταξὺ</span> 
     </span>
    </p>
   </div>
   <div class='ocr_carea' id='block_1_29' title="bbox 2187 1467 3741 1545">
    <p class='ocr_par' dir='ltr' id='par_1_29' title="bbox 2187 1467 3741 1545">
     <span class='ocr_line' id='line_1_29' title="bbox 2187 1467 3741 1545; baseline 0.005 -24"><span class='ocrx_word' id='word_1_196' title='bbox 2187 1467 2246 1521; x_wconf 79' lang='grc' dir='ltr'>δὲ</span> <span class='ocrx_word' id='word_1_197' title='bbox 2280 1469 2466 1539; x_wconf 83' lang='grc' dir='ltr'>καιρὸν</span> <span class='ocrx_word' id='word_1_198' title='bbox 2527 1471 2576 1522; x_wconf 76' lang='lat' dir='ltr'><strong>oi</strong></span> <span class='ocrx_word' id='word_1_199' title='bbox 2628 1470 2772 1538; x_wconf 83' lang='grc' dir='ltr'>ἆγιοι</span> <span class='ocrx_word' id='word_1_200' title='bbox 2822 1471 3035 1524; x_wconf 81' lang='grc' dir='ltr'>αἰτοῦσι</span> <span class='ocrx_word' id='word_1_201' title='bbox 3080 1475 3424 1545; x_wconf 79' lang='grc' dir='ltr'>προσευχῆς,</span> <span class='ocrx_word' id='word_1_202' title='bbox 3477 1477 3568 1528; x_wconf 76' lang='grc' dir='ltr'>καὶ</span> <span class='ocrx_word' id='word_1_203' title='bbox 3625 1477 3741 1545; x_wconf 87' lang='grc' dir='ltr'>γόνυ</span> 
     </span>
    </p>
   </div>
   <div class='ocr_carea' id='block_1_30' title="bbox 2189 1559 3745 1638">
    <p class='ocr_par' dir='ltr' id='par_1_30' title="bbox 2189 1559 3745 1638">
     <span class='ocr_line' id='line_1_30' title="bbox 2189 1559 3745 1638; baseline 0.005 -25"><span class='ocrx_word' id='word_1_204' title='bbox 2189 1559 2476 1614; x_wconf 83' lang='grc' dir='ltr'>κλίνουσιν.</span> <span class='ocrx_word' id='word_1_205' title='bbox 2537 1561 2625 1613; x_wconf 90' lang='grc' dir='ltr'>Ἐν</span> <span class='ocrx_word' id='word_1_206' title='bbox 2668 1560 2909 1632; x_wconf 85' lang='grc' dir='ltr'>τοσούτῳ</span> <span class='ocrx_word' id='word_1_207' title='bbox 2953 1563 3011 1615; x_wconf 82' lang='grc' dir='ltr'>δὲ</span> <span class='ocrx_word' id='word_1_208' title='bbox 3054 1566 3083 1617; x_wconf 84' lang='grc' dir='ltr'>ὁ</span> <span class='ocrx_word' id='word_1_209' title='bbox 3130 1565 3463 1638; x_wconf 82' lang='grc' dir='ltr'>ίερομάρτυς</span> <span class='ocrx_word' id='word_1_210' title='bbox 3504 1567 3592 1619; x_wconf 82' lang='grc' dir='ltr'><strong>τοῦ</strong></span> <span class='ocrx_word' id='word_1_211' title='bbox 3625 1569 3745 1637; x_wconf 81' lang='grc' dir='ltr'>Χρι-</span> 
     </span>
    </p>
   </div>
   <div class='ocr_carea' id='block_1_31' title="bbox 2191 1644 3739 1724">
    <p class='ocr_par' dir='ltr' id='par_1_31' title="bbox 2191 1644 3739 1724">
     <span class='ocr_line' id='line_1_31' title="bbox 2191 1644 3739 1724; baseline 0.003 -19"><span class='ocrx_word' id='word_1_212' title='bbox 2191 1648 2317 1705; x_wconf 76' lang='grc' dir='ltr'>στοῦ</span> <span class='ocrx_word' id='word_1_213' title='bbox 2368 1644 2671 1715; x_wconf 81' lang='grc' dir='ltr'>Διονύσιος,</span> <span class='ocrx_word' id='word_1_214' title='bbox 2725 1650 2787 1703; x_wconf 83' lang='grc' dir='ltr'><strong>τὸ</strong></span> <span class='ocrx_word' id='word_1_215' title='bbox 2849 1651 3000 1721; x_wconf 76' lang='grc' dir='ltr'>ὄμμα</span> <span class='ocrx_word' id='word_1_216' title='bbox 3034 1654 3114 1715; x_wconf 86' lang='grc' dir='ltr'><strong>είς</strong></span> <span class='ocrx_word' id='word_1_217' title='bbox 3162 1655 3429 1724; x_wconf 74' lang='grc' dir='ltr'>οὐρανοὺς</span> <span class='ocrx_word' id='word_1_218' title='bbox 3461 1656 3739 1721; x_wconf 76' lang='grc' dir='ltr'>ἀνατείνας·</span> 
     </span>
    </p>
   </div>
   <div class='ocr_carea' id='block_1_32' title="bbox 534 1739 2104 1817">
    <p class='ocr_par' dir='ltr' id='par_1_32' title="bbox 534 1740 2095 1810">
     <span class='ocr_line' id='line_1_32' title="bbox 534 1740 2095 1810; baseline -0.003 -14"><span class='ocrx_word' id='word_1_219' title='bbox 534 1750 725 1796; x_wconf 88' lang='lat' dir='ltr'><strong>sancta</strong></span> <span class='ocrx_word' id='word_1_220' title='bbox 757 1740 1000 1794; x_wconf 88' lang='lat' dir='ltr'><strong>Trinitas</strong></span> <span class='ocrx_word' id='word_1_221' title='bbox 1027 1740 1297 1810; x_wconf 89' lang='lat' dir='ltr'><strong>principio</strong></span> <span class='ocrx_word' id='word_1_222' title='bbox 1328 1755 1554 1802; x_wconf 88' lang='lat' dir='ltr'><strong>carens,</strong></span> <span class='ocrx_word' id='word_1_223' title='bbox 1588 1747 1641 1793; x_wconf 86' lang='lat' dir='ltr'><strong>et</strong></span> <span class='ocrx_word' id='word_1_224' title='bbox 1684 1740 1737 1792; x_wconf 90' lang='lat' dir='ltr'><strong>in</strong></span> <span class='ocrx_word' id='word_1_225' title='bbox 1782 1754 1941 1807; x_wconf 89' lang='lat' dir='ltr'><strong>quam</strong></span> <span class='ocrx_word' id='word_1_226' title='bbox 1989 1755 2095 1793; x_wconf 90' lang='lat' dir='ltr'><strong>non</strong></span> 
     </span>
    </p>
   </div>
   <div class='ocr_carea' id='block_1_33' title="bbox 2195 1739 3742 1817">
    <p class='ocr_par' dir='ltr' id='par_1_33' title="bbox 2195 1739 3742 1817">
     <span class='ocr_line' id='line_1_33' title="bbox 2195 1739 3742 1817; baseline 0.006 -26"><span class='ocrx_word' id='word_1_227' title='bbox 2195 1758 2215 1790; x_wconf 76' lang='grc' dir='ltr'><strong>ι</strong></span> <span class='ocrx_word' id='word_1_228' title='bbox 2243 1739 2487 1793; x_wconf 81' lang='grc' dir='ltr'>Δέσποτα</span> <span class='ocrx_word' id='word_1_229' title='bbox 2517 1740 2619 1794; x_wconf 81' lang='grc' dir='ltr'><strong>Θεὲ</strong></span> <span class='ocrx_word' id='word_1_230' title='bbox 2652 1742 3052 1815; x_wconf 82' lang='grc' dir='ltr'>παντόκρατορ,</span> <span class='ocrx_word' id='word_1_231' title='bbox 3090 1743 3204 1807; x_wconf 85' lang='grc' dir='ltr'>Υἱὲ,</span> <span class='ocrx_word' id='word_1_232' title='bbox 3253 1746 3421 1816; x_wconf 78' lang='grc' dir='ltr'>φησὶ,</span> <span class='ocrx_word' id='word_1_233' title='bbox 3460 1749 3742 1817; x_wconf 80' lang='grc' dir='ltr'>μονογενὲς,</span> 
     </span>
    </p>
   </div>
   <div class='ocr_carea' id='block_1_34' title="bbox 531 1822 2104 1912">
    <p class='ocr_par' dir='ltr' id='par_1_34' title="bbox 531 1826 2098 1897">
     <span class='ocr_line' id='line_1_34' title="bbox 531 1826 2098 1897; baseline -0.001 -15"><span class='ocrx_word' id='word_1_234' title='bbox 531 1828 679 1882; x_wconf 88' lang='lat' dir='ltr'><strong>cadit</strong></span> <span class='ocrx_word' id='word_1_235' title='bbox 702 1826 921 1891; x_wconf 84' lang='lat' dir='ltr'><strong>divisio,</strong></span> <span class='ocrx_word' id='word_1_236' title='bbox 956 1828 1173 1896; x_wconf 86' lang='lat' dir='ltr'><strong>suscipe</strong></span> <span class='ocrx_word' id='word_1_237' title='bbox 1195 1842 1475 1881; x_wconf 86' lang='lat' dir='ltr'><strong>servorum</strong></span> <span class='ocrx_word' id='word_1_238' title='bbox 1504 1835 1724 1881; x_wconf 87' lang='lat' dir='ltr'><strong>tuorum</strong></span> <span class='ocrx_word' id='word_1_239' title='bbox 1756 1828 1809 1880; x_wconf 91' lang='lat' dir='ltr'><strong>in</strong></span> <span class='ocrx_word' id='word_1_240' title='bbox 1830 1843 1961 1897; x_wconf 89' lang='lat' dir='ltr'><strong>pace</strong></span> <span class='ocrx_word' id='word_1_241' title='bbox 1978 1829 2098 1882; x_wconf 88' lang='lat' dir='ltr'><strong>ani-</strong></span> 
     </span>
    </p>
   </div>
   <div class='ocr_carea' id='block_1_35' title="bbox 2195 1822 3743 1912">
    <p class='ocr_par' dir='ltr' id='par_1_35' title="bbox 2195 1832 3743 1912">
     <span class='ocr_line' id='line_1_35' title="bbox 2195 1832 3743 1912; baseline 0.003 -26"><span class='ocrx_word' id='word_1_242' title='bbox 2195 1832 2283 1886; x_wconf 76' lang='grc' dir='ltr'><strong>καὶ</strong></span> <span class='ocrx_word' id='word_1_243' title='bbox 2318 1833 2468 1901; x_wconf 72' lang='grc' dir='ltr'>ἅγιον</span> <span class='ocrx_word' id='word_1_244' title='bbox 2486 1832 2731 1904; x_wconf 83' lang='grc' dir='ltr'>Πνεῦμα,</span> <span class='ocrx_word' id='word_1_245' title='bbox 2755 1833 2925 1907; x_wconf 84' lang='grc' dir='ltr'>Τριὰς</span> <span class='ocrx_word' id='word_1_246' title='bbox 2950 1835 3080 1903; x_wconf 82' lang='grc' dir='ltr'>ἁγία</span> <span class='ocrx_word' id='word_1_247' title='bbox 3113 1835 3316 1908; x_wconf 77' lang='grc' dir='ltr'>ἄναρχε</span> <span class='ocrx_word' id='word_1_248' title='bbox 3350 1838 3446 1891; x_wconf 76' lang='grc' dir='ltr'>καὶ</span> <span class='ocrx_word' id='word_1_249' title='bbox 3480 1840 3743 1912; x_wconf 83' lang='grc' dir='ltr'>ἀμέριστε,</span> 
     </span>
    </p>
   </div>
   <div class='ocr_carea' id='block_1_36' title="bbox 532 1920 2098 1990">
    <p class='ocr_par' dir='ltr' id='par_1_36' title="bbox 532 1920 2098 1990">
     <span class='ocr_line' id='line_1_36' title="bbox 532 1920 2098 1990; baseline -0.001 -16"><span class='ocrx_word' id='word_1_250' title='bbox 532 1935 670 1984; x_wconf 84' lang='lat' dir='ltr'><strong>mas,</strong></span> <span class='ocrx_word' id='word_1_251' title='bbox 695 1920 951 1990; x_wconf 82' lang='lat' dir='ltr'><strong>quoniam</strong></span> <span class='ocrx_word' id='word_1_252' title='bbox 981 1927 1200 1990; x_wconf 86' lang='lat' dir='ltr'><strong>propter</strong></span> <span class='ocrx_word' id='word_1_253' title='bbox 1232 1927 1283 1974; x_wconf 87' lang='lat' dir='ltr'><strong>te</strong></span> <span class='ocrx_word' id='word_1_254' title='bbox 1304 1927 1479 1973; x_wconf 90' lang='lat' dir='ltr'><strong>morte</strong></span> <span class='ocrx_word' id='word_1_255' title='bbox 1510 1920 1793 1976; x_wconf 73' lang='lat' dir='ltr'><strong>al’ﬁcimur.</strong></span> <span class='ocrx_word' id='word_1_256' title='bbox 1821 1940 1840 1973; x_wconf 71' lang='grc' dir='ltr'><strong>ι</strong></span> <span class='ocrx_word' id='word_1_257' title='bbox 1890 1920 2098 1975; x_wconf 86' lang='lat' dir='ltr'><strong>Etcum</strong></span> 
     </span>
    </p>
   </div>
   <div class='ocr_carea' id='block_1_37' title="bbox 532 2004 2101 2071">
    <p class='ocr_par' dir='ltr' id='par_1_37' title="bbox 532 2004 2101 2071">
     <span class='ocr_line' id='line_1_37' title="bbox 532 2004 2101 2071; baseline -0.003 -7"><span class='ocrx_word' id='word_1_258' title='bbox 532 2009 731 2071; x_wconf 81' lang='lat' dir='ltr'><strong>sancti,</strong></span> <span class='ocrx_word' id='word_1_259' title='bbox 772 2027 790 2059; x_wconf 80' lang='grc' dir='ltr'><strong>ι</strong></span> <span class='ocrx_word' id='word_1_260' title='bbox 817 2004 1011 2071; x_wconf 70' lang='lat' dir='ltr'><strong>Amen,</strong></span> <span class='ocrx_word' id='word_1_261' title='bbox 1042 2027 1062 2059; x_wconf 72' lang='grc' dir='ltr'><strong>ι</strong></span> <span class='ocrx_word' id='word_1_262' title='bbox 1086 2007 1504 2071; x_wconf 88' lang='lat' dir='ltr'><strong>acclamassent,</strong></span> <span class='ocrx_word' id='word_1_263' title='bbox 1529 2022 1829 2063; x_wconf 88' lang='lat' dir='ltr'><strong>conversus</strong></span> <span class='ocrx_word' id='word_1_264' title='bbox 1851 2008 1917 2061; x_wconf 83' lang='lat' dir='ltr'><strong>ad</strong></span> <span class='ocrx_word' id='word_1_265' title='bbox 1943 2008 2101 2061; x_wconf 85' lang='lat' dir='ltr'><strong>licto-</strong></span> 
     </span>
    </p>
   </div>
   <div class='ocr_carea' id='block_1_38' title="bbox 532 2097 2094 2169">
    <p class='ocr_par' dir='ltr' id='par_1_38' title="bbox 532 2097 2094 2169">
     <span class='ocr_line' id='line_1_38' title="bbox 532 2097 2094 2169; baseline -0.003 -16"><span class='ocrx_word' id='word_1_266' title='bbox 532 2117 653 2156; x_wconf 87' lang='lat' dir='ltr'><strong>res:</strong></span> <span class='ocrx_word' id='word_1_267' title='bbox 693 2121 711 2152; x_wconf 80' lang='grc' dir='ltr'><strong>ι</strong></span> <span class='ocrx_word' id='word_1_268' title='bbox 735 2099 941 2163; x_wconf 84' lang='lat' dir='ltr'><strong>Facite,</strong></span> <span class='ocrx_word' id='word_1_269' title='bbox 968 2099 1165 2169; x_wconf 87' lang='lat' dir='ltr'><strong>inquit,</strong></span> <span class='ocrx_word' id='word_1_270' title='bbox 1197 2097 1343 2167; x_wconf 85' lang='lat' dir='ltr'><strong>quod</strong></span> <span class='ocrx_word' id='word_1_271' title='bbox 1374 2098 1476 2151; x_wconf 84' lang='lat' dir='ltr'><strong>l‘uit</strong></span> <span class='ocrx_word' id='word_1_272' title='bbox 1502 2099 1658 2152; x_wconf 81' lang='lat' dir='ltr'><strong>vobis</strong></span> <span class='ocrx_word' id='word_1_273' title='bbox 1692 2099 2034 2167; x_wconf 87' lang='lat' dir='ltr'><strong>imperatum.</strong></span> <span class='ocrx_word' id='word_1_274' title='bbox 2076 2116 2094 2148; x_wconf 77' lang='grc' dir='ltr'><strong>ι</strong></span> 
     </span>
    </p>
   </div>
   <div class='ocr_carea' id='block_1_39' title="bbox 534 2184 2101 2257">
    <p class='ocr_par' dir='ltr' id='par_1_39' title="bbox 534 2184 2101 2257">
     <span class='ocr_line' id='line_1_39' title="bbox 534 2184 2101 2257; baseline -0.003 -14"><span class='ocrx_word' id='word_1_275' title='bbox 534 2189 614 2244; x_wconf 92' lang='lat' dir='ltr'><strong>llli</strong></span> <span class='ocrx_word' id='word_1_276' title='bbox 641 2199 821 2243; x_wconf 88' lang='lat' dir='ltr'><strong>autem</strong></span> <span class='ocrx_word' id='word_1_277' title='bbox 852 2187 1089 2257; x_wconf 85' lang='lat' dir='ltr'><strong>primum</strong></span> <span class='ocrx_word' id='word_1_278' title='bbox 1137 2185 1357 2255; x_wconf 89' lang='lat' dir='ltr'><strong>quidem</strong></span> <span class='ocrx_word' id='word_1_279' title='bbox 1399 2186 1543 2245; x_wconf 85' lang='lat' dir='ltr'><strong>beati</strong></span> <span class='ocrx_word' id='word_1_280' title='bbox 1594 2184 1858 2255; x_wconf 82' lang='lat' dir='ltr'><strong>Dionysii,</strong></span> <span class='ocrx_word' id='word_1_281' title='bbox 1906 2185 2101 2239; x_wconf 90' lang='lat' dir='ltr'><strong>deinde</strong></span> 
     </span>
    </p>
   </div>
   <div class='ocr_carea' id='block_1_40' title="bbox 532 2273 2101 2353">
    <p class='ocr_par' dir='ltr' id='par_1_40' title="bbox 532 2273 2101 2353">
     <span class='ocr_line' id='line_1_40' title="bbox 532 2273 2101 2353; baseline -0.004 -18"><span class='ocrx_word' id='word_1_282' title='bbox 532 2279 744 2335; x_wconf 78' lang='lat' dir='ltr'><strong>Rustici</strong></span> <span class='ocrx_word' id='word_1_283' title='bbox 776 2285 830 2353; x_wconf 81' lang='lat' dir='ltr'><strong>et</strong></span> <span class='ocrx_word' id='word_1_284' title='bbox 851 2275 1149 2331; x_wconf 81' lang='lat' dir='ltr'><strong>Eleutherii</strong></span> <span class='ocrx_word' id='word_1_285' title='bbox 1189 2281 1353 2342; x_wconf 89' lang='lat' dir='ltr'><strong>caput</strong></span> <span class='ocrx_word' id='word_1_286' title='bbox 1380 2301 1387 2307; x_wconf 88' lang='lat'><strong><em>-</em></strong></span> <span class='ocrx_word' id='word_1_287' title='bbox 1411 2281 1711 2344; x_wconf 81' lang='lat' dir='ltr'><strong>amputant.</strong></span> <span class='ocrx_word' id='word_1_288' title='bbox 1763 2273 1867 2328; x_wconf 83' lang='lat' dir='ltr'><strong>Sed</strong></span> <span class='ocrx_word' id='word_1_289' title='bbox 1897 2289 1997 2328; x_wconf 91' lang='lat' dir='ltr'><strong>nec</strong></span> <span class='ocrx_word' id='word_1_290' title='bbox 2047 2275 2101 2328; x_wconf 89' lang='lat' dir='ltr'><strong>in</strong></span> 
     </span>
    </p>
   </div>
   <div class='ocr_carea' id='block_1_41' title="bbox 533 2363 2102 2437">
    <p class='ocr_par' dir='ltr' id='par_1_41' title="bbox 533 2363 2102 2437">
     <span class='ocr_line' id='line_1_41' title="bbox 533 2363 2102 2437; baseline -0.004 -14"><span class='ocrx_word' id='word_1_291' title='bbox 533 2369 639 2423; x_wconf 86' lang='lat' dir='ltr'><strong>hoc</strong></span> <span class='ocrx_word' id='word_1_292' title='bbox 672 2366 893 2437; x_wconf 89' lang='lat' dir='ltr'><strong>quidem</strong></span> <span class='ocrx_word' id='word_1_293' title='bbox 922 2365 989 2436; x_wconf 92' lang='grc' dir='ltr'>(ο</span> <span class='ocrx_word' id='word_1_294' title='bbox 1012 2363 1271 2434; x_wconf 81' lang='lat' dir='ltr'><strong>Dionysi)</strong></span> <span class='ocrx_word' id='word_1_295' title='bbox 1304 2365 1371 2427; x_wconf 87' lang='lat' dir='ltr'><strong>is,</strong></span> <span class='ocrx_word' id='word_1_296' title='bbox 1424 2364 1520 2432; x_wconf 90' lang='lat' dir='ltr'><strong>qui</strong></span> <span class='ocrx_word' id='word_1_297' title='bbox 1549 2370 1775 2433; x_wconf 75' lang='lat' dir='ltr'><strong>propter</strong></span> <span class='ocrx_word' id='word_1_298' title='bbox 1804 2370 1857 2417; x_wconf 88' lang='lat' dir='ltr'><strong>te</strong></span> <span class='ocrx_word' id='word_1_299' title='bbox 1906 2377 2102 2431; x_wconf 79' lang='lat' dir='ltr'><strong>passus</strong></span> 
     </span>
    </p>
   </div>
   <div class='ocr_carea' id='block_1_42' title="bbox 532 2453 2101 2524">
    <p class='ocr_par' dir='ltr' id='par_1_42' title="bbox 532 2453 2101 2524">
     <span class='ocr_line' id='line_1_42' title="bbox 532 2453 2101 2524; baseline -0.007 -8"><span class='ocrx_word' id='word_1_300' title='bbox 532 2466 638 2523; x_wconf 90' lang='lat' dir='ltr'><strong>cst,</strong></span> <span class='ocrx_word' id='word_1_301' title='bbox 672 2457 773 2512; x_wconf 80' lang='lat' dir='ltr'><strong>fuit</strong></span> <span class='ocrx_word' id='word_1_302' title='bbox 817 2457 1020 2511; x_wconf 82' lang='lat' dir='ltr'><strong>oblitus</strong></span> <span class='ocrx_word' id='word_1_303' title='bbox 1059 2455 1180 2524; x_wconf 88' lang='lat' dir='ltr'><strong>ejus</strong></span> <span class='ocrx_word' id='word_1_304' title='bbox 1221 2454 1315 2524; x_wconf 88' lang='lat' dir='ltr'><strong>qui</strong></span> <span class='ocrx_word' id='word_1_305' title='bbox 1343 2461 1568 2524; x_wconf 87' lang='lat' dir='ltr'><strong>propter</strong></span> <span class='ocrx_word' id='word_1_306' title='bbox 1610 2455 1787 2522; x_wconf 89' lang='lat' dir='ltr'><strong>ipsum</strong></span> <span class='ocrx_word' id='word_1_307' title='bbox 1841 2453 2101 2519; x_wconf 90' lang='lat' dir='ltr'><strong>moritur;</strong></span> 
     </span>
    </p>
   </div>
   <div class='ocr_carea' id='block_1_43' title="bbox 534 2542 2105 2614">
    <p class='ocr_par' dir='ltr' id='par_1_43' title="bbox 534 2542 2105 2614">
     <span class='ocr_line' id='line_1_43' title="bbox 534 2542 2105 2614; baseline -0.006 -7"><span class='ocrx_word' id='word_1_308' title='bbox 534 2550 630 2607; x_wconf 85' lang='lat' dir='ltr'><strong>sed</strong></span> <span class='ocrx_word' id='word_1_309' title='bbox 659 2550 983 2603; x_wconf 86' lang='lat' dir='ltr'><strong>miraculum</strong></span> <span class='ocrx_word' id='word_1_310' title='bbox 1011 2548 1177 2601; x_wconf 89' lang='lat' dir='ltr'><strong>etiam</strong></span> <span class='ocrx_word' id='word_1_311' title='bbox 1207 2546 1450 2602; x_wconf 85' lang='lat' dir='ltr'><strong>ostendit</strong></span> <span class='ocrx_word' id='word_1_312' title='bbox 1474 2545 1527 2599; x_wconf 90' lang='lat' dir='ltr'><strong>in</strong></span> <span class='ocrx_word' id='word_1_313' title='bbox 1560 2545 1952 2614; x_wconf 87' lang='lat' dir='ltr'><strong>amputatione.</strong></span> <span class='ocrx_word' id='word_1_314' title='bbox 1979 2542 2105 2598; x_wconf 65' lang='grc' dir='ltr'><strong>Ειιεο⁸</strong></span> 
     </span>
    </p>
   </div>
   <div class='ocr_carea' id='block_1_44' title="bbox 533 2635 2103 2708">
    <p class='ocr_par' dir='ltr' id='par_1_44' title="bbox 533 2635 2103 2708">
     <span class='ocr_line' id='line_1_44' title="bbox 533 2635 2103 2708; baseline -0.006 -11"><span class='ocrx_word' id='word_1_315' title='bbox 533 2643 645 2698; x_wconf 87' lang='lat' dir='ltr'><strong>nim</strong></span> <span class='ocrx_word' id='word_1_316' title='bbox 676 2656 801 2696; x_wconf 88' lang='lat' dir='ltr'><strong>cum</strong></span> <span class='ocrx_word' id='word_1_317' title='bbox 839 2654 1000 2695; x_wconf 90' lang='lat' dir='ltr'><strong>suum</strong></span> <span class='ocrx_word' id='word_1_318' title='bbox 1033 2645 1199 2708; x_wconf 89' lang='lat' dir='ltr'><strong>caput</strong></span> <span class='ocrx_word' id='word_1_319' title='bbox 1253 2646 1516 2708; x_wconf 86' lang='lat' dir='ltr'><strong>tanquam</strong></span> <span class='ocrx_word' id='word_1_320' title='bbox 1568 2636 1789 2706; x_wconf 88' lang='lat' dir='ltr'><strong>aliquod</strong></span> <span class='ocrx_word' id='word_1_321' title='bbox 1819 2635 2103 2705; x_wconf 64' lang='lat' dir='ltr'><strong>praemium</strong></span> 
     </span>
    </p>
   </div>
   <div class='ocr_carea' id='block_1_45' title="bbox 534 2727 2104 2803">
    <p class='ocr_par' dir='ltr' id='par_1_45' title="bbox 534 2727 2104 2803">
     <span class='ocr_line' id='line_1_45' title="bbox 534 2727 2104 2803; baseline -0.006 -16"><span class='ocrx_word' id='word_1_322' title='bbox 534 2739 741 2803; x_wconf 88' lang='lat' dir='ltr'><strong>martyr</strong></span> <span class='ocrx_word' id='word_1_323' title='bbox 777 2731 893 2787; x_wconf 88' lang='lat' dir='ltr'><strong>suis</strong></span> <span class='ocrx_word' id='word_1_324' title='bbox 917 2730 1220 2800; x_wconf 87' lang='lat' dir='ltr'><strong>accepisset</strong></span> <span class='ocrx_word' id='word_1_325' title='bbox 1249 2729 1523 2792; x_wconf 90' lang='lat' dir='ltr'><strong>manibus,</strong></span> <span class='ocrx_word' id='word_1_326' title='bbox 1577 2727 1779 2782; x_wconf 86' lang='lat' dir='ltr'><strong>transit</strong></span> <span class='ocrx_word' id='word_1_327' title='bbox 1825 2727 1891 2779; x_wconf 89' lang='lat' dir='ltr'><strong>ad</strong></span> <span class='ocrx_word' id='word_1_328' title='bbox 1920 2741 2104 2780; x_wconf 85' lang='lat' dir='ltr'><strong>remo-</strong></span> 
     </span>
    </p>
   </div>
   <div class='ocr_carea' id='block_1_46' title="bbox 534 2816 2103 2890">
    <p class='ocr_par' dir='ltr' id='par_1_46' title="bbox 534 2816 2103 2890">
     <span class='ocr_line' id='line_1_46' title="bbox 534 2816 2103 2890; baseline -0.006 -12"><span class='ocrx_word' id='word_1_329' title='bbox 534 2825 729 2879; x_wconf 89' lang='lat' dir='ltr'><strong>tiorem</strong></span> <span class='ocrx_word' id='word_1_330' title='bbox 758 2824 959 2878; x_wconf 87' lang='lat' dir='ltr'><strong>locum.</strong></span> <span class='ocrx_word' id='word_1_331' title='bbox 990 2821 1218 2877; x_wconf 86' lang='lat' dir='ltr'><strong>Ferebat</strong></span> <span class='ocrx_word' id='word_1_332' title='bbox 1241 2834 1371 2890; x_wconf 81' lang='lat' dir='ltr'><strong>ergo</strong></span> <span class='ocrx_word' id='word_1_333' title='bbox 1399 2820 1517 2888; x_wconf 90' lang='lat' dir='ltr'><strong>ipse</strong></span> <span class='ocrx_word' id='word_1_334' title='bbox 1557 2828 1720 2887; x_wconf 89' lang='lat' dir='ltr'><strong>caput</strong></span> <span class='ocrx_word' id='word_1_335' title='bbox 1744 2819 1799 2871; x_wconf 88' lang='lat' dir='ltr'><strong>in</strong></span> <span class='ocrx_word' id='word_1_336' title='bbox 1830 2816 2103 2881; x_wconf 89' lang='lat' dir='ltr'><strong>manibus,</strong></span> 
     </span>
    </p>
   </div>
   <div class='ocr_carea' id='block_1_47' title="bbox 534 2907 2106 2984">
    <p class='ocr_par' dir='ltr' id='par_1_47' title="bbox 534 2907 2106 2984">
     <span class='ocr_line' id='line_1_47' title="bbox 534 2907 2106 2984; baseline -0.008 -15"><span class='ocrx_word' id='word_1_337' title='bbox 534 2922 794 2984; x_wconf 83' lang='lat' dir='ltr'><strong>tanquam</strong></span> <span class='ocrx_word' id='word_1_338' title='bbox 824 2911 1044 2982; x_wconf 89' lang='lat' dir='ltr'><strong>aliquod</strong></span> <span class='ocrx_word' id='word_1_339' title='bbox 1076 2910 1399 2979; x_wconf 68' lang='lat' dir='ltr'><strong>trophaeum,</strong></span> <span class='ocrx_word' id='word_1_340' title='bbox 1436 2923 1466 2960; x_wconf 91' lang='lat' dir='ltr'><strong>a</strong></span> <span class='ocrx_word' id='word_1_341' title='bbox 1496 2907 1680 2961; x_wconf 89' lang='lat' dir='ltr'><strong>divina</strong></span> <span class='ocrx_word' id='word_1_342' title='bbox 1722 2908 1946 2961; x_wconf 89' lang='lat' dir='ltr'><strong>omnino</strong></span> <span class='ocrx_word' id='word_1_343' title='bbox 1975 2919 2106 2972; x_wconf 86' lang='lat' dir='ltr'><strong>por-</strong></span> 
     </span>
    </p>
   </div>
   <div class='ocr_carea' id='block_1_48' title="bbox 537 2993 2107 3075">
    <p class='ocr_par' dir='ltr' id='par_1_48' title="bbox 537 2993 2107 3075">
     <span class='ocr_line' id='line_1_48' title="bbox 537 2993 2107 3075; baseline -0.009 -16"><span class='ocrx_word' id='word_1_344' title='bbox 537 3012 684 3060; x_wconf 87' lang='lat' dir='ltr'><strong>tatus</strong></span> <span class='ocrx_word' id='word_1_345' title='bbox 711 3004 907 3075; x_wconf 77' lang='lat' dir='ltr'><strong>gratia,</strong></span> <span class='ocrx_word' id='word_1_346' title='bbox 940 3016 1117 3071; x_wconf 88' lang='lat' dir='ltr'><strong>neque</strong></span> <span class='ocrx_word' id='word_1_347' title='bbox 1147 3000 1299 3069; x_wconf 88' lang='lat' dir='ltr'><strong>prius</strong></span> <span class='ocrx_word' id='word_1_348' title='bbox 1323 2998 1552 3062; x_wconf 87' lang='lat' dir='ltr'><strong>dimisit,</strong></span> <span class='ocrx_word' id='word_1_349' title='bbox 1581 3011 1746 3066; x_wconf 86' lang='lat' dir='ltr'><strong>quam</strong></span> <span class='ocrx_word' id='word_1_350' title='bbox 1779 2995 1995 3048; x_wconf 89' lang='lat' dir='ltr'><strong>mulieri</strong></span> <span class='ocrx_word' id='word_1_351' title='bbox 2022 2993 2107 3046; x_wconf 86' lang='lat' dir='ltr'><strong>di-</strong></span> 
     </span>
    </p>
   </div>
   <div class='ocr_carea' id='block_1_49' title="bbox 538 3082 2105 3159">
    <p class='ocr_par' dir='ltr' id='par_1_49' title="bbox 538 3082 2105 3159">
     <span class='ocr_line' id='line_1_49' title="bbox 538 3082 2105 3159; baseline -0.007 -15"><span class='ocrx_word' id='word_1_352' title='bbox 538 3091 664 3144; x_wconf 79' lang='lat' dir='ltr'><strong>vina</strong></span> <span class='ocrx_word' id='word_1_353' title='bbox 694 3090 929 3159; x_wconf 82' lang='lat' dir='ltr'><strong>quadam</strong></span> <span class='ocrx_word' id='word_1_354' title='bbox 979 3087 1204 3141; x_wconf 82' lang='lat' dir='ltr'><strong>omnino</strong></span> <span class='ocrx_word' id='word_1_355' title='bbox 1254 3100 1553 3139; x_wconf 86' lang='lat' dir='ltr'><strong>occurrens</strong></span> <span class='ocrx_word' id='word_1_356' title='bbox 1605 3082 1947 3153; x_wconf 77' lang='lat' dir='ltr'><strong>providentia</strong></span> <span class='ocrx_word' id='word_1_357' title='bbox 1977 3119 1994 3145; x_wconf 93' lang='lat'><strong>,</strong></span> <span class='ocrx_word' id='word_1_358' title='bbox 2050 3082 2105 3134; x_wconf 79' lang='lat' dir='ltr'><strong>ia</strong></span> 
     </span>
    </p>
   </div>
   <div class='ocr_carea' id='block_1_50' title="bbox 2191 1918 3752 2002">
    <p class='ocr_par' dir='ltr' id='par_1_50' title="bbox 2191 1918 3752 2002">
     <span class='ocr_line' id='line_1_50' title="bbox 2191 1918 3752 2002; baseline 0.006 -30"><span class='ocrx_word' id='word_1_359' title='bbox 2191 1918 2481 1994; x_wconf 82' lang='grc' dir='ltr'>πρόσδεξαι</span> <span class='ocrx_word' id='word_1_360' title='bbox 2524 1921 2624 1986; x_wconf 80' lang='grc' dir='ltr'>τὰς</span> <span class='ocrx_word' id='word_1_361' title='bbox 2670 1922 2778 1975; x_wconf 81' lang='grc' dir='ltr'><strong>τῶν</strong></span> <span class='ocrx_word' id='word_1_362' title='bbox 2833 1923 2941 1976; x_wconf 80' lang='grc' dir='ltr'><strong>σῶν</strong></span> <span class='ocrx_word' id='word_1_363' title='bbox 3003 1925 3203 1979; x_wconf 89' lang='grc' dir='ltr'>δούλων</span> <span class='ocrx_word' id='word_1_364' title='bbox 3251 1929 3308 1979; x_wconf 81' lang='grc' dir='ltr'>ὲν</span> <span class='ocrx_word' id='word_1_365' title='bbox 3340 1930 3533 2002; x_wconf 78' lang='grc' dir='ltr'>εἰρήνῃ</span> <span class='ocrx_word' id='word_1_366' title='bbox 3563 1929 3752 1998; x_wconf 66' lang='grc' dir='ltr'>ψυχὰς,</span> 
     </span>
    </p>
   </div>
   <div class='ocr_carea' id='block_1_51' title="bbox 2192 2010 3747 2087">
    <p class='ocr_par' dir='ltr' id='par_1_51' title="bbox 2192 2010 3747 2087">
     <span class='ocr_line' id='line_1_51' title="bbox 2192 2010 3747 2087; baseline 0.005 -23"><span class='ocrx_word' id='word_1_367' title='bbox 2192 2013 2273 2064; x_wconf 81' lang='grc' dir='ltr'><strong>ὅτι</strong></span> <span class='ocrx_word' id='word_1_368' title='bbox 2306 2010 2471 2066; x_wconf 80' lang='grc' dir='ltr'>ἓνεκά</span> <span class='ocrx_word' id='word_1_369' title='bbox 2528 2030 2622 2066; x_wconf 90' lang='grc' dir='ltr'><strong>σου</strong></span> <span class='ocrx_word' id='word_1_370' title='bbox 2669 2014 3064 2086; x_wconf 88' lang='grc' dir='ltr'>θανατούμεθα.</span> <span class='ocrx_word' id='word_1_371' title='bbox 3098 2035 3115 2066; x_wconf 75' lang='grc' dir='ltr'><strong>ι</strong></span> <span class='ocrx_word' id='word_1_372' title='bbox 3183 2017 3291 2070; x_wconf 73' lang='grc' dir='ltr'><strong>Καὶ</strong></span> <span class='ocrx_word' id='word_1_373' title='bbox 3336 2017 3449 2072; x_wconf 82' lang='grc' dir='ltr'><strong>τῶν</strong></span> <span class='ocrx_word' id='word_1_374' title='bbox 3493 2020 3652 2087; x_wconf 83' lang='grc' dir='ltr'>ἁγίων</span> <span class='ocrx_word' id='word_1_375' title='bbox 3691 2019 3747 2072; x_wconf 83' lang='grc' dir='ltr'><strong>τὸ</strong></span> 
     </span>
    </p>
   </div>
   <div class='ocr_carea' id='block_1_52' title="bbox 2198 2105 3747 2182">
    <p class='ocr_par' dir='ltr' id='par_1_52' title="bbox 2198 2105 3747 2182">
     <span class='ocr_line' id='line_1_52' title="bbox 2198 2105 3747 2182; baseline 0.005 -27"><span class='ocrx_word' id='word_1_376' title='bbox 2198 2121 2218 2155; x_wconf 77' lang='grc' dir='ltr'><strong>ι</strong></span> <span class='ocrx_word' id='word_1_377' title='bbox 2243 2105 2295 2156; x_wconf 77' lang='grc' dir='ltr'><strong>Ἀ</strong></span> <span class='ocrx_word' id='word_1_378' title='bbox 2307 2106 2410 2177; x_wconf 78' lang='grc' dir='ltr'><strong>μὴν</strong></span> <span class='ocrx_word' id='word_1_379' title='bbox 2432 2125 2450 2155; x_wconf 77' lang='grc' dir='ltr'><strong>ι</strong></span> <span class='ocrx_word' id='word_1_380' title='bbox 2474 2108 2717 2177; x_wconf 83' lang='grc' dir='ltr'>έπιφωνη</span> <span class='ocrx_word' id='word_1_381' title='bbox 2725 2107 2955 2172; x_wconf 82' lang='grc' dir='ltr'>σάντων,</span> <span class='ocrx_word' id='word_1_382' title='bbox 2978 2107 3111 2179; x_wconf 82' lang='grc' dir='ltr'>πρὸς</span> <span class='ocrx_word' id='word_1_383' title='bbox 3122 2109 3247 2172; x_wconf 81' lang='grc' dir='ltr'>τοὺς</span> <span class='ocrx_word' id='word_1_384' title='bbox 3262 2109 3493 2180; x_wconf 84' lang='grc' dir='ltr'>δημίους</span> <span class='ocrx_word' id='word_1_385' title='bbox 3509 2113 3747 2182; x_wconf 79' lang='grc' dir='ltr'>ἐπιστρα-</span> 
     </span>
    </p>
   </div>
   <div class='ocr_carea' id='block_1_53' title="bbox 2193 2194 3745 2270">
    <p class='ocr_par' dir='ltr' id='par_1_53' title="bbox 2193 2194 3745 2270">
     <span class='ocr_line' id='line_1_53' title="bbox 2193 2194 3745 2270; baseline 0.004 -22"><span class='ocrx_word' id='word_1_386' title='bbox 2193 2194 2348 2264; x_wconf 73' lang='grc' dir='ltr'>φεὶς,</span> <span class='ocrx_word' id='word_1_387' title='bbox 2388 2215 2407 2246; x_wconf 80' lang='grc' dir='ltr'><strong>ι</strong></span> <span class='ocrx_word' id='word_1_388' title='bbox 2430 2196 2502 2248; x_wconf 85' lang='grc' dir='ltr'>Τὸ</span> <span class='ocrx_word' id='word_1_389' title='bbox 2537 2196 2822 2251; x_wconf 82' lang='grc' dir='ltr'>κελευσθὲν</span> <span class='ocrx_word' id='word_1_390' title='bbox 2856 2198 2982 2267; x_wconf 87' lang='grc' dir='ltr'>ὑμῖν</span> <span class='ocrx_word' id='word_1_391' title='bbox 3016 2198 3306 2264; x_wconf 81' lang='grc' dir='ltr'>ὲκτελεῖτε,</span> <span class='ocrx_word' id='word_1_392' title='bbox 3340 2218 3358 2252; x_wconf 70' lang='grc' dir='ltr'><strong>ι</strong></span> <span class='ocrx_word' id='word_1_393' title='bbox 3404 2202 3585 2270; x_wconf 82' lang='grc' dir='ltr'>φησίν.</span> <span class='ocrx_word' id='word_1_394' title='bbox 3619 2204 3675 2254; x_wconf 77' lang='lat' dir='ltr'><strong>0i</strong></span> <span class='ocrx_word' id='word_1_395' title='bbox 3696 2201 3745 2254; x_wconf 86' lang='grc' dir='ltr'>δὲ</span> 
     </span>
    </p>
   </div>
   <div class='ocr_carea' id='block_1_54' title="bbox 2194 2283 3751 2357">
    <p class='ocr_par' dir='ltr' id='par_1_54' title="bbox 2194 2283 3751 2357">
     <span class='ocr_line' id='line_1_54' title="bbox 2194 2283 3751 2357; baseline 0.001 -19"><span class='ocrx_word' id='word_1_396' title='bbox 2194 2285 2388 2356; x_wconf 84' lang='grc' dir='ltr'>πρῶτα</span> <span class='ocrx_word' id='word_1_397' title='bbox 2425 2284 2521 2354; x_wconf 81' lang='grc' dir='ltr'><strong>μὲν</strong></span> <span class='ocrx_word' id='word_1_398' title='bbox 2552 2284 2651 2355; x_wconf 80' lang='grc' dir='ltr'>τὴν</span> <span class='ocrx_word' id='word_1_399' title='bbox 2683 2284 2778 2337; x_wconf 87' lang='grc' dir='ltr'><strong>τοῦ</strong></span> <span class='ocrx_word' id='word_1_400' title='bbox 2816 2285 3082 2357; x_wconf 79' lang='grc' dir='ltr'>μακαρίου</span> <span class='ocrx_word' id='word_1_401' title='bbox 3116 2286 3418 2350; x_wconf 84' lang='grc' dir='ltr'>Διονυσίου,</span> <span class='ocrx_word' id='word_1_402' title='bbox 3455 2283 3570 2340; x_wconf 76' lang='grc' dir='ltr'>εἶτα</span> <span class='ocrx_word' id='word_1_403' title='bbox 3612 2288 3751 2340; x_wconf 82' lang='grc' dir='ltr'>Ῥου-</span> 
     </span>
    </p>
   </div>
   <div class='ocr_carea' id='block_1_55' title="bbox 2194 2374 3744 2449">
    <p class='ocr_par' dir='ltr' id='par_1_55' title="bbox 2194 2374 3744 2449">
     <span class='ocr_line' id='line_1_55' title="bbox 2194 2374 3744 2449; baseline 0.002 -22"><span class='ocrx_word' id='word_1_404' title='bbox 2194 2374 2380 2428; x_wconf 87' lang='grc' dir='ltr'>στικοῦ</span> <span class='ocrx_word' id='word_1_405' title='bbox 2414 2376 2507 2428; x_wconf 78' lang='grc' dir='ltr'><strong>καὶ</strong></span> <span class='ocrx_word' id='word_1_406' title='bbox 2552 2374 2886 2447; x_wconf 83' lang='grc' dir='ltr'>Ἐλευθερίου</span> <span class='ocrx_word' id='word_1_407' title='bbox 2951 2375 3272 2447; x_wconf 81' lang='grc' dir='ltr'>ὲκτέμνουσι</span> <span class='ocrx_word' id='word_1_408' title='bbox 3319 2375 3578 2449; x_wconf 80' lang='grc' dir='ltr'>κεφαλήν.</span> <span class='ocrx_word' id='word_1_409' title='bbox 3626 2376 3744 2430; x_wconf 80' lang='grc' dir='ltr'>Ἀλλ’</span> 
     </span>
    </p>
   </div>
   <div class='ocr_carea' id='block_1_56' title="bbox 2192 2465 3747 2536">
    <p class='ocr_par' dir='ltr' id='par_1_56' title="bbox 2192 2465 3747 2536">
     <span class='ocr_line' id='line_1_56' title="bbox 2192 2465 3747 2536; baseline 0.001 -18"><span class='ocrx_word' id='word_1_410' title='bbox 2192 2465 2310 2518; x_wconf 78' lang='grc' dir='ltr'>οὐδὲ</span> <span class='ocrx_word' id='word_1_411' title='bbox 2340 2465 2516 2536; x_wconf 85' lang='grc' dir='ltr'>τούτῳ</span> <span class='ocrx_word' id='word_1_412' title='bbox 2570 2465 2684 2530; x_wconf 82' lang='grc' dir='ltr'>σοῦ,</span> <span class='ocrx_word' id='word_1_413' title='bbox 2720 2465 2986 2533; x_wconf 81' lang='grc' dir='ltr'>Διονύσιε,</span> <span class='ocrx_word' id='word_1_414' title='bbox 3036 2468 3067 2520; x_wconf 85' lang='grc' dir='ltr'>ὁ</span> <span class='ocrx_word' id='word_1_415' title='bbox 3095 2466 3182 2520; x_wconf 83' lang='grc' dir='ltr'><strong>διὰ</strong></span> <span class='ocrx_word' id='word_1_416' title='bbox 3217 2467 3278 2520; x_wconf 86' lang='grc' dir='ltr'>σὲ</span> <span class='ocrx_word' id='word_1_417' title='bbox 3310 2466 3506 2521; x_wconf 84' lang='grc' dir='ltr'>παθὼν</span> <span class='ocrx_word' id='word_1_418' title='bbox 3549 2466 3639 2520; x_wconf 83' lang='grc' dir='ltr'><strong>τοῦ</strong></span> <span class='ocrx_word' id='word_1_419' title='bbox 3688 2467 3747 2520; x_wconf 82' lang='grc' dir='ltr'>δι’</span> 
     </span>
    </p>
   </div>
   <div class='ocr_carea' id='block_1_57' title="bbox 2192 2557 3749 2630">
    <p class='ocr_par' dir='ltr' id='par_1_57' title="bbox 2192 2557 3749 2630">
     <span class='ocr_line' id='line_1_57' title="bbox 2192 2557 3749 2630; baseline -0.001 -20"><span class='ocrx_word' id='word_1_420' title='bbox 2192 2557 2354 2610; x_wconf 70' lang='grc' dir='ltr'>αὐτὸν</span> <span class='ocrx_word' id='word_1_421' title='bbox 2387 2557 2712 2629; x_wconf 85' lang='grc' dir='ltr'>θνήσκοντος</span> <span class='ocrx_word' id='word_1_422' title='bbox 2745 2557 3113 2629; x_wconf 74' lang='grc' dir='ltr'>ἐπιλέλησται·</span> <span class='ocrx_word' id='word_1_423' title='bbox 3138 2557 3349 2613; x_wconf 83' lang='grc' dir='ltr'>ἀλλάτί</span> <span class='ocrx_word' id='word_1_424' title='bbox 3384 2559 3481 2612; x_wconf 76' lang='grc' dir='ltr'>καὶ</span> <span class='ocrx_word' id='word_1_425' title='bbox 3515 2558 3634 2630; x_wconf 71' lang='grc' dir='ltr'>περὶ</span> <span class='ocrx_word' id='word_1_426' title='bbox 3661 2557 3749 2629; x_wconf 76' lang='grc' dir='ltr'><strong>τὴν</strong></span> 
     </span>
    </p>
   </div>
   <div class='ocr_carea' id='block_1_58' title="bbox 2192 2650 3752 2723">
    <p class='ocr_par' dir='ltr' id='par_1_58' title="bbox 2192 2650 3752 2723">
     <span class='ocr_line' id='line_1_58' title="bbox 2192 2650 3752 2723; baseline -0.002 -19"><span class='ocrx_word' id='word_1_427' title='bbox 2192 2650 2431 2721; x_wconf 73' lang='grc' dir='ltr'>ἐκτομὴν</span> <span class='ocrx_word' id='word_1_428' title='bbox 2462 2651 2751 2723; x_wconf 77' lang='grc' dir='ltr'>τεράστιον</span> <span class='ocrx_word' id='word_1_429' title='bbox 2798 2651 3187 2708; x_wconf 73' lang='grc' dir='ltr'>ἐπιδείκνυται.</span> <span class='ocrx_word' id='word_1_430' title='bbox 3234 2650 3343 2704; x_wconf 81' lang='grc' dir='ltr'>Καὶ</span> <span class='ocrx_word' id='word_1_431' title='bbox 3379 2651 3491 2723; x_wconf 83' lang='grc' dir='ltr'><strong>γὰρ</strong></span> <span class='ocrx_word' id='word_1_432' title='bbox 3520 2650 3612 2721; x_wconf 79' lang='grc' dir='ltr'><strong>τὴν</strong></span> <span class='ocrx_word' id='word_1_433' title='bbox 3641 2651 3752 2702; x_wconf 80' lang='grc' dir='ltr'>ἑαυ-</span> 
     </span>
    </p>
   </div>
   <div class='ocr_carea' id='block_1_59' title="bbox 2190 2740 3750 2813">
    <p class='ocr_par' dir='ltr' id='par_1_59' title="bbox 2190 2740 3750 2813">
     <span class='ocr_line' id='line_1_59' title="bbox 2190 2740 3750 2813; baseline -0.002 -18"><span class='ocrx_word' id='word_1_434' title='bbox 2190 2741 2288 2796; x_wconf 88' lang='grc' dir='ltr'><strong>τοῦ</strong></span> <span class='ocrx_word' id='word_1_435' title='bbox 2340 2741 2600 2812; x_wconf 80' lang='grc' dir='ltr'>κεφαλὴν,</span> <span class='ocrx_word' id='word_1_436' title='bbox 2634 2740 2823 2812; x_wconf 84' lang='grc' dir='ltr'>ὥσπερ</span> <span class='ocrx_word' id='word_1_437' title='bbox 2866 2759 2919 2793; x_wconf 88' lang='grc' dir='ltr'><strong>τι</strong></span> <span class='ocrx_word' id='word_1_438' title='bbox 2955 2741 3226 2813; x_wconf 78' lang='grc' dir='ltr'>βραϐεῖον,</span> <span class='ocrx_word' id='word_1_439' title='bbox 3264 2744 3323 2795; x_wconf 82' lang='grc' dir='ltr'><strong>έν</strong></span> <span class='ocrx_word' id='word_1_440' title='bbox 3353 2742 3482 2795; x_wconf 87' lang='grc' dir='ltr'>ταῖν</span> <span class='ocrx_word' id='word_1_441' title='bbox 3534 2741 3699 2812; x_wconf 84' lang='grc' dir='ltr'>χεροῖν</span> <span class='ocrx_word' id='word_1_442' title='bbox 3724 2741 3750 2792; x_wconf 80' lang='grc' dir='ltr'><strong><em>ὁ</em></strong></span> 
     </span>
    </p>
   </div>
   <div class='ocr_carea' id='block_1_60' title="bbox 2198 2830 3746 2903">
    <p class='ocr_par' dir='ltr' id='par_1_60' title="bbox 2198 2830 3746 2903">
     <span class='ocr_line' id='line_1_60' title="bbox 2198 2830 3746 2903; baseline -0.002 -19"><span class='ocrx_word' id='word_1_443' title='bbox 2198 2833 2406 2903; x_wconf 85' lang='grc' dir='ltr'>μάρτυς</span> <span class='ocrx_word' id='word_1_444' title='bbox 2438 2831 2748 2902; x_wconf 78' lang='grc' dir='ltr'>δεξάμενος,</span> <span class='ocrx_word' id='word_1_445' title='bbox 2802 2831 2887 2900; x_wconf 72' lang='grc' dir='ltr'><strong>ἐφ’</strong></span> <span class='ocrx_word' id='word_1_446' title='bbox 2923 2831 3105 2883; x_wconf 72' lang='grc' dir='ltr'>ἱκανὸν</span> <span class='ocrx_word' id='word_1_447' title='bbox 3136 2832 3301 2885; x_wconf 86' lang='grc' dir='ltr'>τόπον</span> <span class='ocrx_word' id='word_1_448' title='bbox 3349 2830 3562 2884; x_wconf 86' lang='grc' dir='ltr'>δίεισιν.</span> <span class='ocrx_word' id='word_1_449' title='bbox 3600 2831 3746 2897; x_wconf 81' lang='grc' dir='ltr'><strong>Ἔφε-</strong></span> 
     </span>
    </p>
   </div>
   <div class='ocr_carea' id='block_1_61' title="bbox 2195 2917 3757 3001">
    <p class='ocr_par' dir='ltr' id='par_1_61' title="bbox 2195 2917 3757 3001">
     <span class='ocr_line' id='line_1_61' title="bbox 2195 2917 3757 3001; baseline -0.004 -25"><span class='ocrx_word' id='word_1_450' title='bbox 2195 2940 2288 2995; x_wconf 86' lang='grc' dir='ltr'><strong>ρεν</strong></span> <span class='ocrx_word' id='word_1_451' title='bbox 2319 2919 2410 2976; x_wconf 78' lang='grc' dir='ltr'><strong>οὖν</strong></span> <span class='ocrx_word' id='word_1_452' title='bbox 2441 2922 2540 2993; x_wconf 80' lang='grc' dir='ltr'><strong>τὴν</strong></span> <span class='ocrx_word' id='word_1_453' title='bbox 2574 2921 2831 2993; x_wconf 81' lang='grc' dir='ltr'>κεφαλὴν,</span> <span class='ocrx_word' id='word_1_454' title='bbox 2868 2922 3115 2993; x_wconf 85' lang='grc' dir='ltr'>καθάπερ</span> <span class='ocrx_word' id='word_1_455' title='bbox 3145 2939 3199 2973; x_wconf 83' lang='grc' dir='ltr'><strong>τι</strong></span> <span class='ocrx_word' id='word_1_456' title='bbox 3228 2923 3517 3001; x_wconf 59' lang='grc' dir='ltr'>τρόπαιον,</span> <span class='ocrx_word' id='word_1_457' title='bbox 3542 2920 3627 2972; x_wconf 80' lang='grc' dir='ltr'>ἐπὶ</span> <span class='ocrx_word' id='word_1_458' title='bbox 3654 2917 3757 2971; x_wconf 81' lang='grc' dir='ltr'><strong>τῶν</strong></span> 
     </span>
    </p>
   </div>
   <div class='ocr_carea' id='block_1_62' title="bbox 2194 3013 3747 3088">
    <p class='ocr_par' dir='ltr' id='par_1_62' title="bbox 2194 3013 3747 3088">
     <span class='ocr_line' id='line_1_62' title="bbox 2194 3013 3747 3088; baseline -0.004 -20"><span class='ocrx_word' id='word_1_459' title='bbox 2194 3015 2389 3088; x_wconf 81' lang='grc' dir='ltr'>χειρῶν</span> <span class='ocrx_word' id='word_1_460' title='bbox 2424 3015 2604 3078; x_wconf 75' lang='grc' dir='ltr'>αὐτὸς,</span> <span class='ocrx_word' id='word_1_461' title='bbox 2629 3015 2733 3067; x_wconf 81' lang='grc' dir='ltr'><strong>ὑπὸ</strong></span> <span class='ocrx_word' id='word_1_462' title='bbox 2766 3015 2915 3078; x_wconf 84' lang='grc' dir='ltr'>θείας</span> <span class='ocrx_word' id='word_1_463' title='bbox 2950 3013 3164 3076; x_wconf 76' lang='grc' dir='ltr'>πάντως</span> <span class='ocrx_word' id='word_1_464' title='bbox 3198 3014 3500 3086; x_wconf 71' lang='grc' dir='ltr'>φερόμενος</span> <span class='ocrx_word' id='word_1_465' title='bbox 3531 3014 3747 3084; x_wconf 81' lang='grc' dir='ltr'>χάριτος,</span> 
     </span>
    </p>
   </div>
   <div class='ocr_carea' id='block_1_63' title="bbox 2197 3101 3759 3178">
    <p class='ocr_par' dir='ltr' id='par_1_63' title="bbox 2197 3101 3759 3178">
     <span class='ocr_line' id='line_1_63' title="bbox 2197 3101 3759 3178; baseline -0.003 -19"><span class='ocrx_word' id='word_1_466' title='bbox 2197 3105 2289 3159; x_wconf 76' lang='grc' dir='ltr'><strong>καὶ</strong></span> <span class='ocrx_word' id='word_1_467' title='bbox 2321 3106 2383 3159; x_wconf 80' lang='grc' dir='ltr'><strong>οὐ</strong></span> <span class='ocrx_word' id='word_1_468' title='bbox 2418 3106 2681 3178; x_wconf 86' lang='grc' dir='ltr'>πρότερον</span> <span class='ocrx_word' id='word_1_469' title='bbox 2733 3106 2924 3176; x_wconf 84' lang='grc' dir='ltr'>ἀνῆκε,</span> <span class='ocrx_word' id='word_1_470' title='bbox 2977 3106 3108 3175; x_wconf 78' lang='grc' dir='ltr'>πρὶν</span> <span class='ocrx_word' id='word_1_471' title='bbox 3144 3106 3234 3157; x_wconf 84' lang='grc' dir='ltr'><strong>ὅτε</strong></span> <span class='ocrx_word' id='word_1_472' title='bbox 3265 3104 3330 3177; x_wconf 81' lang='grc' dir='ltr'>δὴ</span> <span class='ocrx_word' id='word_1_473' title='bbox 3380 3105 3596 3173; x_wconf 80' lang='grc' dir='ltr'>γυναικὶ</span> <span class='ocrx_word' id='word_1_474' title='bbox 3628 3101 3759 3157; x_wconf 73' lang='grc' dir='ltr'>κατὰ.</span> 
     </span>
    </p>
   </div>
   <div class='ocr_carea' id='block_1_64' title="bbox 540 3171 2104 3266">
    <p class='ocr_par' dir='ltr' id='par_1_64' title="bbox 540 3172 2104 3247">
     <span class='ocr_line' id='line_1_64' title="bbox 540 3172 2104 3247; baseline -0.006 -13"><span class='ocrx_word' id='word_1_475' title='bbox 540 3182 688 3235; x_wconf 82' lang='lat' dir='ltr'><strong>illius</strong></span> <span class='ocrx_word' id='word_1_476' title='bbox 733 3179 986 3233; x_wconf 89' lang='lat' dir='ltr'><strong>manibus</strong></span> <span class='ocrx_word' id='word_1_477' title='bbox 1024 3176 1308 3247; x_wconf 85' lang='lat' dir='ltr'><strong>deposuit,</strong></span> <span class='ocrx_word' id='word_1_478' title='bbox 1337 3175 1507 3230; x_wconf 88' lang='lat' dir='ltr'><strong>veluti</strong></span> <span class='ocrx_word' id='word_1_479' title='bbox 1551 3174 1841 3242; x_wconf 87' lang='lat' dir='ltr'><strong>quemdam</strong></span> <span class='ocrx_word' id='word_1_480' title='bbox 1885 3172 2104 3225; x_wconf 72' lang='lat' dir='ltr'><strong>thesau-</strong></span> 
     </span>
    </p>
   </div>
   <div class='ocr_carea' id='block_1_65' title="bbox 2195 3171 3753 3266">
    <p class='ocr_par' dir='ltr' id='par_1_65' title="bbox 2195 3171 3753 3266">
     <span class='ocr_line' id='line_1_65' title="bbox 2195 3171 3753 3266; baseline -0.003 -18"><span class='ocrx_word' id='word_1_481' title='bbox 2195 3194 2344 3249; x_wconf 88' lang='grc' dir='ltr'>θείαν</span> <span class='ocrx_word' id='word_1_482' title='bbox 2377 3171 2601 3259; x_wconf 44' lang='grc' dir='ltr'>πάντως.</span> <span class='ocrx_word' id='word_1_483' title='bbox 2626 3171 2962 3266; x_wconf 76' lang='grc' dir='ltr'>συνενεχθεὶς</span> <span class='ocrx_word' id='word_1_484' title='bbox 3009 3171 3265 3265; x_wconf 78' lang='grc' dir='ltr'>πρόνοιαν</span> <span class='ocrx_word' id='word_1_485' title='bbox 3318 3171 3547 3261; x_wconf 58' lang='grc' dir='ltr'>εκείνης</span> <span class='ocrx_word' id='word_1_486' title='bbox 3596 3190 3753 3247; x_wconf 79' lang='grc' dir='ltr'>παλά-</span> 
     </span>
    </p>
   </div>
   <div class='ocr_carea' id='block_1_66' title="bbox 536 3266 2106 3335">
    <p class='ocr_par' dir='ltr' id='par_1_66' title="bbox 536 3266 2106 3335">
     <span class='ocr_line' id='line_1_66' title="bbox 536 3266 2106 3335; baseline -0.008 -10"><span class='ocrx_word' id='word_1_487' title='bbox 536 3286 677 3325; x_wconf 86' lang='lat' dir='ltr'><strong>rum.</strong></span> <span class='ocrx_word' id='word_1_488' title='bbox 698 3268 961 3324; x_wconf 71' lang='lat' dir='ltr'><strong>Iacebant</strong></span> <span class='ocrx_word' id='word_1_489' title='bbox 989 3278 1170 3322; x_wconf 88' lang='lat' dir='ltr'><strong>autem</strong></span> <span class='ocrx_word' id='word_1_490' title='bbox 1199 3266 1445 3335; x_wconf 82' lang='lat' dir='ltr'><strong>neglecta</strong></span> <span class='ocrx_word' id='word_1_491' title='bbox 1467 3271 1783 3318; x_wconf 86' lang='lat' dir='ltr'><strong>sanctorum</strong></span> <span class='ocrx_word' id='word_1_492' title='bbox 1809 3267 2106 3328; x_wconf 80' lang='lat' dir='ltr'><strong>martyrum</strong></span> 
     </span>
    </p>
   </div>
   <div class='ocr_carea' id='block_1_67' title="bbox 535 3350 2108 3429">
    <p class='ocr_par' dir='ltr' id='par_1_67' title="bbox 535 3350 2108 3429">
     <span class='ocr_line' id='line_1_67' title="bbox 535 3350 2108 3429; baseline -0.01 -12"><span class='ocrx_word' id='word_1_493' title='bbox 535 3361 842 3417; x_wconf 86' lang='lat' dir='ltr'><strong>veneranda</strong></span> <span class='ocrx_word' id='word_1_494' title='bbox 871 3374 1125 3429; x_wconf 87' lang='lat' dir='ltr'><strong>corpora,</strong></span> <span class='ocrx_word' id='word_1_495' title='bbox 1155 3357 1287 3413; x_wconf 76' lang='lat' dir='ltr'><strong>feris</strong></span> <span class='ocrx_word' id='word_1_496' title='bbox 1310 3363 1367 3411; x_wconf 90' lang='lat' dir='ltr'><strong>et</strong></span> <span class='ocrx_word' id='word_1_497' title='bbox 1395 3354 1588 3409; x_wconf 88' lang='lat' dir='ltr'><strong>avibus</strong></span> <span class='ocrx_word' id='word_1_498' title='bbox 1618 3352 1687 3406; x_wconf 90' lang='lat' dir='ltr'><strong>ad</strong></span> <span class='ocrx_word' id='word_1_499' title='bbox 1713 3350 1984 3406; x_wconf 85' lang='lat' dir='ltr'><strong>edendum</strong></span> <span class='ocrx_word' id='word_1_500' title='bbox 2013 3364 2108 3403; x_wconf 74' lang='lat' dir='ltr'><strong>ex-</strong></span> 
     </span>
    </p>
   </div>
   <div class='ocr_carea' id='block_1_68' title="bbox 542 3443 2105 3524">
    <p class='ocr_par' dir='ltr' id='par_1_68' title="bbox 542 3443 2105 3524">
     <span class='ocr_line' id='line_1_68' title="bbox 542 3443 2105 3524; baseline -0.01 -14"><span class='ocrx_word' id='word_1_501' title='bbox 542 3455 742 3524; x_wconf 85' lang='lat' dir='ltr'><strong>posita,</strong></span> <span class='ocrx_word' id='word_1_502' title='bbox 771 3459 825 3508; x_wconf 89' lang='lat' dir='ltr'><strong>et</strong></span> <span class='ocrx_word' id='word_1_503' title='bbox 853 3468 953 3507; x_wconf 85' lang='lat' dir='ltr'><strong>nec</strong></span> <span class='ocrx_word' id='word_1_504' title='bbox 976 3452 1125 3521; x_wconf 69' lang='lat' dir='ltr'><strong>justa</strong></span> <span class='ocrx_word' id='word_1_505' title='bbox 1174 3449 1399 3519; x_wconf 87' lang='lat' dir='ltr'><strong>quidem</strong></span> <span class='ocrx_word' id='word_1_506' title='bbox 1448 3443 1742 3515; x_wconf 70' lang='lat' dir='ltr'><strong>sepulturae</strong></span> <span class='ocrx_word' id='word_1_507' title='bbox 1789 3450 2105 3496; x_wconf 86' lang='lat' dir='ltr'><strong>consecuta.</strong></span> 
     </span>
    </p>
   </div>
   <div class='ocr_carea' id='block_1_69' title="bbox 609 3613 2103 3686">
    <p class='ocr_par' dir='ltr' id='par_1_69' title="bbox 609 3613 2103 3686">
     <span class='ocr_line' id='line_1_69' title="bbox 609 3613 2103 3686; baseline -0.012 -1"><span class='ocrx_word' id='word_1_508' title='bbox 609 3629 854 3685; x_wconf 81' lang='lat' dir='ltr'><strong>Lictcres</strong></span> <span class='ocrx_word' id='word_1_509' title='bbox 885 3634 1065 3681; x_wconf 84' lang='lat' dir='ltr'><strong>autem</strong></span> <span class='ocrx_word' id='word_1_510' title='bbox 1095 3638 1164 3677; x_wconf 87' lang='lat' dir='ltr'><strong>ne</strong></span> <span class='ocrx_word' id='word_1_511' title='bbox 1193 3622 1460 3675; x_wconf 88' lang='lat' dir='ltr'><strong>hactenus</strong></span> <span class='ocrx_word' id='word_1_512' title='bbox 1484 3616 1704 3686; x_wconf 84' lang='lat' dir='ltr'><strong>quidem</strong></span> <span class='ocrx_word' id='word_1_513' title='bbox 1738 3615 1899 3669; x_wconf 86' lang='lat' dir='ltr'><strong>irasci</strong></span> <span class='ocrx_word' id='word_1_514' title='bbox 1930 3613 2103 3668; x_wconf 79' lang='lat' dir='ltr'><strong>desie-</strong></span> 
     </span>
    </p>
   </div>
   <div class='ocr_carea' id='block_1_70' title="bbox 540 3707 2107 3783">
    <p class='ocr_par' dir='ltr' id='par_1_70' title="bbox 540 3707 2107 3783">
     <span class='ocr_line' id='line_1_70' title="bbox 540 3707 2107 3783; baseline -0.013 -7"><span class='ocrx_word' id='word_1_515' title='bbox 540 3729 702 3781; x_wconf 88' lang='lat' dir='ltr'><strong>runt,</strong></span> <span class='ocrx_word' id='word_1_516' title='bbox 736 3720 833 3775; x_wconf 86' lang='lat' dir='ltr'><strong>sed</strong></span> <span class='ocrx_word' id='word_1_517' title='bbox 861 3719 1026 3773; x_wconf 87' lang='lat' dir='ltr'><strong>etiam</strong></span> <span class='ocrx_word' id='word_1_518' title='bbox 1065 3717 1121 3769; x_wconf 89' lang='lat' dir='ltr'><strong>in</strong></span> <span class='ocrx_word' id='word_1_519' title='bbox 1152 3714 1302 3783; x_wconf 81' lang='lat' dir='ltr'><strong>ipsas</strong></span> <span class='ocrx_word' id='word_1_520' title='bbox 1332 3710 1521 3764; x_wconf 73' lang='lat' dir='ltr'><strong>[urunt</strong></span> <span class='ocrx_word' id='word_1_521' title='bbox 1542 3707 1825 3778; x_wconf 88' lang='lat' dir='ltr'><strong>reliquias,</strong></span> <span class='ocrx_word' id='word_1_522' title='bbox 1858 3712 2107 3760; x_wconf 74' lang='lat' dir='ltr'><strong>statuen-</strong></span> 
     </span>
    </p>
   </div>
   <div class='ocr_carea' id='block_1_71' title="bbox 540 3795 2111 3876">
    <p class='ocr_par' dir='ltr' id='par_1_71' title="bbox 540 3795 2111 3876">
     <span class='ocr_line' id='line_1_71' title="bbox 540 3795 2111 3876; baseline -0.014 -7"><span class='ocrx_word' id='word_1_523' title='bbox 540 3824 623 3870; x_wconf 86' lang='lat' dir='ltr'><strong>tes</strong></span> <span class='ocrx_word' id='word_1_524' title='bbox 651 3826 745 3866; x_wconf 88' lang='lat' dir='ltr'><strong>eas</strong></span> <span class='ocrx_word' id='word_1_525' title='bbox 768 3812 823 3864; x_wconf 89' lang='lat' dir='ltr'><strong>in</strong></span> <span class='ocrx_word' id='word_1_526' title='bbox 845 3808 1014 3862; x_wconf 87' lang='lat' dir='ltr'><strong>maris</strong></span> <span class='ocrx_word' id='word_1_527' title='bbox 1037 3803 1366 3876; x_wconf 78' lang='lat' dir='ltr'><strong>profundum</strong></span> <span class='ocrx_word' id='word_1_528' title='bbox 1387 3801 1672 3872; x_wconf 82' lang='lat' dir='ltr'><strong>projicere,</strong></span> <span class='ocrx_word' id='word_1_529' title='bbox 1702 3813 1770 3852; x_wconf 89' lang='lat' dir='ltr'><strong>ne</strong></span> <span class='ocrx_word' id='word_1_530' title='bbox 1800 3797 1884 3851; x_wconf 85' lang='lat' dir='ltr'><strong>vel</strong></span> <span class='ocrx_word' id='word_1_531' title='bbox 1927 3795 2111 3849; x_wconf 87' lang='lat' dir='ltr'><strong>inani-</strong></span> 
     </span>
    </p>
   </div>
   <div class='ocr_carea' id='block_1_72' title="bbox 540 3883 2112 3960">
    <p class='ocr_par' dir='ltr' id='par_1_72' title="bbox 540 3883 2112 3960">
     <span class='ocr_line' id='line_1_72' title="bbox 540 3883 2112 3960; baseline -0.015 0"><span class='ocrx_word' id='word_1_532' title='bbox 540 3914 699 3960; x_wconf 73' lang='lat' dir='ltr'><strong>mata:</strong></span> <span class='ocrx_word' id='word_1_533' title='bbox 719 3902 995 3957; x_wconf 72' lang='lat' dir='ltr'><strong>edicerent</strong></span> <span class='ocrx_word' id='word_1_534' title='bbox 1019 3895 1309 3958; x_wconf 88' lang='lat' dir='ltr'><strong>miracula,</strong></span> <span class='ocrx_word' id='word_1_535' title='bbox 1336 3902 1390 3949; x_wconf 88' lang='lat' dir='ltr'><strong>et</strong></span> <span class='ocrx_word' id='word_1_536' title='bbox 1429 3891 1553 3947; x_wconf 88' lang='lat' dir='ltr'><strong>ideo</strong></span> <span class='ocrx_word' id='word_1_537' title='bbox 1600 3887 1939 3942; x_wconf 85' lang='lat' dir='ltr'><strong>attraherent</strong></span> <span class='ocrx_word' id='word_1_538' title='bbox 1973 3883 2112 3939; x_wconf 82' lang='lat' dir='ltr'><strong>mul—</strong></span> 
     </span>
    </p>
   </div>
   <div class='ocr_carea' id='block_1_73' title="bbox 540 3979 2109 4061">
    <p class='ocr_par' dir='ltr' id='par_1_73' title="bbox 540 3979 2109 4061">
     <span class='ocr_line' id='line_1_73' title="bbox 540 3979 2109 4061; baseline -0.013 -13"><span class='ocrx_word' id='word_1_539' title='bbox 540 4001 625 4048; x_wconf 90' lang='lat' dir='ltr'><strong>tos</strong></span> <span class='ocrx_word' id='word_1_540' title='bbox 654 3992 724 4046; x_wconf 88' lang='lat' dir='ltr'><strong>ad</strong></span> <span class='ocrx_word' id='word_1_541' title='bbox 767 3990 1124 4061; x_wconf 76' lang='lat' dir='ltr'><strong>agnitionem.</strong></span> <span class='ocrx_word' id='word_1_542' title='bbox 1158 3985 1312 4051; x_wconf 80' lang='lat' dir='ltr'><strong>Quod</strong></span> <span class='ocrx_word' id='word_1_543' title='bbox 1344 3986 1527 4046; x_wconf 90' lang='lat' dir='ltr'><strong>etiam,</strong></span> <span class='ocrx_word' id='word_1_544' title='bbox 1558 3987 1617 4036; x_wconf 89' lang='lat' dir='ltr'><strong>ut</strong></span> <span class='ocrx_word' id='word_1_545' title='bbox 1641 3979 1720 4035; x_wconf 91' lang='lat' dir='ltr'><strong>eis</strong></span> <span class='ocrx_word' id='word_1_546' title='bbox 1750 3980 1929 4034; x_wconf 89' lang='lat' dir='ltr'><strong>visum</strong></span> <span class='ocrx_word' id='word_1_547' title='bbox 1967 3983 2109 4041; x_wconf 89' lang='lat' dir='ltr'><strong>erat,</strong></span> 
     </span>
    </p>
   </div>
   <div class='ocr_carea' id='block_1_74' title="bbox 539 4069 2110 4144">
    <p class='ocr_par' dir='ltr' id='par_1_74' title="bbox 539 4069 2110 4144">
     <span class='ocr_line' id='line_1_74' title="bbox 539 4069 2110 4144; baseline -0.013 -4"><span class='ocrx_word' id='word_1_548' title='bbox 539 4084 742 4141; x_wconf 76' lang='lat' dir='ltr'><strong>factum</strong></span> <span class='ocrx_word' id='word_1_549' title='bbox 773 4090 941 4144; x_wconf 87' lang='lat' dir='ltr'><strong>esset,</strong></span> <span class='ocrx_word' id='word_1_550' title='bbox 966 4081 1074 4135; x_wconf 86' lang='lat' dir='ltr'><strong>nisi</strong></span> <span class='ocrx_word' id='word_1_551' title='bbox 1101 4080 1204 4133; x_wconf 89' lang='lat' dir='ltr'><strong>hoc</strong></span> <span class='ocrx_word' id='word_1_552' title='bbox 1231 4077 1435 4131; x_wconf 91' lang='lat' dir='ltr'><strong>malum</strong></span> <span class='ocrx_word' id='word_1_553' title='bbox 1453 4072 1741 4128; x_wconf 89' lang='lat' dir='ltr'><strong>consilium</strong></span> <span class='ocrx_word' id='word_1_554' title='bbox 1770 4071 1837 4123; x_wconf 89' lang='lat' dir='ltr'><strong>ad</strong></span> <span class='ocrx_word' id='word_1_555' title='bbox 1852 4069 2110 4124; x_wconf 81' lang='lat' dir='ltr'><strong>elIectum</strong></span> 
     </span>
    </p>
   </div>
   <div class='ocr_carea' id='block_1_75' title="bbox 540 4161 2113 4241">
    <p class='ocr_par' dir='ltr' id='par_1_75' title="bbox 540 4161 2113 4241">
     <span class='ocr_line' id='line_1_75' title="bbox 540 4161 2113 4241; baseline -0.012 -12"><span class='ocrx_word' id='word_1_556' title='bbox 540 4173 736 4231; x_wconf 89' lang='lat' dir='ltr'><strong>deduci</strong></span> <span class='ocrx_word' id='word_1_557' title='bbox 753 4172 898 4229; x_wconf 88' lang='lat' dir='ltr'><strong>Deus</strong></span> <span class='ocrx_word' id='word_1_558' title='bbox 920 4168 1311 4241; x_wconf 83' lang='lat' dir='ltr'><strong>prohibuisset.</strong></span> <span class='ocrx_word' id='word_1_559' title='bbox 1329 4165 1468 4219; x_wconf 86' lang='lat' dir='ltr'><strong>Nam</strong></span> <span class='ocrx_word' id='word_1_560' title='bbox 1493 4178 1615 4218; x_wconf 89' lang='lat' dir='ltr'><strong>cum</strong></span> <span class='ocrx_word' id='word_1_561' title='bbox 1640 4161 1901 4216; x_wconf 88' lang='lat' dir='ltr'><strong>sensisset</strong></span> <span class='ocrx_word' id='word_1_562' title='bbox 1921 4172 2113 4212; x_wconf 87' lang='lat' dir='ltr'><strong>eorum</strong></span> 
     </span>
    </p>
   </div>
   <div class='ocr_carea' id='block_1_76' title="bbox 542 4255 2113 4331">
    <p class='ocr_par' dir='ltr' id='par_1_76' title="bbox 542 4255 2113 4331">
     <span class='ocr_line' id='line_1_76' title="bbox 542 4255 2113 4331; baseline -0.013 -9"><span class='ocrx_word' id='word_1_563' title='bbox 542 4266 794 4325; x_wconf 85' lang='lat' dir='ltr'><strong>consilia,</strong></span> <span class='ocrx_word' id='word_1_564' title='bbox 825 4278 890 4318; x_wconf 90' lang='lat' dir='ltr'><strong>ea</strong></span> <span class='ocrx_word' id='word_1_565' title='bbox 920 4276 1041 4331; x_wconf 75' lang='lat' dir='ltr'><strong>qua:</strong></span> <span class='ocrx_word' id='word_1_566' title='bbox 1068 4259 1365 4329; x_wconf 88' lang='lat' dir='ltr'><strong>pretiosum</strong></span> <span class='ocrx_word' id='word_1_567' title='bbox 1396 4255 1651 4325; x_wconf 88' lang='lat' dir='ltr'><strong>martyris</strong></span> <span class='ocrx_word' id='word_1_568' title='bbox 1680 4259 1844 4321; x_wconf 86' lang='lat' dir='ltr'><strong>caput</strong></span> <span class='ocrx_word' id='word_1_569' title='bbox 1885 4263 2113 4318; x_wconf 88' lang='lat' dir='ltr'><strong>accepe-</strong></span> 
     </span>
    </p>
   </div>
   <div class='ocr_carea' id='block_1_77' title="bbox 541 4349 2114 4426">
    <p class='ocr_par' dir='ltr' id='par_1_77' title="bbox 541 4349 2114 4426">
     <span class='ocr_line' id='line_1_77' title="bbox 541 4349 2114 4426; baseline -0.012 -16"><span class='ocrx_word' id='word_1_570' title='bbox 541 4364 629 4410; x_wconf 87' lang='lat' dir='ltr'><strong>rat</strong></span> <span class='ocrx_word' id='word_1_571' title='bbox 645 4353 885 4426; x_wconf 84' lang='lat' dir='ltr'><strong>(mulieri</strong></span> <span class='ocrx_word' id='word_1_572' title='bbox 908 4367 1107 4406; x_wconf 84' lang='lat' dir='ltr'><strong>nomen</strong></span> <span class='ocrx_word' id='word_1_573' title='bbox 1129 4358 1246 4405; x_wconf 88' lang='lat' dir='ltr'><strong>erat</strong></span> <span class='ocrx_word' id='word_1_574' title='bbox 1267 4349 1505 4417; x_wconf 85' lang='lat' dir='ltr'><strong>Catula),</strong></span> <span class='ocrx_word' id='word_1_575' title='bbox 1527 4353 1763 4399; x_wconf 89' lang='lat' dir='ltr'><strong>mentem</strong></span> <span class='ocrx_word' id='word_1_576' title='bbox 1789 4357 1942 4397; x_wconf 89' lang='lat' dir='ltr'><strong>suam</strong></span> <span class='ocrx_word' id='word_1_577' title='bbox 1961 4354 2114 4394; x_wconf 87' lang='lat' dir='ltr'><strong>com-</strong></span> 
     </span>
    </p>
   </div>
   <div class='ocr_carea' id='block_1_78' title="bbox 543 4432 2186 4506">
    <p class='ocr_par' dir='ltr' id='par_1_78' title="bbox 543 4432 2186 4506">
     <span class='ocr_line' id='line_1_78' title="bbox 543 4432 2186 4506; baseline -0.01 -8"><span class='ocrx_word' id='word_1_578' title='bbox 543 4440 1153 4502; x_wconf 86' lang='lat' dir='ltr'><strong>mnnicabatﬁdelibus,</strong></span> <span class='ocrx_word' id='word_1_579' title='bbox 1188 4446 1247 4492; x_wconf 92' lang='lat' dir='ltr'><strong>ut</strong></span> <span class='ocrx_word' id='word_1_580' title='bbox 1296 4437 1407 4491; x_wconf 86' lang='lat' dir='ltr'><strong>Deo</strong></span> <span class='ocrx_word' id='word_1_581' title='bbox 1451 4445 1659 4506; x_wconf 83' lang='lat' dir='ltr'><strong>gratam</strong></span> <span class='ocrx_word' id='word_1_582' title='bbox 1708 4440 1763 4487; x_wconf 87' lang='lat' dir='ltr'><strong>et</strong></span> <span class='ocrx_word' id='word_1_583' title='bbox 1808 4432 2186 4498; x_wconf 89' lang='lat' dir='ltr'><strong>acccptam.D</strong></span> 
     </span>
    </p>
   </div>
   <div class='ocr_carea' id='block_1_79' title="bbox 544 4530 2109 4603">
    <p class='ocr_par' dir='ltr' id='par_1_79' title="bbox 544 4530 2109 4603">
     <span class='ocr_line' id='line_1_79' title="bbox 544 4530 2109 4603; baseline -0.012 -14"><span class='ocrx_word' id='word_1_584' title='bbox 544 4534 610 4589; x_wconf 83' lang='lat' dir='ltr'><strong>Et</strong></span> <span class='ocrx_word' id='word_1_585' title='bbox 643 4550 765 4589; x_wconf 84' lang='lat' dir='ltr'><strong>cum</strong></span> <span class='ocrx_word' id='word_1_586' title='bbox 797 4530 1135 4603; x_wconf 88' lang='lat' dir='ltr'><strong>splendidam</strong></span> <span class='ocrx_word' id='word_1_587' title='bbox 1166 4538 1220 4584; x_wconf 88' lang='lat' dir='ltr'><strong>et</strong></span> <span class='ocrx_word' id='word_1_588' title='bbox 1252 4530 1457 4583; x_wconf 90' lang='lat' dir='ltr'><strong>lautam</strong></span> <span class='ocrx_word' id='word_1_589' title='bbox 1487 4534 1805 4596; x_wconf 87' lang='lat' dir='ltr'><strong>apparasset</strong></span> <span class='ocrx_word' id='word_1_590' title='bbox 1845 4534 2109 4583; x_wconf 85' lang='lat' dir='ltr'><strong>mensam,</strong></span> 
     </span>
    </p>
   </div>
   <div class='ocr_carea' id='block_1_80' title="bbox 544 4612 2107 4694">
    <p class='ocr_par' dir='ltr' id='par_1_80' title="bbox 544 4612 2107 4694">
     <span class='ocr_line' id='line_1_80' title="bbox 544 4612 2107 4694; baseline -0.013 -11"><span class='ocrx_word' id='word_1_591' title='bbox 544 4630 762 4683; x_wconf 88' lang='lat' dir='ltr'><strong>lictores</strong></span> <span class='ocrx_word' id='word_1_592' title='bbox 793 4627 1000 4694; x_wconf 88' lang='lat' dir='ltr'><strong>accepit</strong></span> <span class='ocrx_word' id='word_1_593' title='bbox 1023 4622 1292 4677; x_wconf 89' lang='lat' dir='ltr'><strong>convivio.</strong></span> <span class='ocrx_word' id='word_1_594' title='bbox 1324 4620 1544 4675; x_wconf 84' lang='lat' dir='ltr'><strong>interim</strong></span> <span class='ocrx_word' id='word_1_595' title='bbox 1576 4632 1723 4680; x_wconf 86' lang='lat' dir='ltr'><strong>vero,</strong></span> <span class='ocrx_word' id='word_1_596' title='bbox 1750 4615 1878 4669; x_wconf 89' lang='lat' dir='ltr'><strong>dum</strong></span> <span class='ocrx_word' id='word_1_597' title='bbox 1899 4612 1934 4664; x_wconf 89' lang='lat' dir='ltr'><strong>ii</strong></span> <span class='ocrx_word' id='word_1_598' title='bbox 1968 4626 2107 4664; x_wconf 79' lang='lat' dir='ltr'><strong>eon-</strong></span> 
     </span>
    </p>
   </div>
   <div class='ocr_carea' id='block_1_81' title="bbox 545 4704 2113 4786">
    <p class='ocr_par' dir='ltr' id='par_1_81' title="bbox 545 4704 2113 4786">
     <span class='ocr_line' id='line_1_81' title="bbox 545 4704 2113 4786; baseline -0.013 -12"><span class='ocrx_word' id='word_1_599' title='bbox 545 4719 744 4775; x_wconf 83' lang='lat' dir='ltr'><strong>vivium</strong></span> <span class='ocrx_word' id='word_1_600' title='bbox 776 4718 986 4773; x_wconf 86' lang='lat' dir='ltr'><strong>inibant</strong></span> <span class='ocrx_word' id='word_1_601' title='bbox 1018 4715 1162 4786; x_wconf 91' lang='lat' dir='ltr'><strong>apud</strong></span> <span class='ocrx_word' id='word_1_602' title='bbox 1194 4713 1501 4774; x_wconf 85' lang='lat' dir='ltr'><strong>mulierem,</strong></span> <span class='ocrx_word' id='word_1_603' title='bbox 1526 4709 1745 4779; x_wconf 91' lang='lat' dir='ltr'><strong>quidam</strong></span> <span class='ocrx_word' id='word_1_604' title='bbox 1779 4721 1845 4759; x_wconf 80' lang='lat' dir='ltr'><strong>ex</strong></span> <span class='ocrx_word' id='word_1_605' title='bbox 1869 4704 2113 4757; x_wconf 87' lang='lat' dir='ltr'><strong>ﬁdelibus</strong></span> 
     </span>
    </p>
   </div>
   <div class='ocr_carea' id='block_1_82' title="bbox 543 4795 2110 4882">
    <p class='ocr_par' dir='ltr' id='par_1_82' title="bbox 543 4795 2110 4882">
     <span class='ocr_line' id='line_1_82' title="bbox 543 4795 2110 4882; baseline -0.012 -15"><span class='ocrx_word' id='word_1_606' title='bbox 543 4812 822 4882; x_wconf 87' lang='lat' dir='ltr'><strong>accipiunt</strong></span> <span class='ocrx_word' id='word_1_607' title='bbox 852 4816 1157 4878; x_wconf 78' lang='lat' dir='ltr'><strong>martyrum</strong></span> <span class='ocrx_word' id='word_1_608' title='bbox 1182 4805 1465 4875; x_wconf 88' lang='lat' dir='ltr'><strong>reliquias,</strong></span> <span class='ocrx_word' id='word_1_609' title='bbox 1514 4809 1568 4856; x_wconf 93' lang='lat' dir='ltr'><strong>et</strong></span> <span class='ocrx_word' id='word_1_610' title='bbox 1611 4814 1704 4854; x_wconf 90' lang='lat' dir='ltr'><strong>eas</strong></span> <span class='ocrx_word' id='word_1_611' title='bbox 1749 4795 2110 4850; x_wconf 90' lang='lat' dir='ltr'><strong>abscondunt.</strong></span> 
     </span>
    </p>
   </div>
   <div class='ocr_carea' id='block_1_83' title="bbox 542 4887 2116 4966">
    <p class='ocr_par' dir='ltr' id='par_1_83' title="bbox 542 4887 2116 4966">
     <span class='ocr_line' id='line_1_83' title="bbox 542 4887 2116 4966; baseline -0.013 -4"><span class='ocrx_word' id='word_1_612' title='bbox 542 4906 769 4966; x_wconf 80' lang='lat' dir='ltr'><strong>Deinde,</strong></span> <span class='ocrx_word' id='word_1_613' title='bbox 797 4904 949 4958; x_wconf 89' lang='lat' dir='ltr'><strong>ﬁnito</strong></span> <span class='ocrx_word' id='word_1_614' title='bbox 980 4901 1251 4963; x_wconf 86' lang='lat' dir='ltr'><strong>convivio,</strong></span> <span class='ocrx_word' id='word_1_615' title='bbox 1280 4914 1404 4953; x_wconf 85' lang='lat' dir='ltr'><strong>cum</strong></span> <span class='ocrx_word' id='word_1_616' title='bbox 1436 4910 1553 4949; x_wconf 90' lang='lat' dir='ltr'><strong>eam</strong></span> <span class='ocrx_word' id='word_1_617' title='bbox 1586 4909 1698 4947; x_wconf 85' lang='lat' dir='ltr'><strong>rem</strong></span> <span class='ocrx_word' id='word_1_618' title='bbox 1728 4887 2116 4961; x_wconf 86' lang='lat' dir='ltr'><strong>deprehendis-</strong></span> 
     </span>
    </p>
   </div>
   <div class='ocr_carea' id='block_1_84' title="bbox 544 4982 2113 5061">
    <p class='ocr_par' dir='ltr' id='par_1_84' title="bbox 544 4982 2113 5061">
     <span class='ocr_line' id='line_1_84' title="bbox 544 4982 2113 5061; baseline -0.013 -9"><span class='ocrx_word' id='word_1_619' title='bbox 544 5008 666 5054; x_wconf 92' lang='lat' dir='ltr'><strong>sent</strong></span> <span class='ocrx_word' id='word_1_620' title='bbox 692 4997 931 5061; x_wconf 87' lang='lat' dir='ltr'><strong>lictores,</strong></span> <span class='ocrx_word' id='word_1_621' title='bbox 966 4994 1048 5048; x_wconf 89' lang='lat' dir='ltr'><strong>ira</strong></span> <span class='ocrx_word' id='word_1_622' title='bbox 1082 4992 1236 5048; x_wconf 88' lang='lat' dir='ltr'><strong>valde</strong></span> <span class='ocrx_word' id='word_1_623' title='bbox 1264 4996 1419 5045; x_wconf 84' lang='lat' dir='ltr'><strong>erant</strong></span> <span class='ocrx_word' id='word_1_624' title='bbox 1445 4985 1676 5058; x_wconf 88' lang='lat' dir='ltr'><strong>perciti;</strong></span> <span class='ocrx_word' id='word_1_625' title='bbox 1708 4984 1802 5038; x_wconf 91' lang='lat' dir='ltr'><strong>sed</strong></span> <span class='ocrx_word' id='word_1_626' title='bbox 1850 4982 2113 5036; x_wconf 76' lang='lat' dir='ltr'><strong>fervorem</strong></span> 
     </span>
    </p>
   </div>
   <div class='ocr_carea' id='block_1_85' title="bbox 544 5069 2113 5142">
    <p class='ocr_par' dir='ltr' id='par_1_85' title="bbox 544 5069 2113 5142">
     <span class='ocr_line' id='line_1_85' title="bbox 544 5069 2113 5142; baseline -0.009 -5"><span class='ocrx_word' id='word_1_627' title='bbox 544 5085 637 5137; x_wconf 58' lang='lat' dir='ltr'><strong>ira:</strong></span> <span class='ocrx_word' id='word_1_628' title='bbox 662 5084 925 5138; x_wconf 90' lang='lat' dir='ltr'><strong>sedarunt</strong></span> <span class='ocrx_word' id='word_1_629' title='bbox 954 5095 1202 5142; x_wconf 86' lang='lat' dir='ltr'><strong>munera,</strong></span> <span class='ocrx_word' id='word_1_630' title='bbox 1234 5086 1289 5132; x_wconf 89' lang='lat' dir='ltr'><strong>et</strong></span> <span class='ocrx_word' id='word_1_631' title='bbox 1324 5077 1700 5131; x_wconf 88' lang='lat' dir='ltr'><strong>vehementem</strong></span> <span class='ocrx_word' id='word_1_632' title='bbox 1732 5071 1973 5125; x_wconf 80' lang='lat' dir='ltr'><strong>furorem</strong></span> <span class='ocrx_word' id='word_1_633' title='bbox 2003 5069 2113 5123; x_wconf 63' lang='lat' dir='ltr'><strong>dis«</strong></span> 
     </span>
    </p>
   </div>
   <div class='ocr_carea' id='block_1_86' title="bbox 544 5162 2111 5242">
    <p class='ocr_par' dir='ltr' id='par_1_86' title="bbox 544 5162 2111 5242">
     <span class='ocr_line' id='line_1_86' title="bbox 544 5162 2111 5242; baseline -0.011 -13"><span class='ocrx_word' id='word_1_634' title='bbox 544 5174 705 5229; x_wconf 90' lang='lat' dir='ltr'><strong>solvit</strong></span> <span class='ocrx_word' id='word_1_635' title='bbox 732 5175 928 5228; x_wconf 91' lang='lat' dir='ltr'><strong>mulier</strong></span> <span class='ocrx_word' id='word_1_636' title='bbox 950 5171 1200 5242; x_wconf 82' lang='lat' dir='ltr'><strong>pecunia.</strong></span> <span class='ocrx_word' id='word_1_637' title='bbox 1236 5169 1371 5224; x_wconf 87' lang='lat' dir='ltr'><strong>Cum</strong></span> <span class='ocrx_word' id='word_1_638' title='bbox 1406 5168 1483 5221; x_wconf 90' lang='lat' dir='ltr'><strong>illi</strong></span> <span class='ocrx_word' id='word_1_639' title='bbox 1515 5176 1693 5219; x_wconf 90' lang='lat' dir='ltr'><strong>autem</strong></span> <span class='ocrx_word' id='word_1_640' title='bbox 1728 5162 2111 5221; x_wconf 88' lang='lat' dir='ltr'><strong>recessissent,</strong></span> 
     </span>
    </p>
   </div>
   <div class='ocr_carea' id='block_1_87' title="bbox 546 5254 2117 5340">
    <p class='ocr_par' dir='ltr' id='par_1_87' title="bbox 546 5254 2117 5340">
     <span class='ocr_line' id='line_1_87' title="bbox 546 5254 2117 5340; baseline -0.011 -16"><span class='ocrx_word' id='word_1_641' title='bbox 546 5271 599 5324; x_wconf 83' lang='lat' dir='ltr'><strong>in</strong></span> <span class='ocrx_word' id='word_1_642' title='bbox 622 5269 857 5340; x_wconf 87' lang='lat' dir='ltr'><strong>quadam</strong></span> <span class='ocrx_word' id='word_1_643' title='bbox 881 5267 1043 5321; x_wconf 92' lang='lat' dir='ltr'><strong>domo</strong></span> <span class='ocrx_word' id='word_1_644' title='bbox 1069 5263 1293 5334; x_wconf 89' lang='lat' dir='ltr'><strong>deponit</strong></span> <span class='ocrx_word' id='word_1_645' title='bbox 1315 5261 1507 5315; x_wconf 90' lang='lat' dir='ltr'><strong>Catula</strong></span> <span class='ocrx_word' id='word_1_646' title='bbox 1531 5270 1828 5328; x_wconf 85' lang='lat' dir='ltr'><strong>martyrum</strong></span> <span class='ocrx_word' id='word_1_647' title='bbox 1859 5254 2117 5321; x_wconf 84' lang='lat' dir='ltr'><strong>reliquias</strong></span> 
     </span>
    </p>
   </div>
   <div class='ocr_carea' id='block_1_88' title="bbox 548 5344 2092 5420">
    <p class='ocr_par' dir='ltr' id='par_1_88' title="bbox 548 5344 2092 5420">
     <span class='ocr_line' id='line_1_88' title="bbox 548 5344 2092 5420; baseline -0.014 -4"><span class='ocrx_word' id='word_1_648' title='bbox 548 5362 707 5417; x_wconf 88' lang='lat' dir='ltr'><strong>tertio</strong></span> <span class='ocrx_word' id='word_1_649' title='bbox 737 5361 940 5414; x_wconf 86' lang='lat' dir='ltr'><strong>mensis</strong></span> <span class='ocrx_word' id='word_1_650' title='bbox 998 5356 1251 5412; x_wconf 89' lang='lat' dir='ltr'><strong>Octobris</strong></span> <span class='ocrx_word' id='word_1_651' title='bbox 1276 5394 1291 5420; x_wconf 90' lang='lat'><strong>,</strong></span> <span class='ocrx_word' id='word_1_652' title='bbox 1449 5348 1724 5404; x_wconf 89' lang='lat' dir='ltr'><strong>miraculis</strong></span> <span class='ocrx_word' id='word_1_653' title='bbox 1887 5344 2092 5399; x_wconf 80' lang='lat' dir='ltr'><strong>aliatim</strong></span> 
     </span>
    </p>
   </div>
   <div class='ocr_carea' id='block_1_89' title="bbox 548 5440 2117 5523">
    <p class='ocr_par' dir='ltr' id='par_1_89' title="bbox 548 5440 2117 5523">
     <span class='ocr_line' id='line_1_89' title="bbox 548 5440 2117 5523; baseline -0.011 -14"><span class='ocrx_word' id='word_1_654' title='bbox 548 5453 963 5523; x_wconf 84' lang='lat' dir='ltr'><strong>proﬁuentibus,</strong></span> <span class='ocrx_word' id='word_1_655' title='bbox 1000 5448 1224 5521; x_wconf 88' lang='lat' dir='ltr'><strong>perinde</strong></span> <span class='ocrx_word' id='word_1_656' title='bbox 1276 5462 1340 5501; x_wconf 89' lang='lat' dir='ltr'><strong>ac</strong></span> <span class='ocrx_word' id='word_1_657' title='bbox 1370 5445 1551 5516; x_wconf 82' lang='lat' dir='ltr'><strong>aliquo</strong></span> <span class='ocrx_word' id='word_1_658' title='bbox 1602 5444 1747 5498; x_wconf 70' lang='lat' dir='ltr'><strong>ferite</strong></span> <span class='ocrx_word' id='word_1_659' title='bbox 1797 5440 2023 5511; x_wconf 88' lang='lat' dir='ltr'><strong>pulchre</strong></span> <span class='ocrx_word' id='word_1_660' title='bbox 2064 5444 2117 5493; x_wconf 85' lang='lat' dir='ltr'><strong>et</strong></span> 
     </span>
    </p>
   </div>
   <div class='ocr_carea' id='block_1_90' title="bbox 549 5534 2088 5607">
    <p class='ocr_par' dir='ltr' id='par_1_90' title="bbox 549 5534 2088 5607">
     <span class='ocr_line' id='line_1_90' title="bbox 549 5534 2088 5607; baseline -0.012 -5"><span class='ocrx_word' id='word_1_661' title='bbox 549 5548 797 5603; x_wconf 77' lang='lat' dir='ltr'><strong>suaviter</strong></span> <span class='ocrx_word' id='word_1_662' title='bbox 826 5552 1104 5600; x_wconf 87' lang='lat' dir='ltr'><strong>manante.</strong></span> <span class='ocrx_word' id='word_1_663' title='bbox 1136 5542 1253 5597; x_wconf 87' lang='lat' dir='ltr'><strong>Non</strong></span> <span class='ocrx_word' id='word_1_664' title='bbox 1290 5541 1520 5596; x_wconf 87' lang='lat' dir='ltr'><strong>multum</strong></span> <span class='ocrx_word' id='word_1_665' title='bbox 1569 5534 1831 5607; x_wconf 89' lang='lat' dir='ltr'><strong>temporis</strong></span> <span class='ocrx_word' id='word_1_666' title='bbox 1853 5534 2088 5587; x_wconf 83' lang='lat' dir='ltr'><strong>interces</strong></span> 
     </span>
    </p>
   </div>
   <div class='ocr_carea' id='block_1_91' title="bbox 640 5693 1235 5759">
    <p class='ocr_par' dir='ltr' id='par_1_91' title="bbox 640 5693 1235 5759">
     <span class='ocr_line' id='line_1_91' title="bbox 640 5693 1235 5759; baseline -0.01 -6"><span class='ocrx_word' id='word_1_667' title='bbox 640 5701 666 5742; x_wconf 71' lang='grc' dir='ltr'><strong>λ</strong></span> <span class='ocrx_word' id='word_1_668' title='bbox 698 5699 844 5753; x_wconf 71' lang='lat' dir='ltr'><strong>l’sal.</strong></span> <span class='ocrx_word' id='word_1_669' title='bbox 914 5712 1073 5759; x_wconf 76' lang='lat' dir='ltr'><strong>exin,</strong></span> <span class='ocrx_word' id='word_1_670' title='bbox 1096 5696 1149 5757; x_wconf 84' lang='lat'><strong>5,</strong></span> <span class='ocrx_word' id='word_1_671' title='bbox 1181 5693 1235 5747; x_wconf 82' lang='lat' dir='ltr'><strong>ti.</strong></span> 
     </span>
    </p>
   </div>
   <div class='ocr_carea' id='block_1_92' title="bbox 2197 3280 3754 3357">
    <p class='ocr_par' dir='ltr' id='par_1_92' title="bbox 2197 3280 3754 3357">
     <span class='ocr_line' id='line_1_92' title="bbox 2197 3280 3754 3357; baseline -0.003 -19"><span class='ocrx_word' id='word_1_672' title='bbox 2197 3302 2344 3356; x_wconf 87' lang='grc' dir='ltr'>μαις,</span> <span class='ocrx_word' id='word_1_673' title='bbox 2380 3280 2467 3340; x_wconf 69' lang='grc' dir='ltr'>οἷά</span> <span class='ocrx_word' id='word_1_674' title='bbox 2526 3303 2646 3339; x_wconf 80' lang='grc' dir='ltr'>τινα</span> <span class='ocrx_word' id='word_1_675' title='bbox 2710 3286 3015 3357; x_wconf 76' lang='grc' dir='ltr'>θησαυρὸν,</span> <span class='ocrx_word' id='word_1_676' title='bbox 3051 3285 3361 3339; x_wconf 78' lang='grc' dir='ltr'>ἐναπέθετο.</span> <span class='ocrx_word' id='word_1_677' title='bbox 3406 3286 3648 3338; x_wconf 85' lang='grc' dir='ltr'>Ἔκειντο</span> <span class='ocrx_word' id='word_1_678' title='bbox 3701 3281 3754 3334; x_wconf 69' lang='grc' dir='ltr'>ἃ</span> 
     </span>
    </p>
   </div>
   <div class='ocr_carea' id='block_1_93' title="bbox 2193 3376 3751 3453">
    <p class='ocr_par' dir='ltr' id='par_1_93' title="bbox 2193 3376 3751 3453">
     <span class='ocr_line' id='line_1_93' title="bbox 2193 3376 3751 3453; baseline -0.003 -21"><span class='ocrx_word' id='word_1_679' title='bbox 2193 3378 2538 3449; x_wconf 79' lang='grc' dir='ltr'>ἀμελούμενα</span> <span class='ocrx_word' id='word_1_680' title='bbox 2569 3379 2637 3432; x_wconf 70' lang='grc' dir='ltr'>τὰ</span> <span class='ocrx_word' id='word_1_681' title='bbox 2669 3380 2777 3432; x_wconf 80' lang='grc' dir='ltr'><strong>τῶν</strong></span> <span class='ocrx_word' id='word_1_682' title='bbox 2813 3380 2981 3447; x_wconf 83' lang='grc' dir='ltr'>ἁγίων</span> <span class='ocrx_word' id='word_1_683' title='bbox 3019 3378 3312 3453; x_wconf 88' lang='grc' dir='ltr'>μαρτύρων</span> <span class='ocrx_word' id='word_1_684' title='bbox 3345 3378 3508 3450; x_wconf 85' lang='grc' dir='ltr'>τίμια</span> <span class='ocrx_word' id='word_1_685' title='bbox 3542 3376 3751 3447; x_wconf 80' lang='grc' dir='ltr'>σώματα</span> 
     </span>
    </p>
   </div>
   <div class='ocr_carea' id='block_1_94' title="bbox 2194 3469 3747 3544">
    <p class='ocr_par' dir='ltr' id='par_1_94' title="bbox 2194 3469 3747 3544">
     <span class='ocr_line' id='line_1_94' title="bbox 2194 3469 3747 3544; baseline -0.002 -21"><span class='ocrx_word' id='word_1_686' title='bbox 2194 3469 2357 3541; x_wconf 73' lang='grc' dir='ltr'>θηρσὶ</span> <span class='ocrx_word' id='word_1_687' title='bbox 2393 3470 2527 3542; x_wconf 82' lang='grc' dir='ltr'>βορὰ</span> <span class='ocrx_word' id='word_1_688' title='bbox 2561 3471 2653 3524; x_wconf 66' lang='grc' dir='ltr'><strong>καὶ</strong></span> <span class='ocrx_word' id='word_1_689' title='bbox 2676 3471 2880 3542; x_wconf 82' lang='grc' dir='ltr'>ὀρνέοις</span> <span class='ocrx_word' id='word_1_690' title='bbox 2932 3470 3286 3544; x_wconf 83' lang='grc' dir='ltr'>προκείμενα,</span> <span class='ocrx_word' id='word_1_691' title='bbox 3326 3470 3468 3541; x_wconf 70' lang='grc' dir='ltr'>μηδὲ</span> <span class='ocrx_word' id='word_1_692' title='bbox 3492 3470 3586 3541; x_wconf 83' lang='grc' dir='ltr'><strong>τῆς</strong></span> <span class='ocrx_word' id='word_1_693' title='bbox 3617 3483 3747 3521; x_wconf 84' lang='grc' dir='ltr'>νενο-</span> 
     </span>
    </p>
   </div>
   <div class='ocr_carea' id='block_1_95' title="bbox 2198 3559 2955 3631">
    <p class='ocr_par' dir='ltr' id='par_1_95' title="bbox 2198 3559 2955 3631">
     <span class='ocr_line' id='line_1_95' title="bbox 2198 3559 2955 3631; baseline 0.003 -20"><span class='ocrx_word' id='word_1_694' title='bbox 2198 3560 2465 3631; x_wconf 83' lang='grc' dir='ltr'>μισμένης</span> <span class='ocrx_word' id='word_1_695' title='bbox 2497 3560 2727 3630; x_wconf 80' lang='grc' dir='ltr'>λαχόντα</span> <span class='ocrx_word' id='word_1_696' title='bbox 2758 3559 2955 3629; x_wconf 80' lang='grc' dir='ltr'>ταφῆς.</span> 
     </span>
    </p>
   </div>
   <div class='ocr_carea' id='block_1_96' title="bbox 2266 3642 3752 3723">
    <p class='ocr_par' dir='ltr' id='par_1_96' title="bbox 2266 3642 3752 3723">
     <span class='ocr_line' id='line_1_96' title="bbox 2266 3642 3752 3723; baseline -0.003 -19"><span class='ocrx_word' id='word_1_697' title='bbox 2266 3653 2329 3704; x_wconf 85' lang='grc' dir='ltr'>Οί</span> <span class='ocrx_word' id='word_1_698' title='bbox 2365 3652 2547 3723; x_wconf 84' lang='grc' dir='ltr'>μέντοι</span> <span class='ocrx_word' id='word_1_699' title='bbox 2588 3652 2770 3723; x_wconf 85' lang='grc' dir='ltr'>δήμιοι</span> <span class='ocrx_word' id='word_1_700' title='bbox 2835 3650 2953 3704; x_wconf 75' lang='grc' dir='ltr'>οὐδὲ</span> <span class='ocrx_word' id='word_1_701' title='bbox 3004 3650 3166 3721; x_wconf 83' lang='grc' dir='ltr'>μέχρι</span> <span class='ocrx_word' id='word_1_702' title='bbox 3226 3647 3424 3702; x_wconf 85' lang='grc' dir='ltr'>τούτου</span> <span class='ocrx_word' id='word_1_703' title='bbox 3472 3646 3572 3717; x_wconf 85' lang='grc' dir='ltr'><strong>τῆς</strong></span> <span class='ocrx_word' id='word_1_704' title='bbox 3602 3642 3752 3716; x_wconf 79' lang='grc' dir='ltr'>ὀργῆς</span> 
     </span>
    </p>
   </div>
   <div class='ocr_carea' id='block_1_97' title="bbox 2195 3736 3756 3815">
    <p class='ocr_par' dir='ltr' id='par_1_97' title="bbox 2195 3736 3756 3815">
     <span class='ocr_line' id='line_1_97' title="bbox 2195 3736 3756 3815; baseline -0.006 -19"><span class='ocrx_word' id='word_1_705' title='bbox 2195 3742 2445 3815; x_wconf 76' lang='grc' dir='ltr'>ἔστησαν·</span> <span class='ocrx_word' id='word_1_706' title='bbox 2482 3743 2615 3797; x_wconf 85' lang='grc' dir='ltr'>ἀλλὰ</span> <span class='ocrx_word' id='word_1_707' title='bbox 2644 3743 2737 3797; x_wconf 78' lang='grc' dir='ltr'>καὶ</span> <span class='ocrx_word' id='word_1_708' title='bbox 2768 3746 2879 3806; x_wconf 88' lang='grc' dir='ltr'>τοῖς</span> <span class='ocrx_word' id='word_1_709' title='bbox 2928 3740 3197 3811; x_wconf 70' lang='grc' dir='ltr'>λειψάνοις</span> <span class='ocrx_word' id='word_1_710' title='bbox 3243 3741 3427 3804; x_wconf 84' lang='grc' dir='ltr'>αὐτοῖς</span> <span class='ocrx_word' id='word_1_711' title='bbox 3461 3736 3756 3809; x_wconf 70' lang='grc' dir='ltr'>ἐπιμαίνον-</span> 
     </span>
    </p>
   </div>
   <div class='ocr_carea' id='block_1_98' title="bbox 2194 3829 3753 3908">
    <p class='ocr_par' dir='ltr' id='par_1_98' title="bbox 2194 3829 3753 3908">
     <span class='ocr_line' id='line_1_98' title="bbox 2194 3829 3753 3908; baseline -0.004 -19"><span class='ocrx_word' id='word_1_712' title='bbox 2194 3852 2305 3902; x_wconf 85' lang='grc' dir='ltr'>ται,</span> <span class='ocrx_word' id='word_1_713' title='bbox 2342 3836 2585 3908; x_wconf 83' lang='grc' dir='ltr'>θαλάσσῃ</span> <span class='ocrx_word' id='word_1_714' title='bbox 2613 3835 2795 3901; x_wconf 84' lang='grc' dir='ltr'>δοῦναι</span> <span class='ocrx_word' id='word_1_715' title='bbox 2831 3834 2920 3887; x_wconf 67' lang='grc' dir='ltr'><strong>καὶ</strong></span> <span class='ocrx_word' id='word_1_716' title='bbox 2958 3833 3103 3905; x_wconf 82' lang='grc' dir='ltr'><strong>βυθῷ</strong></span> <span class='ocrx_word' id='word_1_717' title='bbox 3157 3832 3627 3907; x_wconf 82' lang='grc' dir='ltr'>προθυμούμενοι,</span> <span class='ocrx_word' id='word_1_718' title='bbox 3685 3829 3753 3890; x_wconf 87' lang='grc' dir='ltr'>ὡς</span> 
     </span>
    </p>
   </div>
   <div class='ocr_carea' id='block_1_99' title="bbox 2195 3917 3752 3998">
    <p class='ocr_par' dir='ltr' id='par_1_99' title="bbox 2195 3917 3752 3998">
     <span class='ocr_line' id='line_1_99' title="bbox 2195 3917 3752 3998; baseline -0.008 -17"><span class='ocrx_word' id='word_1_719' title='bbox 2195 3925 2262 3981; x_wconf 82' lang='grc' dir='ltr'>ἂν</span> <span class='ocrx_word' id='word_1_720' title='bbox 2299 3926 2372 3998; x_wconf 86' lang='grc' dir='ltr'>μὴ</span> <span class='ocrx_word' id='word_1_721' title='bbox 2403 3925 2503 3990; x_wconf 82' lang='grc' dir='ltr'><strong>τὰς</strong></span> <span class='ocrx_word' id='word_1_722' title='bbox 2536 3924 2724 3988; x_wconf 75' lang='grc' dir='ltr'>αὐτὰς,</span> <span class='ocrx_word' id='word_1_723' title='bbox 2761 3924 2853 3978; x_wconf 83' lang='grc' dir='ltr'>καὶ</span> <span class='ocrx_word' id='word_1_724' title='bbox 2905 3922 3089 3994; x_wconf 71' lang='grc' dir='ltr'>ἄψυχα</span> <span class='ocrx_word' id='word_1_725' title='bbox 3122 3922 3273 3985; x_wconf 80' lang='grc' dir='ltr'>ὅντα,</span> <span class='ocrx_word' id='word_1_726' title='bbox 3325 3917 3752 3991; x_wconf 82' lang='grc' dir='ltr'>θαυματουργίας</span> 
     </span>
    </p>
   </div>
   <div class='ocr_carea' id='block_1_100' title="bbox 2198 4005 3753 4082">
    <p class='ocr_par' dir='ltr' id='par_1_100' title="bbox 2198 4005 3753 4082">
     <span class='ocr_line' id='line_1_100' title="bbox 2198 4005 3753 4082; baseline -0.008 -11"><span class='ocrx_word' id='word_1_727' title='bbox 2198 4018 2556 4082; x_wconf 77' lang='grc' dir='ltr'>ἐνδείξαιντο,</span> <span class='ocrx_word' id='word_1_728' title='bbox 2623 4014 2915 4069; x_wconf 86' lang='grc' dir='ltr'>κάντεῦθεν</span> <span class='ocrx_word' id='word_1_729' title='bbox 2958 4013 3152 4078; x_wconf 72' lang='grc' dir='ltr'>ἓλξωσι</span> <span class='ocrx_word' id='word_1_730' title='bbox 3183 4014 3309 4077; x_wconf 81' lang='grc' dir='ltr'>τοὺς</span> <span class='ocrx_word' id='word_1_731' title='bbox 3360 4011 3587 4073; x_wconf 75' lang='grc' dir='ltr'>πολλοὺς</span> <span class='ocrx_word' id='word_1_732' title='bbox 3632 4005 3753 4079; x_wconf 85' lang='grc' dir='ltr'>πρὸς</span> 
     </span>
    </p>
   </div>
   <div class='ocr_carea' id='block_1_101' title="bbox 2198 4092 3754 4175">
    <p class='ocr_par' dir='ltr' id='par_1_101' title="bbox 2198 4092 3754 4175">
     <span class='ocr_line' id='line_1_101' title="bbox 2198 4092 3754 4175; baseline -0.008 -16"><span class='ocrx_word' id='word_1_733' title='bbox 2198 4107 2510 4175; x_wconf 70' lang='grc' dir='ltr'>ἐπίγνωσιν.</span> <span class='ocrx_word' id='word_1_734' title='bbox 2557 4105 2621 4156; x_wconf 89' lang='grc' dir='ltr'><em>Ὃ</em></span> <span class='ocrx_word' id='word_1_735' title='bbox 2666 4103 2750 4173; x_wconf 81' lang='grc' dir='ltr'><strong>δὴ,</strong></span> <span class='ocrx_word' id='word_1_736' title='bbox 2786 4102 2862 4165; x_wconf 85' lang='grc' dir='ltr'>ὡς</span> <span class='ocrx_word' id='word_1_737' title='bbox 2896 4102 3077 4164; x_wconf 79' lang='grc' dir='ltr'>αὐτοῖς</span> <span class='ocrx_word' id='word_1_738' title='bbox 3128 4100 3292 4165; x_wconf 74' lang='grc' dir='ltr'>εδοξε,</span> <span class='ocrx_word' id='word_1_739' title='bbox 3346 4101 3570 4169; x_wconf 84' lang='grc' dir='ltr'>γέγονεν</span> <span class='ocrx_word' id='word_1_740' title='bbox 3600 4096 3680 4157; x_wconf 78' lang='grc' dir='ltr'>ἂν,</span> <span class='ocrx_word' id='word_1_741' title='bbox 3711 4092 3754 4145; x_wconf 74' lang='grc' dir='ltr'>εἰ</span> 
     </span>
    </p>
   </div>
   <div class='ocr_carea' id='block_1_102' title="bbox 2201 4185 3755 4267">
    <p class='ocr_par' dir='ltr' id='par_1_102' title="bbox 2201 4185 3755 4267">
     <span class='ocr_line' id='line_1_102' title="bbox 2201 4185 3755 4267; baseline -0.021 0"><span class='ocrx_word' id='word_1_742' title='bbox 2201 4196 2275 4267; x_wconf 72' lang='grc' dir='ltr'>μὴ</span> <span class='ocrx_word' id='word_1_743' title='bbox 2308 4199 2376 4267; x_wconf 74' lang='grc' dir='ltr'><strong>τῇ</strong></span> <span class='ocrx_word' id='word_1_744' title='bbox 2414 4195 2625 4267; x_wconf 76' lang='grc' dir='ltr'>πονηρᾷ</span> <span class='ocrx_word' id='word_1_745' title='bbox 2656 4193 2831 4263; x_wconf 68' lang='grc' dir='ltr'>ταύτῃ</span> <span class='ocrx_word' id='word_1_746' title='bbox 2866 4192 3038 4266; x_wconf 74' lang='grc' dir='ltr'>πέρας</span> <span class='ocrx_word' id='word_1_747' title='bbox 3070 4192 3429 4262; x_wconf 75' lang='grc' dir='ltr'>ἐπενεχθῆναι</span> <span class='ocrx_word' id='word_1_748' title='bbox 3478 4188 3631 4260; x_wconf 82' lang='grc' dir='ltr'>βουλῇ</span> <span class='ocrx_word' id='word_1_749' title='bbox 3662 4185 3755 4237; x_wconf 86' lang='grc' dir='ltr'>διε-</span> 
     </span>
    </p>
   </div>
   <div class='ocr_carea' id='block_1_103' title="bbox 2199 4273 3754 4355">
    <p class='ocr_par' dir='ltr' id='par_1_103' title="bbox 2199 4273 3754 4355">
     <span class='ocr_line' id='line_1_103' title="bbox 2199 4273 3754 4355; baseline -0.006 -15"><span class='ocrx_word' id='word_1_750' title='bbox 2199 4286 2439 4340; x_wconf 87' lang='grc' dir='ltr'>κώλυσεν</span> <span class='ocrx_word' id='word_1_751' title='bbox 2470 4288 2498 4338; x_wconf 82' lang='grc' dir='ltr'><strong>ό</strong></span> <span class='ocrx_word' id='word_1_752' title='bbox 2531 4286 2679 4348; x_wconf 83' lang='grc' dir='ltr'>Θεός.</span> <span class='ocrx_word' id='word_1_753' title='bbox 2717 4284 3020 4354; x_wconf 84' lang='grc' dir='ltr'>Αίσθομένη</span> <span class='ocrx_word' id='word_1_754' title='bbox 3073 4282 3181 4355; x_wconf 75' lang='grc' dir='ltr'><strong>γὰρ</strong></span> <span class='ocrx_word' id='word_1_755' title='bbox 3211 4282 3306 4334; x_wconf 90' lang='grc' dir='ltr'><strong>τοῦ</strong></span> <span class='ocrx_word' id='word_1_756' title='bbox 3341 4273 3754 4351; x_wconf 78' lang='grc' dir='ltr'>βουλεύματοςή</span> 
     </span>
    </p>
   </div>
   <div class='ocr_carea' id='block_1_104' title="bbox 2198 4370 3757 4452">
    <p class='ocr_par' dir='ltr' id='par_1_104' title="bbox 2198 4370 3757 4452">
     <span class='ocr_line' id='line_1_104' title="bbox 2198 4370 3757 4452; baseline -0.01 -18"><span class='ocrx_word' id='word_1_757' title='bbox 2198 4380 2298 4452; x_wconf 82' lang='grc' dir='ltr'>τὴν</span> <span class='ocrx_word' id='word_1_758' title='bbox 2327 4379 2516 4450; x_wconf 87' lang='grc' dir='ltr'>τιμίαν</span> <span class='ocrx_word' id='word_1_759' title='bbox 2542 4378 2622 4449; x_wconf 82' lang='grc' dir='ltr'>τῷ</span> <span class='ocrx_word' id='word_1_760' title='bbox 2653 4376 2771 4447; x_wconf 80' lang='grc' dir='ltr'>Θεῷ</span> <span class='ocrx_word' id='word_1_761' title='bbox 2822 4375 3060 4446; x_wconf 81' lang='grc' dir='ltr'>κεφαλὴν</span> <span class='ocrx_word' id='word_1_762' title='bbox 3106 4374 3372 4445; x_wconf 78' lang='grc' dir='ltr'>δεξαμένη</span> <span class='ocrx_word' id='word_1_763' title='bbox 3427 4372 3615 4444; x_wconf 75' lang='grc' dir='ltr'>(ὄνομα</span> <span class='ocrx_word' id='word_1_764' title='bbox 3654 4370 3757 4421; x_wconf 80' lang='grc' dir='ltr'><strong>Κα-</strong></span> 
     </span>
    </p>
   </div>
   <div class='ocr_carea' id='block_1_105' title="bbox 2198 4458 3753 4545">
    <p class='ocr_par' dir='ltr' id='par_1_105' title="bbox 2198 4458 3753 4545">
     <span class='ocr_line' id='line_1_105' title="bbox 2198 4458 3753 4545; baseline -0.009 -18"><span class='ocrx_word' id='word_1_765' title='bbox 2198 4473 2363 4528; x_wconf 86' lang='grc' dir='ltr'>τούλα</span> <span class='ocrx_word' id='word_1_766' title='bbox 2394 4475 2461 4545; x_wconf 81' lang='grc' dir='ltr'>τῇ</span> <span class='ocrx_word' id='word_1_767' title='bbox 2494 4470 2733 4542; x_wconf 84' lang='grc' dir='ltr'>γυναικί)</span> <span class='ocrx_word' id='word_1_768' title='bbox 2768 4469 3040 4524; x_wconf 78' lang='grc' dir='ltr'>κοινοῦται</span> <span class='ocrx_word' id='word_1_769' title='bbox 3090 4485 3213 4521; x_wconf 88' lang='grc' dir='ltr'>τινα</span> <span class='ocrx_word' id='word_1_770' title='bbox 3245 4470 3357 4531; x_wconf 85' lang='grc' dir='ltr'>τοῖς</span> <span class='ocrx_word' id='word_1_771' title='bbox 3393 4467 3599 4528; x_wconf 85' lang='grc' dir='ltr'>πιστοῖς</span> <span class='ocrx_word' id='word_1_772' title='bbox 3629 4458 3753 4530; x_wconf 83' lang='grc' dir='ltr'>γνώ-</span> 
     </span>
    </p>
   </div>
   <div class='ocr_carea' id='block_1_106' title="bbox 2205 4555 3751 4636">
    <p class='ocr_par' dir='ltr' id='par_1_106' title="bbox 2205 4555 3751 4636">
     <span class='ocr_line' id='line_1_106' title="bbox 2205 4555 3751 4636; baseline -0.01 -19"><span class='ocrx_word' id='word_1_773' title='bbox 2205 4582 2310 4636; x_wconf 87' lang='grc' dir='ltr'>μην</span> <span class='ocrx_word' id='word_1_774' title='bbox 2341 4565 2416 4627; x_wconf 87' lang='grc' dir='ltr'>ὼς</span> <span class='ocrx_word' id='word_1_775' title='bbox 2447 4562 2681 4633; x_wconf 82' lang='grc' dir='ltr'>ἀρεστὴν</span> <span class='ocrx_word' id='word_1_776' title='bbox 2742 4560 2820 4631; x_wconf 83' lang='grc' dir='ltr'>τῷ</span> <span class='ocrx_word' id='word_1_777' title='bbox 2877 4559 2993 4631; x_wconf 78' lang='grc' dir='ltr'>Θεῷ</span> <span class='ocrx_word' id='word_1_778' title='bbox 3058 4561 3151 4613; x_wconf 76' lang='grc' dir='ltr'><strong>καὶ</strong></span> <span class='ocrx_word' id='word_1_779' title='bbox 3185 4559 3500 4612; x_wconf 82' lang='grc' dir='ltr'>ἀπόδεκτον·</span> <span class='ocrx_word' id='word_1_780' title='bbox 3546 4555 3634 4608; x_wconf 74' lang='grc' dir='ltr'><strong>καὶ</strong></span> <span class='ocrx_word' id='word_1_781' title='bbox 3667 4566 3751 4602; x_wconf 88' lang='grc' dir='ltr'>πο-</span> 
     </span>
    </p>
   </div>
   <div class='ocr_carea' id='block_1_107' title="bbox 2200 4641 3751 4727">
    <p class='ocr_par' dir='ltr' id='par_1_107' title="bbox 2200 4641 3751 4727">
     <span class='ocr_line' id='line_1_107' title="bbox 2200 4641 3751 4727; baseline -0.012 -16"><span class='ocrx_word' id='word_1_782' title='bbox 2200 4657 2394 4727; x_wconf 85' lang='grc' dir='ltr'>λυτελῆ</span> <span class='ocrx_word' id='word_1_783' title='bbox 2428 4654 2776 4726; x_wconf 80' lang='grc' dir='ltr'>παραθεμένη</span> <span class='ocrx_word' id='word_1_784' title='bbox 2810 4654 2907 4724; x_wconf 83' lang='grc' dir='ltr'><strong>τὴν</strong></span> <span class='ocrx_word' id='word_1_785' title='bbox 2939 4650 3239 4721; x_wconf 76' lang='grc' dir='ltr'>τράπεζαν,</span> <span class='ocrx_word' id='word_1_786' title='bbox 3274 4652 3352 4712; x_wconf 84' lang='grc' dir='ltr'><strong>είς</strong></span> <span class='ocrx_word' id='word_1_787' title='bbox 3384 4647 3611 4719; x_wconf 68' lang='grc' dir='ltr'>εὐωχίαν</span> <span class='ocrx_word' id='word_1_788' title='bbox 3641 4641 3751 4702; x_wconf 76' lang='grc' dir='ltr'>τοὺς</span> 
     </span>
    </p>
   </div>
   <div class='ocr_carea' id='block_1_108' title="bbox 2200 4735 3753 4819">
    <p class='ocr_par' dir='ltr' id='par_1_108' title="bbox 2200 4735 3753 4819">
     <span class='ocr_line' id='line_1_108' title="bbox 2200 4735 3753 4819; baseline -0.012 -17"><span class='ocrx_word' id='word_1_789' title='bbox 2200 4748 2423 4819; x_wconf 83' lang='grc' dir='ltr'>δημίους</span> <span class='ocrx_word' id='word_1_790' title='bbox 2486 4746 2812 4817; x_wconf 77' lang='grc' dir='ltr'>παρέλαόεν.</span> <span class='ocrx_word' id='word_1_791' title='bbox 2880 4747 2967 4798; x_wconf 89' lang='grc' dir='ltr'>Ἐν</span> <span class='ocrx_word' id='word_1_792' title='bbox 3001 4745 3110 4815; x_wconf 81' lang='grc' dir='ltr'><strong>ὅσῳ</strong></span> <span class='ocrx_word' id='word_1_793' title='bbox 3171 4746 3227 4798; x_wconf 75' lang='grc' dir='ltr'>δὲ</span> <span class='ocrx_word' id='word_1_794' title='bbox 3291 4739 3433 4798; x_wconf 74' lang='grc' dir='ltr'>οὗτοι</span> <span class='ocrx_word' id='word_1_795' title='bbox 3498 4735 3753 4799; x_wconf 72' lang='grc' dir='ltr'>εἱστιῶντο</span> 
     </span>
    </p>
   </div>
   <div class='ocr_carea' id='block_1_109' title="bbox 2202 4823 3750 4912">
    <p class='ocr_par' dir='ltr' id='par_1_109' title="bbox 2202 4823 3750 4912">
     <span class='ocr_line' id='line_1_109' title="bbox 2202 4823 3750 4912; baseline -0.017 -11"><span class='ocrx_word' id='word_1_796' title='bbox 2202 4840 2355 4912; x_wconf 80' lang='grc' dir='ltr'>παρὰ</span> <span class='ocrx_word' id='word_1_797' title='bbox 2386 4843 2454 4912; x_wconf 81' lang='grc' dir='ltr'>τῇ</span> <span class='ocrx_word' id='word_1_798' title='bbox 2487 4840 2704 4909; x_wconf 74' lang='grc' dir='ltr'>γυναικὶ</span> <span class='ocrx_word' id='word_1_799' title='bbox 2726 4879 2738 4902; x_wconf 87' lang='grc'><strong>,</strong></span> <span class='ocrx_word' id='word_1_800' title='bbox 2801 4838 2910 4893; x_wconf 77' lang='grc' dir='ltr'><strong>τῶν</strong></span> <span class='ocrx_word' id='word_1_801' title='bbox 2943 4839 3150 4892; x_wconf 81' lang='grc' dir='ltr'>πιστῶν</span> <span class='ocrx_word' id='word_1_802' title='bbox 3201 4854 3346 4899; x_wconf 87' lang='grc' dir='ltr'>τινες</span> <span class='ocrx_word' id='word_1_803' title='bbox 3378 4834 3446 4889; x_wconf 76' lang='grc' dir='ltr'><strong>τὰ</strong></span> <span class='ocrx_word' id='word_1_804' title='bbox 3480 4833 3629 4902; x_wconf 72' lang='grc' dir='ltr'>τίμια</span> <span class='ocrx_word' id='word_1_805' title='bbox 3656 4823 3750 4878; x_wconf 80' lang='grc' dir='ltr'><strong>τῶν</strong></span> 
     </span>
    </p>
   </div>
   <div class='ocr_carea' id='block_1_110' title="bbox 2206 4915 3750 5005">
    <p class='ocr_par' dir='ltr' id='par_1_110' title="bbox 2206 4915 3750 5005">
     <span class='ocr_line' id='line_1_110' title="bbox 2206 4915 3750 5005; baseline -0.014 -14"><span class='ocrx_word' id='word_1_806' title='bbox 2206 4933 2496 5005; x_wconf 83' lang='grc' dir='ltr'>μαρτύρων</span> <span class='ocrx_word' id='word_1_807' title='bbox 2530 4930 2969 5001; x_wconf 81' lang='grc' dir='ltr'>ὑπολαμϐάνουσι</span> <span class='ocrx_word' id='word_1_808' title='bbox 2999 4930 3227 4998; x_wconf 66' lang='grc' dir='ltr'>λείψανα</span> <span class='ocrx_word' id='word_1_809' title='bbox 3262 4928 3354 4982; x_wconf 76' lang='grc' dir='ltr'>καὶ</span> <span class='ocrx_word' id='word_1_810' title='bbox 3388 4929 3444 4979; x_wconf 82' lang='grc' dir='ltr'>ὲν</span> <span class='ocrx_word' id='word_1_811' title='bbox 3476 4923 3555 4994; x_wconf 79' lang='grc' dir='ltr'>τῷ</span> <span class='ocrx_word' id='word_1_812' title='bbox 3580 4915 3750 4988; x_wconf 79' lang='grc' dir='ltr'>ἀφανεῖ</span> 
     </span>
    </p>
   </div>
   <div class='ocr_carea' id='block_1_111' title="bbox 2203 5009 3743 5095">
    <p class='ocr_par' dir='ltr' id='par_1_111' title="bbox 2203 5009 3743 5095">
     <span class='ocr_line' id='line_1_111' title="bbox 2203 5009 3743 5095; baseline -0.008 -15"><span class='ocrx_word' id='word_1_813' title='bbox 2203 5026 2602 5080; x_wconf 86' lang='grc' dir='ltr'>κατατίθενται.</span> <span class='ocrx_word' id='word_1_814' title='bbox 2638 5021 2787 5090; x_wconf 80' lang='grc' dir='ltr'>Εἶτα,</span> <span class='ocrx_word' id='word_1_815' title='bbox 2820 5024 2919 5095; x_wconf 88' lang='grc' dir='ltr'><strong>τῆς</strong></span> <span class='ocrx_word' id='word_1_816' title='bbox 2954 5022 3185 5093; x_wconf 77' lang='grc' dir='ltr'>εὐωχίας</span> <span class='ocrx_word' id='word_1_817' title='bbox 3218 5018 3557 5086; x_wconf 82' lang='grc' dir='ltr'>διαλυθείσης</span> <span class='ocrx_word' id='word_1_818' title='bbox 3579 5054 3592 5078; x_wconf 88' lang='grc'><strong>,</strong></span> <span class='ocrx_word' id='word_1_819' title='bbox 3648 5009 3743 5067; x_wconf 73' lang='grc' dir='ltr'>τοῖς</span> 
     </span>
    </p>
   </div>
   <div class='ocr_carea' id='block_1_112' title="bbox 2203 5098 3737 5190">
    <p class='ocr_par' dir='ltr' id='par_1_112' title="bbox 2203 5098 3737 5190">
     <span class='ocr_line' id='line_1_112' title="bbox 2203 5098 3737 5190; baseline -0.022 -5"><span class='ocrx_word' id='word_1_820' title='bbox 2203 5120 2415 5190; x_wconf 76' lang='grc' dir='ltr'>δημίοις</span> <span class='ocrx_word' id='word_1_821' title='bbox 2446 5118 2508 5171; x_wconf 78' lang='grc' dir='ltr'><strong>τὸ</strong></span> <span class='ocrx_word' id='word_1_822' title='bbox 2540 5118 2771 5188; x_wconf 83' lang='grc' dir='ltr'>πρᾶγμα</span> <span class='ocrx_word' id='word_1_823' title='bbox 2822 5114 3136 5186; x_wconf 77' lang='grc' dir='ltr'>φωράσασιν</span> <span class='ocrx_word' id='word_1_824' title='bbox 3170 5114 3261 5166; x_wconf 72' lang='grc' dir='ltr'><strong>ἐπὶ</strong></span> <span class='ocrx_word' id='word_1_825' title='bbox 3298 5112 3438 5183; x_wconf 82' lang='grc' dir='ltr'>μέγα</span> <span class='ocrx_word' id='word_1_826' title='bbox 3472 5108 3564 5162; x_wconf 73' lang='grc' dir='ltr'>καὶ</span> <span class='ocrx_word' id='word_1_827' title='bbox 3606 5098 3737 5190; x_wconf 55' lang='grc' dir='ltr'>πάλιν</span> 
     </span>
    </p>
   </div>
   <div class='ocr_carea' id='block_1_113' title="bbox 2205 5185 3741 5278">
    <p class='ocr_par' dir='ltr' id='par_1_113' title="bbox 2205 5185 3741 5278">
     <span class='ocr_line' id='line_1_113' title="bbox 2205 5185 3741 5278; baseline -0.011 -14"><span class='ocrx_word' id='word_1_828' title='bbox 2205 5212 2503 5264; x_wconf 86' lang='grc' dir='ltr'>ὰνεκινεῐτο</span> <span class='ocrx_word' id='word_1_829' title='bbox 2532 5209 2601 5262; x_wconf 87' lang='grc' dir='ltr'>τὰ</span> <span class='ocrx_word' id='word_1_830' title='bbox 2632 5207 2726 5261; x_wconf 84' lang='grc' dir='ltr'><strong>τοῦ</strong></span> <span class='ocrx_word' id='word_1_831' title='bbox 2761 5206 2931 5278; x_wconf 83' lang='grc' dir='ltr'>θυμοῦ</span> <span class='ocrx_word' id='word_1_832' title='bbox 2970 5206 3062 5259; x_wconf 65' lang='grc' dir='ltr'>καὶ</span> <span class='ocrx_word' id='word_1_833' title='bbox 3096 5204 3516 5276; x_wconf 77' lang='grc' dir='ltr'>διεθερμαίνετο·</span> <span class='ocrx_word' id='word_1_834' title='bbox 3551 5192 3666 5251; x_wconf 72' lang='grc' dir='ltr'>ἀλλὰ</span> <span class='ocrx_word' id='word_1_835' title='bbox 3688 5185 3741 5241; x_wconf 75' lang='grc' dir='ltr'>τδ</span> 
     </span>
    </p>
   </div>
   <div class='ocr_carea' id='block_1_114' title="bbox 2205 5278 3749 5372">
    <p class='ocr_par' dir='ltr' id='par_1_114' title="bbox 2205 5278 3749 5372">
     <span class='ocr_line' id='line_1_114' title="bbox 2205 5278 3749 5372; baseline -0.027 0"><span class='ocrx_word' id='word_1_836' title='bbox 2205 5302 2305 5371; x_wconf 65' lang='grc' dir='ltr'><strong>τῆς</strong></span> <span class='ocrx_word' id='word_1_837' title='bbox 2336 5301 2503 5372; x_wconf 76' lang='grc' dir='ltr'>ὀργῆς</span> <span class='ocrx_word' id='word_1_838' title='bbox 2536 5299 2654 5365; x_wconf 76' lang='grc' dir='ltr'>ζέον</span> <span class='ocrx_word' id='word_1_839' title='bbox 2694 5297 2763 5351; x_wconf 81' lang='grc' dir='ltr'>τὰ</span> <span class='ocrx_word' id='word_1_840' title='bbox 2795 5298 2943 5369; x_wconf 80' lang='grc' dir='ltr'>δῶρα</span> <span class='ocrx_word' id='word_1_841' title='bbox 2975 5295 3265 5364; x_wconf 71' lang='grc' dir='ltr'>κατέψυξε,</span> <span class='ocrx_word' id='word_1_842' title='bbox 3301 5291 3390 5347; x_wconf 68' lang='grc' dir='ltr'>καὶ</span> <span class='ocrx_word' id='word_1_843' title='bbox 3420 5289 3482 5342; x_wconf 86' lang='grc' dir='ltr'><strong>τὸ</strong></span> <span class='ocrx_word' id='word_1_844' title='bbox 3516 5287 3640 5340; x_wconf 77' lang='grc' dir='ltr'>πολὺ</span> <span class='ocrx_word' id='word_1_845' title='bbox 3668 5278 3749 5372; x_wconf 78' lang='grc' dir='ltr'><strong>τοῦ</strong></span> 
     </span>
    </p>
   </div>
   <div class='ocr_carea' id='block_1_115' title="bbox 2207 5369 3754 5462">
    <p class='ocr_par' dir='ltr' id='par_1_115' title="bbox 2207 5369 3754 5462">
     <span class='ocr_line' id='line_1_115' title="bbox 2207 5369 3754 5462; baseline -0.019 -11"><span class='ocrx_word' id='word_1_846' title='bbox 2207 5369 2380 5462; x_wconf 69' lang='grc' dir='ltr'>θνμοῦ</span> <span class='ocrx_word' id='word_1_847' title='bbox 2409 5369 2680 5462; x_wconf 73' lang='grc' dir='ltr'>χρήμασιν</span> <span class='ocrx_word' id='word_1_848' title='bbox 2713 5390 2746 5461; x_wconf 78' lang='grc' dir='ltr'>ἡ</span> <span class='ocrx_word' id='word_1_849' title='bbox 2780 5387 2916 5458; x_wconf 83' lang='grc' dir='ltr'>γυνὴ</span> <span class='ocrx_word' id='word_1_850' title='bbox 2951 5385 3232 5457; x_wconf 82' lang='grc' dir='ltr'>παραλύει.</span> <span class='ocrx_word' id='word_1_851' title='bbox 3286 5379 3564 5437; x_wconf 83' lang='grc' dir='ltr'>Κάκείνων</span> <span class='ocrx_word' id='word_1_852' title='bbox 3608 5369 3754 5426; x_wconf 61' lang='lat' dir='ltr'><strong>dna).-</strong></span> 
     </span>
    </p>
   </div>
   <div class='ocr_carea' id='block_1_116' title="bbox 2208 5470 3757 5552">
    <p class='ocr_par' dir='ltr' id='par_1_116' title="bbox 2208 5470 3757 5552">
     <span class='ocr_line' id='line_1_116' title="bbox 2208 5470 3757 5552; baseline -0.009 -15"><span class='ocrx_word' id='word_1_853' title='bbox 2208 5484 2496 5551; x_wconf 78' lang='grc' dir='ltr'>λαγέντων,</span> <span class='ocrx_word' id='word_1_854' title='bbox 2533 5481 2589 5535; x_wconf 77' lang='grc' dir='ltr'>ἐν</span> <span class='ocrx_word' id='word_1_855' title='bbox 2620 5499 2725 5534; x_wconf 87' lang='grc' dir='ltr'>τινι</span> <span class='ocrx_word' id='word_1_856' title='bbox 2756 5480 2825 5534; x_wconf 75' lang='grc' dir='ltr'>τὰ</span> <span class='ocrx_word' id='word_1_857' title='bbox 2875 5479 2983 5533; x_wconf 81' lang='grc' dir='ltr'><strong>τῶν</strong></span> <span class='ocrx_word' id='word_1_858' title='bbox 3020 5478 3311 5552; x_wconf 82' lang='grc' dir='ltr'>μαρτύρων</span> <span class='ocrx_word' id='word_1_859' title='bbox 3352 5473 3575 5542; x_wconf 67' lang='grc' dir='ltr'>λείψανα</span> <span class='ocrx_word' id='word_1_860' title='bbox 3607 5470 3637 5537; x_wconf 78' lang='grc' dir='ltr'><strong>ἡ</strong></span> <span class='ocrx_word' id='word_1_861' title='bbox 3672 5481 3757 5535; x_wconf 79' lang='grc' dir='ltr'>μα-</span> 
     </span>
    </p>
   </div>
   <div class='ocr_carea' id='block_1_117' title="bbox 2211 5552 3755 5645">
    <p class='ocr_par' dir='ltr' id='par_1_117' title="bbox 2211 5552 3755 5645">
     <span class='ocr_line' id='line_1_117' title="bbox 2211 5552 3755 5645; baseline -0.016 -17"><span class='ocrx_word' id='word_1_862' title='bbox 2211 5572 2373 5645; x_wconf 85' lang='grc' dir='ltr'>καρία</span> <span class='ocrx_word' id='word_1_863' title='bbox 2407 5570 2658 5624; x_wconf 82' lang='grc' dir='ltr'>Κατούλα</span> <span class='ocrx_word' id='word_1_864' title='bbox 2713 5569 2987 5640; x_wconf 79' lang='grc' dir='ltr'>δομήματι</span> <span class='ocrx_word' id='word_1_865' title='bbox 3040 5568 3377 5638; x_wconf 80' lang='grc' dir='ltr'>κατατίθησι,</span> <span class='ocrx_word' id='word_1_866' title='bbox 3431 5560 3619 5633; x_wconf 79' lang='grc' dir='ltr'>τρίτην</span> <span class='ocrx_word' id='word_1_867' title='bbox 3668 5552 3755 5606; x_wconf 71' lang='grc' dir='ltr'><strong>τοῦ</strong></span> 
     </span>
    </p>
   </div>
  </div>
