4110 6436
368 334 518 443 ’ῐοω

1623 372 1796 433 VITA
1841 370 1903 432 S.
1942 368 2256 430 ANDRON
2268 367 2388 427 [ΕΙ.

3499 361 3651 426 1Ο5οῖ

378 483 677 554 ὀκτωερῐου
728 481 899 555 μηνὸς
947 480 1191 550 ἄγοντος.
1247 479 1373 534 Τῶν
1419 479 1477 532 δὲ
1527 479 1824 549 θαυμάτων
1866 475 1954 533 οἶά
1982 488 2012 542 Α

2093 478 2160 542 it,
2211 486 2267 532 et
2315 472 2706 530 convenientes
2746 471 3029 529 christiani
3078 471 3337 544 templum
3384 471 3639 542 gloriosis

376 595 518 640 τινος
569 577 753 645 πηγῆς
790 574 930 644 ὁμοῦ
983 574 1218 644 ναούσης
1260 573 1355 626 καὶ
1403 572 1655 643 ἥδιστον,
1698 572 1950 641 ἀφθόνως

380 670 799 741 προχεομένων,
856 668 918 721 οὐ
978 667 1113 720 πολὺ
1165 664 1227 718 τὸ
1275 667 1334 719 ἐν
1398 664 1550 735 μέσῳ
1602 665 1952 728 συνελθόντες

375 760 699 834 Χριστιανοὶ
737 760 863 814 ναὸν
900 760 1014 823 τοῖς
1052 742 1384 820 καλλινίκοις
1433 757 1778 828 ἀνεγείρουσι
1802 798 1816 819 ,
1859 755 1954 810 καὶ

377 855 449 908 τὰ
485 854 645 923 τίμια.
677 853 885 907 τούτων
920 853 979 906 ὲν
1016 849 1167 920 αὑτῷ
1206 848 1532 903 ἀποτιθὲασι
1580 848 1845 916 ludam:
1874 847 1957 909 sl;

2055 570 2295 626 excitant
2328 566 2646 628 victoribus,
2703 576 2756 620 et
2784 563 2835 617 in
2869 563 2986 634 ipso
3014 579 3200 618 eorum
3246 564 3516 633 pretiosas
3543 565 3637 614 de-

2059 671 2268 732 ponunt
2294 660 2547 730 reliquias
2572 676 2587 714 :
2616 659 2681 712 ad
2704 658 2930 729 gloriam
2971 657 3063 711 Dei
3102 657 3304 722 Patris,
3336 667 3390 712 et
3420 656 3633 711 Domini

2062 753 2235 810 nostri
2261 752 2387 807 .lesu
2415 751 2615 805 Christi
2646 766 2661 803 :
2696 765 2856 818 quem
2894 732 3050 804 decet
3076 748 3255 802 honor
3289 757 3340 802 et
3368 748 3653 810 adoratio,.

2063 861 2205 901 nunc
2232 854 2284 898 et
2311 858 2547 913 semper,
2578 852 2632 897 et
2665 842 2715 895 in
2748 843 2958 908 sarcula.
2979 841 3329 897 saeculorum.
3356 840 3547 894 Amen.

376 949 540 1014 δόξαν
580 949 718 1003 Θεοῦ
760 948 1013 1019 Πατρδς,
1074 949 1173 1000 καὶ
1226 947 1435 1017 Κυρίου
1470 944 1630 1015 ήμῶν
1682 942 1858 1015 Ἰησοῦ
1909 939 2193 1014 Χριστοῦ,
2255 933 2300 1010 ᾧ
2339 942 2541 1012 πρέπει
2598 939 2737 1013 τιμὴ
2791 941 2885 994 καὶ
2951 937 3326 1010 προσκύνησις
3376 937 3456 1002 εἰς
3510 935 3655 1000 τοὺς·

378 1042 606 1108 αἰῶνας.
655 1045 850 1114 Ἀμήν.

392 1183 3613 1228 W

1048 1350 1511 1527 VlTA
1612 1370 1770 1526 S.
1935 1368 2988 1525 ANDRONIGI

1304 1661 1482 1771 ET
1561 1659 1902 1776 EJUS
1966 1657 2720 1773 ’CONJUGIS.

390 1884 559 1949 (Apud
597 1882 797 1935 Surium
850 1881 912 1932 ad
949 1878 1083 1930 diem
1121 1880 1181 1930 27
1222 1880 1515 1949 februarjii
1542 1879 1711 1949 Graece
1738 1889 1837 1949 non
1886 1875 2138 1949 eastat_i.n
2177 1889 2297 1948 mss.
2334 1875 2491 1949 faris.
2513 1888 2561 1949 :n
2575 1875 3043 1949 spelthll‘andtanl
3084 1875 3243 1928 Vitam
3270 1878 3352 1927 ηε.
3386 1873 3649 1928 Andronici

1215 1915 2856 2001 (Ξτῖἔὲἴὲϊἰέιὶἷὲἒίῐῶειῖῐῖἷὡέιιὶἕῖἕὶιᾰᾶἰέἶὶἶθδὲίὸδῖἔῖ

464 2274 508 2331 1.
549 2273 611 2329 in
639 2273 833 2329 diebus
871 2268 1165 2327 Theodosii
1218 2268 1394 2342 Magni
1442 2270 1808 2342 imperatoris,
1858 2283 1977 2329 erat
2000 2278 2053 2338 Α
2078 2274 2343 2352 usquead
2375 2275 2564 2329 horam
2597 2280 2806 2329 sextam
2836 2289 2850 2328 :
2894 2282 2949 2329 et
2992 2288 3272 2340 reversus,
3308 2275 3460 2330 audit
3487 2276 3656 2345 eiula-

392 2365 453 2421 in
481 2378 675 2436 magna
727 2363 863 2418 urbe
910 2361 1201 2418 Antiochia
1250 2361 1469 2430 juvenis
1516 2362 1735 2432 quidam
1778 2380 1975 2437 argen-

394 2455 591 2523 tarius,
618 2454 840 2509 nomine
870 2452 1235 2508 Andronicus.
1274 2453 1501 2521 Accepit
1539 2463 1720 2508 autem
1749 2471 1974 2510 uxorem

396 2538 564 2602 ﬁliam
592 2545 906 2617 argentarii,
951 2544 1174 2598 nomine
1222 2542 1473 2598 Joannis.
1522 2544 1654 2599 Erat
1690 2561 1819 2600 vero
1857 2546 1978 2615 ejus

395 2655 602 2697 nomen
639 2637 956 2694 Athanasia.
993 2638 1118 2690 Erat
1153 2634 1299 2691 enim
1329 2652 1516 2690 revera
1556 2637 1877 2701 Athanasia,
1923 2639 1976 2694 id

2078 2375 2192 2422 tum
2238 2376 2293 2423 et
2337 2366 2652 2431 tumultum,
2704 2366 2797 2434 qui
2830 2364 3000 2419 ﬁebat
3040 2365 3184 2419 domi
3222 2381 3354 2419 suae.
3399 2365 3491 2422 Ille
3530 2383 3659 2423 vero

2078 2460 2434 2513 conturbatus
2470 2457 2733 2518 cucurrit.
2764 2467 2819 2510 et
2862 2457 3068 2510 invenit
3109 2473 3327 2512 onmem
3378 2459 3494 2513 fere
3528 2461 3663 2515 civi-

2079 2556 2246 2604 tatem
2276 2549 2422 2605 domi
2447 2565 2559 2603 sua:
2586 2559 2641 2604 et
2673 2565 2872 2619 pueros
2901 2560 3165 2605 mortuos.

2149 2638 2241 2695 lll.
2302 2640 2549 2710 Cumque
2614 2640 2844 2697 vidisset
2898 2643 3135 2698 infantes
3193 2644 3246 2698 in
3297 2647 3439 2709 lecto
3498 2645 3665 2700 simul

296 2726 309 2733 ’
397 2741 504 2800 est,
535 2730 882 2795 immortalis,
898 2740 953 2784 et
976 2729 1155 2793 factis,
1174 2736 1230 2782 et
1256 2729 1604 2798 cogitatione.
1638 2731 1767 2785 Erat
1796 2740 1979 2785 autem
2076 2732 2342 2803 jacentés,
2380 2732 2658 2803 ingressus
2691 2733 2743 2787 in
2778 2749 2935 2787 suum
2969 2732 3302 2797 oratorium’,
3338 2751 3397 2791 se
3437 2736 3666 2806 projecit

398 2822 748 2878 Andronicus
775 2821 934 2875 valde
980 2821 1124 2890 pius,
1176 2827 1232 2874 et
1271 2820 1467 2890 plenus
1502 2820 1661 2875 bonis
1701 2822 1977 2891 operibus.

401 2914 668 2971 Similiter
722 2928 853 2968 vero
904 2912 1027 2983 ejus
1080 2927 1300 2982 quoque
1359 2927 1543 2966 uxor:
1602 2923 1763 2967 erant
1800 2922 1980 2968 autem

399 3005 557 3061 valde
589 3004 802 3061 divites.
837 3003 929 3059 Sic
955 3019 1087 3059 vero
1123 3004 1283 3058 vitam
1326 3019 1477 3058 suam
1516 3005 1749 3074 agebant
1788 3020 1986 3074 argen-

403 3097 617 3163 tariam,
640 3106 695 3152 et
720 3096 1006 3151 facultates
1041 3111 1167 3151 suas
1193 3096 1499 3150 diviserunt
1530 3099 1583 3149 in
1622 3106 1733 3151 tres
1764 3107 1982 3165 partes:

404 3205 566 3247 unam
601 3189 819 3260 quidem
864 3172 921 3243 in
955 3188 1225 3243 rationem
1267 3204 1594 3258 pauperum,
1626 3197 1681 3244 et
1713 3190 1871 3243 aliam
1928 3190 1987 3244 in

402 3283 675 3340 rationem
697 3280 1114 3343 monachorum,
1148 3289 1203 3334 et
1223 3280 1383 3334 aliam
1423 3279 1480 3334 in
1514 3282 1779 3335 rationem
1814 3281 1988 3335 facul-

404 3383 579 3433 tatum
608 3383 664 3429 et
693 3373 943 3429 ollleiute.
992 3370 1261 3428 Universa
1305 3380 1486 3426 autem
1527 3372 1720 3427 civitas
1770 3373 1990 3428 amabat

402 3466 689 3523 dominum
714 3464 1089 3520 Andronicum
1123 3472 1348 3534 propter
1381 3464 1500 3532 ejus
1531 3464 1877 3519 modestiam.

473 3558 545 3615 ll.
582 3556 853 3630 COguovit
883 3565 1066 3612 autem
1105 3571 1260 3611 suam
1295 3572 1558 3623 uxorem;
1591 3564 1648 3610 et
1684 3572 1806 3610 cum
1853 3572 1988 3612 con-

404 3620 694 3723 cepisset:
738 3649 953 3719 peperit
1004 3648 1212 3714 lilium,
1274 3656 1329 3703 et
1380 3620 1806 3703 nominaverunt
1861 3663 1987 3702 eum
2018 3620 2066 3681 Β

402 3742 694 3799 Joannem.
723 3740 859 3797 Cum
910 3756 1044 3795 vero
1090 3741 1270 3795 adhuc
1318 3738 1374 3792 in
1409 3748 1565 3793 utero
1618 3737 1986 3809 concepisset,

405 3832 620 3905 peperit
651 3831 837 3897 filiam,
888 3839 944 3887 et
988 3829 1294 3886 nominavit
1336 3845 1457 3885 eam
1512 3827 1758 3894 Mariam,
1812 3843 1991 3897 neque

406 3922 646 3993 amplius
679 3920 1143 3994 apprOpinquavit
1194 3918 1351 3974 uxori
1378 3919 1747 3974 Andronicus.
1788 3917 1991 3972 Confe-

407 4017 564 4071 Iebat
593 4023 774 4069 autem
805 4027 966 4069 suum
1000 4012 1238 4067 studium
1262 4011 1327 4065 ad
1352 4009 1644 4080 diligenter
1666 4019 1719 4064 et
1741 4008 1993 4063 lubenter

409 4100 796 4171 laborandum,
823 4119 948 4160 cum
983 4103 1105 4158 aliis
1137 4102 1339 4157 Christi
1389 4101 1697 4156 amantibus
1740 4108 1993 4172 argenta-

412 4198 532 4253 riis.
589 4196 875 4252 Dominico
926 4204 983 4250 et
1029 4195 1118 4249 die
1170 4193 1415 4250 secundo
1468 4201 1525 4247 et
1574 4201 1770 4262 quarto
1830 4200 1885 4246 et
1937 4192 1993 4245 in

410 4288 745 4355 Parasccve,
800 4303 831 4342 a
871 4302 1097 4358 vespera
1149 4301 1319 4356 usque
1383 4286 1451 4340 ad
1502 4286 1828 4339 matutinum
1882 4282 1997 4337 ibat

409 4382 761 4459 Andronicus
788 4381 855 4436 ad
893 4379 1153 4435 lavandos
1195 4380 1343 4433 viros
1384 4393 1516 4433 suos
1566 4377 1787 4432 lratres.
1833 4377 1995 4430 Simi-

413 4471 543 4527 liter
593 4482 776 4527 autem
833 4472 953 4541 ejus
1004 4484 1222 4538 quoque
1268 4485 1405 4523 uxor
1451 4468 1519 4523 ad
1560 4468 1820 4522 lavaudas
1869 4468 1998 4522 dilim

415 4573 608 4634 genter
665 4563 946 4619 mulieres.
1019 4561 1149 4616 Post
1210 4571 1426 4631 tempus
1499 4576 1631 4616 vero
1703 4560 1995 4615 duodecim

414 4669 710 4719 annorum,
752 4654 997 4725 ingressa
1045 4661 1129 4709 est
1174 4653 1409 4723 quodam
1442 4652 1531 4707 die
1575 4668 1735 4707 mane
1775 4654 1996 4707 domina

415 4745 713 4803 Athanasia
740 4764 771 4800 a
801 4744 1105 4801 voluntario
1138 4744 1230 4799 illo
1259 4744 1444 4799 labore
1479 4744 1543 4799 ad
1578 4744 1839 4797 videndos
1869 4758 1997 4797 suos

418 4836 579 4902 filios,
612 4844 669 4890 et
693 4834 903 4889 invenit
934 4848 1027 4889 eos
1050 4833 1408 4903 suspirantes.
1438 4832 1528 4886 Illa
1555 4838 1736 4886 autem
1775 4842 2000 4886 contur-

2081 2834 2208 2880 ante
2249 2823 2620 2890 Servatorem,
2654 2831 2708 2877 et
2741 2824 2877 2879 flens
2920 2825 3094 2880 dixit‘
3128 2843 3140 2878 :
3188 2844 3206 2877 ι
3243 2827 3364 2896 Ipse
3415 2843 3673 2898 egressus

2084 2933 2203 2971 sum
2246 2916 2425 2970 nudus
2459 2931 2522 2969 ex
2578 2926 2732 2970 utero
2778 2916 2970 2971 matris
3016 2933 3171 2982 mem,
3220 2920 3400 2973 nudus
3452 2935 3668 2988 quoque

2086 3011 2212 3065 illuc
2244 3022 2508 3083 revertar.
2557 3010 2821 3064 Dominus
2857 3011 3029 3074 dedit,
3083 3011 3349 3066 Dominus
3401 3013 3666 3067 abstulit:

2086 3105 2228 3159 sicut
2279 3101 2510 3155 Domino
2543 3103 2723 3157 visum
2773 3110 2878 3168 est,
2929 3105 3000 3157 ita
3054 3102 3166 3158 fiat.
3207 3103 3289 3157 Sit
3328 3121 3527 3159 nomen
3570 3104 3674 3157 Do-

2088 3194 2222 3250 mini
2254 3193 2603 3249 benedictum
2669 3209 2734 3247 ex
2777 3194 2881 3250 hoc
2912 3210 3061 3249 nunc
3101 3204 3154 3250 et
3194 3211 3367 3266 usque
3419 3197 3472 3250 in
3505 3212 3674 3251 saccu-

2090 3288 2227 3342 lum.
2276 3304 2295 3337 ι
2331 3284 2485 3340 Uxor
2542 3296 2726 3340 autem
2772 3287 2891 3357 ejus
2927 3288 3203 3356 qumrebat
3262 3304 3322 3342 se
3384 3288 3670 3351 Selloeare,

2090 3380 2321 3434 dicens:
2380 3377 2583 3432 Moriar
2624 3395 2749 3433 cum
2809 3380 2944 3433 meis
2999 3379 3146 3433 filiis.
3218 3378 3485 3433 Convenit
3545 3394 3675 3434 vero

2091 3472 2348 3526 universa
2375 3471 2568 3525 civitas
2599 3470 2666 3524 ad
2697 3470 3010 3524 eﬂerendos
3044 3486 3266 3540 pueros,
3296 3472 3432 3525 adeo
3464 3482 3521 3525 ut
3565 3471 3675 3526 illic

2094 3571 2238 3618 esset
2299 3563 2605 3631 patriarcha
2658 3576 2780 3614 cum
2842 3571 2953 3615 toto
3007 3560 3157 3615 clero
3208 3579 3326 3614 suo.
3386 3561 3489 3617 Eos
3547 3579 3674 3617 vero

2092 3648 2468 3716 deposuerunt
2511 3649 2563 3700 in
2597 3648 2855 3717 martyrio
2892 3648 3061 3701 sancti
3094 3648 3291 3703 Juliani
3333 3666 3498 3720 supra
3543 3667 3677 3707 avos

2093 3756 2242 3796 suos.
2273 3739 2562 3810 Accipiens
2585 3748 2765 3794 autem
2794 3740 3011 3793 beatum
3055 3742 3424 3796 Andronicum
3463 3745 3676 3812 episco-

2095 3848 2216 3903 pus.
2256 3833 2531 3902 ingressus
2562 3831 2727 3885 estin
2761 3832 2904 3886 aedes
2951 3832 3090 3901 ejus.
3129 3832 3279 3887 Illius
3320 3843 3501 3889 autem
3540 3851 3678 3893 uxor

2093 3925 2270 3979 noluit
2321 3923 2473 3977 abire
2535 3922 2589 3977 in
2643 3923 2865 3977 domum
2924 3938 3116 3989 suam,
3182 3924 3277 3979 sed
3340 3925 3563 3981 dormiit
3623 3929 3677 3981 in

2095 4016 2371 4087 martyrio.
2409 4014 2583 4069 Media
2632 4032 2760 4069 vero
2814 4025 2975 4070 nocte
3023 4028 3249 4088 apparet
3293 4019 3341 4073 ei
3387 4029 3590 4092 martyr
3621 4018 3676 4073 in

2098 4108 2286 4163 habitu
2321 4106 2600 4174 monachi,
2634 4107 2824 4162 dicens
2858 4107 2906 4161 ei
2938 4107 3085 4162 :Cur
3120 4124 3228 4162 non
3262 4109 3395 4164 sinis
3435 4125 3550 4171 eos,
3582 4112 3676 4180 qui

2098 4200 2188 4254 hic
2225 4207 2374 4265 sunt,
2426 4198 2809 4269 requiescere?
2861 4198 2955 4253 llla
2998 4206 3182 4253 autem
3226 4200 3402 4254 dixit:
3451 4199 3681 4256 Domino

2098 4291 2193 4355 mi,
2250 4305 2316 4345 ne
2368 4289 2499 4344 mihi
2558 4289 2833 4355 irast-aris,
2892 4306 3020 4344 nam
3079 4307 3197 4346 sum
3252 4292 3407 4345 valde
3459 4293 3679 4347 alllicta.

2098 4381 2371 4436 Habebam
2403 4388 2586 4435 aufem
2625 4381 2763 4435 duos
2794 4381 2939 4436 solos
2973 4381 3140 4447 filios,
3182 4393 3236 4436 et
3287 4381 3447 4437 hodie
3492 4383 3683 4438 ambos

2099 4472 2258 4527 simul
2291 4472 2480 4527 extuli.
2515 4471 2608 4526 llle
2644 4488 2770 4526 vero
2795 4472 2964 4527 dicit:
2999 4473 3141 4538 Quot
3168 4489 3342 4527 annos
3386 4474 3493 4526 uati
3528 4486 3685 4529 erant

2102 4563 2177 4616 tui
2216 4561 2408 4631 pueri?
2439 4560 2530 4613 Illa
2577 4575 2705 4614 vero
2749 4561 2882 4614 dicit
2916 4560 2965 4614 ei
3001 4578 3014 4613 :
3049 4561 3204 4616 Unus
3234 4570 3350 4615 erat
3393 4563 3679 4617 duodecim

2099 4669 2273 4708 annos
2310 4663 2490 4715 natus,
2552 4652 2694 4704 alter
2746 4666 2875 4704 vero
2911 4651 3121 4705 decem.
3180 4652 3273 4705 llle
3318 4662 3500 4706 autem
3552 4653 3686 4710 dicit

2102 4745 2154 4801 ei
2188 4743 2336 4802 :Cur
2370 4743 2534 4814 igitur
2578 4741 2698 4797 illos
2729 4742 2932 4797 deﬂes?
2965 4742 3183 4798 Utinam
3208 4743 3437 4798 deﬂeres
3460 4753 3685 4813 peccata

2103 4848 2213 4893 tua.
2248 4838 2378 4891 Dico
2408 4837 2554 4891 enim
2591 4836 2707 4902 tibi,
2744 4836 2957 4899 mulier,
2991 4838 3134 4905 quod
3179 4838 3452 4906 quomodo
3489 4845 3683 4890 natura

419 4929 549 4984 beta
613 4927 864 4983 ascendit
893 4925 950 4979 in
996 4925 1198 4981 lectum
1250 4940 1436 4990 suum,
1480 4932 1535 4978 et
1581 4924 1760 4992 posuit
1810 4925 1999 4979 ambos
2026 4960 2072 5022 ε
2103 4930 2341 4985 hominis
2370 4928 2538 4999 exigit
2581 4928 2783 4992 cibum,
2827 4936 2882 4982 et
2925 4927 3043 4982 fieri
3075 4943 3184 4982 non
3237 4934 3439 4998 potest,
3477 4936 3535 4981 ut
3572 4943 3683 4981 non

419 5034 587 5091 supra
628 5026 821 5091 pectus
864 5032 1047 5073 suum.
1097 5018 1298 5072 Beatus
1348 5032 1481 5072 vero
1520 5015 1868 5071 Andronicus
1914 5015 2002 5068 iu-

421 5126 673 5184 gressus,
728 5109 899 5180 coepit
951 5110 1187 5164 clamare
1238 5112 1294 5162 in
1341 5122 1565 5163 uxorem
1605 5122 1801 5174 suam,
1855 5106 2003 5177 quod

421 5205 656 5260 multum
697 5203 984 5259 dormiret.
1034 5201 1129 5257 llla
1173 5210 1357 5256 autem
1413 5200 1597 5256 dixit:
1647 5199 1768 5256 Noli
1817 5200 2003 5267 irasci,

421 5299 645 5354 domine
674 5297 771 5363 mi,
798 5295 976 5366 'pueri
1020 5296 1169 5350 enim
1219 5304 1347 5349 sunt
1393 5293 1609 5348 infirma
1645 5293 1956 5349 valetudine
1990 5309 2005 5346 :

422 5399 483 5446 et
522 5405 649 5444 cum
692 5390 983 5460 tetigisset,
1041 5389 1252 5443 invenit
1300 5401 1395 5442 eos
1430 5386 1605 5441 teneri
1654 5402 1685 5440 a
1734 5386 1908 5449 febre,
1952 5392 2008 5440 et

421 5478 561 5533 dicit
598 5478 883 5549 suspirans
914 5494 931 5532 :
969 5476 1089 5532 Fiat
1130 5477 1387 5532 voluntas
1432 5477 1524 5531 Dei
1560 5493 1573 5529 :
1611 5484 1667 5531 et
1700 5475 1803 5531 ivit
1847 5485 2004 5531 extra

422 5570 724 5635 civitatem,
755 5571 825 5626 ad
873 5570 1209 5641 precandum
1256 5578 1512 5626 sanctum
1554 5566 1851 5623 lulianum.
1891 5560 2008 5624 illic

425 5662 573 5718 enim
626 5665 879 5733 jacebant
938 5665 1059 5734 ejus
1115 5671 1391 5736 parentes.
1452 5660 1581 5716 Fuit
1644 5670 1825 5716 autem
1896 5659 2006 5716 illic

498 5804 517 5837 ⁸
547 5801 651 5860 Job
682 5820 720 5869 ι,
753 5802 846 5858 21.

2104 5022 2264 5077 detur
2286 5021 2355 5076 ad
2387 5019 2806 5085 comedendum,
2856 5019 2929 5073 ita
2960 5019 3126 5073 etiam
3166 5019 3322 5089 pueri
3367 5022 3420 5073 in
3469 5020 3558 5073 illo
3596 5019 3689 5075 die

2106 5121 2344 5184 poscunt
2390 5127 2421 5165 a
2471 5111 2693 5165 Christo
2743 5111 2885 5165 bona
2936 5110 3138 5174 futura,
3196 5111 3489 5165 dicentes:
3534 5108 3688 5166 .luste

2107 5204 2303 5268 Judex,
2347 5203 2572 5273 privasti
2599 5218 2700 5258 nos
2744 5203 2905 5257 rebus
2956 5201 3211 5268 terrenis,
3257 5218 3327 5257 ne
3372 5218 3470 5257 nos
3520 5202 3687 5255 etiam

2109 5297 2292 5368 privcs
2332 5295 2670 5351 coelestibus.
2707 5293 2801 5350 llla
2841 5303 3022 5349 autem
3063 5311 3186 5348 cum
3244 5294 3562 5357 audivisset,
3605 5302 3691 5347 est

2114 5398 2462 5460 compuncta,
2494 5397 2547 5443 et
2578 5389 2807 5443 mutavit
2834 5388 3036 5443 luctum
3065 5389 3116 5440 in
3149 5388 3429 5458 gaudium,
3466 5387 3690 5440 dicens:

2116 5481 2169 5537 Si
2196 5497 2324 5553 ergo
2356 5481 2545 5537 vivunt
2570 5480 2665 5537 filii
2689 5481 2795 5537 mei
2832 5482 2885 5535 in
2917 5480 3079 5543 coelo,
3113 5480 3242 5549 quid
3288 5479 3427 5535 fleo?
3455 5490 3507 5534 et
3556 5493 3691 5533 con-

2115 5586 2295 5638 versa,
2347 5572 2563 5642 quazsiit
2606 5572 2854 5628 abbatem
2910 5573 3000 5644 qui
3047 5572 3093 5626 ei
3138 5571 3317 5626 fuerat
3365 5571 3598 5633 locutus,
3641 5578 3696 5622 et

2116 5677 2237 5716 cum
2278 5670 2445 5717 totum
2482 5663 2658 5720 locum
2689 5663 2932 5730 obiisset,
2963 5677 3072 5718 non
3101 5662 3324 5718 invenit.
3358 5662 3420 5716 Et
3445 5659 3693 5715 sciscitao

3002 5766 3027 5781 ..ε
