4110 6438
578 386 715 452 1051

1870 385 2104 448 MENSI
2117 385 2157 445 S
2194 381 2562 446 OCTOBER.

3683 394 3800 460 1052

580 516 669 559 tur
720 517 752 556 a
803 500 1063 570 ianitore,
1123 498 1356 554 dicens:
1409 497 1511 554 Ubi
1547 508 1632 553 est
1677 497 1869 561 abbas,
1930 496 2021 566 qui
2083 503 2168 550 est
2195 502 2244 559 Α
2271 495 2503 549 invicem
2545 493 2873 548 salutassent
2919 500 2974 547 et
3013 493 3280 563 complexi
3323 493 3565 564 fuissent,
3608 501 3803 562 fuerunt

574 593 739 650 modo
772 594 878 647 huc
900 590 1211 662 ingressus?
1237 590 1376 644 Dicit
1404 591 1454 643 ei
1492 589 1694 657 janitor
1720 606 1736 644 :
1768 588 1928 643 Vides
1964 602 2155 642 omnes

571 684 767 753 januas
791 683 1093 745 obseratas,
1124 688 1179 734 et
1212 679 1351 733 dicis
1379 698 1392 735 :
1420 677 1521 733 Ubi
1563 678 1833 733 estabbas
1867 678 1957 747 qui
1993 676 2157 731 modo

572 786 660 833 est
690 777 796 830 huc
824 772 1142 843 ingressus?
1175 770 1306 825 Eam
1354 782 1535 825 autem
1589 770 1790 825 erudiit
1835 785 2154 838 paramona-

577 871 712 932 rius,
744 876 803 921 ut
845 866 935 936 qui
990 864 1246 919 scivisset
1286 879 1405 917 eam
1462 864 1663 917 vidisse
1722 862 2011 916 visionem.
2062 859 2159 913 Illa

568 975 729 1025 vero,
766 967 912 1012 metu
949 965 1224 1024 correpta,
1278 954 1487 1023 rogavit
1525 962 1585 1007 ut
1614 953 1790 1007 abiret
1836 953 1889 1005 in
1930 951 2155 1005 domum

575 1066 756 1107 suam.
782 1052 910 1104 Eam
955 1064 1085 1103 vero
1121 1048 1336 1116 accepit
1373 1047 1603 1114 janitor,
1650 1056 1705 1101 et
1751 1045 2056 1100 introduxit
2101 1043 2155 1097 in

567 1141 798 1198 domum
850 1155 1026 1207 suam,
1081 1149 1139 1195 et
1189 1139 1432 1194 narravit
1492 1138 1689 1193 marito
1743 1152 1846 1192 suo
1905 1151 1970 1191 ea
2037 1151 2159 1206 quae

573 1234 805 1291 viderat.
1286 1266 1293 1275 σ

644 1323 737 1380 ιν.
778 1322 935 1378 Tunc
998 1322 1132 1378 dicit
1182 1320 1232 1376 ei
1284 1320 1443 1375 beata
1509 1320 1799 1375 Athanasia
1845 1336 1859 1372 :
1923 1318 2157 1383 Revera,

575 1415 818 1474 domine,
870 1412 1033 1467 etiam
1090 1410 1404 1464 viventibus
1453 1409 1580 1464 Iiliis
1638 1409 1780 1465 volui
1832 1408 2041 1473 dicere,
2104 1418 2161 1463 et

570 1504 794 1561 erubui.
828 1503 962 1557 Ecce
993 1516 1123 1572 ergo
1153 1502 1315 1554 etiam
1354 1509 1474 1569 post
1520 1509 1752 1553 mortem
1802 1513 1992 1553 eorum
2035 1497 2160 1552 dico

576 1597 677 1653 tibi
706 1615 719 1649 ι
748 1596 804 1649 Si
857 1610 943 1648 me
989 1594 1202 1655 audias,
1234 1592 1500 1660 conjicies
1533 1606 1619 1644 me
1652 1591 1705 1644 in
1741 1589 2156 1655 monasterium,

573 1698 630 1744 et
657 1684 866 1743 deflebo
899 1692 1121 1754 peccata
1182 1698 1325 1736 mea.
1384 1680 1451 1736 Et
1491 1681 1623 1735 dicit
1678 1682 1727 1735 ei
1761 1696 1781 1736 :
1834 1681 1960 1747 Abi,
1989 1681 2160 1752 proba

576 1786 723 1832 tuam
755 1775 1143 1846 cogitationem
1177 1788 1281 1827 una
1317 1775 1691 1837 hebdomada,
1728 1781 1784 1828 et
1826 1773 1869 1827 si
1905 1788 2161 1841 perinan-

566 1868 712 1924 seris
741 1868 795 1921 in
825 1843 928 1921 hoc
958 1865 1264 1935 proposito,
1299 1867 1609 1933 loquemur.
1661 1865 1751 1918 Illa
1797 1874 1979 1919 autem
2031 1881 2157 1920 cum
2195 1843 2238 1901 Β

572 1975 763 2015 rursus
802 1960 1059 2020 venisset,
1101 1958 1247 2012 idem
1285 1957 1442 2011 dixit.
1483 1957 1682 2011 Beatus
1726 1973 1857 2010 vero
1886 1957 2163 2011 Androni.

568 2067 672 2109 cus
700 2051 930 2106 accersit
956 2065 1208 2105 socerum
1240 2064 1425 2112 suum,
1458 2057 1513 2102 et
1542 2047 1589 2101 ei
1623 2048 1787 2102 tradit
1815 2065 2005 2102 omnes
2035 2065 2161 2104 soas

572 2143 881 2201 facultates.
921 2141 1157 2195 dicens:
1218 2140 1299 2195 Ad
1350 2149 1538 2193 sancta
1584 2140 1699 2194 loca
1759 2141 2160 2210 proficiscimur

568 2233 641 2289 ad
665 2235 959 2287 orantum.
1016 2230 1072 2285 Si
1106 2232 1236 2298 quid
1263 2245 1393 2300 ergo
1426 2231 1585 2286 nobis
1614 2231 2162 2287 acciderit.bnmani-

572 2332 683 2388 tus,
718 2323 942 2377 habebis
980 2321 1075 2374 has
1108 2320 1422 2383 facultates,
1466 2330 1523 2375 ut
1563 2322 1631 2375 de
1670 2321 1754 2375 eis
1811 2323 1978 2377 facias
2017 2323 2160 2393 quod

573 2417 673 2472 tibi
708 2414 1001 2469 videbitur.
1043 2412 1190 2483 Rogo
1221 2427 1351 2483 ergo
1392 2423 1462 2478 te,
1501 2421 1562 2466 ut
1594 2424 1740 2468 recte
1762 2430 1891 2491 agas
1918 2429 2040 2468 cum
2070 2426 2160 2470 tua

570 2507 780 2570 anima,
812 2514 867 2559 et
915 2520 983 2559 ex
1024 2505 1112 2568 iis,
1147 2520 1268 2573 qua:
1319 2505 1407 2560 hic
1458 2517 1607 2572 sunt,
1664 2506 1749 2561 fac
1781 2510 2158 2563 nosocomiuin

569 2607 630 2655 et
653 2599 1052 2653 xenodochium
1078 2598 1468 2651 monachorum
1493 2614 1507 2664 ;
1533 2607 1588 2651 et
1613 2601 1962 2654 manumissis
1987 2603 2160 2655 servis

574 2691 707 2754 suis,
756 2690 910 2744 dedit
959 2689 1038 2743 eis
1094 2688 1305 2758 legata,
1354 2699 1410 2744 et
1454 2703 1673 2760 accepta
1729 2708 1891 2761 parva
1941 2694 2163 2747 benedi-

572 2786 756 2837 ctione
803 2790 857 2835 et
903 2781 1117 2835 duobus
1162 2780 1341 2849 equis,
1391 2781 1525 2835 exiit
1579 2793 1748 2838 noctu
1795 2800 1860 2837 ex
1913 2785 2156 2848 civitate,

573 2874 691 2945 ipse
733 2882 789 2928 et
839 2888 975 2927 uxor
1013 2872 1133 2940 ejus
1186 2872 1312 2926 Sull.
1373 2871 1539 2928 Beata
1612 2888 1795 2929 antem
1854 2877 2159 2932 Atlianasta

573 2964 792 3019 eminus
845 2964 979 3017 vidit
1037 2964 1256 3016 domum
1302 2979 1479 3028 suam,
1533 2975 1588 3019 et
1616 2982 1834 3022 sursum
1889 2971 2159 3036 aspiciens

572 3052 630 3106 in
686 3051 886 3106 cadum
940 3051 1128 3104 dixit:
1184 3050 1349 3115 Deus,
1404 3054 1496 3118 qui
1559 3053 1743 3105 dixisti
1824 3053 2057 3107 Abi-aha:
2105 3063 2161 3107 et

574 3140 726 3196 Sara:
754 3142 775 3173 ¹
810 3155 824 3192 :
863 3158 881 3191 ι
918 3140 1187 3210 Egredere
1235 3159 1267 3194 e
1319 3151 1464 3195 terra
1515 3152 1625 3210 tua,
1671 3154 1725 3197 et
1767 3160 1796 3198 e
1833 3147 2159 3215 cognatione
2186 3176 2230 3234 ο

574 3241 664 3288 tua
698 3250 711 3285 :
744 3238 800 3286 et
834 3232 957 3286 veni
1004 3234 1057 3284 in
1112 3241 1336 3295 terram,
1378 3248 1542 3295 quam
1595 3234 1883 3287 oStendam
1948 3237 2089 3301 tibi;
2131 3256 2151 3288 ι

576 3324 695 3395 ipse
727 3338 873 3376 nunc
923 3338 1141 3392 quoque
1191 3324 1370 3379 deduc
1416 3340 1515 3378 nos
1560 3328 1614 3378 in
1666 3325 1918 3380 timorem
1977 3337 2154 3383 tuum.

576 3414 719 3470 Ecce
757 3416 902 3468 enim
949 3415 1311 3483 relinquimus
1357 3416 1579 3470 domum
1640 3429 1880 3470 nostrain
1913 3430 2157 3487 apertam

577 3513 798 3575 propter
827 3521 1029 3559 nomen
1066 3515 1215 3559 tttum
1244 3523 1258 3557 :
1296 3521 1365 3559 ne
1404 3517 1531 3561 ante
1563 3524 1663 3563 nos
1692 3510 1914 3565 claudas
1957 3518 2158 3567 ostium

574 3595 725 3665 regni
770 3594 878 3660 tui;
934 3605 990 3648 et
1037 3594 1234 3649 ﬂentes
1274 3598 1437 3651 ambo
1486 3597 1738 3653 abierunt
1774 3616 1788 3652 :
1838 3610 1892 3655 et
1934 3618 2057 3654 cunt
2092 3602 2161 3656 ad

575 3693 764 3738 sancta
832 3687 949 3737 loca
1040 3685 1457 3754 pervenissent,
1517 3687 1867 3742 adorarunt:
1921 3697 1977 3741 et
2033 3704 2159 3742 cum

574 3774 777 3830 multos
813 3773 1002 3830 Patres
1040 3777 1470 3839 convenissent,
1523 3778 1750 3830 veniunt
1793 3778 1862 3831 ad
1908 3788 2160 3833 sanetum

574 3864 791 3921 Menam
821 3866 1165 3922 Alexandriae
1184 3905 1198 3933 ,
1224 3876 1279 3921 et
1308 3867 1566 3922 I'ruuntur
1592 3880 1847 3940 martyre.

651 3958 714 4015 V.
748 3960 905 4014 Circa
951 3962 1141 4015 horam
1192 3972 1377 4016 autem
1410 3977 1609 4015 nonam
1646 3962 1841 4031 aspicit
1882 3963 2163 4018 Androni-

574 4069 695 4115 eus.
731 4064 785 4108 et
813 4054 961 4107 videt
990 4053 1318 4109 monachum
1373 4060 1796 4109 contendentem
1838 4071 1962 4109 cum
2020 4056 2161 4112 laico

577 4154 635 4200 et
684 4145 735 4201 ei
782 4145 1105 4200 dicentem:
1152 4147 1263 4199 Cur
1292 4146 1546 4201 abbatem
1596 4147 1792 4217 injuria
1844 4147 2052 4202 allicis?
2110 4150 2161 4205 Is

578 4249 706 4289 vero
731 4233 780 4287 ei
812 4234 1025 4288 dicebat
1060 4253 1074 4287 :
1110 4234 1362 4298 Domine,
1391 4235 1566 4288 locavi
1606 4235 1832 4288 bestiam
1868 4250 2046 4289 meam
2092 4236 2162 4290 ad

577 4324 817 4381 Scetem.
847 4323 958 4394 Ego
991 4339 1120 4379 vero
1163 4323 1213 4377 ei
1256 4324 1424 4379 dico:
1474 4325 1678 4379 Eamus
1719 4326 1854 4394 jam,
1886 4334 1947 4379 ut
1990 4337 2159 4380 totam

576 4425 798 4471 noctem
848 4415 1211 4482 ambulemus,
1249 4426 1304 4469 et
1355 4430 1475 4470 cras
1509 4432 1679 4486 usque
1724 4417 1792 4471 ad
1840 4426 2070 4483 sextam,
2103 4428 2161 4473 ut

2259 584 2516 652 separati.
2581 582 2701 652 Ipse
2760 594 2941 636 autem
2999 581 3280 639 descendit
3339 586 3405 640 ad
3467 588 3706 647 Scetem:
3757 606 3808 652 et

2258 691 2379 730 cum
2425 675 2704 730 adorasset
2760 682 2978 729 sanctos
3034 673 3223 737 Patres
3282 676 3336 732 in
3381 677 3570 746 Lanra,
3622 687 3809 744 audivi;

2259 767 2327 821 de
2358 768 2550 821 abbate
2585 766 2807 820 Danicle
2835 783 2850 831 ;
2882 774 2937 820 et
2968 782 3091 821 cum
3125 783 3192 822 eo
3216 773 3548 839 accessisset,
3578 792 3677 832 non
3705 782 3807 838 sine

2265 872 2460 927 magna
2522 856 2834 911 dillicultate
2900 873 3026 911 eum
3083 861 3259 928 potuit
3325 865 3660 922 convenire:
3707 873 3811 927 seni

2260 963 2389 1005 vero
2417 950 2602 1003 omnia
2646 950 2921 1018 exposuit.
2957 951 3099 1005 Dicit
3144 962 3325 1007 autem
3356 955 3405 1008 ei
3450 970 3611 1012 senex
3643 975 3657 1013 :
3701 963 3813 1030 Abi,

2260 1049 2315 1096 et
2348 1041 2527 1096 adduc
2559 1057 2783 1096 uxorein
2830 1052 3002 1107 tuam,
3052 1051 3107 1097 et
3136 1044 3333 1099 faciam
3390 1047 3481 1101 tibi
3510 1044 3722 1115 litteras,
3765 1061 3813 1108 et

2259 1130 2502 1199 depones
2540 1146 2659 1186 eam
2699 1131 2756 1187 in
2800 1131 3079 1189 Thebaide
3128 1134 3186 1188 in
3235 1139 3564 1194 monasterio
3620 1139 3813 1197 Taben-

2260 1223 2623 1277 nesiotarum.
2656 1225 3006 1279 Andronicus
3039 1236 3222 1282 autem
3252 1228 3405 1294 fecit,
3441 1231 3578 1286 sicut
3621 1234 3814 1291 dixerat

2260 1316 2309 1370 ei
2368 1330 2556 1382 senex,
2611 1325 2667 1372 et
2715 1318 2940 1385 absens,
2991 1320 3147 1375 duxit
3199 1337 3320 1377 eam
3372 1323 3439 1377 ad
3488 1339 3682 1380 senem.
3728 1329 3814 1394 Qui

2260 1406 2477 1461 locutus
2510 1417 2594 1462 est
2642 1409 2724 1464 eis
2768 1411 2992 1466 verbum
3041 1412 3281 1468 salutis:
3318 1426 3372 1470 et
3420 1416 3573 1485 Iactis
3619 1419 3811 1488 litteris,

2261 1501 2410 1554 misit
2439 1515 2534 1555 eos
2585 1501 2652 1557 ad
2690 1494 3085 1559 monasterium
3136 1506 3675 1565 'I‘abennesiotarum.
3723 1511 3814 1567 Re-

2262 1607 2422 1647 verso
2472 1608 2602 1647 vero
2652 1594 2987 1661 Andronico,
3045 1596 3199 1652 dedit
3249 1614 3419 1653 senex
3471 1602 3720 1668 habitum,
3767 1613 3814 1659 et

2262 1684 2450 1740 docuit
2495 1700 2617 1755 qua:
2666 1688 2734 1741 ad
2782 1698 2986 1743 statum
3046 1691 3331 1760 pertinent
3380 1694 3745 1761 monasticum,
3770 1707 3817 1753 et

2264 1779 2467 1833 mansit
2497 1780 2636 1849 apud
2669 1795 2793 1834 eum
2828 1796 3005 1835 annos
3033 1782 3347 1839 duodecim.
3699 1779 3713 1801 '

2348 1870 2436 1925 VI.
2478 1870 2609 1925 Post
2640 1873 2923 1926 duodecim
2957 1884 3141 1929 autem
3188 1890 3368 1932 annos
3399 1880 3600 1949 rogavit
3627 1896 3812 1950 senem,

2265 1971 2325 2014 ut
2371 1977 2431 2016 se
2485 1963 2787 2017 dimitteret
2830 1968 2896 2016 ad
2943 1976 3132 2020 sancta
3188 1968 3334 2023 loca.
3392 1970 3483 2024 Ille
3531 1986 3651 2027 vero
3698 1973 3816 2029 bene

2264 2068 2517 2125 precatus
2576 2073 2701 2111 eum
2763 2058 2989 2113 dimisit.
3046 2050 3230 2116 Abbas
3278 2073 3462 2118 autem
3511 2064 3814 2123 Andronicus

2265 2149 2369 2202 iter
2430 2149 2638 2204 faciens
2693 2168 2790 2221 per
2839 2152 3150 2224 iligyptum,
3200 2158 3349 2215 sedit
3405 2159 3504 2213 sub
3562 2162 3721 2229 spina,
3763 2171 3810 2216 ut

2263 2242 2502 2294 animam
2553 2253 2828 2298 recrearet
2883 2245 2955 2299 ab
3013 2255 3172 2301 aestu.
3232 2247 3374 2304 Ecce
3429 2261 3605 2306 autem
3649 2267 3708 2306 ex
3734 2251 3812 2307 D.i

2262 2329 2673 2399 dispensatione
2725 2334 2951 2389 veniens
2998 2334 3054 2389 in
3101 2337 3298 2391 habitu
3350 2341 3484 2393 virili
3541 2342 3651 2410 ejus
3680 2356 3810 2403 uxor.

2262 2436 2383 2489 quae
2409 2421 2523 2490 ipsa
2557 2437 2773 2490 quoque
2819 2423 2932 2478 ibat
2969 2426 3036 2479 ad
3085 2438 3282 2482 sancta
3332 2429 3469 2483 loca.
3498 2429 3721 2500 Cumque
3760 2446 3808 2485 se

2265 2512 2497 2566 invicem
2537 2516 2889 2578 salutassent,
2938 2517 3194 2585 cognovit
3248 2522 3495 2575 columba
3536 2522 3805 2592 coniugem.

2266 2601 2384 2671 Ipse
2440 2620 2568 2658 vero
2622 2607 2897 2673 quomodo
2952 2611 3224 2675 potuisset
3280 2627 3602 2681 cognoscere
3652 2615 3801 2675 talem,

2264 2709 2387 2763 qua:
2409 2707 2775 2759 cmarcuerat,
2809 2699 3306 2767 pulchritudinem,
3342 2714 3396 2757 et
3423 2719 3538 2773 qua:
3568 2704 3806 2757 videbatur

2266 2793 2323 2837 ut
2374 2784 2670 2854 Ethiops?
2714 2788 2854 2841 Dicit
2909 2804 3040 2858 eigo
3090 2792 3192 2846 ei:
3244 2793 3363 2858 Quo
3417 2794 3579 2860 vadis,
3621 2795 3805 2849 domine

2266 2876 2441 2930 abba?
2502 2878 2592 2931 Ille
2653 2894 2780 2932 vero
2831 2879 2958 2933 dicit
3015 2881 3113 2935 ei:
3171 2884 3263 2938 Ad
3310 2895 3493 2940 sancta
3541 2888 3672 2940 loca.
3711 2884 3805 2954 Ipsa

2265 2977 2446 3020 autem
2478 2968 2610 3022 dicit
2654 2969 2702 3023 ei
2744 2988 2757 3021 :
2792 2970 2907 3039 Ego
2952 2987 3173 3041 quoque
3229 2975 3353 3029 volo
3407 2977 3529 3030 illuc
3569 2979 3657 3031 ire.
3708 2977 3805 3045 Ipsa

2265 3071 2394 3128 ergo
2434 3074 2629 3114 rursus
2666 3060 2799 3114 dicit
2826 3064 2875 3115 ei
2915 3080 2929 3116 :
2966 3062 3021 3116 SI
3060 3064 3218 3131 velis,
3268 3083 3456 3124 eamus
3481 3070 3628 3123 ambo
3654 3070 3805 3123 simul.

2265 3147 2369 3202 Sed
2407 3160 2661 3219 tanquam
2701 3169 2809 3206 non
2851 3153 3013 3207 simul
3059 3156 3262 3224 simus,
3294 3160 3644 3229 ingrediantur
3669 3161 3805 3216 silen-

2267 3240 2359 3295 tio.
2396 3242 2536 3296 Dicit
2564 3243 2913 3300 Andronicus
2948 3263 2961 3298 :
3009 3246 3075 3301 Ut
3101 3248 3295 3316 iubes.
3344 3252 3541 3308 Deinde
3574 3255 3675 3322 ipsa
3701 3251 3810 3307 dicit

2262 3331 2360 3385 ei:
2417 3332 2533 3387 Non
2592 3349 2651 3387 es
2703 3350 2894 3390 revera
2944 3337 3258 3408 discipulus
3307 3344 3511 3398 abbatis
3564 3341 3806 3398 Danielisl

2262 3423 2382 3492 Ipse
2441 3440 2569 3478 vero
2630 3427 2759 3480 dicit
2793 3428 2891 3482 ei:
2940 3430 3201 3487 Maxime.
3261 3434 3397 3488 Dicit
3440 3437 3593 3505 ipsa:
3640 3436 3803 3489 Preces

2262 3510 2412 3563 senis
2436 3526 2536 3564 nos
2587 3514 3016 3573 comitabuntur.
3054 3518 3200 3575 Dicit
3242 3524 3797 3579 Andronicus:Amen.

2261 3597 2395 3652 Cum
2452 3610 2634 3654 autem
2684 3603 2845 3657 simul
2906 3608 3139 3678 ingressi
3178 3622 3385 3678 essent,
3434 3623 3486 3669 et
3533 3614 3803 3668 adorassent

2262 3706 2448 3747 sancta
2485 3695 2622 3756 loca,
2659 3700 2864 3752 reversi
2898 3711 3029 3755 sunt
3061 3704 3469 3761 Alexandriam.
3516 3709 3640 3762 Dicit
3662 3706 3801 3761 abbas

2262 3785 2595 3841 Athanasius
2624 3788 2806 3843 abbati
2844 3792 3160 3849 Andronico
3196 3815 3212 3851 :
3240 3794 3800 3875 Vis‘maneamussiinul

2264 3876 2319 3929 in
2353 3878 2533 3931 cella?
2588 3878 2727 3934 Dicit
2760 3882 3106 3940 Andronicus
3140 3906 3155 3941 :
3194 3889 3373 3955 Certe,
3413 3900 3471 3946 ut
3501 3891 3663 3961 julics.
3695 3887 3798 3943 Volo

2263 3979 2443 4022 autem
2477 3971 2711 4039 primum
2749 3975 2850 4038 ire,
2879 3985 2935 4031 et
2980 3982 3236 4050 accipere
3276 3999 3463 4052 preces
3501 3985 3651 4037 senis.
3685 3981 3796 4034 Dicit

2262 4062 2310 4114 ei
2342 4061 2510 4116 abbas
2539 4066 2872 4122 Athanasius
2906 4086 2924 4123 :
2956 4067 3120 4137 Vade,
3159 4082 3217 4127 et
3256 4076 3570 4146 exSpectabo
3596 4085 3643 4129 te
3682 4070 3797 4142 apud

2263 4151 2526 4207 Octavum
2564 4158 2883 4213 decimum:
2931 4170 2985 4215 et
3023 4162 3069 4216 si
3114 4166 3327 4228 venias,
3369 4167 3505 4221 sicut
3553 4167 3646 4219 iter
3688 4160 3798 4216 Ieci-

2263 4257 2405 4307 mus,
2443 4249 2782 4304 manebimus
2809 4253 3046 4308 silentio.
3085 4255 3223 4310 Nam
3255 4259 3300 4312 si
3337 4267 3388 4313 te
3429 4274 3533 4312 non
3578 4257 3715 4321 lerat,
3741 4265 3796 4306 ne

2262 4337 2498 4392 veneris.
2555 4339 2667 4412 Ego
2699 4344 2844 4397 enim
2887 4355 2942 4401 te
2999 4351 3332 4417 exspectabo
3382 4351 3517 4421 apud
3557 4350 3795 4404 Decumum

2262 4440 2540 4485 octavum.
2570 4431 2664 4486 Ille
2692 4443 2873 4489 autem
2906 4439 3211 4506 profectus,
3249 4442 3501 4497 salutavit
3534 4456 3718 4503 senem,
3749 4445 3792 4490 ei

577 4507 964 4577 perveniamus
993 4519 1120 4560 ante
1150 4517 1341 4561 aestum
1377 4507 1482 4560 diei
1516 4525 1530 4560 :
1564 4515 1620 4561 et
1663 4522 1773 4560 non
1815 4508 1929 4561 vult
1958 4518 2014 4561 ut
2043 4510 2155 4577 jam
2193 4521 2234 4575 ι)
2266 4516 2335 4571 de
2358 4533 2424 4572 eo
2454 4520 2555 4590 ipsi
2595 4527 2951 4582 renuntiavit,
3006 4529 3186 4587 senex
3217 4550 3349 4588 νει-ο
3377 4536 3503 4589 dicit
3524 4535 3569 4587 ei
3602 4552 3614 4588 :
3652 4530 3786 4589 Vade,

576 4613 787 4654 eamus.
840 4596 981 4651 Dicit
1026 4599 1078 4651 ei
1132 4599 1387 4653 dominus
1452 4599 1846 4657 Andronicus:
1906 4599 2158 4656 Habesne

579 4688 795 4760 aliquod
830 4690 975 4743 aliud
1006 4689 1245 4743 animal?
1276 4691 1322 4743 Is
1349 4704 1475 4744 vero
1506 4690 1637 4745 dicit
1670 4707 1684 4747 :
1726 4692 1975 4747 Maxime.
2015 4692 2160 4747 Dixit

577 4791 760 4835 autem
794 4780 895 4850 ipsi
931 4797 944 4833 :
977 4779 1141 4847 Vade,
1166 4783 1273 4853 duc
1305 4782 1434 4836 illud
1478 4785 1545 4837 ad
1579 4799 1684 4847 me,
1726 4794 1781 4838 et
1810 4788 1951 4848 veni,
1978 4796 2035 4839 et
2065 4802 2162 4840 ac-

576 4869 775 4938 cipiant
807 4885 905 4940 ego
938 4886 1104 4924 unum
1137 4872 1361 4936 anitnal,
1396 4880 1452 4925 et
1478 4874 1642 4927 abbas
1677 4890 1865 4935 unum,
1898 4880 2156 4944 quoniam

575 4976 678 5032 ego
710 4977 926 5031 quoque
972 4963 1093 5017 volo
1139 4964 1220 5016 ire
1261 4965 1328 5018 ad
1370 4967 1606 5021 Scetetn.
1642 4967 1992 5023 Andronicus
2024 4985 2153 5024 vero

576 5050 709 5106 dicit
738 5052 890 5104 uxori
924 5066 1036 5105 suae
1069 5069 1083 5105 :
1135 5051 1289 5106 Mane
1332 5055 1419 5108 hic
1447 5057 1589 5124 apud
1631 5067 1880 5111 sanctum
1916 5059 2150 5128 Menam,

576 5140 752 5197 donec
780 5142 1104 5198 descendam
1154 5146 1207 5198 in
1241 5147 1476 5211 Scetetn,
1528 5157 1583 5203 et
1630 5152 1890 5217 accipiam
1931 5153 2157 5208 benedi-

575 5233 817 5290 ctionem
849 5250 879 5288 a
899 5236 1172 5303 Pati-ibus,
1204 5250 1259 5291 et
1290 5251 1551 5293 revertar.
1574 5240 1713 5296 Dicit
1747 5244 1793 5296 ei
1828 5259 1963 5298 uxor
1993 5246 2150 5316 ejus:

575 5324 778 5397 Accipe
812 5341 899 5381 me
937 5336 1138 5383 tecum.
1186 5330 1280 5383 Ille
1316 5346 1444 5385 vero
1484 5334 1613 5387 dicit
1659 5334 1708 5391 ei
1742 5351 1757 5387 :
1804 5333 1994 5391 Mulier
2041 5353 2151 5392 non

579 5417 883 5488 ingreditur
916 5422 972 5475 in
1000 5427 1237 5480 Scetem.
1261 5425 1352 5479 Illa
1382 5438 1562 5480 autem
1601 5426 1733 5482 dicit
1760 5428 1808 5480 ei
1837 5442 1958 5482 cum
1988 5428 2153 5486 ﬂetu:

575 5501 812 5563 Habebis
838 5525 927 5564 me
960 5513 1104 5583 apud
1149 5526 1396 5571 sanctum
1436 5516 1684 5584 Menam,
1718 5521 1761 5574 si
1805 5526 2154 5593 remanseris,

574 5605 632 5653 et
677 5614 763 5655 me
815 5618 923 5657 non
979 5604 1264 5662 collocaris
1313 5607 1367 5663 in
1418 5612 1772 5671 monasterio.
1808 5610 2057 5685 Cumque
2096 5632 2157 5672 se

646 5777 670 5808 ⁸
704 5777 842 5833 Cen.
874 5795 974 5849 χιι,
1012 5783 1058 5837 l.

2262 4619 2318 4664 et
2346 4610 2508 4682 dilige
2532 4614 2836 4683 silentium,
2886 4629 2943 4673 et
2990 4637 3156 4677 mane
3189 4642 3314 4679 cum
3350 4627 3528 4688 fratre,
3574 4634 3648 4678 est
3672 4620 3790 4675 enim

2263 4706 2587 4771 monachus,
2624 4718 2683 4763 ut
2709 4724 2828 4764 esse
2850 4723 3087 4781 oportet.
3128 4715 3204 4770 Eo
3235 4729 3416 4773 autem
3445 4732 3663 4781 reverso,
3691 4727 3786 4767 cunt

2260 4792 2564 4851 invenisset
2594 4798 2849 4855 abbatem
2880 4804 3242 4861 Athanasium
3266 4851 3281 4874 ,
3315 4818 3614 4864 manserunt
3640 4801 3783 4862 simul.

2263 4885 2455 4941 timore
2486 4887 2580 4942 Dei
2617 4894 2832 4957 muniti,
2867 4897 3006 4950 alios
3049 4898 3339 4956 duodecim
3387 4918 3552 4957 annos
3583 4919 3597 4954 :
3626 4907 3672 4953 et
3697 4908 3781 4949 null

2260 4982 2514 5049 cognovit
2557 4983 2725 5038 abbas
2773 4986 3121 5045 Andronicus
3175 5009 3296 5047 eam
3350 5009 3469 5049 esse
3518 5006 3648 5047 suam
3677 4998 3778 5041 con-

2250 5086 2461 5140 iugem.
2958 5118 2962 5120 γ

2335 5161 2440 5217 th.
2474 5162 2629 5234 Saepe
2657 5181 2786 5237 ergo
2824 5171 3157 5228 ascendebat
3188 5188 3354 5229 senex
3394 5176 3459 5229 ad
3490 5189 3576 5231 eos
3602 5168 3775 5223 visitan-

2262 5252 2382 5316 dos,
2414 5270 2475 5308 ea
2520 5257 2625 5312 illis
2655 5259 2949 5324 disserens,
2990 5280 3112 5332 quae
3144 5267 3487 5336 pertinebant
3527 5267 3586 5319 ad
3618 5257 3782 5316 utilita-

2264 5353 2393 5399 tem.
2436 5348 2616 5403 Semel
2665 5361 2848 5407 autem
2892 5370 3016 5409 cum
3048 5359 3389 5413 ascendisset
3426 5372 3601 5419 senex,
3641 5360 3686 5405 et
3712 5358 3788 5402 eos

2262 5436 2443 5491 valere
2465 5438 2740 5508 iussisset,
2766 5455 3057 5516 antequam
3088 5451 3192 5503 iret
3225 5451 3293 5504 ad
3323 5459 3562 5503 sanctum
3591 5444 3788 5502 Menam,
3856 5498 3859 5501 _

2263 5532 2409 5583 venit
2442 5532 2509 5586 ad
2544 5549 2667 5588 eum
2698 5535 2865 5594 abbas
2897 5541 3264 5608 Andronicus,
3294 5553 3348 5598 et
3374 5543 3496 5598 dicit
3530 5540 3607 5594 ei:
3638 5534 3790 5590 Abbas

2261 5618 2594 5679 Athanasius
2652 5628 2799 5683 vadit
2874 5630 2941 5686 ad
3006 5632 3319 5688 Dominum.
3382 5632 3635 5687 Iteversus
3683 5634 3791 5679 vero
