4110 6426
1712 255 1743 266 ιδ

340 411 485 477 1053

1149 404 1614 468 MARTYRIUM
1656 402 1762 468 SS.
1801 402 2178 468 EULAMPII
2218 402 2313 465 ET
2352 400 2793 464 EULAMPIE.

3470 387 3610 453 1054

341 538 529 586 senex,
561 519 771 577 invenit
804 535 931 575 eum
961 522 1175 589 magnis
1216 534 1591 590 compressum
1634 519 1921 590 angustiis,
1952 532 2002 589 Α
2029 520 2327 573 viventem.
2360 517 2404 569 A
2430 531 2541 580 quo
2579 528 2706 570 cum
2749 509 3095 582 accepissent
3145 505 3611 570 benedictionem,

340 624 399 673 et
433 613 597 682 capit
626 613 757 667 ﬂere
789 613 958 667 abbas
985 612 1324 666 Athanasius
1353 625 1368 662 :
1402 618 1458 664 et
1490 610 1622 664 dicit
1650 611 1699 665 ei
1723 625 1921 664 senex:

342 703 481 761 Cum
523 712 576 757 te
613 713 891 772 oporteret
920 701 1178 772 gaudene,
1208 700 1354 770 quod
1400 700 1602 771 migras
1640 700 1707 755 ad
1739 700 1925 754 Domi-

344 811 500 860 num,
538 794 895 866 lacrymaris?
932 794 1074 849 Dicit
1102 796 1151 848 ei
1185 793 1354 847 abbas
1382 792 1716 847 Athanasius
1755 810 1767 843 :
1808 792 1926 845 Non

347 888 522 960 ploro,
556 887 659 943 nisi
688 897 911 958 propter
948 887 1199 942 abbatem
1244 886 1643 942 Andronicum.
1692 886 1803 940 Sed
1846 885 1932 939 fac

349 976 496 1031 hanc
542 975 892 1038 ch-aritatem,
942 986 1228 1046 postquam
1284 991 1371 1029 me
1424 976 1728 1044 sepelieris.
1781 975 1934 1030 Inve-

348 1070 513 1124 niens
543 1068 858 1123 sehedulam
885 1070 1045 1123 sitam
1078 1069 1344 1142 ad_caput
1386 1082 1593 1130 meum,
1635 1067 1751 1138 lege
1786 1083 1932 1131 eam,

347 1168 410 1217 et
436 1162 503 1216 da
541 1160 641 1230 ipsi
673 1160 854 1215 abbati
903 1160 1241 1215 Andronico.
1301 1158 1550 1227 Cumque
1604 1158 1706 1227 ipsi
1748 1171 1936 1226 preces

350 1253 653 1317 dixissent,
703 1250 1132 1307 communicavit
1184 1257 1241 1304 et
1289 1248 1510 1304 dormiit
1566 1249 1622 1301 in
1678 1246 1933 1301 Domino.

356 1343 641 1400 Venerunt
663 1351 845 1398 autem
869 1342 938 1398 ad
976 1344 1025 1397 ei
1053 1341 1328 1397 faciendas
1350 1339 1638 1409 exsequias
1676 1356 1691 1394 :
1728 1348 1783 1394 et
1809 1353 1940 1393 ecce

356 1435 583 1492 inventa
632 1432 735 1490 fuit
766 1450 898 1490 sexu
962 1435 1176 1497 mulier,
1209 1445 1265 1489 et
1305 1434 1551 1487 auditum
1592 1432 1695 1487 fuit
1725 1434 1781 1485 in
1829 1439 1939 1485 tota

355 1528 531 1584 laura.
580 1528 645 1582 Et
687 1528 907 1582 mittens
940 1542 1129 1591 senex,
1175 1526 1376 1582 excivit
1463 1525 1773 1578 universam
1810 1523 1941 1578 Sce-

363 1629 475 1675 tem
501 1628 557 1675 et
580 1619 899 1674 interiorem
924 1618 1275 1674 solitudinem
1309 1634 1322 1669 :
1357 1626 1413 1672 et
1442 1626 1714 1672 venerunt
1752 1630 1943 1671 omnes

361 1713 529 1768 lauru:
560 1710 920 1776 Alexandria},
951 1719 1007 1766 et
1037 1711 1297 1766 convenit
1333 1709 1590 1765 universa
1639 1708 1854 1769 civitas,
1889 1715 1946 1762 et

364 1802 620 1860 monachi
658 1802 855 1866 Scene,
892 1803 1130 1858 ferentes
1165 1803 1472 1872 legumina;
1510 1801 1584 1856 ita
1630 1801 1778 1855 enim
1829 1815 1947 1853 mos

2028 609 2250 665 dormiit
2285 609 2339 662 in
2378 607 2630 662 Domino.

2101 699 2240 755 VIII.
2289 698 2550 753 Exortum
2585 706 2826 763 estergo
2861 691 3068 748 bellum
3100 691 3246 744 inter
3286 689 3474 743 Patres
3519 686 3620 742 De-

2031 792 2159 846 cimi
2212 790 2421 854 octavi,
2476 798 2532 843 et
2591 786 2885 842 Monachos
2944 782 3256 842 Scetiotas,
3319 777 3617 833 dicentes:

2031 883 2228 938 Noster
2258 892 2341 937 est
2372 880 2559 944 frater,
2597 889 2652 933 et
2679 893 2803 932 eum
2857 873 3183 930 habebimus
3230 871 3284 925 in
3342 870 3526 931 Scete,
3562 877 3623 923 ut

2034 974 2192 1029 nobis
2220 988 2378 1042 Opem
2415 971 2593 1026 ferant
2619 972 2740 1039 ejus
2771 982 2984 1038 preces.
3015 963 3205 1019 Patres
3245 973 3426 1016 autem
3459 960 3624 1015 Octa-

2034 1067 2089 1122 vi
2125 1064 2672 1127 decimi,dicebant:
2718 1061 2992 1115 Ponemus
3051 1072 3177 1112 eum
3230 1071 3355 1110 cum
3403 1069 3501 1108 sua
3533 1067 3623 1107 so-

2035 1176 2183 1214 rore.
2225 1158 2589 1214 Vehementer
2627 1155 2787 1224 igitur
2817 1150 3095 1206 instabant
3132 1146 3387 1202 Scetiota:
3412 1154 3467 1200 et
3494 1144 3628 1198 dicit

2049 1250 2474 1309 archimandritn
2524 1245 2709 1301 Octavi
2752 1242 2992 1299 decimi:
3031 1238 3090 1295 Si
3113 1239 3241 1309 quid
3286 1253 3448 1292 senex
3473 1237 3628 1291 dixe-

2040 1345 2134 1408 rit,
2202 1341 2495 1396 faciamus.
2548 1337 2733 1394 Abbas
2793 1349 2924 1388 vero
2981 1329 3438 1386 Daniel'dicebat
3500 1344 3626 1382 eum

2041 1444 2295 1504 oportere
2332 1433 2442 1487 illic
2487 1429 2731 1497 sepeliri.
2796 1426 2876 1481 lili
2924 1432 3106 1478 autem
3150 1436 3265 1476 non
3334 1420 3632 1475 audiebant

2042 1541 2191 1587 eum,
2223 1526 2469 1579 dicentes
2502 1541 2517 1579 :
2557 1522 2657 1577 Est
2697 1535 2889 1581 senex,
2927 1526 2984 1572 et
3022 1530 3130 1569 non
3184 1514 3340 1569 timet
3396 1511 3635 1579 amplius

2048 1616 2249 1671 bellum
2300 1614 2566 1683 corporis.
2616 1611 2729 1667 Nos
2769 1617 2952 1664 autem
3007 1620 3199 1662 sumus
3265 1604 3535 1675 iuniores.
3580 1612 3636 1656 et

2050 1708 2301 1761 volumus
2331 1705 2575 1767 fratrem,
2602 1711 2662 1758 ut
2692 1703 2851 1757 nobis
2879 1714 3039 1768 opem
3071 1696 3251 1751 ferant
3276 1696 3395 1765 ejus
3422 1707 3633 1763 preces.

2049 1798 2258 1855 Suliicit
2288 1797 2430 1853 enim
2463 1796 2643 1861 vobis,
2694 1794 2839 1864 quod
2888 1789 3212 1859 reliquimus
3254 1787 3409 1842 vobis
3465 1785 3636 1839 abba—

366 1905 455 1952 est
483 1897 539 1949 in
578 1895 761 1951 Scete.
797 1895 932 1950 Cum
962 1895 1126 1949 ramis
1154 1910 1283 1967 ergo
1315 1903 1371 1949 et
1403 1894 1600 1964 palmis
1633 1894 1950 1947 extulerunt
1979 1881 2023 1940 Β
2055 1902 2162 1946 tem
2217 1888 2597 1943 Athanasium.
2652 1885 2789 1940 Cum
2842 1900 2973 1939 vero
3017 1881 3245 1936 vidisset
3292 1893 3459 1933 senex
3518 1891 3637 1930 esse

367 1986 711 2042 venerandas
742 1983 1002 2053 reliquias
1044 1983 1380 2047 Athanasize,
1430 1981 1599 2036 Deum
1647 1980 1955 2051 glorifican-

371 2081 495 2138 tes,
553 2071 646 2140 qui
703 2079 913 2126 tantam
991 2072 1333 2127 tolerantiam
1402 2070 1636 2141 prmbuit
1711 2069 1950 2123 mulieri.

370 2161 726 2232 Exspectavit
779 2172 960 2219 autem
1015 2177 1185 2218 senex
1235 2161 1528 2232 septimum
1586 2161 1732 2216 diem
1781 2161 1956 2215 beatae

371 2256 711 2312 Athanasize.
763 2255 961 2311 Postea
993 2269 1122 2308 vero
1154 2253 1325 2309 voluit
1365 2268 1530 2307 senex
1566 2253 1818 2320 accipere
1864 2266 1957 2306 se-

374 2362 503 2403 cum
550 2347 803 2402 abbatem
848 2343 1248 2408 Andronicum,
1294 2344 1389 2399 sed
1420 2359 1530 2399 non
1577 2343 1630 2397 id
1670 2341 1956 2407 sustinuit,

379 2437 573 2493 dicens
603 2453 622 2492 :
656 2437 858 2493 Moriar
896 2452 1020 2491 cum
1069 2451 1189 2491 mea
1247 2436 1488 2490 domina.
1534 2435 1781 2503 Cumque
1831 2445 1958 2485 eum

379 2545 572 2585 rursus
594 2529 853 2599 iussisset
895 2529 1078 2584 valere
1111 2543 1301 2589 senex.
1341 2528 1656 2597 priusquam
1703 2527 1819 2593 ipse
1857 2525 1963 2578 iret

379 2617 448 2673 ad
478 2627 727 2672 sanctum
761 2616 998 2683 Menam,
1030 2618 1180 2673 venit
1209 2618 1275 2673 ad
1315 2632 1439 2672 eum
1481 2616 1670 2679 frater,
1711 2616 1915 2670 dicens
1944 2626 1977 2668 ελ

380 2709 622 2766 Laborat
649 2711 818 2765 abbas
862 2710 1231 2772 Andronicus.
1273 2719 1330 2764 et
1358 2719 1442 2765 est
1465 2710 1719 2764 redactus
1748 2708 1816 2763 ad
1859 2722 1963 2761 an-

384 2800 615 2873 gustias.
663 2802 842 2857 Senex
876 2816 1006 2857 vero
1057 2817 1247 2856 rursus
1279 2800 1429 2854 misit
1478 2800 1532 2854 in
1578 2798 1826 2861 Scetem,
1885 2796 1967 2851 di-

386 2909 570 2949 cens:
601 2894 804 2949 Adeste
844 2894 953 2949 huc
1001 2895 1306 2957 venientes,
1357 2893 1524 2948 abbas
1572 2891 1718 2947 enim
1755 2888 1971 2944 Andro-

388 2983 547 3040 nicus
585 2985 831 3054 sequitur
877 2985 1126 3041 abbatem
1193 2985 1577 3039 Athanasium.
1637 2982 1719 3037 Illi
1783 2989 1968 3035 autem

388 3091 519 3132 cum
558 3077 921 3143 audivissent,
975 3085 1331 3133 accesserunt
1367 3085 1424 3131 et
1482 3076 1807 3131 invenerunt
1845 3088 1971 3128 eum

404 3246 979 3282 επεν-,εει

1232 3270 1275 3279 υ-

2056 1996 2309 2050 magnam
2356 1978 2851 2050 perturbationem,
2899 1974 3033 2028 dicit
3065 1971 3324 2027 fratribus
3374 1969 3530 2022 suis:
3582 1965 3640 2022 Si

2058 2086 2145 2125 me
2181 2086 2291 2123 non
2323 2068 2580 2133 audiatis,
2627 2083 2727 2137 ego
2782 2079 3000 2135 quoque
3047 2062 3136 2139 hic
3176 2060 3430 2121 manebo,
3469 2067 3524 2111 et
3552 2074 3646 2110 se-

2058 2161 2230 2231 peliar
2252 2175 2375 2213 cum
2413 2173 2536 2212 meo
2583 2155 2714 2218 (ilio,
2747 2163 2802 2209 et
2836 2163 2966 2208 tunc
2997 2151 3348 2221 quieverunt,
3387 2157 3442 2200 et
3478 2153 3643 2199 extu-

2060 2253 2242 2307 lerunt
2283 2251 2506 2305 fratrem
2574 2248 2966 2303 Andronicum.
3022 2242 3225 2299 Dicunt
3288 2255 3415 2309 ergo
3487 2237 3647 2291 scivi:

2065 2343 2270 2398 Eamus
2312 2342 2368 2395 in
2410 2340 2649 2395 Scetem.
2700 2339 2841 2393 Dicit
2884 2337 2964 2390 eis
3003 2336 3225 2389 senex‘:
3271 2331 3444 2387 Sinite
3478 2337 3536 2383 ut
3570 2327 3651 2381 l'a-

2066 2434 2205 2488 ciam
2235 2432 2527 2501 septimum
2553 2430 2696 2483 diem
2743 2426 2950 2492 fratris,
3002 2433 3057 2478 et
3089 2438 3197 2477 nou
3232 2423 3482 2475 siverunt
3527 2433 3652 2470 eum

2068 2537 2315 2577 manere.
2364 2520 2440 2576 Ita
2486 2519 2714 2575 confidit
2765 2517 2937 2571 abbas
2977 2512 3169 2568 Daniel
3211 2526 3313 2565 suo
3366 2508 3649 2575 discipulo.

2068 2615 2303 2673 Oremus
2334 2629 2434 2668 nos
2460 2627 2673 2681 quoque
2705 2618 2766 2663 ut
2801 2608 3088 2662 veniamus
3112 2604 3179 2658 ad
3213 2615 3523 2656 mensuram
3555 2598 3653 2651 ab-

2070 2709 2213 2764 batis
2264 2704 2599 2768 Andronici,
2681 2698 2936 2771 precibus
3005 2695 3251 2750 omnium
3339 2696 3654 2746 sanctorum

2074 2798 2277 2855 Christi
2312 2817 2327 2852 :
2362 2798 2449 2851 cui
2481 2796 2652 2865 gloria
2686 2802 2739 2848 et
2783 2788 3027 2862 potentia
3061 2783 3224 2840 simul
3256 2797 3378 2838 cum
3409 2781 3569 2836 Patre
3604 2788 3662 2832 et

2075 2898 2266 2941 sancto
2295 2885 2527 2955 Spiritu,
2573 2897 2722 2937 nunc
2759 2890 2816 2936 et
2867 2891 3086 2948 semper
3116 2882 3174 2929 et
3215 2872 3275 2927 in
3325 2869 3525 2927 saecula
3555 2882 3663 2923 sre-

2078 2980 2348 3035 culorum.
2379 2978 2574 3032 Amen.

984 3222 3634 3277 Mi

1339 3407 2755 3546 ΜΑΡΤΥΡΙΟΝ

1649 3640 1787 3696 ΤΩΝ
1824 3640 2030 3697 ΔΙἸΩΝ
2060 3636 2443 3695 ΜΑΡΤΥΡΩΝ

409 3682 1783 3988 ΕΥΑΑΜΠΙΟῨ
1824 3682 3674 3977 ⁵ἶζξιξ’ἑΥΑιιΜΠΙλΔμΣ

1368 4170 1371 4174 ⁴
1449 4259 2622 4416 MABTYRIUM
3050 4134 3053 4141 ’

1778 4534 1876 4590 SS.
1910 4532 2102 4588 MART
2113 4529 2301 4586 YRUM

1022 4715 1800 4848 EULAMPII
1895 4711 2097 4836 ET
2205 4705 3102 4836 EULAMPI/E.

956 4960 1157 5024 (Latine
1187 4959 1316 5022 apud
1351 4957 1558 5020 Surinm.
1579 4954 1637 5003 ad
1672 4950 1803 5002 diem
1827 4950 1886 4998 10
1919 4945 2164 5005 Octobris,
2201 4945 2372 4995 Graece
2395 4956 2454 4993 ex
2479 4943 2587 4992 cod.
2616 4955 2706 4990 ms.
2733 4939 2883 4991 Paris.
2920 4952 2972 4988 n.
3002 4936 3145 4999 H80)

515 5282 597 5335 A'.
634 5279 799 5349 Ἀρτι
826 5277 930 5346 τῆς
970 5272 1305 5340 θεογνωσίας
1340 5270 1423 5332 εἰς
1465 5267 1641 5320 πάντα
1674 5262 1880 5329 κόσμον
1907 5259 2021 5313 δια-
2049 5261 2093 5322 C

444 5372 772 5444 τρεχούσης,
810 5370 906 5422 καὶ
943 5366 1039 5420 τοῦ
1082 5367 1333 5433 Σωτῆρος
1362 5360 1524 5431 ήμῶν
1566 5355 1745 5422 Ἰησοῦ
1777 5350 2017 5423 Χριστοῦ

448 5443 545 5519 τοῦ
582 5464 744 5531 μόνου
769 5458 907 5512 θεοῦ
953 5457 1110 5526 ἡμῶν
1144 5458 1272 5516 τοὺς
1314 5448 1513 5506 ἑαυτοῦ
1558 5448 1845 5518 μάρτυρας
1877 5443 2031 5512 tmp-

2198 5261 2242 5314 l.
2270 5259 2388 5314 Jam
2431 5257 2521 5309 Dei
2558 5251 2864 5322 cognitione
2911 5255 3081 5300 totum
3115 5243 3303 5298 orbem
3350 5241 3700 5311 pervadente,

2127 5362 2182 5409 et
2234 5352 2512 5405 Salvatore
2565 5345 2783 5415 quidem
2840 5340 3059 5395 Christo
3096 5336 3249 5397 .Iesu.
3289 5337 3381 5405 qui
3433 5334 3581 5390 solus
3621 5345 3706 5390 est

2131 5445 2274 5497 Deus
2296 5450 2508 5501 noster,
2539 5451 2668 5491 suos
2711 5440 2977 5501 martyres
3014 5428 3372 5484 conﬁrmante
3415 5441 3480 5481 ac
3518 5441 3707 5481 corro-

455 5519 720 5631 pwvtivto;
756 5555 850 5607 καὶ
880 5519 1263 5619 ἑποίλείφυντος
1286 5587 1302 5610 ,
1334 5545 1431 5599 τοῦ
1465 5543 1521 5596 δὲ
1548 5536 1786 5608 πονηροῦ
1817 5535 1911 5589 καὶ
1941 5550 2019 5604 μμ

2132 5537 2365 5590 borante
2403 5550 2419 5585 :
2455 5528 2690 5598 maligno
2714 5536 2895 5580 autem
2944 5529 3001 5577 et
3031 5522 3188 5577 bonis
3216 5519 3415 5574 infesto
3461 5519 3712 5574 damone

2360 5623 2428 5631 -.
2531 5621 2543 5631 .
2646 5628 2654 5631 .
2793 5617 2804 5628 .
2884 5616 2920 5631 .-
3005 5623 3043 5631 .,
3086 5609 3711 5631 ..μμημημιηημ

459 5609 528 5631 r"
547 5609 555 5611 ν
578 5609 591 5611 -
676 5609 682 5610 ν
702 5609 719 5618 v
1083 5609 1094 5619 .
1291 5609 1296 5610 γ

459 5650 694 5705 σοκάλου
743 5646 1001 5716 δαίμονος
1054 5644 1182 5703 τοὺς
1222 5639 1456 5700 οἰκείους
1512 5632 1854 5704 θεράποντας
1901 5625 2019 5695 πρὸς

2138 5644 2268 5684 suos
2308 5626 2377 5681 ad
2417 5621 2749 5692 impietatem
2793 5616 3056 5670 incitante
3085 5612 3317 5667 famulos
3352 5609 3712 5667 :adolescens

456 5742 559 5812 τὴν
617 5739 872 5794 ἀσέϐειαν
928 5734 1286 5805 ἐρεθίζοντος,
1359 5728 1573 5791 νεανίας
1620 5742 1707 5788 τις
1762 5722 1824 5776 τὸ
1878 5719 2036 5788 γένος

464 5832 796 5906 περιφανὴς,
819 5829 916 5900 τὴν
941 5828 1066 5898 ὄψιν
1087 5823 1440 5897 περικαλλὴς,
1464 5816 1795 5911 εὐπᾳτρίδης
1817 5828 1875 5867 τε
1899 5827 2040 5899 vva):

2146 5717 2393 5789 quidam,
2412 5710 2729 5778 Eulampius
2745 5706 2941 5766 dictus,
2968 5717 3169 5773 genere
3198 5700 3449 5770 insignis,
3479 5698 3714 5770 eleganti

2147 5806 2349 5880 specie,
2383 5816 2436 5860 et
2481 5801 2573 5874 qui
2598 5800 2739 5855 bona
2769 5813 2829 5853 ac
2874 5796 3016 5852 clara
3057 5792 3382 5851 noscebatur
3408 5805 3529 5849 esse
3558 5797 3721 5845 natus
