4110 6432
610 343 747 409 1055

606 726 801 784 denter
844 730 1055 787 irrideri
1097 750 1161 791 ac
1202 740 1525 796 subsannari
1579 761 1685 803 non
1738 749 2024 806 ferendum
2069 769 2190 808 esse

604 834 877 887 censeret,
912 826 1097 882 relicta
1134 831 1283 886 urbis
1316 833 1674 901 habitatione.
1711 844 2061 911 amplectitur
2094 860 2189 899 so-

603 910 915 971 litudinem.
951 917 1016 971 Et
1050 934 1175 973 cum
1208 922 1330 976 vitae
1380 924 1729 993 abstinentia,
1765 942 1819 986 et
1850 947 2070 989 secessu
2103 937 2188 991 in-

603 1009 816 1059 ternum
861 1006 1136 1064 hominem
1185 1027 1563 1085 expurgasset,
1606 1020 1721 1074 zelo
1767 1023 1908 1077 sicut
1960 1041 2188 1097 magnus

602 1094 744 1150 Elias
770 1096 1021 1153 refertam
1049 1104 1274 1158 omnino
1299 1107 1521 1164 haberet
1540 1115 1799 1179 animam,
1822 1115 2009 1170 relicta
2040 1120 2186 1185 pari-

600 1198 682 1245 ter
700 1190 1013 1259 solitudine,
1032 1194 1313 1252 dese-endit
1344 1200 1412 1255 ad
1468 1202 1825 1260 habitandum
1858 1207 1914 1261 in
1940 1207 2181 1265 civitate.

668 1455 739 1511 Il.
770 1456 906 1511 Cum
936 1468 1118 1514 autem
1151 1462 1217 1517 ad
1251 1462 1627 1535 imperatorias
1656 1472 2075 1532 constitutiones
2096 1476 2181 1532 in-

596 1548 858 1603 tendisset
885 1551 1092 1620 oculos,
1124 1570 1245 1623 qua:
1280 1572 1441 1626 supra
1473 1571 1657 1628 portas
1686 1566 2003 1635 proscripta:
2024 1579 2182 1625 erant
2282 1587 2338 1639 αῖ

595 1639 848 1694 omnibus
882 1643 1039 1698 valde
1068 1646 1250 1701 ridens
1282 1649 1445 1704 talem
1477 1663 1752 1722 cenatum,
1785 1657 1973 1715 fuitab
2001 1662 2180 1733 impiis

593 1728 969 1800 deprehensus
1001 1738 1268 1804 protinus,
1296 1751 1351 1795 et
1383 1742 1564 1798 statim
1619 1747 1832 1803 vinetus
1864 1748 1967 1805 fuit
1993 1754 2179 1824 conje-

593 1829 718 1877 ctus
749 1824 805 1878 in
839 1827 1165 1895 custodiam,
1205 1842 1456 1903 tanquam
1486 1837 1661 1907 aliqua
1693 1842 1872 1909 praeda
1907 1843 2180 1903 sistendus
2214 1823 2252 1876 Β

592 1927 776 1969 coram
815 1916 1018 1983 judice.
1062 1919 1356 1994 Postquam
1409 1936 1611 1996 autem,
1644 1933 1788 1999 quod
1821 1936 2022 1990 factum
2062 1938 2178 1995 fue-

592 2015 698 2073 rat,
745 2007 983 2066 delatum
1036 2012 1139 2068 fuit
1187 2017 1253 2070 ad
1308 2034 1469 2075 aures
1516 2024 1954 2094 rnagistratuum,
2012 2030 2177 2099 jussit

587 2093 754 2163 judex
785 2113 909 2153 eum
957 2101 1079 2156 duci
1115 2104 1180 2156 ad
1232 2105 1488 2165 tribunal.
1524 2108 1589 2164 Et
1633 2114 1878 2181 protinus
1908 2093 2177 2189 aspiciens

591 2184 659 2238 ad
709 2201 834 2242 eum
879 2190 971 2259 qui
1020 2191 1214 2250 ductus
1269 2196 1465 2261 fuerat,
1494 2216 1616 2256 cum
1668 2216 1889 2275 prorpter
1935 2217 2174 2267 teneram

591 2284 806 2331 aetatem
858 2293 1128 2347 sperasset
1171 2282 1284 2341 fore
1324 2297 1382 2342 ut
1418 2289 1590 2344 virum
1627 2308 1960 2366 expugnaret
1989 2300 2177 2356 furtis-

591 2370 788 2422 simum
808 2390 821 2425 :
844 2368 1100 2436 Qua-nam
1126 2386 1229 2444 est,
1264 2379 1458 2449 inquit,
1493 2394 1638 2440 tanta
1665 2396 1774 2451 tua,
1804 2406 1924 2458 qure
1953 2393 2172 2457 d’citur,

588 2461 851 2523 amentia,
888 2479 1008 2532 quze
1042 2469 1202 2520 etiam
1237 2485 1407 2541 prope
1447 2474 1629 2529 ell'ecit
1661 2487 1718 2532 ut
1762 2481 2058 2537 deduceret
2104 2486 2171 2539 ad

588 2732 720 2785 nino
767 2734 1027 2802 alienum,
1059 2747 1250 2797 etnon
1298 2755 1751 2816 consentaneum,
1786 2752 1925 2810 hanc
1973 2758 2170 2812 libera-

587 2818 692 2875 lem
742 2822 995 2891 formam,
1028 2839 1081 2884 et
1127 2846 1375 2901 apertum
1429 2840 1800 2901 characterem
1852 2850 2166 2918 nobilitatis,

588 2909 726 2967 facta
756 2920 974 2986 aggredi
1015 2929 1119 2976 tam
1144 2926 1397 2992 audacia.
1435 2933 1574 2987 Ecce
1606 2952 1735 3007 ergo
1770 2940 1865 2993 tibi
1897 2946 2164 3012 proponi-

587 3009 677 3059 tur
728 3008 1016 3065 multitudo
1056 3015 1303 3082 deorum,
1336 3037 1457 3089 qua:
1492 3025 1724 3082 diversis
1758 3008 2165 3099 Operationibus

584 3104 641 3150 et
670 3097 1106 3158 invocationibus
1152 3108 1255 3161 sibi
1300 3112 1505 3166 aliatim
1540 3130 1819 3185 comparat
1864 3128 2168 3181 veneratio-
2196 3156 2236 3210 ε

581 3202 733 3254 nem;
761 3188 935 3256 ipsum
961 3209 1178 3263 quoque
1211 3201 1471 3269 templum
1498 3215 1583 3259 est
1608 3209 1699 3261 tibi
1735 3223 2021 3280 apertum:
2044 3235 2167 3272 sau-

581 3278 744 3348 guine
775 3292 957 3337 autem
994 3300 1285 3357 conspersa
1312 3306 1614 3375 cernuntur
1635 3301 1857 3371 altaria;
1888 3308 2163 3375 publicum

581 3366 779 3424 festum
814 3374 1122 3432 celebratur
1143 3388 1198 3433 et
1229 3394 1416 3452 parata
1438 3367 1566 3443 suni
1589 3408 1932 3465 quaecunque
1960 3414 2164 3457 conve-

579 3459 741 3517 niunt
788 3466 1079 3524 sacriﬁcio.
1123 3472 1196 3526 Et
1242 3475 1338 3530 tibi
1382 3494 1510 3548 ergo
1550 3459 1756 3551 optime
1799 3459 2073 3551 consules.
2110 3505 2166 3551 et

581 3552 740 3606 nobis
759 3570 871 3610 rem
904 3568 1110 3629 gratam
1140 3563 1330 3631 facies,
1357 3569 1404 3623 si
1448 3571 1579 3628 deos
1605 3578 1864 3645 colueris,
1894 3592 1949 3636 et
1974 3585 2053 3639 eis
2077 3602 2163 3642 sa-

579 3641 929 3702 criﬁcaveris.
958 3648 1085 3706 Haec
1109 3663 1395 3724 tyrannus.
1528 3663 1533 3666 ’

650 3754 740 3813 ill.
774 3758 976 3833 Martyr
1001 3776 1185 3823 autem
1226 3770 1430 3843 Spiritu
1476 3793 1668 3836 sancto
1718 3793 1862 3843 totus
1897 3792 2157 3861 repletus,

576 3859 700 3901 eum
732 3863 792 3904 se
821 3852 976 3923 signo
1015 3860 1213 3926 crucis,
1251 3866 1417 3921 veluti
1458 3872 1781 3939 quibusdam
1810 3885 1996 3948 armis,
2036 3904 2158 3940 mu-

575 3938 769 3996 niisset
802 3961 816 3997 :
849 3944 996 4001 Vana
1026 3962 1173 4015 sunt,
1208 3960 1507 4027 respondit,
1542 3978 1576 4017 ο
1618 3981 1837 4034 prmses,
1878 3987 1999 4041 qua:
2039 3990 2068 4028 a
2106 3988 2157 4031 te

574 4045 980 4102 proponuntur.
1018 4040 1207 4113 Neque
1232 4049 1378 4103 enim
1406 4067 1471 4106 ex
1504 4057 1667 4112 rebus
1690 4066 1931 4119 externis
1962 4076 2017 4121 et
2039 4084 2159 4137 qua:

574 4122 797 4180 minime
827 4127 1031 4186 fuerint
1075 4137 1130 4189 in
1181 4148 1450 4206 potestate
1490 4147 1743 4219 alicujus,
1772 4122 2158 4216 metiendalest

572 4212 770 4280 pietas,
801 4234 921 4284 quas
949 4233 1136 4291 aperte
1164 4237 1246 4282 est
1286 4232 1411 4286 boni
1457 4212 1691 4292 instituti
1722 4250 1773 4295 et
1809 4244 1860 4298 in
1887 4251 2054 4303 nostri
2089 4252 2155 4304 li-

571 4303 689 4358 beri
730 4308 941 4363 arbitrii
995 4313 1095 4370 sita
1148 4327 1233 4372 est
1282 4333 1570 4390 potestate.
1612 4333 1807 4400 Atque.
1837 4336 1883 4389 si
1936 4341 2153 4407 quidem

570 4393 687 4449 ﬁeri
739 4413 850 4453 non
903 4412 1082 4471 potest
1133 4409 1224 4478 (ne
1270 4422 1321 4466 te
1368 4432 1475 4471 non
1515 4422 1650 4476 velle
1699 4393 2043 4497 dicaam-ut
2086 4435 2152 4488 ad

1880 370 2163 433 MENSIS
2202 377 2568 440 OCTOBER.

607 456 806 525 patria.
840 473 1038 528 nempe
1086 464 1423 533 Nicomedia,
1445 478 1499 523 et
1542 483 1660 527 erat
1684 484 1911 532 ornatus
1935 482 2168 549 operibu.

2248 488 2267 541 ι
2301 488 2608 555 ριζὸμενος,

607 546 848 617 pietatis,
885 566 1006 605 cum
1041 555 1204 609 nollet
1237 556 1484 614 habitare
1516 561 1569 616 in
1606 566 1973 625 tabernaculis
2004 588 2190 640 pecca-

608 647 811 706 torum,
842 651 898 693 et
922 641 1162 697 divinum
1190 645 1393 702 Christi
1425 667 1621 707 nomen
1649 657 1833 713 videre
1866 669 1972 714 tam
2007 661 2190 732 impu-

2662 494 2759 560 τῆς
2802 492 2910 563 γὰρ
2946 494 3302 566 Νικομήδους
3340 502 3563 572 ὁρμᾶται
3604 514 3687 562 καὶ
3724 520 3819 573 τοῖς

2296 579 2397 644 τῆς
2432 580 2720 645 εὐσεϐείας
2768 581 2955 652 ἔργοις
3004 587 3382 657 κοσμούμενος
3412 596 3471 647 ἐν
3505 601 3816 669 σκηνώμασιν

2295 670 2641 738 ἁμαρτωλῶν
2672 679 2949 729 κατοικεῖν
2995 679 3092 748 οὐχ
3121 681 3465 752 αἱρούμενον,
3509 693 3598 741 καὶ
3630 694 3806 761 ἀνέδην

2290 758 2435 812 οὕτω
2466 761 2534 813 τὸ⁴
2557 761 2653 815 τοῦ
2689 764 2928 835 Χριστοῦ
2963 766 3107 821 θεῖον
3136 769 3306 840 ὄνομα
3354 775 3481 846 ὁρᾷν
3507 758 3815 849 διαχλευαζδο

2293 869 2473 921 μενον,
2504 856 2733 908 ἀνεκτὸν
2763 858 2861 928 οὐχ
2894 860 3220 929 ἡγούμενος,
3247 864 3461 935 ἀπάρας
3483 869 3585 921 τῶν
3614 873 3741 926 κατὰ
3765 877 3818 927 τὸ

2293 944 2431 997 ἄστυ
2468 947 2788 1015 διατριϐῶν,
2839 951 2940 1022 τὴν
2986 955 3228 1025 ἐρημίαν
3277 959 3592 1028 ἀσπάζεται,
3643 968 3816 1038 καὶτῷ

2289 1038 2549 1108 ἐγκρατεί
2585 1043 2677 1095 καὶ
2723 1043 3122 1116 ἀναχωρητικῷ
3158 1048 3256 1120 βίῳ
3295 1052 3386 1104 τὸν
3415 1055 3560 1118 ἐντὸς
3599 1058 3814 1113 ἀποκαθ-

2290 1132 2566 1200 ηράμενος
2640 1133 2927 1204 ἄνθρωπον
2958 1177 2973 1200 ,
3030 1142 3126 1193 καὶ
3178 1141 3296 1204 ὅλος
3348 1144 3505 1213 ζήλου
3559 1149 3690 1201 κατά
3738 1151 3815 1202 τὸν

2291 1221 2466 1290 μέγαν
2504 1223 2691 1277 Ἠλίαν
2748 1227 3013 1297 πλησθεὶς
3065 1232 3164 1301 τὴν
3219 1232 3416 1303 ψυχὴν,
3469 1234 3562 1303 τὴν
3611 1239 3813 1307 ἐρημίαν

2284 1313 2567 1368 ἀπολιπὼν
2597 1313 2772 1385 αὖθις,
2809 1321 2945 1390 πρὸς
2968 1321 3070 1385 τὰς
3112 1325 3171 1375 ξων
3220 1324 3372 1378 πόλει
3404 1325 3664 1396 διαγωγὰς
3694 1329 3811 1383 κάτ-

2285 1419 2444 1459 εισιν.

2360 1498 2436 1551 Β⁹.
2484 1498 2573 1561 Ὠς
2613 1499 2669 1551 δὲ
2701 1500 2838 1572 πρὸς
2862 1502 2960 1565 τὰς
2996 1502 3285 1574 βασιλικὰς
3313 1509 3525 1578 ἠτὲνισε
3556 1512 3810 1578 διατάξεις,

2367 1587 2474 1639 τῶν
2501 1588 2686 1643 πυλῶν
2711 1590 2946 1661 ὕπερθεν
2968 1594 3310 1665 ἀνάγραπτοι
3340 1600 3503 1653 πᾶσιν
3530 1601 3810 1672 ἐτύγχανον,

2286 1678 2428 1747 μέγα
2480 1681 2857 1748 καταγελάσας
2904 1684 2997 1737 τοῦ
3061 1686 3491 1758 ἐγχειρήματος,
3544 1693 3814 1764 κατάφορος

2286 1771 2451 1834 εὐθὺς
2488 1775 2606 1836 τοῖς
2655 1775 2913 1829 ἀσεϐέσιν
2965 1779 3204 1847 ἐγένετο,
3261 1783 3357 1835 καὶ
3402 1783 3608 1851 φυλακὴ
3652 1784 3812 1839 τοῦτον

2284 1860 2430 1934 εἶχεν
2471 1864 2673 1920 αὐτίκα
2716 1866 2961 1936 δέσμιον,
3006 1863 3119 1922 οἷόν
3150 1888 3203 1923 τι
3251 1871 3472 1943 θήραμα
3503 1878 3810 1945 παραστησό-

2285 1972 2446 2024 μενον
2474 1955 2553 2026 τῷ
2589 1957 2893 2021 δικάζοντι.
2937 1960 3093 2014 Ἐπεὶ
3122 1962 3178 2016 δὲ
3209 1964 3348 2034 πρὸς
3370 1968 3465 2027 τὰς
3492 1967 3591 2020 τῶν
3616 1970 3669 2020 ἐν
3684 1968 3808 2022 τέλει

2281 2048 2450 2109 ἀκοὰς
2499 2049 2767 2118 ἀνηνέχθη
2825 2051 2887 2103 τὸ
2939 2053 3160 2119 γεγονὸς
3195 2093 3211 2117 ,
3273 2055 3549 2123 ἀγώγιμον
3599 2059 3741 2110 αὑτὸν
3784 2058 3810 2110 ὁ

2283 2139 2543 2208 δικαστὴς
2576 2141 2711 2209 προς
2748 2142 2807 2195 τὸ
2837 2144 2987 2212 βῆμα
3030 2144 3289 2210 γενέσθαι
3312 2146 3705 2201 διεκελεύσατο·
3729 2149 3807 2201 καὶ

2284 2230 2341 2293 ὃς
2380 2234 2460 2289 εὶς
2517 2232 2681 2305 αὑτὸν
2734 2235 2972 2305 ἀχθέντα
3025 2236 3186 2300 εὐθὺς
3241 2239 3467 2300 ἀπιδὼν,
3510 2241 3596 2293 καὶ
3646 2239 3721 2293 διὰ
3759 2239 3810 2292 τὸ

2280 2325 2474 2390 νεάζον
2499 2328 2602 2395 τῆς
2633 2326 2854 2396 ἡλικίας
2874 2330 3144 2399 συλήσειν
3169 2331 3410 2394 ἐλπίζων
3435 2332 3522 2384 τὸν
3543 2331 3807 2399 γενναιότα-

2276 2434 2388 2481 τον,
2424 2419 2541 2483 Τίς,
2576 2412 2622 2471 ὦ
2650 2415 2828 2483 οὗτος,
2856 2423 2888 2490 ἡ
2921 2419 3159 2491 τοσαύτη
3193 2423 3326 2494 περὶ
3356 2423 3468 2487 σοῦ,
3502 2423 3617 2492 ἔφη,
3655 2423 3805 2477 διαλαι-

2280 2509 2517 2578 λουμένη
2564 2512 2832 2575 ἀναίδεια,
2880 2514 2915 2584 ἥ
2956 2532 3043 2577 τις
3080 2515 3284 2584 μικροῦ
3321 2533 3387 2585 με
3422 2519 3514 2570 καὶ
3543 2515 3668 2586 προς
3700 2532 3804 2583 τρα-

2277 2601 2488 2672 χύτητα
2517 2605 2869 2675 ἐξενεχθῆναι
2900 2607 3225 2679 πεποίηκεν,
3265 2610 3314 2662 εί
3347 2608 3418 2680 μὴ
3461 2610 3586 2662 αὐτὸ
3611 2609 3666 2661 τὸ
3688 2604 3800 2670 εἶδος

2276 2695 2489 2759 θεαθὲν,
2528 2697 2601 2765 μὴ
2634 2696 2807 2761 οὕτως
2845 2697 2988 2768 ἔχειν
3039 2699 3367 2753 ἀνέπεισενο
3414 2701 3673 2770 ἀλλότριον
3713 2700 3799 2769 γὸρ

2273 2788 2451 2855 πάντη
2486 2789 2581 2841 καὶ
2626 2790 3014 2854 ἀνακόλουθον,
3051 2792 3184 2843 αἰδῶ
3222 2793 3480 2864 τοιαύτην
3524 2795 3614 2845 καὶ
3656 2808 3798 2862 χαρα-

2270 2881 2451 2948 κτῆρα
2506 2881 2842 2947 σαφέστατον
2904 2884 3205 2951 εὐγενείας,
3256 2885 3434 2953 ἔργοις
3492 2886 3799 2957 Θρασυτέροις

2270 2976 2593 3044 ἐπιχειρεῖν.
2635 2975 2767 3027 Ἰδοὺ
2799 2977 2882 3028 σοὶ
2914 2977 3096 3029 τοίνυν
3125 2977 3342 3048 πληθὺς
3368 2979 3635 3047 πρόκειται
3660 2977 3792 3035 θεῶν.

2269 3065 2551 3134 διαφόροκ
2606 3068 2911 3137 ἐνεργείαις
2971 3070 3067 3123 καὶ
3114 3070 3354 3142 κλήσεσι
3402 3067 3798 3125 καταπλουτούσα

2269 3158 2327 3209 τὸ
2364 3158 2564 3227 τίμιον,
2599 3160 2806 3229 ἀνέῳγέ
2837 3177 2921 3213 σοι
2946 3163 3039 3214 καὶ
3062 3165 3189 3224 ναὸς
3218 3164 3410 3227 αὐτός.
3468 3165 3635 3232 Βωμοὶ
3660 3160 3709 3215 δὲ
3733 3158 3797 3229 τῷ

2268 3247 2453 3320 λύθρῳ
2507 3250 2619 3303 τῶν
2673 3252 2925 3321 αἱμάτων
2981 3256 3412 3326 περιρρεόμενοι
3453 3254 3796 3323 τεθεώρηνται,

2269 3342 2554 3412 πάνδημος
2591 3344 2753 3414 ἑορτὴ
2810 3347 3278 3415 συγκεκρότηται,
3316 3347 3407 3400 καὶ
3452 3345 3554 3399 τῶν
3600 3343 3800 3409 ἀγγέων

2268 3435 2371 3487 ὅσα
2401 3436 2536 3504 πρὸς
2590 3436 2782 3489 θυσίαν
2832 3436 3145 3507 κατάλληλα
3180 3438 3689 3510 προσηυτρέπισται.
3728 3432 3794 3485 Τὰ

2265 3526 2531 3579 κάλλιστα
2564 3526 2697 3596 γοῦν
2731 3529 2947 3599 σεαυτῷ
2985 3533 3081 3583 καὶ
3131 3533 3274 3601 ἡμῖν
3304 3530 3567 3602 χαρίσαιο,
3617 3528 3659 3580 εί
3687 3526 3790 3584 τοῦς

2263 3617 2421 3682 θεοὺς
2454 3622 2743 3687 τιμήσειας
2800 3622 2900 3674 παὶ
2932 3623 3115 3685 αὐτοῖς
3144 3624 3458 3687 ὲπιθύσαις.
3511 3620 3681 3675 Καὶτά
3711 3617 3793 3688 μὲν

2261 3708 2354 3763 τοῦ
2385 3696 2649 3778 τυράννου
2679 3712 2923 3768 τοιαῦτα.

2334 3802 2414 3857 Γ’.
2489 3804 2551 3856 Ὀ
2615 3803 2671 3856 δὲ
2734 3805 2946 3874 μάρτυς
3002 3805 3122 3868 ὅλος
3172 3808 3311 3872 ὅλως
3365 3807 3455 3861 τοῦ
3520 3804 3792 3871 Πνεύματος

2260 3893 2354 3946 τοῦ
2417 3894 2577 3963 ἁγίου
2638 3896 2950 3965 γενόμενος,
3007 3898 3103 3950 καὶ
3169 3899 3248 3969 τῷ
3301 3899 3392 3953 τοῦ
3448 3893 3666 3966 σταυροῦ
3715 3906 3790 3959 ση-

2265 3985 2404 4056 μείῳ
2457 3982 2572 4039 οἷον
2630 3985 2783 4056 ὅπλῳ
2830 3991 2937 4041 τινὶ
3005 3991 3505 4062 περιφραξάμενος,
3590 3985 3787 4042 Mirum.

2258 4068 2302 4129 ὦ
2348 4077 2594 4147 ἡγεμὼν,
2660 4080 3013 4150 ἀπεκρίνατο,
3065 4081 3134 4134 τὰ
3193 4084 3347 4154 παρὰ
3392 4081 3483 4136 σοῦ
3551 4072 3789 4147 προτεινό-

2262 4182 2421 4233 μενα,
2457 4167 2579 4219 οὐδὲ
2613 4168 2722 4238 γὰρ
2771 4168 2880 4221 ἀπὸ
2933 4170 3043 4222 τῶν
3101 4172 3286 4234 ἐκτὸς,
3343 4171 3436 4224 καὶ
3480 4163 3552 4222 ὧν
3600 4167 3687 4219 οὐκ
3736 4160 3790 4213 ἄν

2256 4274 2342 4319 τις
2405 4259 2615 4325 γένοιτο
2687 4258 2911 4330 κύριος,
2995 4261 3058 4313 τὸ
3147 4261 3396 4316 εὐσεσεῖν
3456 4257 3794 4329 δοκιμάζεταιμ

2262 4350 2642 4417 προαιρέσεως
2687 4350 2901 4422 ἀγαθῆς
2952 4353 3048 4405 καὶ
3095 4352 3207 4406 τῶν
3257 4354 3346 4423 ἐφ’
3397 4354 3523 4423 ἡμῖν
3566 4350 3786 4416 ἄντικρυς

2258 4437 2524 4507 ὑπάρχον.
2566 4440 2625 4491 Εἰ
2657 4441 2757 4510 μὲν
2787 4440 2879 4493 οὖν
2903 4441 3163 4496 ἀδύνατον
3191 4444 3279 4496 ἵνα
3327 4445 3399 4513 μὴ
3431 4442 3565 4509 λέγω
3586 4435 3784 4500 ἀϐούληιι

575 4502 742 4541 unum
783 4498 839 4545 et
892 4495 1094 4551 trinum
1147 4504 1392 4560 omnium
1423 4512 1655 4578 aspicias
1701 4518 2051 4590 principium,
2085 4528 2152 4581 ab

575 4591 760 4605 Ann“...
801 4584 983 4605 -A1._,_
1321 4599 1331 4605 .
1505 4602 1517 4605 _

2260 4546 2352 4581 τον
2377 4495 2523 4594 ’πρὸς
2556 4495 2669 4600 τὴν.
2698 4531 2828 4602 μίαν
2860 4549 2919 4585 σε
2958 4495 3050 4587 καί
3082 4533 3303 4587 πάντων
3327 4495 3607 4605 ἶτριαδικὴν
3641 4526 3783 4595 ἀρχὴν

571 4591 761 4635 eorum
799 4584 1012 4648 saltem,
1046 4607 1166 4661 qum
1199 4599 1460 4664 producta
1495 4602 1719 4662 fuerunt
1758 4611 1902 4667 bono
1933 4617 2146 4685 ordine,

569 4670 721 4726 disce
744 4672 910 4731 Deum
940 4681 1340 4743 universorum.
1380 4691 1474 4747 Sin
1505 4710 1686 4753 autem
1739 4703 1965 4762 deorum
2013 4725 2149 4775 pra:-

567 4759 679 4814 t’ers
708 4764 1136 4838 multitudinem,
1164 4790 1262 4844 per
1283 4794 1419 4847 quos
1434 4783 1792 4852 simpliciores
1820 4759 2044 4849 deducis
2077 4796 2144 4851 ad

568 4850 883 4911 barathrum
925 4860 1203 4930 interitus,
1233 4876 1289 4922 at
1318 4886 1419 4939 ego
1450 4850 1667 4944 quidem
1696 4895 1797 4935 nec
1846 4899 1911 4937 ea
1941 4902 2060 4954 qua:
2086 4895 2145 4940 tu

566 4943 707 5001 dicis
733 4950 925 5007 audire
951 4957 1220 5023 suStineo,
1264 4976 1439 5033 neque
1472 4967 1524 5020 in
1567 4971 1805 5027 animum
1836 4976 2053 5040 induco.
2085 4987 2145 5033 ut

567 5035 766 5093 talibus
792 5042 1035 5101 delecter
1071 5053 1376 5119 sacriﬁciis,
1411 5067 1469 5112 ut
1491 5062 1581 5129 qui
1615 5064 1715 5117 sim
1740 5070 1999 5135 praeditus
2026 5074 2146 5127 ani—

566 5142 655 5181 ma
698 5132 963 5205 participe
1013 5141 1258 5208 rationis,
1304 5155 1359 5201 et
1408 5151 1473 5205 ad
1524 5132 1819 5223 supernum
1876 5162 2136 5217 mundum

566 5228 752 5287 aperte
791 5238 1122 5295 properem:
1159 5236 1259 5290 soli
1309 5248 1490 5296 autem
1546 5256 1740 5301 natura
1794 5250 1923 5314 Deo,
1952 5262 2008 5307 et
2045 5256 2137 5323 qui

520 5322 671 5376 \non
703 5320 789 5366 est
831 5319 1193 5389 aspectabilis,
1218 5328 1536 5386 sacriﬁcabo
1566 5335 1893 5390 sacriﬁcium
1941 5319 2136 5406 laudis,
2205 5364 2217 5385 ι

558 5408 615 5455 et
651 5401 753 5472 ipsi
792 5407 1019 5465 reddam
1068 5423 1193 5470 vota
1224 5433 1343 5473 mea
1387 5436 1565 5477 coram
1614 5432 1726 5479 toto
1746 5428 1965 5497 populo
1994 5401 2140 5502 ejus.

560 5490 656 5550 His
679 5495 760 5551 sic
790 5498 970 5569 dictis,
1013 5512 1296 5579 tyrannus,
1326 5512 1571 5584 deposita
1608 5490 1851 5588 persona.
1875 5490 2135 5591 lenitatis,

562 5585 713 5642 iubet
754 5593 974 5659 quidem
1025 5600 1152 5654 exui
1197 5614 1511 5677 martyrem,
1536 5585 1792 5668 et—humi
1827 5625 2133 5687 extensum,

562 5676 914 5739 vehementer
941 5690 1236 5749 verberari.

2259 4621 2496 4688 ἀπιδεῖν,
2547 4624 2649 4676 κᾶν
2700 4624 2809 4677 ἀπὸ
2844 4625 2942 4694 τῆς
2982 4626 3092 4678 τῶν
3142 4627 3515 4697 παρηγμένων
3547 4618 3779 4682 εὐταξίας.

2251 4713 2344 4766 τὸν
2399 4715 2784 4786 γενεσιουργδν
2820 4717 2930 4770 τῶν
2973 4716 3110 4771 ὅλων
3141 4716 3278 4772 Θεὸν
3312 4714 3684 4811 μαθητεύθητι..
3729 4707 3807 4811 ιῖί⁸

2252 4805 2309 4858 δὲ
2340 4805 2478 4858 θεῶν
2507 4807 2720 4878 πληθὺν
2747 4811 3051 4880 προτιμᾷς,
3074 4810 3145 4862 δι’
3173 4805 3249 4865 ὧν
3280 4811 3407 4872 τοὺς
3430 4803 3776 4872 ἁπλουστέρους

2255 4897 2531 4966 χλευάζων
2557 4899 2696 4968 πρὸς
2723 4900 2784 4953 τὸ
2813 4900 2915 4969 τῆς
2944 4901 3223 4963 ἀπωλείας
3243 4902 3505 4969 κατάγεις
3527 4894 3770 4970 βάραθρονο

2255 4988 2371 5040 ἀλλ’
2407 4988 2519 5057 ἐγὼ
2580 4989 2704 5043 οὔτε
2756 4993 2977 5045 ἀκούειν
3029 4988 3103 5046 ὧν
3140 4993 3204 5045 σὺ
3238 4993 3345 5063 φὴς
3380 4993 3645 5062 ἀνέχομαι,
3672 4980 3766 5035 οὔτε

2253 5079 2467 5143 θυσίαις
2495 5081 2778 5146 τοιαύταις
2811 5083 3025 5154 χαίρειν
3056 5086 3408 5158 προῄρημαι,
3440 5086 3531 5139 {its
3554 5080 3670 5151 ψυχῇ
3696 5076 3763 5174 λξ’

2251 5176 2381 5244 γικῇ
2435 5175 2714 5243 τιμηθεὶς.
2772 5177 2867 5229 καὶ
2918 5177 3056 5245 πρὸς
3113 5180 3205 5232 τὸν
3260 5179 3375 5231 ᾶ-νω
3407 5177 3764 5272 κόσμῖδῗαῖἑνς

2251 5267 2611 5336 ἐπειγόμενος
2634 5285 2650 5303 ⁶
2689 5269 2835 5337 μόνῳ
2871 5269 2927 5323 δὲ
2980 5269 3058 5341 τῷ
3104 5270 3265 5341 φύσει
3313 5272 3525 5361 ἀοράτῳ
3551 5254 3772 5361 Θεῷ..θυ·

2258 5359 2380 5411 σίαν
2414 5360 2565 5412 θύσω
2604 5361 2891 5426 αἰνέσεως,
2925 5361 3022 5415 καὶ⁵
3049 5360 3199 5431 αὐτῷ
3228 5365 3329 5424 τὰς
3358 5358 3519 5453 εύχάξ
3549 5370 3639 5453 μου
3666 5358 3769 5453 ti“?

2246 5448 2405 5503 δώσω
2460 5451 2708 5504 ἐναντίον
2757 5452 2962 5517 παντὸς
3024 5452 3121 5506 τοῦ
3169 5450 3302 5504 λαοῦ
3357 5448 3537 5504 αὑτοῦ.
3591 5444 3789 5495 Τούτων·

2247 5540 2391 5594 οὕτω
2415 5542 2736 5611 λεχθέντων,
2765 5544 2827 5597 τὸ
2848 5545 2948 5613 τῆς
2974 5540 3614 5635 ὲπιεικείαςάποθέμενος

2247 5635 2449 5686 ωπεῖον
2516 5634 2545 5685 ὁ
2599 5636 2883 5706 τύραννος,
2932 5635 3285 5706 περιδύεσθαι
3341 5632 3437 5702 μὲν
3488 5629 3778 5696 προπίπτει

2248 5725 2341 5777 τὸν
2392 5724 2667 5797 μάρτυρα,
2722 5728 2819 5781 καὶ
2874 5724 2965 5781 επὶ
3019 5730 3123 5798 γῆς
3168 5725 3400 5780 ταθέντα
3455 5712 3784 5789 σφοδρότερον-

2247 5817 2562 5873 τύπτεσθαι.
