4110 6466
352 396 497 462 1057
566 364 580 378 ’
1182 397 1650 460 MARTYRIUM
1692 397 1778 458 ss
1811 398 2189 460 EULAMPII
2228 400 2322 461 er
2360 402 2788 466 EULAMPL‘E.
2920 420 2927 423 έ
3484 406 3621 475 1058

426 512 505 569 Δ’.
545 512 635 574 Ὠς
663 508 721 566 δὲ
762 510 1029 578 γενναίως
1071 510 1165 565 καὶ
1198 510 1466 582 ἀνδρικῶς
1491 511 1521 563 6
1570 506 1783 580 μάρτυς
1806 509 1938 562 ἀντ·
1969 513 2014 569 Α

1999 529 2014 568 t
2113 509 2205 566 lV.
2231 512 2526 584 Postquam
2563 523 2743 570 autem
2778 523 2983 587 martyr
3010 530 3274 589 generose
3305 524 3360 572 et
3405 516 3622 574 fortiter

353 607 475 678 εῐχε
532 602 670 674 πρὸς
703 600 805 666 τὰς
844 601 1138 672 βασάνους,
1168 602 1265 656 καὶ
1305 603 1426 656 οὐδὲ
1464 602 1670 671 μικρὰν
1699 602 1931 654 ἐπεπόν-

2033 604 2234 659 restitit
2266 608 2570 673 tormentis,
2604 616 2659 662 et
2689 624 2788 664 nec
2821 609 3093 663 tantillum
3120 610 3340 679 quidem
3371 608 3472 664 fuit
3496 624 3618 664 mu-

352 697 442 751 θει
480 693 796 761 ἀλλοίωσιν,
829 692 1185 769 διπλασιάζει,
1220 692 1282 746 τὸ
1321 693 1486 763 δριμὺ
1513 695 1613 763 τῆς
1656 690 1932 753 κολάσεως

2034 702 2197 757 tatus,
2255 698 2604 752 acerbitatem
2655 700 2908 770 supplicii
2944 701 3111 771 judex
3158 711 3337 769 anget,
3383 717 3619 773 eumque

354 791 387 842 ὁ
434 786 699 849 δικάζων,
740 783 837 838 καὶ
892 784 1107 855 νεύροις
1155 784 1505 847 λεπτοτάτοις
1570 781 1930 853 μαστίζεσθαι

2032 787 2221 841 nervis
2248 788 2378 842 credi
2408 788 2747 845 tenuissimis
2788 792 3016 860 imperat
3037 792 3468 857 crudeliter.Qui
3495 808 3617 847 cttm

346 880 544 937 τοῦτον
571 879 949 950 ἀπηνέστερον
994 877 1361 931 διατάττεται.
1403 877 1470 929 'A
1509 876 1668 946 δίκην
1694 875 1932 944 νιφάδων

2031 879 2159 931 nive
2193 878 2425 947 spissius
2477 881 2731 950 martyris
2774 882 2989 951 corpori
3054 882 3452 949 indicerentur,
3484 884 3617 939 alle—

345 973 430 1043 τῷ
480 970 805 1043 μαρτυρικῷ
850 970 1223 1040 ἐπιφερόμενα
1273 968 1508 1039 σώματι,
1560 968 1765 1037 πολλὴν
1815 968 1933 1030 τοῖς

2034 968 2139 1023 etis
2189 970 2432 1037 partibus
2458 970 2761 1026 aderebant
2806 988 3060 1043 magnum
3122 990 3343 1029 sensum
3393 975 3615 1030 doloris.

348 1064 652 1118 πεπονθόσι
687 1063 877 1134 μέρεσι
897 1060 1007 1133 τὴν
1043 1062 1144 1131 τῆς
1176 1061 1369 1131 ὀδύνης
1401 1061 1655 1130 αἴσθησιν
1679 1059 1933 1130 ἐνειργά-

2035 1058 2139 1112 Sed
2172 1060 2250 1114 sic
2272 1076 2490 1130 quoque
2533 1072 2736 1132 martyr
2770 1062 2909 1116 nihil
2941 1064 3094 1117 visus
3114 1074 3208 1128 .est
3250 1064 3524 1119 remisisse
3553 1067 3619 1120 de

347 1158 477 1223 ζετο
495 1174 512 1189 ·
537 1156 672 1210 ἀλλὰ
707 1157 802 1209 καὶ
824 1154 999 1217 οὕτως
1020 1156 1047 1207 6
1073 1155 1285 1225 μάρτυς
1306 1154 1458 1207 οὐδὲν
1487 1152 1642 1223 ὤφθη
1666 1153 1759 1205 τοῦ
1797 1169 1931 1222 φρο-

2033 1165 2127 1204 sua
2161 1151 2331 1205 animi
2361 1153 2745 1221 magnitudine
2778 1164 2872 1208 aut
2898 1152 2965 1208 de
2993 1169 3089 1208 sua
3119 1155 3223 1210 ﬁde
3259 1154 3313 1209 in
3339 1155 3616 1211 Christum

346 1251 599 1321 νήματος
643 1248 896 1313 ὕπανεὶς,
945 1247 978 1319 ἦ
1046 1248 1148 1315 τῆς
1203 1246 1342 1317 πρὸς
1385 1246 1476 1300 τὸν
1523 1248 1729 1317 Κύριον
1773 1245 1930 1315 ἡμῶν

2033 1245 2324 1300 Dominum
2358 1257 2604 1302 nostrum
2636 1248 2841 1317 aliquid
2880 1250 3170 1304 relaxasse.
3198 1249 3336 1304 Hinc
3367 1250 3620 1320 frequen-

344 1330 662 1404 ἐνδεδωκὼς
692 1342 951 1403 πίστεως.
999 1339 1281 1393 Ἐντεῦθεν
1325 1338 1722 1408 ἀλλεπάλληλοι
1760 1338 1932 1408 βασά-

2035 1346 2137 1402 tes,
2167 1347 2218 1392 et
2246 1354 2304 1394 se
2334 1340 2567 1394 invicem
2614 1350 3018 1410 consequentes
3066 1351 3461 1396 tormentorum
3497 1357 3619 1412 spe-

344 1449 460 1486 νων
498 1432 633 1484 ίδέαι
661 1430 914 1501 καθάπερ
962 1429 1183 1500 κύματα
1213 1428 1293 1499 τῷ
1323 1430 1562 1499 μάρτυρι
1613 1430 1929 1500 προσερρή-

2033 1430 2166 1487 cies.
2197 1441 2453 1500 tanquam
2506 1431 2725 1495 ﬂuctus,
2774 1434 3136 1502 erumpebant
3186 1433 3240 1487 in
3300 1442 3618 1504 martyrem,

344 1540 564 1592 γνυντο.
607 1523 787 1585 Εὐθὺς
816 1522 926 1592 γὰρ
956 1523 985 1574 6
1016 1521 1284 1590 τύραννος
1312 1521 1449 1587 πρὸς
1487 1520 1680 1591 ἑτέραν
1710 1520 1931 1591 εὕρεσιν

2035 1520 2232 1574 Statim
2265 1524 2409 1576 enim
2456 1539 2755 1579 conversus
2784 1534 2867 1578 est
2908 1534 3168 1595 tyrannus
3216 1525 3282 1579 ad
3326 1525 3618 1579 invenien-

353 1613 633 1684 τιμωρίας
683 1615 968 1683 ἐτρέπετο,
1021 1614 1119 1668 καὶ
1167 1613 1309 1682 ξύλῳ
1332 1613 1426 1667 τὸν
1474 1613 1790 1681 ἀδάμαστον
1834 1615 1932 1666 ἁν-

2030 1610 2161 1666 dum
2191 1612 2334 1666 aliud
2369 1614 2696 1683 supplicium
2733 1632 2749 1668 :
2782 1626 2837 1669 et
2861 1615 3008 1685 ligno
3040 1615 3357 1684 appendcns
3380 1614 3618 1668 indomi-

348 1706 578 1777 δριάντα
621 1706 1046 1777 προσαναρτῶν,
1109 1705 1331 1775 ξεσμοῖς
1390 1707 1490 1769 τάς
1531 1707 1745 1778 σάρκας
1766 1722 1934 1759 κατε-

2033 1712 2141 1758 tam
2170 1713 2425 1770 statuam,
2451 1708 2812 1761 consumebat
2852 1721 3047 1761 carnes
3083 1706 3528 1769 lacerationibus,
3564 1712 3618 1760 el

347 1800 589 1864 δαπάνα,
622 1800 716 1853 καὶ
740 1794 811 1870 ἦν
845 1799 1005 1870 μέχρι
1045 1799 1264 1870 μυελῶν
1288 1801 1384 1852 καὶ
1418 1798 1622 1852 ὀστέων
1649 1798 1831 1851 αὐτῶν
1867 1798 1930 1851 τὸ
1962 1859 1970 1870 ε

1963 1859 2002 1870 λ
2033 1797 2101 1851 ad
2127 1798 2392 1853 medullas
2423 1809 2476 1853 et
2516 1814 2638 1853 ossa
2671 1816 2844 1867 usque
2890 1800 3105 1854 subibat
3139 1799 3294 1853 dolor
3330 1807 3386 1852 ct
3412 1796 3586 1868 priuci

344 1895 518 1965 ἄλγος
571 1859 969 1963 ύποδυάμενον,
1012 1859 1110 1946 καὶ
1152 1891 1261 1945 τῶν
1310 1892 1545 1961 καιρίων
1601 1890 1782 1961 μερῶν
1828 1889 1923 1943 τοῦ
1962 1859 1967 1914 Ι

1995 1867 2004 1911 ⁸
2033 1889 2181 1959 pales
2212 1898 2397 1959 partes
2421 1891 2669 1965 corporis
2704 1859 3028 1960 attingebat.
3061 1889 3261 1961 Martyr
3291 1859 3470 1943 autem
3494 1902 3618 1959 pre-

346 1985 605 2056 σώματος
636 1984 1042 2053 ἐφαπτόμενον.
1090 1982 1151 2036 Ὀ
1182 1983 1241 2037 δὲ
1276 1983 1507 2054 μάρτυς,
1536 1982 1704 2053 εὐχὴν
1730 1985 1799 2053 τῇ
1831 1980 1925 2052 βα-

2031 1980 2187 2035 cibus
2218 1991 2549 2035 tormentum
2581 1992 3026 2051 contemperans,
3063 1991 3117 2036 et
3146 1982 3228 2036 sui
3267 1982 3618 2051 Agonotbetaa

344 2080 495 2147 σάνῳ
534 2078 936 2147 συγκεραννὺς,
986 2076 1084 2130 καὶ
1131 2079 1212 2141 είς
1262 2076 1585 2143 ἐπικουρίαν
1616 2074 1710 2128 τὸν
1755 2072 1922 2127 αὑτοῦ

2031 2072 2292 2126 auxilium
2361 2074 2646 2138 invocans,
2699 2088 2810 2126 non
2867 2074 3043 2143 magis
3097 2073 3425 2127 censebatur
3502 2074 3615 2143 pati

340 2173 641 2242 ἀθλοθέτην
672 2171 1072 2240 ἐπιϐοώμενος,
1115 2170 1176 2223 οὐ
1222 2169 1456 2238 πάσχειν
1484 2166 1706 2237 μᾶλλον,
1740 2166 1771 2237 ἢ
1806 2166 1924 2219 ἐτέ-

2031 2179 2194 2233 quam
2235 2163 2341 2217 alio
2367 2165 2611 2233 patiente
2666 2163 2781 2233 ipse
2827 2179 2951 2218 esse
3005 2175 3300 2234 spectator.
3326 2162 3614 2234 Postquam

345 2281 442 2333 pou
468 2263 793 2333 πάσχοντος,
832 2263 997 2325 αύτδς
1026 2257 1168 2314 εἶναι
1192 2259 1389 2331 θεατὴς
1413 2258 1723 2328 ἐνομίζετο.
1770 2258 1925 2312 Ἐπεὶ

2030 2265 2215 2310 autem
2261 2255 2393 2310 satis
2439 2255 2739 2310 decertavit
2788 2256 3053 2310 adversus
3099 2256 3534 2323 dilacerationes,
3560 2264 3618 2313 et

340 2357 401 2410 ἂι
435 2356 642 2417 ἱκανῶς
680 2355 949 2424 ἐνήθλησε
993 2355 1109 2417 τοῖς
1141 2353 1386 2422 ξεσμοῖς,
1441 2354 1537 2405 καὶ
1576 2352 1685 2405 πᾶν
1738 2349 1925 2403 διατα-

2030 2346 2350 2401 universum
2430 2346 2770 2416 discerptum
2841 2361 3042 2415 corpus
3108 2349 3450 2418 propositum
3512 2350 3616 2405 fuit

343 2446 566 2518 ραχθὲν,
606 2445 670 2498 τὸ
706 2444 866 2515 σῶμα
897 2443 1195 2516 προύκειτο
1223 2443 1485 2508 δυσειδὲς,
1522 2442 1775 2518 δαίμονες
1822 2440 1923 2510 μὲν

2030 2446 2251 2505 aspectu
2278 2445 2499 2500 tetrum,
2522 2436 2800 2490 datmones
2830 2436 3073 2506 quidem,
3107 2445 3169 2491 ut
3193 2453 3290 2507 par
3316 2448 3453 2501 erat,
3481 2454 3616 2495 mte-

338 2508 613 2602 cbgnsixiac'
653 2508 1106 2602 ὑπεξανίσταντο,
1138 2536 1269 2597 Θεὺς
1297 2534 1353 2588 δὲ
1380 2536 1471 2589 τὸν
1490 2508 1689 2590 οῧιεϊον
1715 2508 1924 2588 ἀνωθεν

2029 2528 2245 2592 rebant,
2273 2527 2417 2583 Deus
2472 2536 2654 2581 autem
2703 2542 2735 2583 e
2780 2528 2997 2595 superis
3041 2529 3348 2584 exsultabat
3395 2540 3619 2600 propter

339 2630 562 2700 ἑνίσχυε
594 2615 949 2699 στεφανίτην,
989 2628 1084 2681 καὶ
1129 2629 1157 2680 6
1205 2626 1467 2696 δικαστὴς
1516 2626 1708 2679 ἑαυτὸν
1750 2626 1924 2696 ἡττώ-

2029 2634 2189 2674 suum
2239 2634 2442 2673 corona
2487 2619 2798 2684 redimitum
2849 2619 3131 2674 athletam.
3183 2619 3359 2673 Jttdex
3418 2622 3616 2677 deinde

341 2738 504 2793 μενον
536 2721 805 2791 καθορῶν,
843 2720 918 2782 ὡς
964 2721 1100 2790 μήτε
1149 2718 1331 2787 λόγοις
1368 2713 1477 2780 οἷός
1507 2735 1567 2771 τε
1609 2717 1686 2770 ῶν
1712 2716 1923 2770 πείθειν

2030 2726 2262 2766 cernens
2289 2726 2349 2766 se
2380 2726 2503 2765 esse
2549 2722 2892 2780 superatum,
2916 2726 3040 2765 cum
3096 2727 3201 2771 nec
3229 2714 3406 2767 verbis
3436 2723 3616 2782 posset

336 2812 433 2867 τδν
464 2813 761 2882 πάσχοντα,
811 2812 949 2882 μήτε
1010 2810 1297 2877 θωπείαις,
1358 2812 1495 2880 μήτε
1545 2809 1688 2863 τισὶν
1733 2809 1922 2872 ἄλλαις

2028 2803 2362 2873 persuadere
2408 2803 2659 2873 patienti,
2700 2818 2803 2856 nec
2857 2803 3156 2869 blanditiis,
3191 2819 3294 2858 nec
3338 2805 3463 2859 ullis
3494 2804 3616 2860 aliis

338 2907 636 2970 ἐπινοίαις,
667 2905 762 2959 ἐπὶ
789 2904 1048 2974 τοιαύτην
1093 2905 1264 2975 χωρεῖ
1316 2902 1571 2973 βάσανον,
1616 2896 1682 2972 ἦς
1730 2903 1922 2973 ηάκοὴ

2029 2893 2352 2955 rationibus,
2397 2893 2642 2963 procedit
2672 2892 2739 2947 ad
2775 2892 3428 2962 taletormentum,quod
3458 2895 3505 2948 si
3530 2893 3616 2949 vel

336 2999 454 3060 τοῖς
472 2997 579 3050 ὠσὶ
601 2997 698 3049 καὶ
739 2995 901 3065 μόνον
940 2995 1313 3066 ἐμπίπτουσα,
1349 2994 1741 3065 συνταράττειν
1765 2992 1923 3047 δύναιο

2029 2987 2206 3043 δυιυηι
2255 2986 2321 3040 ad
2368 3001 2528 3040 aures
2585 2986 2888 3054 perveniat,
2932 2992 3114 3053 potest
3173 2983 3502 3039 conturbare
3553 3001 3617 3041 ac

340 3106 457 3154 ται,
502 3089 599 3141 καὶ
632 3088 859 3157 συγχεῖν
887 3088 981 3140 καὶ
1020 3086 1147 3139 νοῦν
1172 3085 1267 3140 καὶ
1293 3087 1558 3140 διάνοιαν.
1600 3084 1781 3154 Ἰμᾶςι
1811 3085 1921 3155 γὰρ

2029 3078 2366 3133 confundere
2387 3085 2624 3130 mentem
2653 3085 2706 3130 et
2734 3077 3142 3147 cogitationem.
3167 3074 3447 3130 Tenuibus
3467 3077 3615 3131 enim

336 3180 556 3243 λεπτοῖς
582 3178 710 3241 τοὺς
744 3176 854 3232 τῶν
877 3177 1057 3230 ποδῶν
1079 3177 1172 3230 καὶ
1193 3177 1392 3247 χειρῶν
1420 3176 1916 3247 περισφιγχθέντας
1945 3217 1959 3269 ε

2030 3170 2162 3225 loris
2207 3170 2408 3240 pedum
2460 3175 2517 3222 et
2561 3182 2820 3222 manuum
2868 3168 3162 3222 adstrictos
3212 3167 3415 3235 digitos
3461 3167 3620 3237 jubet

335 3270 661 3337 δακτύλους,
696 3272 779 3335 είς
809 3269 1058 3322 τούπίσω
1091 3268 1514 3339 περιενεχθῆναι
1548 3268 1743 3338 βιαίως
1790 3267 1915 3321 δια-
1949 3259 1958 3268 ’

2019 3263 2289 3317 violenter
2328 3259 2681 3316 circumtrabi
2711 3298 2726 3325 ,
2753 3259 2899 3328 quod
2950 3259 3444 3314 ei'intolerandum
3495 3260 3618 3313 red-

337 3358 649 3425 κελεύεται,
672 3360 770 3412 καὶ
795 3358 953 3429 δίκην
972 3359 1233 3429 πτόρθου,
1257 3359 1328 3411 τά
1346 3359 1440 3412 τοῦ
1470 3360 1753 3430 μάρτυρος
1779 3358 1921 3428 μέρη

2017 3353 2185 3410 debat
2234 3353 2561 3409 cruciatum.
2596 3351 2730 3405 Nam
2787 3365 2911 3405 cum
2959 3350 3440 3421 coniringerentur
3485 3349 3615 3404 arti-

338 3451 726 3521 περιλυγίσας,
751 3451 1027 3521 ἀφόρητον
1042 3449 1185 3504 οὕτω
1199 3450 1298 3520 τὴν
1316 3450 1590 3521 τιμωρίαν
1610 3451 1923 3519 εἰργάζετο.

2016 3446 2146 3512 culi,
2174 3452 2232 3500 et
2278 3445 2517 3499 violenta
2575 3443 2898 3497 extensione
2950 3442 3361 3511 quodammodo
3415 3441 3617 3496 stride-

353 3544 653 3613 ’Δγκώνων
675 3543 787 3615 γὰρ
812 3543 1294 3613 συνθραυομένων,
1334 3542 1558 3614 σφυρῶν
1600 3541 1922 3610 συνθλωμὲ-

2016 3547 2160 3603 rent,
2216 3536 2443 3605 contigit
2479 3536 2739 3590 athletam
2795 3549 2964 3604 prope
3014 3543 3194 3588 morte
3250 3532 3411 3600 allici,
3468 3533 3613 3603 quod

346 3653 483 3701 νων,
542 3635 754 3690 σκελῶν
809 3635 1277 3706 συντριϐομένων,
1326 3637 1421 3687 καὶ
1465 3636 1629 3688 οἱονεὶ
1658 3633 1925 3702 διατετρι-

2019 3641 2311 3696 compages
2343 3627 2588 3681 omnium
2623 3625 2998 3679 membrorum
3027 3626 3278 3695 corporis
3301 3640 3330 3679 a
3364 3640 3462 3680 sua
3484 3625 3615 3680 sede

345 3729 529 3798 γότων
558 3731 627 3798 τῇ
679 3728 772 3800 βίᾳ
822 3727 923 3798 τῆς
973 3728 1237 3793 στάσεως,
1295 3726 1498 3798 μικροῦ
1552 3724 1923 3780 θανατοῦσθαι

2019 3726 2075 3774 et
2099 3719 2292 3773 ordine
2328 3718 2777 3783 dimoverentur;
2813 3720 2953 3771 adeo
2992 3726 3053 3771 ut
3086 3730 3309 3787 propter
3334 3719 3642 3789 ingenteml

340 3820 628 3875 συνέϐαινε
656 3821 749 3874 τδν
773 3819 1038 3890 ἀθλητὴν,
1064 3821 1161 3873 ἆτε
1182 3821 1284 3887 τῆς
1325 3817 1596 3889 ἁρμονίας
1639 3817 1747 3870 τῶν
1788 3817 1925 3870 ὅλων

2017 3809 2259 3864 dolorem
2308 3810 2376 3865 ad
2412 3808 2847 3864 miscricordiam
2892 3808 3245 3864 traherentur
3284 3810 3450 3866 etiam
3494 3810 3617 3865 ina-

344 3911 442 3966 τοῦ
471 3910 727 3982 σώματος
750 3910 955 3980 μελῶν,
981 3910 1080 3980 τῆς
1105 3909 1340 3975 οἰκείας,
1365 3908 1738 3977 ἐξισταμένων
1758 3907 1922 3976 ἕδρας
2017 3902 2186 3957 nima.

340 4006 443 4060 καὶ
479 4004 710 4069 τάξεως,
753 4003 848 4057 καὶ
894 4002 974 4075 τῷ
1008 4002 1257 4074 περιόντι
1297 4003 1398 4073 τῆς
1440 4001 1734 4072 ἀλγηδόνος
1784 4000 1923 4071 πρὸς

345 4093 533 4151 οἶκτον
565 4095 950 4165 ἐφελκομένων
986 4096 1084 4149 καὶ
1109 4094 1315 4165 ἄψυχα.

414 4189 495 4243 E'.
551 4186 695 4243 Ἀλλ’
721 4190 749 4241 6
781 4187 882 4258 μὲν
909 4186 1178 4258 τύραννος
1206 4188 1344 4257 πρδς
1367 4186 1466 4253 τὴν
1488 4185 1580 4239 διὰ
1606 4185 1717 4238 τῶν
1742 4184 1925 4254 ἔργων

2085 4190 2152 4245 V.
2187 4188 2297 4246 Sed
2331 4198 2594 4261 tyrannus
2614 4191 2835 4261 quidem
2868 4208 2992 4247 eum
3017 4207 3126 4247 non
3161 4194 3429 4261 potuisset
3456 4193 3614 4249 factis

346 4283 686 4353 ὲξατονήσας
736 4280 918 4335 πειθοῖ
951 4281 1090 4351 πρὸς
1135 4279 1234 4351 τὴν
1264 4279 1353 4332 διὰ
1388 4278 1497 4331 τῶν
1541 4279 1718 4346 λόγων
1756 4275 1917 4341 αὖθις

2014 4283 2370 4353 persuadere,
2398 4283 2465 4337 ad
2495 4285 2940 4353 persuadendum
2970 4285 3148 4339 verbis
3179 4300 3371 4338 rursus
3396 4300 3455 4339 se
3478 4300 3612 4339 con-

338 4374 542 4446 ἓχώρει
579 4373 660 4444 τῷ
706 4375 807 4442 τῆς
846 4370 1139 4436 διαλέξεως
1185 4370 1560 4441 προσωπείῳ,
1614 4371 1675 4423 τὸ
1721 4369 1924 4421 οἰκεῖον

2018 4373 2147 4435 fert,
2186 4387 2419 4442 persona
2473 4373 2861 4442 diSputationis
2893 4389 3047 4428 suam
3100 4381 3288 4442 tegens
3339 4372 3613 4441 impoten-

340 4463 724 4536 περιστέλλων
757 4464 1025 4517 ἀδύνατον
1048 4499 1065 4526 ,
1108 4461 1204 4515 καὶ
1241 4460 1437 4531 πρῶτα
1490 4460 1588 4531 μὲν
1623 4459 1720 4515 ἅτε
1752 4460 1920 4513 δεισι-

2015 4465 2169 4521 tiam.
2189 4464 2257 4519 Et
2288 4466 2521 4535 primum
2541 4467 2782 4535 quidem,
2802 4474 2862 4520 ιιι
2889 4467 2982 4537 qui
3006 4475 3154 4522 esset
3182 4466 3612 4535 superstitiosius

337 4551 769 4620 δαιμονέστερον
798 4551 929 4619 περ)⁸
957 4549 1019 4602 τὸ
1050 4548 1188 4603 ἴδιον
1208 4548 1556 4619 διακείμενος
1596 4550 1781 4613 σέϐας,
1817 4550 1918 4619 τήν
1950 4549 1960 4603 1

1986 4556 2253 4615 ’aﬂ'ectus
2310 4558 2366 4612 in
2420 4572 2573 4611 suam
2633 4558 2995 4628 religionem,
3039 4559 3314 4612 lacerabat
3367 4558 3609 4611 divinam

335 4658 399 4694 τε
431 4640 713 4710 θεοπρεπῆ
754 4639 846 4693 τοῦ
870 4640 1031 4707 λόγου
1067 4638 1288 4707 διέσυρε
1353 4641 1655 4708 σάρκωσιν,
1712 4642 1806 4696 καὶ
1853 4640 1924 4694 τὰ

2024 4648 2189 4703 Verbi
2221 4647 2405 4701 carnis
2427 4648 2858 4717 susceptionem,
2888 4648 3116 4717 ejusque
3147 4648 3528 4716 perpessiones
3554 4657 3611 4702 et

339 4729 533 4783 τούτου
574 4729 728 4799 πάθη
761 4730 858 4784 καὶ
884 4730 1122 4800 σταυρὸν
1150 4730 1336 4797 αὑτὸν,
1370 4733 1465 4784 καὶ
1502 4731 1604 4785 ὅσα
1646 4733 1747 4802 τῆς
1786 4736 1923 4803 ἠμε-

2024 4740 2196 4809 ipsam
2241 4751 2481 4795 crucem,
2530 4745 2587 4790 et
2635 4752 2975 4807 quaecunque
3026 4746 3154 4793 sunt
3210 4740 3361 4807 signa
3407 4748 3608 4793 nostra:

336 4823 510 4891 τέρας
536 4822 789 4894 σύμϐολα
820 4822 1101 4893 σωτηρίας
1120 4861 1135 4887 ,
1172 4822 1587 4892 προσκόμματα
1622 4821 1920 4876 σκανδάλου

2024 4827 2236 4889 salutis,
2261 4841 2324 4880 ea
2369 4825 2611 4880 scandali
2665 4826 2900 4881 ducebat
2948 4826 3301 4883 oll‘ensiones,
3333 4827 3463 4882 Post
3497 4828 3614 4883 hare

337 4912 576 4980 ιτίθετο,
622 4914 719 4967 ἐπὶ
769 4914 988 4976 τούτοις
1045 4914 1142 4967 καὶ
1191 4913 1291 4984 τὴν
1329 4914 1439 4966 τῶν
1487 4914 1772 4984 στοιχείων
1831 4916 1925 4983 δη-

2028 4917 2338 4989 proferebat
2392 4917 2556 4970 etiam
2611 4916 2873 4973 fabricam
2924 4916 3341 4981 elementorum,
3382 4925 3443 4970 ut
3493 4929 3614 4985 qua:

342 5006 638 5077 μιουργίαν
677 5007 1054 5077 προύϐάλλετο
1077 5046 1090 5068 ,
1128 5005 1204 5069 ὡς
1240 5007 1341 5076 μὲν
1386 5006 1572 5076 ἡδεῖαν
1603 5004 1768 5060 οὖσαν
1794 5046 1809 5072 ,
1845 5007 1921 5069 ὡς

2023 5017 2170 5064 esset
2213 5008 2432 5078 quidem
2471 5008 2647 5063 dulcis
2681 5017 2735 5062 et
2764 5009 3054 5072 .amabilis,
3087 5019 3142 5063 et
3195 5009 3260 5061 ad
3318 5008 3610 5063 fruendum

335 5100 397 5155 δὲ
436 5100 765 5171 ἐπέραστον,
799 5104 893 5155 καὶ
923 5100 1239 5171 ἀνθρώποις
1265 5103 1344 5162 εἱς
1376 5096 1680 5153 ἀπόλαυσιν
1701 5100 1922 5169 προκεί-

2025 5102 2303 5171 proposita
2341 5101 2677 5166 hominibus,
2714 5107 2769 5155 ct
2803 5100 2948 5169 quod
2986 5101 3157 5154 nollet
3192 5115 3260 5154 ne
3297 5101 3453 5154 valde
3491 5100 3616 5170 qui-

339 5191 540 5262 μένην,
591 5194 688 5245 καλ⁵
737 5192 812 5253 ὡς
848 5192 971 5263 μηδ’
1018 5195 1084 5245 ἂν
1132 5192 1360 5255 ἐθέλειν,
1423 5191 1559 5261 μηδὲ
1637 5191 1732 5243 τὸν
1780 5190 1924 5260 ἄγαν

2026 5193 2150 5247 dem
2197 5207 2394 5254 cxccus,
2435 5207 2557 5262 qua:
2603 5208 2671 5247 ex
2710 5207 2774 5246 ea
2822 5193 3019 5257 oritur,
3053 5192 3252 5261 privari
3309 5196 3609 5264 voluptate.

338 5286 754 5355 τυφλώττοντα,
797 5285 897 5353 τῆς
923 5286 988 5337 ὲκ
1017 5284 1230 5354 ταύτης
1260 5281 1552 5353 στέρεσθαι
1594 5282 1810 5352 ἡδονῆς.
1865 5282 1923 5335 ’0

2026 5284 2227 5355 Martyr
2277 5296 2458 5338 autem
2515 5288 2653 5355 (erat
2696 5286 2840 5339 enim
2890 5301 3015 5339 vera
3060 5286 3259 5355 plenus
3310 5285 3610 5356 sapientia)

336 5380 397 5433 δὲ
432 5379 648 5449 μάρτυς
677 5372 767 5448 (ἦν
806 5378 918 5447 γάρ
954 5378 1055 5445 τῆς
1098 5375 1334 5446 ἀληθοῦς
1375 5375 1572 5443 σοφίας
1608 5374 1922 5446 ἀνάπλεως)

2027 5391 2213 5431 contra
2245 5377 2670 5431 alierebatillius
2686 5378 2911 5432 deorum
2940 5378 3367 5433 imbecillitatem
3395 5387 3449 5433 et
3477 5378 3614 5431 el‘l'e-

343 5469 695 5539 ἁντιπαρῆγε
777 5470 885 5522 τῶν
963 5470 1177 5521 ἐκείνου
1236 5467 1377 5521 θεῶν
1430 5467 1492 5519 τὸ
1545 5466 1774 5529 ἀσθενὲς
1830 5470 1926 5519 καὶ

2028 5471 2406 5533 minationem,
2440 5484 2561 5540 quae
2606 5472 2749 5525 inter
2769 5486 2829 5525 se
2860 5471 3093 5526 invicem
3135 5472 3374 5532 luerunt,
3405 5485 3612 5539 pugnas

339 5560 671 5632 ἀνδρῦθηλυ,
702 5562 765 5615 τὸ
800 5560 940 5631 πρὸς
982 5560 1253 5631 ἀλλήλους
1284 5559 1527 5630 μάχιμόν
1555 5575 1615 5611 τε
1656 5558 1753 5611 καὶ
1791 5575 1933 5615 ora:

2027 5569 2082 5614 ct
2116 5561 2436 5625 seditiones,
2469 5572 2524 5615 ct
2551 5563 2695 5630 quod
2737 5561 3112 5617 volutareutur
3160 5563 3214 5616 itt
3244 5563 3490 5630 corporis
3526 5561 3607 5614 af-

341 5654 561 5717 σιῶόες,
606 5654 703 5707 καὶ
751 5654 811 5707 τὸ
865 5655 1207 5720 σωματικοῖς
1273 5648 1712 5719 ἐγκαλινδείσθαι
1747 5649 1925 5721 παθή-

2030 5650 2394 5717 lectionibus;
2437 5666 2491 5706 et
2536 5653 2680 5721 quod
2728 5653 2866 5706 nihil
2906 5669 3139 5718 eorum,
3175 5668 3296 5723 quae
3345 5654 3610 5723 producta

342 5762 502 5815 past.
539 5746 632 5800 καὶ
660 5746 722 5799 τὸ
751 5744 876 5815 μηδ’
901 5745 1081 5798 ὁτιοῦν
1113 5744 1223 5796 τῶν
1257 5742 1629 5813 παρηγμένων
1668 5742 1761 5809 ἀφ’
1795 5742 1926 5793 ἑαυ-

2027 5753 2176 5805 sunt,
2212 5760 2279 5798 ex
2307 5760 2367 5799 se
2394 5755 2574 5799 ortum
2605 5746 2821 5809 habeat,
2850 5756 2907 5801 et
2946 5746 3018 5800 sit
3046 5745 3166 5800 sine
3202 5743 3490 5815 principio,
3510 5742 3609 5799 sed

339 5836 436 5891 τοῦ
472 5840 574 5899 τὴν
605 5838 823 5904 γένεσιν
851 5837 995 5906 ἔχειν
1036 5836 1132 5889 καὶ
1177 5836 1417 5905 ἄναρχον
1468 5828 1634 5896 εἶναι,
1678 5834 1795 5886 ἀλλ’
1842 5833 1921 5896 είς

2027 5836 2211 5889 statim
2252 5836 2521 5892 referatur
2555 5838 2620 5892 ad
2654 5838 2885 5907 primam
2926 5846 2976 5893 et
3005 5836 3326 5893 ellicientem
3352 5850 3604 5904 causam,

1368 6010 1426 6053 (Β
