4110 6432
329 362 466 453 ipsi

1126 363 1599 424 MARTYRIUM
1643 363 1744 426 SS.
1804 364 2176 425 EULAMPII
2241 366 2336 426 ΕΤ
2377 365 2810 430 ΕυιΑΜΡΙΕ.

3456 366 3595 432 lib!

329 493 570 551 μνησκε,
600 471 960 544 συνοικισμοῦ
987 489 1045 527 τε
1068 472 1162 526 καὶ⁵
1190 473 1510 538 συναυλίας,
1535 473 1631 526 καὶ
1651 472 1913 527 τοιούτων
1938 509 1951 534 λ

2034 475 2431 540 nabitationem,
2463 486 2518 532 et
2537 476 2854 546 hujusmodi
2891 475 2996 532 alia
3027 477 3202 549 signa,
3233 486 3288 532 et
3317 484 3600 548 postremo

326 573 508 627 ἄλλων
547 567 838 639 συμϐόλων
863 583 876 597 °
909 567 1004 621 καὶ
1037 567 1193 629 τέλος
1228 567 1326 636 τῆς
1370 567 1542 636 αὐτῆς
1572 564 1781 617 ἐθέλειν
1810 564 1908 618 καὶ

325 667 568 726 πίστεως
591 661 747 730 ἔλεγε
781 661 876 712 καὶ
914 659 1008 711 τοῦ
1042 659 1388 728 σεϐάσματος
1421 659 1749 727 μετασχεῖν,
1813 657 1909 710 καὶ

325 759 444 812 τῶν
507 757 690 808 αὐτῶν
745 751 1078 819 κοινωνῆσαι
1135 749 1213 819 τῷ
1260 748 1476 817 ἀδελφῷ
1539 746 1908 817 παθημάτων.

328 848 523 904 ταῦτα
556 847 757 911 τοίνυν,
800 844 891 896 τὸν
927 844 1025 910 μὲν
1052 842 1431 910 κακοδαίμονα
1467 840 1737 910 τύραννον
1771 842 1911 892 ἀπο..

336 944 458 1013 ρίας
494 939 763 1008 ἐπλήρου,
798 937 925 999 τοὺς
957 936 1012 987 δὲ
1049 935 1250 996 θεατὰς
1273 934 1382 984 τῶν
1438 932 1736 1001 δρωμένων
1781 949 1910 1001 μετ⁸

335 1034 586 1086 εκαλεῖτο
617 1031 752 1100 πρὸς
777 1029 878 1097 τὴν
909 1027 1197 1080 εὐσέϐειαν
1219 1067 1234 1091 ,
1269 1027 1364 1078 καὶ
1396 1026 1452 1088 ὃς
1480 1027 1679 1078 αὐτίκα
1719 1025 1912 1095 μιαρὸς

333 1125 449 1188 ὢν,
492 1123 630 1192 πρὸς
675 1122 911 1190 μιαροὺς
970 1117 1168 1188 ἐχώρει
1223 1117 1546 1185 λογισμοὺς,
1605 1117 1700 1170 καὶ
1750 1117 1912 1169 πάθει

341 1215 544 1288 μᾶλλον
587 1212 906 1280 σωματικῆς
957 1208 1283 1272 συνουσίας,
1320 1209 1445 1277 ούχὶ
1493 1209 1644 1278 πόθῳ
1673 1207 1912 1278 Χριστοῦ

339 1306 648 1378 προσφύναι
684 1302 762 1374 τῷ
803 1305 1044 1372 μάρτυρι
1075 1299 1279 1370 ταύτην
1308 1300 1468 1371 ᾤετο.
1521 1302 1701 1371 Δριμῦ
1735 1300 1915 1353 τοίνυν

338 1402 434 1453 καὶ
461 1397 722 1466 ἐμϐριθὲς
751 1396 884 1466 πρὸς
915 1396 1088 1462 αὐτὴν
1117 1395 1395 1458 ἀτενίσας,
1427 1393 1508 1448 .Τί
1537 1410 1642 1458 σοι,
1675 1394 1834 1465 φησὶ,
1872 1387 1916 1446 ὦ

338 1489 527 1558 γύναι,
575 1490 654 1541 τις
694 1487 944 1555 σόφισμα
994 1486 1246 1556 βούλεται
1303 1485 1483 1548 τοῦτο,
1537 1488 1777 1550 καὶπῶς
1811 1485 1918 1556 ἄρα

341 1583 620 1652 πρόφασιν
668 1578 942 1647 ἐρωτικῆς
996 1579 1192 1648 μανίας
1230 1577 1327 1646 τῆς
1365 1577 1504 1647 πρὸς
1536 1579 1627 1629 τὸν
1668 1579 1918 1646 παρόντα

340 1674 556 1726 τουτονὶ
617 1669 926 1732 νεανίσκον,
983 1669 1082 1739 τήν
1130 1672 1231 1738 τῆς
1275 1668 1578 1737 θρησκείας
1623 1669 1920 1739 μετάθεσιν

341 1765 616 1832 ὲποιήσως
676 1761 834 1814 Ἀλλὰ
881 1761 1154 1829 ἀνάνηψον
1196 1760 1295 1828 τῆς
1345 1762 1784 1831 περικεχυμένης
1837 1779 1919 1814 σοι

340 1854 546 1922 ταύτης
573 1853 667 1906 τοῦ
703 1851 910 1913 πάθους
943 1852 1161 1921 ἀχλύος,
1193 1852 1287 1903 καὶ
1313 1852 1374 1904 τὸ
1408 1851 1791 1922 φιλάνθρωπον
1812 1853 1922 1905 τῶν
1955 1835 1994 1889 Β

343 1949 635 2016 ἀηττήτων
671 1943 814 1997 θεῶν
848 1943 1162 2008 ὲξιλέωσαι.
1204 1944 1269 1996 Τί
1309 1946 1420 2013 γὰρ
1445 1943 1506 1994 τὸ
1534 1943 1707 2007 οὕτως
1737 1961 1794 1996 σε
1828 1961 1923 2011 με·

343 2042 616 2093 ταπεῖσαν
645 2037 881 2106 ἀθρόως,
925 2035 1067 2089 ὥστε
1096 2035 1190 2088 τοῦ
1227 2036 1450 2104 ἡδίστου
1488 2035 1680 2088 τούτου
1723 2037 1921 2103 φωτὸς,

347 2133 443 2186 καὶ
471 2130 581 2184 τῶν
601 2133 660 2183 έν
681 2130 787 2201 βίῳ
815 2129 1066 2199 τερπνῶν
1101 2129 1430 2196 ἀποστῆναι,
1465 2130 1625 2197 γόητι
1653 2129 1709 2181 δὲ
1737 2128 1926 2196 νεανίᾳ

345 2224 848 2294 προσκολληθῆναι,
885 2224 982 2276 καὶ
1003 2223 1216 2274 ἀναιδεῖ
1246 2221 1526 2291 προσώπῳ
1554 2222 1632 2291 τῷ
1667 2221 1926 2291 ἡμετέρῳ

349 2313 560 2384 βήματι
596 2313 986 2382 παραστῆναι,
1029 2311 1099 2363 τὰ
1137 2310 1420 2379 συγγενῶν
1457 2311 1924 2382 ύποκρινομένην,

345 2405 447 2460 καὶ
472 2406 609 2470 πρὸς
639 2402 941 2475 ἀδελφικὴν
980 2403 1215 2469 ἑνότητα
1249 2403 1353 2473 τὴν
1405 2402 1594 2472 σχέσιν
1627 2402 1930 2473 μετατιθεί-

348 2513 452 2553 σαν
476 2513 490 2528 ⁶
529 2495 672 2565 πλὴν
703 2494 822 2550 ἀλλ’
847 2495 908 2547 οὐ
934 2493 1028 2547 τοῦ
1059 2494 1336 2565 ἡμετέρου
1381 2495 1781 2563 καταγελάσεις
1828 2495 1926 2566 βή-

352 2605 544 2662 ματος,
581 2586 705 2642 ούδὲ
727 2587 837 2639 τῶν
871 2586 1298 2657 αὐτοκρατόρων
1330 2587 1716 2658 καταμωκήσῃ
1739 2628 1754 2653 ,
1789 2603 1932 2658 μαρ-

349 2679 592 2753 τύρομαι
625 2679 782 2742 θεοὺς
809 2678 1079 2744 ἅπαντας,
1122 2679 1221 2732 καὶ
1260 2679 1321 2732 τὸ
1358 2677 1451 2730 τοῦ
1487 2678 1734 2748 βήματος
1770 2679 1932 2750 ήμῶν

351 2771 583 2842 εὐμενὲς
623 2773 718 2825 καὶ
753 2769 1144 2840 φιλάνθρωπον
1169 2809 1184 2834 ,
1221 2769 1297 2832 ὡς
1325 2770 1479 2823 οὐδέν
1505 2788 1558 2823 τι
1596 2770 1762 2824 πλέον
1789 2772 1933 2838 ἔξεις

350 2865 700 2935 Εὑλαμπίου,
733 2863 767 2932 ἢ
797 2861 859 2914 τὸ
886 2862 1098 2932 χείροσι
1132 2859 1388 2930 βασάνοις
1419 2846 1817 2932 ὑποϐληθῆναι.

427 2960 510 3014 ll'.
549 2959 692 3030 Ιιρδς
723 2957 867 3028 ἅπερ
895 2959 928 3027 ή
959 2958 1168 3027 μάρτυς
1193 2956 1502 3026 ἀρρενωπῷ
1545 2955 1622 3026 τῷ
1646 2956 1934 3025 φρονήμα-

350 3073 429 3119 τι,
463 3052 717 3122 εὔστοχον
748 3052 1002 3113 ἐποιεῖτο,
1041 3051 1136 3102 καὶ
1168 3049 1265 3118 τὴν
1287 3049 1602 3120 ἀπόκρισιν·
1645 3051 1932 3115 Ἀκουσνιν,

2009 567 2224 622 dicebat
2255 585 2315 623 se
2362 569 2502 624 velle
2545 585 2668 624 esse
2716 570 3036 639 participem
3088 570 3336 639 ejusdem
3388 570 3510 624 fidei
3541 575 3602 624 et

2011 660 2309 729 religionis.
2337 670 2390 714 et
2415 661 2783 716 communiter
2810 677 2934 715 cum
2965 661 3133 715 fratre
3159 663 3374 716 easdem
3409 662 3607 717 subire

2010 753 2416 822 perpessiones.
2443 753 2565 807 llaec
2591 769 2720 824 ergo
2753 753 3023 807 infelicem
3057 754 3274 823 quidem
3311 763 3598 824 tyrannum

2013 842 2312 911 implebant
2349 845 2693 900 dubitatione
2739 863 2754 900 :
2810 857 3144 915 spectatores
3181 859 3360 901 autem
3407 862 3598 901 eorum

2013 951 2133 1004 qua:
2162 937 2383 998 ﬁebant,
2412 938 2777 1006 provocabanl
2806 940 2872 991 ad
2907 939 3182 1006 pietatem.
3211 937 3482 993 Czeterum
3509 939 3610 994 ille

2014 1028 2283 1092 protinus,
2314 1043 2434 1079 cum
2462 1037 2608 1080 esset
2638 1028 2953 1088 sceleratus,
2985 1042 3043 1081 se
3066 1028 3131 1080 ad
3160 1027 3453 1081 sceleratas
3473 1042 3606 1082 eon-

2015 1121 2181 1171 vertit
2225 1119 2602 1187 cogitationes,
2633 1128 2684 1172 et
2721 1129 2941 1188 propter
2969 1121 3315 1174 dilectionem
3354 1120 3610 1188 corporis

2017 1209 2454 1272 consuetudinis,
2492 1225 2600 1262 non
2648 1219 2828 1262 autem
2879 1221 3104 1278 propter
3147 1210 3426 1277 sanguinis
3472 1224 3606 1262 con-

2015 1299 2376 1369 junctionem,
2395 1301 2708 1370 Christique
2736 1302 3089 1365 desiderium,
3115 1303 3454 1355 existimabat
3480 1315 3606 1356 eam

2019 1391 2296 1445 adhaerere
2328 1393 2570 1463 martyri.
2597 1391 2772 1446 Torve
2797 1393 2976 1461 itaque
3003 1404 3057 1446 et
3090 1393 3344 1447 ferociter
3366 1409 3486 1446 eam
3518 1395 3604 1446 in-

2021 1491 2178 1537 tuens
2211 1502 2223 1536 :
2256 1483 2398 1548 Quid
2438 1484 2564 1544 sibi,
2597 1484 2792 1552 inquit,
2837 1499 2870 1538 0
2909 1485 3118 1546 mulier,
3147 1485 3260 1537 vult
3317 1487 3416 1538 hoc
3452 1493 3607 1538 tuum

2021 1585 2417 1636 commentum,
2445 1586 2499 1630 et
2526 1578 2799 1645 quomodo
2831 1586 3050 1644 propter
3081 1579 3343 1630 insaniam
3376 1576 3430 1629 in
3461 1575 3611 1630 hunc

2021 1668 2424 1722 adolescentem
2481 1669 2703 1722 mutasti
2765 1669 3124 1738 religionem?
3189 1669 3292 1720 Sed
3344 1667 3608 1736 resipisce

2023 1760 2091 1813 ab
2121 1760 2222 1814 hac
2250 1759 2582 1813 circumfusa
2620 1761 2852 1828 ealigine
2889 1770 2992 1813 tuae
3014 1760 3339 1824 affectionis,
3374 1768 3428 1813 ct
3456 1759 3615 1828 placa

2025 1850 2349 1904 invictarum
2387 1849 2613 1904 deorum
2646 1852 3016 1904 clementiam.
3049 1849 3156 1916 Qui
3189 1852 3246 1905 fit
3275 1851 3439 1909 enim,
3463 1849 3607 1919 quod

2026 1949 2079 1994 tu
2105 1951 2210 1994 tam
2243 1953 2469 2008 repente
2513 1941 2592 1996 sis
2649 1953 2878 2005 mutata,
2917 1952 2971 1995 ut
3003 1954 3069 1995 ab
3106 1943 3207 1996 hac
3242 1942 3363 1994 luce
3395 1939 3608 1994 suavis-

2024 2033 2182 2096 sima,
2221 2039 2274 2084 et
2302 2031 2370 2083 ab
2407 2030 2469 2084 iis
2492 2047 2611 2100 quae
2653 2043 2781 2085 sunt
2813 2032 2865 2084 in
2895 2033 2997 2085 vita
3023 2034 3285 2102 jucunda,
3319 2033 3569 2086 discedas
3590 2047 3614 2090 ι

2025 2122 2400 2192 prmstigiatori
2445 2129 2628 2175 autem
2672 2123 2860 2192 juveni
2911 2123 3272 2184 adhaerescas,
3333 2131 3389 2177 et
3433 2123 3622 2191 impu—

2027 2215 2178 2269 denti
2211 2215 2362 2268 vultu
2391 2215 2458 2268 ad
2487 2224 2736 2270 nostrum
2769 2227 2825 2269 te
2865 2216 3026 2270 sistas
3053 2215 3311 2278 tribunal,
3347 2214 3616 2269 simulan-

2029 2319 2136 2364 tem
2187 2309 2584 2379 cognationem,
2614 2318 2670 2363 et
2721 2309 3096 2364 traducentem
3158 2308 3622 2362 consuetudinem

2027 2397 2092 2452 ad
2119 2397 2416 2452 fraternam
2467 2398 2774 2453 unionem?
2807 2397 3002 2454 Verum
3046 2398 3330 2452 enimvero
3367 2407 3615 2453 nostrum

2029 2488 2264 2546 tribunal
2296 2505 2405 2544 non
2451 2490 2726 2554 irridebis,
2759 2505 2864 2545 nec
2897 2491 3253 2559 imperatores
3283 2489 3505 2544 habebis
3533 2489 3618 2543 luo

2030 2585 2229 2639 dihrio.
2255 2584 2450 2638 Testor
2473 2583 2606 2637 deos
2635 2597 2848 2651 omnes,
2870 2594 2922 2636 et
2951 2581 3124 2636 nostri
3156 2581 3443 2635 tribunalis
3466 2581 3627 2636 beni-

2031 2673 2288 2744 gnitatem
2321 2683 2377 2728 et
2407 2671 2780 2733 clementiam,
2803 2671 2897 2725 tibi
2920 2669 3056 2724 nihil
3084 2670 3320 2739 amplius
3346 2670 3615 2732 futurum.

2031 2779 2193 2834 quam
2232 2763 2540 2832 Eulampio,
2573 2762 2680 2817 nisi
2719 2761 2862 2832 quod
2907 2761 2982 2816 sis
3015 2760 3292 2831 pejoribus
3335 2761 3629 2817 tormentis

2033 2855 2393 2926 subjicienda.

2107 2969 2248 3024 Vlll.
2275 2969 2354 3023 Ad
2387 2969 2504 3024 haec
2535 2976 2740 3038 martyr
2763 2965 3064 3022 masculino
3088 2965 3280 3036 spiritu
3311 2976 3366 3021 et
3393 2965 3625 3021 audacia

2037 3071 2162 3132 apte
2199 3062 2483 3130 respondit
2521 3080 2536 3115 :
2569 3062 2736 3124 Audi,
2763 3063 2970 3126 dicens,
3005 3075 3039 3114 ο
3063 3061 3253 3130 judex,
3275 3068 3328 3115 et
3359 3075 3624 3130 cognosce

353 3145 610 3212 εἰποῦσα,
661 3138 706 3196 ὦ
745 3141 1001 3207 δικαστά,
1049 3141 1142 3194 καὶ
1172 3143 1265 3194 τὸν
1313 3142 1446 3211 ἐμὸν
1483 3141 1558 3202 ὡς
1600 3139 1713 3210 ἔχει
1763 3141 1935 3209 γνῶθι

2039 3169 2219 3208 meum
2274 3163 2332 3207 ut
2385 3169 2444 3208 se
2495 3155 2658 3210 habet
2710 3169 2933 3224 sc0pum
2981 3169 3046 3208 ac
3093 3153 3426 3208 institutum.
3489 3149 3628 3206 Sum

356 3237 585 3293 σκοπόν.
620 3232 864 3304 Χριστοῦ
891 3233 1125 3302 ὑπάρχω
1151 3230 1314 3300 δούλη
1350 3247 1365 3261 ο
1402 3230 1642 3300 Χριστὸς
1665 3230 1791 3300 ἐμοὶ
1820 3230 1934 3300 ζωὴ

356 3333 456 3386 καὶ
475 3330 652 3399 ψυχῆς
679 3325 1020 3396 ἀγαλλίαμα.
1061 3325 1264 3378 Τούτου
1313 3326 1422 3395 ἐρῶ
1445 3364 1460 3389 ,
1493 3324 1668 3391 τούτῳ
1718 3324 1938 3377 σπεύδω

353 3421 615 3491 τυθῆναι.
686 3419 861 3488 Ὑπὲρ
909 3417 1102 3470 τούτου
1166 3419 1262 3470 καὶ
1317 3418 1427 3489 πῦρ
1467 3417 1783 3486 εὐτρέπιζε,
1843 3416 1940 3468 καὶ

357 3515 532 3586 θῆρας
559 3518 682 3583 άγε,
715 3517 810 3567 καὶ
839 3513 1069 3584 τροχοὺς
1096 3510 1376 3580 έτοίμαζε,
1416 3511 1512 3562 καὶ
1536 3511 1668 3579 ξίφη
1703 3510 1936 3578 γύμνου,

356 3610 458 3662 καὶ
499 3608 682 3659 πᾶσαν
728 3606 900 3675 άλλην
950 3605 1157 3658 ἐπινόει
1215 3603 1478 3674 βάσανον,
1520 3603 1604 3656 ἵνα
1634 3603 1814 3673 μάθῃς
1854 3603 1938 3657 ὅτι

355 3700 459 3770 οὐχ
489 3698 663 3761 οὕτως
689 3696 926 3766 ἀγεννὴς
955 3695 1068 3765 ἐγὼ
1098 3697 1192 3748 καὶ
1227 3695 1590 3765 μικρόψυχος,
1629 3691 1716 3756 οὒ,
1745 3693 1821 3762 μά
1847 3692 1941 3744 τὸν

358 3793 506 3861 ὑπὲρ
531 3789 821 3852 εὐσεϐείας
845 3788 1036 3842 τοῦτον
1063 3787 1250 3856 ἀγῶνα
1277 3828 1292 3852 ,
1322 3786 1381 3839 ὃν
1425 3787 1520 3839 καί
1557 3786 1719 3856 μέχρι
1753 3785 1940 3847 τέλους

357 3881 709 3953 ἀγωνιοῦμαί
741 3897 801 3934 τε
836 3880 932 3932 καὶ
961 3878 1306 3951 δραμοῦμαι,
1340 3877 1436 3931 καὶ
1477 3878 1613 3948 πρὸς
1651 3879 1757 3930 πᾶν
1799 3871 1940 3940 εἶδος

358 3975 644 4037 κολάσεως
691 3971 893 4042 ἑαυτὴν
951 3971 1167 4024 ἔκδοτον
1215 3971 1581 4040 παραστήσω,
1641 3967 1732 4021 ίνα
1797 3967 1943 4038 γνῷς

363 4073 453 4125 ὅτι
497 4065 702 4138 ἀδελφὴ
749 4063 861 4132 εγὼ
902 4062 1118 4131 τούτου,
1181 4062 1276 4115 καὶ
1324 4063 1394 4114 τὰ
1433 4061 1638 4128 ἀδελφὰ
1668 4060 1944 4130 φρονοῦσα

358 4161 456 4216 τοῦ
486 4161 586 4222 τὰς
619 4157 719 4219 σὰς
753 4156 1021 4226 βασάνους
1050 4153 1126 4224 μὴ
1161 4153 1595 4219 ὑποπτήξαντος,
1629 4153 1722 4204 καὶ⁸
1761 4151 1830 4202 τά
1877 4151 1944 4203 σὰ

365 4251 692 4319 σεϐάσματα
745 4245 1161 4307 καταλύσαντος
1189 4283 1203 4307 ,
1236 4247 1332 4296 καὶ⁸
1363 4243 1521 4304 αὖθις
1561 4243 1618 4294 δέ
1660 4258 1744 4294 σοι
1776 4242 1942 4311 φημὶ,

368 4344 447 4414 μή
502 4341 643 4412 πρὸς
692 4338 793 4410 τὴν
844 4339 945 4407 τῆς
997 4337 1322 4406 γυναικείας
1379 4335 1599 4404 φύσεως
1663 4335 1944 4404 ἀφορῶντι

363 4435 680 4498 ἀσθένειαν,
730 4432 955 4497 ἀνάξιόν
1005 4447 1058 4482 τι
1102 4431 1203 4498 τῆς
1248 4429 1491 4492 διανοίας
1535 4429 1634 4498 τῆς
1669 4426 1946 4498 ἡμετέρας

364 4526 614 4591 ἐλπίσαι,
661 4524 798 4593 μηδὲ
827 4524 889 4574 τὸ
911 4522 1012 4590 τῆς
1047 4521 1263 4590 ἡλικίας
1291 4521 1500 4574 ἁπαλὸν
1536 4520 1942 4589 εύεξαπάτητον
1974 4513 2020 4568 D

365 4619 590 4690 νομίσαι
629 4619 750 4680 ταῖς
787 4619 908 4678 σαῖς
938 4616 1230 4678 ἐπινοίαις.
1274 4615 1333 4666 ’0
1358 4615 1466 4684 γὰρ
1494 4613 1631 4681 πρὸς
1659 4613 1752 4664 τὸν
1779 4609 1944 4666 αὑτοῦ

367 4710 552 4780 ἔρωτα
581 4708 878 4778 πτερώσας
909 4707 1084 4776 ἡμᾶς,
1115 4708 1212 4758 καὶ
1245 4705 1378 4773 πρὸς
1403 4704 1496 4756 τὸν
1527 4702 1670 4756 κατά
1707 4701 1824 4766 σοῦ,
1853 4703 1948 4755 καὶ

367 4802 465 4855 τοῦ
510 4800 767 4854 διαϐόλου
822 4799 1064 4868 πόλεμον
1113 4796 1474 4860 καθοπλίσας,
1510 4795 1672 4857 αὐτὸς
1701 4796 1798 4848 καὶ
1846 4795 1947 4864 τὴν

365 4894 604 4964 δύναμιν
630 4891 810 4963 ὀρέξει
838 4929 853 4957 ,
886 4891 983 4943 καὶ
1013 4891 1112 4962 τὴν
1148 4890 1306 4960 νίκην
1339 4888 1822 4958 περιφανεστάτην
1855 4890 1948 4955 έρ-

366 4986 628 5054 γάσεται.

438 5074 520 5132 Θ’.
564 5076 793 5140 Τούτοις
827 5076 861 5146 ή
887 5075 1102 5147 μάρτυς
1150 5072 1688 5145 πεπαρῤησιασμένῃ
1731 5070 1948 5142 γλώττῃ

365 5169 464 5223 τοῦ
497 5169 766 5240 τυράννου
805 5168 994 5236 σαφῶς
1031 5163 1584 5235 καταρητορεύσασα,
1618 5163 1950 5235 έρῤαπίζετο

363 5263 468 5324 τὰς
500 5260 741 5332 παρείας
777 5260 1178 5330 ἀπηνέστερον,
1223 5260 1317 5310 καὶ
1363 5257 1488 5325 δψιν
1523 5256 1762 5326 ἰσχυρῶς
1823 5273 1951 5308 συν-

365 5348 654 5418 ετρίϐετο,
696 5347 760 5402 τὺ
794 5345 852 5398 δὲ
885 5345 987 5409 τῆς
1033 5348 1253 5416 μορφῆς
1285 5343 1514 5414 ἐπίχαρι
1555 5345 1947 5416 καθηλλοίωτο,

367 5440 470 5494 καὶ
498 5440 561 5492 τὸ
606 5440 708 5510 τῆς
759 5440 946 5508 φωνῆς
979 5437 1272 5491 ἐσϐέννυτο
1324 5437 1582 5506 δργανον,
1620 5441 1686 5508 τῇ
1733 5440 1952 5509 συνεχεί

368 5531 482 5585 τῶν
516 5533 883 5606 ραπισμάτων
916 5535 1183 5605 ὲπιφορᾷ.
1211 5534 1354 5606 Πρὸς
1383 5532 1558 5586 ταῦτα
1586 5529 1702 5604 εἶχε
1740 5534 1838 5604 μὲν
1857 5533 1951 5588 τὸν

369 5625 603 5695 ἀδελφὺν
633 5626 1051 5698 έπιρῤωννύντα
1083 5629 1176 5680 καὶ
1202 5628 1624 5698 παραθήγοντα,
1692 5629 1788 5682 καὶ
1815 5628 1952 5698 πρὸς

372 5715 473 5779 τὰς
509 5717 779 5786 βασάνους
825 5720 1228 5790 εύτολμοτέραν
1270 5716 1413 5772 εἶναι
1443 5722 1703 5774 ποιοῦντα
1731 5737 1745 5751 ⁸
1772 5722 1954 5793 ὴνδρί-

376 5807 501 5871 ζετο
539 5807 596 5861 δὲ
622 5810 716 5864 καὶ
747 5810 892 5885 αὐτὴ
927 5811 1052 5865 καθ’
1098 5811 1223 5864 ὅσον
1265 5804 1378 5865 οἷόν
1409 5827 1468 5864 τε
1524 5803 1620 5864 καὶ
1667 5811 1954 5884 λογισμοῖς

2039 3245 2238 3298 Christi
2277 3245 2491 3298 ancilla.
2538 3245 2790 3299 Christus
2838 3251 2924 3299 est
2973 3244 3109 3298 mihi
3165 3245 3294 3312 vita,
3322 3251 3378 3299 et
3431 3243 3632 3297 animm

2039 3336 2352 3390 exsultatio.
2385 3336 2522 3389 Eum
2569 3351 2715 3400 amo,
2745 3337 2794 3389 ei
2841 3335 3033 3389 studeo
3065 3333 3382 3388 sacrificari.
3421 3333 3526 3388 Pro
3560 3347 3632 3386 eo

2039 3437 2096 3481 et
2123 3431 2298 3497 ignem
2333 3443 2486 3496 para,
2518 3436 2573 3482 et
2621 3429 2726 3481 duc
2778 3426 3006 3492 bestias,
3048 3435 3106 3480 et
3148 3433 3296 3480 rotas
3329 3425 3544 3494 expedi,
3570 3432 3630 3479 et

2041 3524 2246 3588 stringe
2285 3535 2465 3583 enses,
2495 3529 2552 3574 ct
2599 3521 2845 3590 excogita
2895 3534 3058 3573 omne
3087 3519 3234 3572 aliud
3269 3527 3626 3580 tormentum,

2041 3619 2101 3662 ut
2126 3611 2266 3664 scias
2300 3624 2386 3664 me
2429 3625 2538 3662 non
2579 3624 2698 3663 esse
2749 3618 2853 3662 tam
2887 3609 3064 3679 ignavi
3100 3618 3155 3663 et
3201 3607 3379 3677 pusilli
3435 3609 3626 3661 animi.

2041 3701 2177 3764 Hoc,
2198 3701 2341 3770 quod
2373 3716 2472 3770 pro
2499 3701 2697 3770 pietate
2725 3701 3021 3769 suscipitur
3048 3707 3348 3762 certamen,
3373 3699 3438 3752 ad
3465 3700 3630 3754 linem

2045 3807 2216 3861 usque
2265 3791 2553 3845 decertabo
2603 3800 2656 3845 et
2706 3807 2980 3861 peragam,
3021 3800 3077 3845 et
3119 3793 3385 3860 meipsam
3421 3793 3630 3846 tradam

2043 3886 2110 3938 ad
2147 3899 2310 3936 omne
2341 3899 2512 3952 genus
2547 3884 2820 3953 supplicii,
2855 3891 2913 3937 ut
2944 3883 3086 3938 scias
3114 3898 3201 3938 me
3246 3898 3367 3937 esse
3399 3886 3518 3951 ejus
3543 3898 3633 3938 so-

2044 3986 2244 4033 rorem,
2278 3980 2336 4025 et
2383 3972 2621 4026 fraterne
2649 3973 2861 4036 eadem,
2891 3988 3011 4041 qua:
3061 3973 3148 4027 ille
3186 3975 3372 4035 sentit,
3403 3975 3632 4040 sentire,

2045 4063 2137 4132 qui
2175 4073 2266 4117 tua
2309 4074 2576 4118 tormenta
2607 4079 2716 4117 non
2766 4063 3104 4127 formidavit,
3135 4073 3190 4119 et
3221 4080 3283 4118 ea
3310 4081 3431 4134 qua:
3474 4065 3634 4130 colis,

2045 4157 2336 4211 simulacra
2385 4156 2572 4210 diruit.
2627 4156 2796 4210 Porro
2830 4168 3011 4211 autem
3063 4173 3251 4211 rursus
3281 4173 3498 4226 quoque
3534 4159 3632 4214 tibi

2047 4249 2188 4314 dico,
2223 4265 2292 4304 ne
2341 4250 2613 4320 aspiciens
2642 4250 2711 4304 ad
2761 4251 3045 4305 muliebris
3085 4266 3250 4305 sexus
3295 4251 3638 4305 imbecillita-

2047 4350 2180 4404 tem,
2215 4356 2405 4410 speres
2443 4341 2644 4411 aliquid
2679 4341 2963 4411 indignum
2995 4351 3181 4396 nostra
3222 4353 3426 4406 mente,
3460 4357 3636 4410 neque

2050 4436 2226 4486 astatis
2248 4433 2530 4487 mollitiem
2563 4445 2720 4502 putes
2745 4436 2855 4488 tuis
2886 4435 3125 4489 inventis
3151 4434 3309 4489 facile
3343 4451 3503 4504 posse
3534 4436 3635 4490 de-

2049 4525 2176 4594 cipi.
2210 4525 2313 4589 Qui
2352 4527 2498 4578 enim
2548 4540 2648 4578 nos
2688 4526 2756 4579 ad
2804 4527 3051 4579 divinum
3079 4542 3239 4579 suum
3281 4527 3456 4580 erexit
3485 4541 3638 4580 amo-

2051 4631 2189 4680 rem,
2215 4625 2269 4668 et
2302 4630 2402 4668 nos
2432 4616 2666 4669 armavit
2690 4617 2756 4669 ad
2786 4616 2988 4670 bellum
3017 4626 3211 4670 contra
3245 4627 3297 4671 te
3332 4618 3633 4687 gerendum

2049 4715 2104 4760 et
2133 4706 2428 4771 diabolum,
2472 4705 2588 4773 ipse
2619 4715 2670 4760 et
2718 4708 2982 4776 prmbebit
3010 4708 3154 4762 vires
3192 4717 3246 4762 et
3276 4709 3632 4764 clarissimam

2049 4796 2248 4851 elIiciet
2273 4797 2580 4853 victoriam.

2123 5082 2216 5140 IX.
2249 5082 2376 5137 llaec
2413 5091 2614 5154 martyr
2643 5073 2826 5154 lingua
2865 5084 3034 5141 libera
3079 5096 3268 5158 aperte
3307 5089 3497 5145 dicens
3525 5090 3637 5146 ad-

2053 5189 2244 5229 versus
2267 5185 2578 5243 tyrannum,
2604 5176 2862 5245 colaphos
2883 5178 3036 5246 genis
3052 5180 3349 5236 crudeliter
3371 5184 3636 5252 impactos

2054 5267 2287 5336 accepit,
2336 5274 2388 5319 et
2429 5265 2532 5319 fuit
2578 5267 2700 5334 ejus
2739 5269 2922 5322 vultus
2957 5271 3314 5328 vehementer
3349 5286 3635 5340 contusus.

2054 5356 2259 5411 Mutata
2293 5365 2379 5410 est
2404 5365 2586 5409 autem
2617 5357 2734 5426 ejus
2772 5357 2959 5413 formae
2989 5362 3186 5430 gratia.
3222 5372 3280 5418 et
3305 5364 3637 5421 exstinctum

2053 5451 2153 5506 fuit
2182 5449 2331 5504 vocis
2372 5450 2800 5503 instrumentum
2855 5450 3076 5508 inflictis
3107 5456 3455 5510 continenter
3491 5457 3638 5512 cola-

2055 5543 2198 5616 phis.
2228 5542 2309 5595 Ad
2344 5543 2457 5596 haec
2486 5541 2716 5595 habebat
2756 5543 2974 5612 quidem
3020 5544 3238 5600 fratrem
3268 5563 3387 5604 eam
3441 5550 3642 5606 confir-

2056 5641 2317 5697 mantem,
2348 5640 2403 5685 et
2443 5630 2787 5696 incitautem,
2839 5643 2893 5688 et
2933 5637 3278 5692 audaciorem
3321 5641 3638 5697 reddentem

2057 5725 2122 5780 ad
2156 5723 2476 5779 certat-ina.
2502 5723 2634 5778 Erat
2653 5734 2834 5778 autem
2867 5727 2981 5796 ipsa
3009 5745 3224 5799 quoque
3247 5732 3439 5801 virilis,
3463 5736 3640 5804 quoad

2063 5820 2179 5888 ejus
2215 5815 2330 5870 fieri
2362 5823 2597 5887 poterat,
2620 5824 2676 5871 et
2703 5821 2981 5887 generosis
3009 5825 3432 5894 cogitationibus
3465 5828 3639 5882 imbe-
