4110 6474
452 401 589 467 1063
1740 385 2024 454 MENSIS
2061 384 2424 448 OCTOBER.
3586 368 3733 438 1061

452 516 734 573 cillitatem
765 523 974 569 natura!
1000 512 1298 568 reﬁciebat.
1329 510 1434 564 Sed
1466 507 1579 562 haec
1603 520 1710 560 non
1742 508 1902 557 erant
1921 515 2039 555 om-
2068 546 2069 551 η

2180 496 2413 557 ενναίοις
2472 495 2536 547 τὸ
2587 491 2815 556 ἀσθενὲς
2876 490 2975 559 τῆς
3034 488 3255 557 φύσεως
3307 484 3730 555 ἀνελάμϐανεν.

453 607 587 661 nino
616 605 831 675 praasidi
860 603 1161 659 tolerabilia
1186 599 1392 657 videnti
1417 608 1472 653 et
1490 610 1694 651 meram
1725 601 2041 647 sanctorum

2173 588 2302 641 Αλλ’
2336 588 2437 641 ούκ
2460 582 2529 656 ἦν
2567 584 2708 648 ὅλως
2755 584 2971 654 φορητά
3023 581 3199 635 ταῦτα
3236 578 3316 648 τῷ
3346 578 3622 649 ἡγεμόνι,
3668 574 3739 629 τό

454 670 712 766 loquendi
766 696 1078 749 libertatem
1110 702 1166 748 et
1196 692 1421 747 minime
1464 689 1750 743 cedentem
1807 684 2046 740 toleran-

2173 698 2206 733 ἐ
2259 683 2361 747 τῆς
2418 677 2737 750 παρρησίας
2776 678 3045 743 ἄκρατον,
3092 673 3188 726 καί
3221 673 3284 725 τὸ
3316 671 3417 741 τῆς
3445 670 3739 741 ὑπομονῆς

458 788 610 842 tiam.
656 786 809 842 Unde
866 785 1034 838 etiam
1080 799 1271 838 rursus
1314 795 1457 836 nova
1501 777 1881 848 excogitantur
1928 785 2040 828 tor:

2173 767 2438 821 ινένδοτον
2467 767 2574 820 τῶν
2606 768 2779 834 ἁγίων
2802 765 3022 834 ὁρῶντι,
3056 764 3181 817 ὅθεν
3210 762 3306 816 καὶ
3339 762 3506 815 πάλιν
3536 778 3740 814 καινο-

454 885 640 931 menta
674 892 688 928 :
725 876 982 945 lebesque
1034 875 1284 943 protinus
1316 880 1534 942 paratus
1569 870 1671 923 fuit
1703 866 1957 927 bulliens,
1987 874 2048 919 ut

2173 862 2284 933 τέρα
2355 860 2740 930 κολαστηρίων
2820 858 3057 923 ἐπίνοια,
3107 855 3203 908 καὶ
3263 856 3426 909 πάλιν
3451 857 3501 907 οἰ
3540 854 3739 925 δήμιοι

455 977 721 1038 martyres
775 969 1078 1036 exciperet.
1124 966 1184 1020 In
1242 980 1404 1034 quem
1465 959 1781 1029 Eulampius
1825 957 2045 1027 quidem

455 1060 798 1115 conﬁdenter
850 1070 934 1114 est
984 1060 1266 1129 ingressus
1310 1073 1326 1111 :
1370 1055 1650 1124 Eulainpia
1710 1061 1896 1106 autem
1937 1051 2047 1120 (ita

456 1154 605 1209 enim
652 1154 1033 1223 appellabatur
1083 1162 1136 1207 et
1186 1151 1336 1221 ipsa)
1379 1160 1634 1217 tanquam
1688 1146 1951 1214 caligatis,
1991 1149 2052 1196 ut

459 1258 582 1313 qua:
614 1252 753 1297 esset
783 1256 977 1297 natura
998 1242 1232 1304 mollior,
1264 1249 1320 1295 et
1357 1254 1387 1292 a
1420 1237 1659 1307 maligno
1679 1235 2052 1304 impelleretur

461 1336 532 1390 ad
581 1334 947 1398 timiditatem,
994 1334 1323 1388 labascebat.
1367 1330 1473 1385 Sed
1524 1331 1714 1393 frater,
1765 1326 1856 1395 qui
1905 1325 2049 1379 idem

461 1436 583 1481 erat
642 1429 824 1481 socius
883 1425 1220 1487 certaminis,
1274 1424 1343 1478 ab
1390 1423 1499 1477 imo
1559 1433 1863 1488 emergens,
1933 1424 2053 1469 tan-

463 1535 626 1589 quam
683 1534 747 1572 ex
806 1518 987 1587 aliquo
1041 1516 1294 1570 convivio
1344 1524 1401 1569 et
1439 1512 1647 1583 requie,
1697 1509 1925 1565 vocabat
1966 1522 2057 1561 soo

465 1626 669 1676 rorem,
702 1620 758 1664 et
790 1610 838 1663 ei
872 1610 1105 1663 addebat
1134 1608 1401 1673 animum,
1441 1615 1495 1660 et
1529 1605 1849 1659 hortabatur
1884 1612 1943 1655 ut
1967 1601 2055 1655 in-

468 1704 787 1773 grederetur
821 1702 1053 1756 lebetem
1079 1702 1266 1755 dicens
1291 1718 1306 1755 :
1342 1698 1489 1754 Nihil
1512 1698 1856 1759 extimescas,
1880 1695 2054 1749 solum

469 1796 760 1850 attendens
798 1794 851 1847 id
884 1800 1023 1863 quod
1056 1793 1293 1855 videtur.
1318 1802 1375 1847 et
1416 1807 1526 1847 non
1571 1792 1635 1846 ad
1668 1790 1837 1844 Deum
1865 1787 2055 1843 oculos

467 1888 664 1941 animae
694 1886 958 1951 deligens,
995 1886 1081 1939 cui
1114 1893 1168 1939 et
1205 1884 1570 1939 communiter
1611 1881 1966 1941 credidimus,
2003 1887 2057 1932 et

468 1992 500 2031 a
564 1992 676 2045 quo
729 1976 1020 2029 maximam
1073 1975 1386 2030 invenimus
1430 1972 1956 2027 remunerationem.
1996 1967 2056 2022 Si

469 2067 619 2122 enim
669 2068 810 2121 hanc
858 2066 1179 2120 bullientem
1221 2079 1417 2134 aquam
1463 2063 1636 2118 solum
1685 2062 1951 2131 attigeris,
1989 2061 2058 2114 ab

472 2160 595 2229 ipso
622 2174 878 2229 magnum
906 2159 1115 2212 senties
1148 2157 1432 2218 auxilium,
1466 2157 1623 2223 cujus
1658 2169 1759 2224 ego
1794 2164 1922 2207 tuus
1950 2153 2062 2207 fra-

475 2260 558 2304 ter
580 2266 700 2302 sum
729 2250 903 2312 testis,
935 2249 1028 2318 qui
1066 2249 1149 2304 sic
1173 2248 1269 2303 tibi
1296 2262 1497 2303 cernor
1526 2246 1862 2316 impatibilis,
1890 2254 1946 2300 et
1974 2245 2064 2299 ni-

480 2342 570 2395 hil
586 2342 793 2396 doloris
818 2341 1087 2395 sentiens.

543 2518 614 2573 Χ.
646 2518 745 2573 His
767 2532 1022 2586 persuasa
1043 2515 1352 2585 Eulampia,
1380 2524 1437 2570 et
1459 2516 1683 2569 omnino
1712 2516 2064 2585 acquiescens

475 2612 597 2678 ejus
630 2610 999 2670 suasionibus,
1030 2608 1280 2675 protinus
1312 2616 1570 2677 prompto
1599 2608 1836 2662 etalacri
1878 2609 2063 2663 animo

475 2704 720 2772 ingressa
769 2708 856 2754 est
904 2699 1159 2754 lebetem.
1226 2699 1429 2753 Deinde
1481 2700 1647 2753 etiam
1698 2702 2065 2754 communiter

477 2794 675 2864 spiritu
705 2792 1065 2850 exsultantes.
1107 2791 1217 2846 laeti
1272 2801 1633 2859 susceperunt
1688 2788 2064 2861 supplicium;

477 2895 534 2941 et
558 2886 809 2956 protinus
845 2885 994 2937 lebes
1035 2884 1210 2938 evasit
1239 2882 1488 2950 frigidus,
1529 2892 1584 2938 et
1615 2883 1755 2937 nihil
1787 2883 1913 2937 mali
1944 2900 2068 2953 pas-

476 2992 569 3032 sos
592 2976 863 3032 continuit
903 2985 1190 3046 martyres.
1241 2973 1429 3043 Neque
1471 2990 1602 3030 vero
1654 2990 1900 3044 eousque
1933 2990 2067 3030 con-

480 3069 622 3127 stitit
656 3083 742 3120 res
764 3066 1121 3127 admirabilis.
1157 3066 1254 3119 sed
1300 3068 1465 3119 etiam
1496 3082 1604 3120 non
1649 3081 1854 3136 paucos
1884 3083 1948 3121 ex
1978 3068 2068 3132 iis,

2150 954 2560 1033 ἀπαραίτητοι·
2594 951 2759 1019 λέϐης
2803 951 2912 1019 γὰρ
2948 950 3241 1018 καχλάζων
3285 947 3449 1010 εὐθὺς
3497 946 3744 1016 ἡτοιμά-

2152 1047 2300 1110 ζετο,
2336 1047 2431 1099 καὶ
2476 1044 2604 1107 τοὺς
2652 1045 2940 1113 μάρτυρας
2980 1042 3296 1110 ὑπεδέχετο,
3328 1039 3467 1109 πρὸς
3514 1039 3575 1090 ὃν
3628 1055 3744 1109 περ

2157 1139 2484 1208 Εύλάμπιος
2521 1138 2620 1206 μὲν
2648 1136 2823 1206 εἰσῄει
2853 1134 3096 1206 θαρρῶν,
3137 1137 3169 1202 ή
3205 1132 3417 1202 μάρτυς
3453 1131 3509 1185 δὲ
3543 1130 3741 1199 ὥσπερ

2163 1230 2544 1299 ἰλιγγιάσασα,
2574 1230 2667 1283 ἆτε
2703 1228 2768 1297 δὴ
2806 1226 2899 1280 καὶ
2930 1228 3029 1295 τὴν
3060 1225 3222 1294 φύσιν
3258 1222 3612 1291 ἁπαλωτέρα,
3640 1222 3743 1274 καί

2154 1341 2209 1376 τι
2230 1322 2442 1377 καὶτοῦ
2462 1320 2703 1391 πονηροῦ
2726 1321 2850 1381 τοὺς
2873 1318 3171 1386 λογισμοὺς
3200 1317 3342 1385 αὐτῇ
3376 1314 3510 1382 πρὸς
3531 1313 3744 1367 δειλίαν

2158 1412 2616 1472 ὑποσαλεύσντος,
2643 1409 2955 1473 ὀκλάζουσα
2987 1404 3079 1477 ἦν.
3121 1406 3263 1460 Ἀλλ’
3289 1406 3316 1458 6
3340 1404 3568 1473 ἁδελφὸς
3598 1402 3741 1473 ὁμοῦ

2158 1506 2257 1559 καὶ
2298 1502 2645 1573 συλαθλητὴς
2686 1503 2935 1555 κάτωθεν
2982 1498 3189 1561 ἀναδὺς
3247 1494 3363 1551 οἷον
3424 1498 3535 1549 ἀπό
3591 1512 3742 1561 τινος

2159 1597 2397 1666 εὐωχίας
2453 1596 2551 1648 καί
2607 1593 3018 1658 ἀναπαύσεως,
3078 1589 3476 1661 προσεκαλεῖτό
3530 1604 3591 1642 τε
3637 1587 3743 1656 τὴν

2154 1687 2432 1756 σύγγονον
2479 1687 2577 1739 καὶ
2617 1684 3006 1756 παρεθάρρυνε
3029 1722 3045 1746 ,
3096 1684 3194 1736 καί¹
3223 1682 3358 1734 εἵσω
3386 1679 3483 1733 τοῦ
3511 1679 3745 1749 λέϐητος

2161 1778 2420 1847 γενέσθαι
2456 1776 2720 1848 παρῄνει,
2744 1776 2929 1847 Μηδὲν
2960 1775 3306 1847 ύποπτήξῃς,
3326 1773 3524 1839 λέγων,
3553 1770 3745 1833 ἁπλῶς

2159 1869 2335 1932 οὕτως
2371 1867 2449 1937 τῷ
2475 1868 2754 1938 ὁρωμένῳ
2789 1865 3137 1935 προσέχουσα
3160 1901 3175 1923 ,
3210 1866 3304 1915 καὶ
3334 1864 3413 1933 μὴ
3440 1861 3574 1932 πρὸς
3605 1858 3745 1913 Θεὸν

2159 1962 2289 2024 τοὺς
2320 1962 2420 2029 τῆς
2449 1960 2630 2029 ψυχῆς
2657 1957 2978 2029 ὀφθαλμοὺς
3009 1954 3336 2019 ἀτενίζουσα
3358 1995 3373 2022 ,
3410 1948 3454 2022 ᾧ
3487 1970 3547 2006 τε
3578 1953 3741 2022 κοινῇ

2161 2051 2642 2120 πεπιστεύκαιμεν
2667 2091 2680 2112 ,
2712 2051 2810 2103 καὶ
2838 2051 2972 2118 παρ’
3006 2045 3068 2103 οὗ
3110 2047 3380 2118 μεγίστην
3411 2044 3748 2116 εὑρίσκομεν

2161 2145 2260 2213 τὴν
2300 2143 2615 2212 ἀντίληψιν.
2640 2143 2705 2195 Εἰ
2736 2142 2846 2211 γὰρ
2875 2143 3037 2211 μόνον
3066 2140 3160 2192 τοῦ
3193 2138 3389 2201 ὓδατος
3413 2137 3609 2190 τούτου
3644 2134 3747 2188 τοῦ

2162 2234 2532 2306 καχλάζοντος
2560 2233 2967 2303 παραψαύσεις,
2999 2231 3205 2302 πολλῆς
3228 2230 3469 2300 αἰσθήσῃ
3488 2229 3589 2299 τῆς
3609 2228 3747 2300 παρ’

2163 2329 2331 2383 αὐτοῦ
2376 2328 2652 2399 βοηθείας,
2684 2323 2751 2398 ἦς
2789 2327 2903 2396 ἐγὼ
2933 2325 3144 2395 μάρτυς
3174 2326 3205 2378 6
3240 2323 3332 2386 σὸς
3362 2323 3621 2393 ἁδελφὸς,
3655 2320 3752 2375 οὔ-

2162 2439 2272 2485 τως
2307 2419 2586 2491 ὁρώμενόν
2616 2436 2700 2473 σοι
2727 2419 2947 2486 ἀπαθὴς
2975 2422 3069 2471 καὶ
3101 2416 3390 2478 ἀνώδυνος.

2239 2516 2299 2570 l'.
2343 2514 2569 2577 Τούτοις
2617 2513 2917 2581 Εύλαμπία
2971 2511 3263 2563 πεισθεῖσα
3290 2548 3306 2572 ,
3344 2509 3441 2562 καὶ
3488 2507 3586 2577 ὅλη
3636 2507 3752 2561 τῶν

2166 2605 2336 2659 αὐτοῦ
2378 2605 2769 2675 παραινέσεων
2809 2604 3083 2672 γενομένη
3109 2641 3126 2668 ,
3185 2599 3487 2671 προθύμως
3545 2601 3751 2654 αὐτίκα

2168 2699 2262 2752 καὶ
2293 2700 2559 2767 γενναίως
2584 2696 2760 2768 εἰσῄει
2793 2697 2885 2749 τὸν
2915 2696 3119 2765 λέϐητα
3140 2734 3155 2761 ,
3188 2691 3308 2748 εἶτα
3346 2696 3442 2747 καὶ
3470 2696 3627 2762 κοινῇ
3672 2692 3753 2762 τῷ

2168 2789 2453 2859 πνεύματι
2484 2789 2983 2859 άγαλλιασάμενοι,
3029 2786 3133 2857 τὴν
3174 2787 3448 2858 τιμωρίαν
3504 2785 3623 2855 μετ’
3664 2785 3757 2838 εὑ-

2171 2882 2451 2952 φροσύνης
2515 2881 2784 2951 ἐδέχοντο,
2844 2883 2940 2934 καὶ
2992 2879 3206 2949 ψυχρὸς
3262 2878 3469 2941 εὐθέως
3507 2879 3536 2929 6
3588 2877 3757 2948 λέϐης

2171 2976 2471 3040 ἐδείκνυτο,
2511 2977 2607 3028 καὶ
2635 2973 2870 3037 ἀπαθεῖς
2898 2973 3088 3026 κακῶν
3115 2975 3334 3041 συνεῖχε
3365 2972 3497 3033 τοὺς
3539 2970 3758 3041 μάρτυ-

2173 3084 2298 3137 ρας.
2339 3068 2450 3120 Καὶ
2478 3068 2541 3120 οὐ
2581 3068 2743 3137 μέχρι
2775 3065 2967 3118 τούτου
2992 3067 3054 3117 τὺ
3078 3063 3385 3130 παράδοξον
3418 3064 3576 3132 ἔστη,
3616 3060 3759 3113 ἀλλὰ

479 3161 574 3229 qui
605 3161 1053 3223 circumstabant,
1087 3158 1303 3213 induxit
1346 3158 1417 3212 ad
1456 3160 1738 3227 pietatem.
1768 3161 1936 3215 Porro
1968 3177 2067 3214 au-

2173 3160 2269 3211 xal.
2295 3158 2405 3211 τῶν
2442 3157 2890 3229 περιεστηκότων
2919 3157 3023 3209 οὐκ
3053 3155 3269 3224 ὀλίγους
3311 3155 3447 3225 πρὸς
3469 3154 3757 3206 εὐσέϐειαν

483 3260 592 3306 tem
625 3251 801 3320 ipsum
834 3266 1050 3319 quoque
1085 3257 1399 3319 tyrannum,
1428 3250 1528 3305 etsi
1579 3267 1689 3304 non
1737 3267 1872 3319 pure
1907 3254 2069 3306 traxit

479 3340 553 3397 ad
586 3356 776 3394 verum
814 3341 908 3397 Dei
931 3341 1161 3407 cultura,
1188 3339 1331 3393 illius
1362 3348 1547 3394 tamen
1582 3341 1832 3395 labefecit
1866 3342 2070 3411 cogita-

486 3436 712 3497 tionem,
741 3440 794 3485 et
824 3432 955 3486 fecit
986 3432 1238 3486 dubitare
1270 3433 1339 3487 de
1368 3447 1467 3486 sua
1498 3432 1780 3503 religione.
1812 3430 2070 3502 Ethiops

485 3533 669 3579 tamen
712 3538 821 3577 non
873 3523 974 3577 fuit
1014 3524 1316 3587 dealbatns,
1344 3531 1401 3578 et
1431 3537 1633 3576 cancer
1678 3532 1830 3576 recte
1859 3522 2071 3592 ingredi

485 3630 599 3669 non
649 3615 859 3670 didicit.
887 3616 1019 3669 Cum
1075 3616 1219 3668 enim
1254 3619 1541 3668 vincerent
1572 3614 1791 3682 quidem
1827 3612 2068 3680 athletae,

486 3708 804 3762 vinceretur
837 3718 1016 3761 autem
1051 3709 1273 3776 impius.
1306 3721 1406 3760 eos
1428 3720 1459 3758 a
1487 3720 1546 3758 se
1576 3706 1810 3760 invicem
1831 3716 1887 3760 et
1913 3724 1943 3760 ε
1966 3707 2074 3762 [ide

490 3800 548 3854 in
582 3798 857 3854 Christum
883 3815 994 3853 non
1028 3800 1216 3854 valens
1246 3799 1574 3862 distrahere,
1610 3799 1754 3853 redit
1788 3816 1977 3856 rursus
2004 3800 2075 3854 ad

487 3902 775 3955 consueta,
814 3902 865 3946 et
899 3902 1144 3946 armatur
1171 3894 1353 3946 denuo
1381 3891 1646 3945 adversus
1668 3893 1845 3946 solum
1877 3903 2077 3963 marty-

487 3999 628 4048 rem,
668 3995 721 4038 et
746 3985 906 4054 jubet
944 3985 994 4039 ei
1031 3986 1275 4040 exscindi
1309 3986 1547 4054 pupillas
1587 3988 1871 4041 oculorum
1907 3987 1954 4039 is
1982 3986 2076 4054 qui

486 4078 668 4132 cordis
709 4076 1029 4131 caecutiebat
1075 4076 1270 4143 oculis,
1297 4086 1352 4131 et
1397 4077 1546 4130 illum
1608 4078 1779 4148 magis
1827 4079 2077 4134 cruciare

489 4181 815 4238 procurans,
850 4176 907 4221 et
942 4167 1284 4235 machinans,
1318 4178 1377 4221 ut
1414 4168 1536 4235 ejus
1582 4169 1790 4223 sororis
1829 4184 1929 4238 per
1977 4171 2081 4226 hoc

489 4259 838 4329 frangeretur
884 4258 1131 4311 audacia.
1169 4256 1276 4311 Sed
1329 4257 1384 4310 in
1418 4256 1523 4311 hoc
1561 4274 1781 4328 quoque
1811 4260 1916 4315 fuit
1949 4277 2081 4316 con—

490 4351 671 4404 victus
735 4363 873 4402 vana
946 4358 1003 4402 et
1064 4350 1246 4402 inania
1300 4348 1485 4402 moliri
1543 4351 1812 4406 adversus
1872 4354 2079 4409 Christi

493 4456 708 4497 εει-νος.

2175 3251 2524 3319 ὑπηγάγετο,
2559 3250 2656 3302 καὶ
2698 3248 2867 3301 αὑτὸν
2895 3247 2953 3300 δὲ
2987 3247 3080 3299 τὸν
3124 3245 3422 3315 τύραννον,
3461 3246 3510 3296 εἰ
3549 3246 3649 3299 καὶ
3680 3246 3758 3314 μὴ

2173 3343 2433 3413 καθαρῶς
2466 3342 2603 3413 πρὸς
2635 3342 2957 3397 θεοσέϐειαν
2985 3341 3242 3394 εἵλκυσεν
3267 3382 3282 3406 ,
3330 3339 3465 3393 ἀλλὰ
3498 3342 3629 3403 τοὺς
3665 3339 3759 3392 λο-

2173 3438 2408 3506 γισμοὺς
2444 3437 2660 3488 ἐκείνου
2691 3434 2951 3499 διέσεισε,
2980 3433 3079 3486 καί
3109 3433 3237 3503 περί
3257 3433 3319 3485 τὸ
3347 3434 3548 3484 οἰκεῖον
3576 3432 3751 3494 σέϐας

2174 3529 2507 3591 ὲπιδοιάζε.ν
2560 3526 2882 3596 πεποίηκεν.
2964 3527 3178 3595 Ὅμως,
3223 3527 3272 3578 εί
3328 3523 3412 3577 δεῖ
3477 3522 3525 3576 τ’
3553 3523 3757 3592 ἀληθὲς

2173 3623 2370 3685 εἰπεῖν,
2405 3623 2432 3672 6
2472 3619 2671 3688 Αἰθίοψ
2700 3620 2803 3671 ούκ
2852 3618 3198 3671 ἑλευκαίνετο
3270 3621 3358 3669 καὶ
3410 3617 3438 3668 6
3492 3616 3759 3685 καρκίιος

2173 3714 2312 3785 ὀρθὰ
2365 3713 2605 3783 βαδίζειν
2660 3713 2762 3764 οὐκ
2822 3710 3162 3766 ὲδιδάσκετο.
3228 3708 3317 3772 Ὧς
3387 3706 3496 3776 γὰρ
3560 3707 3762 3759 ἐνίκων

2180 3806 2280 3875 μὲν
2315 3807 2363 3858 οἱ
2393 3800 2651 3874 ἀθληταὶ,
2683 3803 2885 3873 ἡττᾶτο
2923 3803 2980 3855 δὲ
3019 3804 3045 3854 ὁ
3075 3800 3370 3870 δυσσεϐὴς,
3399 3802 3496 3853 καί
3523 3799 3764 3870 διασπᾷν

2176 3898 2377 3960 αὐτοὺς
2413 3899 2509 3951 ἀπ’
2544 3897 2817 3967 ἀλλήλων.
2862 3898 2972 3950 Καὶ
3018 3897 3116 3964 τῆς
3166 3896 3251 3958 εἰς
3286 3893 3526 3964 Χριστὸν
3566 3893 3765 3961 ὁμολο-

2180 3991 2309 4059 γίας
2338 3991 2435 4059 οὐχ
2470 3986 2585 4053 οἷός
2613 4007 2672 4042 τε
2703 3985 2790 4060 ἦν,
2823 3990 2920 4042 ἐπὶ
2954 3989 3021 4040 τὰ
3050 3989 3229 4039 οἰκεῖα
3262 3986 3426 4040 πάλιν
3486 3986 3582 4038 καὶ
3628 4000 3763 4037 συν·

2179 4083 2289 4151 ήθη
2356 4085 2529 4152 χωρεῖ
2581 4081 2859 4135 καὶκατὰ
2911 4080 3082 4148 μόνου
3138 4077 3232 4130 τοῦ
3291 4080 3574 4148 μάρτυρες
3601 4075 3766 4138 αὖθις

2178 4175 2484 4239 ὁπλίζεται,
2519 4176 2615 4227 καί¹
2649 4174 2749 4236 τὰς
2774 4175 2885 4227 τῶν
2924 4174 3197 4244 ὀμμάτων
3234 4171 3401 4226 αὑτοῦ
3450 4172 3621 4241 κόρας
3674 4171 3773 4223 ἐκ·

2180 4267 2422 4335 κοπῆναι
2458 4266 2796 4337 προστάττει
2833 4265 2960 4335 (ῳεῦ
2993 4268 3021 4318 6
3070 4266 3201 4329 τοὺς
3235 4268 3339 4335 τῆς
3382 4264 3614 4334 καρδίας
3665 4278 3773 4315 τινα

2181 4365 2443 4433 φλώττων
2472 4362 2837 4432 ὀφθαλμοὺς),
2873 4364 2970 4415 καὶ
2997 4362 3068 4416 τὰ
3096 4362 3263 4430 ὃμοια
3291 4360 3488 4414 παθεῖν
3510 4360 3772 4412 κάκεῖνον

2183 4457 2270 4511 διὰ
2299 4457 2399 4524 τῆς
2431 4456 2711 4523 τιμωρίας
2744 4454 2954 4523 ταύτης
2996 4452 3469 4520 καταναγκάζων,
3527 4451 3672 4520 πρὸς
3710 4449 3771 4502 δὲ

496 4534 735 4603 καὶτῆς
775 4534 1071 4606 ὁμαίμονας
1152 4530 1401 4587 ὲελτεῦλεν
1457 4532 1826 4605 διαχαυνῶςαι
1909 4541 2010 4612 τὴν
2062 4548 2369 4616 εξνεολμίανι
2445 4543 2884 4616 μηχανώμενος,
2940 4542 3059 4595 ἀλλ’
3117 4542 3355 4612 ἠλέγχθη
3434 4545 3538 4594 κάν
3589 4540 3773 4610 τούτῳ

496 4626 633 4684 κενὰ
700 4629 794 4681 καὶ
865 4627 1073 4697 μάταια
1127 4627 1269 4680 κατὰ
1314 4628 1423 4681 τῶν
1469 4627 1565 4681 τοῦ
1623 4630 1861 4696 Χριστοῦ
1908 4633 2112 4690 δούλων
2145 4638 2397 4692 ἐπινοῶν.

568 4718 662 4773 λι.
696 4718 962 4774 Postridie
996 4729 1178 4773 autem
1222 4719 1379 4788 jubet
1416 4729 1707 4790 martyrem
1739 4721 2069 4795 Eulampiam

2253 4729 2358 4782 ΙΝ.
2404 4728 2482 4797 Τῇ
2513 4726 2638 4797 ἑξῆς
2666 4721 2761 4779 οὗν
2787 4726 2885 4795 τὴν
2915 4726 3171 4799 μάρτυρα
3201 4724 3311 4779 τῶν
3349 4722 3556 4794 τριχῶν
3597 4722 3772 4774 άπαι-

497 4812 731 4868 sublime
766 4810 1025 4881 suspendi
1059 4812 1286 4880 capillis.
1314 4813 1410 4866 Est
1445 4821 1626 4867 autem
1671 4815 1779 4869 hoc
1823 4819 2079 4887 gravissi-

497 4919 646 4958 mum
696 4904 1047 4972 supplicium,
1092 4904 1188 4956 sed
1232 4902 1436 4956 Christi
1472 4905 1684 4959 ancillae
1718 4908 1929 4963 deliciis
1956 4924 2082 4962 sua-

496 4997 621 5050 vius
637 4996 1076 5048 existimabatur.
1102 4993 1256 5047 Unde
1280 4996 1444 5048 etiam
1479 4996 1528 5048 ei
1559 5011 1751 5065 preces
1768 4999 2079 5055 admiscens

497 5085 754 5140 dicebat:
786 5083 901 5152 Ago
954 5083 1048 5137 tibi
1090 5086 1311 5151 gratias,
1358 5083 1504 5139 Deus
1554 5102 1706 5139 meus
1746 5096 1800 5141 et
1847 5100 2081 5157 creator,

497 5177 642 5246 quod
692 5191 775 5228 me
818 5184 966 5229 tuam
1021 5175 1273 5228 ancillam
1306 5176 1561 5245 dignatus
1602 5177 1676 5230 sis
1725 5194 1824 5246 pro
1871 5190 1925 5234 te
1964 5196 2088 5235 sus-

498 5267 676 5336 ceptis
703 5282 901 5320 ornare
957 5269 1261 5320 tormentis.
1294 5268 1431 5321 Cum
1468 5278 1653 5322 autem
1683 5286 1778 5337 per
1803 5287 1964 5327 omne
1992 5288 2089 5342 ge-

501 5375 606 5413 nus
636 5358 890 5429 supplicii
917 5369 1193 5427 Oporteret
1239 5359 1470 5413 athletas
1518 5360 1840 5427 pervadere,
1872 5362 2088 5417 etiamsi

500 5458 760 5521 tanquam
804 5450 909 5504 tela
940 5449 1227 5504 infantium
1285 5452 1697 5519 reputabuntur,
1731 5467 1852 5521 quae
1881 5454 1961 5507 eis
2002 5454 2085 5507 in-

499 5543 833 5607 ferebantur,
889 5542 1162 5595 fornacem
1223 5543 1449 5597 accendi
1507 5544 1666 5611 jubet
1725 5559 1948 5612 pranses,
1994 5545 2083 5599 illa

496 5634 790 5688 Chaldaita
821 5633 990 5687 nihilo
1033 5632 1365 5697 inferiorem,
1402 5643 1456 5688 et
1512 5635 1581 5689 ad
1618 5650 1736 5689 eam
1789 5635 1951 5689 ducta
1998 5644 2081 5691 est

499 5727 730 5780 materia
773 5741 892 5794 quw
938 5735 1055 5780 erat
1099 5726 1294 5781 alitura
1333 5726 1413 5781 sic
1451 5742 1759 5791 accensam,
1802 5728 2086 5785 lictoribus

501 5830 666 5871 omne
698 5818 934 5871 studium
974 5819 1039 5873 ad
1094 5820 1197 5874 boc
1249 5819 1680 5877 conferentibus.
1722 5821 1859 5876 Cum
1901 5830 2085 5877 autem

2186 4819 2449 4892 ωρεῖσθαι
2496 4820 2726 4876 κελεύει.
2791 4821 2949 4889 Δεινὴ
3041 4820 3099 4872 δὲ
3146 4817 3432 4887 τιμωριῶν
3472 4814 3614 4884 αὕτη
3676 4812 3771 4865 καὶ

2187 4914 2372 4977 δεινὰς
2421 4914 2565 4967 κατά
2621 4930 2683 4965 τε
2741 4912 3026 4983 μηνίγγων
3075 4912 3169 4965 καὶ
3223 4911 3352 4963 ἰνῶν
3401 4910 3498 4962 καί
3551 4907 3767 4977 ὑμένων

2187 5006 2392 5059 ἐνιεῖσα
2426 5005 2526 5066 τὰς
2559 5003 2862 5073 ἀλγηδόνας
2887 5021 2902 5036 ο
2937 5003 3073 5056 ἀλλὰ
3103 5006 3169 5072 τῇ
3208 5002 3300 5055 τοῦ
3338 4999 3580 5070 Χριστοῦ
3604 4997 3762 5063 δούλῃ

2188 5095 2402 5163 τρυφῆς
2437 5095 2602 5165 ἡδίων
2637 5096 2664 5162 ἡ
2700 5093 2934 5163 βάσανος
2969 5094 3274 5162 ἐνομίζετο,
3315 5091 3440 5144 ὅθεν
3483 5091 3574 5141 καὶ
3600 5086 3757 5153 εὐχὴν

2191 5188 2328 5256 αὐτῇ
2368 5186 2887 5264 προσανοαμιγνῦσα,
2934 5185 3259 5256 Εὗχαριστῶ
3296 5200 3400 5243 σοι.
3446 5182 3614 5248 ἔλεγε,

2192 5294 2295 5347 μου
2329 5280 2423 5330 καὶ
2453 5280 2790 5348 δημιουργὲ,
2827 5280 2909 5330 ὅτι
2946 5295 3012 5347 με
3045 5278 3144 5345 τὴν
3172 5276 3272 5346 σὴν
3302 5276 3497 5345 δούλην
3531 5273 3766 5342 ἠξίωσας

2188 5372 2312 5433 ταῖς
2355 5370 2495 5438 ὑπὲρ
2551 5371 2647 5421 σοῦ
2688 5369 2988 5439 τιμωρίαις
3033 5367 3571 5436 ἐγκαλλωπίζεσθαι.
3619 5362 3775 5416 Ἐπεὶ

2191 5461 2250 5513 δὲ
2300 5461 2394 5514 καὶ
2450 5460 2557 5513 ἔδει
2606 5460 2694 5513 διὰ
2746 5463 2930 5531 πάσης
2982 5460 3368 5530 τιμωρητικῆς
3427 5459 3574 5519 ἰδέας
3644 5454 3777 5514 τοὺς

2191 5554 2435 5623 ἀθλητάς
2474 5553 2729 5616 διελθεῖν,
2780 5552 2883 5606 κᾶν
2920 5552 2997 5616 ὡς
3037 5554 3249 5623 νηπίων
3283 5553 3417 5622 βέλη
3445 5550 3658 5612 τούτοις
3706 5547 3777 5600 τὰ

2192 5647 2510 5714 ἐπαγόμενα
2558 5644 2872 5712 ἐλογίζετο,
2907 5647 3140 5713 κάμινον
3174 5647 3440 5714 ὲκκαῆναι
3481 5641 3701 5694 κελεύει
3745 5640 3777 5693 6

2193 5736 2441 5804 ἡγεμὼν,
2479 5737 2633 5789 οὐδὲν
2672 5738 2775 5803 τῆς
2821 5736 3140 5805 Χαλδαῖκῆς
3199 5736 3407 5803 ἐκείνης
3442 5732 3776 5793 ἐνδέουσαν,
3875 5797 3883 5803 .

2193 5826 2288 5879 καὶ
2313 5828 2478 5897 ἡγετο
2506 5829 2641 5897 πρὸς
2663 5828 2873 5897 ταύτην
2911 5827 3011 5898 ὒλη
3050 5828 3148 5897 ὅση
3186 5827 3404 5896 τρέφειν
3434 5823 3630 5892 ἔμελλε
3673 5821 3781 5891 τὴν
