4110 6428
360 311 498 376 1065

1166 314 1634 377 MARTYRIUM
1672 317 1731 378 S.
1768 312 2146 378 EULAMPII
2205 316 2300 378 ET
2356 317 2418 379 S.
2453 316 2885 381 EULAMPIE.

3496 321 3630 388 1066

355 426 531 487 οὕτως
561 424 954 497 ἐκκαιομένην,
987 427 1252 479 παντοίαν
1293 426 1402 479 τῶν
1432 425 1643 496 δημίων
1671 426 1749 489 είς
1782 424 1942 479 τοῦτο

2050 424 2261 484 flamma
2293 437 2443 482 esset
2476 426 2705 483 adeo’in
2735 429 2905 485 altum
2950 430 3186 502 sublata,
3224 446 3284 491 ut
3327 438 3490 495 etiam
3539 459 3631 500 eos

355 516 459 588 τὴν
506 514 749 587 σπουδὴν
804 516 1320 585 καταϐαλλομένων.
1379 517 1676 588 Μετεὼρου
1730 517 1788 571 δὲ
1830 516 1934 585 τῆεῗ

356 609 560 680 φλογὸς
601 606 906 680 γενομένης
947 608 1023 673 ὡς
1056 607 1334 681 μακρόθεν
1370 608 1776 679 καταπλήττειν
1805 609 1934 670 τοὺς

358 700 681 773 βλέποντας,
707 698 942 767 ἄγεσθαι
978 700 1106 762 τοὺς
1143 700 1432 769 μάρτυρας
1467 698 1497 751 ό
1539 696 1801 769 δικαστὴς
1839 714 1936 753 κει

353 791 529 859 λεύει,
579 792 676 847 καὶ
738 791 838 863 τῆς
906 790 1141 863 καμίνου
1206 792 1372 861 μέσον
1416 790 1698 848 ὠθεῖσθαι.
1756 793 1935 863 Προσ-

354 885 556 953 ήγοντο
582 880 676 936 οὖν
702 882 752 935 οί
786 882 1088 952 μάρτυρες,
1115 883 1143 934 ό
1174 866 1275 950 μὲν
1302 881 1442 945 θεῖος
1474 879 1823 952 Εύλάμπιοςτ
1846 879 1935 935 διὰ

352 974 418 1029 τὸ
456 974 584 1034 τοὺς
619 971 938 1042 ὀφθαλμοὺς
991 971 1358 1041 ἐκκεκόφθαι,
1399 973 1505 1026 ὑπό
1548 989 1710 1026 τινων
1738 971 1935 1029 διαϐα-

355 1063 732 1131 σταζόμενοςθ
784 1064 815 1132 ἡ
873 1062 932 1116 δὲ
1001 1062 1226 1132 γενναία
1280 1061 1582 1134 Εὑλαμπία
1643 1062 1740 1117 καὶ
1797 1063 1938 1131 μετὰ

355 1152 558 1208 πολλοῦ
596 1153 692 1206 τοῦ
730 1153 967 1224 θάρσους
998 1156 1381 1226 προτρέχουσα
1414 1154 1489 1218 ὡς
1530 1154 1611 1217 είς
1653 1153 1934 1224 θάλαμον,

352 1246 457 1299 οὐκ
481 1246 562 1308 είς
587 1245 1201 1318 κάμινον,ὲ).ευσομένη,
1223 1247 1298 1310 ὡς
1324 1246 1382 1301 δὲ
1402 1248 1495 1301 καὶ
1522 1246 1600 1317 τῷ
1626 1248 1761 1317 πυρὶ
1788 1264 1936 1319 παρ·

353 1337 640 1404 εδὸθησαν,
692 1339 725 1407 ἡ
782 1336 914 1408 φλὸξ
967 1338 1166 1403 αὐτοὺς
1212 1339 1367 1393 οὐδὲν
1433 1340 1765 1413 ἐλυμήνατο,
1814 1339 1935 1397 ἀλλ’

356 1427 563 1481 αὐτίκα
616 1427 777 1498 δίκην
836 1428 1022 1496 ἀψίδος
1073 1430 1451 1499 κυρτωθεῖσα,
1504 1433 1601 1485 καὶ
1652 1431 1821 1502 πολλῇ
1870 1433 1937 1502 τῇ

357 1522 539 1590 φειδοῖ
599 1522 740 1591 πρὸς
792 1521 854 1574 τὸ
915 1522 1083 1592 μέσον
1138 1523 1531 1592 ἀπολαϐοῦσα,
1588 1525 1847 1598 καθάπερ
1881 1527 1939 1581 ἐν

355 1615 692 1686 φαιδροτάτῃ
755 1615 993 1671 παστάδι
1048 1616 1175 1678 τοὺς
1202 1615 1441 1687 ἀθλητὰς
1468 1615 1776 1688 ὲθαλάμευε
1797 1658 1813 1682 ,
1846 1617 1941 1672 καὶ

2037 518 2130 587 qui
2160 518 2352 587 procul
2377 518 2679 575 cernebant
2729 522 3117 593 stupefaceret,
3150 527 3304 599 jubet
3341 529 3505 599 iudex
3538 536 3631 592 ad-

2037 609 2162 664 duci
2196 620 2481 682 martyres,
2516 620 2571 668 et
2598 612 2741 667 trudi
2792 613 2847 668 in
2892 616 3133 672 medium
3182 619 3482 679 fornacem.
3527 627 3623 683 Ad-

2038 697 2187 753 ducti
2218 710 2348 754 sunt
2387 714 2518 772 ergo
2563 703 2828 773 martyres
2861 720 2876 759 :
2910 705 3129 765 divinus
3154 711 3373 781 quidem
3409 714 3632 772 Eulam-

2036 791 2181 862 pius,
2211 800 2501 863 propterea
2533 795 2682 866 quod
2716 795 2932 852 fuerant
2962 799 3012 854 ei
3047 802 3190 856 eruti
3245 805 3412 867 oculi,
3459 825 3487 862 α
3513 812 3633 881 qui-

2035 881 2269 939 busdam
2316 895 2567 954 portatus
2610 902 2921 959 ;generosa
2952 902 3137 950 autem
3174 896 3457 970 Eulampia
3504 917 3631 959 cum

2039 988 2233 1046 magna
2262 990 2559 1031 accurrens
2588 979 2834 1046 audacia,
2868 991 3125 1054 tanquam
3159 988 3481 1058 thalamum,
3518 1011 3631 1052 non

2038 1068 2314 1125 fornacem
2339 1069 2673 1142 ingressura.
2709 1072 2845 1128 Cum
2880 1084 3062 1133 autem
3105 1078 3217 1150 igni
3251 1082 3485 1142 fuissent
3519 1100 3630 1145 tra-

2039 1159 2161 1225 diti,
2197 1160 2414 1216 llamma
2460 1166 2556 1218 eas
2588 1163 2720 1218 nihil
2749 1164 2910 1233 laesit,
2950 1168 3045 1223 sed
3085 1175 3292 1240 statim,
3329 1177 3504 1236 instar
3528 1183 3629 1240 ah-

2041 1252 2193 1318 sidis,
2227 1254 2510 1309 incurvata
2569 1263 2626 1310 et
2678 1257 2969 1330 diligenter
3028 1278 3229 1321 cavens
3270 1284 3338 1326 ne
3385 1274 3625 1330 medium

2042 1342 2423 1414 interciperet,
2492 1355 2749 1416 tanquam
2824 1351 2882 1405 in
2944 1330 3341 1424 iucundissimo
3394 1364 3630 1421 thalamo

2041 1434 2278 1489 athletas
2303 1435 2645 1505 continebat,
2672 1448 2727 1494 et
2768 1450 2978 1499 natura:
3017 1461 3129 1502 suae
3167 1450 3415 1508 ardorem
3444 1454 3498 1510 in
3529 1473 3631 1512 au-

2044 1539 2159 1618 ram
2188 1524 2512 1582 irrorantem
2535 1533 2908 1589 convertebat.
2936 1534 3197 1609 Μαι-ηερε
3224 1557 3352 1599 vero
3376 1554 3629 1618 tanquam

2043 1617 2097 1671 in
2130 1633 2287 1687 prato
2326 1620 2543 1678 roscido
2582 1630 2638 1678 et
2685 1639 2903 1684 ammno
2947 1629 3178 1687 choreas
3220 1644 3465 1707 agentes,
3487 1617 3635 1697 illud

359 1708 427 1762 τὸ
460 1707 558 1778 τῆς
599 1708 815 1776 φύσεως
866 1707 1189 1776 καυστικὸν,
1237 1709 1319 1773 είς
1368 1707 1544 1780 αὔραν
1580 1709 1938 1783 δροσίζουσαν

2050 1710 2382 1780 descriptum
2398 1720 2455 1766 et
2477 1714 2736 1773 dirinitus
2752 1718 3027 1787 edoctum,
3045 1737 3362 1796 puerorum,
3382 1730 3607 1802 inquam

363 1799 668 1869 μετετίθει,
694 1799 792 1854 καὶ
821 1800 871 1852 oi
903 1799 1182 1870 μάρτυρες
1219 1800 1295 1864 ὡς
1323 1801 1383 1854 ἐν
1411 1801 1642 1872 λειμῶνι
1680 1800 1938 1872 δροσώδει

2050 1802 2316 1861 canebant
2341 1806 2640 1864 canticum.
3013 1782 3061 1792 "
3272 1782 3275 1783 ν
3382 1782 3635 1808 ---νη-Ἰ

359 1908 423 1947 τι
481 1892 579 1944 καὶ
629 1892 750 1961 ⁴ἡδεῖ
808 1890 1154 1962 χορεύοντες,
1207 1891 1308 1964 τὴν
1365 1891 1510 1965 ᾠδὴν
1572 1893 1793 1965 ἐκείνην
1846 1893 1944 1966 τὴν

358 1980 720 2052 ἀνάγραπτόν
764 1998 824 2034 τε
871 1981 969 2034 καὶ
1006 1981 1348 2036 θεοδίδακτον
1387 1983 1496 2036 τῶν
1533 1983 1747 2038 παίδων
1790 1980 1942 2061 ᾖδον.

435 2070 537 2127 ΙΒ’.
576 2071 721 2143 Πρὸς
756 2071 934 2127 ταῦτα
962 2072 1127 2126 πάλιν
1155 2073 1183 2125 ό
1211 2072 1477 2144 τύραννος
1501 2112 1516 2137 ,
1562 2073 1658 2126 καὶ
1702 2073 1783 2126 ἔτι
1826 2075 1947 2143 διη-

364 2168 589 2235 πορεῖτο
614 2206 628 2229 ,
682 2165 778 2219 καὶ
805 2166 874 2236 τῇ
905 2163 1130 2237 τοιαύτῃ
1181 2164 1576 2237 τερατουργίᾳ,
1630 2165 1859 2238 παρεῖτό
1888 2183 1948 2221 τε

363 2258 462 2313 καὶ
496 2256 797 2327 ἑξησθένει,
826 2259 920 2311 καὶ
951 2255 1087 2326 πρὸς
1120 2257 1364 2327 ἐσχάτην
1397 2258 1715 2327 ἀμηχανίαν
1763 2255 1947 2323 ἐξέπι-

364 2366 523 2404 πτεν.
567 2345 703 2405 Εἶτα
748 2351 863 2413 τοῖς
906 2349 1050 2413 ὅλοις
1094 2347 1519 2420 ἀπαγορεύσας,
1573 2348 1672 2420 τὴν
1708 2350 1950 2420 ἐσχάτην

365 2444 463 2499 καὶ
499 2440 820 2496 τελευταίαν
862 2442 975 2503 τοῖς
1024 2438 1289 2510 ἀθληταῖς
1351 2438 1743 2509 ὲπιψηφίζεται
1772 2456 1949 2510 τιμω·

366 2530 515 2602 ρίαν,
556 2531 657 2601 τὴν
687 2530 777 2585 διὰ
806 2530 901 2584 τοῦ
932 2529 1124 2599 ξίφους
1158 2530 1304 2600 φημὶ
1335 2529 1615 2601 τελευτήν.
1660 2529 1836 2595 Εὐθὺς
1857 2530 1949 2585 οὖν

363 2624 466 2693 τὴν
509 2621 607 2676 ἐπὶ
657 2621 873 2691 θανάτῳ
920 2621 1199 2691 δεσμῶται
1243 2622 1590 2689 ἀπάγονται,
1648 2622 1741 2676 καὶ
1772 2621 1801 2674 6
1849 2622 1950 2693 μὲν

372 2714 589 2784 μάρτυς
639 2710 954 2782 προθύμως.
991 2711 1090 2783 τὴν
1137 2711 1225 2767 διὰ
1281 2711 1378 2767 τοῦ
1435 2710 1626 2782 ξίφους
1671 2711 1951 2765 τελείωσιν

368 2805 635 2869 ὑποστάς,
671 2806 811 2874 πρὸς
838 2805 1106 2874 οὐρανοὺς
1138 2804 1468 2875 στεφανίτης
1498 2804 1751 2877 ἀνήγετο,
1799 2804 1865 2857 Ἥ
1890 2803 1948 2857 δὲ

365 2897 557 2951 τούτου
592 2895 797 2968 ἀδελφὴ
828 2898 923 2949 καὶ
954 2896 1210 2960 κοινωνὸς
1232 2896 1342 2950 τῶν
1369 2895 1618 2964 ἀγώνων,
1648 2896 1950 2951 τελειοῦται

369 2990 468 3045 καὶ
494 2990 602 3062 πρὸ
631 2990 728 3042 τοῦ
758 2989 951 3059 ξίφους
992 2990 1087 3047 καὶ
1137 2989 1354 3061 μάρτυς
1381 2990 1771 3059 ἀπηρτισμένη
1805 2989 1949 3044 κατά

368 3082 696 3154 προαίρεσιν
728 3081 962 3149 γίνεται,
994 3082 1096 3135 ούκ
1127 3082 1353 3144 ἀπεικὸς
1380 3082 1540 3136 τοῦτο
1568 3082 1666 3152 τῆς
1693 3081 1788 3135 τοῦ
1813 3081 1949 3137 Θεοῦ

371 3143 568 3244 σόφίας
601 3143 1068 3246 οἰκονομησάσης,
1098 3173 1214 3227 ἀλλ’
1249 3143 1345 3226 ἵνα
1370 3173 1507 3244 μηδὲ
1539 3143 1793 3242 σώματος
1848 3191 1951 3228 κα-
1975 3143 2020 3208 C

370 3263 567 3335 θαροῦ,
631 3265 728 3317 καῖ
789 3263 980 3317 παθῶν
1037 3261 1345 3334 ἐπιμιξίαις
1400 3263 1709 3332 ἀνεπάφου,
1769 3266 1955 3337 χεῖρες

371 3354 679 3424 ἀκάθαρτοι
706 3353 987 3424 ψαύσωσι,
1026 3354 1231 3424 μᾶλλον
1255 3353 1321 3425 δὴ
1352 3353 1453 3425 τῆς
1490 3355 1700 3411 ἑαυτῶν
1735 3356 1957 3425 σφαλῶ-

374 3460 463 3498 σιν
495 3442 733 3507 ἰλπίδος,
766 3443 981 3512 ἐκείνης
1013 3443 1383 3513 ἀποτυχόντες
1425 3445 1528 3514 τῆς
1580 3448 1854 3513 τιμωρίας
1883 3443 1954 3499 δι’

369 3528 442 3606 ἧς
474 3532 711 3596 αίκίζειν
753 3534 855 3603 τὴν
890 3533 1150 3603 μάρτυρα
1204 3531 1400 3605 ᾤοντο.
1444 3532 1633 3588 Ταῦτα
1674 3535 1784 3587 τῶν
1823 3537 1955 3603 ἀητο

370 3627 558 3697 τήτων
608 3626 907 3697 μαρτύρων
963 3624 1203 3697 Χριστοῦ
1248 3625 1318 3679 τὰ
1367 3627 1761 3696 παλαίσματα⁹
1796 3626 1956 3682 τοῦτο

370 3718 483 3774 τῶν
535 3718 799 3789 ἀοιδίμων
900 3718 960 3770 τὸ
1036 3717 1365 3773 πολύευκτον
1430 3718 1646 3788 πέραςο
1731 3718 1956 3784 τούτους

378 3811 733 3883 ἐμακάρισαν
768 3811 869 3881 μὲν
902 3812 957 3863 αί
988 3810 1177 3880 νοεραῖ
1205 3813 1382 3864 πᾶσαι
1403 3811 1660 3881 δυνάμεις
1681 3848 1696 3875 ,
1729 3810 1957 3865 ἔπευλό-

373 3919 557 3972 mam
579 3902 639 3956 δὲ
668 3903 1034 3974 πατριάρχαι,
1073 3902 1366 3957 ἀπόστολοι
1395 3902 1599 3975 ᾔνεσαν
1621 3942 1637 3969 ,
1670 3904 1765 3960 καὶ
1809 3904 1953 3975 μάρ-

372 4010 540 4064 τυρες
586 3993 664 4057 ὡς
711 3995 1048 4065 ὲφαμίλλους
1079 3992 1188 4048 τῶν
1239 3995 1440 4059 πόνων,
1493 3994 1587 4049 καὶ
1632 3994 1732 4065 τῆς
1779 3996 1959 4050 αὐτῶν

378 4085 679 4157 ἰσορρόπου
713 4084 1033 4154 ὁμολογίας,
1093 4085 1247 4154 ίεράν
1303 4085 1625 4157 προσθήκην
1673 4083 1957 4150 ἐδέξαντο·

378 4177 545 4241 αὐτὸς
574 4176 632 4229 δὲ
658 4176 689 4227 ό
726 4175 1100 4246 Ἀγωνοθέτης
1134 4175 1277 4245 ὑπὲρ
1310 4169 1370 4229 οὗ
1404 4174 1464 4228 τὸ
1496 4177 1730 4249 πάσχειν
1772 4175 1962 4248 προεί·

379 4267 556 4333 λοντο,
597 4269 693 4323 καὶ
738 4268 798 4321 δν
828 4267 1140 4340 ἔμπροσθεν
1182 4266 1291 4322 τῶν
1334 4267 1642 4337 ἀνθρώπων
1686 4284 1959 4341 μάρτυρι-

379 4361 496 4423 κῶς
539 4361 928 4431 ὡμολόγησαν,
974 4359 1072 4414 καὶ
1121 4360 1283 4423 αὐτὸς
1325 4360 1559 4415 ἐνώπιον
1612 4360 1708 4414 τοῦ
1748 4362 1963 4435 Πατρδς

2118 2067 2236 2122 Xll.
2268 2068 2348 2124 Ad
2383 2070 2499 2127 haec
2528 2086 2721 2130 rursus
2760 2084 3020 2146 tyrannus
3049 2090 3104 2137 et
3131 2086 3302 2157 magis
3328 2087 3634 2161 dubitabat,

2047 2169 2103 2217 et
2142 2161 2247 2217 hoc
2271 2164 2519 2236 prodigio
2542 2165 2702 2236 plane
2728 2183 2979 2229 evaserat
3008 2177 3220 2236 solutus
3236 2189 3292 2236 et
3322 2183 3633 2255 imbecillis,

2048 2262 2103 2307 et
2159 2254 2412 2312 redactus
2453 2265 2571 2312 erat
2623 2260 2690 2315 ad
2748 2273 3047 2321 extremam
3101 2267 3315 2328 consilii
3369 2254 3633 2347 inopiam.

2053 2345 2257 2402 Deinde
2300 2363 2424 2402 cum
2471 2364 2688 2405 omnem
2740 2367 2892 2423 spem
2939 2356 3156 2426 penitus
3198 2345 3520 2434 abjecisset,
3580 2371 3637 2427 in

2049 2436 2281 2493 athletas
2302 2438 2550 2495 ultimum
2575 2443 2765 2498 statuit
2791 2447 3140 2519 supplicium,
3167 2466 3365 2525 nempe
3394 2467 3453 2513 ut
3468 2460 3637 2516 vitam

2051 2528 2274 2585 finirent
2292 2530 2494 2601 gladio.
2522 2531 2780 2590 Protinus
2822 2552 2953 2609 ergo
2995 2540 3164 2598 vincti
3195 2545 3543 2606 abducuntur
3571 2554 3639 2611 ad

2047 2631 2306 2688 mortem.
2350 2623 2414 2678 Et
2451 2635 2659 2698 martyr
2682 2629 2902 2698 quidem
2945 2646 3073 2689 cum
3101 2648 3358 2708 prompto
3385 2650 3441 2696 et
3471 2644 3639 2698 alacri

2053 2714 2237 2770 animo
2269 2714 2527 2773 subiisset
2558 2719 2739 2787 gladio
2782 2726 3336 2795 consummationem,
3380 2731 3435 2786 in
3470 2733 3640 2790 caelos

2053 2816 2351 2864 coronatus
2412 2809 2695 2866 extollitur
2735 2829 2750 2867 :
2790 2813 2909 2884 ejus
2962 2825 3144 2873 autem
3185 2834 3341 2877 soror
3391 2831 3446 2879 et
3491 2826 3641 2882 socia

2054 2899 2461 2968 certaminum,
2515 2903 2680 2958 etiam
2737 2915 2863 2961 ante
2915 2906 3154 2979 gladium
3202 2925 3641 2984 consummatur,

2052 2991 2443 3060 propositoque
2464 3002 2521 3048 et
2549 2994 2715 3048 animi
2744 2995 2994 3053 instituto
3040 2999 3100 3055 fit
3134 3003 3375 3071 perfecta
3414 3015 3640 3078 martyr.

2056 3078 2169 3137 Hoc
2200 3090 2380 3138 autem
2419 3097 2529 3139 non
2569 3086 2637 3140 ab
2666 3101 2726 3140 re
2750 3089 2991 3158 providit
3018 3091 3423 3164 Deijsapientia,
3458 3098 3553 3151 Sed
3584 3109 3644 3159 ut

2054 3187 2253 3241 corpus
2286 3175 2551 3229 mundum
2583 3184 2639 3230 et
2675 3194 2704 3231 a
2750 3179 3010 3236 vitiorum
3046 3186 3450 3243 consuetudine
3499 3189 3643 3245 inta-

2056 3270 2206 3320 ctum
2240 3280 2436 3321 manus
2465 3256 2762 3324 immunda:
2791 3285 2901 3326 non
2946 3281 3250 3344 tangerent,
3269 3285 3433 3348 atque
3459 3286 3519 3336 ut
3541 3295 3643 3337 sua

2056 3367 2153 3422 spe
2187 3353 2337 3424 impii
2368 3355 2790 3425 frustrarentur,
2818 3375 2941 3417 eum
2971 3363 3037 3417 ab
3082 3378 3150 3419 eo
3185 3365 3472 3424 inferendo
3498 3372 3645 3426 οιαὶ·-

2056 3446 2264 3501 dissent
2289 3447 2576 3517 supplicio,
2606 3465 2706 3519 per
2749 3451 2894 3520 quod
2944 3455 3209 3524 putabant
3241 3472 3301 3513 se
3349 3464 3643 3530 punituros

2056 3547 2379 3609 martyrem.
2413 3539 2542 3595 Haec
2570 3550 2699 3598 sunt
2743 3543 3070 3600 invictorum
3104 3546 3308 3605 Christi
3341 3564 3640 3625 martyrum

2057 3630 2358 3685 certamina
2413 3641 2468 3686 et
2518 3631 2609 3687 hic
2666 3642 2750 3688 est
2813 3636 3087 3705 optandus
3145 3636 3269 3698 finis
3342 3646 3639 3718 insignium

2057 3718 2405 3773 athletarum.
2455 3720 2583 3776 Illos
2628 3722 2861 3779 bearunt
2904 3727 3122 3795 quidem
3172 3747 3366 3791 omnes
3414 3737 3644 3795 virtutes

2057 3808 2433 3879 intelligentes
2459 3851 2474 3876 ,
2521 3812 2921 3874 benedixerunt
2964 3820 3305 3890 patriarchae,
3350 3824 3646 3884 laudarunt

2061 3903 2292 3972 apostoli
2335 3912 2391 3959 et
2432 3916 2722 3977 martyres,
2746 3918 2805 3964 ut
2848 3913 2927 3967 eis
2972 3929 3131 3984 pares
3170 3919 3227 3972 in
3262 3919 3543 3979 laboribus
3590 3936 3646 3980 et

2060 3994 2297 4065 aquales
2346 3994 2401 4050 in
2450 3995 2799 4056 confessione
2842 4016 3256 4063 sacrosanctum
3312 4024 3647 4081 acceperunt

2061 4085 2515 4144 additamentum.
2566 4088 2689 4160 Ipse
2728 4100 2912 4149 autem
2960 4095 3302 4168 Agonotheta
3351 4108 3408 4157 et
3457 4103 3635 4157 Domi-

2060 4192 2191 4243 nus,
2232 4192 2334 4253 pro
2378 4194 2488 4250 quo
2532 4182 2648 4252 pati
2684 4185 3112 4254 constituerunt,
3147 4197 3203 4244 et
3255 4202 3418 4262 quem
3460 4210 3643 4250 coram

2063 4268 2382 4326 hominibus
2429 4273 2720 4344 martyrice
2768 4275 3005 4333 confessi
3040 4290 3192 4349 sunt,
3219 4281 3356 4353 ipse,
3401 4285 3646 4357 inquam.

2064 4376 2247 4419 coram
2283 4360 2446 4420 Patre
2480 4380 2575 4422 eos
2609 4369 2886 4438 praeconio
2908 4371 3216 4444 honorarit,
3242 4376 3386 4431 sicut
3419 4387 3504 4434 est
3533 4380 3651 4450 pol-

377 4451 524 4505 κατὰ
565 4452 625 4505 τὸ
671 4449 1000 4525 ὲτάγγελμα
1026 4452 1359 4524 ἀνεκήρυξε,
1403 4453 1501 4507 καὶ
1533 4453 1829 4519 κοινωνοὺς
1857 4456 1949 4525 τῆς

2065 4455 2269 4522 licitns,
2315 4457 2610 4530 gloriaque
2650 4469 2706 4515 et
2749 4464 2901 4535 regni
2948 4465 3212 4522 cmlorum
3254 4470 3431 4525 socios
3475 4449 3645 4529 fecit:

376 4541 542 4613 δόξης
591 4545 687 4598 καὶ
746 4543 844 4613 τῆς
911 4543 1195 4614 βασιλείας
1247 4544 1565 4615 εἰργάσατο.
1625 4544 1752 4599 Ὀτι
1805 4545 1949 4617 αὐτῷ

2064 4550 2326 4621 quoniam
2359 4564 2486 4606 eum
2528 4551 2689 4608 decet
2719 4555 2900 4610 omnis
2930 4556 3123 4629 gloria,
3156 4558 3333 4615 honor
3367 4566 3424 4616 et
3452 4564 3647 4619 adora.

379 4636 587 4705 πρέπει
619 4637 771 4689 πᾶσα
792 4635 943 4703 δόξα,
967 4636 1102 4705 τιμὴ
1133 4635 1227 4687 καὶ
1246 4637 1474 4704 κράτος,
1503 4635 1864 4711 μεγαλωσύνη
1895 4655 1956 4692 τε

373 4727 473 4780 καὶ
500 4725 970 4799 μεγαλοπρέπεια,
996 4725 1092 4782 νῦν
1116 4726 1208 4781 καὶ
1231 4726 1319 4782 ἀεὶ
1371 4727 1467 4781 καὶ
1494 4730 1576 4791 είς
1604 4729 1731 4794 τοὺς
1751 4730 1957 4801 αἰῶνας

371 4816 488 4873 τῶν
513 4817 750 4874 αἰώνων.
804 4820 998 4894 Ἀμήν.

806 5842 1083 5911 Panos.
1127 5842 1247 5911 Gn.
1288 5845 1475 5911 CXV.

2066 4643 2162 4706 tio,
2184 4656 2329 4698 nunc
2403 4649 2459 4698 et
2510 4652 2746 4715 semper,
2810 4654 2865 4701 et
2912 4648 2967 4705 in
3040 4650 3235 4706 saecula
3298 4653 3621 4714 saeculorum

2067 4733 2239 4791 Amen
2252 4771 2266 4789 .

3262 5849 3339 5920 34
