4110 6444
388 365 523 430 1069

1431 361 1897 425 MARTYRIUM
1940 362 1998 423 S.
2042 361 2275 426 PORBI
2311 365 2408 425 ET
2440 364 2593 426 SOC.

3515 370 3646 433 1070

387 480 592 549 μᾶλλον
622 477 711 533 τὸν
750 478 938 546 αγῶνα
968 479 1226 544 διατιθεὶς
1250 477 1326 542 ὡς
1358 475 1470 531 οἷόν
1489 495 1549 531 τε
1586 476 1969 549 χαλεπώτατα,

2076 489 2350 534 certamen
2376 479 2557 550 potius
2582 494 2782 551 parans
2808 478 2967 553 longe
2998 480 3403 538 difﬁcillimum.
3436 480 3516 538 illi
3547 501 3644 540 au-

390 572 474 625 (αἱ
503 569 652 641 αὐτῷ
684 570 817 623 πολύ
859 588 911 624 τι
941 571 1144 642 πλῆθος
1168 572 1529 641 παρειστήκει
1576 570 1808 639 δημίων,
1855 572 1966 632 τοῖς

380 661 591 717 ἐκείνου
621 663 713 716 καὶ
744 666 973 733 νεύμασι
1001 663 1095 717 καὶ
1117 663 1356 734 σχήμασι
1377 662 1436 715 τὸ
1454 662 1703 725 εὐπειθὲς
1729 661 1966 732 ὑποφαί-

383 773 584 817 νοντες.
676 755 830 809 Ἐπεὶ
877 753 971 811 οὖν
1013 761 1124 820 τοῖς
1179 757 1433 828 τηνικάδε
1464 756 1857 827 δεισιδαίμοσιν
1915 759 1964 811 οἱ

385 842 662 913 μάρτυρες
693 843 780 893 ἐπ’
815 844 1067 914 εὐσεΰεῖᾳ
1099 846 1247 913 δῆλοι
1284 846 1565 914 γεγόνασι,
1607 848 1701 901 καὶ
1741 847 1965 917 θεσμοῖς

382 934 477 986 καὶ
503 934 748 1003 είρκταῖς
786 934 886 1006 ήδη
918 937 1406 1007 συνελαμϐάνοντο,
1428 938 1478 990 οἱ
1517 938 1614 1006 τὴν
1630 936 1834 990 τούτων
1861 955 1966 1007 φυ·

381 1022 555 1095 λακὴν
595 1027 1083 1096 ἐπιτετραμμένοι,
1114 1030 1181 1080 τὰ
1215 1029 1335 1081 κατ’
1365 1030 1563 1092 αὐτοὺς
1591 1028 1668 1100 τῷ
1695 1029 1965 1094 ξικὰζοοντι

377 1115 757 1185 διεσήμαινον,
813 1118 841 1168 6
896 1116 953 1169 δέ
1006 1121 1157 1188 κοινῇ
1218 1119 1318 1186 μὲν
1371 1119 1570 1183 αὐτοὺς
1617 1121 1965 1190 παραστῆναι

379 1205 671 1259 ἀπείπατο.
710 1204 846 1258 Καθ’
876 1206 972 1259 ἕνα
1001 1207 1057 1260 δέ
1095 1208 1299 1277 μᾶλλον
1354 1211 1612 1277 εἰσάγων,
1640 1211 1741 1281 τὴν
1779 1209 1966 1275 ἐξέτα-

382 1313 470 1351 σιν
513 1299 777 1364 ἐποιεῖτο,
833 1301 1132 1370 κακούργῳ
1185 1300 1378 1371 σκέψει
1429 1303 1559 1372 περὶ
1601 1303 1757 1355 τοῦτο
1787 1302 1967 1356 διατε-

380 1388 540 1455 θεὶς,
605 1391 703 1443 καὶ
761 1389 933 1458 ταύτῃ
1003 1391 1206 1460 μᾶλλον
1276 1393 1419 1446 ἑλεῖν
1474 1394 1602 1456 τοὺς
1659 1393 1965 1464 ἀηττήτους

378 1479 779 1552 διανοούμενος.
842 1482 953 1536 Καὶ
1015 1485 1231 1553 πρῶτος
1288 1485 1390 1554 μὲν
1459 1488 1487 1540 6
1555 1487 1678 1540 καθ’
1746 1487 1964 1557 ἠλικίαν

377 1573 636 1643 Τἁραχος
656 1566 813 1636 οὗτος
847 1569 937 1646 ἦν,
994 1574 1285 1647 παρελθὼν
1319 1578 1401 1640 είς
1438 1581 1625 1647 μέσον,
1668 1578 1964 1649 ἐρωτηθεὶς

383 1663 543 1726 ὅστις
600 1663 841 1725 καλοῖτο,
886 1665 1212 1736 Χριστιανὸν
1245 1668 1438 1719 ἑαυτὸν
1460 1666 1831 1737 ὡμολόγησεν,
1867 1686 1965 1736 μο-

380 1757 598 1825 νονουχὶ
624 1754 796 1824 λέγων
821 1756 957 1826 πρὸς
981 1757 1071 1810 τὸν
1086 1757 1270 1810 ἄδικον
1295 1758 1576 1831 δικαστὴν,
1598 1759 1674 1823 ὡς
1699 1761 1875 1830 Ὅπερ
1896 1759 1960 1813 σὺ

381 1824 601 1910 διώκεις
639 1845 715 1908 ὠς
763 1824 1040 1919 ἔγκλημα,
1075 1849 1234 1902 τοῦτο
1268 1850 1473 1919 κόσμος
1509 1824 1636 1919 ἐμοὶ
1669 1851 1763 1904 καὶ
1797 1824 1966 1920 ὗνομα
1995 1824 2042 1883 Β

381 1937 597 2008 κύριον.
666 1939 882 2011 Ἐπειδὴ
908 1942 964 1994 δὲ
1001 1941 1097 1994 καὶ
1125 1940 1186 1994 τὸ
1219 1945 1279 1995 ἐκ
1303 1942 1415 1994 τῶν
1439 1943 1645 2011 γονέων
1675 1943 1970 2014 ἐπικληθὲν

384 2034 830 2104 καταχρηστικὸν
864 2034 1060 2104 μαθεῖν
1090 2036 1184 2088 καὶ
1214 2034 1373 2088 τοῦτο
1412 2036 1758 2105 φιλονεικεῖς,
1789 2038 1973 2109 Τάρα-

386 2139 480 2194 χος
530 2123 895 2194 ὀνομάζομαι,
936 2126 1285 2197 στρατιώτης
1319 2126 1376 2179 δὲ
1425 2126 1521 2187 ῶν,
1547 2127 1881 2198 ἠρνησάμην
1911 2127 1973 2181 τὸ

396 2216 555 2269 κάτω
584 2216 1010 2286 στρατεύεσθαι,
1046 2222 1277 2290 ἐπείπερ
1309 2218 1378 2272 τὰ
1405 2219 1546 2273 ὅπλα
1562 2219 1672 2272 τῶν
1715 2221 1974 2292 Χριστια-

380 2306 492 2362 νῶν
531 2308 689 2379 ἡμῶν
720 2311 782 2363 οὐ
824 2311 1062 2384 σαρκικὰ
1089 2353 1103 2378 ,
1149 2311 1285 2364 ἀλλὰ
1323 2312 1523 2366 δυνατὰ
1565 2314 1641 2383 τῷ
1670 2312 1790 2383 Θεῷ
1834 2313 1975 2367 κα⁷ὰ

385 2395 622 2460 Παῡλός,
661 2415 796 2468 φησι
846 2401 987 2471 πρὸς
1034 2401 1356 2472 καθαίρεσιν
1416 2401 1512 2455 τοῦ
1567 2404 1971 2473 ἀντικειμένου.

385 2489 603 2560 Πρᾶττε
632 2486 726 2542 οὖν
748 2490 777 2542 ὃ
797 2490 977 2561 βούλει
1004 2508 1017 2521 ·
1052 2493 1249 2564 ἔσομαι
1283 2494 1392 2564 γάρ
1415 2511 1497 2547 σοι
1526 2493 1615 2547 διὰ
1642 2495 1734 2548 τὸν
1767 2496 1824 2548 ἐν
1850 2493 1975 2565 ἐμοὶ

386 2582 525 2636 Θεὸν
557 2583 786 2656 κέντρον
814 2588 909 2638 καὶ
940 2572 1215 2657 Τάραχος.
1240 2588 1337 2640 καὶ
1366 2589 1503 2658 μήτε
1534 2585 1630 2640 τοῦ
1653 2587 1841 2657 γήρως
1873 2586 1975 2656 ἐμὲ

385 2675 484 2729 καὶ
511 2676 612 2745 τῆς
638 2678 833 2738 πολιᾶς
868 2679 1259 2749 ὐπομίμνησκε
1288 2681 1353 2750 τῇ
1379 2678 1659 2750 προθυμίᾳ
1693 2678 1973 2746 νεάζοντα,

387 2768 529 2839 μήτε
564 2770 669 2840 τὴν
691 2770 918 2839 ἀλογίαν
950 2771 1060 2825 τῶν
1086 2771 1194 2825 σῶν
1224 2752 1514 2843 Manliana,
1543 2772 1797 2842 πατρῷον
1843 2773 1977 2825 ἀπο-

386 2860 541 2915 κάλει
584 2864 768 2933 νόμον.
812 2861 909 2928 Εἷς
953 2865 1063 2936 γὰρ
1097 2865 1256 2933 ήμῶν
1304 2865 1400 2917 καὶ
1436 2864 1641 2936 ἀληθὴς
1689 2863 1902 2936 Πατὴρ,
1945 2865 1974 2917 6

383 2954 543 3022 Θεὸς,
572 2955 630 3019 ὃς
671 2956 764 3009 καὶ
796 2957 876 3019 είς
920 2957 983 3009 τὺ
1010 2952 1158 3010 εἶναι
1201 2958 1549 3029 παρήγαγεν,
1580 2957 1631 3011 οἱ
1659 2956 1716 3010 δὲ
1750 2959 1832 3010 σοὶ
1864 2956 1975 3010 θεοὶ

385 3045 526 3098 λίθοι
557 3048 654 3100 καὶ
692 3044 823 3112 ξύλα
852 3047 1029 3112 ὄντες,
1065 3048 1417 3119 βδελύγματά
1450 3050 1581 3103 εἰσι·
1613 3048 1838 3104 τοιαῦτα
1866 3050 1975 3121 γὰρ

385 3138 459 3193 τὰ
489 3139 583 3193 τοῦ
612 3140 707 3194 σοῦ
745 3140 1014 3211 βασιλέως
1042 3141 1385 3211 σεϐάσματα.

461 3316 540 3375 Γ’.
576 3320 805 3384 Τούτοις
846 3321 946 3392 τὴν
983 3321 1155 3392 ὀργὴν
1189 3321 1402 3391 ἀνάψεις
1436 3321 1533 3376 τοῦ
1573 3322 1853 3389 δικαστοῦ,
1898 3322 1974 3386 ὡς

386 3412 458 3467 ἂν
505 3414 586 3477 είς
629 3414 754 3477 τοὺς
785 3414 955 3479 Θεούς
1001 3432 1060 3468 τε
1110 3415 1205 3468 καὶ
1235 3418 1360 3479 τοὺς
1401 3416 1639 3487 βασιλεῖς
1673 3415 1970 3487 παροινῶν,

385 3504 554 3569 εὐθὺς
578 3504 678 3576 τὴν
709 3506 851 3558 κατὰ
874 3505 982 3557 τῶν
1009 3505 1280 3574 σιαγόνων
1321 3503 1482 3575 ὓϐριν
1519 3506 1828 3573 ὑφίσταται,
1857 3501 1975 3556 εἶτα

390 3596 492 3651 καὶ
539 3596 684 3651 κατὰ
716 3597 809 3650 τοῦ
851 3596 1079 3667 αὐχένος
1113 3598 1204 3650 ἐπὶ
1241 3596 1468 3660 πολλαῖς
1506 3586 1626 3660 ταῖς
1660 3596 1828 3665 ὥραις
1856 3595 1978 3648 ἐτύ-

388 3707 578 3756 πτετο,
609 3683 670 3744 οὗ
705 3691 839 3761 μηδὲ
869 3691 967 3762 τὴν
1019 3691 1149 3745 θέαν
1176 3691 1345 3762 μόνην
1378 3693 1426 3743 oi
1457 3688 1809 3761 παρεστῶτες
1845 3686 1974 3757 ἡδύ-

386 3797 553 3834 ναντο
582 3782 897 3853 καρτερεῖν,
931 3780 1013 3833 διὸ
1059 3782 1154 3834 καὶ
1203 3782 1478 3833 κουθετεῖν
1511 3779 1856 3850 ἐπεχείρουν,
1888 3777 1977 3831 ἵνα

386 3873 491 3943 τῆς
535 3874 879 3944 μωρολογίας
909 3873 984 3938 ὡς
1022 3874 1208 3933 αὐτοῖς
1253 3873 1428 3926 ἐδόκει
1464 3872 1790 3944 μετάθηται,
1841 3870 1977 3942 πρὸς

387 3964 489 4028 οὓς
528 3967 556 4018 6
593 3967 810 4037 μάρτυς
843 3966 937 4019 καὶ
968 3966 1175 4038 σφόδρα
1218 3982 1278 4033 γε
1310 3964 1548 4034 εὐφυῶς,
1589 3964 1679 4019 Ἐν
1712 3962 1978 4032 ἐξήκοντα

388 4053 533 4116 ὅλοις
569 4054 718 4106 ἔτεσι
751 4052 852 4123 τὴν
886 4056 1099 4123 μωρίαν
1139 4054 1346 4124 ταύτην
1377 4055 1679 4123 φιλοπόνως
1728 4051 1977 4122 ἀσκήσας

388 4148 450 4200 ἐν
479 4147 601 4219 ὥρᾳ
629 4148 728 4219 μιᾷ
762 4147 821 4199 τὸ
851 4146 1083 4218 χρονίως
1111 4146 1333 4217 κτηθέν,
1359 4144 1502 4198 οὕτω
1535 4143 1734 4215 ῥᾳδίως
1758 4140 1977 4195 ἀπώσο-

392 4259 517 4312 μαι,
550 4243 612 4294 οὺ
640 4243 717 4312 μὰ
756 4242 848 4294 τὸν
896 4240 1039 4311 ὑπὲρ
1068 4240 1354 4301 εὐσεϐείας
1399 4237 1589 4290 τοῦτον
1638 4236 1848 4305 ἀγῶνα,
1883 4234 1980 4289 καὶ

386 4337 492 4405 τὴν
538 4337 619 4398 εἰς
656 4332 893 4406 Χριστὸν
922 4333 1013 4385 τὸν
1044 4331 1299 4403 ἀληθινὸν
1328 4331 1459 4384 Θεὸν
1494 4346 1598 4400 μου
1629 4327 1976 4399 πεποίθησιν,

388 4424 502 4479 οὐδ’
533 4426 599 4477 ἂν
634 4426 766 4496 ἡμῖν
797 4423 960 4487 ἄλλος
1003 4422 1256 4494 λῖἀξιμος
1297 4423 1522 4494 ἀπειλῇ,
1553 4421 1745 4477 τούτου
1796 4419 1979 4489 πολλῷ

2077 581 2183 626 tem
2212 572 2501 627 assistebat
2530 587 2722 643 magna
2751 572 3045 629 multitudo
3078 574 3354 643 lictorum,
3383 575 3477 646 qui
3502 576 3648 633 illius

2073 661 2295 717 nutibus
2329 670 2384 715 et
2436 662 2683 732 gestibus
2715 677 2774 717 se
2810 674 3061 735 prompte
3097 665 3373 735 parituros
3417 682 3541 723 esse
3570 668 3647 724 si-

2074 751 2425 824 gnificabant.
2469 752 2605 808 Cum
2648 768 2778 826 ergo
2814 755 2878 810 iis
2908 756 2999 826 qui
3029 767 3162 813 tunc
3204 769 3367 814 erant
3409 746 3649 815 cultores

2075 849 2382 902 darmonum
2444 858 2709 919 martyres
2795 860 3022 922 propter
3088 868 3273 917 veram
3330 854 3648 927 religionem

2072 943 2377 996 evasissent
2419 942 2716 1009 manifesti,
2758 951 2813 998 et
2840 943 2954 1013 jam
2998 944 3380 1014 comprehensi
3412 946 3651 1006 fuissent

2074 1037 2108 1092 ii
2148 1038 2348 1107 quibus
2400 1039 2501 1094 hoc
2536 1039 2889 1096 incumbebat
2923 1041 3180 1109 adiciam,
3225 1043 3398 1113 judicl
3433 1045 3502 1101 de
3539 1046 3647 1102 illis

2073 1128 2472 1200 signiﬁcarunt.
2523 1132 2647 1203 Ipse
2681 1143 2864 1188 autem
2914 1136 3090 1189 vetuit
3136 1136 3357 1205 quidem
3386 1153 3483 1193 eos
3525 1138 3647 1194 sisti

2073 1225 2456 1290 communiter,
2508 1225 2605 1280 sed
2653 1225 2968 1297 singulatim
3020 1226 3205 1296 potius
3260 1229 3647 1294 introducens,

2071 1329 2166 1371 eos
2196 1317 2563 1383 examinabat,
2597 1318 2835 1389 maligno
2871 1320 2975 1374 hoc
3005 1335 3172 1390 agens
3207 1320 3441 1376 consilio
3464 1330 3519 1376 et
3550 1336 3650 1378 co-

2071 1406 2251 1477 gitans
2289 1406 2409 1462 fore
2462 1419 2522 1462 ut
2548 1408 2781 1463 invictos
2823 1408 2904 1464 sic
2952 1409 3161 1464 facilius
3190 1418 3552 1480 expugnaret.
3585 1411 3651 1466 Ει

2072 1497 2283 1567 primus
2309 1498 2552 1568 quidem,
2596 1498 2851 1555 videlicet
2889 1509 3067 1567 artate,
3116 1499 3396 1556 Tara3hus
3437 1502 3491 1556 in
3537 1517 3652 1556 me-

2071 1589 2223 1646 dium
2253 1591 2545 1656 accedens,
2591 1607 2717 1647 cum
2764 1603 2986 1663 rogatus
3023 1602 3171 1648 esset
3200 1593 3450 1664 quisnam
3487 1608 3651 1649 voca-

2073 1690 2240 1746 retur,
2294 1682 2538 1752 seipsum
2597 1681 2889 1737 confessus
2936 1690 3020 1737 est
3074 1696 3198 1738 esse
3247 1681 3651 1746 Christianum,

2073 1771 2344 1842 intrepide
2371 1772 2561 1827 dicens
2596 1771 3037 1842 injustojudici:
3075 1770 3230 1838 Quod
3263 1782 3342 1837 tu.
3389 1782 3651 1843 tanquam

2072 1868 2305 1927 crimen,
2335 1863 2705 1933 persequeris,
2740 1864 2844 1918 hoc
2880 1872 2965 1918 est
3012 1864 3146 1918 mihi
3174 1874 3567 1919 ornamentum
3595 1873 3654 1919 et

2073 1969 2274 2010 nomen
2305 1955 2608 2024 proprium.
2640 1955 2908 2021 Quoniam
2937 1970 3067 2010 vero
3099 1954 3153 2011 id
3185 1971 3406 2026 quoque
3434 1957 3580 2025 quod
3612 1972 3643 2009 a

2072 2045 2393 2116 parentibus
2436 2045 2570 2100 mihi
2622 2045 2727 2100 fuit
2781 2045 3098 2115 impositum
3146 2045 3226 2102 vis
3275 2047 3439 2109 scire,
3484 2061 3654 2101 vocor

2075 2135 2378 2193 Tarachus.
2424 2136 2563 2192 Cum
2591 2146 2774 2192 autem
2805 2151 2982 2192 essem
3014 2137 3195 2202 miles,
3236 2136 3449 2191 inferne
3485 2138 3654 2193 abne-

2074 2230 2194 2302 gavi
2248 2229 2511 2292 militare,
2563 2228 2823 2299 quoniam
2876 2243 3027 2282 arma
3065 2238 3274 2293 nostra,
3319 2230 3411 2298 qui
3463 2243 3657 2284 sumus

2073 2321 2395 2385 Christiani,
2419 2337 2528 2377 nou
2555 2330 2684 2375 sunt
2703 2320 2961 2388 carnalia,
2991 2320 3085 2376 sed
3114 2339 3132 2371 ι
3170 2319 3277 2376 Deo
3306 2320 3546 2389 potentia
3572 2321 3655 2389 (ut

2074 2414 2207 2469 dicit
2235 2412 2456 2485 Paulus)
2506 2413 2573 2468 ad
2609 2413 3040 2467 destructionem
3076 2410 3445 2467 adversarii’.
3484 2430 3502 2462 ι
3546 2411 3655 2467 Fac

2075 2521 2205 2576 ergo
2251 2505 2419 2575 quod.
2471 2505 2642 2572 velis;
2680 2519 2775 2560 ero
2817 2503 2961 2558 enim
2994 2504 3088 2560 tibi
3118 2520 3216 2575 per
3245 2503 3413 2558 Deum
3444 2505 3538 2574 qui
3572 2514 3656 2559 est

2076 2593 2241 2649 inme
2262 2593 2518 2649 stimulus
2546 2603 2601 2649 et
2626 2593 2986 2663 perturbatio.
3017 2593 3085 2648 Et
3110 2609 3216 2648 nec
3242 2609 3327 2648 me
3356 2593 3656 2649 senectutis

2074 2692 2128 2740 et
2166 2700 2428 2740 canorum
2454 2684 2772 2749 admoneas,
2802 2683 2895 2755 qui
2926 2699 3045 2739 sum
3084 2685 3307 2754 juvenis
3339 2686 3506 2739 animi
3538 2683 3654 2739 ala-

2073 2775 2267 2831 critate
2295 2792 2309 2828 :
2341 2789 2521 2844 neque
2554 2774 2703 2844 quod
2732 2774 3133 2829 inconsiderate
3165 2783 3219 2829 et
3250 2783 3448 2843 praeter
3482 2774 3653 2828 ratio-

2074 2854 2200 2922 nem
2244 2866 2355 2922 fita
2402 2867 2510 2922 tuis
2540 2866 2982 2937 imperatoribus,
3016 2865 3068 2919 id
3125 2880 3287 2921 voces
3336 2865 3510 2936 legem
3557 2880 3656 2935 pa-

2077 2964 2258 3014 triam.
2284 2957 2436 3014 Unus
2470 2968 2553 3014 est
2584 2960 2732 3013 enim
2775 2966 2962 3013 noster
2999 2966 3055 3012 et
3087 2972 3250 3012 verus
3277 2956 3458 3022 Pater,
3489 2956 3656 3018 Deus,

2075 3054 2168 3125 qui
2200 3068 2303 3109 nos
2328 3053 2493 3107 etiam
2519 3052 2780 3123 produxit
2817 3052 2884 3105 ad
2926 3051 3245 3107 essentiam.
3280 3050 3381 3104 Tui
3416 3065 3546 3105 veru
3576 3050 3658 3104 dii

2000 3170 2045 3225 ο
2079 3161 2203 3199 cum
2237 3145 2348 3198 sint
2379 3144 2526 3214 ligna
2554 3152 2609 3198 et
2632 3144 2860 3213 lapides.
2887 3150 3016 3197 sunt
3053 3141 3516 3197 abominationes.
3551 3140 3660 3196 Ta~

2094 3235 2165 3289 lia
2199 3243 2324 3288 sunt
2355 3248 2476 3304 quae
2506 3249 2536 3288 a
2572 3243 2664 3289 tuo
2692 3234 3018 3303 imperatore
3049 3232 3309 3286 coluntur
3344 3231 3657 3288 simulacra.

2148 3326 2238 3380 III.
2281 3324 2380 3380 His
2424 3325 2735 3379 accendens
2770 3324 2904 3377 iram
2950 3323 3175 3393 judicis,
3208 3332 3270 3377 ut
3310 3322 3404 3392 qui
3437 3321 3541 3377 diis
3576 3322 3661 3376 in-

2076 3417 2307 3472 sultaret
2376 3424 2430 3470 et
2491 3415 2939 3484 imperatoribus,
3001 3414 3058 3467 in
3118 3412 3355 3467 maxillis
3408 3412 3664 3482 protinus

2076 3510 2247 3565 subiit
2277 3508 2532 3579 injuriam
2560 3524 2576 3560 :
2619 3506 2818 3561 deinde
2843 3506 3007 3560 etiam
3036 3505 3090 3558 in
3123 3505 3265 3560 collo
3293 3503 3481 3559 multis
3508 3502 3659 3558 boris

2078 3601 2179 3656 fuit
2207 3600 2544 3655 verberatus.
2577 3598 2731 3665 Quod
2761 3597 3132 3669 spectaculum
3157 3612 3229 3652 ne
3252 3605 3509 3665 poterant
3532 3595 3660 3666 qui-

2076 3694 2198 3750 dem
2229 3692 2371 3747 ferre
2405 3692 2439 3746 ii
2469 3690 2561 3760 qui
2591 3689 2824 3745 aderant
2851 3706 2864 3743 :
2893 3689 3153 3759 quocirca
3203 3688 3662 3758 aggrediebautur

2076 3785 2239 3841 etiam
2281 3782 2604 3847 admonere,
2640 3790 2698 3835 ut
2735 3781 2901 3835 stulte
2936 3779 3102 3850 loqui,
3137 3780 3277 3835 sicut
3319 3780 3402 3835 eis
3432 3779 3663 3835 videba-

2079 3887 2188 3942 tur,
2228 3875 2540 3931 desisteret.
2587 3873 2799 3940 Quibus
2832 3881 3036 3942 martyr
3087 3873 3225 3928 scite
3271 3871 3567 3926 admodum
3603 3879 3665 3926 et

2078 3968 2365 4040 apposite:
2407 3965 2544 4022 Cum
2577 3966 2883 4036 sexaginta,
2920 3965 3116 4034 inquit,
3157 3974 3305 4020 totos
3334 3980 3433 4020 sex
3478 3979 3659 4021 annos

2079 4058 2372 4128 diligenter
2433 4058 2576 4112 hanc
2626 4057 2849 4111 stultam
2912 4056 3248 4111 exercuerim
3301 4056 3661 4121 locutionem,
3739 4043 3747 4054 ’

2080 4149 2217 4205 hora
2254 4165 2384 4214 una,
2418 4150 2564 4219 quod
2595 4157 2706 4203 tam
2730 4148 2895 4218 longo
2926 4157 3174 4219 tempore
3197 4157 3283 4204 est
3311 4148 3663 4220 acquisitula,

2080 4242 2394 4314 expellam?
2423 4240 2779 4313 Nequaquam
2816 4256 2913 4310 per
2960 4242 3090 4308 hoc,
3138 4240 3288 4311 quod
3333 4256 3434 4312 pro
3463 4241 3667 4308 pietate

2081 4335 2324 4407 suscipio
2346 4345 2648 4402 certamen,
2672 4343 2728 4390 et
2752 4349 2850 4404 per
2878 4348 3053 4388 meam
3083 4331 3138 4386 in
3169 4332 3449 4388 Christum
3474 4347 3666 4387 verum

2082 4425 2256 4481 Deum
2286 4424 2564 4491 ﬁduciam,
2587 4437 2766 4493 neque
2800 4422 2845 4477 si
2880 4422 3044 4477 nobis
3067 4421 3209 4476 alius
3239 4422 3481 4477 minetur
3504 4420 3670 4476 Maxi-

393 4517 698 4588 βαρύτερός
745 4533 805 4569 τε
857 4516 951 4568 καὶ
997 4514 1405 4587 χαλεπώτερος.
1452 4514 1572 4567 Τῶν
1621 4513 1975 4585 μαρτυρικῶν

2087 4530 2233 4583 mus,
2279 4514 2387 4569 hoc
2439 4512 2602 4581 longe
2653 4512 2875 4581 gravior
2925 4519 2981 4564 et
3030 4509 3415 4581 importunior.
3462 4507 3669 4565 Harum

396 4607 604 4662 τούτων
644 4607 841 4678 φωνῶν
872 4610 901 4661 6
932 4606 1251 4678 παράνομος
1301 4606 1561 4675 δικαστὴς
1595 4604 1656 4658 τὸ
1693 4606 1981 4676 πεπαρρη-

397 4699 698 4769 σιασμένον
748 4700 851 4752 οὐκ
899 4697 1162 4767 ἐνεγκὼν,
1202 4696 1418 4768 ῥὰὃδοις
1457 4695 1626 4765 ὠμῶς
1668 4693 1984 4758 καταικίζεο

396 4793 523 4847 σθαι
568 4791 662 4846 τὸν
692 4790 934 4861 ἀθλητὴν
961 4792 1262 4842 ἐπιτάττει.
1302 4789 1394 4849 Ὠς
1441 4786 1497 4838 δέ
1528 4786 1666 4856 μετὰ
1698 4790 1798 4846 τὰς
1846 4784 1988 4854 πληο

392 4887 501 4957 γὰς
534 4885 697 4955 ἔμενε
731 4882 934 4953 μᾶλλον
963 4881 1064 4954 τὴν
1094 4879 1276 4952 ψυχὴν
1307 4878 1712 4949 ἁκλινέστερος,
1748 4877 1982 4946 βαρυτέο

397 4993 517 5045 ραις
569 4974 604 5045 ἢ
658 4975 928 5047 πρότερον
1005 4969 1355 5042 περισὴεθεὶς
1414 4969 1528 5030 τοῖς
1603 4966 1692 5019 διὰ
1763 4966 1982 5036 σιδήρου

394 5072 619 5141 δεσμοῖς
648 5070 741 5123 ἐπὶ
763 5068 862 5143 τὴν
890 5068 1116 5139 εἱρκτὴν
1148 5064 1414 5137 ἀπήγετο.

468 5162 543 5222 Δ’.
577 5161 712 5218 Εἶτα
744 5166 838 5218 καὶ
874 5163 904 5216 6
932 5159 1294 5232 καθ’ήλικίαν
1323 5156 1579 5226 δεύτερος
1617 5153 1879 5226 παρήχθη
1908 5153 1987 5224 τῷ

397 5257 632 5331 βήματι,
658 5255 897 5326 ἀμελητὶ
924 5255 1021 5308 καὶ
1067 5252 1407 5323 συνηγμένος
1443 5249 1626 5303 πάντα
1681 5247 1854 5301 εἰπὼν
1900 5246 1989 5298 ἵνα

399 5354 480 5423 μὴ
500 5350 598 5404 καὶ
630 5347 874 5420 βραδύνῃ
920 5346 1139 5411 παθεῖν,
1169 5345 1275 5414 εφη
1303 5343 1414 5412 γὰρ
1448 5340 1547 5408 τὴν
1588 5338 1688 5410 μὲν
1710 5336 1863 5391 θείαν
1891 5335 1987 5389 καὶ

397 5442 682 5511 ἐξαίρετον
734 5436 1108 5508 προσηγορίαν
1160 5424 1435 5504 καλοῦμαι
1476 5427 1839 5501 Χριστιανὸς,
1884 5425 1984 5497 τὴν

395 5531 754 5606 ἀνθρωπίνην
783 5531 865 5599 δέ,
897 5528 1124 5600 Πρόδος.
1148 5525 1297 5599 Θρᾲξ
1335 5525 1452 5590 εἰμὶ
1475 5527 1536 5577 τὸ
1564 5523 1721 5593 γένος
1769 5518 1986 5587 ἰδιώτης

396 5628 493 5682 τὸν
518 5626 656 5697 βίον,
680 5625 779 5687 τὰς
815 5622 926 5676 τῶν
944 5619 1211 5692 βασιλέων
1242 5618 1336 5673 καὶ
1370 5618 1469 5681 τὰς
1506 5618 1630 5679 σᾶς.
1661 5611 1704 5667 ἶυ
1725 5612 1986 5677 δικαστά,

509 5792 529 5829 ³
556 5791 602 5849 ll
627 5791 753 5848 Cor.
787 5808 839 5859 κ,
870 5794 928 5847 4.

2087 4605 2344 4677 martyris
2366 4618 2561 4658 vocum
2600 4602 2911 4657 libertatem
2946 4616 3056 4655 non
3103 4600 3287 4655 ferens
3317 4600 3542 4671 iniquus
3570 4600 3668 4673 ju-

2085 4697 2209 4760 dex,
2243 4693 2401 4763 jubet
2426 4692 2602 4760 ipsum
2632 4690 2794 4762 virgis
2820 4691 2952 4746 caedi
2984 4690 3297 4745 crudeliter.
3324 4689 3460 4745 Cum
3481 4699 3667 4747 autem

2085 4795 2210 4859 post
2238 4786 2423 4857 plagas
2452 4791 2696 4838 maneret
2727 4783 2914 4838 animo
2969 4781 3288 4847 immobilis,
3327 4779 3669 4853 gravioribus

2086 4895 2251 4951 quam
2284 4879 2435 4949 prius
2466 4875 2662 4932 ferreis
2690 4874 2989 4930 adstrictus
3013 4874 3268 4940 vinculis,
3297 4872 3565 4928 abductus
3581 4881 3669 4928 est

2085 4974 2140 5028 in
2175 4988 2235 5027 ca
2244 4985 2474 5027 rcerern.

2158 5150 2245 5207 IV.
2288 5148 2495 5205 Deinde
2535 5148 2580 5203 is
2623 5161 2843 5220 quoque
2893 5145 3137 5223 quierat
3191 5145 3466 5211 secundus
3510 5154 3672 5201 aetate

2087 5244 2386 5316 productus
2417 5247 2503 5296 est
2529 5239 2598 5295 ad
2629 5237 2888 5294 tribunal.
2917 5237 3009 5292 Ille
3037 5247 3222 5292 autem
3255 5237 3391 5293 citra
3453 5252 3665 5292 moram

2089 5347 2147 5393 et
2178 5335 2369 5409 paucis
2397 5332 2531 5389 dixit
2558 5330 2761 5394 omnia,
2797 5346 2865 5385 ne
2897 5327 3145 5385 diﬂ‘erret
3175 5328 3308 5399 pati.
3337 5327 3525 5383 Divina
3548 5327 3671 5396 qui-

2092 5425 2243 5490 dem,
2300 5420 2582 5493 inquiens,
2636 5427 2701 5497 et
2761 5418 3035 5489 pra’cipua
3088 5417 3455 5489 appellatione
3504 5431 3672 5495 vocor

2091 5513 2461 5578 Christianus,
2488 5511 2727 5566 humana
2749 5519 2931 5564 autem
2958 5507 3185 5565 Probus.
3211 5509 3343 5566 Sum
3373 5504 3554 5579 Tura;
3580 5523 3674 5580 ge-

2097 5621 2254 5671 nere,
2281 5588 2447 5659 homo
2470 5601 2735 5674 privatus,
2762 5602 3149 5671 imperatorum
3191 5590 3392 5656 et'tuas
3411 5597 3675 5679 adversus
