  <div class='ocr_page' id='page_1' title='image "/cluster/home/n/w/nwhite01/storage/ocr_20150623/115:no.2/coo.31924054870195/544.png"; bbox 0 0 4110 6482; ppageno 0'>
   <div class='ocr_carea' id='block_1_1' title="bbox 474 436 608 502">
    <p class='ocr_par' dir='ltr' id='par_1_1' title="bbox 474 436 608 502">
     <span class='ocr_line' id='line_1_1' title="bbox 474 436 608 502; baseline -0.022 0"><span class='ocrx_word' id='word_1_1' title='bbox 474 436 608 502; x_wconf 73' lang='grc'><strong>1073</strong></span> 
     </span>
    </p>
   </div>
   <div class='ocr_carea' id='block_1_2' title="bbox 1516 427 2693 501">
    <p class='ocr_par' dir='ltr' id='par_1_2' title="bbox 1516 427 2693 501">
     <span class='ocr_line' id='line_1_2' title="bbox 1516 427 2693 501; baseline 0.003 -4"><span class='ocrx_word' id='word_1_2' title='bbox 1516 429 1982 497; x_wconf 79' lang='lat' dir='ltr'><strong>MARTYRIUM</strong></span> <span class='ocrx_word' id='word_1_3' title='bbox 2017 427 2082 490; x_wconf 89' lang='lat' dir='ltr'><strong>S.</strong></span> <span class='ocrx_word' id='word_1_4' title='bbox 2121 427 2356 494; x_wconf 79' lang='lat' dir='ltr'>PROBI</span> <span class='ocrx_word' id='word_1_5' title='bbox 2398 435 2491 497; x_wconf 82' lang='lat' dir='ltr'><strong>ET</strong></span> <span class='ocrx_word' id='word_1_6' title='bbox 2533 437 2693 501; x_wconf 88' lang='lat' dir='ltr'><strong>SOC.</strong></span> 
     </span>
    </p>
   </div>
   <div class='ocr_carea' id='block_1_3' title="bbox 3593 444 3730 509">
    <p class='ocr_par' dir='ltr' id='par_1_3' title="bbox 3593 444 3730 509">
     <span class='ocr_line' id='line_1_3' title="bbox 3593 444 3730 509; baseline -0.015 0"><span class='ocrx_word' id='word_1_7' title='bbox 3593 444 3730 509; x_wconf 55' lang='lat'><strong>107$</strong></span> 
     </span>
    </p>
   </div>
   <div class='ocr_carea' id='block_1_4' title="bbox 462 540 2033 626">
    <p class='ocr_par' dir='ltr' id='par_1_4' title="bbox 462 547 2033 623">
     <span class='ocr_line' id='line_1_4' title="bbox 462 547 2033 623; baseline -0.004 -18"><span class='ocrx_word' id='word_1_8' title='bbox 462 551 633 623; x_wconf 80' lang='grc' dir='ltr'><strong>τριῶν</strong></span> <span class='ocrx_word' id='word_1_9' title='bbox 682 549 954 620; x_wconf 78' lang='grc' dir='ltr'><strong>ἀριστέων</strong></span> <span class='ocrx_word' id='word_1_10' title='bbox 1003 550 1206 616; x_wconf 77' lang='grc' dir='ltr'>λαϐὼν,</span> <span class='ocrx_word' id='word_1_11' title='bbox 1251 549 1415 606; x_wconf 84' lang='grc' dir='ltr'><strong>πάλιν</strong></span> <span class='ocrx_word' id='word_1_12' title='bbox 1458 550 1654 611; x_wconf 82' lang='grc' dir='ltr'><strong>αὐτοὺς</strong></span> <span class='ocrx_word' id='word_1_13' title='bbox 1688 547 1811 603; x_wconf 80' lang='grc' dir='ltr'><strong>καθ’</strong></span> <span class='ocrx_word' id='word_1_14' title='bbox 1853 547 1950 601; x_wconf 68' lang='grc' dir='ltr'><strong>ἕνα</strong></span> <span class='ocrx_word' id='word_1_15' title='bbox 1979 548 2033 616; x_wconf 73' lang='grc' dir='ltr'><strong>τῗ</strong></span> 
     </span>
    </p>
   </div>
   <div class='ocr_carea' id='block_1_5' title="bbox 2136 540 3730 626">
    <p class='ocr_par' dir='ltr' id='par_1_5' title="bbox 2152 550 3730 626">
     <span class='ocr_line' id='line_1_5' title="bbox 2152 550 3730 626; baseline 0.006 -24"><span class='ocrx_word' id='word_1_16' title='bbox 2152 562 2272 603; x_wconf 88' lang='lat' dir='ltr'><strong>rum</strong></span> <span class='ocrx_word' id='word_1_17' title='bbox 2312 550 2453 608; x_wconf 85' lang='lat' dir='ltr'><strong>bane</strong></span> <span class='ocrx_word' id='word_1_18' title='bbox 2482 552 2906 624; x_wconf 79' lang='lat' dir='ltr'><strong>pulcherrimam</strong></span> <span class='ocrx_word' id='word_1_19' title='bbox 2956 554 3278 625; x_wconf 73' lang='lat' dir='ltr'><strong>sumpsisset</strong></span> <span class='ocrx_word' id='word_1_20' title='bbox 3308 556 3730 626; x_wconf 76' lang='lat' dir='ltr'><strong>experientiam,</strong></span> 
     </span>
    </p>
   </div>
   <div class='ocr_carea' id='block_1_6' title="bbox 462 640 2039 716">
    <p class='ocr_par' dir='ltr' id='par_1_6' title="bbox 462 640 2039 716">
     <span class='ocr_line' id='line_1_6' title="bbox 462 640 2039 716; baseline -0.001 -21"><span class='ocrx_word' id='word_1_21' title='bbox 462 643 706 713; x_wconf 64' lang='grc' dir='ltr'><strong>προτέρᾳ⁵</strong></span> <span class='ocrx_word' id='word_1_22' title='bbox 727 641 880 707; x_wconf 79' lang='grc' dir='ltr'><strong>τάξει</strong></span> <span class='ocrx_word' id='word_1_23' title='bbox 912 643 1006 696; x_wconf 71' lang='grc' dir='ltr'><strong>καὶ</strong></span> <span class='ocrx_word' id='word_1_24' title='bbox 1024 642 1120 698; x_wconf 89' lang='grc' dir='ltr'><strong>νῦν</strong></span> <span class='ocrx_word' id='word_1_25' title='bbox 1143 642 1677 716; x_wconf 77' lang='grc' dir='ltr'><strong>χρώμενος,παρῆγε</strong></span> <span class='ocrx_word' id='word_1_26' title='bbox 1703 641 1783 712; x_wconf 84' lang='grc' dir='ltr'><strong>τῷ</strong></span> <span class='ocrx_word' id='word_1_27' title='bbox 1811 640 2039 713; x_wconf 82' lang='grc' dir='ltr'><strong>βήματι·</strong></span> 
     </span>
    </p>
   </div>
   <div class='ocr_carea' id='block_1_7' title="bbox 462 735 2040 808">
    <p class='ocr_par' dir='ltr' id='par_1_7' title="bbox 462 735 2040 808">
     <span class='ocr_line' id='line_1_7' title="bbox 462 735 2040 808; baseline -0.001 -18"><span class='ocrx_word' id='word_1_28' title='bbox 462 739 574 790; x_wconf 80' lang='grc' dir='ltr'><strong>Καὶ</strong></span> <span class='ocrx_word' id='word_1_29' title='bbox 606 736 769 790; x_wconf 81' lang='grc' dir='ltr'><strong>πάλιν</strong></span> <span class='ocrx_word' id='word_1_30' title='bbox 797 738 825 790; x_wconf 86' lang='grc' dir='ltr'><strong>ὀ</strong></span> <span class='ocrx_word' id='word_1_31' title='bbox 856 736 1108 808; x_wconf 83' lang='grc' dir='ltr'><strong>Τάραχος</strong></span> <span class='ocrx_word' id='word_1_32' title='bbox 1155 737 1442 808; x_wconf 83' lang='grc' dir='ltr'><strong>παραστὰς</strong></span> <span class='ocrx_word' id='word_1_33' title='bbox 1498 737 1637 807; x_wconf 77' lang='grc' dir='ltr'><strong>μετὰ</strong></span> <span class='ocrx_word' id='word_1_34' title='bbox 1684 735 1884 806; x_wconf 80' lang='grc' dir='ltr'>πολλῆς</span> <span class='ocrx_word' id='word_1_35' title='bbox 1940 735 2040 803; x_wconf 76' lang='grc' dir='ltr'><strong>τῆς</strong></span> 
     </span>
    </p>
   </div>
   <div class='ocr_carea' id='block_1_8' title="bbox 461 828 2043 900">
    <p class='ocr_par' dir='ltr' id='par_1_8' title="bbox 461 828 2043 900">
     <span class='ocr_line' id='line_1_8' title="bbox 461 828 2043 900; baseline 0 -20"><span class='ocrx_word' id='word_1_36' title='bbox 461 829 786 899; x_wconf 77' lang='grc' dir='ltr'><strong>παρρησίας</strong></span> <span class='ocrx_word' id='word_1_37' title='bbox 832 828 926 882; x_wconf 70' lang='grc' dir='ltr'><strong>τὶν</strong></span> <span class='ocrx_word' id='word_1_38' title='bbox 961 829 1227 897; x_wconf 75' lang='grc' dir='ltr'><strong>ἡγεμόνα,</strong></span> <span class='ocrx_word' id='word_1_39' title='bbox 1263 829 1388 892; x_wconf 81' lang='grc' dir='ltr'><strong>τοὺς</strong></span> <span class='ocrx_word' id='word_1_40' title='bbox 1433 829 1866 900; x_wconf 72' lang='grc' dir='ltr'><strong>αὐτοκράτορας,</strong></span> <span class='ocrx_word' id='word_1_41' title='bbox 1917 828 2043 892; x_wconf 68' lang='grc' dir='ltr'><strong>τοὺς</strong></span> 
     </span>
    </p>
   </div>
   <div class='ocr_carea' id='block_1_9' title="bbox 457 919 2044 992">
    <p class='ocr_par' dir='ltr' id='par_1_9' title="bbox 457 919 2044 992">
     <span class='ocr_line' id='line_1_9' title="bbox 457 919 2044 992; baseline 0 -18"><span class='ocrx_word' id='word_1_42' title='bbox 457 922 637 974; x_wconf 76' lang='grc' dir='ltr'><strong>αὐτῶν</strong></span> <span class='ocrx_word' id='word_1_43' title='bbox 660 921 1086 983; x_wconf 75' lang='grc' dir='ltr'><strong>ἀσθενεστάτους</strong></span> <span class='ocrx_word' id='word_1_44' title='bbox 1122 921 1300 985; x_wconf 75' lang='grc' dir='ltr'><strong>θεοὺς,</strong></span> <span class='ocrx_word' id='word_1_45' title='bbox 1324 921 1597 992; x_wconf 79' lang='grc' dir='ltr'><strong>ἐξελέγχει</strong></span> <span class='ocrx_word' id='word_1_46' title='bbox 1627 919 2044 990; x_wconf 84' lang='grc' dir='ltr'><strong>καρτερικώτα-</strong></span> 
     </span>
    </p>
   </div>
   <div class='ocr_carea' id='block_1_10' title="bbox 460 1011 2042 1083">
    <p class='ocr_par' dir='ltr' id='par_1_10' title="bbox 460 1011 2042 1083">
     <span class='ocr_line' id='line_1_10' title="bbox 460 1011 2042 1083; baseline 0.001 -18"><span class='ocrx_word' id='word_1_47' title='bbox 460 1029 554 1066; x_wconf 78' lang='grc' dir='ltr'><strong>τα.</strong></span> <span class='ocrx_word' id='word_1_48' title='bbox 600 1011 767 1066; x_wconf 82' lang='grc' dir='ltr'><strong>Ὅθεν</strong></span> <span class='ocrx_word' id='word_1_49' title='bbox 817 1014 913 1068; x_wconf 68' lang='grc' dir='ltr'><strong>καὶ</strong></span> <span class='ocrx_word' id='word_1_50' title='bbox 950 1013 1119 1076; x_wconf 83' lang='grc' dir='ltr'>λίθοις</span> <span class='ocrx_word' id='word_1_51' title='bbox 1163 1014 1223 1066; x_wconf 82' lang='grc' dir='ltr'><strong>τὸ</strong></span> <span class='ocrx_word' id='word_1_52' title='bbox 1268 1015 1443 1083; x_wconf 83' lang='grc' dir='ltr'>στόμα</span> <span class='ocrx_word' id='word_1_53' title='bbox 1486 1015 1894 1078; x_wconf 84' lang='grc' dir='ltr'><strong>συνθλάττεται,</strong></span> <span class='ocrx_word' id='word_1_54' title='bbox 1948 1015 2042 1068; x_wconf 75' lang='grc' dir='ltr'><strong>καὶ</strong></span> 
     </span>
    </p>
   </div>
   <div class='ocr_carea' id='block_1_11' title="bbox 455 1101 2040 1176">
    <p class='ocr_par' dir='ltr' id='par_1_11' title="bbox 455 1101 2040 1176">
     <span class='ocr_line' id='line_1_11' title="bbox 455 1101 2040 1176; baseline 0.002 -20"><span class='ocrx_word' id='word_1_55' title='bbox 455 1101 615 1165; x_wconf 64' lang='grc' dir='ltr'><strong>αὗθις</strong></span> <span class='ocrx_word' id='word_1_56' title='bbox 668 1104 782 1168; x_wconf 86' lang='grc' dir='ltr'><strong>πῦρ</strong></span> <span class='ocrx_word' id='word_1_57' title='bbox 832 1108 953 1165; x_wconf 83' lang='grc' dir='ltr'><strong>ταῖς</strong></span> <span class='ocrx_word' id='word_1_58' title='bbox 1000 1106 1187 1176; x_wconf 76' lang='grc' dir='ltr'><strong>χερσὶν</strong></span> <span class='ocrx_word' id='word_1_59' title='bbox 1228 1108 1329 1159; x_wconf 83' lang='grc' dir='ltr'><strong>οὐκ</strong></span> <span class='ocrx_word' id='word_1_60' title='bbox 1362 1106 1603 1173; x_wconf 67' lang='grc' dir='ltr'>ἀγεννῶς</span> <span class='ocrx_word' id='word_1_61' title='bbox 1644 1106 1883 1176; x_wconf 65' lang='grc' dir='ltr'><strong>δέχεται.</strong></span> <span class='ocrx_word' id='word_1_62' title='bbox 1924 1104 2040 1160; x_wconf 78' lang='grc' dir='ltr'><strong>Εἶθ’</strong></span> 
     </span>
    </p>
   </div>
   <div class='ocr_carea' id='block_1_12' title="bbox 454 1191 2039 1270">
    <p class='ocr_par' dir='ltr' id='par_1_12' title="bbox 454 1191 2039 1270">
     <span class='ocr_line' id='line_1_12' title="bbox 454 1191 2039 1270; baseline 0.003 -21"><span class='ocrx_word' id='word_1_63' title='bbox 454 1191 614 1258; x_wconf 78' lang='grc' dir='ltr'><strong>οὗτος</strong></span> <span class='ocrx_word' id='word_1_64' title='bbox 645 1197 732 1266; x_wconf 76' lang='grc' dir='ltr'><strong>ἐφ’</strong></span> <span class='ocrx_word' id='word_1_65' title='bbox 780 1196 988 1266; x_wconf 73' lang='grc' dir='ltr'>ὑψηλοῦ</span> <span class='ocrx_word' id='word_1_66' title='bbox 1014 1200 1156 1251; x_wconf 82' lang='grc' dir='ltr'><strong>κατὰ</strong></span> <span class='ocrx_word' id='word_1_67' title='bbox 1184 1197 1427 1266; x_wconf 78' lang='grc' dir='ltr'><strong>κεφαλῆς</strong></span> <span class='ocrx_word' id='word_1_68' title='bbox 1457 1198 1809 1268; x_wconf 80' lang='grc' dir='ltr'><strong>άναρτηθεῐς,</strong></span> <span class='ocrx_word' id='word_1_69' title='bbox 1831 1198 2039 1270; x_wconf 82' lang='grc' dir='ltr'><strong>μετέω-</strong></span> 
     </span>
    </p>
   </div>
   <div class='ocr_carea' id='block_1_13' title="bbox 458 1288 2043 1363">
    <p class='ocr_par' dir='ltr' id='par_1_13' title="bbox 458 1288 2043 1363">
     <span class='ocr_line' id='line_1_13' title="bbox 458 1288 2043 1363; baseline 0.001 -20"><span class='ocrx_word' id='word_1_70' title='bbox 458 1307 551 1361; x_wconf 87' lang='grc' dir='ltr'><strong>ρος</strong></span> <span class='ocrx_word' id='word_1_71' title='bbox 585 1289 684 1360; x_wconf 81' lang='grc' dir='ltr'><strong>τὴν</strong></span> <span class='ocrx_word' id='word_1_72' title='bbox 716 1291 783 1342; x_wconf 79' lang='grc' dir='ltr'><strong>ἐκ</strong></span> <span class='ocrx_word' id='word_1_73' title='bbox 808 1288 902 1342; x_wconf 86' lang='grc' dir='ltr'><strong>τοῦ</strong></span> <span class='ocrx_word' id='word_1_74' title='bbox 934 1289 1145 1344; x_wconf 79' lang='grc' dir='ltr'><strong>καπνοῦ</strong></span> <span class='ocrx_word' id='word_1_75' title='bbox 1180 1291 1489 1362; x_wconf 82' lang='grc' dir='ltr'><strong>πικρότητα</strong></span> <span class='ocrx_word' id='word_1_76' title='bbox 1508 1290 1617 1344; x_wconf 84' lang='grc' dir='ltr'><strong>τῶν</strong></span> <span class='ocrx_word' id='word_1_77' title='bbox 1642 1290 1805 1363; x_wconf 74' lang='grc' dir='ltr'><strong>ῥινῶν</strong></span> <span class='ocrx_word' id='word_1_78' title='bbox 1833 1291 2043 1345; x_wconf 85' lang='grc' dir='ltr'><strong>διαδυο-</strong></span> 
     </span>
    </p>
   </div>
   <div class='ocr_carea' id='block_1_14' title="bbox 457 1381 2040 1453">
    <p class='ocr_par' dir='ltr' id='par_1_14' title="bbox 457 1381 2040 1453">
     <span class='ocr_line' id='line_1_14' title="bbox 457 1381 2040 1453; baseline 0 -18"><span class='ocrx_word' id='word_1_79' title='bbox 457 1381 629 1452; x_wconf 80' lang='grc' dir='ltr'><strong>μένην</strong></span> <span class='ocrx_word' id='word_1_80' title='bbox 658 1381 964 1452; x_wconf 79' lang='grc' dir='ltr'><strong>εἰσδέχεται</strong></span> <span class='ocrx_word' id='word_1_81' title='bbox 993 1382 1226 1452; x_wconf 80' lang='grc' dir='ltr'><strong>βάσανον</strong></span> <span class='ocrx_word' id='word_1_82' title='bbox 1249 1400 1263 1414; x_wconf 77' lang='grc' dir='ltr'><strong>ο</strong></span> <span class='ocrx_word' id='word_1_83' title='bbox 1295 1383 1355 1436; x_wconf 84' lang='grc' dir='ltr'><strong>οὐ</strong></span> <span class='ocrx_word' id='word_1_84' title='bbox 1384 1383 1492 1453; x_wconf 81' lang='grc' dir='ltr'><strong>μὴν</strong></span> <span class='ocrx_word' id='word_1_85' title='bbox 1518 1382 1655 1436; x_wconf 83' lang='grc' dir='ltr'>ἀλλὰ</span> <span class='ocrx_word' id='word_1_86' title='bbox 1682 1383 1772 1437; x_wconf 80' lang='grc' dir='ltr'><strong>καὶ</strong></span> <span class='ocrx_word' id='word_1_87' title='bbox 1800 1381 2040 1453; x_wconf 75' lang='grc' dir='ltr'><strong>προσθή-</strong></span> 
     </span>
    </p>
   </div>
   <div class='ocr_carea' id='block_1_15' title="bbox 457 1466 2037 1545">
    <p class='ocr_par' dir='ltr' id='par_1_15' title="bbox 457 1466 2037 1545">
     <span class='ocr_line' id='line_1_15' title="bbox 457 1466 2037 1545; baseline 0 -18"><span class='ocrx_word' id='word_1_88' title='bbox 457 1490 564 1544; x_wconf 81' lang='grc' dir='ltr'><strong>κην</strong></span> <span class='ocrx_word' id='word_1_89' title='bbox 587 1473 668 1543; x_wconf 74' lang='grc' dir='ltr'><strong>ἰοῷ</strong></span> <span class='ocrx_word' id='word_1_90' title='bbox 693 1473 916 1544; x_wconf 84' lang='grc' dir='ltr'>χαλεπῷ</span> <span class='ocrx_word' id='word_1_91' title='bbox 960 1466 1137 1545; x_wconf 74' lang='grc' dir='ltr'><strong>τούτῳ</strong></span> <span class='ocrx_word' id='word_1_92' title='bbox 1171 1476 1531 1538; x_wconf 71' lang='grc' dir='ltr'><strong>ἐπιτιθέντες.</strong></span> <span class='ocrx_word' id='word_1_93' title='bbox 1558 1475 1715 1540; x_wconf 72' lang='grc' dir='ltr'>ὄξους</span> <span class='ocrx_word' id='word_1_94' title='bbox 1745 1475 1841 1529; x_wconf 58' lang='grc' dir='ltr'><strong>καὶ</strong></span> <span class='ocrx_word' id='word_1_95' title='bbox 1872 1475 2037 1541; x_wconf 81' lang='grc' dir='ltr'>ἁλῶν,</span> 
     </span>
    </p>
   </div>
   <div class='ocr_carea' id='block_1_16' title="bbox 451 1564 2041 1640">
    <p class='ocr_par' dir='ltr' id='par_1_16' title="bbox 451 1564 2041 1640">
     <span class='ocr_line' id='line_1_16' title="bbox 451 1564 2041 1640; baseline 0.003 -22"><span class='ocrx_word' id='word_1_96' title='bbox 451 1567 548 1618; x_wconf 70' lang='grc' dir='ltr'><strong>καὶ</strong></span> <span class='ocrx_word' id='word_1_97' title='bbox 575 1564 924 1636; x_wconf 83' lang='grc' dir='ltr'><strong>δριμυτάτων</strong></span> <span class='ocrx_word' id='word_1_98' title='bbox 961 1569 1296 1637; x_wconf 71' lang='grc' dir='ltr'><strong>σπερμάτων</strong></span> <span class='ocrx_word' id='word_1_99' title='bbox 1336 1566 1516 1638; x_wconf 78' lang='grc' dir='ltr'><strong>μίξεσι</strong></span> <span class='ocrx_word' id='word_1_100' title='bbox 1546 1567 1875 1640; x_wconf 76' lang='grc' dir='ltr'><strong>δριμυτέρου</strong></span> <span class='ocrx_word' id='word_1_101' title='bbox 1901 1567 2041 1638; x_wconf 78' lang='grc' dir='ltr'><strong>κρά-</strong></span> 
     </span>
    </p>
   </div>
   <div class='ocr_carea' id='block_1_17' title="bbox 455 1659 2040 1731">
    <p class='ocr_par' dir='ltr' id='par_1_17' title="bbox 455 1659 2040 1731">
     <span class='ocr_line' id='line_1_17' title="bbox 455 1659 2040 1731; baseline 0.003 -21"><span class='ocrx_word' id='word_1_102' title='bbox 455 1675 627 1727; x_wconf 87' lang='grc' dir='ltr'><strong>ματος</strong></span> <span class='ocrx_word' id='word_1_103' title='bbox 657 1659 984 1728; x_wconf 62' lang='grc' dir='ltr'><strong>γενομένου,</strong></span> <span class='ocrx_word' id='word_1_104' title='bbox 1012 1660 1074 1713; x_wconf 86' lang='grc' dir='ltr'><strong>τὸ</strong></span> <span class='ocrx_word' id='word_1_105' title='bbox 1105 1660 1353 1714; x_wconf 83' lang='grc' dir='ltr'><strong>ἐντεῦθεν</strong></span> <span class='ocrx_word' id='word_1_106' title='bbox 1389 1662 1718 1730; x_wconf 85' lang='grc' dir='ltr'><strong>συγκραθὲν,</strong></span> <span class='ocrx_word' id='word_1_107' title='bbox 1738 1660 2040 1731; x_wconf 80' lang='grc' dir='ltr'><strong>ὠμοτάτως</strong></span> 
     </span>
    </p>
   </div>
   <div class='ocr_carea' id='block_1_18' title="bbox 448 1751 2039 1825">
    <p class='ocr_par' dir='ltr' id='par_1_18' title="bbox 448 1751 2039 1825">
     <span class='ocr_line' id='line_1_18' title="bbox 448 1751 2039 1825; baseline 0.003 -20"><span class='ocrx_word' id='word_1_108' title='bbox 448 1751 541 1805; x_wconf 80' lang='grc' dir='ltr'><strong>διὰ</strong></span> <span class='ocrx_word' id='word_1_109' title='bbox 570 1751 680 1804; x_wconf 86' lang='grc' dir='ltr'><strong>τῶν</strong></span> <span class='ocrx_word' id='word_1_110' title='bbox 708 1752 922 1806; x_wconf 84' lang='grc' dir='ltr'><strong>ἐκείνου</strong></span> <span class='ocrx_word' id='word_1_111' title='bbox 952 1753 1198 1822; x_wconf 77' lang='grc' dir='ltr'><strong>διηθοῦσι</strong></span> <span class='ocrx_word' id='word_1_112' title='bbox 1233 1755 1417 1823; x_wconf 77' lang='grc' dir='ltr'><strong>ῥινῶν.</strong></span> <span class='ocrx_word' id='word_1_113' title='bbox 1453 1754 1512 1807; x_wconf 88' lang='lat'><strong>&#39;0</strong></span> <span class='ocrx_word' id='word_1_114' title='bbox 1538 1754 1596 1808; x_wconf 77' lang='grc' dir='ltr'><strong>δὲ</strong></span> <span class='ocrx_word' id='word_1_115' title='bbox 1617 1758 1682 1825; x_wconf 79' lang='grc' dir='ltr'>τῇ</span> <span class='ocrx_word' id='word_1_116' title='bbox 1725 1756 2039 1825; x_wconf 75' lang='grc' dir='ltr'><strong>άνυποίστῳ</strong></span> 
     </span>
    </p>
   </div>
   <div class='ocr_carea' id='block_1_19' title="bbox 2145 646 3735 719">
    <p class='ocr_par' dir='ltr' id='par_1_19' title="bbox 2145 646 3735 719">
     <span class='ocr_line' id='line_1_19' title="bbox 2145 646 3735 719; baseline 0.008 -23"><span class='ocrx_word' id='word_1_117' title='bbox 2145 657 2338 700; x_wconf 82' lang='lat' dir='ltr'><strong>rursus</strong></span> <span class='ocrx_word' id='word_1_118' title='bbox 2361 659 2456 700; x_wconf 87' lang='lat' dir='ltr'><strong>eos</strong></span> <span class='ocrx_word' id='word_1_119' title='bbox 2476 646 2807 718; x_wconf 72' lang='lat' dir='ltr'><strong>singulatim,</strong></span> <span class='ocrx_word' id='word_1_120' title='bbox 2840 647 3007 718; x_wconf 86' lang='lat' dir='ltr'><strong>priori</strong></span> <span class='ocrx_word' id='word_1_121' title='bbox 3042 664 3262 719; x_wconf 89' lang='lat' dir='ltr'><strong>quoque</strong></span> <span class='ocrx_word' id='word_1_122' title='bbox 3286 658 3415 706; x_wconf 91' lang='lat' dir='ltr'><strong>tunc</strong></span> <span class='ocrx_word' id='word_1_123' title='bbox 3447 659 3606 707; x_wconf 78' lang='lat' dir='ltr'><strong>utens</strong></span> <span class='ocrx_word' id='word_1_124' title='bbox 3644 669 3735 707; x_wconf 89' lang='lat' dir='ltr'><strong>or-</strong></span> 
     </span>
    </p>
   </div>
   <div class='ocr_carea' id='block_1_20' title="bbox 2146 738 3733 813">
    <p class='ocr_par' dir='ltr' id='par_1_20' title="bbox 2146 738 3733 813">
     <span class='ocr_line' id='line_1_20' title="bbox 2146 738 3733 813; baseline 0.007 -22"><span class='ocrx_word' id='word_1_125' title='bbox 2146 738 2296 801; x_wconf 84' lang='lat' dir='ltr'><strong>dine,</strong></span> <span class='ocrx_word' id='word_1_126' title='bbox 2346 739 2601 809; x_wconf 80' lang='lat' dir='ltr'><strong>produxit</strong></span> <span class='ocrx_word' id='word_1_127' title='bbox 2652 742 2718 795; x_wconf 88' lang='lat' dir='ltr'><strong>ad</strong></span> <span class='ocrx_word' id='word_1_128' title='bbox 2771 741 3031 796; x_wconf 83' lang='lat' dir='ltr'><strong>tribunal.</strong></span> <span class='ocrx_word' id='word_1_129' title='bbox 3095 741 3418 813; x_wconf 77' lang='lat' dir='ltr'><strong>Rursusque</strong></span> <span class='ocrx_word' id='word_1_130' title='bbox 3465 746 3733 802; x_wconf 70' lang='lat' dir='ltr'><strong>assistens</strong></span> 
     </span>
    </p>
   </div>
   <div class='ocr_carea' id='block_1_21' title="bbox 2146 828 3731 904">
    <p class='ocr_par' dir='ltr' id='par_1_21' title="bbox 2146 828 3731 904">
     <span class='ocr_line' id='line_1_21' title="bbox 2146 828 3731 904; baseline 0.005 -21"><span class='ocrx_word' id='word_1_131' title='bbox 2146 828 2427 884; x_wconf 73' lang='lat' dir='ltr'><strong>Taraclius</strong></span> <span class='ocrx_word' id='word_1_132' title='bbox 2458 845 2580 885; x_wconf 92' lang='lat' dir='ltr'><strong>eum</strong></span> <span class='ocrx_word' id='word_1_133' title='bbox 2608 831 2841 885; x_wconf 73' lang='lat' dir='ltr'><strong>maxima</strong></span> <span class='ocrx_word' id='word_1_134' title='bbox 2873 831 3086 887; x_wconf 82' lang='lat' dir='ltr'><strong>dicendi</strong></span> <span class='ocrx_word' id='word_1_135' title='bbox 3118 833 3389 898; x_wconf 84' lang='lat' dir='ltr'><strong>libertate,</strong></span> <span class='ocrx_word' id='word_1_136' title='bbox 3420 837 3731 904; x_wconf 68' lang='lat' dir='ltr'><strong>prmsidem,</strong></span> 
     </span>
    </p>
   </div>
   <div class='ocr_carea' id='block_1_22' title="bbox 2145 919 3727 992">
    <p class='ocr_par' dir='ltr' id='par_1_22' title="bbox 2145 919 3727 992">
     <span class='ocr_line' id='line_1_22' title="bbox 2145 919 3727 992; baseline 0.006 -17"><span class='ocrx_word' id='word_1_137' title='bbox 2145 919 2524 988; x_wconf 86' lang='lat' dir='ltr'><strong>imperatores,</strong></span> <span class='ocrx_word' id='word_1_138' title='bbox 2554 921 2906 992; x_wconf 81' lang='lat' dir='ltr'><strong>ipsorumque</strong></span> <span class='ocrx_word' id='word_1_139' title='bbox 2954 923 3084 979; x_wconf 87' lang='lat' dir='ltr'><strong>deos</strong></span> <span class='ocrx_word' id='word_1_140' title='bbox 3119 939 3242 979; x_wconf 83' lang='lat' dir='ltr'><strong>esse</strong></span> <span class='ocrx_word' id='word_1_141' title='bbox 3285 926 3520 982; x_wconf 79' lang='lat' dir='ltr'><strong>maxime</strong></span> <span class='ocrx_word' id='word_1_142' title='bbox 3552 927 3727 984; x_wconf 75' lang='lat' dir='ltr'><strong>imbe-</strong></span> 
     </span>
    </p>
   </div>
   <div class='ocr_carea' id='block_1_23' title="bbox 2144 1014 3727 1089">
    <p class='ocr_par' dir='ltr' id='par_1_23' title="bbox 2144 1014 3727 1089">
     <span class='ocr_line' id='line_1_23' title="bbox 2144 1014 3727 1089; baseline 0.006 -22"><span class='ocrx_word' id='word_1_143' title='bbox 2144 1014 2299 1069; x_wconf 87' lang='lat' dir='ltr'><strong>cillos</strong></span> <span class='ocrx_word' id='word_1_144' title='bbox 2346 1015 2524 1084; x_wconf 82' lang='lat' dir='ltr'><strong>arguit</strong></span> <span class='ocrx_word' id='word_1_145' title='bbox 2569 1015 2885 1071; x_wconf 77' lang='lat' dir='ltr'><strong>fortissime.</strong></span> <span class='ocrx_word' id='word_1_146' title='bbox 2943 1016 3097 1073; x_wconf 87' lang='lat' dir='ltr'><strong>Unde</strong></span> <span class='ocrx_word' id='word_1_147' title='bbox 3148 1018 3313 1073; x_wconf 88' lang='lat' dir='ltr'><strong>etiam</strong></span> <span class='ocrx_word' id='word_1_148' title='bbox 3354 1035 3554 1089; x_wconf 88' lang='lat' dir='ltr'><strong>corpus</strong></span> <span class='ocrx_word' id='word_1_149' title='bbox 3591 1036 3727 1076; x_wconf 84' lang='lat' dir='ltr'><strong>con-</strong></span> 
     </span>
    </p>
   </div>
   <div class='ocr_carea' id='block_1_24' title="bbox 2145 1106 3726 1181">
    <p class='ocr_par' dir='ltr' id='par_1_24' title="bbox 2145 1106 3726 1181">
     <span class='ocr_line' id='line_1_24' title="bbox 2145 1106 3726 1181; baseline 0.004 -21"><span class='ocrx_word' id='word_1_150' title='bbox 2145 1106 2400 1177; x_wconf 80' lang='lat' dir='ltr'><strong>fringitur</strong></span> <span class='ocrx_word' id='word_1_151' title='bbox 2429 1108 2725 1178; x_wconf 90' lang='lat' dir='ltr'><strong>lapidibus,</strong></span> <span class='ocrx_word' id='word_1_152' title='bbox 2756 1120 2812 1165; x_wconf 90' lang='lat' dir='ltr'><strong>et</strong></span> <span class='ocrx_word' id='word_1_153' title='bbox 2864 1109 3041 1181; x_wconf 80' lang='lat' dir='ltr'><strong>ignem</strong></span> <span class='ocrx_word' id='word_1_154' title='bbox 3089 1111 3340 1165; x_wconf 87' lang='lat' dir='ltr'><strong>manibus</strong></span> <span class='ocrx_word' id='word_1_155' title='bbox 3385 1112 3587 1181; x_wconf 86' lang='lat' dir='ltr'><strong>accipit</strong></span> <span class='ocrx_word' id='word_1_156' title='bbox 3616 1129 3726 1167; x_wconf 87' lang='lat' dir='ltr'><strong>non</strong></span> 
     </span>
    </p>
   </div>
   <div class='ocr_carea' id='block_1_25' title="bbox 2145 1199 3728 1274">
    <p class='ocr_par' dir='ltr' id='par_1_25' title="bbox 2145 1199 3728 1274">
     <span class='ocr_line' id='line_1_25' title="bbox 2145 1199 3728 1274; baseline 0.004 -21"><span class='ocrx_word' id='word_1_157' title='bbox 2145 1199 2342 1270; x_wconf 89' lang='lat' dir='ltr'><strong>pusillo</strong></span> <span class='ocrx_word' id='word_1_158' title='bbox 2370 1208 2426 1256; x_wconf 91' lang='lat' dir='ltr'><strong>et</strong></span> <span class='ocrx_word' id='word_1_159' title='bbox 2448 1200 2665 1270; x_wconf 87' lang='lat' dir='ltr'><strong>abjccto</strong></span> <span class='ocrx_word' id='word_1_160' title='bbox 2691 1203 2896 1256; x_wconf 89' lang='lat' dir='ltr'><strong>animo.</strong></span> <span class='ocrx_word' id='word_1_161' title='bbox 2938 1201 3141 1256; x_wconf 86' lang='lat' dir='ltr'><strong>Deinde</strong></span> <span class='ocrx_word' id='word_1_162' title='bbox 3167 1204 3417 1257; x_wconf 75' lang='lat' dir='ltr'><strong>sublimis</strong></span> <span class='ocrx_word' id='word_1_163' title='bbox 3455 1220 3728 1274; x_wconf 61' lang='lat' dir='ltr'><strong>prater-ps-</strong></span> 
     </span>
    </p>
   </div>
   <div class='ocr_carea' id='block_1_26' title="bbox 2144 1294 3729 1368">
    <p class='ocr_par' dir='ltr' id='par_1_26' title="bbox 2144 1294 3729 1368">
     <span class='ocr_line' id='line_1_26' title="bbox 2144 1294 3729 1368; baseline 0.004 -23"><span class='ocrx_word' id='word_1_164' title='bbox 2144 1308 2250 1364; x_wconf 86' lang='lat' dir='ltr'><strong>que</strong></span> <span class='ocrx_word' id='word_1_165' title='bbox 2302 1309 2604 1363; x_wconf 81' lang='lat' dir='ltr'><strong>suspensus</strong></span> <span class='ocrx_word' id='word_1_166' title='bbox 2653 1309 2718 1349; x_wconf 82' lang='lat' dir='ltr'><strong>ex</strong></span> <span class='ocrx_word' id='word_1_167' title='bbox 2768 1294 2918 1350; x_wconf 75' lang='lat' dir='ltr'><strong>fumo</strong></span> <span class='ocrx_word' id='word_1_168' title='bbox 2976 1311 3140 1349; x_wconf 87' lang='lat' dir='ltr'><strong>nares</strong></span> <span class='ocrx_word' id='word_1_169' title='bbox 3187 1296 3542 1352; x_wconf 80' lang='lat' dir='ltr'><strong>acerbissime</strong></span> <span class='ocrx_word' id='word_1_170' title='bbox 3604 1314 3729 1368; x_wconf 86' lang='lat' dir='ltr'><strong>per-</strong></span> 
     </span>
    </p>
   </div>
   <div class='ocr_carea' id='block_1_27' title="bbox 2142 1384 3725 1454">
    <p class='ocr_par' dir='ltr' id='par_1_27' title="bbox 2142 1384 3725 1454">
     <span class='ocr_line' id='line_1_27' title="bbox 2142 1384 3725 1454; baseline 0.004 -17"><span class='ocrx_word' id='word_1_171' title='bbox 2142 1395 2357 1438; x_wconf 84' lang='lat' dir='ltr'><strong>meante</strong></span> <span class='ocrx_word' id='word_1_172' title='bbox 2393 1384 2593 1454; x_wconf 77' lang='lat' dir='ltr'><strong>excipit</strong></span> <span class='ocrx_word' id='word_1_173' title='bbox 2623 1393 2973 1440; x_wconf 89' lang='lat' dir='ltr'><strong>tormentum.</strong></span> <span class='ocrx_word' id='word_1_174' title='bbox 3008 1386 3319 1452; x_wconf 86' lang='lat' dir='ltr'><strong>Quinetiam</strong></span> <span class='ocrx_word' id='word_1_175' title='bbox 3347 1388 3475 1442; x_wconf 89' lang='lat' dir='ltr'><strong>huic</strong></span> <span class='ocrx_word' id='word_1_176' title='bbox 3506 1388 3583 1443; x_wconf 88' lang='lat' dir='ltr'><strong>rei</strong></span> <span class='ocrx_word' id='word_1_177' title='bbox 3616 1397 3725 1443; x_wconf 87' lang='lat' dir='ltr'><strong>tam</strong></span> 
     </span>
    </p>
   </div>
   <div class='ocr_carea' id='block_1_28' title="bbox 2142 1475 3728 1543">
    <p class='ocr_par' dir='ltr' id='par_1_28' title="bbox 2142 1475 3728 1543">
     <span class='ocr_line' id='line_1_28' title="bbox 2142 1475 3728 1543; baseline 0.003 -15"><span class='ocrx_word' id='word_1_178' title='bbox 2142 1475 2290 1543; x_wconf 76' lang='lat' dir='ltr'><strong>gravi</strong></span> <span class='ocrx_word' id='word_1_179' title='bbox 2319 1475 2678 1543; x_wconf 80' lang='lat' dir='ltr'><strong>adjungcntcs</strong></span> <span class='ocrx_word' id='word_1_180' title='bbox 2707 1476 3101 1538; x_wconf 85' lang='lat' dir='ltr'><strong>accessionem,</strong></span> <span class='ocrx_word' id='word_1_181' title='bbox 3133 1492 3259 1531; x_wconf 88' lang='lat' dir='ltr'><strong>eum</strong></span> <span class='ocrx_word' id='word_1_182' title='bbox 3317 1477 3453 1532; x_wconf 85' lang='lat' dir='ltr'><strong>aceti</strong></span> <span class='ocrx_word' id='word_1_183' title='bbox 3499 1487 3554 1533; x_wconf 90' lang='lat' dir='ltr'><strong>et</strong></span> <span class='ocrx_word' id='word_1_184' title='bbox 3596 1479 3728 1533; x_wconf 75' lang='lat' dir='ltr'><strong>salis</strong></span> 
     </span>
    </p>
   </div>
   <div class='ocr_carea' id='block_1_29' title="bbox 2142 1568 3729 1626">
    <p class='ocr_par' dir='ltr' id='par_1_29' title="bbox 2142 1568 3729 1626">
     <span class='ocr_line' id='line_1_29' title="bbox 2142 1568 3729 1626; baseline 0.003 -4"><span class='ocrx_word' id='word_1_185' title='bbox 2142 1576 2196 1622; x_wconf 87' lang='lat' dir='ltr'><strong>et</strong></span> <span class='ocrx_word' id='word_1_186' title='bbox 2232 1568 2622 1623; x_wconf 87' lang='lat' dir='ltr'><strong>acerrimorum</strong></span> <span class='ocrx_word' id='word_1_187' title='bbox 2680 1572 2952 1625; x_wconf 82' lang='lat' dir='ltr'><strong>seminum</strong></span> <span class='ocrx_word' id='word_1_188' title='bbox 2991 1568 3339 1623; x_wconf 88' lang='lat' dir='ltr'><strong>mistionibus</strong></span> <span class='ocrx_word' id='word_1_189' title='bbox 3380 1568 3518 1624; x_wconf 79' lang='lat' dir='ltr'><strong>facta</strong></span> <span class='ocrx_word' id='word_1_190' title='bbox 3580 1580 3729 1626; x_wconf 80' lang='lat' dir='ltr'><strong>esset</strong></span> 
     </span>
    </p>
   </div>
   <div class='ocr_carea' id='block_1_30' title="bbox 2140 1658 3727 1730">
    <p class='ocr_par' dir='ltr' id='par_1_30' title="bbox 2140 1658 3727 1730">
     <span class='ocr_line' id='line_1_30' title="bbox 2140 1658 3727 1730; baseline 0 -15"><span class='ocrx_word' id='word_1_191' title='bbox 2140 1660 2318 1715; x_wconf 89' lang='lat' dir='ltr'><strong>acrior</strong></span> <span class='ocrx_word' id='word_1_192' title='bbox 2341 1660 2683 1730; x_wconf 82' lang='lat' dir='ltr'><strong>temperatio,</strong></span> <span class='ocrx_word' id='word_1_193' title='bbox 2714 1662 2857 1730; x_wconf 85' lang='lat' dir='ltr'><strong>quod</strong></span> <span class='ocrx_word' id='word_1_194' title='bbox 2882 1660 3007 1715; x_wconf 86' lang='lat' dir='ltr'><strong>hinc</strong></span> <span class='ocrx_word' id='word_1_195' title='bbox 3029 1658 3206 1715; x_wconf 81' lang='lat' dir='ltr'><strong>fuerat</strong></span> <span class='ocrx_word' id='word_1_196' title='bbox 3230 1670 3727 1729; x_wconf 80' lang='lat' dir='ltr'><strong>contemperatum.</strong></span> 
     </span>
    </p>
   </div>
   <div class='ocr_carea' id='block_1_31' title="bbox 2140 1750 3725 1821">
    <p class='ocr_par' dir='ltr' id='par_1_31' title="bbox 2140 1750 3725 1821">
     <span class='ocr_line' id='line_1_31' title="bbox 2140 1750 3725 1821; baseline -0.001 -15"><span class='ocrx_word' id='word_1_197' title='bbox 2140 1766 2239 1821; x_wconf 88' lang='lat' dir='ltr'><strong>per</strong></span> <span class='ocrx_word' id='word_1_198' title='bbox 2267 1751 2411 1807; x_wconf 90' lang='lat' dir='ltr'><strong>illius</strong></span> <span class='ocrx_word' id='word_1_199' title='bbox 2440 1766 2600 1806; x_wconf 87' lang='lat' dir='ltr'><strong>nares</strong></span> <span class='ocrx_word' id='word_1_200' title='bbox 2648 1750 3027 1806; x_wconf 85' lang='lat' dir='ltr'><strong>crudelissime</strong></span> <span class='ocrx_word' id='word_1_201' title='bbox 3072 1750 3379 1821; x_wconf 79' lang='lat' dir='ltr'><strong>percolunt.</strong></span> <span class='ocrx_word' id='word_1_202' title='bbox 3416 1750 3507 1806; x_wconf 91' lang='lat' dir='ltr'><strong>Ille</strong></span> <span class='ocrx_word' id='word_1_203' title='bbox 3540 1758 3725 1806; x_wconf 84' lang='lat' dir='ltr'><strong>autem</strong></span> 
     </span>
    </p>
   </div>
   <div class='ocr_carea' id='block_1_32' title="bbox 449 1842 2033 1934">
    <p class='ocr_par' dir='ltr' id='par_1_32' title="bbox 449 1843 2033 1919">
     <span class='ocr_line' id='line_1_32' title="bbox 449 1843 2033 1919; baseline 0.003 -23"><span class='ocrx_word' id='word_1_204' title='bbox 449 1843 623 1915; x_wconf 72' lang='grc' dir='ltr'><strong>ταύτῃ</strong></span> <span class='ocrx_word' id='word_1_205' title='bbox 672 1843 892 1914; x_wconf 79' lang='grc' dir='ltr'><strong>βασάνῳ</strong></span> <span class='ocrx_word' id='word_1_206' title='bbox 916 1846 1295 1917; x_wconf 73' lang='grc' dir='ltr'><strong>ἑγκαρτερῶν,</strong></span> <span class='ocrx_word' id='word_1_207' title='bbox 1326 1848 1421 1901; x_wconf 81' lang='grc' dir='ltr'><strong>καὶ</strong></span> <span class='ocrx_word' id='word_1_208' title='bbox 1454 1847 1545 1901; x_wconf 84' lang='grc' dir='ltr'><strong>τὸν</strong></span> <span class='ocrx_word' id='word_1_209' title='bbox 1584 1848 1697 1919; x_wconf 90' lang='grc' dir='ltr'><strong>πῦρ</strong></span> <span class='ocrx_word' id='word_1_210' title='bbox 1728 1849 1935 1919; x_wconf 77' lang='grc' dir='ltr'>ψυχρὸν</span> <span class='ocrx_word' id='word_1_211' title='bbox 1975 1849 2033 1901; x_wconf 76' lang='grc' dir='ltr'><strong>ὲν</strong></span> 
     </span>
    </p>
   </div>
   <div class='ocr_carea' id='block_1_33' title="bbox 2136 1842 3726 1934">
    <p class='ocr_par' dir='ltr' id='par_1_33' title="bbox 2143 1842 3726 1912">
     <span class='ocr_line' id='line_1_33' title="bbox 2143 1842 3726 1912; baseline 0.002 -15"><span class='ocrx_word' id='word_1_212' title='bbox 2143 1843 2245 1897; x_wconf 87' lang='lat' dir='ltr'><strong>hoc</strong></span> <span class='ocrx_word' id='word_1_213' title='bbox 2295 1842 2703 1897; x_wconf 84' lang='lat' dir='ltr'><strong>intolerandum</strong></span> <span class='ocrx_word' id='word_1_214' title='bbox 2757 1843 3356 1909; x_wconf 69' lang='lat' dir='ltr'><strong>tormentuuufortiter</strong></span> <span class='ocrx_word' id='word_1_215' title='bbox 3407 1842 3616 1912; x_wconf 80' lang='lat' dir='ltr'><strong>ferens,</strong></span> <span class='ocrx_word' id='word_1_216' title='bbox 3670 1852 3726 1900; x_wconf 89' lang='lat' dir='ltr'><strong>et</strong></span> 
     </span>
    </p>
   </div>
   <div class='ocr_carea' id='block_1_34' title="bbox 447 1935 2033 2009">
    <p class='ocr_par' dir='ltr' id='par_1_34' title="bbox 447 1938 2033 2009">
     <span class='ocr_line' id='line_1_34' title="bbox 447 1938 2033 2009; baseline 0.021 -22"><span class='ocrx_word' id='word_1_217' title='bbox 447 1939 516 2007; x_wconf 80' lang='grc' dir='ltr'><strong>τῇ</strong></span> <span class='ocrx_word' id='word_1_218' title='bbox 545 1938 851 2007; x_wconf 79' lang='grc' dir='ltr'><strong>παραθέσει</strong></span> <span class='ocrx_word' id='word_1_219' title='bbox 879 1939 973 1993; x_wconf 86' lang='grc' dir='ltr'><strong>τοῦ</strong></span> <span class='ocrx_word' id='word_1_220' title='bbox 1004 1941 1222 1993; x_wconf 75' lang='grc' dir='ltr'><strong>αἰωνίου</strong></span> <span class='ocrx_word' id='word_1_221' title='bbox 1255 1941 1445 2009; x_wconf 75' lang='grc' dir='ltr'><strong>πυρὸς,</strong></span> <span class='ocrx_word' id='word_1_222' title='bbox 1482 1940 1744 2007; x_wconf 71' lang='grc' dir='ltr'><strong>γλυκεῖαν</strong></span> <span class='ocrx_word' id='word_1_223' title='bbox 1798 1941 1856 1994; x_wconf 47' lang='grc' dir='ltr'>δὲ</span> <span class='ocrx_word' id='word_1_224' title='bbox 1887 1942 2033 2009; x_wconf 72' lang='grc' dir='ltr'><strong>λ⁰Υι⁶</strong></span> 
     </span>
    </p>
   </div>
   <div class='ocr_carea' id='block_1_35' title="bbox 2136 1935 3727 2009">
    <p class='ocr_par' dir='ltr' id='par_1_35' title="bbox 2142 1935 3727 2006">
     <span class='ocr_line' id='line_1_35' title="bbox 2142 1935 3727 2006; baseline 0 -15"><span class='ocrx_word' id='word_1_225' title='bbox 2142 1937 2319 2005; x_wconf 80' lang='lat' dir='ltr'><strong>ignem</strong></span> <span class='ocrx_word' id='word_1_226' title='bbox 2348 1936 2564 2005; x_wconf 86' lang='lat' dir='ltr'><strong>quidem</strong></span> <span class='ocrx_word' id='word_1_227' title='bbox 2598 1935 2880 2005; x_wconf 78' lang='lat' dir='ltr'><strong>frigidum,</strong></span> <span class='ocrx_word' id='word_1_228' title='bbox 2912 1936 2956 1990; x_wconf 92' lang='lat' dir='ltr'><strong>si</strong></span> <span class='ocrx_word' id='word_1_229' title='bbox 2991 1951 3114 1991; x_wconf 90' lang='lat' dir='ltr'><strong>cum</strong></span> <span class='ocrx_word' id='word_1_230' title='bbox 3150 1936 3274 2006; x_wconf 75' lang='lat' dir='ltr'><strong>igne</strong></span> <span class='ocrx_word' id='word_1_231' title='bbox 3300 1945 3509 1991; x_wconf 82' lang='lat' dir='ltr'><strong>aeterno</strong></span> <span class='ocrx_word' id='word_1_232' title='bbox 3536 1936 3727 1991; x_wconf 78' lang='lat' dir='ltr'><strong>confe-</strong></span> 
     </span>
    </p>
   </div>
   <div class='ocr_carea' id='block_1_36' title="bbox 447 2025 2033 2102">
    <p class='ocr_par' dir='ltr' id='par_1_36' title="bbox 447 2025 2033 2102">
     <span class='ocr_line' id='line_1_36' title="bbox 447 2025 2033 2102; baseline 0.003 -23"><span class='ocrx_word' id='word_1_233' title='bbox 447 2025 676 2094; x_wconf 66' lang='grc' dir='ltr'><strong>(άμενος</strong></span> <span class='ocrx_word' id='word_1_234' title='bbox 706 2026 803 2098; x_wconf 80' lang='grc' dir='ltr'><strong>τὴν</strong></span> <span class='ocrx_word' id='word_1_235' title='bbox 833 2028 1086 2099; x_wconf 79' lang='grc' dir='ltr'><strong>δριμεῖαν</strong></span> <span class='ocrx_word' id='word_1_236' title='bbox 1112 2030 1391 2099; x_wconf 85' lang='grc' dir='ltr'><strong>ποιότητα,</strong></span> <span class='ocrx_word' id='word_1_237' title='bbox 1411 2029 1555 2084; x_wconf 79' lang='grc' dir='ltr'><strong>οὓτω</strong></span> <span class='ocrx_word' id='word_1_238' title='bbox 1584 2031 1662 2102; x_wconf 81' lang='grc' dir='ltr'><strong>τῷ</strong></span> <span class='ocrx_word' id='word_1_239' title='bbox 1681 2031 2033 2102; x_wconf 71' lang='grc' dir='ltr'><strong>δεσμωτηρίῳ</strong></span> 
     </span>
    </p>
   </div>
   <div class='ocr_carea' id='block_1_37' title="bbox 2136 2025 3725 2102">
    <p class='ocr_par' dir='ltr' id='par_1_37' title="bbox 2142 2025 3725 2098">
     <span class='ocr_line' id='line_1_37' title="bbox 2142 2025 3725 2098; baseline 0.001 -19"><span class='ocrx_word' id='word_1_240' title='bbox 2142 2037 2312 2091; x_wconf 89' lang='lat' dir='ltr'><strong>ratur,</strong></span> <span class='ocrx_word' id='word_1_241' title='bbox 2341 2037 2620 2098; x_wconf 88' lang='lat' dir='ltr'><strong>reputans,</strong></span> <span class='ocrx_word' id='word_1_242' title='bbox 2644 2027 2858 2082; x_wconf 85' lang='lat' dir='ltr'><strong>dulcem</strong></span> <span class='ocrx_word' id='word_1_243' title='bbox 2885 2037 3068 2083; x_wconf 88' lang='lat' dir='ltr'><strong>autem</strong></span> <span class='ocrx_word' id='word_1_244' title='bbox 3097 2028 3242 2082; x_wconf 84' lang='lat' dir='ltr'><strong>illam</strong></span> <span class='ocrx_word' id='word_1_245' title='bbox 3266 2027 3514 2083; x_wconf 86' lang='lat' dir='ltr'><strong>acerbam</strong></span> <span class='ocrx_word' id='word_1_246' title='bbox 3546 2025 3725 2097; x_wconf 84' lang='lat' dir='ltr'><strong>quali-</strong></span> 
     </span>
    </p>
   </div>
   <div class='ocr_carea' id='block_1_38' title="bbox 449 2117 1396 2190">
    <p class='ocr_par' dir='ltr' id='par_1_38' title="bbox 449 2117 1396 2190">
     <span class='ocr_line' id='line_1_38' title="bbox 449 2117 1396 2190; baseline 0.008 -22"><span class='ocrx_word' id='word_1_247' title='bbox 449 2117 614 2171; x_wconf 82' lang='grc' dir='ltr'><strong>πάλιν</strong></span> <span class='ocrx_word' id='word_1_248' title='bbox 640 2119 980 2190; x_wconf 84' lang='grc' dir='ltr'><strong>σιδηρόδετος</strong></span> <span class='ocrx_word' id='word_1_249' title='bbox 1010 2119 1396 2190; x_wconf 80' lang='grc' dir='ltr'><strong>παραδίδοται.</strong></span> 
     </span>
    </p>
   </div>
   <div class='ocr_carea' id='block_1_39' title="bbox 522 2298 2033 2376">
    <p class='ocr_par' dir='ltr' id='par_1_39' title="bbox 522 2298 2033 2376">
     <span class='ocr_line' id='line_1_39' title="bbox 522 2298 2033 2376; baseline 0.004 -23"><span class='ocrx_word' id='word_1_250' title='bbox 522 2298 595 2353; x_wconf 89' lang='lat' dir='ltr'><strong>Z’.</strong></span> <span class='ocrx_word' id='word_1_251' title='bbox 627 2300 736 2353; x_wconf 82' lang='grc' dir='ltr'><strong>Καὶ</strong></span> <span class='ocrx_word' id='word_1_252' title='bbox 763 2300 1019 2371; x_wconf 79' lang='grc' dir='ltr'><strong>δεύτερος</strong></span> <span class='ocrx_word' id='word_1_253' title='bbox 1064 2299 1183 2371; x_wconf 81' lang='grc' dir='ltr'><strong>μετ’</strong></span> <span class='ocrx_word' id='word_1_254' title='bbox 1217 2301 1382 2355; x_wconf 73' lang='grc' dir='ltr'><strong>αὐτὸν</strong></span> <span class='ocrx_word' id='word_1_255' title='bbox 1405 2301 1440 2355; x_wconf 77' lang='grc' dir='ltr'><strong>δ’</strong></span> <span class='ocrx_word' id='word_1_256' title='bbox 1465 2302 1671 2373; x_wconf 79' lang='grc' dir='ltr'>Πρόὸος</span> <span class='ocrx_word' id='word_1_257' title='bbox 1699 2302 1777 2373; x_wconf 81' lang='grc' dir='ltr'><strong>τῷ</strong></span> <span class='ocrx_word' id='word_1_258' title='bbox 1804 2303 2033 2376; x_wconf 77' lang='grc' dir='ltr'><strong>δικαστῇ</strong></span> 
     </span>
    </p>
   </div>
   <div class='ocr_carea' id='block_1_40' title="bbox 448 2393 2035 2463">
    <p class='ocr_par' dir='ltr' id='par_1_40' title="bbox 448 2393 2035 2463">
     <span class='ocr_line' id='line_1_40' title="bbox 448 2393 2035 2463; baseline 0.003 -18"><span class='ocrx_word' id='word_1_259' title='bbox 448 2393 825 2461; x_wconf 79' lang='grc' dir='ltr'><strong>παρίσταται,</strong></span> <span class='ocrx_word' id='word_1_260' title='bbox 869 2393 1152 2463; x_wconf 82' lang='grc' dir='ltr'><strong>κωμῳδῶν</strong></span> <span class='ocrx_word' id='word_1_261' title='bbox 1190 2393 1316 2455; x_wconf 81' lang='grc' dir='ltr'><strong>τοὺς</strong></span> <span class='ocrx_word' id='word_1_262' title='bbox 1346 2393 1560 2447; x_wconf 69' lang='grc' dir='ltr'><strong>ἐκείνου</strong></span> <span class='ocrx_word' id='word_1_263' title='bbox 1588 2393 1837 2462; x_wconf 75' lang='grc' dir='ltr'><strong>γελοίους</strong></span> <span class='ocrx_word' id='word_1_264' title='bbox 1877 2395 2035 2460; x_wconf 81' lang='grc' dir='ltr'><strong>θεοὺς</strong></span> 
     </span>
    </p>
   </div>
   <div class='ocr_carea' id='block_1_41' title="bbox 445 2484 2033 2557">
    <p class='ocr_par' dir='ltr' id='par_1_41' title="bbox 445 2484 2033 2557">
     <span class='ocr_line' id='line_1_41' title="bbox 445 2484 2033 2557; baseline 0.002 -18"><span class='ocrx_word' id='word_1_265' title='bbox 445 2486 507 2552; x_wconf 67' lang='grc' dir='ltr'><strong>ἑξ</strong></span> <span class='ocrx_word' id='word_1_266' title='bbox 532 2485 711 2538; x_wconf 81' lang='grc' dir='ltr'><strong>αὐτῶν</strong></span> <span class='ocrx_word' id='word_1_267' title='bbox 754 2484 885 2557; x_wconf 74' lang='grc' dir='ltr'><strong>παρ’</strong></span> <span class='ocrx_word' id='word_1_268' title='bbox 935 2485 1162 2556; x_wconf 80' lang='grc' dir='ltr'>Ἕλλησι</span> <span class='ocrx_word' id='word_1_269' title='bbox 1187 2486 1700 2557; x_wconf 82' lang='grc' dir='ltr'><strong>μυθολογουμένων,</strong></span> <span class='ocrx_word' id='word_1_270' title='bbox 1738 2488 1847 2541; x_wconf 72' lang='grc' dir='ltr'><strong>τῶν</strong></span> <span class='ocrx_word' id='word_1_271' title='bbox 1873 2489 2033 2542; x_wconf 83' lang='grc' dir='ltr'><strong>αὑτο-</strong></span> 
     </span>
    </p>
   </div>
   <div class='ocr_carea' id='block_1_42' title="bbox 450 2576 2034 2649">
    <p class='ocr_par' dir='ltr' id='par_1_42' title="bbox 450 2576 2034 2649">
     <span class='ocr_line' id='line_1_42' title="bbox 450 2576 2034 2649; baseline 0 -18"><span class='ocrx_word' id='word_1_272' title='bbox 450 2578 738 2649; x_wconf 83' lang='grc' dir='ltr'><strong>κρατόρων</strong></span> <span class='ocrx_word' id='word_1_273' title='bbox 779 2578 838 2632; x_wconf 75' lang='grc' dir='ltr'><strong>δὲ</strong></span> <span class='ocrx_word' id='word_1_274' title='bbox 875 2576 951 2641; x_wconf 85' lang='grc' dir='ltr'><strong>ὡς</strong></span> <span class='ocrx_word' id='word_1_275' title='bbox 980 2577 1181 2647; x_wconf 71' lang='grc' dir='ltr'><strong>ἐπίσης</strong></span> <span class='ocrx_word' id='word_1_276' title='bbox 1221 2578 1289 2631; x_wconf 82' lang='grc' dir='ltr'><strong>τά</strong></span> <span class='ocrx_word' id='word_1_277' title='bbox 1318 2579 1538 2649; x_wconf 78' lang='grc' dir='ltr'><strong>ἄθεσμα</strong></span> <span class='ocrx_word' id='word_1_278' title='bbox 1567 2579 1661 2632; x_wconf 74' lang='grc' dir='ltr'><strong>καὶ</strong></span> <span class='ocrx_word' id='word_1_279' title='bbox 1705 2579 2034 2648; x_wconf 86' lang='grc' dir='ltr'><strong>διαπραττο-</strong></span> 
     </span>
    </p>
   </div>
   <div class='ocr_carea' id='block_1_43' title="bbox 447 2668 2029 2742">
    <p class='ocr_par' dir='ltr' id='par_1_43' title="bbox 447 2668 2029 2742">
     <span class='ocr_line' id='line_1_43' title="bbox 447 2668 2029 2742; baseline 0 -19"><span class='ocrx_word' id='word_1_280' title='bbox 447 2668 631 2740; x_wconf 76' lang='grc' dir='ltr'><strong>μένων</strong></span> <span class='ocrx_word' id='word_1_281' title='bbox 667 2668 782 2738; x_wconf 74' lang='grc' dir='ltr'><strong>ἅμα</strong></span> <span class='ocrx_word' id='word_1_282' title='bbox 830 2669 928 2724; x_wconf 73' lang='grc' dir='ltr'><strong>καὶ</strong></span> <span class='ocrx_word' id='word_1_283' title='bbox 979 2670 1445 2740; x_wconf 80' lang='grc' dir='ltr'><strong>ἐγκελευομένων.</strong></span> <span class='ocrx_word' id='word_1_284' title='bbox 1502 2670 1594 2742; x_wconf 78' lang='grc' dir='ltr'><strong>Μὴ</strong></span> <span class='ocrx_word' id='word_1_285' title='bbox 1628 2670 1685 2724; x_wconf 80' lang='grc' dir='ltr'><strong>δὲ</strong></span> <span class='ocrx_word' id='word_1_286' title='bbox 1734 2670 1796 2724; x_wconf 85' lang='grc' dir='ltr'><strong>τὸ</strong></span> <span class='ocrx_word' id='word_1_287' title='bbox 1853 2670 2029 2741; x_wconf 80' lang='grc' dir='ltr'><strong>βραχὺ</strong></span> 
     </span>
    </p>
   </div>
   <div class='ocr_carea' id='block_1_44' title="bbox 446 2760 2031 2833">
    <p class='ocr_par' dir='ltr' id='par_1_44' title="bbox 446 2760 2031 2833">
     <span class='ocr_line' id='line_1_44' title="bbox 446 2760 2031 2833; baseline 0.001 -18"><span class='ocrx_word' id='word_1_288' title='bbox 446 2760 779 2832; x_wconf 73' lang='grc' dir='ltr'><strong>φροντίζων,</strong></span> <span class='ocrx_word' id='word_1_289' title='bbox 811 2761 1146 2833; x_wconf 82' lang='grc' dir='ltr'><strong>τυπτόμενος</strong></span> <span class='ocrx_word' id='word_1_290' title='bbox 1178 2762 1235 2816; x_wconf 75' lang='grc' dir='ltr'><strong>δὲ</strong></span> <span class='ocrx_word' id='word_1_291' title='bbox 1268 2763 1366 2816; x_wconf 70' lang='grc' dir='ltr'><strong>καὶ</strong></span> <span class='ocrx_word' id='word_1_292' title='bbox 1395 2762 1563 2826; x_wconf 79' lang='grc' dir='ltr'><strong>αὐτὸς</strong></span> <span class='ocrx_word' id='word_1_293' title='bbox 1608 2761 1671 2816; x_wconf 78' lang='grc' dir='ltr'><strong>τὸ</strong></span> <span class='ocrx_word' id='word_1_294' title='bbox 1716 2762 1892 2833; x_wconf 84' lang='grc' dir='ltr'><strong>στόμα</strong></span> <span class='ocrx_word' id='word_1_295' title='bbox 1937 2762 2031 2816; x_wconf 77' lang='grc' dir='ltr'><strong>καὶ</strong></span> 
     </span>
    </p>
   </div>
   <div class='ocr_carea' id='block_1_45' title="bbox 443 2856 2033 2931">
    <p class='ocr_par' dir='ltr' id='par_1_45' title="bbox 443 2856 2033 2931">
     <span class='ocr_line' id='line_1_45' title="bbox 443 2856 2033 2931; baseline 0.001 -20"><span class='ocrx_word' id='word_1_296' title='bbox 443 2861 512 2929; x_wconf 73' lang='grc' dir='ltr'><strong>τῇ</strong></span> <span class='ocrx_word' id='word_1_297' title='bbox 540 2857 761 2927; x_wconf 74' lang='grc' dir='ltr'><strong>βασάνῳ</strong></span> <span class='ocrx_word' id='word_1_298' title='bbox 788 2858 962 2931; x_wconf 83' lang='grc' dir='ltr'><strong>ταύτῃ</strong></span> <span class='ocrx_word' id='word_1_299' title='bbox 985 2856 1312 2928; x_wconf 62' lang='grc' dir='ltr'><strong>καθαπερεὶὲ</strong></span> <span class='ocrx_word' id='word_1_300' title='bbox 1338 2859 1581 2931; x_wconf 81' lang='grc' dir='ltr'><strong>σκιρτῶν</strong></span> <span class='ocrx_word' id='word_1_301' title='bbox 1604 2875 1662 2912; x_wconf 84' lang='grc' dir='ltr'><strong>τε</strong></span> <span class='ocrx_word' id='word_1_302' title='bbox 1698 2858 1794 2912; x_wconf 71' lang='grc' dir='ltr'><strong>καὶ</strong></span> <span class='ocrx_word' id='word_1_303' title='bbox 1812 2858 2033 2912; x_wconf 69' lang='lat' dir='ltr'><strong>mm-</strong></span> 
     </span>
    </p>
   </div>
   <div class='ocr_carea' id='block_1_46' title="bbox 450 2948 2029 3018">
    <p class='ocr_par' dir='ltr' id='par_1_46' title="bbox 450 2948 2029 3018">
     <span class='ocr_line' id='line_1_46' title="bbox 450 2948 2029 3018; baseline 0 -18"><span class='ocrx_word' id='word_1_304' title='bbox 450 2965 651 3018; x_wconf 77' lang='grc' dir='ltr'><strong>μενος,</strong></span> <span class='ocrx_word' id='word_1_305' title='bbox 702 2949 805 3018; x_wconf 80' lang='grc' dir='ltr'><strong>τὴν</strong></span> <span class='ocrx_word' id='word_1_306' title='bbox 851 2949 946 3002; x_wconf 81' lang='grc' dir='ltr'><strong>ἐπὶ</strong></span> <span class='ocrx_word' id='word_1_307' title='bbox 990 2948 1213 3018; x_wconf 77' lang='grc' dir='ltr'><strong>σιδήρου</strong></span> <span class='ocrx_word' id='word_1_308' title='bbox 1268 2949 1784 3018; x_wconf 67' lang='grc' dir='ltr'><strong>πεπυρακτωμένον</strong></span> <span class='ocrx_word' id='word_1_309' title='bbox 1837 2949 2029 3003; x_wconf 81' lang='grc' dir='ltr'><strong>στάσιν</strong></span> 
     </span>
    </p>
   </div>
   <div class='ocr_carea' id='block_1_47' title="bbox 445 3032 2028 3112">
    <p class='ocr_par' dir='ltr' id='par_1_47' title="bbox 445 3032 2028 3112">
     <span class='ocr_line' id='line_1_47' title="bbox 445 3032 2028 3112; baseline 0 -21"><span class='ocrx_word' id='word_1_310' title='bbox 445 3032 899 3102; x_wconf 72' lang='grc' dir='ltr'><strong>καταδικάζεταιί</strong></span> <span class='ocrx_word' id='word_1_311' title='bbox 945 3040 1101 3093; x_wconf 77' lang='grc' dir='ltr'><strong>Ἐπεὶ</strong></span> <span class='ocrx_word' id='word_1_312' title='bbox 1156 3040 1213 3092; x_wconf 73' lang='grc' dir='ltr'><strong>δὲ</strong></span> <span class='ocrx_word' id='word_1_313' title='bbox 1262 3039 1575 3110; x_wconf 70' lang='grc' dir='ltr'><strong>εὐφραίνειν</strong></span> <span class='ocrx_word' id='word_1_314' title='bbox 1612 3039 1776 3112; x_wconf 81' lang='grc' dir='ltr'><strong>ἐῴκει</strong></span> <span class='ocrx_word' id='word_1_315' title='bbox 1826 3039 2028 3111; x_wconf 83' lang='grc' dir='ltr'>μᾶλλον</span> 
     </span>
    </p>
   </div>
   <div class='ocr_carea' id='block_1_48' title="bbox 441 3130 2026 3203">
    <p class='ocr_par' dir='ltr' id='par_1_48' title="bbox 441 3130 2026 3203">
     <span class='ocr_line' id='line_1_48' title="bbox 441 3130 2026 3203; baseline -0.002 -17"><span class='ocrx_word' id='word_1_316' title='bbox 441 3135 566 3203; x_wconf 66' lang='grc' dir='ltr'><strong>οὒχὶ</strong></span> <span class='ocrx_word' id='word_1_317' title='bbox 596 3133 789 3186; x_wconf 82' lang='grc' dir='ltr'>λυπεῖν</span> <span class='ocrx_word' id='word_1_318' title='bbox 815 3136 846 3201; x_wconf 83' lang='grc' dir='ltr'>ὴ</span> <span class='ocrx_word' id='word_1_319' title='bbox 883 3132 1120 3202; x_wconf 76' lang='grc' dir='ltr'><strong>βάσανος</strong></span> <span class='ocrx_word' id='word_1_320' title='bbox 1150 3130 1294 3201; x_wconf 82' lang='grc' dir='ltr'><strong>αὕτη</strong></span> <span class='ocrx_word' id='word_1_321' title='bbox 1316 3134 1409 3185; x_wconf 73' lang='grc' dir='ltr'><strong>τὸν</strong></span> <span class='ocrx_word' id='word_1_322' title='bbox 1444 3133 1723 3203; x_wconf 87' lang='grc' dir='ltr'><strong>μάρτυρα,</strong></span> <span class='ocrx_word' id='word_1_323' title='bbox 1761 3131 2026 3202; x_wconf 80' lang='grc' dir='ltr'><strong>πυρωθῆ-</strong></span> 
     </span>
    </p>
   </div>
   <div class='ocr_carea' id='block_1_49' title="bbox 2141 2118 3724 2191">
    <p class='ocr_par' dir='ltr' id='par_1_49' title="bbox 2141 2118 3724 2191">
     <span class='ocr_line' id='line_1_49' title="bbox 2141 2118 3724 2191; baseline 0 -18"><span class='ocrx_word' id='word_1_324' title='bbox 2141 2127 2329 2183; x_wconf 87' lang='lat' dir='ltr'><strong>tatem,</strong></span> <span class='ocrx_word' id='word_1_325' title='bbox 2381 2119 2461 2173; x_wconf 85' lang='lat' dir='ltr'><strong>sic</strong></span> <span class='ocrx_word' id='word_1_326' title='bbox 2495 2134 2684 2174; x_wconf 86' lang='lat' dir='ltr'><strong>rursus</strong></span> <span class='ocrx_word' id='word_1_327' title='bbox 2716 2118 2862 2174; x_wconf 84' lang='lat' dir='ltr'><strong>ferro</strong></span> <span class='ocrx_word' id='word_1_328' title='bbox 2909 2119 3127 2175; x_wconf 78' lang='lat' dir='ltr'><strong>vinctus</strong></span> <span class='ocrx_word' id='word_1_329' title='bbox 3174 2119 3464 2191; x_wconf 84' lang='lat' dir='ltr'><strong>conjicitur</strong></span> <span class='ocrx_word' id='word_1_330' title='bbox 3512 2119 3565 2173; x_wconf 91' lang='lat' dir='ltr'><strong>in</strong></span> <span class='ocrx_word' id='word_1_331' title='bbox 3597 2136 3724 2174; x_wconf 85' lang='lat' dir='ltr'><strong>car-</strong></span> 
     </span>
    </p>
   </div>
   <div class='ocr_carea' id='block_1_50' title="bbox 2136 2226 2341 2266">
    <p class='ocr_par' dir='ltr' id='par_1_50' title="bbox 2136 2226 2341 2266">
     <span class='ocr_line' id='line_1_50' title="bbox 2136 2226 2341 2266; baseline 0 0"><span class='ocrx_word' id='word_1_332' title='bbox 2136 2226 2341 2266; x_wconf 87' lang='lat' dir='ltr'><strong>cerem.</strong></span> 
     </span>
    </p>
   </div>
   <div class='ocr_carea' id='block_1_51' title="bbox 2207 2302 3752 2379">
    <p class='ocr_par' dir='ltr' id='par_1_51' title="bbox 2207 2302 3752 2379">
     <span class='ocr_line' id='line_1_51' title="bbox 2207 2302 3752 2379; baseline 0 -22"><span class='ocrx_word' id='word_1_333' title='bbox 2207 2304 2323 2359; x_wconf 72' lang='lat' dir='ltr'><strong>VII.</strong></span> <span class='ocrx_word' id='word_1_334' title='bbox 2369 2303 2657 2360; x_wconf 85' lang='lat' dir='ltr'><strong>Secundus</strong></span> <span class='ocrx_word' id='word_1_335' title='bbox 2684 2314 2805 2374; x_wconf 86' lang='lat' dir='ltr'><strong>post</strong></span> <span class='ocrx_word' id='word_1_336' title='bbox 2836 2321 2960 2360; x_wconf 91' lang='lat' dir='ltr'><strong>eum</strong></span> <span class='ocrx_word' id='word_1_337' title='bbox 2986 2304 3201 2361; x_wconf 82' lang='lat' dir='ltr'><strong>Probus</strong></span> <span class='ocrx_word' id='word_1_338' title='bbox 3234 2304 3447 2360; x_wconf 88' lang='lat' dir='ltr'><strong>sistitur</strong></span> <span class='ocrx_word' id='word_1_339' title='bbox 3476 2312 3603 2359; x_wconf 82' lang='lat' dir='ltr'><strong>ante</strong></span> <span class='ocrx_word' id='word_1_340' title='bbox 3627 2302 3752 2379; x_wconf 61' lang='grc' dir='ltr'><strong>ξιιοο</strong></span> 
     </span>
    </p>
   </div>
   <div class='ocr_carea' id='block_1_52' title="bbox 2135 2394 3720 2466">
    <p class='ocr_par' dir='ltr' id='par_1_52' title="bbox 2135 2394 3720 2466">
     <span class='ocr_line' id='line_1_52' title="bbox 2135 2394 3720 2466; baseline 0.001 -17"><span class='ocrx_word' id='word_1_341' title='bbox 2135 2394 2337 2460; x_wconf 88' lang='lat' dir='ltr'><strong>dicem,</strong></span> <span class='ocrx_word' id='word_1_342' title='bbox 2373 2397 2630 2453; x_wconf 79' lang='lat' dir='ltr'><strong>ridiculos</strong></span> <span class='ocrx_word' id='word_1_343' title='bbox 2656 2397 2873 2466; x_wconf 89' lang='lat' dir='ltr'><strong>quidem</strong></span> <span class='ocrx_word' id='word_1_344' title='bbox 2911 2398 3056 2453; x_wconf 90' lang='lat' dir='ltr'><strong>illius</strong></span> <span class='ocrx_word' id='word_1_345' title='bbox 3080 2397 3214 2452; x_wconf 86' lang='lat' dir='ltr'><strong>deos</strong></span> <span class='ocrx_word' id='word_1_346' title='bbox 3246 2396 3535 2452; x_wconf 74' lang='lat' dir='ltr'><strong>ludiﬁcans</strong></span> <span class='ocrx_word' id='word_1_347' title='bbox 3560 2412 3626 2450; x_wconf 76' lang='lat' dir='ltr'><strong>ex</strong></span> <span class='ocrx_word' id='word_1_348' title='bbox 3654 2396 3720 2450; x_wconf 87' lang='lat' dir='ltr'><strong>iis</strong></span> 
     </span>
    </p>
   </div>
   <div class='ocr_carea' id='block_1_53' title="bbox 2133 2486 3717 2559">
    <p class='ocr_par' dir='ltr' id='par_1_53' title="bbox 2133 2486 3717 2559">
     <span class='ocr_line' id='line_1_53' title="bbox 2133 2486 3717 2559; baseline -0.001 -17"><span class='ocrx_word' id='word_1_349' title='bbox 2133 2504 2254 2557; x_wconf 72' lang='lat' dir='ltr'><strong>quae</strong></span> <span class='ocrx_word' id='word_1_350' title='bbox 2282 2486 2452 2543; x_wconf 70' lang='lat' dir='ltr'><strong>Graeci</strong></span> <span class='ocrx_word' id='word_1_351' title='bbox 2491 2488 2563 2544; x_wconf 86' lang='lat' dir='ltr'><strong>de</strong></span> <span class='ocrx_word' id='word_1_352' title='bbox 2589 2488 2725 2559; x_wconf 75' lang='lat' dir='ltr'><strong>ipsis</strong></span> <span class='ocrx_word' id='word_1_353' title='bbox 2754 2489 3090 2553; x_wconf 82' lang='lat' dir='ltr'><strong>fabulantur,</strong></span> <span class='ocrx_word' id='word_1_354' title='bbox 3124 2488 3479 2558; x_wconf 81' lang='lat' dir='ltr'><strong>imperatores</strong></span> <span class='ocrx_word' id='word_1_355' title='bbox 3509 2497 3717 2551; x_wconf 79' lang='lat' dir='ltr'><strong>autent,</strong></span> 
     </span>
    </p>
   </div>
   <div class='ocr_carea' id='block_1_54' title="bbox 2135 2579 3718 2653">
    <p class='ocr_par' dir='ltr' id='par_1_54' title="bbox 2135 2579 3718 2653">
     <span class='ocr_line' id='line_1_54' title="bbox 2135 2579 3718 2653; baseline -0.001 -20"><span class='ocrx_word' id='word_1_356' title='bbox 2135 2588 2194 2633; x_wconf 89' lang='lat' dir='ltr'><strong>ut</strong></span> <span class='ocrx_word' id='word_1_357' title='bbox 2237 2580 2327 2649; x_wconf 91' lang='lat' dir='ltr'><strong>qui</strong></span> <span class='ocrx_word' id='word_1_358' title='bbox 2357 2594 2423 2635; x_wconf 77' lang='lat' dir='ltr'><strong>ex</strong></span> <span class='ocrx_word' id='word_1_359' title='bbox 2443 2596 2600 2651; x_wconf 82' lang='lat' dir='ltr'><strong>aequo</strong></span> <span class='ocrx_word' id='word_1_360' title='bbox 2639 2579 2844 2653; x_wconf 80' lang='lat' dir='ltr'><strong>nefaria</strong></span> <span class='ocrx_word' id='word_1_361' title='bbox 2872 2581 3032 2636; x_wconf 87' lang='lat' dir='ltr'><strong>simul</strong></span> <span class='ocrx_word' id='word_1_362' title='bbox 3078 2580 3321 2636; x_wconf 83' lang='lat' dir='ltr'><strong>facerent</strong></span> <span class='ocrx_word' id='word_1_363' title='bbox 3339 2589 3392 2636; x_wconf 90' lang='lat' dir='ltr'><strong>et</strong></span> <span class='ocrx_word' id='word_1_364' title='bbox 3435 2579 3718 2649; x_wconf 84' lang='lat' dir='ltr'><strong>juberent.</strong></span> 
     </span>
    </p>
   </div>
   <div class='ocr_carea' id='block_1_55' title="bbox 2132 2672 3721 2744">
    <p class='ocr_par' dir='ltr' id='par_1_55' title="bbox 2132 2672 3721 2744">
     <span class='ocr_line' id='line_1_55' title="bbox 2132 2672 3721 2744; baseline -0.002 -16"><span class='ocrx_word' id='word_1_365' title='bbox 2132 2673 2467 2728; x_wconf 81' lang='lat' dir='ltr'><strong>Verberatus</strong></span> <span class='ocrx_word' id='word_1_366' title='bbox 2523 2687 2654 2728; x_wconf 79' lang='lat' dir='ltr'><strong>vero</strong></span> <span class='ocrx_word' id='word_1_367' title='bbox 2703 2673 2823 2744; x_wconf 84' lang='lat' dir='ltr'><strong>ipse</strong></span> <span class='ocrx_word' id='word_1_368' title='bbox 2869 2688 3091 2744; x_wconf 85' lang='lat' dir='ltr'><strong>quoque</strong></span> <span class='ocrx_word' id='word_1_369' title='bbox 3129 2672 3183 2726; x_wconf 90' lang='lat' dir='ltr'><strong>in</strong></span> <span class='ocrx_word' id='word_1_370' title='bbox 3230 2687 3312 2733; x_wconf 86' lang='lat' dir='ltr'><strong>os.</strong></span> <span class='ocrx_word' id='word_1_371' title='bbox 3357 2681 3412 2727; x_wconf 88' lang='lat' dir='ltr'><strong>et</strong></span> <span class='ocrx_word' id='word_1_372' title='bbox 3465 2673 3569 2727; x_wconf 78' lang='lat' dir='ltr'><strong>hoc</strong></span> <span class='ocrx_word' id='word_1_373' title='bbox 3610 2680 3721 2727; x_wconf 90' lang='lat' dir='ltr'><strong>tor-</strong></span> 
     </span>
    </p>
   </div>
   <div class='ocr_carea' id='block_1_56' title="bbox 2132 2764 3721 2823">
    <p class='ocr_par' dir='ltr' id='par_1_56' title="bbox 2132 2764 3721 2823">
     <span class='ocr_line' id='line_1_56' title="bbox 2132 2764 3721 2823; baseline -0.003 -3"><span class='ocrx_word' id='word_1_374' title='bbox 2132 2777 2319 2820; x_wconf 83' lang='lat' dir='ltr'><strong>mento</strong></span> <span class='ocrx_word' id='word_1_375' title='bbox 2363 2765 2528 2820; x_wconf 80' lang='lat' dir='ltr'><strong>veluti</strong></span> <span class='ocrx_word' id='word_1_376' title='bbox 2578 2764 2856 2820; x_wconf 80' lang='lat' dir='ltr'><strong>exsultans</strong></span> <span class='ocrx_word' id='word_1_377' title='bbox 2897 2775 2953 2819; x_wconf 90' lang='lat' dir='ltr'><strong>et</strong></span> <span class='ocrx_word' id='word_1_378' title='bbox 2995 2764 3271 2823; x_wconf 81' lang='lat' dir='ltr'><strong>exsilicns,</strong></span> <span class='ocrx_word' id='word_1_379' title='bbox 3317 2764 3721 2819; x_wconf 84' lang='lat' dir='ltr'><strong>condemnatur</strong></span> 
     </span>
    </p>
   </div>
   <div class='ocr_carea' id='block_1_57' title="bbox 2130 2855 3717 2927">
    <p class='ocr_par' dir='ltr' id='par_1_57' title="bbox 2130 2855 3717 2927">
     <span class='ocr_line' id='line_1_57' title="bbox 2130 2855 3717 2927; baseline -0.003 -15"><span class='ocrx_word' id='word_1_380' title='bbox 2130 2866 2276 2912; x_wconf 83' lang='lat' dir='ltr'><strong>stare</strong></span> <span class='ocrx_word' id='word_1_381' title='bbox 2307 2872 2474 2927; x_wconf 88' lang='lat' dir='ltr'><strong>super</strong></span> <span class='ocrx_word' id='word_1_382' title='bbox 2510 2856 2716 2911; x_wconf 78' lang='lat' dir='ltr'><strong>ferrum</strong></span> <span class='ocrx_word' id='word_1_383' title='bbox 2759 2856 3021 2913; x_wconf 85' lang='lat' dir='ltr'><strong>candens.</strong></span> <span class='ocrx_word' id='word_1_384' title='bbox 3058 2855 3196 2909; x_wconf 80' lang='lat' dir='ltr'><strong>Cum</strong></span> <span class='ocrx_word' id='word_1_385' title='bbox 3230 2863 3412 2910; x_wconf 86' lang='lat' dir='ltr'><strong>autem</strong></span> <span class='ocrx_word' id='word_1_386' title='bbox 3452 2855 3555 2910; x_wconf 87' lang='lat' dir='ltr'><strong>hoc</strong></span> <span class='ocrx_word' id='word_1_387' title='bbox 3603 2864 3717 2909; x_wconf 87' lang='lat' dir='ltr'><strong>tor-</strong></span> 
     </span>
    </p>
   </div>
   <div class='ocr_carea' id='block_1_58' title="bbox 2129 2944 3717 3016">
    <p class='ocr_par' dir='ltr' id='par_1_58' title="bbox 2129 2944 3717 3016">
     <span class='ocr_line' id='line_1_58' title="bbox 2129 2944 3717 3016; baseline -0.001 -15"><span class='ocrx_word' id='word_1_388' title='bbox 2129 2956 2378 3002; x_wconf 88' lang='lat' dir='ltr'><strong>mentum</strong></span> <span class='ocrx_word' id='word_1_389' title='bbox 2430 2946 2710 3002; x_wconf 84' lang='lat' dir='ltr'><strong>videretur</strong></span> <span class='ocrx_word' id='word_1_390' title='bbox 2759 2945 2944 3016; x_wconf 90' lang='lat' dir='ltr'><strong>potius</strong></span> <span class='ocrx_word' id='word_1_391' title='bbox 2999 2945 3181 3000; x_wconf 71' lang='lat' dir='ltr'><strong>laatitia</strong></span> <span class='ocrx_word' id='word_1_392' title='bbox 3249 2961 3410 3015; x_wconf 86' lang='lat' dir='ltr'><strong>quam</strong></span> <span class='ocrx_word' id='word_1_393' title='bbox 3470 2944 3717 3000; x_wconf 75' lang='lat' dir='ltr'><strong>molestia</strong></span> 
     </span>
    </p>
   </div>
   <div class='ocr_carea' id='block_1_59' title="bbox 2128 3036 3716 3111">
    <p class='ocr_par' dir='ltr' id='par_1_59' title="bbox 2128 3036 3716 3111">
     <span class='ocr_line' id='line_1_59' title="bbox 2128 3036 3716 3111; baseline -0.002 -18"><span class='ocrx_word' id='word_1_394' title='bbox 2128 3037 2344 3095; x_wconf 68' lang='lat' dir='ltr'><strong>allicere</strong></span> <span class='ocrx_word' id='word_1_395' title='bbox 2367 3049 2682 3111; x_wconf 86' lang='lat' dir='ltr'><strong>martyrem.</strong></span> <span class='ocrx_word' id='word_1_396' title='bbox 2708 3039 2865 3108; x_wconf 82' lang='lat' dir='ltr'><strong>jubet</strong></span> <span class='ocrx_word' id='word_1_397' title='bbox 2884 3037 3050 3106; x_wconf 72' lang='lat' dir='ltr'><strong>iudex</strong></span> <span class='ocrx_word' id='word_1_398' title='bbox 3078 3037 3282 3091; x_wconf 82' lang='lat' dir='ltr'><strong>ferrum</strong></span> <span class='ocrx_word' id='word_1_399' title='bbox 3315 3036 3487 3106; x_wconf 86' lang='lat' dir='ltr'><strong>magis</strong></span> <span class='ocrx_word' id='word_1_400' title='bbox 3517 3036 3716 3090; x_wconf 78' lang='lat' dir='ltr'><strong>cande-</strong></span> 
     </span>
    </p>
   </div>
   <div class='ocr_carea' id='block_1_60' title="bbox 2131 3129 3717 3200">
    <p class='ocr_par' dir='ltr' id='par_1_60' title="bbox 2131 3129 3717 3200">
     <span class='ocr_line' id='line_1_60' title="bbox 2131 3129 3717 3200; baseline -0.003 -14"><span class='ocrx_word' id='word_1_401' title='bbox 2131 3132 2269 3198; x_wconf 82' lang='lat' dir='ltr'><strong>ﬁeri,</strong></span> <span class='ocrx_word' id='word_1_402' title='bbox 2305 3139 2358 3186; x_wconf 88' lang='lat' dir='ltr'><strong>et</strong></span> <span class='ocrx_word' id='word_1_403' title='bbox 2388 3147 2554 3200; x_wconf 89' lang='lat' dir='ltr'><strong>super</strong></span> <span class='ocrx_word' id='word_1_404' title='bbox 2605 3130 2656 3184; x_wconf 92' lang='lat' dir='ltr'><strong>id</strong></span> <span class='ocrx_word' id='word_1_405' title='bbox 2687 3144 2851 3200; x_wconf 85' lang='lat' dir='ltr'><strong>quam</strong></span> <span class='ocrx_word' id='word_1_406' title='bbox 2903 3129 3137 3200; x_wconf 89' lang='lat' dir='ltr'><strong>primum</strong></span> <span class='ocrx_word' id='word_1_407' title='bbox 3173 3129 3379 3198; x_wconf 88' lang='lat' dir='ltr'><strong>imponi</strong></span> <span class='ocrx_word' id='word_1_408' title='bbox 3434 3129 3717 3191; x_wconf 85' lang='lat' dir='ltr'><strong>athletam,</strong></span> 
     </span>
    </p>
   </div>
   <div class='ocr_carea' id='block_1_61' title="bbox 443 3214 2033 3296">
    <p class='ocr_par' dir='ltr' id='par_1_61' title="bbox 443 3222 2026 3296">
     <span class='ocr_line' id='line_1_61' title="bbox 443 3222 2026 3296; baseline -0.001 -18"><span class='ocrx_word' id='word_1_409' title='bbox 443 3243 533 3281; x_wconf 88' lang='grc' dir='ltr'><strong>ναι</strong></span> <span class='ocrx_word' id='word_1_410' title='bbox 565 3223 928 3295; x_wconf 74' lang='grc' dir='ltr'><strong>σφοδρότερον</strong></span> <span class='ocrx_word' id='word_1_411' title='bbox 961 3225 990 3276; x_wconf 87' lang='grc' dir='ltr'><strong>ό</strong></span> <span class='ocrx_word' id='word_1_412' title='bbox 1017 3222 1279 3295; x_wconf 79' lang='grc' dir='ltr'><strong>δικαστὴς</strong></span> <span class='ocrx_word' id='word_1_413' title='bbox 1323 3224 1416 3277; x_wconf 83' lang='grc' dir='ltr'><strong>τὸν</strong></span> <span class='ocrx_word' id='word_1_414' title='bbox 1463 3224 1684 3296; x_wconf 78' lang='grc' dir='ltr'><strong>σίδηρον</strong></span> <span class='ocrx_word' id='word_1_415' title='bbox 1720 3226 2026 3290; x_wconf 78' lang='grc' dir='ltr'><strong>ἐπιτάττει,</strong></span> 
     </span>
    </p>
   </div>
   <div class='ocr_carea' id='block_1_62' title="bbox 2136 3214 3716 3296">
    <p class='ocr_par' dir='ltr' id='par_1_62' title="bbox 2136 3219 3716 3294">
     <span class='ocr_line' id='line_1_62' title="bbox 2136 3219 3716 3294; baseline -0.003 -15"><span class='ocrx_word' id='word_1_416' title='bbox 2136 3234 2192 3281; x_wconf 87' lang='lat' dir='ltr'><strong>et</strong></span> <span class='ocrx_word' id='word_1_417' title='bbox 2215 3240 2280 3280; x_wconf 79' lang='lat' dir='ltr'><strong>ex</strong></span> <span class='ocrx_word' id='word_1_418' title='bbox 2314 3222 2643 3294; x_wconf 76' lang='lat' dir='ltr'><strong>negligentia</strong></span> <span class='ocrx_word' id='word_1_419' title='bbox 2675 3222 3074 3285; x_wconf 87' lang='lat' dir='ltr'><strong>ministrorum,</strong></span> <span class='ocrx_word' id='word_1_420' title='bbox 3106 3237 3217 3275; x_wconf 82' lang='lat' dir='ltr'><strong>non</strong></span> <span class='ocrx_word' id='word_1_421' title='bbox 3246 3237 3311 3276; x_wconf 76' lang='lat' dir='ltr'><strong>ex</strong></span> <span class='ocrx_word' id='word_1_422' title='bbox 3340 3219 3528 3276; x_wconf 86' lang='lat' dir='ltr'><strong>divino</strong></span> <span class='ocrx_word' id='word_1_423' title='bbox 3559 3220 3716 3276; x_wconf 78' lang='lat' dir='ltr'><strong>auxi-</strong></span> 
     </span>
    </p>
   </div>
   <div class='ocr_carea' id='block_1_63' title="bbox 441 3316 2028 3388">
    <p class='ocr_par' dir='ltr' id='par_1_63' title="bbox 441 3316 2028 3388">
     <span class='ocr_line' id='line_1_63' title="bbox 441 3316 2028 3388; baseline 0.001 -18"><span class='ocrx_word' id='word_1_424' title='bbox 441 3317 538 3370; x_wconf 71' lang='lat' dir='ltr'><strong>xui.</strong></span> <span class='ocrx_word' id='word_1_425' title='bbox 589 3318 882 3386; x_wconf 76' lang='grc' dir='ltr'><strong>ἐπιστῆναι</strong></span> <span class='ocrx_word' id='word_1_426' title='bbox 933 3317 1108 3387; x_wconf 73' lang='grc' dir='ltr'><strong>τούτῳ</strong></span> <span class='ocrx_word' id='word_1_427' title='bbox 1138 3317 1230 3370; x_wconf 74' lang='grc' dir='ltr'><strong>τὸν</strong></span> <span class='ocrx_word' id='word_1_428' title='bbox 1260 3316 1507 3388; x_wconf 80' lang='grc' dir='ltr'><strong>ἀθλητὴν</strong></span> <span class='ocrx_word' id='word_1_429' title='bbox 1550 3318 1632 3371; x_wconf 86' lang='grc' dir='ltr'><strong>ὃτι</strong></span> <span class='ocrx_word' id='word_1_430' title='bbox 1673 3318 1925 3388; x_wconf 83' lang='grc' dir='ltr'><strong>τάχιστα,</strong></span> <span class='ocrx_word' id='word_1_431' title='bbox 1968 3318 2028 3386; x_wconf 73' lang='grc' dir='ltr'><strong>ἐξ</strong></span> 
     </span>
    </p>
   </div>
   <div class='ocr_carea' id='block_1_64' title="bbox 439 3407 2029 3479">
    <p class='ocr_par' dir='ltr' id='par_1_64' title="bbox 439 3407 2029 3479">
     <span class='ocr_line' id='line_1_64' title="bbox 439 3407 2029 3479; baseline 0.001 -19"><span class='ocrx_word' id='word_1_432' title='bbox 439 3408 702 3478; x_wconf 78' lang='grc' dir='ltr'><strong>ἀμελείας</strong></span> <span class='ocrx_word' id='word_1_433' title='bbox 727 3410 835 3464; x_wconf 79' lang='grc' dir='ltr'><strong>τῶν</strong></span> <span class='ocrx_word' id='word_1_434' title='bbox 860 3409 1291 3478; x_wconf 76' lang='grc' dir='ltr'><strong>διακονουμένων</strong></span> <span class='ocrx_word' id='word_1_435' title='bbox 1305 3407 1406 3463; x_wconf 78' lang='grc' dir='ltr'><strong>οὐκ</strong></span> <span class='ocrx_word' id='word_1_436' title='bbox 1432 3410 1495 3462; x_wconf 81' lang='grc' dir='ltr'><strong>ἐκ</strong></span> <span class='ocrx_word' id='word_1_437' title='bbox 1526 3409 1803 3479; x_wconf 82' lang='grc' dir='ltr'><strong>θειοτέρας</strong></span> <span class='ocrx_word' id='word_1_438' title='bbox 1819 3410 2029 3466; x_wconf 78' lang='grc' dir='ltr'><strong>ἄνωθεν</strong></span> 
     </span>
    </p>
   </div>
   <div class='ocr_carea' id='block_1_65' title="bbox 441 3496 2026 3572">
    <p class='ocr_par' dir='ltr' id='par_1_65' title="bbox 441 3496 2026 3572">
     <span class='ocr_line' id='line_1_65' title="bbox 441 3496 2026 3572; baseline 0.001 -19"><span class='ocrx_word' id='word_1_439' title='bbox 441 3501 722 3571; x_wconf 68' lang='grc' dir='ltr'><strong>βοηθείας,</strong></span> <span class='ocrx_word' id='word_1_440' title='bbox 744 3502 844 3571; x_wconf 83' lang='grc' dir='ltr'><strong>τὴν</strong></span> <span class='ocrx_word' id='word_1_441' title='bbox 864 3499 958 3554; x_wconf 87' lang='grc' dir='ltr'><strong>τοῦ</strong></span> <span class='ocrx_word' id='word_1_442' title='bbox 992 3501 1266 3572; x_wconf 81' lang='grc' dir='ltr'><strong>μάρτυρος</strong></span> <span class='ocrx_word' id='word_1_443' title='bbox 1321 3496 1462 3556; x_wconf 82' lang='grc' dir='ltr'><strong>εἶναι</strong></span> <span class='ocrx_word' id='word_1_444' title='bbox 1493 3503 1794 3572; x_wconf 75' lang='grc' dir='ltr'><strong>καρτερίαν</strong></span> <span class='ocrx_word' id='word_1_445' title='bbox 1821 3503 2026 3555; x_wconf 75' lang='grc' dir='ltr'><strong>ὑπολαο</strong></span> 
     </span>
    </p>
   </div>
   <div class='ocr_carea' id='block_1_66' title="bbox 439 3590 2025 3669">
    <p class='ocr_par' dir='ltr' id='par_1_66' title="bbox 439 3590 2025 3669">
     <span class='ocr_line' id='line_1_66' title="bbox 439 3590 2025 3669; baseline 0.001 -24"><span class='ocrx_word' id='word_1_446' title='bbox 439 3594 573 3649; x_wconf 67' lang='lat' dir='ltr'><strong>612w.</strong></span> <span class='ocrx_word' id='word_1_447' title='bbox 598 3593 949 3669; x_wconf 78' lang='grc' dir='ltr'><strong>Ψυχρότερον</strong></span> <span class='ocrx_word' id='word_1_448' title='bbox 972 3593 1162 3647; x_wconf 87' lang='grc' dir='ltr'><strong>τοῦτον</strong></span> <span class='ocrx_word' id='word_1_449' title='bbox 1197 3590 1601 3656; x_wconf 77' lang='grc' dir='ltr'>ἀποκαλοῦντες</span> <span class='ocrx_word' id='word_1_450' title='bbox 1635 3593 1730 3647; x_wconf 80' lang='grc' dir='ltr'><strong>τοῦ</strong></span> <span class='ocrx_word' id='word_1_451' title='bbox 1764 3593 2025 3665; x_wconf 75' lang='grc' dir='ltr'><strong>ἀθλητοῦ,</strong></span> 
     </span>
    </p>
   </div>
   <div class='ocr_carea' id='block_1_67' title="bbox 442 3684 2028 3761">
    <p class='ocr_par' dir='ltr' id='par_1_67' title="bbox 442 3684 2028 3761">
     <span class='ocr_line' id='line_1_67' title="bbox 442 3684 2028 3761; baseline 0 -21"><span class='ocrx_word' id='word_1_452' title='bbox 442 3689 540 3742; x_wconf 79' lang='grc' dir='ltr'><strong>καὶ</strong></span> <span class='ocrx_word' id='word_1_453' title='bbox 594 3687 703 3739; x_wconf 85' lang='grc' dir='ltr'><strong>τῶν</strong></span> <span class='ocrx_word' id='word_1_454' title='bbox 747 3686 1010 3739; x_wconf 84' lang='grc' dir='ltr'><strong>ὲπινοιῶν</strong></span> <span class='ocrx_word' id='word_1_455' title='bbox 1059 3685 1135 3749; x_wconf 84' lang='grc' dir='ltr'>ὡς</span> <span class='ocrx_word' id='word_1_456' title='bbox 1184 3688 1415 3756; x_wconf 83' lang='grc' dir='ltr'><strong>ἀνοήτου</strong></span> <span class='ocrx_word' id='word_1_457' title='bbox 1470 3684 1886 3761; x_wconf 76' lang='grc' dir='ltr'><strong>καταγελῶντος</strong></span> <span class='ocrx_word' id='word_1_458' title='bbox 1926 3686 2028 3741; x_wconf 82' lang='grc' dir='ltr'><strong>’τοῦ</strong></span> 
     </span>
    </p>
   </div>
   <div class='ocr_carea' id='block_1_68' title="bbox 436 3778 2028 3851">
    <p class='ocr_par' dir='ltr' id='par_1_68' title="bbox 436 3778 2028 3851">
     <span class='ocr_line' id='line_1_68' title="bbox 436 3778 2028 3851; baseline 0 -17"><span class='ocrx_word' id='word_1_459' title='bbox 436 3779 696 3834; x_wconf 74' lang='grc' dir='ltr'><strong>δ.καστοῦ</strong></span> <span class='ocrx_word' id='word_1_460' title='bbox 730 3778 832 3844; x_wconf 75' lang='grc' dir='ltr'><strong>τὰς</strong></span> <span class='ocrx_word' id='word_1_461' title='bbox 877 3780 1021 3833; x_wconf 68' lang='grc' dir='ltr'><strong>κατὰ</strong></span> <span class='ocrx_word' id='word_1_462' title='bbox 1053 3779 1243 3834; x_wconf 78' lang='grc' dir='ltr'><strong>τούτου</strong></span> <span class='ocrx_word' id='word_1_463' title='bbox 1281 3779 1498 3847; x_wconf 82' lang='grc' dir='ltr'><strong>πληγὰς</strong></span> <span class='ocrx_word' id='word_1_464' title='bbox 1538 3782 1567 3833; x_wconf 86' lang='grc' dir='ltr'><strong>ό</strong></span> <span class='ocrx_word' id='word_1_465' title='bbox 1595 3779 1902 3851; x_wconf 83' lang='grc' dir='ltr'>γελώμενος</span> <span class='ocrx_word' id='word_1_466' title='bbox 1928 3782 2028 3851; x_wconf 80' lang='grc' dir='ltr'><strong>ἐμ·-</strong></span> 
     </span>
    </p>
   </div>
   <div class='ocr_carea' id='block_1_69' title="bbox 440 3872 2030 3945">
    <p class='ocr_par' dir='ltr' id='par_1_69' title="bbox 440 3872 2030 3945">
     <span class='ocr_line' id='line_1_69' title="bbox 440 3872 2030 3945; baseline 0.001 -18"><span class='ocrx_word' id='word_1_467' title='bbox 440 3873 630 3942; x_wconf 86' lang='grc' dir='ltr'><strong>μανῶς</strong></span> <span class='ocrx_word' id='word_1_468' title='bbox 661 3873 984 3940; x_wconf 81' lang='grc' dir='ltr'><strong>ἀντεπάγει,</strong></span> <span class='ocrx_word' id='word_1_469' title='bbox 1020 3872 1260 3941; x_wconf 72' lang='grc' dir='ltr'><strong>καρῆναι</strong></span> <span class='ocrx_word' id='word_1_470' title='bbox 1289 3889 1345 3927; x_wconf 89' lang='grc' dir='ltr'><strong>τε</strong></span> <span class='ocrx_word' id='word_1_471' title='bbox 1391 3873 1492 3941; x_wconf 80' lang='grc' dir='ltr'><strong>τὴν</strong></span> <span class='ocrx_word' id='word_1_472' title='bbox 1545 3874 1720 3945; x_wconf 85' lang='grc' dir='ltr'><strong>κόμην</strong></span> <span class='ocrx_word' id='word_1_473' title='bbox 1752 3873 1899 3945; x_wconf 81' lang='grc' dir='ltr'><strong>αὐτῷ</strong></span> <span class='ocrx_word' id='word_1_474' title='bbox 1933 3876 2030 3929; x_wconf 74' lang='grc' dir='ltr'><strong>καὶ</strong></span> 
     </span>
    </p>
   </div>
   <div class='ocr_carea' id='block_1_70' title="bbox 440 3966 2029 4037">
    <p class='ocr_par' dir='ltr' id='par_1_70' title="bbox 440 3966 2029 4037">
     <span class='ocr_line' id='line_1_70' title="bbox 440 3966 2029 4037; baseline 0.001 -17"><span class='ocrx_word' id='word_1_475' title='bbox 440 3968 583 4023; x_wconf 79' lang='grc' dir='ltr'><strong>κατὰ</strong></span> <span class='ocrx_word' id='word_1_476' title='bbox 610 3967 723 4021; x_wconf 84' lang='grc' dir='ltr'><strong>τῶν</strong></span> <span class='ocrx_word' id='word_1_477' title='bbox 749 3966 1039 4034; x_wconf 80' lang='grc' dir='ltr'><strong>κροτάφων</strong></span> <span class='ocrx_word' id='word_1_478' title='bbox 1061 3966 1341 4036; x_wconf 69' lang='grc' dir='ltr'><strong>ἄνθρακας</strong></span> <span class='ocrx_word' id='word_1_479' title='bbox 1376 3967 1545 4036; x_wconf 79' lang='grc' dir='ltr'><strong>πυρὸς</strong></span> <span class='ocrx_word' id='word_1_480' title='bbox 1576 3967 1859 4037; x_wconf 64' lang='grc' dir='ltr'><strong>ἐντεθῆναι</strong></span> <span class='ocrx_word' id='word_1_481' title='bbox 1879 4011 1895 4035; x_wconf 86' lang='grc'><strong>,</strong></span> <span class='ocrx_word' id='word_1_482' title='bbox 1932 3969 2029 4022; x_wconf 74' lang='grc' dir='ltr'><strong>καὶ</strong></span> 
     </span>
    </p>
   </div>
   <div class='ocr_carea' id='block_1_71' title="bbox 438 4056 2026 4130">
    <p class='ocr_par' dir='ltr' id='par_1_71' title="bbox 438 4056 2026 4130">
     <span class='ocr_line' id='line_1_71' title="bbox 438 4056 2026 4130; baseline 0 -16"><span class='ocrx_word' id='word_1_483' title='bbox 438 4061 539 4130; x_wconf 73' lang='grc' dir='ltr'><strong>τὴν</strong></span> <span class='ocrx_word' id='word_1_484' title='bbox 554 4058 802 4128; x_wconf 80' lang='grc' dir='ltr'><strong>γλῶτταν</strong></span> <span class='ocrx_word' id='word_1_485' title='bbox 830 4057 1064 4127; x_wconf 79' lang='grc' dir='ltr'><strong>ταθῆναι</strong></span> <span class='ocrx_word' id='word_1_486' title='bbox 1097 4058 1233 4129; x_wconf 87' lang='grc' dir='ltr'><strong>πρὸς</strong></span> <span class='ocrx_word' id='word_1_487' title='bbox 1259 4056 1496 4128; x_wconf 76' lang='grc' dir='ltr'><strong>ἐκτομὴν</strong></span> <span class='ocrx_word' id='word_1_488' title='bbox 1522 4057 1892 4123; x_wconf 77' lang='grc' dir='ltr'><strong>ὲγκελεύεται.</strong></span> <span class='ocrx_word' id='word_1_489' title='bbox 1919 4060 2026 4115; x_wconf 87' lang='grc' dir='ltr'><strong>Τοῦ</strong></span> 
     </span>
    </p>
   </div>
   <div class='ocr_carea' id='block_1_72' title="bbox 437 4149 2024 4221">
    <p class='ocr_par' dir='ltr' id='par_1_72' title="bbox 437 4149 2024 4221">
     <span class='ocr_line' id='line_1_72' title="bbox 437 4149 2024 4221; baseline -0.001 -16"><span class='ocrx_word' id='word_1_490' title='bbox 437 4154 498 4205; x_wconf 68' lang='grc' dir='ltr'><strong>δὲ</strong></span> <span class='ocrx_word' id='word_1_491' title='bbox 548 4151 826 4221; x_wconf 81' lang='grc' dir='ltr'><strong>μάρτυρος</strong></span> <span class='ocrx_word' id='word_1_492' title='bbox 869 4149 1107 4217; x_wconf 75' lang='grc' dir='ltr'><strong>ἑτοίμως</strong></span> <span class='ocrx_word' id='word_1_493' title='bbox 1153 4149 1360 4218; x_wconf 81' lang='grc' dir='ltr'><strong>ταύτην</strong></span> <span class='ocrx_word' id='word_1_494' title='bbox 1401 4149 1808 4219; x_wconf 79' lang='grc' dir='ltr'><strong>προτείναντος,</strong></span> <span class='ocrx_word' id='word_1_495' title='bbox 1852 4150 2024 4221; x_wconf 73' lang='grc' dir='ltr'><strong>ἦκουε</strong></span> 
     </span>
    </p>
   </div>
   <div class='ocr_carea' id='block_1_73' title="bbox 435 4236 2026 4312">
    <p class='ocr_par' dir='ltr' id='par_1_73' title="bbox 435 4236 2026 4312">
     <span class='ocr_line' id='line_1_73' title="bbox 435 4236 2026 4312; baseline 0.001 -18"><span class='ocrx_word' id='word_1_496' title='bbox 435 4246 549 4312; x_wconf 66' lang='grc' dir='ltr'><strong>γὶιρ</strong></span> <span class='ocrx_word' id='word_1_497' title='bbox 597 4243 626 4295; x_wconf 86' lang='grc' dir='ltr'><strong>δ</strong></span> <span class='ocrx_word' id='word_1_498' title='bbox 675 4240 934 4308; x_wconf 78' lang='grc' dir='ltr'><strong>δικαστὴς</strong></span> <span class='ocrx_word' id='word_1_499' title='bbox 987 4238 1118 4310; x_wconf 82' lang='grc' dir='ltr'><strong>παρ’</strong></span> <span class='ocrx_word' id='word_1_500' title='bbox 1148 4238 1336 4306; x_wconf 83' lang='grc' dir='ltr'><strong>αὐτοῦ,</strong></span> <span class='ocrx_word' id='word_1_501' title='bbox 1365 4238 1439 4301; x_wconf 88' lang='grc' dir='ltr'>ὡς</span> <span class='ocrx_word' id='word_1_502' title='bbox 1471 4236 1618 4292; x_wconf 82' lang='grc' dir='ltr'><strong>Ἐστι</strong></span> <span class='ocrx_word' id='word_1_503' title='bbox 1676 4256 1768 4309; x_wconf 90' lang='grc' dir='ltr'><strong>μοι</strong></span> <span class='ocrx_word' id='word_1_504' title='bbox 1805 4240 2026 4308; x_wconf 79' lang='grc' dir='ltr'><strong>γλῶσσα</strong></span> 
     </span>
    </p>
   </div>
   <div class='ocr_carea' id='block_1_74' title="bbox 436 4329 2024 4404">
    <p class='ocr_par' dir='ltr' id='par_1_74' title="bbox 436 4329 2024 4404">
     <span class='ocr_line' id='line_1_74' title="bbox 436 4329 2024 4404; baseline 0.011 -20"><span class='ocrx_word' id='word_1_505' title='bbox 436 4333 736 4404; x_wconf 72' lang='grc' dir='ltr'><strong>τέμνεσθαι</strong></span> <span class='ocrx_word' id='word_1_506' title='bbox 799 4332 874 4402; x_wconf 82' lang='grc' dir='ltr'><strong>μὴ</strong></span> <span class='ocrx_word' id='word_1_507' title='bbox 947 4334 1252 4401; x_wconf 78' lang='grc' dir='ltr'><strong>πεφυκυῖα,</strong></span> <span class='ocrx_word' id='word_1_508' title='bbox 1315 4331 1410 4384; x_wconf 58' lang='grc' dir='ltr'><strong>καί⁸</strong></span> <span class='ocrx_word' id='word_1_509' title='bbox 1467 4329 1643 4391; x_wconf 80' lang='grc' dir='ltr'>ἄλλως</span> <span class='ocrx_word' id='word_1_510' title='bbox 1717 4332 2024 4402; x_wconf 73' lang='grc' dir='ltr'><strong>ἀθάνατος.</strong></span> 
     </span>
    </p>
   </div>
   <div class='ocr_carea' id='block_1_75' title="bbox 2135 3312 3713 3386">
    <p class='ocr_par' dir='ltr' id='par_1_75' title="bbox 2135 3312 3713 3386">
     <span class='ocr_line' id='line_1_75' title="bbox 2135 3312 3713 3386; baseline -0.006 -11"><span class='ocrx_word' id='word_1_511' title='bbox 2135 3321 2230 3385; x_wconf 88' lang='lat' dir='ltr'><strong>lio,</strong></span> <span class='ocrx_word' id='word_1_512' title='bbox 2281 3318 2600 3374; x_wconf 63' lang='lat' dir='ltr'><strong>existimans</strong></span> <span class='ocrx_word' id='word_1_513' title='bbox 2641 3331 2764 3371; x_wconf 89' lang='lat' dir='ltr'><strong>esse</strong></span> <span class='ocrx_word' id='word_1_514' title='bbox 2811 3314 3062 3386; x_wconf 85' lang='lat' dir='ltr'><strong>martyris</strong></span> <span class='ocrx_word' id='word_1_515' title='bbox 3125 3312 3526 3368; x_wconf 81' lang='lat' dir='ltr'><strong>fortitudinem.</strong></span> <span class='ocrx_word' id='word_1_516' title='bbox 3576 3312 3713 3367; x_wconf 75' lang='lat' dir='ltr'><strong>Illud</strong></span> 
     </span>
    </p>
   </div>
   <div class='ocr_carea' id='block_1_76' title="bbox 2135 3403 3713 3480">
    <p class='ocr_par' dir='ltr' id='par_1_76' title="bbox 2135 3403 3713 3480">
     <span class='ocr_line' id='line_1_76' title="bbox 2135 3403 3713 3480; baseline -0.004 -14"><span class='ocrx_word' id='word_1_517' title='bbox 2135 3419 2319 3466; x_wconf 88' lang='lat' dir='ltr'><strong>autem</strong></span> <span class='ocrx_word' id='word_1_518' title='bbox 2352 3408 2611 3480; x_wconf 78' lang='lat' dir='ltr'><strong>frigidum</strong></span> <span class='ocrx_word' id='word_1_519' title='bbox 2640 3406 2866 3461; x_wconf 85' lang='lat' dir='ltr'><strong>vocabat</strong></span> <span class='ocrx_word' id='word_1_520' title='bbox 2892 3406 3118 3468; x_wconf 86' lang='lat' dir='ltr'><strong>athleta,</strong></span> <span class='ocrx_word' id='word_1_521' title='bbox 3160 3412 3218 3458; x_wconf 88' lang='lat' dir='ltr'><strong>et</strong></span> <span class='ocrx_word' id='word_1_522' title='bbox 3260 3403 3464 3473; x_wconf 88' lang='lat' dir='ltr'><strong>judieis</strong></span> <span class='ocrx_word' id='word_1_523' title='bbox 3491 3404 3713 3461; x_wconf 78' lang='lat' dir='ltr'><strong>inventa</strong></span> 
     </span>
    </p>
   </div>
   <div class='ocr_carea' id='block_1_77' title="bbox 2136 3497 3711 3573">
    <p class='ocr_par' dir='ltr' id='par_1_77' title="bbox 2136 3497 3711 3573">
     <span class='ocr_line' id='line_1_77' title="bbox 2136 3497 3711 3573; baseline -0.005 -14"><span class='ocrx_word' id='word_1_524' title='bbox 2136 3514 2393 3573; x_wconf 87' lang='lat' dir='ltr'><strong>tanquam</strong></span> <span class='ocrx_word' id='word_1_525' title='bbox 2430 3500 2585 3556; x_wconf 85' lang='lat' dir='ltr'><strong>stulti</strong></span> <span class='ocrx_word' id='word_1_526' title='bbox 2615 3499 2900 3554; x_wconf 88' lang='lat' dir='ltr'><strong>irridebat.</strong></span> <span class='ocrx_word' id='word_1_527' title='bbox 2931 3499 2997 3552; x_wconf 74' lang='lat' dir='ltr'><strong>At</strong></span> <span class='ocrx_word' id='word_1_528' title='bbox 3029 3498 3080 3550; x_wconf 89' lang='lat' dir='ltr'><strong>in</strong></span> <span class='ocrx_word' id='word_1_529' title='bbox 3132 3497 3297 3551; x_wconf 88' lang='lat' dir='ltr'><strong>dorso</strong></span> <span class='ocrx_word' id='word_1_530' title='bbox 3323 3497 3508 3567; x_wconf 80' lang='lat' dir='ltr'><strong>plagas</strong></span> <span class='ocrx_word' id='word_1_531' title='bbox 3541 3497 3586 3552; x_wconf 88' lang='lat' dir='ltr'><strong>is</strong></span> <span class='ocrx_word' id='word_1_532' title='bbox 3619 3499 3711 3567; x_wconf 88' lang='lat' dir='ltr'><strong>qui</strong></span> 
     </span>
    </p>
   </div>
   <div class='ocr_carea' id='block_1_78' title="bbox 2133 3589 3713 3660">
    <p class='ocr_par' dir='ltr' id='par_1_78' title="bbox 2133 3589 3713 3660">
     <span class='ocr_line' id='line_1_78' title="bbox 2133 3589 3713 3660; baseline -0.004 -9"><span class='ocrx_word' id='word_1_533' title='bbox 2133 3596 2485 3660; x_wconf 83' lang='lat' dir='ltr'><strong>irridebatur,</strong></span> <span class='ocrx_word' id='word_1_534' title='bbox 2539 3600 2730 3648; x_wconf 88' lang='lat' dir='ltr'><strong>contra</strong></span> <span class='ocrx_word' id='word_1_535' title='bbox 2776 3591 2981 3645; x_wconf 80' lang='lat' dir='ltr'><strong>furiose</strong></span> <span class='ocrx_word' id='word_1_536' title='bbox 3029 3589 3290 3658; x_wconf 88' lang='lat' dir='ltr'><strong>imponit,</strong></span> <span class='ocrx_word' id='word_1_537' title='bbox 3344 3589 3613 3659; x_wconf 84' lang='lat' dir='ltr'><strong>jubetque</strong></span> <span class='ocrx_word' id='word_1_538' title='bbox 3662 3592 3713 3645; x_wconf 86' lang='lat' dir='ltr'><strong>ei</strong></span> 
     </span>
    </p>
   </div>
   <div class='ocr_carea' id='block_1_79' title="bbox 2137 3681 3714 3754">
    <p class='ocr_par' dir='ltr' id='par_1_79' title="bbox 2137 3681 3714 3754">
     <span class='ocr_line' id='line_1_79' title="bbox 2137 3681 3714 3754; baseline -0.006 -11"><span class='ocrx_word' id='word_1_539' title='bbox 2137 3687 2354 3744; x_wconf 86' lang='lat' dir='ltr'><strong>tonderi</strong></span> <span class='ocrx_word' id='word_1_540' title='bbox 2381 3699 2615 3750; x_wconf 85' lang='lat' dir='ltr'><strong>comam,</strong></span> <span class='ocrx_word' id='word_1_541' title='bbox 2643 3690 2702 3739; x_wconf 87' lang='lat' dir='ltr'><strong>et</strong></span> <span class='ocrx_word' id='word_1_542' title='bbox 2730 3685 2996 3737; x_wconf 82' lang='lat' dir='ltr'><strong>carbones</strong></span> <span class='ocrx_word' id='word_1_543' title='bbox 3022 3682 3164 3754; x_wconf 77' lang='lat' dir='ltr'><strong>ignis</strong></span> <span class='ocrx_word' id='word_1_544' title='bbox 3196 3681 3417 3736; x_wconf 88' lang='lat' dir='ltr'><strong>immitti</strong></span> <span class='ocrx_word' id='word_1_545' title='bbox 3483 3684 3536 3736; x_wconf 84' lang='lat' dir='ltr'><strong>in</strong></span> <span class='ocrx_word' id='word_1_546' title='bbox 3576 3692 3714 3738; x_wconf 86' lang='lat' dir='ltr'><strong>tem-</strong></span> 
     </span>
    </p>
   </div>
   <div class='ocr_carea' id='block_1_80' title="bbox 2134 3773 3716 3851">
    <p class='ocr_par' dir='ltr' id='par_1_80' title="bbox 2134 3773 3716 3851">
     <span class='ocr_line' id='line_1_80' title="bbox 2134 3773 3716 3851; baseline -0.005 -15"><span class='ocrx_word' id='word_1_547' title='bbox 2134 3796 2291 3851; x_wconf 89' lang='lat' dir='ltr'><strong>pora,</strong></span> <span class='ocrx_word' id='word_1_548' title='bbox 2321 3790 2377 3834; x_wconf 89' lang='lat' dir='ltr'><strong>et</strong></span> <span class='ocrx_word' id='word_1_549' title='bbox 2431 3779 2675 3850; x_wconf 82' lang='lat' dir='ltr'><strong>linguam</strong></span> <span class='ocrx_word' id='word_1_550' title='bbox 2725 3775 2936 3832; x_wconf 80' lang='lat' dir='ltr'><strong>extrahi</strong></span> <span class='ocrx_word' id='word_1_551' title='bbox 2976 3783 3039 3830; x_wconf 84' lang='lat' dir='ltr'><strong>ut</strong></span> <span class='ocrx_word' id='word_1_552' title='bbox 3086 3782 3486 3844; x_wconf 83' lang='lat' dir='ltr'><strong>amputaretur.</strong></span> <span class='ocrx_word' id='word_1_553' title='bbox 3513 3773 3716 3845; x_wconf 68' lang='lat' dir='ltr'><strong>Martyr-</strong></span> 
     </span>
    </p>
   </div>
   <div class='ocr_carea' id='block_1_81' title="bbox 2134 3867 3712 3943">
    <p class='ocr_par' dir='ltr' id='par_1_81' title="bbox 2134 3867 3712 3943">
     <span class='ocr_line' id='line_1_81' title="bbox 2134 3867 3712 3943; baseline -0.006 -13"><span class='ocrx_word' id='word_1_554' title='bbox 2134 3881 2341 3935; x_wconf 90' lang='lat' dir='ltr'><strong>autem,</strong></span> <span class='ocrx_word' id='word_1_555' title='bbox 2375 3888 2498 3929; x_wconf 88' lang='lat' dir='ltr'><strong>cum</strong></span> <span class='ocrx_word' id='word_1_556' title='bbox 2529 3871 2684 3943; x_wconf 81' lang='lat' dir='ltr'><strong>prius</strong></span> <span class='ocrx_word' id='word_1_557' title='bbox 2708 3868 2879 3939; x_wconf 81' lang='lat' dir='ltr'><strong>judici</strong></span> <span class='ocrx_word' id='word_1_558' title='bbox 2918 3869 3184 3925; x_wconf 76' lang='lat' dir='ltr'><strong>dixisset:</strong></span> <span class='ocrx_word' id='word_1_559' title='bbox 3216 3868 3316 3922; x_wconf 87' lang='lat' dir='ltr'><strong>Est</strong></span> <span class='ocrx_word' id='word_1_560' title='bbox 3341 3867 3474 3922; x_wconf 79' lang='lat' dir='ltr'><strong>milii</strong></span> <span class='ocrx_word' id='word_1_561' title='bbox 3505 3867 3712 3937; x_wconf 76' lang='lat' dir='ltr'><strong>lingua,</strong></span> 
     </span>
    </p>
   </div>
   <div class='ocr_carea' id='block_1_82' title="bbox 2133 3957 3710 4037">
    <p class='ocr_par' dir='ltr' id='par_1_82' title="bbox 2133 3957 3710 4037">
     <span class='ocr_line' id='line_1_82' title="bbox 2133 3957 3710 4037; baseline -0.006 -16"><span class='ocrx_word' id='word_1_562' title='bbox 2133 3982 2256 4037; x_wconf 68' lang='lat' dir='ltr'><strong>quae</strong></span> <span class='ocrx_word' id='word_1_563' title='bbox 2310 3980 2421 4020; x_wconf 92' lang='lat' dir='ltr'><strong>non</strong></span> <span class='ocrx_word' id='word_1_564' title='bbox 2473 3972 2655 4034; x_wconf 87' lang='lat' dir='ltr'><strong>potest</strong></span> <span class='ocrx_word' id='word_1_565' title='bbox 2699 3960 2970 4023; x_wconf 79' lang='lat' dir='ltr'><strong>exscindi,</strong></span> <span class='ocrx_word' id='word_1_566' title='bbox 3015 3967 3069 4013; x_wconf 91' lang='lat' dir='ltr'><strong>et</strong></span> <span class='ocrx_word' id='word_1_567' title='bbox 3118 3957 3319 4027; x_wconf 86' lang='lat' dir='ltr'><strong>alioqui</strong></span> <span class='ocrx_word' id='word_1_568' title='bbox 3369 3957 3710 4022; x_wconf 88' lang='lat' dir='ltr'><strong>immortalis,</strong></span> 
     </span>
    </p>
   </div>
   <div class='ocr_carea' id='block_1_83' title="bbox 2133 4048 3713 4130">
    <p class='ocr_par' dir='ltr' id='par_1_83' title="bbox 2133 4048 3713 4130">
     <span class='ocr_line' id='line_1_83' title="bbox 2133 4048 3713 4130; baseline -0.009 -16"><span class='ocrx_word' id='word_1_569' title='bbox 2133 4073 2296 4130; x_wconf 91' lang='lat' dir='ltr'><strong>quam</strong></span> <span class='ocrx_word' id='word_1_570' title='bbox 2340 4056 2494 4113; x_wconf 85' lang='lat' dir='ltr'><strong>audit</strong></span> <span class='ocrx_word' id='word_1_571' title='bbox 2531 4053 2700 4117; x_wconf 86' lang='lat' dir='ltr'><strong>Deus,</strong></span> <span class='ocrx_word' id='word_1_572' title='bbox 2733 4052 2827 4123; x_wconf 82' lang='lat' dir='ltr'><strong>qui</strong></span> <span class='ocrx_word' id='word_1_573' title='bbox 2871 4051 3033 4106; x_wconf 88' lang='lat' dir='ltr'><strong>etiam</strong></span> <span class='ocrx_word' id='word_1_574' title='bbox 3082 4064 3141 4105; x_wconf 85' lang='lat' dir='ltr'><strong>se</strong></span> <span class='ocrx_word' id='word_1_575' title='bbox 3186 4063 3375 4104; x_wconf 87' lang='lat' dir='ltr'><strong>vocem</strong></span> <span class='ocrx_word' id='word_1_576' title='bbox 3428 4048 3713 4118; x_wconf 62' lang='lat' dir='ltr'><strong>sanguinis</strong></span> 
     </span>
    </p>
   </div>
   <div class='ocr_carea' id='block_1_84' title="bbox 2131 4140 3712 4213">
    <p class='ocr_par' dir='ltr' id='par_1_84' title="bbox 2131 4140 3712 4213">
     <span class='ocr_line' id='line_1_84' title="bbox 2131 4140 3712 4213; baseline -0.008 -6"><span class='ocrx_word' id='word_1_577' title='bbox 2131 4151 2270 4207; x_wconf 82' lang='lat' dir='ltr'><strong>dixit</strong></span> <span class='ocrx_word' id='word_1_578' title='bbox 2325 4148 2515 4205; x_wconf 88' lang='lat' dir='ltr'><strong>audire</strong></span> <span class='ocrx_word' id='word_1_579' title='bbox 2576 4146 2903 4200; x_wconf 78' lang='lat' dir='ltr'><strong>clamantem</strong></span> <span class='ocrx_word' id='word_1_580' title='bbox 2954 4158 3072 4198; x_wconf 89' lang='lat' dir='ltr'><strong>eam</strong></span> <span class='ocrx_word' id='word_1_581' title='bbox 3129 4143 3384 4213; x_wconf 89' lang='lat' dir='ltr'><strong>protinus</strong></span> <span class='ocrx_word' id='word_1_582' title='bbox 3447 4140 3712 4210; x_wconf 76' lang='lat' dir='ltr'><strong>porrexit.</strong></span> 
     </span>
    </p>
   </div>
   <div class='ocr_carea' id='block_1_85' title="bbox 2131 4232 3711 4312">
    <p class='ocr_par' dir='ltr' id='par_1_85' title="bbox 2131 4232 3711 4312">
     <span class='ocr_line' id='line_1_85' title="bbox 2131 4232 3711 4312; baseline -0.008 -13"><span class='ocrx_word' id='word_1_583' title='bbox 2131 4245 2306 4312; x_wconf 82' lang='lat' dir='ltr'><strong>Quam</strong></span> <span class='ocrx_word' id='word_1_584' title='bbox 2335 4257 2460 4298; x_wconf 88' lang='lat' dir='ltr'><strong>cum</strong></span> <span class='ocrx_word' id='word_1_585' title='bbox 2498 4240 2588 4296; x_wconf 88' lang='lat' dir='ltr'><strong>ille</strong></span> <span class='ocrx_word' id='word_1_586' title='bbox 2629 4238 2807 4296; x_wconf 81' lang='lat' dir='ltr'><strong>secari</strong></span> <span class='ocrx_word' id='word_1_587' title='bbox 2853 4237 3097 4303; x_wconf 79' lang='lat' dir='ltr'><strong>fecisset,</strong></span> <span class='ocrx_word' id='word_1_588' title='bbox 3139 4249 3265 4290; x_wconf 88' lang='lat' dir='ltr'><strong>eum</strong></span> <span class='ocrx_word' id='word_1_589' title='bbox 3315 4232 3617 4289; x_wconf 86' lang='lat' dir='ltr'><strong>transmisit</strong></span> <span class='ocrx_word' id='word_1_590' title='bbox 3655 4234 3711 4288; x_wconf 88' lang='lat' dir='ltr'><strong>iu</strong></span> 
     </span>
    </p>
   </div>
   <div class='ocr_carea' id='block_1_86' title="bbox 2130 4353 2430 4396">
    <p class='ocr_par' dir='ltr' id='par_1_86' title="bbox 2130 4353 2430 4396">
     <span class='ocr_line' id='line_1_86' title="bbox 2130 4353 2430 4396; baseline -0.02 0"><span class='ocrx_word' id='word_1_591' title='bbox 2130 4353 2405 4396; x_wconf 79' lang='lat' dir='ltr'><strong>carcerem</strong></span> <span class='ocrx_word' id='word_1_592' title='bbox 2414 4375 2430 4389; x_wconf 81' lang='lat'><strong>.</strong></span> 
     </span>
    </p>
   </div>
   <div class='ocr_carea' id='block_1_87' title="bbox 436 4420 3712 4506">
    <p class='ocr_par' dir='ltr' id='par_1_87' title="bbox 436 4420 3712 4506">
     <span class='ocr_line' id='line_1_87' title="bbox 436 4420 3712 4506; baseline -0.004 -22"><span class='ocrx_word' id='word_1_593' title='bbox 436 4427 775 4491; x_wconf 77' lang='grc' dir='ltr'><strong>ἀκούειθεὺς</strong></span> <span class='ocrx_word' id='word_1_594' title='bbox 823 4429 852 4480; x_wconf 85' lang='grc' dir='ltr'>ὁ</span> <span class='ocrx_word' id='word_1_595' title='bbox 891 4426 985 4479; x_wconf 75' lang='grc' dir='ltr'><strong>καὶ</strong></span> <span class='ocrx_word' id='word_1_596' title='bbox 1031 4424 1131 4494; x_wconf 81' lang='grc' dir='ltr'><strong>τῆς</strong></span> <span class='ocrx_word' id='word_1_597' title='bbox 1162 4424 1347 4493; x_wconf 73' lang='grc' dir='ltr'><strong>φωνῆς</strong></span> <span class='ocrx_word' id='word_1_598' title='bbox 1396 4422 1491 4478; x_wconf 88' lang='grc' dir='ltr'><strong>τοῦ</strong></span> <span class='ocrx_word' id='word_1_599' title='bbox 1540 4424 1774 4497; x_wconf 81' lang='grc' dir='ltr'><strong>αἵματος</strong></span> <span class='ocrx_word' id='word_1_600' title='bbox 1828 4429 1992 4485; x_wconf 72' lang='grc' dir='ltr'><strong>’Ἄδελ</strong></span> <span class='ocrx_word' id='word_1_601' title='bbox 2049 4435 2261 4506; x_wconf 78' lang='grc' dir='ltr'><strong>βοώσης</strong></span> <span class='ocrx_word' id='word_1_602' title='bbox 2306 4430 2527 4486; x_wconf 76' lang='grc' dir='ltr'><strong>ἀκούειν</strong></span> <span class='ocrx_word' id='word_1_603' title='bbox 2562 4426 2734 4482; x_wconf 80' lang='grc' dir='ltr'><strong>είπών</strong></span> <span class='ocrx_word' id='word_1_604' title='bbox 2765 4443 2779 4457; x_wconf 79' lang='lat'>&#39;</span> <span class='ocrx_word' id='word_1_605' title='bbox 2828 4425 3036 4481; x_wconf 66' lang='grc' dir='ltr'><strong>ταὺτνν</strong></span> <span class='ocrx_word' id='word_1_606' title='bbox 3077 4423 3325 4494; x_wconf 76' lang='grc' dir='ltr'><strong>ἐκτεμὼν</strong></span> <span class='ocrx_word' id='word_1_607' title='bbox 3359 4423 3590 4485; x_wconf 68' lang='grc' dir='ltr'><strong>ἐκεῖνος,</strong></span> <span class='ocrx_word' id='word_1_608' title='bbox 3637 4420 3712 4487; x_wconf 82' lang='grc' dir='ltr'><strong>τῷ</strong></span> 
     </span>
    </p>
   </div>
   <div class='ocr_carea' id='block_1_88' title="bbox 434 4518 1412 4590">
    <p class='ocr_par' dir='ltr' id='par_1_88' title="bbox 434 4518 1412 4590">
     <span class='ocr_line' id='line_1_88' title="bbox 434 4518 1412 4590; baseline 0.002 -18"><span class='ocrx_word' id='word_1_609' title='bbox 434 4520 797 4590; x_wconf 78' lang='grc' dir='ltr'><strong>δεσμωτηρίῳ</strong></span> <span class='ocrx_word' id='word_1_610' title='bbox 820 4519 1007 4573; x_wconf 84' lang='grc' dir='ltr'><strong>τοῦτον</strong></span> <span class='ocrx_word' id='word_1_611' title='bbox 1033 4518 1412 4590; x_wconf 78' lang='grc' dir='ltr'><strong>παρέπεμψεν.</strong></span> 
     </span>
    </p>
   </div>
   <div class='ocr_carea' id='block_1_89' title="bbox 512 4609 2033 4690">
    <p class='ocr_par' dir='ltr' id='par_1_89' title="bbox 512 4615 2028 4690">
     <span class='ocr_line' id='line_1_89' title="bbox 512 4615 2028 4690; baseline 0.003 -17"><span class='ocrx_word' id='word_1_612' title='bbox 512 4617 594 4673; x_wconf 77' lang='grc' dir='ltr'><strong>η’.</strong></span> <span class='ocrx_word' id='word_1_613' title='bbox 634 4619 759 4671; x_wconf 72' lang='grc' dir='ltr'><strong>Ἐπὶ</strong></span> <span class='ocrx_word' id='word_1_614' title='bbox 813 4616 871 4670; x_wconf 77' lang='grc' dir='ltr'><strong>δὲ</strong></span> <span class='ocrx_word' id='word_1_615' title='bbox 912 4616 1007 4670; x_wconf 69' lang='grc' dir='ltr'><strong>τὸν</strong></span> <span class='ocrx_word' id='word_1_616' title='bbox 1035 4615 1327 4671; x_wconf 81' lang='grc' dir='ltr'><strong>θεσπέσιον</strong></span> <span class='ocrx_word' id='word_1_617' title='bbox 1399 4616 1740 4688; x_wconf 84' lang='grc' dir='ltr'><strong>’Δνδρόνικον</strong></span> <span class='ocrx_word' id='word_1_618' title='bbox 1788 4622 2028 4690; x_wconf 78' lang='grc' dir='ltr'><strong>μεταϐὰς</strong></span> 
     </span>
    </p>
   </div>
   <div class='ocr_carea' id='block_1_90' title="bbox 2136 4609 3715 4690">
    <p class='ocr_par' dir='ltr' id='par_1_90' title="bbox 2211 4609 3715 4674">
     <span class='ocr_line' id='line_1_90' title="bbox 2211 4609 3715 4674; baseline -0.005 -2"><span class='ocrx_word' id='word_1_619' title='bbox 2211 4618 2345 4674; x_wconf 75' lang='lat' dir='ltr'><strong>Vill.</strong></span> <span class='ocrx_word' id='word_1_620' title='bbox 2382 4616 2517 4672; x_wconf 86' lang='lat' dir='ltr'><strong>Cum</strong></span> <span class='ocrx_word' id='word_1_621' title='bbox 2562 4627 2691 4668; x_wconf 75' lang='lat' dir='ltr'><strong>vero</strong></span> <span class='ocrx_word' id='word_1_622' title='bbox 2720 4612 2788 4666; x_wconf 88' lang='lat' dir='ltr'><strong>ad</strong></span> <span class='ocrx_word' id='word_1_623' title='bbox 2819 4611 3079 4666; x_wconf 26' lang='lat' dir='ltr'><strong>divinum,</strong></span> <span class='ocrx_word' id='word_1_624' title='bbox 3101 4609 3407 4666; x_wconf 83' lang='lat' dir='ltr'><strong>transiisset</strong></span> <span class='ocrx_word' id='word_1_625' title='bbox 3436 4611 3715 4666; x_wconf 85' lang='lat' dir='ltr'><strong>Androni-</strong></span> 
     </span>
    </p>
   </div>
   <div class='ocr_carea' id='block_1_91' title="bbox 436 4701 2031 4782">
    <p class='ocr_par' dir='ltr' id='par_1_91' title="bbox 436 4701 2031 4782">
     <span class='ocr_line' id='line_1_91' title="bbox 436 4701 2031 4782; baseline 0.001 -17"><span class='ocrx_word' id='word_1_626' title='bbox 436 4714 534 4765; x_wconf 71' lang='grc' dir='ltr'><strong>καὶ</strong></span> <span class='ocrx_word' id='word_1_627' title='bbox 566 4714 632 4780; x_wconf 80' lang='grc' dir='ltr'><strong>τῇ</strong></span> <span class='ocrx_word' id='word_1_628' title='bbox 666 4710 834 4780; x_wconf 53' lang='grc' dir='ltr'><strong>πείρᾳ⁸</strong></span> <span class='ocrx_word' id='word_1_629' title='bbox 881 4707 1150 4771; x_wconf 81' lang='grc' dir='ltr'><strong>πεισθεὶς,</strong></span> <span class='ocrx_word' id='word_1_630' title='bbox 1185 4707 1261 4771; x_wconf 83' lang='grc' dir='ltr'>ὡς</span> <span class='ocrx_word' id='word_1_631' title='bbox 1292 4709 1402 4762; x_wconf 75' lang='grc' dir='ltr'><strong>πᾶν</strong></span> <span class='ocrx_word' id='word_1_632' title='bbox 1427 4701 1570 4772; x_wconf 79' lang='grc' dir='ltr'><strong>εἶδος</strong></span> <span class='ocrx_word' id='word_1_633' title='bbox 1601 4707 1839 4778; x_wconf 82' lang='grc' dir='ltr'><strong>βασάνου</strong></span> <span class='ocrx_word' id='word_1_634' title='bbox 1878 4712 2031 4782; x_wconf 85' lang='grc' dir='ltr'><strong>αὐτῷ</strong></span> 
     </span>
    </p>
   </div>
   <div class='ocr_carea' id='block_1_92' title="bbox 435 4798 2027 4877">
    <p class='ocr_par' dir='ltr' id='par_1_92' title="bbox 435 4798 2027 4877">
     <span class='ocr_line' id='line_1_92' title="bbox 435 4798 2027 4877; baseline -0.002 -16"><span class='ocrx_word' id='word_1_635' title='bbox 435 4804 726 4877; x_wconf 78' lang='grc' dir='ltr'><strong>ἄπρακτόν</strong></span> <span class='ocrx_word' id='word_1_636' title='bbox 751 4805 870 4857; x_wconf 72' lang='grc' dir='ltr'><strong>ἐστι</strong></span> <span class='ocrx_word' id='word_1_637' title='bbox 913 4802 1011 4856; x_wconf 65' lang='grc' dir='ltr'><strong>καὶ</strong></span> <span class='ocrx_word' id='word_1_638' title='bbox 1043 4801 1332 4870; x_wconf 81' lang='grc' dir='ltr'><strong>ἀνήνυτον,</strong></span> <span class='ocrx_word' id='word_1_639' title='bbox 1363 4800 1455 4854; x_wconf 71' lang='grc' dir='ltr'><strong>ἐπὶ</strong></span> <span class='ocrx_word' id='word_1_640' title='bbox 1481 4798 1581 4870; x_wconf 81' lang='grc' dir='ltr'><strong>τὴν</strong></span> <span class='ocrx_word' id='word_1_641' title='bbox 1614 4801 1832 4871; x_wconf 76' lang='grc' dir='ltr'><strong>ἀπάτην</strong></span> <span class='ocrx_word' id='word_1_642' title='bbox 1868 4803 2027 4875; x_wconf 72' lang='grc' dir='ltr'><strong>ἐτρά-</strong></span> 
     </span>
    </p>
   </div>
   <div class='ocr_carea' id='block_1_93' title="bbox 437 4892 2083 4966">
    <p class='ocr_par' dir='ltr' id='par_1_93' title="bbox 437 4892 2083 4966">
     <span class='ocr_line' id='line_1_93' title="bbox 437 4892 2083 4966; baseline -0.002 -15"><span class='ocrx_word' id='word_1_643' title='bbox 437 4915 541 4966; x_wconf 83' lang='grc' dir='ltr'><strong>πη,</strong></span> <span class='ocrx_word' id='word_1_644' title='bbox 568 4897 663 4949; x_wconf 80' lang='grc' dir='ltr'><strong>καὶ</strong></span> <span class='ocrx_word' id='word_1_645' title='bbox 693 4896 759 4966; x_wconf 79' lang='grc' dir='ltr'><strong>δὴ</strong></span> <span class='ocrx_word' id='word_1_646' title='bbox 808 4894 942 4966; x_wconf 72' lang='grc' dir='ltr'>πρὸς</span> <span class='ocrx_word' id='word_1_647' title='bbox 969 4894 1133 4946; x_wconf 73' lang='grc' dir='ltr'><strong>αὑτὸν</strong></span> <span class='ocrx_word' id='word_1_648' title='bbox 1162 4892 1290 4963; x_wconf 77' lang='grc' dir='ltr'><strong>ἔφη,</strong></span> <span class='ocrx_word' id='word_1_649' title='bbox 1322 4892 1539 4962; x_wconf 78' lang='grc' dir='ltr'><strong>Πρᾶξόν</strong></span> <span class='ocrx_word' id='word_1_650' title='bbox 1570 4909 1623 4945; x_wconf 85' lang='grc' dir='ltr'><strong>τι</strong></span> <span class='ocrx_word' id='word_1_651' title='bbox 1651 4892 1900 4956; x_wconf 74' lang='grc' dir='ltr'><strong>συνετὸν,</strong></span> <span class='ocrx_word' id='word_1_652' title='bbox 1932 4893 2031 4949; x_wconf 75' lang='grc' dir='ltr'><strong>καὶ</strong></span> <span class='ocrx_word' id='word_1_653' title='bbox 2080 4952 2083 4953; x_wconf 23' lang='grc' dir='ltr'>ν</span> 
     </span>
    </p>
   </div>
   <div class='ocr_carea' id='block_1_94' title="bbox 436 4984 2027 5059">
    <p class='ocr_par' dir='ltr' id='par_1_94' title="bbox 436 4984 2027 5059">
     <span class='ocr_line' id='line_1_94' title="bbox 436 4984 2027 5059; baseline -0.003 -16"><span class='ocrx_word' id='word_1_654' title='bbox 436 4992 603 5044; x_wconf 81' lang='grc' dir='ltr'><strong>θῦσον</strong></span> <span class='ocrx_word' id='word_1_655' title='bbox 628 4989 758 5059; x_wconf 88' lang='grc' dir='ltr'><strong>πρίν</strong></span> <span class='ocrx_word' id='word_1_656' title='bbox 789 5006 841 5041; x_wconf 85' lang='grc' dir='ltr'><strong>τι</strong></span> <span class='ocrx_word' id='word_1_657' title='bbox 869 4986 979 5041; x_wconf 84' lang='grc' dir='ltr'><strong>τῶν</strong></span> <span class='ocrx_word' id='word_1_658' title='bbox 1000 4985 1322 5055; x_wconf 77' lang='grc' dir='ltr'><strong>ἀνηκέστων</strong></span> <span class='ocrx_word' id='word_1_659' title='bbox 1361 4985 1581 5042; x_wconf 80' lang='grc' dir='ltr'><strong>παθεῖν.</strong></span> <span class='ocrx_word' id='word_1_660' title='bbox 1617 4984 1681 5037; x_wconf 92' lang='grc' dir='ltr'><strong>Τί</strong></span> <span class='ocrx_word' id='word_1_661' title='bbox 1704 4984 1814 5054; x_wconf 81' lang='grc' dir='ltr'><strong>γὰρ</strong></span> <span class='ocrx_word' id='word_1_662' title='bbox 1840 4987 1937 5040; x_wconf 76' lang='grc' dir='ltr'><strong>καὶ</strong></span> <span class='ocrx_word' id='word_1_663' title='bbox 1979 4987 2027 5039; x_wconf 85' lang='grc' dir='ltr'><strong>οἱ</strong></span> 
     </span>
    </p>
   </div>
   <div class='ocr_carea' id='block_1_95' title="bbox 437 5075 2030 5153">
    <p class='ocr_par' dir='ltr' id='par_1_95' title="bbox 437 5075 2030 5153">
     <span class='ocr_line' id='line_1_95' title="bbox 437 5075 2030 5153; baseline -0.006 -14"><span class='ocrx_word' id='word_1_664' title='bbox 437 5086 525 5139; x_wconf 70' lang='grc' dir='ltr'><strong>σοὶ</strong></span> <span class='ocrx_word' id='word_1_665' title='bbox 583 5084 793 5153; x_wconf 74' lang='grc' dir='ltr'><strong>ἑταῖροι</strong></span> <span class='ocrx_word' id='word_1_666' title='bbox 839 5082 940 5152; x_wconf 84' lang='grc' dir='ltr'><strong>τῆς</strong></span> <span class='ocrx_word' id='word_1_667' title='bbox 982 5078 1286 5141; x_wconf 69' lang='grc' dir='ltr'><strong>δνστάσεως</strong></span> <span class='ocrx_word' id='word_1_668' title='bbox 1334 5075 1517 5130; x_wconf 80' lang='grc' dir='ltr'><strong>αὐτῶν</strong></span> <span class='ocrx_word' id='word_1_669' title='bbox 1581 5075 1870 5131; x_wconf 85' lang='grc' dir='ltr'><strong>ἀπώναντο</strong></span> <span class='ocrx_word' id='word_1_670' title='bbox 1930 5077 2030 5146; x_wconf 79' lang='grc' dir='ltr'><strong>τῆς</strong></span> 
     </span>
    </p>
   </div>
   <div class='ocr_carea' id='block_1_96' title="bbox 439 5170 2025 5251">
    <p class='ocr_par' dir='ltr' id='par_1_96' title="bbox 439 5170 2025 5251">
     <span class='ocr_line' id='line_1_96' title="bbox 439 5170 2025 5251; baseline -0.008 -17"><span class='ocrx_word' id='word_1_671' title='bbox 439 5181 703 5251; x_wconf 84' lang='grc' dir='ltr'><strong>ματαίας,</strong></span> <span class='ocrx_word' id='word_1_672' title='bbox 746 5178 844 5247; x_wconf 67' lang='grc' dir='ltr'><strong>ὀψὲ</strong></span> <span class='ocrx_word' id='word_1_673' title='bbox 876 5178 969 5229; x_wconf 67' lang='grc' dir='ltr'><strong>καὶ</strong></span> <span class='ocrx_word' id='word_1_674' title='bbox 1002 5174 1164 5245; x_wconf 86' lang='grc' dir='ltr'><strong>μόγις</strong></span> <span class='ocrx_word' id='word_1_675' title='bbox 1201 5174 1342 5240; x_wconf 82' lang='grc' dir='ltr'><strong>μετὰ</strong></span> <span class='ocrx_word' id='word_1_676' title='bbox 1372 5171 1477 5236; x_wconf 69' lang='grc' dir='ltr'><strong>τὰς</strong></span> <span class='ocrx_word' id='word_1_677' title='bbox 1505 5171 1703 5235; x_wconf 71' lang='grc' dir='ltr'>πολλὰς</span> <span class='ocrx_word' id='word_1_678' title='bbox 1735 5170 2025 5242; x_wconf 80' lang='grc' dir='ltr'><strong>βασάνους,</strong></span> 
     </span>
    </p>
   </div>
   <div class='ocr_carea' id='block_1_97' title="bbox 437 5260 2029 5339">
    <p class='ocr_par' dir='ltr' id='par_1_97' title="bbox 437 5260 2029 5339">
     <span class='ocr_line' id='line_1_97' title="bbox 437 5260 2029 5339; baseline -0.005 -16"><span class='ocrx_word' id='word_1_679' title='bbox 437 5274 579 5339; x_wconf 79' lang='grc' dir='ltr'><strong>ὅπερ</strong></span> <span class='ocrx_word' id='word_1_680' title='bbox 610 5264 680 5338; x_wconf 76' lang='grc' dir='ltr'><strong>ἦν</strong></span> <span class='ocrx_word' id='word_1_681' title='bbox 727 5267 1011 5337; x_wconf 76' lang='grc' dir='ltr'><strong>συμφέρον</strong></span> <span class='ocrx_word' id='word_1_682' title='bbox 1057 5262 1488 5335; x_wconf 83' lang='grc' dir='ltr'><strong>μεταμαθόντες,</strong></span> <span class='ocrx_word' id='word_1_683' title='bbox 1530 5263 1626 5317; x_wconf 75' lang='grc' dir='ltr'><strong>καὶ</strong></span> <span class='ocrx_word' id='word_1_684' title='bbox 1677 5263 1805 5325; x_wconf 72' lang='grc' dir='ltr'>τοὺς</span> <span class='ocrx_word' id='word_1_685' title='bbox 1867 5260 2029 5323; x_wconf 75' lang='grc' dir='ltr'><strong>θεοὺς</strong></span> 
     </span>
    </p>
   </div>
   <div class='ocr_carea' id='block_1_98' title="bbox 439 5353 2032 5432">
    <p class='ocr_par' dir='ltr' id='par_1_98' title="bbox 439 5353 2032 5432">
     <span class='ocr_line' id='line_1_98' title="bbox 439 5353 2032 5432; baseline -0.004 -18"><span class='ocrx_word' id='word_1_686' title='bbox 439 5359 922 5432; x_wconf 77' lang='grc' dir='ltr'><strong>θεραπεύσαντες;</strong></span> <span class='ocrx_word' id='word_1_687' title='bbox 956 5359 1014 5411; x_wconf 86' lang='grc' dir='ltr'><strong>Ὀ</strong></span> <span class='ocrx_word' id='word_1_688' title='bbox 1040 5356 1097 5410; x_wconf 76' lang='grc' dir='ltr'><strong>δὲ</strong></span> <span class='ocrx_word' id='word_1_689' title='bbox 1118 5355 1468 5426; x_wconf 53' lang='grc' dir='ltr'><strong>τοῦηΧριστοῦ</strong></span> <span class='ocrx_word' id='word_1_690' title='bbox 1504 5354 1713 5424; x_wconf 85' lang='grc' dir='ltr'><strong>μάρτυς</strong></span> <span class='ocrx_word' id='word_1_691' title='bbox 1740 5353 1874 5423; x_wconf 65' lang='grc' dir='ltr'><strong>πρὸς</strong></span> <span class='ocrx_word' id='word_1_692' title='bbox 1898 5353 2032 5407; x_wconf 83' lang='grc' dir='ltr'><strong>ταῦ-</strong></span> 
     </span>
    </p>
   </div>
   <div class='ocr_carea' id='block_1_99' title="bbox 438 5443 2030 5517">
    <p class='ocr_par' dir='ltr' id='par_1_99' title="bbox 438 5443 2030 5517">
     <span class='ocr_line' id='line_1_99' title="bbox 438 5443 2030 5517; baseline -0.004 -15"><span class='ocrx_word' id='word_1_693' title='bbox 438 5466 532 5512; x_wconf 85' lang='grc' dir='ltr'><strong>τα,</strong></span> <span class='ocrx_word' id='word_1_694' title='bbox 566 5448 628 5502; x_wconf 81' lang='grc' dir='ltr'><strong>ΕΞ</strong></span> <span class='ocrx_word' id='word_1_695' title='bbox 661 5448 761 5517; x_wconf 75' lang='grc' dir='ltr'><strong>μὲν</strong></span> <span class='ocrx_word' id='word_1_696' title='bbox 791 5450 919 5517; x_wconf 73' lang='grc' dir='ltr'><strong>ἐμὲ,</strong></span> <span class='ocrx_word' id='word_1_697' title='bbox 952 5448 1106 5516; x_wconf 72' lang='grc' dir='ltr'><strong>φησὶ,</strong></span> <span class='ocrx_word' id='word_1_698' title='bbox 1139 5446 1388 5510; x_wconf 78' lang='grc' dir='ltr'><strong>ἔπεισας,</strong></span> <span class='ocrx_word' id='word_1_699' title='bbox 1422 5443 1708 5503; x_wconf 80' lang='grc' dir='ltr'><strong>κάκείνους</strong></span> <span class='ocrx_word' id='word_1_700' title='bbox 1740 5462 1797 5496; x_wconf 88' lang='grc' dir='ltr'><strong>π.</strong></span> <span class='ocrx_word' id='word_1_701' title='bbox 1812 5443 2030 5496; x_wconf 78' lang='grc' dir='ltr'><strong>πεῖσοαι</strong></span> 
     </span>
    </p>
   </div>
   <div class='ocr_carea' id='block_1_100' title="bbox 440 5536 2029 5608">
    <p class='ocr_par' dir='ltr' id='par_1_100' title="bbox 440 5536 2029 5608">
     <span class='ocr_line' id='line_1_100' title="bbox 440 5536 2029 5608; baseline -0.003 -13"><span class='ocrx_word' id='word_1_702' title='bbox 440 5542 707 5596; x_wconf 79' lang='grc' dir='ltr'><strong>πιστεύω.</strong></span> <span class='ocrx_word' id='word_1_703' title='bbox 750 5542 815 5594; x_wconf 76' lang='lat' dir='ltr'><strong>Et</strong></span> <span class='ocrx_word' id='word_1_704' title='bbox 860 5540 916 5594; x_wconf 78' lang='grc' dir='ltr'><strong>δὲ</strong></span> <span class='ocrx_word' id='word_1_705' title='bbox 971 5538 1204 5608; x_wconf 75' lang='grc' dir='ltr'><strong>ἀπειθὴς</strong></span> <span class='ocrx_word' id='word_1_706' title='bbox 1252 5537 1362 5605; x_wconf 70' lang='grc' dir='ltr'><strong>ἐγὼ</strong></span> <span class='ocrx_word' id='word_1_707' title='bbox 1398 5537 1501 5607; x_wconf 82' lang='grc' dir='ltr'><strong>(μὴ</strong></span> <span class='ocrx_word' id='word_1_708' title='bbox 1545 5536 1651 5606; x_wconf 74' lang='grc' dir='ltr'><strong>γὰρ</strong></span> <span class='ocrx_word' id='word_1_709' title='bbox 1687 5537 1751 5589; x_wconf 83' lang='grc' dir='ltr'><strong>άν</strong></span> <span class='ocrx_word' id='word_1_710' title='bbox 1785 5551 1916 5588; x_wconf 88' lang='grc' dir='ltr'><strong>ποτε</strong></span> <span class='ocrx_word' id='word_1_711' title='bbox 1935 5538 2029 5590; x_wconf 77' lang='grc' dir='ltr'><strong>ὲκ-</strong></span> 
     </span>
    </p>
   </div>
   <div class='ocr_carea' id='block_1_101' title="bbox 448 5626 2031 5705">
    <p class='ocr_par' dir='ltr' id='par_1_101' title="bbox 448 5626 2031 5705">
     <span class='ocr_line' id='line_1_101' title="bbox 448 5626 2031 5705; baseline -0.006 -18"><span class='ocrx_word' id='word_1_712' title='bbox 448 5633 646 5705; x_wconf 78' lang='grc' dir='ltr'><strong>σταίην</strong></span> <span class='ocrx_word' id='word_1_713' title='bbox 701 5631 967 5697; x_wconf 66' lang='grc' dir='ltr'><strong>ἐμαυτοῦ,</strong></span> <span class='ocrx_word' id='word_1_714' title='bbox 1014 5632 1150 5702; x_wconf 71' lang='grc' dir='ltr'><strong>μηδδ</strong></span> <span class='ocrx_word' id='word_1_715' title='bbox 1191 5628 1336 5682; x_wconf 77' lang='grc' dir='ltr'><strong>οὕτω</strong></span> <span class='ocrx_word' id='word_1_716' title='bbox 1391 5627 1701 5700; x_wconf 82' lang='grc' dir='ltr'><strong>μανείην),</strong></span> <span class='ocrx_word' id='word_1_717' title='bbox 1736 5626 1838 5696; x_wconf 77' lang='grc' dir='ltr'>τὴν</span> <span class='ocrx_word' id='word_1_718' title='bbox 1890 5627 2031 5697; x_wconf 72' lang='grc' dir='ltr'><strong>ἐμὴν</strong></span> 
     </span>
    </p>
   </div>
   <div class='ocr_carea' id='block_1_102' title="bbox 442 5714 2032 5795">
    <p class='ocr_par' dir='ltr' id='par_1_102' title="bbox 442 5714 2032 5795">
     <span class='ocr_line' id='line_1_102' title="bbox 442 5714 2032 5795; baseline -0.004 -17"><span class='ocrx_word' id='word_1_719' title='bbox 442 5724 676 5795; x_wconf 82' lang='grc' dir='ltr'><strong>γνώμην</strong></span> <span class='ocrx_word' id='word_1_720' title='bbox 715 5726 828 5794; x_wconf 56' lang='grc' dir='ltr'><strong>ἔχω</strong></span> <span class='ocrx_word' id='word_1_721' title='bbox 869 5726 967 5794; x_wconf 81' lang='grc' dir='ltr'><strong>τῆς</strong></span> <span class='ocrx_word' id='word_1_722' title='bbox 999 5723 1225 5777; x_wconf 78' lang='grc' dir='ltr'><strong>ἐκείνων</strong></span> <span class='ocrx_word' id='word_1_723' title='bbox 1270 5721 1596 5781; x_wconf 83' lang='grc' dir='ltr'><strong>εὐσταθείας</strong></span> <span class='ocrx_word' id='word_1_724' title='bbox 1625 5720 1900 5791; x_wconf 76' lang='grc' dir='ltr'><strong>ἐνέχυρον.</strong></span> <span class='ocrx_word' id='word_1_725' title='bbox 1938 5714 2032 5782; x_wconf 75' lang='grc' dir='ltr'><strong>Εἷς</strong></span> 
     </span>
    </p>
   </div>
   <div class='ocr_carea' id='block_1_103' title="bbox 441 5810 2031 5889">
    <p class='ocr_par' dir='ltr' id='par_1_103' title="bbox 441 5810 2031 5889">
     <span class='ocr_line' id='line_1_103' title="bbox 441 5810 2031 5889; baseline -0.005 -19"><span class='ocrx_word' id='word_1_726' title='bbox 441 5820 555 5889; x_wconf 63' lang='grc' dir='ltr'><strong>γὰρ</strong></span> <span class='ocrx_word' id='word_1_727' title='bbox 586 5820 647 5871; x_wconf 79' lang='grc' dir='ltr'><strong>ὲν</strong></span> <span class='ocrx_word' id='word_1_728' title='bbox 675 5820 842 5872; x_wconf 77' lang='grc' dir='ltr'><strong>πᾶσιν</strong></span> <span class='ocrx_word' id='word_1_729' title='bbox 868 5818 896 5869; x_wconf 86' lang='grc' dir='ltr'><strong>δ</strong></span> <span class='ocrx_word' id='word_1_730' title='bbox 942 5815 1175 5885; x_wconf 78' lang='grc' dir='ltr'><strong>εὐσεϐὴς</strong></span> <span class='ocrx_word' id='word_1_731' title='bbox 1226 5814 1507 5884; x_wconf 70' lang='grc' dir='ltr'><strong>λογισμὸς,</strong></span> <span class='ocrx_word' id='word_1_732' title='bbox 1552 5813 1674 5867; x_wconf 69' lang='grc' dir='ltr'><strong>ἐπεὶ</strong></span> <span class='ocrx_word' id='word_1_733' title='bbox 1706 5812 1803 5867; x_wconf 73' lang='grc' dir='ltr'><strong>καὶ</strong></span> <span class='ocrx_word' id='word_1_734' title='bbox 1831 5810 2031 5874; x_wconf 67' lang='grc' dir='ltr'><strong>πάντες</strong></span> 
     </span>
    </p>
   </div>
   <div class='ocr_carea' id='block_1_104' title="bbox 442 5904 2031 5983">
    <p class='ocr_par' dir='ltr' id='par_1_104' title="bbox 442 5904 2031 5983">
     <span class='ocr_line' id='line_1_104' title="bbox 442 5904 2031 5983; baseline -0.004 -19"><span class='ocrx_word' id='word_1_735' title='bbox 442 5913 505 5965; x_wconf 63' lang='grc' dir='ltr'><strong>ἓν</strong></span> <span class='ocrx_word' id='word_1_736' title='bbox 556 5914 725 5982; x_wconf 72' lang='grc' dir='ltr'><strong>ίσμεν</strong></span> <span class='ocrx_word' id='word_1_737' title='bbox 749 5913 807 5967; x_wconf 75' lang='grc' dir='ltr'><strong>ἐν</strong></span> <span class='ocrx_word' id='word_1_738' title='bbox 865 5910 1088 5983; x_wconf 78' lang='grc' dir='ltr'><strong>Χριστῷ</strong></span> <span class='ocrx_word' id='word_1_739' title='bbox 1142 5906 1347 5980; x_wconf 66' lang='grc' dir='ltr'><strong>Ἰησοῦ.</strong></span> <span class='ocrx_word' id='word_1_740' title='bbox 1390 5907 1532 5980; x_wconf 72' lang='grc' dir='ltr'><strong>Πρὸς</strong></span> <span class='ocrx_word' id='word_1_741' title='bbox 1580 5905 1754 5963; x_wconf 61' lang='grc' dir='ltr'><strong>ταῦτα</strong></span> <span class='ocrx_word' id='word_1_742' title='bbox 1792 5904 1955 5960; x_wconf 70' lang='grc' dir='ltr'><strong>πάλιν</strong></span> <span class='ocrx_word' id='word_1_743' title='bbox 2001 5907 2031 5958; x_wconf 83' lang='grc' dir='ltr'><strong>ό</strong></span> 
     </span>
    </p>
   </div>
   <div class='ocr_carea' id='block_1_105' title="bbox 2131 4701 3710 4776">
    <p class='ocr_par' dir='ltr' id='par_1_105' title="bbox 2131 4701 3710 4776">
     <span class='ocr_line' id='line_1_105' title="bbox 2131 4701 3710 4776; baseline -0.008 -6"><span class='ocrx_word' id='word_1_744' title='bbox 2131 4729 2280 4776; x_wconf 90' lang='lat' dir='ltr'><strong>cum,</strong></span> <span class='ocrx_word' id='word_1_745' title='bbox 2337 4720 2394 4764; x_wconf 88' lang='lat' dir='ltr'><strong>et</strong></span> <span class='ocrx_word' id='word_1_746' title='bbox 2441 4702 2780 4773; x_wconf 76' lang='lat' dir='ltr'><strong>experientia</strong></span> <span class='ocrx_word' id='word_1_747' title='bbox 2833 4716 3160 4773; x_wconf 86' lang='lat' dir='ltr'><strong>persuasum</strong></span> <span class='ocrx_word' id='word_1_748' title='bbox 3214 4701 3520 4764; x_wconf 79' lang='lat' dir='ltr'><strong>habuisset.</strong></span> <span class='ocrx_word' id='word_1_749' title='bbox 3565 4704 3710 4771; x_wconf 88' lang='lat' dir='ltr'><strong>quod</strong></span> 
     </span>
    </p>
   </div>
   <div class='ocr_carea' id='block_1_106' title="bbox 2131 4790 3712 4869">
    <p class='ocr_par' dir='ltr' id='par_1_106' title="bbox 2131 4790 3712 4869">
     <span class='ocr_line' id='line_1_106' title="bbox 2131 4790 3712 4869; baseline -0.006 -12"><span class='ocrx_word' id='word_1_750' title='bbox 2131 4815 2294 4857; x_wconf 81' lang='lat' dir='ltr'><strong>omne</strong></span> <span class='ocrx_word' id='word_1_751' title='bbox 2340 4810 2514 4869; x_wconf 75' lang='lat' dir='ltr'><strong>genus</strong></span> <span class='ocrx_word' id='word_1_752' title='bbox 2574 4792 2830 4847; x_wconf 80' lang='lat' dir='ltr'><strong>tormenti</strong></span> <span class='ocrx_word' id='word_1_753' title='bbox 2886 4799 3033 4847; x_wconf 83' lang='lat' dir='ltr'><strong>esset</strong></span> <span class='ocrx_word' id='word_1_754' title='bbox 3082 4790 3226 4860; x_wconf 88' lang='lat' dir='ltr'><strong>apud</strong></span> <span class='ocrx_word' id='word_1_755' title='bbox 3264 4805 3391 4844; x_wconf 88' lang='lat' dir='ltr'><strong>eum</strong></span> <span class='ocrx_word' id='word_1_756' title='bbox 3440 4790 3712 4857; x_wconf 81' lang='lat' dir='ltr'><strong>ineﬂicax,</strong></span> 
     </span>
    </p>
   </div>
   <div class='ocr_carea' id='block_1_107' title="bbox 2129 4878 3712 4949">
    <p class='ocr_par' dir='ltr' id='par_1_107' title="bbox 2129 4878 3712 4949">
     <span class='ocr_line' id='line_1_107' title="bbox 2129 4878 3712 4949; baseline -0.006 -3"><span class='ocrx_word' id='word_1_757' title='bbox 2129 4901 2431 4946; x_wconf 85' lang='lat' dir='ltr'><strong>comersus</strong></span> <span class='ocrx_word' id='word_1_758' title='bbox 2459 4892 2542 4938; x_wconf 86' lang='lat' dir='ltr'><strong>est</strong></span> <span class='ocrx_word' id='word_1_759' title='bbox 2575 4880 2641 4936; x_wconf 90' lang='lat' dir='ltr'><strong>ad</strong></span> <span class='ocrx_word' id='word_1_760' title='bbox 2668 4880 3075 4949; x_wconf 81' lang='lat' dir='ltr'><strong>deceptiouem,</strong></span> <span class='ocrx_word' id='word_1_761' title='bbox 3110 4889 3165 4935; x_wconf 89' lang='lat' dir='ltr'><strong>et</strong></span> <span class='ocrx_word' id='word_1_762' title='bbox 3196 4880 3247 4934; x_wconf 91' lang='lat' dir='ltr'><strong>ci</strong></span> <span class='ocrx_word' id='word_1_763' title='bbox 3280 4878 3457 4934; x_wconf 67' lang='lat' dir='ltr'><strong>dixit:</strong></span> <span class='ocrx_word' id='word_1_764' title='bbox 3492 4878 3633 4936; x_wconf 85' lang='lat' dir='ltr'><strong>Gere</strong></span> <span class='ocrx_word' id='word_1_765' title='bbox 3660 4891 3712 4937; x_wconf 80' lang='lat' dir='ltr'><strong>te</strong></span> 
     </span>
    </p>
   </div>
   <div class='ocr_carea' id='block_1_108' title="bbox 2129 4968 3710 5043">
    <p class='ocr_par' dir='ltr' id='par_1_108' title="bbox 2129 4968 3710 5043">
     <span class='ocr_line' id='line_1_108' title="bbox 2129 4968 3710 5043; baseline -0.006 -10"><span class='ocrx_word' id='word_1_766' title='bbox 2129 4979 2233 5033; x_wconf 86' lang='lat' dir='ltr'><strong>bac</strong></span> <span class='ocrx_word' id='word_1_767' title='bbox 2258 4976 2314 5032; x_wconf 92' lang='lat' dir='ltr'><strong>in</strong></span> <span class='ocrx_word' id='word_1_768' title='bbox 2348 4989 2408 5030; x_wconf 90' lang='lat' dir='ltr'><strong>re</strong></span> <span class='ocrx_word' id='word_1_769' title='bbox 2435 4972 2736 5043; x_wconf 87' lang='lat' dir='ltr'><strong>sapienter,</strong></span> <span class='ocrx_word' id='word_1_770' title='bbox 2764 4978 2821 5025; x_wconf 87' lang='lat' dir='ltr'><strong>et</strong></span> <span class='ocrx_word' id='word_1_771' title='bbox 2853 4968 3123 5029; x_wconf 79' lang='lat' dir='ltr'><strong>sacriﬁca,</strong></span> <span class='ocrx_word' id='word_1_772' title='bbox 3150 4969 3474 5038; x_wconf 85' lang='lat' dir='ltr'><strong>priusquam</strong></span> <span class='ocrx_word' id='word_1_773' title='bbox 3505 4970 3710 5040; x_wconf 75' lang='lat' dir='ltr'><strong>gravis-</strong></span> 
     </span>
    </p>
   </div>
   <div class='ocr_carea' id='block_1_109' title="bbox 2130 5059 3712 5131">
    <p class='ocr_par' dir='ltr' id='par_1_109' title="bbox 2130 5059 3712 5131">
     <span class='ocr_line' id='line_1_109' title="bbox 2130 5059 3712 5131; baseline -0.007 -5"><span class='ocrx_word' id='word_1_774' title='bbox 2130 5070 2355 5131; x_wconf 86' lang='lat' dir='ltr'><strong>simum,</strong></span> <span class='ocrx_word' id='word_1_775' title='bbox 2402 5075 2459 5121; x_wconf 88' lang='lat' dir='ltr'><strong>et</strong></span> <span class='ocrx_word' id='word_1_776' title='bbox 2506 5064 2592 5119; x_wconf 90' lang='lat' dir='ltr'><strong>cui</strong></span> <span class='ocrx_word' id='word_1_777' title='bbox 2644 5062 2858 5117; x_wconf 88' lang='lat' dir='ltr'><strong>nullum</strong></span> <span class='ocrx_word' id='word_1_778' title='bbox 2894 5061 3001 5116; x_wconf 88' lang='lat' dir='ltr'><strong>erit</strong></span> <span class='ocrx_word' id='word_1_779' title='bbox 3060 5059 3384 5126; x_wconf 84' lang='lat' dir='ltr'><strong>remedium,</strong></span> <span class='ocrx_word' id='word_1_780' title='bbox 3433 5061 3712 5131; x_wconf 83' lang='lat' dir='ltr'><strong>quippiam</strong></span> 
     </span>
    </p>
   </div>
   <div class='ocr_carea' id='block_1_110' title="bbox 2130 5153 3711 5234">
    <p class='ocr_par' dir='ltr' id='par_1_110' title="bbox 2130 5153 3711 5234">
     <span class='ocr_line' id='line_1_110' title="bbox 2130 5153 3711 5234; baseline -0.006 -18"><span class='ocrx_word' id='word_1_781' title='bbox 2130 5162 2381 5234; x_wconf 83' lang='lat' dir='ltr'><strong>patiaris.</strong></span> <span class='ocrx_word' id='word_1_782' title='bbox 2418 5158 2558 5225; x_wconf 84' lang='lat' dir='ltr'><strong>Quid</strong></span> <span class='ocrx_word' id='word_1_783' title='bbox 2588 5157 2734 5212; x_wconf 81' lang='lat' dir='ltr'><strong>enim</strong></span> <span class='ocrx_word' id='word_1_784' title='bbox 2762 5153 3040 5210; x_wconf 81' lang='lat' dir='ltr'><strong>commodi</strong></span> <span class='ocrx_word' id='word_1_785' title='bbox 3065 5163 3405 5226; x_wconf 24' lang='lat' dir='ltr'><strong>“acceperunt</strong></span> <span class='ocrx_word' id='word_1_786' title='bbox 3438 5155 3603 5210; x_wconf 84' lang='lat' dir='ltr'><strong>amici</strong></span> <span class='ocrx_word' id='word_1_787' title='bbox 3637 5158 3711 5212; x_wconf 85' lang='lat' dir='ltr'><strong>tui</strong></span> 
     </span>
    </p>
   </div>
   <div class='ocr_carea' id='block_1_111' title="bbox 2130 5246 3711 5316">
    <p class='ocr_par' dir='ltr' id='par_1_111' title="bbox 2130 5246 3711 5316">
     <span class='ocr_line' id='line_1_111' title="bbox 2130 5246 3711 5316; baseline -0.006 -7"><span class='ocrx_word' id='word_1_788' title='bbox 2130 5270 2199 5310; x_wconf 76' lang='lat' dir='ltr'><strong>ex</strong></span> <span class='ocrx_word' id='word_1_789' title='bbox 2246 5268 2384 5307; x_wconf 74' lang='lat' dir='ltr'><strong>rana</strong></span> <span class='ocrx_word' id='word_1_790' title='bbox 2434 5265 2535 5307; x_wconf 85' lang='lat' dir='ltr'><strong>sua</strong></span> <span class='ocrx_word' id='word_1_791' title='bbox 2581 5248 2912 5309; x_wconf 83' lang='lat' dir='ltr'><strong>constantia,</strong></span> <span class='ocrx_word' id='word_1_792' title='bbox 2968 5247 3060 5316; x_wconf 89' lang='lat' dir='ltr'><strong>qui</strong></span> <span class='ocrx_word' id='word_1_793' title='bbox 3117 5246 3336 5301; x_wconf 86' lang='lat' dir='ltr'><strong>tandem</strong></span> <span class='ocrx_word' id='word_1_794' title='bbox 3371 5256 3494 5316; x_wconf 80' lang='lat' dir='ltr'><strong>post</strong></span> <span class='ocrx_word' id='word_1_795' title='bbox 3544 5246 3711 5301; x_wconf 81' lang='lat' dir='ltr'><strong>multa</strong></span> 
     </span>
    </p>
   </div>
   <div class='ocr_carea' id='block_1_112' title="bbox 2133 5337 3710 5409">
    <p class='ocr_par' dir='ltr' id='par_1_112' title="bbox 2133 5337 3710 5409">
     <span class='ocr_line' id='line_1_112' title="bbox 2133 5337 3710 5409; baseline -0.007 -7"><span class='ocrx_word' id='word_1_796' title='bbox 2133 5356 2403 5404; x_wconf 88' lang='lat' dir='ltr'><strong>tormenta</strong></span> <span class='ocrx_word' id='word_1_797' title='bbox 2430 5342 2682 5400; x_wconf 81' lang='lat' dir='ltr'><strong>conversi</strong></span> <span class='ocrx_word' id='word_1_798' title='bbox 2716 5339 3028 5396; x_wconf 88' lang='lat' dir='ltr'><strong>didicerunt</strong></span> <span class='ocrx_word' id='word_1_799' title='bbox 3052 5338 3196 5408; x_wconf 89' lang='lat' dir='ltr'><strong>quod</strong></span> <span class='ocrx_word' id='word_1_800' title='bbox 3231 5338 3333 5394; x_wconf 82' lang='lat' dir='ltr'><strong>sibi</strong></span> <span class='ocrx_word' id='word_1_801' title='bbox 3364 5337 3710 5409; x_wconf 76' lang='lat' dir='ltr'><strong>expediebat,</strong></span> 
     </span>
    </p>
   </div>
   <div class='ocr_carea' id='block_1_113' title="bbox 2131 5430 3708 5503">
    <p class='ocr_par' dir='ltr' id='par_1_113' title="bbox 2131 5430 3708 5503">
     <span class='ocr_line' id='line_1_113' title="bbox 2131 5430 3708 5503; baseline -0.01 -6"><span class='ocrx_word' id='word_1_802' title='bbox 2131 5450 2187 5497; x_wconf 83' lang='lat' dir='ltr'><strong>et</strong></span> <span class='ocrx_word' id='word_1_803' title='bbox 2212 5441 2342 5497; x_wconf 80' lang='lat' dir='ltr'><strong>deos</strong></span> <span class='ocrx_word' id='word_1_804' title='bbox 2386 5433 2717 5493; x_wconf 84' lang='lat' dir='ltr'><strong>coluerunt?</strong></span> <span class='ocrx_word' id='word_1_805' title='bbox 2742 5433 2821 5486; x_wconf 87' lang='lat' dir='ltr'><strong>Ad</strong></span> <span class='ocrx_word' id='word_1_806' title='bbox 2857 5430 2974 5487; x_wconf 69' lang='lat' dir='ltr'><strong>haec</strong></span> <span class='ocrx_word' id='word_1_807' title='bbox 3014 5441 3194 5484; x_wconf 88' lang='lat' dir='ltr'><strong>autem</strong></span> <span class='ocrx_word' id='word_1_808' title='bbox 3231 5430 3432 5485; x_wconf 87' lang='lat' dir='ltr'><strong>Christi</strong></span> <span class='ocrx_word' id='word_1_809' title='bbox 3467 5437 3708 5503; x_wconf 73' lang='lat' dir='ltr'><strong>martyr:</strong></span> 
     </span>
    </p>
   </div>
   <div class='ocr_carea' id='block_1_114' title="bbox 2131 5520 3708 5599">
    <p class='ocr_par' dir='ltr' id='par_1_114' title="bbox 2131 5520 3708 5599">
     <span class='ocr_line' id='line_1_114' title="bbox 2131 5520 3708 5599; baseline -0.008 -11"><span class='ocrx_word' id='word_1_810' title='bbox 2131 5534 2187 5588; x_wconf 86' lang='lat' dir='ltr'><strong>Si</strong></span> <span class='ocrx_word' id='word_1_811' title='bbox 2239 5530 2369 5586; x_wconf 84' lang='lat' dir='ltr'><strong>mihi</strong></span> <span class='ocrx_word' id='word_1_812' title='bbox 2416 5527 2660 5599; x_wconf 88' lang='lat' dir='ltr'><strong>quidem,</strong></span> <span class='ocrx_word' id='word_1_813' title='bbox 2696 5524 2895 5593; x_wconf 76' lang='lat' dir='ltr'><strong>inquit,</strong></span> <span class='ocrx_word' id='word_1_814' title='bbox 2930 5520 3271 5591; x_wconf 85' lang='lat' dir='ltr'><strong>persuasisti,</strong></span> <span class='ocrx_word' id='word_1_815' title='bbox 3324 5521 3446 5575; x_wconf 87' lang='lat' dir='ltr'><strong>illos</strong></span> <span class='ocrx_word' id='word_1_816' title='bbox 3493 5535 3708 5592; x_wconf 66' lang='lat' dir='ltr'><strong>quoque</strong></span> 
     </span>
    </p>
   </div>
   <div class='ocr_carea' id='block_1_115' title="bbox 2130 5616 3710 5690">
    <p class='ocr_par' dir='ltr' id='par_1_115' title="bbox 2130 5616 3710 5690">
     <span class='ocr_line' id='line_1_115' title="bbox 2130 5616 3710 5690; baseline -0.007 -11"><span class='ocrx_word' id='word_1_817' title='bbox 2130 5622 2498 5680; x_wconf 79' lang='lat' dir='ltr'><strong>credo-fuisse</strong></span> <span class='ocrx_word' id='word_1_818' title='bbox 2546 5632 2857 5690; x_wconf 85' lang='lat' dir='ltr'><strong>persuasos.</strong></span> <span class='ocrx_word' id='word_1_819' title='bbox 2915 5616 3008 5669; x_wconf 72' lang='lat' dir='ltr'><strong>Sin</strong></span> <span class='ocrx_word' id='word_1_820' title='bbox 3040 5622 3223 5670; x_wconf 86' lang='lat' dir='ltr'><strong>autem</strong></span> <span class='ocrx_word' id='word_1_821' title='bbox 3279 5630 3380 5686; x_wconf 75' lang='lat' dir='ltr'><strong>ego</strong></span> <span class='ocrx_word' id='word_1_822' title='bbox 3431 5629 3543 5669; x_wconf 84' lang='lat' dir='ltr'><strong>non</strong></span> <span class='ocrx_word' id='word_1_823' title='bbox 3589 5628 3710 5669; x_wconf 88' lang='lat' dir='ltr'><strong>sum</strong></span> 
     </span>
    </p>
   </div>
   <div class='ocr_carea' id='block_1_116' title="bbox 2131 5707 3712 5787">
    <p class='ocr_par' dir='ltr' id='par_1_116' title="bbox 2131 5707 3712 5787">
     <span class='ocr_line' id='line_1_116' title="bbox 2131 5707 3712 5787; baseline -0.007 -16"><span class='ocrx_word' id='word_1_824' title='bbox 2131 5729 2424 5787; x_wconf 88' lang='lat' dir='ltr'><strong>persuasus</strong></span> <span class='ocrx_word' id='word_1_825' title='bbox 2459 5711 2623 5782; x_wconf 81' lang='lat' dir='ltr'><strong>(absit</strong></span> <span class='ocrx_word' id='word_1_826' title='bbox 2677 5708 2823 5763; x_wconf 84' lang='lat' dir='ltr'><strong>enim</strong></span> <span class='ocrx_word' id='word_1_827' title='bbox 2880 5717 2939 5763; x_wconf 86' lang='lat' dir='ltr'><strong>ut</strong></span> <span class='ocrx_word' id='word_1_828' title='bbox 2983 5723 3084 5779; x_wconf 81' lang='lat' dir='ltr'><strong>ego</strong></span> <span class='ocrx_word' id='word_1_829' title='bbox 3146 5722 3389 5776; x_wconf 86' lang='lat' dir='ltr'><strong>unquam</strong></span> <span class='ocrx_word' id='word_1_830' title='bbox 3451 5707 3529 5760; x_wconf 84' lang='lat' dir='ltr'><strong>ita</strong></span> <span class='ocrx_word' id='word_1_831' title='bbox 3563 5720 3593 5759; x_wconf 85' lang='lat' dir='ltr'><strong>a</strong></span> <span class='ocrx_word' id='word_1_832' title='bbox 3630 5722 3712 5760; x_wconf 88' lang='lat' dir='ltr'><strong>me</strong></span> 
     </span>
    </p>
   </div>
   <div class='ocr_carea' id='block_1_117' title="bbox 2131 5798 3711 5872">
    <p class='ocr_par' dir='ltr' id='par_1_117' title="bbox 2131 5798 3711 5872">
     <span class='ocr_line' id='line_1_117' title="bbox 2131 5798 3711 5872; baseline -0.007 -9"><span class='ocrx_word' id='word_1_833' title='bbox 2131 5806 2412 5864; x_wconf 84' lang='lat' dir='ltr'><strong>discedam</strong></span> <span class='ocrx_word' id='word_1_834' title='bbox 2444 5814 2499 5860; x_wconf 89' lang='lat' dir='ltr'><strong>et</strong></span> <span class='ocrx_word' id='word_1_835' title='bbox 2527 5804 2665 5859; x_wconf 87' lang='lat' dir='ltr'><strong>adeo</strong></span> <span class='ocrx_word' id='word_1_836' title='bbox 2697 5801 3026 5872; x_wconf 88' lang='lat' dir='ltr'><strong>insaniam!)</strong></span> <span class='ocrx_word' id='word_1_837' title='bbox 3079 5798 3255 5856; x_wconf 82' lang='lat' dir='ltr'><strong>habeo</strong></span> <span class='ocrx_word' id='word_1_838' title='bbox 3282 5814 3458 5855; x_wconf 85' lang='lat' dir='ltr'><strong>meam</strong></span> <span class='ocrx_word' id='word_1_839' title='bbox 3489 5807 3711 5857; x_wconf 81' lang='lat' dir='ltr'><strong>senten-</strong></span> 
     </span>
    </p>
   </div>
   <div class='ocr_carea' id='block_1_118' title="bbox 2133 5891 3704 5971">
    <p class='ocr_par' dir='ltr' id='par_1_118' title="bbox 2133 5891 3704 5971">
     <span class='ocr_line' id='line_1_118' title="bbox 2133 5891 3704 5971; baseline -0.007 -14"><span class='ocrx_word' id='word_1_840' title='bbox 2133 5902 2259 5957; x_wconf 86' lang='lat' dir='ltr'><strong>tiam</strong></span> <span class='ocrx_word' id='word_1_841' title='bbox 2294 5898 2490 5971; x_wconf 72' lang='lat' dir='ltr'><strong>pignus</strong></span> <span class='ocrx_word' id='word_1_842' title='bbox 2534 5896 2748 5953; x_wconf 87' lang='lat' dir='ltr'><strong>illorum</strong></span> <span class='ocrx_word' id='word_1_843' title='bbox 2801 5894 3147 5952; x_wconf 68' lang='lat' dir='ltr'><strong>constantiae.</strong></span> <span class='ocrx_word' id='word_1_844' title='bbox 3192 5893 3321 5951; x_wconf 86' lang='lat' dir='ltr'><strong>Uua.</strong></span> <span class='ocrx_word' id='word_1_845' title='bbox 3346 5903 3428 5951; x_wconf 90' lang='lat' dir='ltr'><strong>est</strong></span> <span class='ocrx_word' id='word_1_846' title='bbox 3458 5891 3605 5948; x_wconf 89' lang='lat' dir='ltr'><strong>enim</strong></span> <span class='ocrx_word' id='word_1_847' title='bbox 3652 5892 3704 5946; x_wconf 84' lang='lat' dir='ltr'><strong>in</strong></span> 
     </span>
    </p>
   </div>
  </div>
