4110 6468
412 424 551 491 1075
1743 423 2027 484 MENSIS

2064 423 2430 487 OCTOBER.
3004 446 3007 449 ν
3547 410 3687 478 1075

407 544 669 600 erunibus
722 543 811 614 pia
878 541 1156 611 cogitatio,
1217 540 1477 611 quoniam
1538 553 1729 596 omnes
1777 554 2030 611 quoque,

2066 540 2390 612 ,τύραννος,
2439 538 2544 592 ὑπὸ
2586 540 2683 608 τῆς
2737 538 2908 609 ὀργῆς
2946 534 3248 606 εέκμανεὶς,
3291 532 3503 595 καιναῖς
3542 547 3689 583 ἰσιν

406 651 579 693 unum
614 649 806 690 sumus
834 632 889 687 in
919 632 1143 688 Christo
1181 630 1334 688 Jesu.
1369 631 1464 687 llis
1498 640 1765 704 tyrannus
1798 647 1992 687 rursus

2097 632 2359 702 ἑμὸαλεῖν
2396 630 2653 701 βασάνοις
2688 629 2853 684 αὐτὸν
2879 628 3116 699 ἠπείλει.
3145 628 3258 680 Καὶ
3297 626 3414 695 ἃμα
3468 623 3688 693 νεύροις

404 731 489 785 ira
523 729 785 799 percitus,
820 727 1062 781 minatus
1112 734 1200 781 est
1243 739 1302 780 se
1348 741 1474 780 eum
1521 725 1574 779 in
1630 724 1993 781 intolerabilia

2097 723 2513 795 ἀπεσκληκόσιν
2544 725 2635 776 ἐπὶ
2662 722 2798 776 πολὺ
2832 721 3086 795 σφοδρῶς
3122 718 3549 787 μαστιζόμενος,
3589 716 3689 768 καὶ

406 827 785 896 coniecturum
822 831 1120 879 tormenta.
1169 822 1238 878 Et
1264 822 1447 878 statim
1480 821 1631 877 duris
1677 820 1840 876 simul
1870 835 1994 875 ner-

2093 813 2444 883 ὁλοσώματος
2473 814 2660 885 πληγὴ
2690 811 2958 881 γεγονὼς,
2997 810 3234 896 γελάσας
3278 803 3431 862 εἶπεν
3455 809 3483 861 ὁ
3512 806 3688 875 ἀθλη-

405 920 489 973 vis
516 895 878 972 vehementer
926 924 1013 972 est
1061 916 1389 987 ﬂagellatus,
1441 924 1497 969 et
1544 923 1803 985 perpetua
1839 914 1992 984 plaga

2092 908 2216 978 τής·
2258 906 2507 976 Ἐψεύσω
2531 907 2628 969 τὰς
2663 907 2762 969 σὰς
2792 903 3048 966 ἀπειλάς,
3079 895 3124 954 ὦ
3145 899 3397 963 δικαστέι,
3431 898 3687 952 καινότε-

404 1011 583 1065 factus
648 1024 747 1078 per
808 1015 982 1063 totum
1046 1022 1282 1077 corpus,
1366 1015 1497 1061 tunc
1572 1005 1778 1069 ridens,
1859 1005 1997 1061 dixit

2097 1020 2190 1073 ρον
2242 999 2533 1069 ὲπινοῆσαί
2585 1016 2639 1052 τι
2673 999 2748 1069 μὴ
2787 997 3059 1068 δυνηθεὶς,
3096 994 3236 1049 ἀλλὰ
3267 994 3396 1063 περὶ
3426 993 3494 1045 ta
3543 991 3714 1100 αύῐὰς

408 1101 654 1156 athleta:
690 1098 845 1155 Falsa
896 1099 1142 1163 fuerunt,
1175 1115 1208 1153 ο
1235 1097 1427 1169 judex,
1465 1114 1528 1152 ea
1559 1114 1680 1168 quae
1712 1112 1773 1151 es
1817 1097 1994 1151 mina-

2095 1096 2261 1149 πάλιν
2291 1094 2384 1148 καὶ
2412 1094 2504 1146 ἴσα
2550 1094 2881 1163 περιχωρεϊς
2911 1089 3271 1158 κολαστήρια.
3305 1086 3558 1155 Νομίσας
3587 1086 3687 1136 οὖν

408 1202 516 1256 tus,
545 1207 670 1247 cum
720 1206 829 1245 non
866 1189 1114 1261 potueris
1158 1190 1358 1258 aliquid
1406 1189 1533 1244 novi
1584 1190 1892 1260 excogitare
1924 1188 1993 1243 ad

2093 1189 2121 1244 ὁ
2155 1187 2387 1251 δικάζων
2416 1184 2624 1237 πλείονι
2656 1182 2971 1254 περιϐαλεῖν
3003 1180 3169 1252 ὀδύνῃ
3213 1179 3307 1232 τὸν
3353 1177 3537 1247 ἅγιον,
3588 1175 3688 1228 καὶ

408 1283 781 1353 superandum
808 1292 1025 1353 potens,
1055 1283 1150 1337 sed
1179 1296 1372 1336 rursus
1406 1283 1550 1336 circa
1579 1282 1729 1352 paria
1754 1281 1993 1336 verseris

2097 1280 2283 1349 ἅλμην
2336 1276 2535 1331 πολλοῦ
2599 1276 2886 1347 κράματος
2924 1270 3245 1343 γενομένου,
3293 1270 3404 1323 τῶν
3457 1269 3687 1340 πληγῶν

407 1375 700 1447 supplicia.
728 1374 1065 1429 Existimans
1093 1374 1274 1443 itaque
1315 1374 1479 1443 judex
1514 1390 1573 1429 se
1600 1385 1849 1428 sanctum
1880 1390 1996 1427 ma-

2094 1372 2306 1426 ὲκείνου
2364 1370 2737 1441 καταχεοῆναι
2793 1369 3035 1423 κελεύει.
3082 1367 3141 1420 ’0
3175 1366 3233 1419 δὲ
3286 1365 3497 1435 μάρτυς
3550 1362 3689 1431 φησὶ

403 1466 511 1534 jori
579 1465 769 1519 dolore
832 1462 1182 1525 alIecturum,
1241 1463 1398 1531 jubet
1460 1464 1755 1534 plurimum
1806 1463 1995 1517 muriae

2095 1465 2235 1536 πρὸς
2284 1464 2450 1518 αὐτόν
2480 1481 2494 1495 ·
2555 1462 2644 1526 Ὠς
2708 1463 2756 1516 εί
2797 1463 2894 1516 καὶ
2947 1462 3074 1523 τοὺς
3124 1461 3339 1531 δριμεῖς
3390 1457 3525 1519 ἃλας
3564 1457 3689 1523 ταῖς

407 1552 617 1608 ell‘undi
668 1554 722 1609 iu
778 1554 965 1624 plagas
1018 1553 1184 1609 illius.
1236 1553 1293 1607 Ei
1336 1563 1517 1609 autem
1568 1554 1702 1610 dicit
1752 1567 1992 1627 martyr:

2096 1557 2334 1628 πληγαῖς
2367 1553 2772 1609 ἐπιπάττεσθαί
2812 1570 2916 1625 μου
2950 1551 3195 1614 κελεύεις
3228 1550 3436 1619 πονερᾷ
3465 1546 3687 1619 γνώμῃ,

407 1644 633 1700 Etiamsi
683 1659 864 1701 acrem
915 1646 1083 1701 salem
1130 1646 1292 1716 jubes
1341 1647 1477 1702 meis
1537 1648 1705 1719 plagis
1755 1649 1992 1720 inspergi

2095 1649 2214 1704 ἀλλ’
2248 1649 2361 1703 ἷσθι
2387 1648 2463 1719 μὴ
2491 1648 2812 1720 δριμύττειν
2845 1645 3049 1717 μᾶλλον
3069 1643 3214 1698 οὕτω
3240 1641 3430 1708 ποιῶν,
3466 1638 3601 1694 ἀλλὰ
3623 1640 3689 1693 τὸ

406 1736 553 1791 malo
602 1736 807 1803 animo,
859 1737 1003 1793 scias
1052 1745 1234 1792 tamen
1282 1747 1335 1793 te
1383 1754 1495 1793 non
1548 1738 1672 1793 ideo
1725 1740 1991 1795 acriori-nr

2097 1741 2345 1811 ἄσηπτόν
2393 1757 2497 1811 μου
2541 1739 2620 1811 τῷ
2654 1740 2868 1811 σώματι
2907 1736 3190 1809 προξενῶν
3216 1752 3230 1768 ·
3255 1736 3390 1806 ὁρᾷς
3438 1733 3547 1804 γὰρ
3593 1732 3690 1785 καὶ

406 1828 540 1883 mihi
574 1828 777 1884 inferre
810 1830 1077 1895 dolorem,
1127 1832 1220 1885 sed
1268 1831 1500 1886 reddere
1543 1847 1726 1887 meum
1792 1848 1994 1903 corpus

2100 1835 2261 1899 αὐτὸς
2313 1835 2388 1897 ὡς
2437 1834 2559 1898 ὅλος
2607 1833 2688 1886 ὣν
2737 1832 3087 1905 τραυματίας
3135 1832 3200 1884 ὲκ
3245 1829 3356 1883 τῶν
3403 1826 3690 1898 προτέρων

406 1917 645 1972 alienum
680 1933 710 1973 a
743 1921 1047 1989 putredine.
1083 1919 1218 1975 Nam
1251 1921 1367 1992 ipse
1394 1938 1612 1994 quoque
1640 1925 1792 1980 vides
1814 1898 1983 1996 quod,
2028 1940 2029 1947 ‘

2097 1927 2347 1995 πληγῶν,
2372 1925 2532 1989 ἄλλος
2563 1898 2830 1997 φαίνομαι
2856 1898 2971 1989 νῦν,
3018 1924 3146 1978 οὐδὲ
3193 1921 3370 1993 βραχύ
3395 1939 3448 1973 τι
3480 1921 3690 1990 στίγμα

410 2024 536 2065 cum
570 2010 674 2065 slm
708 2019 856 2066 totus
892 2013 1218 2068 vulneratus
1255 2030 1285 2068 a
1319 2014 1594 2084 prioribus
1630 2017 1821 2088 plagis,
1853 2019 1994 2074 alius

2097 2019 2282 2090 φέρων
2325 2020 2384 2073 ὲν
2424 2019 2672 2090 ἐμαυτῷ,
2726 2022 2792 2090 τῇ
2833 2019 2928 2073 τοῦ
2982 2017 3117 2089 ἐμοῦ
3166 2015 3403 2086 Χριστοῦ
3459 2013 3690 2084 δυνάμει

303 2134 315 2146 ι
406 2116 557 2156 nunc
599 2117 858 2172 appareo,
892 2118 962 2158 ne
1004 2103 1289 2160 minimam
1339 2106 1559 2175 quidem
1593 2118 1777 2162 notam
1820 2109 1926 2164 inr

1209 2121 1289 2160 am
1339 2106 1559 2175 quidem
1593 2118 1777 2162 notam
1820 2109 1877 2162 in
1908 2125 1996 2164 me
2099 2112 2420 2184 παραδόξως
2449 2111 2832 2184 μεταϐληθείς.

407 2192 618 2257 ferens,
654 2193 860 2249 Clu-isti
896 2196 1003 2249 mei
1054 2197 1258 2252 virtute
1302 2207 1547 2254 mutatus
1574 2199 1992 2259 admirabiliter.
2218 2187 2227 2196 ’
2764 2206 2767 2209 ’

483 2282 580 2338 IX.
623 2283 720 2339 llis
763 2286 969 2353 verbis,
1017 2287 1187 2341 veluti
1215 2290 1449 2359 quodam
1486 2292 1726 2358 stimulo,
1760 2305 1997 2364 punctus

2171 2294 2250 2347 8’.
2280 2290 2509 2355 Τούτοις
2552 2292 2664 2355 τοῖς
2708 2291 2951 2362 ῥήμασιν
2984 2289 3151 2342 οἱονεὶ
3199 2286 3414 2359 κέντρῳ
3459 2286 3691 2357 πληγεὶς

404 2374 594 2445 judex,
628 2373 884 2429 saeviebat
910 2375 965 2430 in
996 2377 1300 2445 ministros,
1329 2394 1434 2434 nec
1463 2390 1678 2451 poterat
1701 2383 1996 2439 contineri.

2102 2387 2130 2439 ὁ
2152 2384 2413 2449 δικάζων,
2438 2384 2677 2457 χαλεπὸς
2705 2379 2774 2455 ἦν
2793 2383 2934 2436 κατὰ
2955 2382 3066 2435 τῶν
3084 2380 3574 2452 ὑπηρετουμένων,
3598 2381 3695 2433 καὶ

412 2466 771 2521 Existimabat
815 2467 962 2523 enirn
997 2470 1520 2536 medicos,latenter
1566 2473 1862 2545 ingressos,
1895 2491 1998 2531 cu-

2100 2480 2307 2552 ἥκιστα
2351 2478 2645 2539 καθεκτὸς.
2691 2476 2945 2546 Ἐνόμισε
2977 2475 3084 2545 γὰρ
3132 2473 3334 2543 ἰατρῶν
3373 2472 3574 2535 παῖδας
3607 2472 3696 2524 λε-

412 2571 530 2610 ram
587 2559 823 2627 gessisse
876 2570 1196 2642 martyrum.
1251 2562 1387 2633 lpsis
1436 2575 1621 2619 autem
1677 2581 1773 2620 sua
1822 2569 1997 2635 capita

2104 2572 2350 2642 ληθότως
2406 2569 2835 2628 ύπεισελθόντας
2895 2567 3220 2636 ἐπιμελείας
3282 2565 3515 2631 ἀξιῶσαι
3564 2564 3696 2626 τοὺς

412 2648 747 2718 amputanda
777 2634 1207 2721 porrigentibus.
1235 2655 1279 2709 si
1303 2654 1437 2724 quid
1466 2656 1571 2711 tale
1601 2655 1803 2711 factum
1835 2634 2001 2713 fuerit

2111 2634 2418 2734 μάρτυρας,
2452 2661 2633 2714 αὐτῶν
2685 2660 2739 2712 δὲ
2791 2657 2890 2722 τὰς
2918 2634 3164 2726 κειραλάς
3195 2660 3262 2727 τῇ
3293 2658 3435 2726 τομῇ
3476 2671 3699 2726 προτει-

413 2740 845 2809 deprehensum,
885 2741 1103 2797 illorum
1155 2743 1535 2800 defensionem
1588 2747 1886 2803 arbitratus
1915 2749 1997 2803 sui

2103 2755 2325 2819 νόντων,
2386 2753 2441 2806 εἴ
2487 2770 2542 2806 τι
2605 2749 2849 2806 τοιοῦτον
2888 2750 3181 2819 γενόμενον
3239 2747 3545 2818 φωραθείη,
3594 2746 3696 2815 τὴν

412 2832 844 2897 accusationem,
878 2835 1043 2904 judex
1072 2837 1290 2908 gravius
1318 2840 1648 2911 angebatur,
1679 2855 1789 2896 non
1819 2840 2002 2898 ferens

2104 2843 2330 2900 ἐκείνοιν
2387 2842 2707 2908 ἀπολογίαν,
2758 2842 3095 2912 κατηγορίαν
3148 2838 3349 2893 ἑαυτοῦ
3396 2839 3627 2907 νομίσας
3666 2840 3695 2891 ὁ

411 2925 602 2980 videre
635 2925 740 2981 vim
768 2927 1039 2994 veritatis,
1076 2929 1164 2984 cui
1195 2930 1297 3000 ipsi
1331 2931 1535 2988 inimici
1571 2932 1819 2989 ferebant
1847 2934 2001 2988 testi.

2104 2937 2390 3009 δικαστὴς,
2429 2936 2621 2998 δεινῶς
2659 2936 2877 3006 ἠνιᾶτο,
2924 2936 3024 3004 τὴν
3059 2935 3213 3005 ἰσχὺν
3286 2933 3384 3002 τῆς
3430 2930 3696 3001 ἀληθείας

410 3017 678 3072 ninnium.
710 3018 1078 3083 Quamobrem
1106 3022 1162 3076 in
1196 3023 1375 3078 minas
1409 3025 1667 3082 desinens
1720 3028 1886 3097 (quod
1913 3043 2002 3083 so-

2106 3033 2214 3087 ύπὸ
2259 3034 2372 3086 τῶν
2419 3031 2632 3101 ἐχθρῶν
2681 3029 3143 3101 μαρτυρουμένην
3184 3028 3242 3080 ού
3306 3029 3490 3096 φέρων
3530 3027 3691 3095 ὁρᾷν.

414 3109 529 3163 lum
560 3111 689 3180 quid
717 3122 882 3180 agant
901 3113 1274 3169 nescientibus
1294 3116 1620 3185 relinquitur
1640 3119 2001 3190 confugium),

2108 3124 2276 3178 Ὅθεν
2311 3125 2391 3187 είς
2433 3124 2667 3187 ἀπειλὰς
2708 3121 3027 3193 καταλὴξας
3062 3119 3184 3193 (τὴν
3215 3117 3696 3187 ὑπολελειμμένην

412 3200 572 3270 jubet
598 3216 726 3256 eum
760 3205 958 3274 conjici
997 3205 1051 3257 in
1085 3220 1385 3271 carcerem,
1425 3207 1692 3279 reliquum
1725 3220 2035 3287 certamen,

2072 3219 2280 3296 ,μόνην
2337 3217 2451 3278 τοῖς
2508 3213 2778 3286 ἀποροῦσι
2836 3210 3142 3283 βοήθειαν),
3184 3209 3263 3282 τῷ
3328 3211 3695 3281 δεσμωτηρίῳ

415 3308 711 3350 reservans
745 3296 800 3350 in
847 3296 989 3350 diem
1023 3307 1369 3367 sequentem.
1406 3299 1668 3367 Qumnam
1718 3318 1848 3375 ergo
1875 3314 2005 3360 sunt

2110 3309 2325 3367 κελεύει
2358 3311 2453 3362 καὶ
2478 3307 2674 3361 τοῦτον
2704 3307 3199 3377 ἐγκαθειρχθῆναι,
3244 3307 3308 3376 τῇ
3339 3303 3604 3373 ὑστεραίᾳ
3625 3302 3694 3355 τὰ

418 3386 683 3457 deinceps
754 3388 1095 3444 consecuta?
1153 3391 1532 3465 Congregatur
1608 3410 1799 3450 rursus
1857 3396 2004 3451 aliud

2107 3400 2271 3456 λοιπὰ
2301 3399 2397 3453 τοῦ
2430 3398 2640 3467 ἀγῶνος
2670 3401 3101 3468 ταμιευόμενος.
3123 3398 3259 3450 Τίνα
3290 3395 3383 3449 οὖν
3418 3399 3485 3447 ti
3506 3395 3699 3448 ἐντεῦ-

420 3468 696 3535 tbeatrum
729 3481 1048 3537 hominibus
1080 3483 1607 3553 frequentissimum,
1637 3496 1695 3542 et
1726 3488 1888 3543 tertio
1918 3503 2004 3543 se-

2109 3492 2202 3546 θεν
2236 3509 2251 3559 ;
2281 3491 2521 3562 θέατρον
2551 3487 2712 3552 αὖθις
2736 3488 2871 3543 ἄλλο
2908 3490 3233 3541 συνίσταται
3267 3485 3695 3556 πολυάνθρωπον

418 3571 557 3625 deus
577 3571 747 3642 judex
780 3573 833 3626 in
869 3575 1088 3629 excelso
1125 3575 1408 3639 tribunali,
1457 3577 1615 3632 duxit
1639 3589 1904 3650 martyres
1939 3578 2003 3633 ad

2112 3586 2206 3639 καὶ
2231 3583 2416 3655 τρίτον
2446 3580 2845 3653 προκαθεσθεὶς
2885 3583 2969 3649 ἐφ’
3016 3579 3222 3650 ὑψηλοῦ
3261 3578 3355 3632 τοῦ
3388 3579 3631 3649 βήματος
3663 3574 3697 3629 ὁ

415 3670 716 3729 tormenta,
750 3665 917 3719 veluti
951 3666 1005 3720 in
1037 3666 1223 3721 orbem
1250 3669 1507 3725 clrorcam
1545 3670 2002 3743 circumagentes.

2106 3678 2368 3745 δικάζων,
2403 3672 2506 3747 ἦγε
2551 3675 2676 3739 τοὺς
2735 3675 3025 3745 μάρτυρας
3060 3673 3156 3725 ἐπὶ
3179 3672 3278 3735 τὰς
3314 3671 3488 3736 αὐτὰς
3528 3669 3698 3741 βασά-

417 3751 643 3809 Etcum
674 3757 880 3811 nullam
910 3758 1061 3828 prius
1086 3762 1526 3829 praetermisisset
1564 3772 1659 3818 aut
1685 3764 2004 3820 illiberalem

2106 3788 2254 3834 νους,
2309 3769 2565 3840 καθάπερ
2608 3768 2665 3821 ὲν
2715 3766 2899 3837 κύκλῳ
2948 3767 3169 3836 χορείαν
3214 3766 3544 3828 ὲλίττοντας.
3582 3764 3697 3818 Καὶ

415 3848 864 3914 assentationem,
916 3860 1011 3905 aut
1061 3851 1350 3909 obscuram
1403 3854 1780 3920 calliditatem,
1827 3873 2007 3928 neque

2111 3863 2279 3934 μηδὲν
2308 3859 2637 3933 παραλιπὼν
2674 3859 2783 3913 τῶν
2818 3860 2918 3913 ὅσα
2967 3859 3208 3919 θωπείας
3241 3854 3309 3929 ἦν
3339 3856 3623 3925 ἀγεννοῦς,
3660 3854 3694 3927 ἢ

417 3939 729 4007 proliceret,
778 3957 1036 4011 egressus
1063 3955 1147 4000 est
1191 3947 1257 4000 ad
1308 3946 1531 4002 modum
1566 3948 1892 4014 belluinum,
1950 3963 2008 4006 et

2108 3954 2451 4025 πανουργίας
2508 3952 2906 4023 ἀσυμφανοῦς,
2976 3950 3115 4022 πρὸς
3176 3949 3443 4022 θηριώδη·
3489 3952 3697 4019 τρόπον

417 4027 539 4096 ejus
568 4029 728 4099 plane
754 4031 845 4101 qui
875 4033 1077 4088 caedem
1116 4034 1322 4105 Spirat;
1352 4043 1406 4091 et
1424 4037 1656 4107 singulis
1685 4039 1997 4105 tormentis,

2108 4045 2269 4119 ὲξέδη
2312 4049 2406 4100 καὶ
2440 4047 2661 4116 (powde
2693 4061 2707 4075 ·
2744 4048 2837 4099 καὶ
2873 4046 2992 4107 τοῖς
3044 4043 3186 4098 κατὰ
3222 4043 3390 4113 μέρος
3437 4041 3694 4113 βασάνοις

419 4130 680 4190 tanquam
711 4121 960 4191 quaedam
995 4123 1108 4177 fera
1165 4126 1415 4196 agrestis,
1451 4136 1768 4183 sanctorum
1807 4144 2006 4186 carnes

2106 4142 2273 4195 οίονεί
2295 4159 2380 4204 τις
2430 4141 2534 4209 θὴρ
2564 4140 2756 4209 ἄγριος
2795 4139 2894 4201 τὰς
2927 4137 3037 4190 τῶν
3069 4136 3241 4205 ἁγίων
3273 4137 3484 4206 σάρκας
3530 4151 3698 4187 κατε-

419 4212 725 4278 mandidit;
776 4224 837 4268 ut
880 4214 972 4283 qui
1024 4216 1254 4271 Tarachi
1297 4219 1519 4287 quidem
1562 4220 1759 4288 capitis
1807 4221 2005 4291 pellem

2114 4236 2424 4306 μασήσατο,
2458 4233 2551 4288 τοῦ
2583 4234 2840 4303 Ταράχου
2875 4231 2974 4302 μὲν
3008 4230 3068 4285 τὸ
3102 4230 3278 4299 δέρμα
3304 4228 3405 4299 τῆς
3447 4227 3699 4297 κεφαλῆς

419 4304 807 4368 cxcoriaverit,
855 4313 912 4358 et
946 4304 999 4358 id
1031 4305 1350 4361 ardentibus
1380 4307 1712 4364 carbonibus
1741 4324 2005 4379 consper-

2107 4304 2426 4398 ἀποδείρας,
2460 4327 2556 4381 καὶ
2579 4325 2883 4396 ἀνθρακιὰν
2916 4325 3055 4394 αὐτῇ
3087 4321 3387 4393 καιομένην
3416 4322 3697 4373 ἐπιπασά-

418 4393 572 4459 serit,
613 4403 667 4449 et
709 4410 871 4450 aures
903 4397 1164 4451 novacula
1199 4399 1529 4458 exsecuerit,
1563 4406 1617 4452 et
1660 4399 1808 4454 labra
1841 4400 2005 4454 muti-

2110 4393 2467 4491 μενοςίξυρῷ
2496 4435 2557 4472 τε
2589 4417 2657 4471 τὰ
2687 4393 2804 4471 ῶτα
2828 4393 3119 4486 περιελὼν,
3146 4414 3243 4468 καὶ
3264 4413 3701 4483 ἀκρωτηριάσας

414 4486 656 4541 laverit:
709 4486 890 4542 Probo
941 4496 1122 4542 autem
1171 4490 1363 4545 oculos
1409 4489 1688 4558 effoderit,
1731 4492 2002 4546 etvinum

2106 4486 2175 4564 ἐεά
2219 4508 2372 4581 χείλη
2392 4486 2413 4540 ὀ
2440 4486 2542 4579 ’τῷ
2581 4509 2776 4580 ῐιρὸθῳ
2812 4508 2869 4561 δι
2913 4507 3040 4569 τοὺς
3085 4505 3397 4576 ὀφθαλμοὺς
3430 4503 3697 4573 ἐκκύψας.

416 4594 530 4632 ara:
552 4592 749 4634 cruore
798 4579 1145 4649 permistum,
1188 4580 1269 4635 ori
1301 4581 1420 4651 ejus
1446 4582 1723 4648 infuderit,
1761 4592 1815 4639 et
1844 4583 1999 4639 iuvo—
2038 4579 2039 4585 “

2078 4598 2079 4607 “
2109 4600 2185 4671 τῷ
2230 4618 2289 4655 τε
2343 4600 2574 4671 στόματι
2612 4601 2779 4654 αὑτοῦ
2809 4600 2917 4653 τῶν
2951 4599 3270 4669 ὲπιόωμίων
3307 4597 3522 4667 λύθρων
3552 4590 3701 4648 οἶνον

416 4672 651 4727 luntaria
684 4672 786 4727 hac
814 4673 1234 4742 participatione
1263 4674 1367 4729 hoc
1389 4676 1625 4731 maxime
1656 4676 1998 4748 tyrannicqu

2108 4695 2330 4766 ἐγχέας,
2367 4696 2464 4750 καὶ
2494 4698 2561 4768 τῇ
2604 4696 2847 4765 ἀκουσίῳ
2886 4694 3062 4765 ταύτῃ
3122 4691 3448 4763 μεταλήψει,
3497 4707 3703 4759 τυρανο

414 4765 690 4819 invenerit
714 4766 1063 4836 supplicium.
1100 4766 1239 4821 Cum
1267 4778 1450 4823 autem
1482 4783 1678 4823 carnes
1704 4784 1999 4825 exsecran-

2109 4765 2419 4857 νικωτάτην
2454 4765 2697 4859 ἐξευρὼν
2742 4787 3038 4858 τιμωρίαν.
3096 4785 3202 4838 Τοῦ
3254 4783 3313 4837 δέ
3363 4801 3428 4852 γε
3478 4782 3696 4853 τρίτου,

415 4855 502 4910 dis
535 4855 771 4926 pollutas
794 4857 1079 4911 sacriticiis
1106 4857 1159 4911 in
1190 4859 1250 4913 es
1300 4858 1442 4913 tertii
1488 4859 1789 4929 injecisset,
1821 4871 1876 4915 et
1907 4861 1999 4916 vi-

2112 4879 2257 4949 κρέα
2286 4855 2390 4949 φεῦ
2425 4855 2653 4949 μιαράῑς
2694 4855 2911 4943 θυσίαις
2939 4878 3290 4950 ὴλισγημένα
3338 4877 3416 4948 τῷ
3461 4878 3697 4947 στόματι

417 4963 551 5002 num
578 4946 889 5017 inquinator
904 4964 995 5002 um
1026 4949 1349 5004 Iibaminum
1386 4950 1678 5006 admittere
1709 4952 1999 5022 coegisset,

2111 4946 2385 5041 ἐμϐαλῶν,
2413 4946 2507 5023 καὶ
2530 4946 2674 5024 οἴνου
2699 4969 2807 5023 τῶν
2831 4946 3260 5040 μεμολυσμένων
3289 4946 3536 5021 σπονδῶν

413 5048 697 5110 postremo
721 5042 907 5096 oculus
937 5041 986 5095 ei
1030 5041 1187 5112 jubet
1219 5042 1405 5098 eﬂ‘odi.
1438 5045 1575 5098 Cum
1625 5044 1869 5099 omnium
1905 5062 2001 5100 au-

2113 5060 2302 5115 σέσθαι
2336 5061 2790 5128 καταναγκάσας,
2826 5058 2981 5123 τέλος
3011 5058 3161 5128 αὐτῷ
3209 5059 3338 5121 τοὺς
3373 5056 3688 5128 ὀφθαλμοὺς

418 5142 530 5186 tem
565 5132 820 5187 similiter
865 5133 1155 5199 mamillae,
1198 5135 1390 5202 latera,
1426 5135 1586 5190 tibias
1618 5145 1672 5191 et
1703 5137 1998 5207 digitorum

2112 5152 2472 5225 ἐξορυχθῆναι
2522 5151 2876 5221 προστάττει.
2929 5152 3155 5206 Πάντων
3193 5150 3250 5203 δὲ
3303 5148 3527 5218 ὁμοίως,
3566 5147 3687 5208 τοὺς

418 5224 746 5279 intermedia
778 5225 1142 5281 candentibus
1172 5228 1410 5283 verubus
1443 5229 1806 5284 transﬁx‘sset
1851 5239 1907 5284 et
1934 5229 2001 5283 ad

2115 5243 2345 5314 μαζοὺς,
2365 5244 2462 5306 τὰς
2487 5243 2751 5315 πλευράς,
2801 5243 2899 5307 τὰς
2948 5244 3186 5312 κνήμας,
3216 5242 3283 5294 τὰ
3310 5242 3455 5311 μέσα
3477 5240 3587 5293 τῶν
3606 5237 3697 5291 δα-

418 5329 544 5372 ossa
577 5331 751 5400 usque
780 5317 1192 5385 combussisset,
1224 5318 1446 5375 vidisset
1469 5328 1651 5374 autem
1677 5320 1857 5375 omnia
1881 5334 2005 5374 con-

2111 5335 2325 5389 xzdimv
2360 5336 2784 5406 πεπυρωμένοις
2818 5334 3025 5397 ὀϐελοῖς
3073 5332 3339 5398 ἐπελθὼν,
3382 5335 3478 5386 καὶ
3525 5331 3702 5384 ὀστῶν

423 5410 589 5470 victa,
620 5418 676 5465 et
707 5409 938 5481 periisse
984 5410 1269 5466 machinas
1298 5411 1714 5481 suppliciorum,
1746 5409 1921 5466 Probo
1951 5422 2004 5465 ct

2111 5426 2246 5496 ἄχρι
2309 5426 2690 5491 κατακαύσας,
2747 5428 2823 5489 ὡς
2877 5424 3017 5481 εἶδεν
3069 5428 3287 5480 ἃπαντα
3333 5424 3703 5495 ἐληλεγμένα,

414 5501 736 5559 “Andronico
775 5502 1023 5564 cautium
1058 5502 1111 5556 iu
1139 5518 1234 5558 ara
1264 5503 1711 5567 sacriﬁcatarum,
1745 5516 1795 5557 et
1822 5502 2004 5571 prola-

2113 5520 2208 5571 καὶ
2238 5519 2449 5588 φροῑδα
2480 5519 2550 5572 τὰ
2578 5518 2688 5572 τῶν
2721 5518 2997 5572 κολάσεων
3047 5519 3441 5590 μηχανήματα.
3503 5516 3705 5587 Πρόϐῳ

419 5607 619 5648 norum
668 5592 986 5648 Iibaminum
1040 5604 1255 5663 gustum
1309 5592 1477 5647 miser
1529 5592 1764 5647 irridens
1810 5606 2007 5663 expro-

2111 5609 2207 5664 καὶ
2237 5609 2565 5682 Ἀνδρονίκῳ
2598 5612 2782 5681 μόνοις
2806 5613 2906 5682 τὴν
2932 5629 2993 5665 τε
3021 5612 3129 5664 τῶν
3162 5608 3480 5680 ἐπινωμίων
3519 5608 3706 5678 κρεῶν

419 5684 627 5741 bram“
2112 5704 2210 5757 καὶ
2238 5703 2338 5774 τὴν
2373 5703 2481 5756 τῶν
2518 5704 2756 5773 ἀνιέρων
2787 5703 3029 5758 σπονδῶν
3064 5702 3282 5772 γεῦσιν.

499 5793 568 5845 Χ.
610 5795 766 5850 Tunc
811 5796 1155 5853 Andronicus
1201 5797 1357 5854 valde
1388 5797 1570 5854 ridens
1624 5796 1767 5852 illius
1812 5811 2000 5853 amen-

2184 5796 2244 5849 I'.
2292 5795 2680 5861 Ἐπιτωθάζων
2729 5799 2756 5850 ὁ
2804 5796 3036 5859 δείλαιος
3086 5792 3499 5859 κατωνεέδιζεν’
3559 5793 3609 5843 οἱ
3643 5791 3705 5845 δὲ

378 5880 578 5969 μίξεσι,
611 5888 891 5957 respondit
930 5905 1030 5958 pro
1078 5906 1135 5947 se
1172 5889 1494 5965 PrUllOtlllC:
1544 5888 1674 5945 Post
1710 5889 1876 5946 multa
1913 5897 2001 5945 tua

2116 5890 2359 5959 γενναῖοι
2387 5890 2574 5963 μακρὰ
2600 5889 2698 5961 τὴν
2728 5890 2917 5946 ἄνοιαν
2954 5886 3165 5943 ἐκείνου
3212 5886 3559 5958 γελάσαντες,
3590 5884 3704 5937 ἁπ-
