4110 6488
434 447 572 519 1ῧῖίῖ
1711 442 1995 515 MENSIS
2032 444 2399 509 OCTOBER.
3561 449 3701 515 1080

434 563 618 623 sisset,
642 574 800 617 suum
832 557 1052 630 quidem
1080 556 1319 616 refrenat
1344 560 1634 630 impetum,
1657 559 1894 631 procidit
1918 576 2014 617 au-

2145 576 2289 623 raaa,
2318 560 2414 613 καὶ
2444 556 2557 624 ὀξεῖ
2597 558 2784 630 δρόμῳ
2811 558 2922 622 τοῖς
2961 557 3213 629 μάρτυσι,
3243 558 3699 628 προσπελάσασα,

436 658 547 709 tem
599 652 667 709 ad
718 652 883 720 pedes
934 660 1269 708 sanctorum.
1327 653 1612 710 Taraclius
1650 666 1833 710 autem
1885 669 2012 711 cum

2145 652 2328 720 ςαλινοῖ
2358 651 2458 722 μὲν
2506 649 2708 719 ἑαυτὴν
2761 651 2865 721 τῆς
2908 650 3108 720 όρμῆ-ς,
3163 648 3467 703 ὑποκύπτει
3502 649 3560 702 δὲ
3583 653 3706 713 τοῖς

438 755 681 801 sanctam
713 759 934 800 manum
969 747 1330 811 extendisset,
1361 757 1417 804 et
1455 748 1653 819 partim
1686 749 1904 820 quidem
1930 749 2016 820 pi-

2145 744 2227 796 ’ὦν
2247 743 2410 797 ὁσίων
2428 742 2575 797 ποσί.
2596 741 2848 812 Τάραχος
2867 740 2924 794 δὲ
2940 740 3040 812 τὴν
3063 740 3227 809 ἁγίαν
3248 740 3496 803 ἐκτείνας
3516 742 3703 810 χεῖρα,

441 838 532 901 lis,
562 836 759 906 partim
792 852 924 893 vero
971 852 1104 894 aure
1135 839 1612 908 apprehendisset,
1641 840 1710 896 ad
1740 856 1802 898 se
1830 842 2018 898 trabe-

2145 836 2213 890 ιαὶ
2242 824 2321 903 πῆ
2361 834 2457 903 μὲν
2489 833 2598 887 τῶν
2650 832 2879 903 τριχῶν,
2931 832 3010 901 πῆ
3054 831 3112 885 δὲ
3156 830 3252 884 τοῦ
3282 829 3421 894 ὡτδς
3470 831 3695 899 ἐκείνης

440 928 552 981 bat.
572 927 668 982 illa
694 938 875 983 autem
907 942 1057 992 cum,
1078 930 1305 1000 placida:
1325 932 1445 987 ovis
1472 931 1668 997 instar,
1690 934 2015 989 contrectari

443 1029 552 1075 non
583 1019 881 1087 renuisset,
912 1022 977 1076 ad
1013 1031 1222 1092 portam
1252 1032 1439 1094 postea
1469 1025 1727 1091 accurrit,
1758 1036 1815 1083 et
1845 1026 2021 1082 inﬁxit
2059 1073 2067 1079 .

444 1110 637 1167 dentes
668 1110 892 1176 tabulis,
934 1121 989 1168 et
1023 1128 1121 1183 per
1161 1115 1268 1170 vim
1313 1116 1614 1173 conabatur
1645 1120 1867 1188 egredi:
1919 1135 2025 1175 nec

445 1201 601 1272 prius
627 1202 854 1270 dimisit,
886 1219 1049 1275 quam
1073 1206 1366 1264 clamasset
1403 1210 1640 1280 populus
1665 1211 1866 1280 jubens
1898 1228 2021 1268 eam

445 1293 595 1349 foras
620 1295 792 1351 exire.
826 1294 951 1351 Hazc
975 1304 1160 1353 autem
1184 1305 1240 1353 et
1272 1298 1357 1354 his
1389 1299 1587 1356 similia
1618 1315 1780 1356 nemo
1817 1302 2026 1371 putarit

446 1401 559 1443 non
590 1388 887 1451 credenda,
926 1389 1118 1458 legens
1166 1391 1474 1462 epistolam,
1508 1407 1673 1464 quam
1706 1394 1925 1465 scripsit
1955 1395 2029 1451 ad

450 1479 727 1536 Romanos
758 1479 980 1537 divinus
1013 1481 1276 1554 lgnatius.
1309 1485 1402 1540 Sic
1425 1485 1573 1540 enim
1604 1486 1808 1544 habet:
1838 1488 2027 1560 Meju-

449 1569 631 1625 venint
659 1570 848 1626 bestiae
877 1571 1013 1627 mihi
1057 1582 1258 1643 paratas
1301 1589 1437 1644 quas
1476 1577 1639 1632 etiam
1677 1585 1806 1647 opto
1839 1579 1894 1634 in
1940 1595 2030 1636 me

452 1659 686 1717 inveniri
716 1671 1017 1732 promptas.
1067 1661 1276 1729 Quibus
1315 1666 1483 1721 etiam
1526 1667 1799 1733 blandiar,
1839 1678 1900 1725 ut
1944 1686 2030 1727 me

454 1753 692 1808 Iureviter
722 1753 1008 1811 devorent.
1062 1755 1219 1821 Quod
1266 1757 1313 1813 si
1344 1758 1507 1814 etiam
1554 1759 1751 1825 nolint,
1806 1777 1908 1833 ego
1949 1765 2033 1820 eis

454 1846 563 1901 "im
596 1845 846 1904 aﬂ’eram.

524 1938 641 1995 Xll.
684 1938 823 1997 ilinc
852 1941 1119 2001 Maximus
1160 1943 1327 2000 animi
1357 1944 1583 2010 dubius.
1631 1946 1899 2017 planeque
1930 1965 2032 2004 ne-

455 2032 639 2088 sciens
683 2034 813 2105 quid
858 2045 1065 2106 ageret,
1101 2052 1226 2093 cum
1257 2039 1468 2095 videret
1511 2050 1732 2097 sanctos
1768 2051 2036 2113 martyres

460 2140 557 2194 per
584 2127 767 2183 omnia
807 2130 1184 2198 resplendere,
1219 2139 1276 2187 et
1307 2132 1497 2189 haberi
1547 2134 1603 2188 in
1648 2135 2033 2203 admiratione,

461 2214 558 2273 eo's
584 2227 759 2275 morte
789 2220 1137 2277 condemnat.
1158 2223 1261 2290 Qui
1284 2238 1430 2291 cum,
1449 2233 1707 2295 tanquam
1741 2241 1856 2283 rem
1889 2228 2037 2284 desi—

461 2310 728 2374 deratam,
772 2312 915 2369 hanc
960 2322 1260 2371 extremam
1313 2319 1653 2390 accepissent
1685 2321 2036 2385 sententiam,

466 2401 731 2457 truncatis
761 2404 1052 2472 capitibus,
1080 2407 1329 2463 coronati
1376 2410 1615 2479 migrant
1643 2411 1709 2466 ad
1739 2426 1926 2467 veram
1955 2412 2037 2467 vi-

466 2501 597 2559 tam,
628 2492 845 2551 fruituri
871 2498 1107 2568 prmmiis
1135 2499 1577 2569 immortalitatis,
1610 2514 1666 2560 et
1695 2521 1780 2573 ea,
1816 2521 1936 2576 qum
1957 2516 2043 2563 est

410 2646 413 2649 Α
465 2582 600 2650 illic,
635 2585 989 2644 beatitudine.
1024 2588 1131 2644 Sed
1155 2590 1372 2648 invidus
1393 2594 1637 2663 quidem,
1666 2608 1721 2651 et
1746 2598 2042 2655 sceleratus

460 2676 645 2745 judex,
692 2678 852 2736 nobis
890 2679 1141 2736 invidens
1183 2692 1499 2741 sanctorum
1572 2687 1854 2758 reliquias,
1885 2690 2044 2759 jubet

466 2782 699 2836 corpora
738 2778 1035 2842 martyrum
1085 2773 1332 2842 profanis
1365 2777 1650 2834 admisceri
1697 2782 2042 2851 corporibus,

465 2875 586 2928 quae
610 2861 827 2916 fuerant
861 2862 1143 2920 interfecta
1167 2880 1196 2920 a
1231 2866 1640 2936 gladiatoribus,
1674 2872 1860 2928 decem
1899 2874 2044 2928 mili-

468 2949 614 3004 tibus
644 2953 930 3016 mandans,
982 2962 1044 3008 ut
1087 2969 1149 3009 ea
1187 2967 1490 3013 servarent.
1554 2958 1699 3016 Deus
1737 2970 1918 3017 autem
1955 2978 2045 3017 re-

468 3050 590 3095 rum
621 3041 1046 3109 admirabilium,
1078 3047 1501 3105 convivantibus
1535 3052 1877 3119 custodibus,
1919 3071 2044 3110 cum

466 3133 580 3201 jam
613 3147 802 3202 rogum
835 3130 1233 3202 accendissent,
1278 3154 1470 3210 magna
1504 3142 1553 3196 vi
1590 3153 1817 3213 repente
1841 3147 2045 3204 caden-

2117 925 2558 996 λαμϐανόμενος,
2598 918 2749 978 εἷλκε
2785 922 2923 995 πρὸς
2953 923 3230 993 ἑαυτὸν,ή
3275 922 3334 975 δὲ
3386 922 3487 994 τὴν
3549 922 3709 992 ἁφὴν
3752 972 3792 1005 η

2126 1018 2354 1090 ἡμέρως
2398 1016 2476 1081 ὡς
2530 1016 2811 1089 πρόϐατον
2860 1014 3298 1085 ἀποσεισαμὲνη,
3328 1014 3422 1067 καὶ
3451 1017 3516 1083 τῇ
3563 1015 3712 1085 θύρᾳ
3742 1012 3781 1033 μ.

2122 1113 2569 1184 προσδραμοῦσα,
2593 1114 2722 1174 τοὺς
2752 1110 2972 1173 ὀδόντας
2999 1112 3123 1173 ταῖς
3154 1108 3329 1163 σανίσι
3363 1109 3704 1178 προσέπηξε.

2122 1207 2235 1261 Καὶ
2264 1204 2503 1272 ἐξελθεῖν
2531 1205 2808 1270 ἐϐιάζετο,
2853 1205 2952 1258 καὶ
2986 1203 3090 1256 οὐκ
3116 1203 3319 1272 ἀνῆκεν
3354 1202 3458 1265 ἕως
3486 1202 3514 1253 ό
3539 1201 3715 1271 δῆμος

2124 1299 2231 1367 ἔξω
2259 1298 2519 1369 γενέσθαι
2547 1299 2753 1370 ταύτην
2777 1297 2993 1368 ἐϐόησε.
3023 1295 3210 1350 Ταῦτα
3258 1295 3317 1350 δι
3368 1296 3553 1366 μηδεὶς
3578 1298 3712 1348 ἀπιι

2129 1392 2333 1448 στείτω
2373 1391 2468 1446 καὶ
2510 1390 2580 1445 τὰ
2610 1391 2824 1454 τούτοις
2853 1392 3037 1461 ὅμοια,
3077 1388 3177 1460 τὴν
3214 1388 3504 1459 ἐπιστολὴν
3524 1388 3716 1455 ἀναγι-

2126 1486 2375 1552 νώσκων,
2418 1486 2487 1558 ῆν
2516 1484 2799 1539 ἐπέστειλε
2858 1483 3156 1553 Ῥωμαίοις
3183 1483 3212 1535 ό
3245 1481 3510 1549 θεοφόρος
3548 1478 3716 1548 Ἰγνᾶ-

2128 1593 2261 1642 τος.
2295 1579 2449 1648 Ἔχει
2477 1578 2586 1647 γὰρ
2613 1571 2715 1631 ὦδὲ
2749 1594 2868 1639 πως
2904 1591 2919 1606 ·
2966 1574 3217 1644 Ὀναίνην
3237 1572 3349 1627 τῶν
3377 1572 3583 1643 Θηρίων
3604 1572 3718 1625 τῶν

2131 1674 2254 1742 ἐμοὶ
2276 1674 2531 1740 ἑτοίμων,
2554 1670 2592 1725 δ.
2610 1670 2707 1724 καὶ
2729 1670 2985 1741 εὔχομαι,
3008 1668 3253 1739 σύντομα
3277 1685 3368 1738 μοι
3387 1667 3705 1736 εὑρεθῆναι,

2131 1762 2168 1818 ἃ
2216 1765 2309 1820 καὶ
2352 1762 2634 1817 κολακεύω
2684 1761 2969 1832 συντόμως
3048 1777 3117 1831 με
3175 1759 3542 1829 καταφαγεῖν.
3591 1758 3719 1811 Κᾶν

2058 1895 2105 1953 Β
2135 1856 2275 1909 αὐτὰ
2308 1854 2384 1925 μὴ
2418 1855 2574 1925 Θέλῃ,
2597 1851 2708 1923 ἐγὼ
2733 1853 2788 1907 δὲ
2816 1851 3246 1924 προσϐιάσομαι.

2204 1950 2306 2004 IB’.
2352 1946 2636 2001 Ἐντεῦθεν
2661 1949 2774 2009 τοῖς
2800 1944 2943 2007 ὅλοις
2970 1947 2998 1999 ό
3027 1946 3280 2014 Μάξιμος
3313 1942 3710 2015 ἐξαπορηθεὶς,

2135 2039 2230 2093 καὶ
2263 2036 2350 2091 διὰ
2376 2036 2595 2091 πάντων
2616 2034 2932 2106 λάμποντας
2961 2036 3053 2087 καὶ
3083 2034 3539 2103 θαυμαζομένους
3573 2030 3720 2102 όρῶν

2134 2134 2260 2196 τοὺς
2289 2132 2601 2202 μάρτυρας,
2620 2129 2715 2182 τὸν
2744 2128 2833 2181 διὰ
2859 2126 3046 2199 ξίφους
3070 2127 3252 2181 αὐτῶν
3268 2125 3719 2196 καταῂφίζεται

2141 2223 2394 2277 θάνατον.
2435 2218 2500 2275 Οἳ
2529 2220 2628 2275 καὶ
2675 2219 2866 2290 ὥσπερ
2894 2236 2946 2272 τι
2994 2220 3186 2290 χρῆμα
3218 2216 3581 2288 ποθούμενον,
3618 2216 3725 2288 τὴν

2140 2312 2466 2370 τελευταίαν
2519 2312 2726 2382 ταύτην
2771 2311 2956 2382 ψῆφον
3015 2308 3431 2381 ὑποδεξάμενοι,
3481 2310 3575 2361 καὶ
3620 2307 3725 2370 τὰς

2141 2407 2382 2477 κεφαλὰς
2471 2406 2862 2477 ἐκτμηθέντες,
2939 2405 3336 2474 στεφανηφόροι
3422 2401 3558 2473 πρὸς
3623 2399 3728 2472 τὴν

2142 2500 2321 2571 ἀληθῆ
2350 2498 2496 2571 ζωὴν
2516 2496 2939 2568 δμεταϐαίνουσι,
2970 2495 3078 2548 τῶν
3123 2495 3224 2565 τῆς
3250 2492 3556 2555 ἀθανασίας
3586 2490 3725 2561 βρα-

2146 2591 2308 2645 ϐείων
2340 2590 2436 2644 καὶ
2485 2588 2585 2658 τῆς
2614 2585 2826 2639 ἐκεῖθεν
2865 2584 3273 2657 μακαριότητος
3298 2581 3726 2643 ἀπολαύσοντες.

2167 2682 2312 2750 Ἀλλῖ
2343 2685 2371 2736 ὁ
2426 2681 2525 2750 μὲν
2577 2679 2850 2749 βάσκανος
2906 2679 3004 2731 καὶ
3062 2675 3407 2748 μιαρώτατος
3461 2673 3730 2742 δικαστὴς

2147 2774 2363 2846 φθονῶν
2400 2774 2532 2844 ἡμῖν
2563 2770 2673 2824 τῶν
2710 2770 2892 2838 ἁγίων
2927 2769 3221 2839 λειψάνων,
3250 2768 3321 2823 τὰ
3357 2765 3591 2836 σώματα
3621 2764 3732 2819 τῶν

2151 2867 2469 2940 μαρτύρων,
2507 2868 2621 2929 τοῖς
2655 2865 2808 2933 παρὰ
2863 2863 2976 2916 τῶν
3029 2861 3356 2931 μονομάχων
3390 2858 3732 2929 ἁναιρεδεῖσι

2151 2960 2401 3032 βεϐήλοις
2461 2959 2714 3030 ἀνέμιξε,
2758 2956 3110 3027 στρατιωτῶν
3139 2954 3326 3009 δεκάδι
3359 2951 3732 3023 φυλάττεσθαι

2149 3052 2321 3106 ταῦτα
2346 3051 2764 3122 διαταξάμενος.
2808 3050 2869 3102 Ὀ
2920 3048 2979 3102 δὲ
3028 3047 3139 3101 τῶν
3191 3045 3514 3116 θαυμασίων
3565 3043 3729 3107 Θεὸς,

2150 3143 2260 3199 τῶν
2293 3144 2548 3215 φυλάκων
2595 3141 2989 3213 εὐωχουμένων
3021 3140 3117 3195 καὶ
3153 3139 3330 3210 πυρὰν
3355 3137 3455 3208 ἠδη
3491 3134 3737 3189 καύσαν-

471 3224 608 3280 tium
646 3224 924 3291 imbrium,
968 3236 1025 3280 et
1076 3229 1280 3300 ingenti
1317 3240 1647 3298 teri-emota,
1678 3250 1868 3307 rogum
1920 3241 2044 3310 qui-

2148 3253 2281 3302 των,
2302 3235 2527 3306 δμϐρων
2557 3234 2819 3304 ἐξαπίνης
2844 3233 3006 3305 φορᾷ,
3039 3232 3133 3285 καὶ
3160 3230 3335 3299 κλόνῳ
3362 3231 3464 3298 γῆς
3501 3224 3737 3295 ὲξουσίῳ

470 3314 598 3369 dem
650 3315 929 3381 exstinxit,
975 3318 1232 3374 custodes
1277 3330 1461 3376 autem
1519 3325 1687 3379 vertit
1732 3326 1791 3380 in
1844 3325 2049 3399 fugam.

473 3406 722 3477 Cumque
774 3420 899 3475 cum
923 3409 1047 3464 aliis
1093 3411 1351 3480 permista
1377 3423 1562 3470 essent
1593 3426 1905 3473 sanetorum
1930 3404 2054 3476 cor;

474 3513 627 3569 pora,
662 3506 718 3555 et
750 3501 1140 3570 ignorarentur
1170 3514 1395 3573 propter
1419 3508 1701 3574 tenebras,
1732 3510 1887 3566 stella
1915 3511 2053 3568 luci-

472 3591 701 3646 dissima
748 3607 780 3647 e
823 3594 965 3649 caelo
1000 3603 1200 3651 terram
1231 3597 1533 3665 illustrans,
1585 3610 1640 3656 et
1691 3608 1844 3659 stans
1887 3619 2053 3676 super

476 3686 902 3756 unumquodque
953 3702 1174 3758 corpus,
1205 3689 1435 3758 praebuit
1469 3692 1645 3749 lucem
1681 3696 1748 3750 ad
1776 3710 1839 3752 ea
1879 3713 2054 3769 agno-

473 3777 697 3844 scenda,
740 3779 886 3837 illam
919 3778 1060 3837 forte
1085 3782 1299 3838 stellam
1333 3784 1576 3853 imitans,
1607 3803 1728 3858 quae
1755 3791 1810 3845 in
1841 3790 2053 3850 Christi

473 3878 597 3926 ortu
633 3873 935 3927 secundum
960 3888 1182 3929 carnem
1206 3874 1391 3946 Magos
1435 3893 1503 3934 ex
1536 3878 1758 3937 Perside
1784 3885 2053 3952 evocavit,

474 3970 531 4017 et
573 3962 818 4020 deduxit.
865 3964 991 4021 Haec
1038 3976 1222 4022 autem
1268 3968 1412 4025 facta
1459 3981 1611 4039 sunt,
1664 3988 1787 4029 cum
1833 3977 2055 4043 quidam

476 4054 667 4110 ﬁdeles
692 4056 749 4111 in
781 4068 966 4113 monte
995 4058 1228 4130 genibus
1256 4058 1413 4115 ﬂexis
1447 4061 1741 4119 Dominum
1776 4067 2056 4138 supplices

476 4155 754 4221 rogarent,
785 4164 857 4204 ne
877 4149 1228 4219 privarentur
1262 4152 1408 4207 dono
1440 4163 1755 4210 sanctorum
1786 4159 2059 4214 membro-

478 4248 624 4300 rum,
656 4254 779 4309 qua:
827 4249 1053 4310 propter
1085 4241 1207 4311 ejus
1253 4243 1480 4312 gloriam
1512 4259 1678 4314 supra
1709 4247 1928 4302 modum
1963 4248 2060 4305 de-

477 4339 783 4387 certarunt.
829 4332 904 4386 Ea
948 4348 1083 4388 vero
1130 4334 1532 4391 descendentes
1573 4338 1966 4397 sustulerunt:
2005 4350 2060 4398 et

478 4436 694 4480 Summo
714 4424 913 4491 studio,
947 4434 1171 4496 prapter
1217 4436 1422 4483 metum
1473 4430 1739 4499 praesidis,
1770 4432 1830 4487 in
1874 4441 2060 4487 monte

479 4512 536 4564 in
566 4520 718 4581 petra
748 4526 987 4570 concava
1009 4517 1396 4585 condiderunt,
1427 4520 1794 4592 gloriﬁcantes
1832 4524 2060 4580 sanctis.

2153 3329 2251 3401 τὴν
2288 3329 2386 3399 μὲν
2413 3326 2625 3392 ἔσϐεσε,
2660 3325 2788 3390 τοὺς
2817 3325 2874 3379 δὲ
2921 3323 3170 3394 φυγάδας
3206 3320 3478 3386 ἀπέδειξε,
3508 3317 3739 3372 καὶτῶν

2154 3421 2320 3475 ὁσίων
2366 3418 2639 3489 σωμάτων
2675 3418 2880 3488 ἀναμὶξ
2929 3421 3039 3483 τοῖς
3088 3412 3271 3479 ἄλλοις
3318 3414 3593 3485 κειμένων
3642 3414 3739 3465 καὶ

2154 3513 2539 3584 ἀγνοουμένων
2588 3512 2675 3566 διὰ
2726 3512 2786 3564 τὸ
2827 3512 3045 3577 σκότος,
3104 3511 3289 3582 ἀστὴρ
3340 3509 3642 3577 φανότατος
3674 3504 3740 3570 ἐξ

2154 3605 2387 3680 ούρανοῦ
2449 3606 2723 3679 πρόσγεια
2765 3604 3024 3675 λάμπων,
3082 3604 3177 3657 καὶ
3222 3604 3309 3670 ἐφ’
3360 3602 3577 3669 ἑκάστῳ
3619 3596 3737 3651 τῶν

2158 3701 2431 3773 σωμάτων
2480 3699 2800 3769 ἱστάμενος,
2857 3698 2950 3751 τὶν
3019 3696 3335 3767 γνωρισμὺν
3390 3691 3737 3760 διεφὼτιζεν,

2157 3798 2368 3852 ἐκεῖνον
2410 3795 2554 3865 τάχα
2608 3792 2703 3845 τὸν
2769 3787 3343 3861 ἀστεραμιμούμενος,
3388 3783 3481 3839 τὸν
3528 3782 3620 3834 ἐπὶ
3667 3781 3742 3849 τῇ

2157 3889 2299 3945 κατὰ
2344 3888 2526 3960 σάρκα
2555 3885 2650 3941 τοῦ
2693 3882 2936 3954 Χριστοῦ
2971 3882 3226 3952 γεννήσει
3259 3880 3388 3939 τοὺς
3411 3876 3642 3943 Μάγους
3673 3874 3742 3925 ὲκ

2157 3981 2419 4050 Περσίδος
2442 3975 2891 4048 μετακαλέσαντά
2915 3991 2975 4027 τε
3023 3973 3120 4027 καὶ
3142 3971 3511 4042 eameam.
3549 3964 3744 4019 Ταῦτα

2155 4074 2213 4128 δὲ
2260 4072 2491 4141 ἐγίνετο,
2528 4071 2691 4124 τινῶν
2749 4068 2846 4122 ἐπὶ
2882 4067 2979 4120 τοῦ
3011 4067 3175 4147 ὅρους
3228 4062 3437 4117 πιστῶν
3467 4061 3551 4125 είς
3603 4060 3742 4147 γόνυ

2161 4164 2456 4218 κλιθέντων
2514 4161 2616 4217 καὶ
2665 4159 3023 4213 ἱκετευόντων
3075 4145 3169 4210 rev
3227 4155 3455 4225 Κύριον,
3513 4151 3589 4222 μὴ
3639 4145 3748 4218 τῆς

2159 4255 2373 4326 δωρεᾶς
2407 4255 2518 4306 τῶν
2568 4251 2743 4321 ἁγίων
2786 4250 3091 4320 ἁμοιρῆσαι
3126 4245 3331 4317 μελῶν,
3366 4245 3477 4297 τῶν
3519 4244 3621 4312 τῆς
3650 4239 3750 4293 οῦδ

2160 4347 2253 4401 τοῦ
2283 4347 2441 4417 δόξης
2469 4345 2661 4399 ἕνεκεν
2684 4341 3169 4413 ύπερηθληκότων,
3204 4338 3242 4393 ἃ
3274 4338 3366 4391 καὶ
3395 4333 3746 4394 καταϐάντες

2160 4437 2452 4498 ἀνείλοντο,
2476 4434 2572 4487 καὶ
2593 4433 2798 4502 σπουδῇ
2824 4431 2992 4501 πολλῇ
3012 4430 3102 4483 διὰ
3125 4430 3217 4484 τὸν
3240 4428 3335 4482 τοῦ
3356 4426 3628 4498 ἡγεμόνος
3652 4422 3751 4492 φό-

2164 4528 2257 4581 ϐον
2278 4526 2371 4579 ἐπὶ
2395 4526 2489 4578 τοῦ
2511 4524 2671 4595 ὅρους
2696 4526 2756 4579 ὲν
2791 4522 2969 4595 πέτρα
2989 4522 3149 4593 κοίλῃ
3181 4517 3562 4590 κατέκρυψαν,
3588 4509 3750 4581 δοξὶο

478 4603 678 4659 simum
722 4620 925 4663 nomen
955 4607 1159 4665 Christi
1209 4610 1305 4667 Dei
1356 4613 1572 4668 nostri:
1619 4614 1880 4685 quoniam
1928 4631 2044 4672 eum

2168 4623 2350 4688 ζοντες
2365 4622 2428 4673 τὸ
2441 4620 2747 4690 ύπερὰγιον
2787 4617 2966 4688 δνομα
3002 4613 3246 4688 Χριστοῦ
3271 4612 3368 4667 τοῦ
3402 4608 3541 4665 Θεοῦ
3562 4608 3749 4680 ἡμῶν,

478 4694 640 4754 decet
666 4700 843 4756 omnis
888 4703 1059 4774 gloria
1085 4718 1210 4760 cum
1238 4704 1398 4760 Patre
1425 4706 1684 4778 principii
1723 4716 1967 4778 experte,
1999 4718 2059 4765 et

363 4822 383 4837 ο
479 4795 670 4848 uncto
691 4790 920 4864 Spiritu,
942 4810 1088 4853 nunc
1104 4796 1236 4873 etin
1264 4799 1461 4856 saecula
1486 4800 1835 4860 saeculorum.
1860 4803 2055 4858 Amen.

2166 4714 2248 4768 ὃτι
2268 4712 2417 4783 αὐτῷ
2437 4711 2639 4783 πρέπει
2661 4712 2811 4765 πᾶσα
2832 4709 2962 4775 δόξα
2983 4709 3080 4763 σὺν
3097 4706 3175 4777 τῷ
3191 4704 3417 4774 ἀνάρχῳ
3440 4701 3621 4771 [lupi
3651 4699 3751 4754 καὶ

2166 4803 2245 4874 τῷ
2301 4805 2444 4876 ἁγίῳ
2499 4802 2802 4872 Πντύματι,
2846 4802 2944 4857 νῦν
2977 4801 3072 4855 καὶ
3118 4800 3201 4863 εἰς
3232 4798 3357 4861 τοὺς
3393 4793 3604 4859 αἰῶνας
3635 4792 3751 4846 τῶν

2169 4898 2404 4952 αἰώνων.
2452 4896 2652 4969 Ἀμήν.
