4110 6500
1527 488 1706 552 VITA
1848 489 2181 555 ANDRE£
2225 492 2308 557 IN
2343 492 2575 561 CRISI.

423 482 558 550 1081
1527 488 1706 552 VITA
1848 492 1978 553 AN!

2083 489 2181 555 εἶιὲ
2225 492 2308 557 ΙΝ
2343 492 2575 561 CRISI.
3561 506 3703 573 1082

425 654 3573 709 W

2731 675 3661 715 *‘W

653 839 989 993 .DE
1159 839 1324 996 s.
1502 769 2283 1003 ANDREA
2406 840 3380 1037 .CRETENSI

1720 1120 1961 1186 DICTO
2014 1121 2120 1186 IN
2158 1121 2407 1188 CRISI.

1089 1288 1236 1353 (Acta
1253 1289 1341 1343 SS.
1374 1292 1600 1345 Bulland.
1624 1293 1683 1343 ad
1706 1292 1838 1346 diem
1868 1292 1930 1345 20
1954 1293 2202 1353 Octobris,
2236 1293 2498 1346 tom.-Vlll.
2522 1293 2803 1361 Bruxetlis,
2844 1297 3005 1359 I855.)

531 1608 558 1682 §
586 1610 636 1664 ι.
664 1606 852 1663 Sancti
876 1607 1132 1663 memoria
1156 1611 1209 1663 in
1234 1611 1414 1682 fastis,
1440 1608 1632 1667 Cultus
1649 1621 1701 1669 et
1719 1613 1877 1668 Acta.
2034 1612 2086 1673 Α
2111 1611 2196 1669 vis
2224 1621 2621 1673 memorentur.
2666 1612 2847 1669 locum
2880 1622 3064 1670 tamen
3096 1614 3151 1670 in
3189 1615 3354 1672 modo
3393 1618 3574 1677 allatis
3603 1635 3700 1676 co—

417 1699 714 1757 t.Sanctus
743 1699 1015 1769 Andreas,
1053 1712 1261 1773 martyr
1303 1702 1645 1773 tlpolitanus,
1683 1705 1739 1760 in
1773 1704 1999 1763 Oriente
2101 1706 2318 1761 dicibus
2340 1706 2487 1776 apud
2516 1704 2939 1776 Hetaphrastetu
2971 1723 3085 1763 non
3113 1707 3387 1766 obtinent.
3425 1710 3543 1778 Qua
3568 1728 3702 1768 vero

400 1793 696 1865 plurimum
731 1794 1059 1861 celebratus,
1096 1794 1151 1849 in
1182 1796 1440 1852 omnibus
1470 1812 1625 1868 paene
1653 1796 1858 1854 Graecis
1915 1798 1999 1854 fa-
2099 1804 2262 1852 aetate
2308 1796 2428 1852 dies
2465 1797 2650 1853 cultus
2690 1796 2764 1853 ita
2813 1806 3059 1854 mutatus
3101 1803 3174 1855 sit
3205 1815 3316 1856 non
3370 1802 3511 1857 bene
3540 1802 3700 1858 nobis

398 1887 504 1942 stis
561 1902 702 1958 quos
741 1886 1000 1953 vidimus,
1030 1887 1191 1943 modo
1233 1898 1356 1960 post
1381 1890 1502 1961 ejus
1529 1891 1838 1961 passionem
1865 1906 1998 1947 con-

395 1977 592 2047 scripti
649 1976 876 2041 fuerint,
944 1979 1239 2046 recolitur;
1274 1995 1375 2037 nec
1426 1982 1571 2051 apud
1627 1997 1721 2038 eas
1783 1990 1995 2039 tantum

396 2080 609 2145 gentes,
641 2090 763 2144 qua:
796 2071 986 2131 Graeca
1014 2075 1200 2151 lingua
1231 2076 1362 2133 olim
1385 2095 1499 2135 usa:
1528 2088 1657 2135 sunt
1700 2091 1796 2137 aut
1825 2093 1995 2138 num-

398 2176 505 2232 tur,
533 2168 627 2221 sed
674 2168 839 2222 etiam
873 2169 1017 2238 apud
1063 2169 1336 2235 Moschus,
1372 2172 1659 2228 Rothenos
1686 2174 1992 2232 etMelchi-

393 2266 479 2312 tas
523 2257 919 2321 Autiochenos.
951 2258 1299 2315 Kalendariis
1349 2262 1741 2319 ecclesiasticis
1783 2266 1993 2321 adscri-

389 2357 521 2419 ptus
581 2356 687 2404 est.
741 2347 800 2404 ιιι
854 2350 1259 2420 antiquissimis
1303 2362 1489 2408 autem
1546 2354 1851 2427 Eclogadiis
1890 2373 1989 2414 seu

387 2439 875 2515 Menologiis.quze
897 2443 1182 2499 codicibus
1212 2444 1347 2501 Novi
1383 2445 1724 2504 Testameuti
1757 2449 1989 2522 amgun-

388 2539 482 2587 tur
520 2541 576 2588 et
607 2535 751 2588 nuda
782 2535 1004 2589 nomina
1031 2534 1359 2592 Sanctorum
1400 2539 1663 2595 exhibent
1685 2557 1808 2596 cum
1844 2543 1988 2599 indi-

384 2625 606 2680 cnioue
637 2625 935 2681 lectionum
980 2628 1034 2681 in
1076 2643 1267 2683 eorum
1318 2629 1460 2684 festo
1501 2631 1982 2701 instituendarum,

386 2714 447 2771 8.
474 2717 722 2772 Andreas
751 2718 805 2773 in
825 2716 966 2774 Crisi
1003 2734 1068 2773 eo
1097 2719 1219 2789 ipso
1251 2719 1341 2773 die
1366 2722 1747 2789 aunuutiatur,
1783 2740 1892 2794 quo
1928 2726 1983 2781 in

387 2808 535 2865 Actis
563 2811 769 2866 nostris
793 2811 998 2867 obiisse
1029 2810 1225 2876 fertur,
1256 2827 1325 2867 xx
1353 2829 1549 2884 nempe
1578 2814 1848 2873 Octobris.
1876 2816 1987 2873 Hu-

2099 1898 2349 1955 constat;
2398 1890 2754 1947 collectiones
2802 1899 2985 1947 tamen
3038 1892 3474 1963 Mctapbrasticaa
3509 1895 3694 1950 saeculi

2100 1997 2195 2047 xm
2228 1989 2285 2038 et
2320 1998 2408 2038 xiv
2438 1983 2586 2038 diem
2618 1999 2708 2038 xix
2740 1982 3042 2047 retinuere,
3065 1994 3121 2039 et
3150 1984 3388 2055 primum
3421 1986 3541 2042 dies
3563 2003 3694 2056 xm,

2095 2082 2362 2146 quantum
2415 2075 2471 2131 id
2517 2077 2734 2146 assequi
2784 2077 3083 2146 potuimus.
3116 2086 3347 2147 apparet
3406 2078 3460 2133 in
3504 2080 3696 2136 codice

2094 2167 2281 2222 saeculi
2314 2183 2403 2232 xv,
2436 2166 2527 2235 qui
2553 2177 2735 2223 exstat
2764 2169 2823 2222 in
2856 2168 3196 2225 Bibliotheca
3238 2170 3482 2226 Parisina
3517 2181 3573 2227 et
3617 2172 3697 2228 si-

2093 2267 2295 2331 gnatur
2331 2267 2390 2313 u°
2418 2258 2581 2314 l558.
2620 2260 2679 2314 In
2717 2258 3028 2331 Menologio
3058 2263 3265 2327 Sirleti,
3314 2264 3460 2333 quod
3495 2279 3696 2335 perpe-

2092 2366 2210 2406 ram
2243 2350 2446 2407 smculo
2469 2367 2522 2405 xt
2576 2360 2673 2406 aut
2696 2368 2769 2407 xtt
2802 2353 3179 2423 conscriptum
3225 2370 3351 2411 esse
3394 2354 3694 2427 Basnagins

2090 2442 2313 2513 coniicit
2336 2443 2435 2512 (5),
2473 2442 2745 2512 siquidem
2794 2460 2942 2500 mera
2975 2446 3292 2516 compilatio
3319 2456 3403 2502 est
3427 2463 3459 2502 a
3490 2446 3694 2503 Sirleto

2088 2549 2156 2589 ex
2217 2520 2440 2589 Mettaeis
2501 2535 2722 2589 excusis
2778 2543 2875 2590 aut
2928 2538 3318 2608 manuscriptis
3377 2549 3691 2611 desumpta.

2087 2629 2419 2696 quandoque
2443 2642 2613 2697 opera
2653 2629 2790 2683 satis
2816 2628 2924 2683 levi
2960 2628 3057 2701 (6),
3092 2631 3239 2699 quod
3276 2630 3573 2688 Baronium
3608 2633 3691 2689 la-

2088 2719 2257 2774 tuisse
2288 2718 2510 2774 videtur
2536 2719 2638 2789 (7),
2669 2719 2733 2773 in
2777 2720 2885 2775 hoc
2920 2720 3248 2792 Meuologio.
3286 2724 3537 2792 inquam.
3567 2725 3688 2782 dies

2085 2811 2275 2867 itidem
2310 2828 2419 2867 xvu
2464 2813 2522 2868 S.
2557 2811 2793 2868 Andreae
2841 2815 3174 2885 assignatur.
3211 2816 3269 2870 In
3303 2817 3687 2887 Ephemeridi-

381 2901 618 2973 iusmodi
675 2913 803 2959 sunt
856 2903 1161 2975 Menologia
1200 2907 1595 2980 Hierosolymis
1641 2918 1697 2964 et
1748 2909 1977 2981 Calipoli
2008 2969 2053 2983 _
2083 2907 2190 2962 bus
2217 2906 2714 2977 Greco-Moschis,
2761 2909 2815 2963 in
2853 2909 3076 2967 Tabulis
3118 2910 3490 2983 Capponiauis
3532 2925 3590 2970 et
3631 2914 3687 2971 in

381 2969 583 3051 sarculo
620 2995 837 3053 decimo
867 2969 1198 3069 conscripta,
1222 3001 1408 3070 judice
1454 2969 1596 3072 Aug.
1627 3001 1847 3070 Schutz,
1869 2969 1974 3074 ἰιιιί
2008 2969 2053 3029 Β
2082 3000 2302 3056 Mcnmis
2350 3002 2570 3057 excusis
2617 2969 2938 3059 constanter
2975 3004 3042 3059 ad
3089 2969 3250 3059 diem.
3283 3022 3394 3061 xm
3445 3006 3688 3063 Sanctus

379 3103 444 3143 ea
475 3090 532 3143 in
557 3089 737 3145 lucem
774 3091 865 3147 edi
903 3093 1118 3147 curavit
1148 3095 1244 3162 (t).
1278 3094 1405 3150 dein
1434 3094 1801 3166 Menqlogium
1826 3096 1975 3153 aliud

379 3182 566 3239 saeculi
616 3199 691 3249 xt,
725 3185 871 3255 quod
905 3200 936 3240 a
969 3184 1349 3256 Mingharellio
1380 3189 1658 3257 vulgatum
1690 3198 1775 3245 est
1805 3190 1885 3260 (2)
1920 3200 1977 3248 et

380 3275 648 3332 Sanctum
678 3288 929 3334 nostrum
964 3279 1160 3336 iisdem
1210 3281 1438 3338 omnino
1475 3283 1656 3340 verbis
1685 3286 1975 3341 annuntiat

376 3384 447 3426 ac
502 3370 613 3444 duo
660 3372 1075 3442 praecedentia:
1127 3375 1205 3445 Τῇ
1258 3375 1395 3447 αὐτῇ
1443 3377 1627 3448 ἡμέρᾳ
1671 3375 1770 3430 τοῦ
1811 3378 1972 3446 ἁγίου

373 3463 784 3536 ὁσιομάρτυρος
830 3465 1090 3538 Ἀνδρέου
1142 3468 1242 3539 τῆς
1297 3468 1586 3539 Κρίσεωςς
1641 3470 1835 3525 eadem
1882 3471 1974 3526 die

375 3555 471 3627 (xx
501 3556 775 3625 Octobris)
846 3557 1021 3615 sancti
1070 3559 1327 3615 monachi
1390 3560 1537 3627 (nam
1587 3561 1738 3624 ὅσιος
1779 3576 1972 3616 mona-

373 3649 538 3703 chum
582 3649 853 3722 designat)
901 3660 958 3706 et
1020 3652 1276 3724 martyris
1318 3652 1550 3708 Andreas
1587 3667 1619 3708 ιι
1663 3653 1828 3710 Crisi.
1886 3654 1970 3710 Ad

372 3742 630 3798 eumdem
655 3742 801 3798 diem
828 3759 895 3798 xx
934 3759 1063 3798 eum
1093 3743 1347 3799 similiter
1369 3745 1618 3801 referunt
1643 3745 1844 3801 Mentea
1873 3762 1965 3802 vev

372 3844 694 3906 tusta,qua:
758 3835 1049 3892 Mediolani
1101 3837 1157 3891 in
1202 3836 1538 3894 Bibliotheca
1584 3837 1966 3906 Ambrosiana,

372 3929 429 3984 in
465 3928 792 3984 Taurincnsi
828 3930 993 3985 etiam
1024 3937 1082 3984 et
1128 3927 1374 3985 Parisina
1406 3939 1789 3994 asservautur.
1817 3939 1873 3986 et
1901 3947 1970 3986 ex

371 4021 578 4092 quibus
604 4020 733 4076 olim
768 4018 1134 4095 llagiograpbi
1182 4021 1617 4092 Antverpienses
1654 4022 1825 4079 multa
1869 4020 1968 4094 Sy-

371 4114 638 4176 uaxaria.
698 4129 797 4170 seu
855 4114 1103 4170 Vitarum
1163 4115 1489 4185 compendia
1552 4126 1964 4186 excerpserunt.

369 4208 629 4264 Attamen
655 4222 779 4263 cum
812 4208 1003 4263 eadem
1033 4207 1123 4264 die
1165 4225 1232 4263 xx
1265 4207 1520 4264 Octobris
1569 4207 1836 4263 memoria
1867 4207 1966 4265 ﬁes

2084 3103 2270 3147 uoster
2342 3093 2606 3159 refertur.
2675 3095 2826 3150 unde
2895 3096 3063 3150 etiam
3121 3097 3187 3151 ad
3237 3095 3685 3169 Martyrologium

2082 3181 2393 3239 Romanum
2444 3200 2512 3241 eo
2564 3186 2654 3241 die
2703 3186 3012 3242 devenerit.
3076 3188 3137 3241 In
3213 3188 3439 3244 Tabulis
3501 3191 3686 3260 itaque

2078 3278 2474 3348 Capponianis.
2512 3277 2604 3333 ubi
2635 3276 2694 3331 8.
2741 3279 2991 3334 Andreas
3026 3279 3210 3335 loculo
3259 3281 3422 3336 tertio
3477 3283 3685 3338 mensis

2079 3368 2333 3425 Octobris
2380 3370 2607 3424 ultimus
2657 3370 2838 3441 prodit
2889 3372 2991 3442 (8),
3034 3372 3139 3427 sub
3191 3373 3379 3429 habitu
3426 3374 3685 3431 monachi

2078 3470 2391 3530 comparet.
2422 3460 2669 3531 itemque
2717 3463 2773 3517 in
2807 3461 3281 3534 Papebrochianis
3319 3483 3337 3531 ;
3368 3482 3683 3536 quanquam

2079 3555 2229 3610 enim
2272 3555 2427 3610 stolae
2466 3554 2709 3624 speciem
2755 3554 2926 3610 habet
2951 3569 2983 3611 e
3014 3555 3158 3610 collo
3189 3556 3543 3626 pendentem,
3570 3571 3682 3613 non

2079 3647 2203 3703 ideo
2233 3662 2357 3702 cum
2400 3648 2705 3703 Assemano
2734 3658 2794 3701 ut
2822 3649 3213 3719 presbyterum
3260 3663 3388 3704 enm
3420 3651 3680 3705 vestitum

2077 3739 2346 3804 dicemus,
2375 3754 2501 3795 cum
2535 3754 2730 3795 omnes
2767 3740 3016 3795 monachi
3049 3748 3105 3795 et
3143 3740 3389 3796 cremita:
3406 3741 3479 3797 ita
3510 3740 3682 3813 proti-

2077 3840 2226 3896 eant.
2268 3842 2327 3887 et
2385 3832 2633 3901 quidem.
2692 3844 2752 3888 ut
2796 3831 2857 3888 S.
2888 3833 3158 3898 Andreas,
3191 3835 3417 3891 dextera
3451 3835 3683 3891 benedi-

2076 3939 2207 3980 cere
2230 3924 2547 3979 videantur.
2580 3928 2707 3981 Haec
2753 3925 3017 3981 distincte
3057 3929 3207 3981 cerni
3260 3936 3490 3997 possunt
3531 3929 3679 3999 apud

2078 4013 2512 4085 Papebrochium
2528 4012 2629 4087 (9),
2659 4017 2751 4086 qui
2785 4017 3053 4087 imagines
3073 4018 3367 4089 diligenter
3388 4021 3486 4076 ari
3509 4021 3678 4077 incidi

2074 4106 2287 4163 curavit
2317 4108 2467 4164 etde
2491 4123 2683 4163 eorum
2711 4109 2924 4181 origine
2953 4119 3013 4166 et
3041 4125 3143 4164 usu
3166 4112 3431 4167 nonnulla
3457 4112 3674 4168 curiosa

2072 4199 2342 4271 praefatus
2362 4211 2480 4269 est;
2508 4217 2700 4257 verum
2729 4202 3099 4273 Cappcniante
3126 4205 3397 4274 imagines
3432 4213 3540 4259 tam
3571 4219 3675 4260 ne-

370 4312 454 4358 rct
484 4301 712 4357 alterius
751 4302 896 4372 apud
945 4301 1165 4358 Grazcos
1194 4302 1431 4357 maxime
1469 4301 1731 4358 celebrati
1764 4311 1968 4375 marty~
1996 4335 2041 4396 ε
2073 4293 2344 4396 sugente:
2372 4310 2519 4350 casa!
2547 4306 2678 4351 sunt
2713 4306 2774 4352 ut
2800 4313 2891 4351 νιι
2915 4296 3294 4396 quidquamin
3334 4296 3406 4353 iis
3434 4296 3673 4396 discerni

368 4394 449 4449 ris
500 4408 701 4464 nempe
755 4394 984 4449 Artemii
1028 4393 1207 4462 ducis,
1273 4395 1442 4467 cmpit
1486 4395 1686 4451 festum
1740 4393 1801 4451 8.
1847 4396 1964 4451 An-

2072 4388 2269 4459 possit.
2296 4386 2486 4458 Neque
2533 4398 2716 4444 tamen
2766 4398 3057 4460 propterea
3103 4390 3148 4444 is
3181 4389 3303 4445 illas
3334 4405 3365 4445 a
3406 4390 3569 4446 nobis
3616 4389 3674 4446 in

368 4487 515 4542 drcte
551 4485 838 4542 transferri
874 4487 941 4542 ad
973 4502 1087 4551 xix,
1119 4502 1230 4556 quo
1279 4489 1370 4543 die
1401 4490 1641 4544 occurrit
1674 4488 1731 4542 in
1781 4488 1964 4544 omni-
2074 4481 2337 4537 munibus
2370 4482 2613 4552 praeponi
2657 4481 2929 4552 ηιιίερῑδηι
2960 4482 3262 4548 uisum”.
3299 4497 3427 4538 Cum
3452 4498 3671 4541 effort-8

367 4577 475 4634 bus
524 4579 767 4649 antiquis
815 4580 1229 4651 exemplaribus
1271 4581 1614 4636 collectionis
1658 4581 1969 4651 Metaphra,
2073 4576 2218 4631 bene
2254 4574 2567 4667 multosgin
2613 4576 2729 4629 suis
2762 4573 2989 4667 Tabulis
3029 4575 3473 4667 deprehenderit
3496 4577 3672 4647 Pape—

366 4671 540 4729 sticm.
571 4670 630 4726 ld
675 4671 1028 4726 manifestum
1073 4680 1156 4727 est
1202 4688 1268 4728 ex
1316 4672 1670 4729 Bibliotheca
1704 4672 1967 4729 Parisinae
2077 4667 2361 4732 brochius,
2398 4665 2491 4721 Ubi
2529 4665 2899 4734 εθρροηῖθηω
2932 4675 3199 4720 “cura”?
3224 4682 3327 4721 ⁵1³³
3354 4665 3647 4736 proferunt

366 4765 653 4820 codicibus
682 4765 823 4820 bene
855 4763 1044 4820 multis
1075 4764 1176 4837 (5),
1201 4781 1267 4821 ex
1306 4767 1501 4822 codice
1523 4766 1787 4822 historico
1822 4767 1887 4820 t7
1910 4772 1966 4821 et
2061 4758 2270 4815 Iterum
2324 4758 2509 4828 prodit
2559 4755 2618 4809 S.
2656 4756 2907 4811 Andreas
2951 4754 3007 4809 in
3053 4756 3318 4827 diptycbo
3374 4756 3669 4825 Cpolitano

368 4855 437 4910 l8
465 4856 819 4914 Bibliothecae
848 4858 1297 4915 Viudobonensis
1317 4860 1394 4931 (2i)
1428 4872 1486 4914 et
1506 4858 1795 4929 permultis
1820 4858 1963 4925 aliis,
2063 4852 2213 4923 quod
2258 4849 2675 4922 Papebrochius
2702 4839 3169 4919 Epheﬂeridibus
3191 4847 3311 4903 suis
3341 4848 3581 4917 subjecit
3611 4859 3670 4905 et

365 4958 433 4999 cx
468 4944 817 5016 Synaxarista
852 4947 1091 5019 denique
1122 4946 1400 5004 Sirmondi
1433 4949 1817 5019 nostri,quem
1843 4948 1965 5004 Bol-
2061 4944 2156 5001 teri
2193 4943 2359 5000 incidi
2395 4944 2529 5000 item
2554 4941 2797 5007 curavit;
2835 4941 2909 4997 ibi
2942 4950 3129 4998 autem
3150 4956 3277 4996 cum
3313 4939 3505 4997 Sancti
3539 4950 3666 4996 tan-

340 5036 608 5103 ,landiani
657 5038 791 5095 socii
836 5055 904 5095 ex
939 5040 1169 5112 collegio
1195 5039 1627 5097 Claromontano
1669 5040 1962 5098 Parisiensi
2062 5046 2176 5092 tum
2204 5035 2739 5108 quadragintanoli
2766 5034 3102 5090 celebriores
3116 5041 3534 5096 recense-antur,
3559 5047 3663 5102 pa—

324 5126 327 5127 ⁷
365 5129 497 5184 olim
528 5130 952 5188 cxscribendum
980 5142 1337 5204 acceperunt.
2069 5138 2147 5186 tet
2189 5138 2396 5202 quanto
2442 5130 2653 5185 honore
2707 5138 3007 5200 martyrem
3059 5125 3215 5182 illum
3260 5124 3441 5182 Graeci
3471 5139 3663 5197 prose-

436 5221 493 5275 2.
534 5221 642 5278 Sed
678 5224 795 5280 baro
840 5224 1073 5281 mutatio
1114 5240 1224 5281 non
1253 5224 1513 5296 perstitit.
1551 5233 1607 5281 et
1656 5224 1852 5281 iterum
1898 5224 1956 5281 8.
2068 5231 2328 5295 quantur.
2353 5223 2621 5279 Praeterea
2653 5222 2709 5278 in
2744 5219 3060 5294 Synaxariis
3095 5218 3226 5275 Mss.
3256 5216 3581 5276 Ruthenicis
3606 5224 3663 5273 et

363 5311 614 5371 Andreas
656 5314 723 5370 ad
778 5308 888 5371 xvii
932 5313 1184 5371 Octobris
1232 5315 1531 5371 translatus
1574 5321 1681 5378 est,
1712 5330 1824 5385 quo
1869 5314 1959 5371 dic
2069 5316 2307 5373 Moschis
2337 5332 2460 5386 quae
2485 5315 2547 5372 Ρ.
2577 5315 2747 5372 David
2776 5316 2837 5370 8.
2860 5314 2913 5370 .l.
2939 5328 3088 5370 anno
3122 5311 3262 5369 1688
3291 5321 3348 5369 et
3370 5310 3660 5368 Comcsdc

364 5402 536 5461 Oseas
569 5406 834 5478 propheta
866 5415 925 5463 et
947 5406 1050 5463 SS.
1081 5406 1310 5464 Cosmas
1343 5415 1399 5464 et
1448 5406 1746 5463 Damiauus
1768 5421 1961 5477 quam~
2068 5407 2449 5479 Sparvvent‘eld
2471 5423 2620 5464 anno
2664 5406 2812 5462 1719.
2835 5406 2909 5462 ad
2948 5403 3369 5477 Hagiograpbos
3399 5398 3658 5457 transmi-

438 5588 530 5711 ἓξ).
555 5588 631 5711 [ge
653 5586 988 5711 genologiis
1012 5588 1246 5644 duorum
1276 5587 1525 5644 codicum
1552 5586 1729 5643 Grazc.
1762 5584 1964 5642 Bonna:

2083 5586 2177 5642 S56
2208 5593 2264 5642 et
2291 5600 2445 5657 seqq.

2147 5657 2222 5711 (5)
2251 5655 2540 5711 Lectiones
2569 5655 2680 5710 auti

365 5648 773 5758 ‘8?G?\,IP;II§;A~
803 5728 1100 5758 "anznn-Im
1166 5744 1196 5758 η
1247 5727 1352 5758 προ

2147 5657 2222 5727 (5)
2251 5648 2540 5712 Lectiones
2564 5655 2765 5736 autiq.,
2798 5663 2837 5710 t.
2876 5653 2966 5723 ΙΙΙ,
3002 5661 3139 5724 part.
3177 5667 3216 5717 ι,
3246 5667 3300 5723 p.
3335 5648 3462 5706 480.

2141 5729 2216 5758 [Et
2250 5727 2292 5758 Τ
2354 5726 2417 5758 ΙΙΙ
2456 5727 2574 5758 uni.
2642 5742 2673 5758 η
2732 5727 2801 5758 ΚΟ

437 5728 516 5796 (2)
539 5726 776 5786 Codices
803 5728 1126 5793 Naniorum.
1166 5744 1216 5798 p.
1247 5727 1373 5785 569.
2141 5729 2217 5797 (6)
2250 5727 2326 5809 Τ..
2354 5726 2417 5782 Ill
2454 5727 2602 5789 Maii.
2642 5742 2694 5794 p.
2732 5727 2832 5807 69...
3002 5797 3013 5811 ι

552 5798 728 5881 gata}.
762 5798 947 5881 timid.
980 5798 1123 5881 diss.
1172 5798 1311 5856 Bibl.
1350 5798 1546 5863 Paris,
1579 5806 1617 5853 t.
1670 5799 1742 5866 ll,
1779 5796 1953 5855 Codd.
2139 5799 2216 5881 (Ζ)
2422 5806 2476 5881 et
2508 5806 2546 5852 ι.
2659 5795 2864 5881 hlartu.
2892 5797 3285 5881 ιιίνιιοῡεὶεειιε.Δ
3313 5863 3341 5881 _

368 5862 529 5930 uso“.
564 5869 724 5939 ttat,
754 5871 912 5934 H95,
940 5878 1049 5926 etc.
1534 5862 1539 5863 '
1728 5862 1736 5866 '

2138 5862 2214 5939 (8)
2246 5862 2535 5939 Kalendar.
2578 5867 2764 5922 Ecclcs
2792 5905 2806 5929 .
2852 5862 2905 5921 ιζ
2926 5865 2986 5927 γ,
3026 5884 3077 5935 p.
3101 5865 3206 5918 9.16
3234 5873 3288 5920 et
3313 5862 3436 5920 504.

437 5938 516 6009 (t)
552 5938 898 6009 Lambecius,
945 5941 1341 6011 Commentar.,
1373 5950 1507 6012 ctc.,
1558 5952 1595 6000 ι.
1632 5940 1745 5997 Vill
1770 5982 1784 6010 ,
1814 5940 1950 6000 Cod.

2137 5937 2217 6010 (9)
2253 5938 2315 5993 Τ.
2356 5937 2395 6004 l,
2439 5937 2587 6003 Maii,
2622 5953 2676 6007 p.
2713 5953 2856 6004 χιιί,
2893 5953 2955 5992 1.x
2990 5949 3121 6006 etp.
3150 5951 3207 5990 ιι.
