4110 6432
599 395 736 462 1083

1868 405 2152 467 MENSIS
2189 403 2562 467 OCTOBER.

3687 413 3799 476 ιςει

595 524 739 572 sere,
785 508 842 564 S.
892 508 1140 568 Andreas
1194 512 1447 570 similiter
1499 532 1652 574 suam
1699 519 2174 576 annuntiationem
2206 521 2251 579 Α
2279 515 2600 574 Cretensem
2615 525 2862 573 nostrum
2892 516 3187 573 ostendere
3219 517 3446 573 conabor
3475 518 3723 594 inferius§
3756 541 3803 578 n.

595 602 828 666 obtinet,
853 604 941 659 die
970 605 1152 660 itidem
1191 623 1300 680 xvtt
1337 607 1612 666 Octobris.

513 681 517 684 ’
664 695 718 749 3.
756 697 854 751 Hic
889 700 1228 766 praetermitti
1276 716 1385 756 non
1416 701 1580 758 debet
1618 703 1974 776 Papebrochii
2003 706 2180 762 Tabu-

595 787 675 842 las
721 803 1021 859 earumque
1057 792 1474 862 explicationes,
1507 798 1560 852 in
1606 797 1996 870 Supplemento
2030 800 2179 857 The-

595 879 741 934 sauri
788 879 1011 937 Goriaul
1066 882 1455 956 Diptychorum
1507 898 1788 946 mutuatas
1822 907 1945 950 esse
1991 894 2174 960 modo,

514 994 523 1044 ς
594 979 652 1024 ιιι
674 971 954 1028 lenissime
983 974 1354 1041 dicam,valde
1383 981 1668 1048 singulari.
1690 983 1975 1040 Passerius
2003 986 2174 1052 enim,

591 1063 685 1131 qui
736 1065 996 1132 praeclaro
1030 1066 1158 1121 huic
1201 1068 1351 1139 operi
1383 1081 1595 1139 partem
1641 1082 1892 1142 quartam
1923 1090 1983 1131 se
2028 1077 2179 1147 adje-

590 1155 735 1210 cisse
790 1166 1041 1223 testatur,
1087 1160 1164 1214 ait
1214 1175 1274 1215 se
1322 1161 1567 1231 Diptychi
1613 1164 1878 1231 Cpolitani
1923 1175 2175 1239 ectypum

589 1257 942 1303 consecutum
963 1250 1096 1320 (l0),
1125 1262 1175 1305 at
1199 1268 1320 1306 cum
1347 1269 1411 1308 ex
1436 1253 1787 1312 Bollandiano
1809 1275 1976 1328 opere
1995 1260 2174 1316 lumen

589 1347 877 1407 qumreret,
918 1343 1140 1398 nomina
1178 1345 1346 1399 multa
1388 1347 1716 1404 Sanctorum
1752 1352 1950 1406 omissa
1983 1367 2042 1407 se
2079 1354 2176 1407 ad-

590 1433 822 1486 vertisse
877 1444 1176 1500 asseverat,
1211 1437 1314 1491 alia
1361 1439 1703 1508 perturbata,
1742 1441 2176 1500 Commentarios

591 1521 721 1574 item
753 1523 905 1576 nullo
939 1525 1129 1580 ordine
1163 1530 1527 1599 conscriptos,
1561 1531 1634 1585 ita
1663 1542 1723 1586 ut
1752 1548 1862 1587 non
1891 1533 1943 1587 in
1967 1534 2173 1602 lumen,

590 1612 686 1666 sed
724 1613 776 1667 in
823 1616 1107 1686 caliginem
1156 1619 1391 1684 irruens,
1427 1621 1542 1692 ipse
1574 1640 1670 1693 per
1702 1639 1761 1679 se
1792 1628 1971 1680 omnia
2007 1628 2175 1683 extri-

589 1719 716 1758 care
760 1706 1028 1762 debuerit.
1066 1709 1228 1780 Atqui
1278 1729 1344 1766 ex
1390 1714 1474 1767 his
1513 1716 1791 1781 omnibus,
1817 1735 1886 1773 ne
1917 1736 2020 1773 una
2059 1721 2176 1790 qui-

589 1795 712 1849 dem
755 1800 990 1853 assertio
1049 1817 1176 1856 vero
1249 1805 1495 1873 proxima
1555 1819 1660 1870 est,
1716 1825 1817 1864 nec
1874 1813 2170 1883 quidquam

586 1891 902 1946 emendavit
931 1893 1020 1946 ille
1051 1897 1291 1966 scriptor
1316 1909 1409 1954 aut
1436 1910 1668 1972 ectypon
1700 1916 2037 1961 consecutus
2064 1919 2167 1975 est,

584 1980 680 2035 sed
712 1982 914 2053 efﬁgies
961 1986 1432 2056 Papebrocbianas
1472 2003 1702 2048 conatus
1745 1995 1973 2060 referre,
2020 2014 2171 2052 erro-

585 2087 674 2128 res
702 2089 808 2128 non
839 2076 987 2131 leves
1015 2080 1254 2135 admisit.
1277 2081 1534 2138 Testatur
1561 2085 1708 2140 enim
1741 2067 2168 2156 Papebrochius,

582 2170 907 2231 cumltotutn
943 2169 1242 2238 Diptychon
1283 2175 1476 2243 pagina
1508 2191 1706 2246 capere
1738 2193 1844 2231 non
1878 2189 2084 2248 posset.
2111 2198 2169 2236 se

582 2256 848 2312 artiﬁcem
892 2276 1110 2329 rogasse
1147 2272 1204 2317 ut
1235 2264 1420 2320 icones
1451 2267 1544 2320 aeri
1580 2268 1952 2324 inciderentur
1977 2272 2169 2327 ordine

583 2349 777 2404 leviter
825 2351 1154 2421 immutato;
1187 2358 1282 2410 sed
1335 2373 1482 2422 eum,
1520 2360 1889 2428 postulatione
1921 2379 2030 2418 non
2068 2367 2168 2420 rite

583 2441 884 2508 intellecta,
923 2445 1227 2514 pluScqum
1271 2464 1299 2501 a
1333 2463 1459 2503 vera
1512 2451 1759 2522 Diptychi
1813 2455 2168 2525 dispositione

580 2532 902 2602 aberrasse;
942 2553 1100 2604 quam
1151 2548 1331 2592 tamen
1383 2540 1812 2608 Papebrochius,
1845 2547 1973 2599 dum
2027 2545 2164 2601 San-

577 2633 792 2682 ctorunr
827 2629 1050 2682 nomina
1080 2632 1330 2695 (nitidius
1357 2635 1529 2687 multo
1565 2634 1617 2688 in
1656 2645 1848 2706 ectypo
1876 2653 1976 2692 suo
2002 2655 2164 2710 quam

580 2719 633 2776 in
680 2717 920 2772 Goriano
974 2721 1361 2789 supplemento
1417 2725 1688 2794 prolata),
1744 2727 2168 2788 Commentariis

577 2811 894 2878 illustravit,
931 2815 998 2867 ad
1052 2816 1284 2884 rigorem
1341 2827 1562 2874 secutus
1607 2830 1691 2874 est
1726 2822 1862 2889 (Η).
1896 2822 1950 2876 Si
2003 2825 2165 2894 igitur

571 2915 807 2974 ectypon
839 2905 1118 2960 habuisset
1151 2908 1386 2976 scriptor
1436 2909 1546 2971 ille.
1585 2912 1881 2981 sculptoris
1915 2917 2163 2981 sphalma

577 3011 682 3050 non
713 3009 901 3051 exacte
948 2998 1244 3063 retulisset,
1281 3017 1459 3070 neque
1491 3003 1581 3057 tibi
1612 3003 2018 3074 Papebrochius
2047 3008 2165 3063 Tri-

538 3058 554 3080 ’
575 3088 758 3158 {sychi
789 3090 991 3144 Moschi
1027 3106 1245 3159 capsam
1273 3095 1517 3159 rescidit,
1544 3097 1670 3164 quia
1695 3114 1814 3152 eam
1849 3100 2048 3154 iterum
2073 3118 2166 3170 pa-

573 3179 696 3248 gina
751 3195 857 3233 non
911 3183 1184 3251 capiebat,
1226 3185 1313 3239 ille
1363 3185 1619 3242 similiter
1674 3190 2010 3255 rescidisset,
2059 3210 2162 3249 nec
2192 3217 2234 3272 (τ

572 3267 811 3338 denique
867 3280 973 3324 tam
1030 3286 1288 3331 accurate
1343 3278 1753 3336 Bollandianam
1805 3285 2035 3355 rliigiem
2072 3287 2167 3342 de-

573 3360 910 3430 scripsisSct,
930 3375 988 3419 ut
1014 3382 1082 3420 ne
1105 3368 1188 3422 vel
1210 3369 1486 3426 levissima
1512 3375 1801 3432 diversitas
1826 3379 2166 3447 deprehendi

575 3456 767 3522 possit.
817 3455 926 3511 Sed
979 3459 1390 3530 Papebrochius
1427 3476 1694 3522 mutatum
1745 3485 1868 3527 esse
1914 3473 2162 3529 ordini-tn

573 3544 854 3613 indicavit,
897 3566 963 3605 ac
1014 3553 1067 3607 in
1125 3553 1346 3610 iconum
1395 3561 1718 3615 recensione
1768 3563 1943 3631 ipsius
1979 3579 2165 3629 proto-

571 3639 681 3707 tvpi
733 3651 980 3697 servatus
1023 3653 1105 3699 est
1152 3648 1321 3714 ordo;
1357 3649 1447 3705 ille
1496 3668 1625 3706 vero
1664 3653 1858 3708 horum
1906 3668 2161 3714 neutrum

570 3730 802 3794 recinet
847 3736 972 3803 quia
1012 3738 1240 3808 singulis
1287 3743 1606 3799 nominibus
1647 3750 2160 3805 commentariolum

568 3835 863 3881 annectere
904 3829 1094 3894 voluit,
1126 3833 1216 3886 ubi
1249 3832 1740 3906 llagiograpliicum
1775 3853 2026 3896 nostrum
2063 3845 2162 3898 du-

567 3931 687 3971 cem
738 3935 846 3974 non
904 3922 1114 3990 habuit,
1142 3940 1361 3981 errores
1397 3929 1754 3998 gravissimos
1795 3933 2037 3989 admisit.
2085 3934 2158 3991 lta

567 4006 624 4062 S.
643 4007 980 4078 Stephanum
1004 4012 1284 4070 Juniorem
1309 4018 1444 4088 (12),
1470 4029 1760 4091 martyrem
1786 4026 2156 4093 notissimum,

568 4113 675 4154 non
710 4103 811 4156 sub
837 4103 1182 4176 Copronymo
1218 4110 1315 4164 sed
1362 4112 1464 4165 sub
1496 4113 1676 4168 Leone
1720 4115 1906 4172 Isauro
1936 4135 2156 4188 passum

564 4189 828 4255 aﬂirmat,
883 4199 1029 4264 quod
1103 4197 1515 4268 Papebrochius
1542 4201 1819 4274 "profecto
1846 4211 2156 4282 [nunquam

564 4283 894 4351 scripsisset.
953 4289 1154 4343 Eodem
1215 4294 1376 4348 modo
1417 4299 1713 4364 procedere
1758 4301 1975 4358 videtur
2025 4307 2154 4362 dum

566 4372 856 4446 Triptycha
884 4378 1100 4436 Mosclia
1132 4386 1409 4452 explanat,
1445 4391 1539 4444 sed
1575 4408 1683 4446 non
1736 4407 1892 4450 vacat
1923 4413 2039 4452 rem
2070 4402 2154 4454 di-

562 4467 817 4539 ligcntius
868 4472 1265 4546 indigareUS).
1297 4480 1409 4537 Nec
1457 4485 1748 4557 quisquam
1789 4491 1878 4546 hic
1923 4494 2151 4563 objiciat

2280 608 2457 678 Atque
2483 607 2575 663 hic
2609 617 2824 663 tantum
2873 606 3076 661 notabo
3122 606 3235 661 haec
3271 622 3454 676 pauca.
3495 607 3672 666 Passus
3702 616 3804 682 qui-

2279 699 2405 754 dem
2455 709 2540 755 est
2590 699 2647 756 S.
2684 699 2996 771 Stephanus
3026 715 3192 754 xxvtn
3240 699 3564 764 Novembris,
3589 705 3673 759 sed
3703 722 3806 761 cum

2279 792 2348 846 sit
2391 793 2702 863 praecipuus
2760 791 3160 862 persecutionis
3217 791 3641 864 Copronymiante
3685 812 3808 851 mar-

2281 891 2383 954 tyr,
2441 884 2506 940 iis
2557 885 2752 940 diebus
2801 885 3001 954 quibus
3047 884 3138 938 alii
3192 885 3430 954 ejusdem
3463 889 3810 956 persecutionis

2279 985 2547 1046 martyres
2582 977 3006 1039 annuntiantur,
3044 991 3189 1046 stepe
3217 977 3331 1046 ipse
3353 978 3506 1031 simul
3547 991 3808 1049 comparet.

2279 1065 2699 1138 Coniunguntur
2772 1069 2954 1137 itaque
3022 1068 3334 1137 frequenter
3395 1067 3447 1122 S.
3517 1067 3809 1138 Stephanus,

2277 1157 2335 1215 S.
2372 1160 2640 1221 Andreas,
2667 1160 2724 1216 S.
2759 1162 2954 1225 Petrus
2982 1171 3038 1216 et
3074 1163 3130 1215 S.
3160 1162 3357 1216 Paulus
3385 1164 3481 1215 sub
3513 1164 3810 1235 Copronymo

2282 1251 2453 1322 passi,
2486 1267 2799 1323 quanquam
2842 1253 3006 1308 simul
3031 1253 3096 1307 ad
3125 1254 3458 1323 martyrium,
3491 1264 3545 1308 ut
3571 1272 3627 1310 ex
3656 1258 3812 1328 singu-

2286 1341 2460 1397 lorum
2512 1343 2664 1399 Actis
2703 1353 2872 1413 patet.
2924 1360 3034 1399 non
3085 1355 3484 1415 processerunt.
3527 1347 3578 1400 In
3623 1347 3809 1402 Mcnreis

2280 1435 2408 1490 Mss.
2441 1435 2819 1493 Ambrosianis
2860 1453 2958 1492 seu
2994 1438 3486 1494 Mediolanensibus
3527 1441 3576 1494 hi
3616 1454 3812 1511 qttaluur

2277 1524 2376 1579 SS.
2421 1537 2688 1599 martyres
2736 1531 2900 1585 simul
2939 1530 3156 1586 colendi
3200 1533 3536 1598 assignantur
3568 1550 3627 1588 xx
3675 1534 3811 1589 Octo-

2279 1616 2426 1682 bris;
2452 1617 2579 1672 dein
2619 1618 2677 1674 S.
2709 1619 2943 1675 Andreae
3002 1622 3056 1676 in
3095 1621 3234 1677 Crisi
3273 1623 3634 1693 Synaxarium,
3664 1626 3706 1679 id
3745 1636 3812 1680 est

2278 1707 2461 1764 brevis
2490 1711 2614 1766 vita;
2657 1719 2711 1765 et
2747 1713 3019 1782 passionis
3049 1713 3276 1767 historia
3309 1715 3653 1785 subiungitur.
3691 1715 3811 1770 Idem

2278 1799 2331 1852 in
2367 1800 2489 1856 aliis
2520 1802 2740 1858 Menrcis
2780 1803 2912 1860 Mss.
2945 1814 3005 1859 ut
3048 1805 3101 1859 in
3148 1805 3337 1860 codice
3369 1809 3588 1876 quodam
3620 1805 3812 1862 Malari-

2275 1908 2394 1947 nzeo
2444 1911 2551 1963 quo
2595 1911 2736 1966 saepe
2783 1897 3106 1952 decessores
3149 1899 3322 1952 nostri
3373 1900 3450 1954 usi
3499 1908 3633 1963 sunt,
3661 1901 3813 1955 videto

2272 1992 2376 2036 est.
2405 1981 2759 2053 Synaxarium
2789 1996 2971 2040 autem
3005 1986 3426 2049 Mediolanense.
3452 1992 3812 2057 quoniamnon-

2273 2076 2408 2130 nihil
2455 2077 2639 2131 diﬂ‘ert
2667 2078 2735 2132 ab
2772 2078 2866 2132 illo
2896 2079 3040 2148 quod
3085 2080 3150 2134 ad
3203 2097 3312 2135 xvn
3359 2081 3596 2135 Octobris
3627 2082 3672 2134 in
3720 2082 3810 2135 Me-

2272 2168 2404 2221 naeis
2447 2169 2765 2240 vulgaribus
2809 2186 3072 2226 excusum
3123 2182 3232 2236 est,
3263 2183 3317 2228 et
3370 2173 3668 2228 mirabiliter
3709 2191 3808 2230 cum

2271 2259 2422 2314 Actis
2463 2261 2666 2316 nostris
2706 2263 2980 2332 prioribus
3028 2273 3320 2328 consonat,
3353 2264 3424 2318 ita
3458 2275 3508 2317 ut
3540 2281 3600 2318 ex
3636 2265 3709 2319 liis
3734 2265 3809 2318 de-

2270 2360 2548 2420 sumptum
2588 2352 2720 2407 illud
2769 2353 2962 2408 merito
3015 2356 3299 2426 conjicias,
3353 2354 3436 2410 hic
3488 2354 3727 2423 integrum
3757 2370 3807 2408 ex

2271 2441 2461 2498 codice
2496 2443 2599 2499 Ms.
2627 2444 2976 2513 proferimus.
2998 2444 3166 2500 Datur
3201 2462 3337 2501 vero
3367 2445 3522 2501 sicuti
3547 2446 3807 2515 cst,sphal-

2271 2535 2430 2588 matis
2457 2546 2508 2589 et
2539 2535 2906 2591 locutionibus
2947 2537 3268 2592 Graecorum
3298 2538 3492 2592 infima!
3519 2538 3674 2591 mtatis
3714 2536 3806 2589 ubi-

2271 2627 2640 2696 quczretentis,
2660 2629 2727 2684 dc
2749 2630 2966 2698 quibus,
3001 2633 3041 2683 si
3067 2631 3422 2700 luliet,aliqui
3451 2631 3602 2684 videri
3623 2638 3806 2698 possunt

2269 2721 2411 2789 apud
2441 2720 2519 2775 (Il.
2556 2723 2698 2775 Hase
2735 2722 2788 2774 in
2819 2724 3058 2778 editione
3088 2723 3294 2779 Leonis
3329 2723 3539 2786 Djaconi
3565 2725 3663 2794 (lt)

2345 2833 2400 2888 5.
2433 2834 2578 2904 Μηνὶ
2637 2834 2926 2903 ὀκτωϐρίῳ
2952 2843 3000 2888 κ’
3028 2835 3137 2889 τῶν
3169 2837 3352 2903 ἁγίων
3393 2836 3651 2904 νεοφινὼν
3692 2849 3804 2904 pap-

2266 2927 2448 2996 τύρων
2515 2929 2822 2997 Στεφάνου,
2894 2928 3132 2991 Παύλου,
3170 2930 3383 3001 Πέτρου
3439 2929 3528 2982 καὶ
3577 2925 3804 2996 Ἀνδρέου,

2265 3022 2372 3073 τῶν
2405 3023 2495 3073 ἐπὶ
2529 3021 2909 3092 Κοπρωνύμου
2937 3024 3442 3094 μαρτυρησάντων.
3482 3014 3638 3084 Οὗτος
3664 3016 3804 3089 ἦνέτι

2269 3114 2678 3166 Κωνσταντίνου
2746 3114 2840 3167 τοῦ
2873 3115 3200 3168 κασαλλινου
3257 3119 3313 3171 ὲν
3353 3117 3571 3186 ἀσκήσει
3618 3114 3803 3181 διάγων,

2266 3206 2324 3258 ὲν
2353 3208 2419 3276 τῇ
2444 3209 2592 3276 νήσῳ
2613 3207 2828 3277 Κρήτῃ.
2895 3206 3140 3261 Ἀκούων
3169 3208 3236 3261 δὲ
3268 3209 3358 3262 τὸν
3387 3209 3629 3278 τύραννον
3661 3220 3802 3273 τιμω-

2273 3299 2522 3368 ρήσαντα
2565 3299 2694 3360 τοὺς
2746 3299 3088 3368 ὀρθοδόξους,
3147 3303 3456 3356 ἀνέπλευσε
3512 3300 3634 3370 πρὸς
3676 3298 3800 3350 Κων-

2273 3389 2722 3444 σταντινούπολιν
2781 3391 3021 3458 ἐλέγξων
3074 3392 3267 3458 αὑτὸν,
3326 3396 3416 3448 καὶ
3466 3391 3627 3461 εὑρὼν
3670 3387 3801 3440 αὑτὸν

2269 3483 2446 3551 πέραν
2471 3485 2528 3536 ὲν
2555 3483 2649 3536 τοῦ
2675 3485 2832 3552 ἁγίου
2863 3485 3068 3547 Maium:
3082 3502 3166 3548 τος
3190 3486 3468 3549 παλατῖοις
3500 3479 3798 3553 τιμωροῦντα

2266 3577 2395 3638 τοὺς
2427 3575 2502 3644 μὴ
2531 3577 2903 3646 ἀρνουμένους
2933 3576 3030 3640 τὰς
3069 3578 3225 3640 Θείας
3273 3578 3503 3640 εἰκόνας,
3532 3576 3624 3644 Em
3646 3589 3659 3604 ο
3681 3567 3798 3638 ’Δρα

2269 3668 2577 3736 κριστιανὸς
2609 3664 2680 3732 εἷ,
2742 3669 2999 3739 βασιλεῦς
3041 3671 3100 3723 Ὀ
3127 3670 3188 3723 δὲ
3217 3671 3352 3740 πρὸς
3391 3669 3543 3723 αὑτὸν
3603 3663 3702 3738 μετ’
3727 3663 3798 3729 ὀρ·

2265 3762 2367 3828 γῆς
2406 3761 2671 3831 στραφεὶς
2717 3761 2975 3815 ἐκέλευσε
3008 3764 3148 3834 πρὸς
3196 3764 3360 3817 αὑτὸν
3415 3760 3651 3828 ἄγεσθαι·
3682 3757 3722 3809 oi
3753 3752 3797 3806 δὲ

2260 3851 2369 3904 τῶν
2394 3851 2598 3922 τριχῶν
2641 3851 2917 3921 σύροντες,
2947 3852 3099 3906 ἄλλοι
3131 3853 3225 3907 τὸν
3248 3851 3477 3924 κοιτῶνα
3513 3845 3794 3920 ρηγνύντες.

2263 3943 2358 3995 καὶ
2391 3944 2455 3995 ὲκ
2511 3943 2618 3996 τῶν
2649 3937 2889 3996 ὄπισθεν’
2930 3945 3256 4010 τύπτοντες,
3303 3945 3492 4014 ἔσυρον
3526 3942 3607 3993 τὸν
3650 3938 3792 4004 ἅγιον.

2262 4033 2355 4085 και
2396 4049 2532 4103 φησι
2562 4033 2698 4104 πρὸς
2746 4035 2911 4088 αὐτόν
2935 4051 2949 4065 °
3011 4033 3202 4100 Οὕτως
3234 4035 3514 4104 ἐδιδάχθης
3546 4029 3793 4099 ἀτιμάζειν

2261 4124 2521 4194 βασιλέα;
2561 4125 2619 4178 Ὀ
2659 4126 2717 4179 δέ
2751 4141 2764 4156 ⁸
2793 4127 2982 4191 Οὐδεὶς
3006 4128 3320 4197 ἁμαρτάνει
3347 4126 3564 4198 βασιλέα
3590 4124 3795 4189 ἐλέγχων

2258 4217 2686 4286 παρανομοῦντα
2709 4235 2722 4252 ·
2746 4220 2774 4271 ὁ
2802 4219 2859 4273 δέ
2898 4236 2912 4250 ·
2945 4219 3086 4284 Τοὺς
3133 4219 3580 4293 παρανομοῦντας
3630 4215 3792 4285 μᾶλλον

2258 4309 2417 4378 ὑμεῖς
2455 4310 2780 4380 κολάζομεν.
2806 4313 2932 4376 τοὺς
2962 4314 3034 4374 ὡς
3056 4314 3216 4378 θεοὺς
3246 4312 3691 4385 προσερχομένου;
3719 4305 3792 4356 καὶ

2255 4400 2622 4474 λατρεύοντας
2650 4406 2767 4467 ταῖς
2797 4405 3023 4458 εἰκόσινο
3055 4407 3181 4460 ὀδέ’
3225 4409 3488 4475 Ἀγνοεῖς,
3519 4398 3558 4456 ὦ
3587 4398 3788 4471 βασιλεῆ

2257 4496 2311 4567 τί
2340 4495 2438 4563 μὲν
2461 4496 2522 4549 τὸ
2550 4499 2816 4567 σχετικῶς
2849 4500 3202 4567 προσκυνεῖν,
3225 4499 3276 4550 τί
3293 4499 3351 4550 δὲ
3371 4497 3427 4550 τὸ
3451 4495 3786 4564 λατρευτικὼς.

563 4561 616 4614 in
657 4563 950 4622 editionem
996 4568 1253 4627 Venetam
1286 4555 1624 4635 Bollaniliani
1662 4580 1860 4652 Operis
1892 4555 2149 4655 praedicta
2182 4560 2186 4617 ί

2182 4559 2231 4617 D
2253 4555 2415 4640 .⁹Ο-δὲ
2445 4555 2722 4640 τείνεΙσθαι
2771 4555 2965 4642 τοῦτόν
2997 4591 3054 4642 ἐν
3095 4591 3374 4660 μαστῖγας
3403 4589 3655 4648 ἐκέλευσε,
3686 4583 3785 4653 βου-

560 4659 872 4723 gravamina
902 4661 1106 4729 prolata
1160 4664 1344 4722 fuisse.
1378 4669 1512 4725 Nam
1566 4675 1744 4742 primo
1779 4677 2150 4748 Antverpien-

558 4758 672 4798 sem
699 4746 851 4810 citat.
885 4751 1010 4806 dein
1034 4753 1090 4808 in
1123 4751 1356 4829 ιλιι-ιιιιῶ
1378 4762 1617 4818 editione
1645 4765 1811 4820 iidem
1838 4779 1967 4823 sunt
1987 4746 2148 4826 Com-

558 4844 834 4907 mentarii,
873 4861 1010 4912 quos
1057 4848 1101 4903 si
1154 4851 1426 4910 immerito
1473 4873 1705 4928 arguere
1754 4871 1810 4916 et
1850 4863 2144 4921 immutare

556 4950 726 4990 ausus
747 4945 853 5001 est,
885 4938 940 4992 in
963 4955 1030 4994 eo
1059 4941 1276 5012 dignam
1317 4951 1645 5019 arrogantia:
1680 4969 1898 5024 pennam
1933 4958 2055 5013 tulit
2087 4969 2146 5014 ut

555 5027 649 5081 tibi
693 5030 1044 5098 gravissimos
1099 5050 1319 5092 errores
1371 5055 1439 5094 ex
1501 5043 1712 5100 calamo
1763 5047 2015 5104 excidere
2071 5051 2144 5105 sit

554 5133 771 5187 passus.

619 5213 672 5266 4.
713 5213 926 5271 Colitur
964 5217 1023 5273 S.
1057 5219 1304 5277 Andreas
1350 5239 1459 5280 non
1490 5237 1698 5286 tantum
1727 5236 1997 5303 pnedictis
2022 5242 2140 5297 die-

550 5304 674 5371 bus,
727 5323 916 5364 verum
961 5312 1125 5367 etiam
1174 5331 1339 5370 nvut
1383 5317 1704 5379 Novembris
1746 5341 1868 5382 cum
1915 5329 1973 5386 S.
2011 5331 2138 5389 Stc-

552 5396 732 5462 pltano
756 5397 1002 5457 Juniore.
1040 5399 1316 5461 'Andream
1346 5408 1514 5477 enim,
1551 5413 1642 5482 qui
1693 5416 1746 5470 in
1782 5417 1937 5475 fastis
1965 5426 2138 5480 sacris

553 5503 659 5545 una
714 5507 839 5546 cum
890 5493 993 5548 hoc
1048 5495 1327 5567 Stephano
1363 5504 1561 5570 prodit,
1606 5509 1859 5565 eumdem
1905 5528 2027 5570 esse
2073 5533 2137 5572 ac

626 5630 736 5699 (10)
766 5629 912 5716 995i]
949 5631 1264 5689 Thesaurus
1299 5645 1538 5716 veterum
1567 5644 1972 5716 diptychorum.
2006 5651 2134 5707 Flo—

555 5709 741 5782 renti-ae
773 5701 1100 5782 i7§9,hpnart.
1135 5707 1346 5782 Itin-psi
1381 5717 1437 5761 et
1467 5724 1616 5782 seqq.

623 5767 735 5847 (ιι)
767 5770 899 5847 ftcta
933 5772 1058 5847 s_s.,
1093 5785 1130 5828 ι.
1161 5775 1176 5827 1
1212 5767 1352 5841 Maii,
1392 5793 1443 5846 ρ.
1477 5767 1649 5847 ι.ν;ἰι.
1683 5786 1735 5840 ι.

627 5836 734 5900 tif!)
769 5837 893 5891 Luc.
929 5836 1050 5906 (ιιι,
1077 5863 1126 5912 p.
1161 5847 1211 5900 8.

2258 4680 2468 4750 νεύροις
2488 4684 2630 4735 κατά
2661 4683 2753 4735 τοῦ
2771 4683 2929 4736 νότου
2967 4685 3063 4737 καὶ
3095 4683 3193 4736 cui”:
3224 4684 3458 4753 στήθους
3491 4672 3780 4750 φραγελλῶν·

2256 4767 2374 4824 εἶτα
2405 4772 2554 4826 λίθου
2581 4774 2641 4826 τὸ
2676 4774 2851 4844 στόμα
2907 4775 3214 4846 προσέταξε
3271 4772 3584 4830 τύπτεσθαι.
3633 4767 3699 4836 Τῇ
3737 4761 3780 4815 δὲ

2256 4861 2523 4932 ἐπαύριον
2553 4862 2823 4929 ἐκϐαλὼν,
2857 4863 2932 4926 ὼς
2959 4866 3061 4917 οὐκ
3094 4864 3320 4918 ἔπεισεν
3371 4859 3685 4936 ἀρνήσασθαι
3711 4854 3780 4904 τὸν

2254 4956 2492 5022 Χριστὸν
2527 4957 2623 5010 καὶ
2654 4957 2754 5020 τὰς
2788 4957 2955 5026 ἁγίας
2989 4958 3232 5020 εἰκόνας,
3283 4957 3456 5027 τύψας
3488 4955 3647 5016 πάλιν,
3669 4945 3774 5001 κατὰ

2254 5049 2501 5117 κεφαλῆς
2537 5049 2804 5121 σύρεσθαι
2845 5050 3036 5103 τοῦτον
3085 5049 3192 5102 τῶν
3220 5051 3400 5103 ποδῶν
3427 5050 3547 5112 τοὺς
3582 5042 3769 5113 σχοίνους

2252 5142 2571 5211 ἐξάψαντες,
2620 5145 2680 5195 ὲν
2715 5145 2780 5212 τῇ
2821 5144 3404 5196 Κωνσταντινουπὸλει
3449 5127 3765 5207 θεατρίξεσθπ

2253 5232 2612 5301 προστάσσει.
2650 5232 2712 5286 Ol
2749 5232 2807 5284 δὲ
2852 5233 3086 5302 τάχιστα
3123 5231 3578 5304 περανιωθέντες,
3606 5217 3771 5324 mittil!

2251 5322 2409 5392 ἅγιον
2440 5327 2698 5396 σύροντες
2743 5325 2983 5378 ἓόαπτον
3014 5326 3113 5394 τὴν
3151 5326 3256 5393 γῆν
3286 5327 3403 5386 τοῖς
3437 5322 3644 5390 αἴμασιν
3665 5328 3676 5341 ·

2246 5414 2302 5468 δὲ
2329 5420 2407 5476 εἰς
2444 5419 2541 5486 τὴν
2572 5417 2665 5470 τοῦ
2698 5419 2828 5481 Bob;
2849 5418 3062 5488 ἀγορὰν
3112 5418 3480 5487 πεφθὰκασινν
3523 5410 3664 5507 είδίίξν
3697 5419 3776 5507 :‘u‘

2245 5511 2375 5570 τούς
2414 5524 2496 5570 τις
2520 5508 2647 5578 ἄρτι
2681 5509 2815 5572 τοὺς
2848 5509 3039 5578 ἰχθύας
3073 5507 3596 5578 ἀποξορτισάμενος,
3620 5497 3777 5565 ἡρωτι

2319 5643 2431 5710 (ιδ)
2459 5643 2620 5707 lbid.,
2663 5659 2717 5712 p.
2753 5642 2840 5695 ιο.

2318 5694 2947 5791 ξίλλξβέδῐίίεῖξίλίξιεοιιί
3005 5712 3252 5770 Historiae
3301 5729 3345 5791 e_
3383 5722 3585 5763 rcccns.
3633 5700 3686 5755 C.
3729 5694 3778 5748 Β.

2250 5784 2411 5849 llasv,
2453 5783 2648 5836 [Bonum
2679 5783 2832 5850 l828,
2877 5801 2927 5853 p.
2966 5801 3088 5838 sxw
3119 5792 3168 5838 ct
3209 5783 3424 5851 paSsim.
