4110 6452
300 442 439 513 1385

1413 451 1592 514 VITA
1632 452 1690 515 S.
1738 448 2074 512 ANDREBE
2115 450 2197 513 IN
2242 452 2473 514 CRISI.

3449 452 3581 518 1086

291 558 398 629 τὴν
442 557 626 613 αἰτίαν
657 556 1030 630 τῆξβασᾶνου
1057 559 1155 616 καὶ
1181 558 1395 631 μαθὼν,
1419 560 1614 629 ἀξίνην
1652 559 1865 631 μακε).-

1991 568 2215 629 ιυοιιῑοι
2262 569 2483 614 sanctos
2528 558 2731 624 varios,
2765 557 2857 628 qui
2912 558 3116 614 Sancto
3162 557 3437 630 praecipuo
3484 558 3578 613 tali

291 650 456 722 λικὴν
480 650 511 704 ὁ
538 648 727 717 ἄθλιος
754 653 1039 723 ἁρπάσας,
1090 652 1461 727 χαριζόμενος
1487 657 1602 719 τοῖς
1632 653 1725 708 τοῦ
1757 654 1880 709 δια·

295 743 457 797 δόλου
508 743 837 814 ὑπηρέταις,
864 743 1152 816 δρομαίως
1190 746 1413 818 ἔργεται
1442 745 1540 800 κα)⁸
1567 745 1660 801 τὸν
1704 746 1883 813 δεξιὸν

294 834 437 888 πόδα
456 833 554 888 τοῦ
579 834 739 903 ἁγίου
769 835 1039 907 ἀπέκοψε,
1075 836 1174 890 καὶ
1207 837 1337 907 παρ’
1369 835 1535 890 αὑτοῦ
1565 838 1667 909 τὴν
1716 837 1883 905 ἁγίαν

294 928 467 984 αὐτοῦ
522 930 618 983 καὶ
665 929 948 1001 μακαρίαν
980 928 1162 1000 ψυχὴν
1211 929 1487 1002 παρέθετο
1537 929 1616 1001 τῷ
1669 930 1881 1002 Κυρίῳ.

295 1025 362 1077 οε
399 1021 494 1077 οὖν
534 1022 818 1093 σύροντες,
841 1022 1039 1093 νεκρὸν
1090 1023 1315 1088 ἰδόντες.
1357 1023 1435 1087 ὥς
1466 1039 1520 1077 τι
1556 1022 1882 1094 θνησιμαῖον

291 1117 355 1169 ιν
383 1115 653 1187 κοπρώδει
682 1115 870 1187 χωρίῳ
892 1115 1446 1189 ἀπέρῤιῷαν,ζνυκτδς
1465 1116 1519 1170 δὲ
1549 1116 1886 1170 καταλαϐού-

295 1224 421 1277 σης.
448 1208 598 1269 τινὲς
624 1206 737 1260 τῶν
762 1207 1068 1277 ὁρθοδὸξων
1098 1208 1356 1277 ἄραντες,
1382 1207 1596 1279 ἔθαψαν
1624 1209 1684 1262 ὲν
1729 1207 1884 1279 τόπῳ

293 1297 582 1370 λεγομένῳ
637 1299 736 1368 τῆς
783 1298 1060 1369 Κρίσεως.
1118 1298 1245 1354 Hau:
1279 1299 1447 1354 latine
1481 1316 1631 1354 versa
1679 1301 1755 1353 sic
1799 1315 1888 1354 so-

294 1399 450 1445 nant.

362 1481 420 1539 6.
484 1481 580 1538 Die
619 1498 688 1537 xx
725 1482 976 1537 Octobris
1009 1482 1272 1539 Memoria
1315 1485 1618 1541 recentium
1664 1495 1883 1542 saneto-

290 1590 418 1631 rum
465 1583 764 1646 martyrum
805 1574 1091 1645 Stephani,
1136 1576 1307 1642 Pauli,
1356 1578 1499 1633 Petri
1550 1585 1604 1632 et
1654 1577 1887 1632 Andreae

292 1666 388 1738 qui
418 1670 519 1722 sub
546 1666 895 1738 Copronymo
927 1667 1069 1738 passi
1110 1679 1258 1724 sunt.
1290 1700 1359 1712 —-
1389 1671 1443 1726 Is
1465 1671 1757 1741 (Andreas)
1783 1670 1885 1727 sub

291 1757 659 1814 Constantino
691 1758 999 1826 Caballino,
1030 1762 1283 1817 asceticsc
1314 1763 1437 1819 vita:
1465 1764 1715 1820 addictus
1740 1762 1886 1818 vive.

292 1851 391 1907 bat
420 1852 473 1906 in
504 1849 681 1906 insula
720 1851 903 1917 Creta,
938 1868 1176 1923 cumque
1204 1857 1449 1911 audisset
1484 1866 1773 1928 tyrannum
1794 1870 1883 1910 or-

293 1943 570 2001 thodoms
622 1946 909 2000 tormentis
971 1946 1265 2017 exagitare,
1314 1947 1465 2003 illum
1517 1947 1883 2021 redarguendi

291 2052 461 2095 causa
496 2036 1029 2108 Constantinopolim
1071 2039 1365 2111 navigavit.
1415 2041 1774 2096 luveniteum
1804 2042 1885 2096 ul-

294 2140 380 2187 tra
420 2130 755 2200 (civitatem,
786 2132 822 2185 ἰ.
853 2147 899 2185 e.
929 2129 996 2185 ad
1034 2140 1243 2201 partem
1295 2132 1712 2188 occidentalem.
1750 2134 1884 2190 Vide

294 2223 438 2280 intra
471 2240 627 2279 num.
660 2222 752 2294 50)
787 2223 840 2278 in
873 2223 1082 2280 Palatio
1118 2225 1185 2281 ad
1221 2226 1279 2281 8.
1311 2225 1628 2295 Mamantis,
1654 2228 1886 2282 saevien-

297 2327 407 2374 tem
439 2318 494 2372 in
525 2332 621 2373 eos
651 2318 744 2388 qui
783 2332 1061 2373 sacrarum
1111 2319 1410 2389 imaginum
1439 2319 1646 2375 nollent
1676 2320 1886 2375 cultum

291 2410 553 2480 abjicere,
613 2425 850 2482 eumque
901 2412 1240 2485 compellans
1295 2429 1311 2466 :
1369 2412 1693 2482 Imperator,
1753 2424 1886 2469 tunc

292 2503 643 2559 Christianus
699 2518 786 2568 es,
817 2502 1038 2574 inquit?
1071 2503 1170 2558 llic
1214 2519 1346 2559 vero
1390 2521 1514 2559 cum
1548 2504 1629 2560 ira
1660 2505 1726 2561 ad
1758 2520 1886 2582 eum

291 2609 613 2660 conversus,
664 2593 859 2649 adduci
905 2594 1092 2664 jussit.
1144 2594 1283 2650 Tum
1344 2595 1435 2650 alii
1494 2595 1709 2665 capillis
1740 2596 1889 2650 abri-

293 2686 534 2759 pientes,
565 2687 653 2743 alii
692 2688 934 2744 tunicam
974 2688 1282 2745 lacerantes
1324 2696 1381 2744 et
1423 2705 1453 2744 a
1485 2699 1638 2761 tergo
1670 2690 1886 2745 caeden-

295 2790 399 2848 tes,
429 2779 689 2837 Sanctum
719 2781 1030 2851 raptabant.
1065 2782 1166 2837 Cui
1209 2791 1474 2855 tyrannus
1515 2801 1531 2838 :
1562 2782 1714 2840 Itane
1755 2800 1887 2841 con-

294 2873 539 2929 tumeliis
560 2873 952 2944 imperatorem
976 2873 1192 2931 allicere
1222 2876 1451 2932 edoctus
1475 2877 1575 2932 es?
1598 2877 1694 2932 llle
1723 2892 1883 2933 vero:

290 2963 467 3021 Nemo
510 2965 799 3034 delinquit,
837 2967 1225 3037 imperatorem
1272 2982 1528 3040 arguens.
1580 2970 1705 3023 dum
1738 2968 1889 3039 leges

291 3060 621 3115 contemnit.
670 3060 963 3130 Tyrannus
994 3062 1194 3116 iterum
1230 3080 1244 3117 :
1276 3061 1336 3116 In
1372 3077 1467 3116 vos
1488 3062 1672 3132 potius
1704 3063 1885 3130 legum

291 3159 646 3219 corruptores
664 3151 1175 3216 animadvertimus,
1194 3157 1291 3221 qui
1317 3154 1469 3222 quasi
1494 3154 1597 3209 diis
1619 3155 1886 3217 advoluti,

1985 651 2072 707 die
2095 650 2375 707 celebrato
2417 647 2607 705 aﬂines
2632 660 2782 712 sunt.
2818 659 2875 706 et
2912 659 3094 706 tamen
3148 650 3363 720 priores
3412 651 3579 707 etiam

1985 759 2146 801 suum
2191 744 2478 815 proprium
2526 742 2669 797 diem
2695 742 2990 798 ~obtinere.
3020 741 3078 797 In
3125 742 3345 799 Mentiris
3395 744 3581 813 itaque

1983 836 2231 908 praedicti
2268 843 2504 906 quatuor
2538 833 2723 890 Sancti
2772 834 2841 889 ad
2869 835 3016 890 diem
3058 850 3149 891 xxi
3182 835 3455 898 Octobris,
3483 834 3576 904 qui

1983 928 2091 985 diei
2121 943 2231 999 quo
2269 941 2465 998 passus
2495 936 2583 982 est
2613 926 2672 983 S.
2704 927 2956 982 Andreas
2987 927 3042 981 in
3068 926 3234 991 Crisi,
3264 943 3334 982 xx
3369 927 3578 983 scilicet

1984 1020 2273 1091 proximus
2319 1028 2424 1081 est,
2459 1018 2614 1073 relati
2652 1027 2781 1073 sunt
2823 1028 2880 1075 et
2927 1019 3178 1090 sequenti
3213 1019 3365 1073 brevi
3409 1033 3580 1074 enco-

1987 1113 2099 1169 mio
2138 1111 2491 1167 celebrantur
2520 1128 2533 1164 :
2564 1111 2642 1183 Τῇ
2666 1111 2806 1181 αὐτῇ
2826 1110 3037 1182 ἡμέρᾳ,
3066 1110 3255 1181 μνήμη
3281 1110 3390 1163 τῶν
3408 1109 3582 1177 ἁγίων

1989 1205 2276 1273 νεοφανῶν
2306 1202 2606 1276 μαρτύρων
2666 1201 2943 1276 Ἀνδρέου,
3010 1202 3312 1272 Στεφάνου,
3364 1203 3584 1256 Παύλου

1988 1296 2084 1351 καὶ
2109 1297 2349 1365 Πέτρου.

1986 1388 2168 1460 Στίχοι
2194 1405 2210 1421 ⁸
2240 1386 2423 1458 Τρεῖς,
2448 1388 2476 1439 ὁ
2496 1386 2789 1457 Στέφανος,
2823 1387 2887 1439 ait
2916 1388 3242 1458 στεφανῖτας
3263 1387 3407 1458 ἔχεις

2246 1481 2387 1544 Τοὺς
2411 1480 2494 1533 σοὶ
2518 1479 2955 1548 συναθλήσιντας
2978 1480 3037 1546 ἐξ
3059 1480 3178 1544 ἐνὸς
3201 1480 3409 1550 ξίφους.

2059 1573 2115 1629 ld
2142 1582 2227 1629 est
2256 1589 2271 1627 :
2298 1572 2500 1627 Eadem
2530 1570 2621 1625 die
2649 1570 2759 1641 (xxt
2793 1568 3013 1637 Octob.)
3065 1570 3331 1625 memoria
3366 1578 3588 1626 sancto-

1988 1681 2110 1722 rum
2135 1664 2437 1722 recentium
2455 1673 2755 1735 martyrum
2777 1661 3032 1728 Andreaa,
3049 1662 3338 1734 Stephani,
3358 1661 3512 1718 Pauli
3532 1669 3589 1719 et

1988 1756 2161 1813 Petri.

1992 1848 2192 1905 Versus
2226 1867 2242 1905 :
2277 1850 2412 1905 Tres
2445 1857 2845 1905 concoronatos
2877 1845 3067 1911 habes,
3095 1860 3129 1901 ο
3164 1843 3472 1917 Stephane,

2280 1942 2485 1999 Tecum
2513 1955 2646 1998 ense
2676 1948 2978 2012 pugnantes
3009 1938 3199 1994 eodem
3220 1947 3462 1995 strenue.

1987 2038 2227 2092 Rursum
2257 2036 2345 2091 die
2373 2052 2540 2091 xxvtu
2571 2032 2900 2090 Octobrisin
2926 2031 3102 2086 altero
3132 2031 3364 2086 duorum
3398 2029 3587 2085 Meno-

1987 2130 2257 2201 logiorum
2311 2143 2433 2198 quae
2488 2127 2779 2182 Scholzius
2840 2123 3014 2180 edidit
3071 2122 3211 2195 (l6),
3265 2131 3588 2193 comparent

1990 2218 2092 2275 SS.
2148 2227 2417 2289 martyres
2480 2214 2816 2285 Stephanus,
2878 2213 3075 2268 Petrus
3131 2222 3188 2268 et
3236 2212 3483 2266 Andreas
3532 2218 3589 2266 et

1989 2325 2163 2365 xxvm
2195 2309 2335 2364 Nov.
2368 2307 2570 2363 iterum
2600 2306 2659 2363 S.
2693 2306 3010 2376 Stephanus
3034 2304 3233 2361 Junior
3270 2314 3474 2376 martyr
3502 2319 3592 2361 so-

1988 2402 2105 2469 lus;
2143 2402 2200 2456 in
2234 2402 2410 2457 altero
2439 2416 2570 2456 vero
2600 2400 2752 2454 solus
2798 2397 2854 2453 S.
2890 2397 3205 2468 Stephanus
3242 2398 3440 2453 Junior
3468 2412 3590 2453 mo-

1989 2496 2200 2552 naehus
2228 2502 2284 2549 et
2329 2502 2534 2565 martyr
2560 2493 2650 2548 die
2679 2508 2850 2547 xxvtn
2880 2490 3002 2548 Oct.
3032 2492 3201 2548 semel
3251 2505 3590 2547 commemo-

1988 2596 2162 2642 ratur.
2196 2585 2332 2641 ltem
2365 2586 2422 2640 in
2476 2585 2669 2641 codice
2713 2584 3088 2640 Laurentiano
3126 2583 3238 2652 (l7)
3283 2584 3466 2639 saeculi
3502 2600 3531 2639 x
3571 2601 3587 2638 :

1989 2693 2162 2735 xxvut
2188 2675 2385 2734 Octob.
2423 2679 2484 2733 8.
2519 2670 2783 2747 Stephani
2811 2685 2867 2733 et
2897 2676 3140 2746 quicum
3173 2691 3240 2731 eo
3270 2676 3412 2746 passi
3440 2683 3587 2730 sunt.

1989 2770 2321 2840 Coniectura
2366 2769 2518 2825 ducti
2569 2779 2631 2825 ut
2657 2783 3000 2841 exponemus
3039 2784 3097 2823 ιι.
3155 2769 3227 2823 9.3
3258 2768 3593 2827 arbitramur

1990 2865 2083 2920 hic
2150 2863 2301 2918 illum
2329 2863 2671 2933 Stephanum
2717 2863 2845 2917 olim
2893 2871 3386 2917 commemoratum
3421 2859 3593 2916 fuisse

1993 2956 2086 3025 qui
2122 2957 2225 3010 sub
2251 2956 2445 3011 eodem
2484 2955 2836 3027 Copronymo
2865 2952 3099 3025 plurima
3132 2969 3348 3025 passus,
3380 2954 3508 3009 dein
3534 2953 3590 3009 in

1992 3048 2277 3121 Sugdaeam
2342 3049 2500 3106 exsul
2531 3058 2719 3104 sancte
2752 3049 2918 3103 vitam
2957 3047 3154 3103 ﬁnivit.
3194 3048 3272 3102 lta
3320 3047 3465 3103 enim
3510 3045 3590 3101 fe-

1992 3151 2122 3196 runt
2155 3151 2269 3197 tam
2301 3142 2529 3206 Menma.
2568 3154 2682 3199 tum
2719 3142 3022 3213 Menologia
3057 3141 3241 3196 Sirleti
3274 3148 3331 3195 et
3368 3138 3593 3194 Basilia-

290 3242 562 3314 imagines
597 3242 917 3298 adoratione
962 3243 1380 3313 prosequimiui.
1417 3244 1721 3313 Respondit
1755 3245 1882 3299 ille:
1914 3252 1958 3309 ε
1993 3251 2124 3290 llum
2171 3236 2240 3291 ad
2289 3235 2434 3291 diem
2481 3251 2655 3292 XXVIII
2706 3235 3052 3290 Novembris.
3105 3231 3243 3288 Huic
3285 3234 3484 3289 deinde
3527 3246 3593 3288 el

288 3335 510 3400 Nescis,
540 3336 864 3405 imperator,
896 3334 1026 3404 quid
1059 3336 1126 3390 sit
1159 3336 1366 3391 cultum
1403 3337 1688 3391 relativum
1722 3337 1881 3392 exhi-

289 3428 446 3494 bere,
497 3427 628 3497 quid
676 3442 807 3482 vero
854 3427 1226 3483 latreuticum.
1263 3426 1401 3482 Tum
1433 3444 1557 3482 cum
1599 3430 1666 3483 ad
1716 3429 1883 3498 ﬂagra

290 3517 561 3583 extendit,
607 3527 819 3590 tergum
856 3526 910 3572 et
963 3526 1152 3587 pectus
1183 3516 1395 3572 bovinis
1434 3517 1618 3571 nervis
1648 3518 1886 3581 concidi,

291 3609 495 3666 deinde
512 3624 574 3665 os
602 3610 747 3666 saxis
774 3608 1037 3665 contundi
1065 3609 1359 3679 praecepit;
1398 3618 1616 3678 postera
1639 3608 1729 3664 die
1753 3608 1887 3662 toris

291 3702 554 3772 ejectum,
589 3710 782 3772 utpote
828 3701 916 3756 cui
965 3700 1247 3755 Christum
1297 3708 1351 3754 et
1400 3715 1585 3756 sacras
1618 3701 1887 3772 imagines

290 3795 569 3867 abnegare
602 3811 712 3851 non
753 3794 1142 3865 persuasisset,
1178 3808 1370 3847 rursus
1402 3791 1754 3864 ﬂagellatam,
1794 3809 1887 3849 ea-

291 3888 409 3957 pite
459 3889 515 3942 in
562 3899 764 3941 terram
822 3885 1085 3950 demisso,
1119 3885 1350 3957 alligatis
1400 3876 1630 3955 pedibus
1682 3885 1885 3954 raptari

289 3980 464 4053 jussit
482 3988 539 4034 et
568 3979 1044 4049 Constantinopoli
1076 3979 1298 4049 publice
1329 3978 1690 4033 deridendum
1719 3993 1888 4047 espo-

292 4074 374 4129 ni.
396 4073 571 4138 Quem
599 4072 862 4128 citissime
881 4072 1283 4139 pcrtrahentes.
1303 4080 1504 4124 terram
1539 4071 1592 4124 in
1622 4070 1889 4140 raptando

260 4240 263 4241 ν
292 4167 566 4238 sanguine
594 4168 1046 4235 consperserunt‘.
1076 4164 1153 4219 lta
1193 4163 1372 4219 forum
1401 4164 1563 4218 Boris
1606 4176 1891 4219 assecutus

291 4258 650 4328 conspiciens
673 4257 874 4327 aliquis
912 4259 1004 4328 qui
1035 4257 1198 4312 modo
1237 4257 1417 4326 pisces
1445 4265 1793 4321 exonerarat,
1821 4258 1889 4313 de

295 4350 556 4407 tormenti
601 4365 766 4406 causa
812 4350 1160 4415 sciscitatur;
1214 4364 1275 4404 re
1330 4360 1633 4419 comperta.
1678 4350 1890 4405 macelli

292 4443 478 4499 cultro
511 4442 678 4497 miser
706 4450 949 4511 arrepto,
1000 4440 1178 4496 servis
1216 4441 1417 4497 diaboli
1467 4441 1684 4511 placere
1725 4457 1891 4511 appe-

1991 3346 2145 3385 more
2188 3329 2504 3386 Graecorum
2540 3328 2711 3385 additi
2760 3326 2969 3382 fuerint
3018 3323 3117 3381 SS.
3154 3325 3349 3380 Petrus
3393 3336 3449 3379 et
3482 3325 3595 3378 An-

1989 3421 2184 3483 dreas,
2217 3438 2282 3476 ex
2318 3436 2430 3491 quo
2459 3421 2623 3475 etiam
2657 3418 2913 3489 proﬂuxit
2949 3425 3009 3471 ut
3043 3418 3130 3471 die
3161 3432 3329 3472 xxvut
3360 3417 3595 3471 Novem-

1987 3514 2124 3575 bris,
2154 3527 2264 3581 quo
2291 3511 2348 3567 S.
2381 3511 2697 3581 Stephanus
2719 3509 2915 3565 Junior
2939 3523 3136 3580 passus
3164 3516 3270 3571 est.
3305 3506 3447 3561 idem
3483 3505 3594 3562 duo

1991 3602 2175 3658 Sancti
2226 3611 2340 3657 tum
2394 3603 2450 3656 in
2503 3601 2746 3666 Menaeis,
2775 3611 2889 3654 tum
2944 3601 3000 3654 in
3052 3599 3220 3654 variis
3270 3597 3593 3671 Meuologiis

1991 3693 2191 3747 iterum
2216 3692 2534 3747 recoluntur
2566 3691 2754 3760 (supra
2791 3706 2946 3745 num.
2981 3689 3092 3756 14).

2061 3785 2114 3839 8.
2150 3783 2227 3839 De
2284 3784 2435 3839 Actis
2481 3798 2603 3853 quas
2668 3782 2993 3853 subiicimus
3039 3781 3153 3835 haec
3218 3781 3424 3851 accipe.
3488 3779 3597 3833 Du-

1998 3877 2158 3947 plicia
2213 3877 2561 3940 exhibemus,
2612 3884 2847 3944 utraque
2880 3873 3071 3929 Graece
3130 3872 3356 3937 inedita,
3407 3872 3590 3941 priora

1997 3986 2128 4024 vero
2155 3969 2318 4024 etiam
2344 3967 2576 4032 Latine;
2608 3968 2662 4021 id
2696 3967 2927 4022 facimus
2958 3976 3072 4021 tum
3105 3965 3247 4036 quod
3288 3965 3593 4034 posteriora

1990 4078 2055 4114 ex
2085 4061 2191 4115 illis
2222 4074 2333 4113 non
2372 4059 2772 4129 proﬂuxerunt,
2805 4059 2901 4113 sed
2949 4058 3139 4128 paucis
3181 4056 3423 4122 omissis,
3455 4072 3595 4110 non-

1991 4152 2142 4206 nulla
2183 4151 2593 4222 superaddunt;
2625 4159 2742 4205 tum
2779 4150 2945 4206 etiam
2977 4149 3122 4220 quod
3168 4149 3363 4203 horum
3411 4163 3596 4216 exem-
3632 4220 3639 4225 ἱ

1992 4243 2110 4312 plar
2148 4241 2606 4313 perfectissimum
2656 4235 2802 4297 nacti
2856 4256 3070 4305 sumus,
3100 4239 3342 4309 quinque
3385 4237 3595 4293 scilicet

1994 4334 2126 4390 Mss.
2192 4334 2443 4391 codicum
2499 4333 2852 4390 collationem
2905 4334 2963 4389 in
3021 4333 3267 4404 margine
3321 4332 3592 4388 referens.

1994 4429 2341 4484 Tribuuntur
2374 4427 2491 4481 hate
2522 4426 2926 4497 Metaphrasue,
2968 4436 3027 4481 ut
3072 4427 3277 4481 diserte
3305 4425 3469 4480 habet
3502 4426 3593 4480 Al-

295 4548 444 4601 tens,
468 4550 636 4591 cursu
663 4534 947 4590 contendit
981 4541 1037 4587 et
1067 4531 1320 4588 dextrum
1348 4534 1545 4603 pedem
1584 4534 1767 4587 Sancti
1799 4534 1886 4588 ab-

1998 4520 2184 4585 latius,
2224 4519 2316 4589 qui
2359 4518 2415 4572 in
2464 4517 2695 4573 diatriba
2727 4518 2797 4572 de
2838 4518 3208 4588 Symeonibus
3251 4532 3443 4572 eorum
3491 4519 3596 4572 ini-

291 4628 484 4695 ucidit,
519 4627 612 4697 qui
643 4627 852 4681 interea
875 4635 1121 4681 sanctam
1153 4640 1217 4679 ac
1251 4623 1466 4679 beatam
1505 4625 1745 4679 animam
1787 4626 1895 4680 Do-

296 4722 452 4776 mino
500 4721 744 4776 tradidit.
794 4718 897 4786 Qui
951 4734 1077 4772 eum
1127 4718 1441 4787 raptabant,
1500 4727 1561 4772 ut
1613 4725 1891 4773 mortuum

295 4830 597 4885 aspexere,
625 4814 775 4868 velut
822 4812 954 4883 quid
999 4810 1280 4875 morticiui
1317 4810 1372 4864 in
1423 4809 1786 4867 fmdissimttm
1815 4810 1896 4864 lo-

226 4906 233 4915 ’
295 4922 425 4963 cum
456 4906 813 4977 abjecerunt;
848 4911 1010 4959 nocte
1058 4917 1191 4959 vero
1242 4903 1597 4966 adventante,
1618 4901 1890 4956 sublatum

294 4996 522 5067 quidam
560 4994 849 5051 orthodoxi
878 4992 1095 5050 tumulo
1142 4991 1514 5048 condiderunt
1557 4991 1614 5046 in
1646 4991 1767 5048 loco
1797 4990 1889 5062 qui

264 5071 722 5169 'dicitur’Crisis.

368 5202 426 5258 7.
483 5202 543 5257 In
591 5200 813 5258 Menaeis
842 5200 1060 5257 excusis
1084 5199 1394 5272 sapissime
1422 5197 1656 5257 diversis
1692 5198 1891 5254 diebus

294 5289 465 5361 iidem
521 5288 705 5346 Sancti
747 5301 1256 5346 commemorantur
1303 5288 1428 5360 quia
1483 5289 1730 5345 diversos
1761 5288 1891 5345 Mss.

292 5382 519 5439 codices
557 5381 798 5439 editores
824 5382 1149 5438 adhibuere.
1178 5382 1356 5438 Aliam
1389 5390 1570 5437 tamen
1613 5381 1777 5450 hujus
1813 5378 1891 5434 rei

293 5492 521 5532 causam
553 5477 800 5548 assignat
843 5477 1256 5548 Papebrochlus
1286 5476 1422 5547 (15).
1463 5475 1683 5532 Graecos
1729 5475 1893 5530 nimi-

291 5582 419 5624 rum
455 5568 651 5624 eodem
706 5576 802 5623 aut
849 5567 1105 5638 sequenti
1159 5567 1248 5623 die
1299 5579 1737 5622 commemorare
1783 5563 1893 5619 fre-

372 5720 488 5793 (15)
524 5720 677 5793 Εξιτὶι.Δ
699 5719 1110 5793 Graeco-Mosch
1142 5729 1229 5793 ,t.
1269 5719 1286 5774 l
1319 5719 1466 5787 Maii,
1490 5737 1542 5791 p.
1569 5736 1662 5777 vnt
1688 5729 1890 5791 etpas-

297 5793 443 5857 sim;
470 5791 520 5847 ι.
556 5792 598 5847 ιι
630 5791 778 5862 uati.
810 5808 866 5862 p.
901 5792 1027 5855 uo,
1062 5808 1119 5847 n.
1155 5792 1243 5846 ιι.

374 5862 487 5935 illi)
522 5862 598 5935 pe
628 5860 966 5935 Menologiis,
988 5870 1212 5935 etc.._p.
1242 5862 1294 5935 8_.

370 5932 486 6006 (li)
520 5931 748 5990 Bandini
780 5931 921 5994 codd
973 5932 1168 6003 Graeci,
1199 5942 1235 5990 t.
1273 5932 1312 6000 ι,
1344 5948 1397 6005 ρ.
1438 5931 1557 5989 ιδο.

1999 4611 2135 4664 tium
2169 4607 2331 4663 aﬂert
2358 4606 2474 4677 (l8)
2505 4622 2520 4660 :
2546 4622 2718 4676 quare
2740 4605 2893 4660 hunc
2914 4607 3094 4661 locum
3126 4623 3238 4662 non
3270 4607 3469 4663 viderit
3491 4607 3595 4662 Pa-

1997 4703 2117 4775 gius
2151 4701 2270 4769 (19)
2305 4698 2399 4769 qui
2431 4706 2597 4767 negat
2632 4700 2762 4753 Acta
2790 4698 2880 4752 illa
2919 4699 3174 4768 Symeoni
3211 4697 3594 4769 Metaphrasta:

1997 4793 2305 4865 adiudicata
2338 4791 2529 4847 fuisse.
2567 4789 2968 4845 Testimonium
2993 4800 3177 4845 autem
3208 4792 3391 4845 Allatii
3419 4808 3598 4862 quan-

1998 4895 2112 4942 tum
2143 4887 2203 4941 in
2235 4884 2340 4939 hac
2384 4898 2444 4938 re
2496 4883 2695 4945 valeat,
2746 4897 2910 4936 nemo
2952 4882 3203 4953 ignorat;
3249 4892 3510 4948 attamen,
3547 4885 3595 4940 si

1995 4994 2135 5050 opus
2155 4985 2321 5045 esset,
2352 4990 2466 5031 rem
2502 4975 2840 5047 argumentis
2869 4974 3142 5041 pluribus,
3174 4991 3239 5031 ex
3281 4977 3413 5045 ipsis
3442 4976 3594 5034 Actis

1994 5071 2327 5144 dcsumptis,
2380 5069 2638 5125 evincere
2696 5083 3007 5140 possemus.
3071 5067 3207 5124 Acta
3249 5069 3434 5140 priora
3499 5085 3595 5126 ex-

1994 5165 2198 5236 scripta
2225 5173 2441 5219 suntex
2472 5170 2691 5217 vetusto
2716 5160 2902 5216 codice
2928 5160 3280 5221 Bibliotheca:
3308 5159 3588 5229 Parisinat,

1994 5271 2157 5328 quem
2193 5255 2253 5309 Β.
2291 5253 2645 5310 llontfaucon
2680 5253 2881 5308 saeculo
2910 5269 2963 5308 Ix
2993 5253 3256 5309 adscribit
3285 5253 3424 5325 (νο),
3450 5263 3505 5311 et
3534 5271 3593 5310 ut

1995 5357 2268 5423 perpetua
2303 5347 2711 5417 comparatione
2741 5361 2864 5401 cum
2886 5344 3321 5416 Metaphrastmis
3351 5345 3587 5402 conferri

1993 5441 2232 5513 possint,
2262 5448 2492 5509 utraque
2523 5438 2718 5494 iisdem
2741 5437 3009 5506 numeris,
3040 5440 3134 5494 ubi
3164 5438 3357 5493 eadem
3393 5452 3586 5492 narra-

1996 5536 2220 5604 bantur,
2248 5533 2609 5607 signavimus.
2638 5530 2759 5596 Quo
2791 5541 2974 5586 autem
3008 5541 3252 5604 tempore
3278 5533 3586 5604 conscr'pta

2067 5714 2184 5787 (18)
2218 5714 2469 5787 Allatius,
2497 5713 2564 5787 de
2594 5712 2980 5787 Symeonibus,
3012 5713 3229 5787 putas

2069 5784 2182 5855 (l9)
2218 5787 2278 5839 In
2301 5784 2502 5855 Critica
2529 5784 2789 5855 Barunii.
2809 5786 2877 5855 ad
2905 5800 3034 5840 ann.
3069 5785 3195 5852 761,
3232 5802 3288 5843 ιι.
3313 5784 3368 5840 2.

2062 5853 2176 5929 (2οἱ
2206 5855 2324 5912 Bib.
2357 5853 2611 5922 Coislin.,
2645 5870 2699 5925 p.
2736 5854 2855 5910 185.
