4110 6430
608 378 743 444 1087

1889 389 2176 452 MENSIS
2213 388 2581 452 OCTOBER.

3720 403 3832 474 108

605 486 811 560 iuerint
843 494 1058 553 deliniri
1092 498 1314 570 nequit;
1343 499 1477 557 nihil
1506 502 1653 567 enim
1695 503 2026 573 reperimus,
2055 520 2194 574 prat-
2222 502 2277 564 A
2298 504 2605 561 berrimum
2659 502 2828 560 fuisse
2878 504 2936 560 S.
2995 514 3288 578 martyrem
3331 508 3437 577 iam
3499 527 3525 567 a
3560 517 3735 571 szerulo
3769 538 3833 580 tr.

607 592 695 639 ter
730 586 937 641 minimi
972 592 1233 645 momenti
1279 602 1461 648 notam
1500 592 1946 666 chronologicam
1984 612 2053 655 ex
2091 614 2198 669 qua

542 690 549 696 ‘
609 684 827 731 constat
879 678 1201 748 scriptorem
1257 685 1394 741 satis
1444 685 1537 741 diu
1611 697 1737 757 post
1788 688 2198 762 Copronymum

610 775 832 830 vixisse.
878 775 1076 843 Locus,
1122 781 1215 851 qui
1250 798 1403 838 num.
1433 785 1467 839 3
1492 786 1595 841 sub
1647 786 1808 842 linem
1846 789 2108 855 occurrit,
2154 790 2201 845 is

609 877 696 922 est
727 865 869 922 :lste
923 885 1055 925 vero
1107 883 1228 929 erat
1276 874 1766 934 Constantinus....
1806 895 1969 948 quem
2015 880 2202 936 fideles

609 958 729 1026 ejus
774 962 1036 1026 temporis
1067 964 1138 1035 (οἱ
1181 965 1243 1018 ἐν
1282 968 1397 1027 τοῖς
1429 968 1551 1021 τότε
1598 969 1831 1039 χρόνοις)
1870 972 2067 1027 merito
2100 975 2201 1029 sub

610 1050 942 1118 cognomine
975 1052 1303 1127 Capronymi
1342 1057 1702 1115 infamarunt.
1734 1060 1842 1117 Sed
1869 1078 1936 1118 ex
1969 1080 2036 1120 eo
2067 1066 2202 1121 Acta

612 1138 703 1192 illa
740 1141 921 1207 priora
962 1148 1443 1207 commendantur.
1473 1153 1619 1220 quod
1652 1152 1831 1208 locum
1870 1157 2056 1212 Sancti
2100 1174 2201 1214 na-

613 1228 872 1295 talitium,
909 1232 1055 1288 diem
1107 1239 1378 1305 passionis
1418 1240 1630 1313 aliaque
1669 1246 1925 1316 adjuncta
1967 1249 2207 1319 plurima

609 1320 824 1377 minute
860 1324 1169 1394 proferunt,
1209 1340 1266 1385 et
1312 1347 1626 1402 quanquam
1673 1338 2056 1405 prolixioribus
2084 1357 2208 1397 ver-

609 1408 695 1463 bis
725 1410 999 1468 interdum
1033 1414 1093 1473 S.
1119 1428 1322 1489 martyr
1350 1420 1497 1491 loqui
1528 1422 1768 1488 videtur,
1800 1426 1989 1481 eadem
2019 1435 2203 1483 tamen

612 1500 731 1557 fere
779 1503 834 1557 in
864 1506 988 1562 aliis
1014 1508 1167 1564 Actis
1209 1521 1530 1578 occurrunt,
1561 1530 1705 1586 saepe
1738 1517 1965 1574 vocibus
2009 1519 2203 1577 iisdem

615 1598 712 1645 aut
742 1593 1014 1651 similibus
1053 1614 1335 1668 expressa.
1362 1602 1612 1660 Conferri
1646 1607 1700 1661 in
1745 1623 1865 1663 eam
1914 1626 2029 1665 rem
2074 1627 2207 1682 pos-

614 1692 743 1735 sunt
776 1687 991 1741 numeri
1022 1691 1364 1758 potissimum
1400 1697 1431 1749 7
1461 1706 1515 1752 et
1551 1697 1633 1753 l0.
1675 1699 1749 1754 Ex
1783 1700 2027 1757 locorum
2062 1704 2209 1760 desi-

614 1774 896 1842 gnatione,
927 1789 987 1833 ut
1016 1782 1155 1836 intra
1194 1784 1418 1841 uberius
1448 1787 1792 1856 disserimus,
1825 1801 1964 1849 etet
2001 1795 2068 1850 iis
2086 1811 2209 1867 qum

2303 595 2584 652 miraculis
2609 596 2796 653 multis
2827 596 3091 652 claruisse
3122 598 3408 671 colligitur.
3440 601 3691 674 Iosephus
3714 612 3836 665 enim

2302 687 2744 760 hymnograpltus
2765 704 2948 758 quem,
2973 704 3041 743 ex
3080 688 3229 746 Actis
3256 706 3287 746 a
3314 690 3668 763 I‘apehrochio
3700 699 3748 754 in
3770 701 3842 756 lu-

2304 794 2425 833 cem
2463 779 2604 836 datis
2630 779 2769 849 (22),
2796 794 2863 834 eo
2906 779 3112 836 saeculo
3153 779 3396 838 ﬂoruisse
3441 793 3657 848 constat,
3680 787 3841 843 decem

2304 871 2537 927 diversis
2563 871 2699 927 locis
2729 871 2783 925 in
2818 886 2920 927 suo
2954 872 3179 928 Canone
3204 874 3459 929 miracula
3487 877 3721 941 celebrat,
3742 896 3843 948 qua

2304 965 2408 1020 sub
2442 965 2612 1035 ipsius
2651 965 2825 1021 oculis
2852 965 3007 1035 Cpoli
3047 981 3228 1022 coram
3260 964 3440 1020 Sancti
3474 968 3665 1021 tumulo
3694 981 3843 1037 patra-

2304 1056 2527 1115 bantur.
2564 1056 2760 1112 Merito
2803 1058 2990 1129 itaque
3034 1067 3091 1113 et
3135 1058 3189 1111 itt
3232 1057 3491 1113 Actorum
3524 1060 3667 1114 titul»
3695 1061 3843 1118 Thau-

2305 1161 2589 1219 matnrgus
2639 1151 2823 1207 dictus
2873 1160 2980 1213 est.
3032 1160 3089 1205 et
3136 1152 3190 1204 in
3235 1150 3517 1217 Contacio,
3552 1163 3607 1206 ut
3657 1165 3840 1219 vocant,

2305 1242 2475 1300 Grtcci
2505 1243 2697 1305 Olﬂcii,
2723 1244 3021 1313 ltislverbis
3050 1244 3329 1300 extollitur
3360 1261 3374 1296 :
3426 1245 3844 1318 Ἐορτέιζει-σήμε-

2307 1352 2402 1409 ρον
2449 1338 2481 1407 ή
2525 1335 2890 1405 βασιλεύουσα
2938 1336 3094 1401 πολις
3141 1336 3335 1407 ὲὸρτὴν
3375 1337 3739 1407 ὑπέρλαμπρον
3765 1339 3843 1406 τῆς

2309 1428 2636 1498 φωτοφόρου
2717 1444 2814 1482 σου
2919 1428 3167 1497 μνήμης,
3256 1424 3475 1480 ἃπασαν
3549 1428 3840 1492 «postulou-

2315 1520 2455 1590 μένη
2521 1519 2678 1572 πόλιν
2734 1521 2830 1572 καὶ
2906 1517 3132 1589 χώραν·
3186 1518 3365 1588 χαίρει
3414 1518 3521 1587 γὰρ
3560 1520 3628 1580 ὡς
3673 1535 3841 1589 utut;-

2316 1612 2456 1683 μένη
2511 1612 2789 1683 θησαυρὸν
2842 1611 3043 1681 μέγαν,
3094 1611 3157 1664 τὸ
3232 1609 3527 1663 πολύαθλόν
3574 1628 3661 1664 σου
3690 1610 3843 1679 σῶμα.

2318 1703 2548 1775 ’Δνδρέα
2622 1702 2853 1772 μάρτυς,
2916 1702 3227 1774 ὀρθοδοξέας
3276 1705 3515 1772 φωστὴρ.
3548 1700 3601 1757 Id
3649 1704 3847 1758 estzllo-

2308 1795 2399 1850 die
2450 1796 2691 1851 celebrat
2749 1795 2936 1866 regina
2991 1796 3209 1850 urbium
3264 1794 3480 1864 (Cpolis)
3550 1795 3739 1849 illustre
3786 1794 3846 1849 le-

615 1865 669 1919 in
705 1866 811 1922 line
853 1871 1114 1928 Actorum
1162 1878 1505 1943 scribuntur,
1542 1890 1604 1937 ut
1631 1882 1825 1939 itidem
1856 1865 2207 1944 Inferius—dio
2242 1865 2283 1919 Β
2317 1900 2465 1945 etum
2526 1898 2632 1944 tua:
2682 1889 2981 1964 memoriae,
3017 1898 3185 1943 totam
3215 1904 3520 1943 convocans
3544 1888 3783 1942 civitatem
3802 1898 3846 1942 et

616 1967 798 2023 cetur,
846 1965 1177 2022 arbitramur
1210 1986 1275 2025 ea
1308 1970 1462 2040 Cpoli
1513 1977 1827 2047 conscripta
1861 1995 1971 2034 non
2020 1981 2211 2040 fuisse.

620 2050 841 2108 Scimus
885 2066 1099 2113 tantum
1149 2063 1439 2119 maximam
1468 2079 1679 2135 partem
1727 2084 2009 2126 sacrorum
2061 2074 2217 2128 codi-

617 2160 744 2199 cum
778 2147 1129 2206 Bibliothecm
1173 2152 1543 2222 Coislinianm,
1576 2170 1636 2214 ut
1680 2160 1733 2216 in
1764 2161 2091 2220 meatione
2131 2177 2214 2222 te-

614 2246 789 2293 statur
822 2239 1076 2298 laudatus
1124 2243 1500 2309 Montl‘aucou.
1528 2267 1595 2305 ex
1626 2257 1976 2312 monasteriis
2010 2260 2214 2315 montis

613 2328 760 2383 Atho
802 2333 1092 2401 prodiisse,
1144 2346 1199 2390 et
1242 2337 1353 2393 illic
1394 2341 1526 2396 olim
1557 2343 1841 2401 brachium
1893 2346 1950 2402 S.
1984 2352 2215 2408 Andreas

615 2419 918 2487 Cretensis.
947 2426 1041 2495 qui
1075 2427 1218 2483 idem
1249 2438 1335 2485 est
1363 2430 1598 2490 fortasse
1624 2451 1689 2491 ac
1730 2438 1975 2496 Sanctus
2000 2456 2211 2511 noster,

615 2523 955 2570 asscrvatum
1014 2517 1204 2575 fuisse.
1236 2522 1353 2589 Qua
1389 2525 1456 2580 de
1487 2543 1546 2581 re
1580 2530 1736 2598 plura
1780 2533 1903 2588 vide
1933 2551 2084 2590 num.
2121 2538 2212 2592 57.

684 2603 739 2658 9.
796 2604 1224 2678 Metapltrasten.
1276 2617 1436 2686 cujus
1475 2622 1606 2676 Acta
1651 2626 1898 2682 secundo
1940 2627 2059 2684 loco
2096 2646 2215 2699 pro-

613 2695 805 2761 deum,
836 2701 1016 2767 priora
1046 2704 1132 2757 illa
1172 2722 1287 2761 non
1317 2711 1519 2767 vidisse
1545 2714 1679 2771 satis
1709 2728 1862 2773 certo
1889 2722 2051 2775 nobis
2078 2726 2215 2778 con-

616 2799 745 2844 stat.
777 2791 899 2861 Ipsc
935 2797 1081 2852 enim
1133 2816 1236 2854 nec
1264 2811 1418 2858 ortus
1446 2804 1647 2872 locum,
1687 2824 1791 2865 nec
1821 2813 1967 2867 diem
2008 2815 2214 2879 obitus,

614 2895 777 2949 quem
844 2898 1017 2953 usque
1070 2885 1363 2957 diligenter
1417 2892 1762 2963 inquisivisse
1823 2900 1905 2954 vel
1974 2916 2043 2956 ex
2097 2901 2214 2957 Vita

613 2969 672 3024 S.
706 2970 1047 3033 Theocustes
1092 2977 1303 3039 Lesbia:
1352 2996 1566 3042 constat
1615 2989 1754 3059 (2|),
1792 2994 1849 3046 in
1897 2995 2215 3050 narratione

614 3076 713 3117 sua
745 3068 1111 3138 consignavit.
1153 3071 1264 3129 Nec
1296 3088 1558 3145 prtnterea
1595 3081 1725 3136 dum
1755 3083 1920 3137 vitam
1953 3086 2085 3140 satis
2119 3103 2213 3141 ac-

613 3169 803 3214 curate
852 3163 1112 3234 scriptam
1160 3178 1354 3223 nactus
1393 3182 1531 3233 erat,
1566 3175 1811 3230 ordinent
1863 3186 1957 3231 aut
2002 3182 2198 3250 stylum
2226 3197 2272 3251 τι

613 3252 844 3307 multum
889 3256 1183 3317 immutare
1210 3278 1605 3335 consueverat;
1637 3287 1872 3340 cumque
1913 3275 2054 3343 apud
2091 3291 2205 3331 am-

614 3342 713 3398 bos
744 3347 1042 3415 scriptores
1076 3351 1396 3426 plerumque
1432 3359 1630 3414 similia
1663 3362 1826 3417 obvia
1846 3364 1977 3440 sint,
2013 3366 2203 3422 existi-

618 3449 833 3491 mamus
861 3448 1154 3512 utrumque
1187 3462 1253 3500 ex
1288 3445 1434 3503 Actis
1473 3452 1898 3523 antiquioribus,
1929 3457 2024 3512 sed
2060 3474 2205 3514 nunc

615 3524 931 3594 deperditis,
965 3547 1120 3587 suam
1160 3538 1535 3594 narrationem
1581 3545 1882 3612 excepisse,
1913 3548 1979 3601 iis
2004 3548 2205 3604 additis

613 3632 735 3685 quae
772 3620 995 3678 aliunde
1026 3626 1280 3697 colligere
1327 3642 1636 3698 potuerant.
1682 3634 2077 3707 Metapbrastes
2122 3650 2205 3695 ta-

617 3725 741 3765 men
764 3721 925 3769 aetate
954 3722 1222 3783 posterior
1250 3722 1467 3778 videtur
1493 3740 1559 3779 ex
1584 3742 1652 3781 eo
1679 3729 1821 3797 quod
1861 3730 1914 3784 in
1949 3732 2068 3801 ejus
2091 3733 2205 3786 col-

615 3803 943 3859 lectionibus
966 3807 1025 3862 S.
1053 3811 1287 3867 Andreae
1326 3815 1444 3872 Vita
1475 3818 1618 3872 diem
1642 3835 1731 3874 xix
1754 3819 2008 3877 Octobris
2045 3838 2205 3879 occu-

612 3901 707 3962 pat
742 3934 758 3959 ,
790 3908 976 3952 noster
1001 3908 1183 3955 autem
1212 3902 1469 3973 scriptor,
1508 3907 1599 3963 ubi
1629 3908 1796 3963 refert
1824 3908 2083 3965 Sanctum
2116 3911 2204 3966 die

612 3996 682 4037 xx
713 3999 930 4053 passum
954 4003 1096 4052 esse.
1125 3991 1265 4046 nihil
1290 3992 1358 4049 de
1400 3993 1690 4051 immutato
1723 3999 1903 4053 cultus
1930 3999 2018 4054 die
2047 4014 2200 4054 com-

613 4088 921 4145 memorat;
962 4081 1059 4135 sed
1107 4098 1231 4138 cum
1265 4084 1400 4139 levis
1447 4101 1509 4141 ca
1554 4089 1694 4143 ratio
1726 4089 1894 4143 videri
1931 4099 2117 4160 queat,
2147 4090 2203 4146 id

611 4169 772 4223 aliter
799 4171 1156 4237 adstruimus,
1192 4175 1573 4248 Metapltrasta:
1607 4196 1804 4250 nempe
1849 4182 2204 4240 collectiones

613 4259 752 4314 adeo
796 4271 918 4331 post
961 4265 1317 4334 scriptionem
1375 4268 1520 4324 illico
1561 4271 1904 4342 pervulgatas
1946 4272 2114 4327 fuisse
2145 4282 2206 4330 ut

613 4351 853 4418 priorem
901 4355 1222 4425 scriptorem
1284 4359 1436 4414 illum
1492 4361 1682 4429 fugere
1726 4378 1835 4418 non
1895 4366 2199 4434 potuerint.

545 4430 555 4437 ’
611 4443 745 4509 Quae
792 4443 955 4515 igitur
986 4449 1129 4518 apud
1179 4465 1304 4505 eum
1336 4452 1403 4507 de
1441 4452 1500 4509 S.
1528 4451 1769 4527 Andrea_
1796 4456 1851 4510 in
1883 4430 2042 4511 Creta
2083 4472 2200 4513 mo-

2316 1981 2640 2053 regionem;
2677 1981 2878 2051 juhilat
2904 1981 3051 2035 enim
3085 1983 3344 2052 ma‘gnum
3372 1980 3667 2034 thesaurum
3700 1981 3845 2047 possi-

2315 2072 2475 2135 dens,
2517 2088 2717 2143 corpus
2739 2071 3134 2127 certaminibus
3183 2070 3500 2141 gloriosum,
3538 2081 3705 2126 sancte
3732 2087 3842 2124 tuar-

2316 2176 2402 2239 tyr
2433 2167 2678 2233 Andrea,
2717 2166 3056 2221 orthodoxiae
3081 2165 3296 2219 lumen.
3330 2163 3425 2220 llic
3444 2180 3562 2218 vero
3583 2164 3735 2218 obiter
3753 2179 3844 2218 uto-

2314 2276 2531 2326 nemus,
2572 2259 2617 2314 si
2662 2260 2787 2329 quis
2820 2258 3042 2313 nomina
3074 2274 3137 2313 ex
3191 2258 3498 2312 Graecorum
3537 2254 3745 2325 Liturgia
3770 2255 3844 2309 de-

2315 2362 2530 2423 sumpta
2565 2368 2677 2407 non
2700 2349 2834 2407 satis
2858 2350 2961 2405 sibi
2997 2363 3126 2405 nuta
3155 2349 3249 2405 hic
3276 2349 3587 2410 oﬂ‘enderet,
3612 2363 3721 2403 eum
3752 2349 3843 2401 sin-

2316 2444 2564 2517 gulorum
2589 2443 3014 2499 declarationem
3053 2451 3401 2511 reperturum
3446 2442 3497 2496 in
3527 2441 3658 2512 Bytei
3683 2440 3842 2494 disser-

2318 2538 2521 2595 tatione
2547 2538 2614 2593 de
2641 2536 2934 2593 Aculutbia
2986 2534 3331 2596 Graecorum,
3358 2549 3474 2605 qua:
3513 2534 3563 2588 in
3596 2533 3738 2587 Juuio
3768 2548 3840 2584 tto-

2315 2640 2433 2688 Itrn
2470 2630 2618 2686 edita
2647 2639 2734 2684 est
2763 2628 2876 2700 (23)
2904 2669 2918 2693 ,
2952 2627 3267 2695 expeditius
3297 2636 3473 2683 autem
3504 2643 3564 2681 ea
3584 2623 3839 2691 utetur.qtti

2317 2721 2553 2777 indicem
2596 2720 2846 2775 ultimum
2888 2736 2921 2774 a
2955 2718 3307 2789 Gltestpiiero
3346 2729 3490 2774 tomo
3530 2720 3687 2787 primo
3723 2714 3839 2770 Octo-

2316 2814 2431 2870 bris
2466 2814 2534 2868 λά
2567 2812 2773 2868 calcem
2807 2812 3115 2882 subjectum
3149 2813 3416 2867 adhibere
3452 2812 3682 2865 voluerit.

2321 2951 2348 3023 ᾗ
2400 2952 2467 3007 11.
2519 2953 2731 3022 Septem
2771 2950 3038 3021 Martyres
3090 2953 3145 3004 in
3196 2951 3460 3021 plerisque
3497 2949 3643 3017 fastis
3676 2946 3842 3023 confuse

2386 3018 2599 3092 prolati
2628 3018 2957 3097 unianimem
2988 3018 3417 3097 distinguuntur.
3450 3031 3495 3097 et
3543 3033 3702 3097 eorum
3738 3018 3843 3097 Atta

2387 3089 2611 3149 breuiter
2674 3092 3042 3147 illustrantur.
3121 3089 3511 3167 I’ersecutiottt's
3553 3089 3840 3167 Constantini

2388 3165 2706 3234 Coprouymt'
2730 3164 2899 3217 brevis
2922 3163 3143 3216 historia
3174 3175 3231 3216 et
3263 3163 3584 3216 chronotaxis
3604 3160 3840 3213 exhibetur.

2344 3256 2467 3311 ‘ll.
2511 3256 2832 3326 llosseptetn
2865 3254 3114 3315 Sanctos.
3144 3255 3245 3325 qui
3279 3270 3465 3310 omnes
3501 3254 3591 3309 sub
3617 3253 3842 3321 Caprony-

2307 3366 2397 3406 tno
2428 3350 2573 3404 vat-ia
2622 3359 2916 3413 tormenta,
2950 3357 3005 3404 et
3028 3356 3293 3413 mortem,
3334 3362 3440 3403 uno
3480 3354 3701 3416 excepto,
3726 3341 3837 3411 passi

2312 3454 2460 3509 sunt,
2495 3444 2584 3498 hic
2610 3445 2766 3514 juxta
2809 3444 3005 3499 seriem
3045 3443 3323 3498 mensium
3377 3451 3429 3497 et
3454 3441 3646 3496 dierum
3678 3436 3836 3506 quibus

2306 3539 2560 3592 coluntur
2627 3537 2971 3607 snhjicimus,
3002 3551 3069 3591 ex
3115 3552 3229 3606 quo
3274 3536 3433 3591 simul
3481 3531 3730 3605 apparebit
3753 3542 3836 3598 quo

2307 3629 2426 3683 loco
2459 3632 2511 3682 iu
2546 3644 2714 3699 opere
2736 3638 2925 3684 nostro
2969 3628 3036 3682 tle
3071 3627 3140 3682 iis
3180 3638 3362 3682 actum
3392 3624 3477 3690 sit,
3504 3633 3589 3680 aut
3617 3624 3662 3676 in
3688 3630 3833 3693 postc-

2308 3736 2428 3774 runt
2460 3721 2731 3792 agendum
2763 3737 2778 3775 :
2807 3736 2823 3775 ι
2860 3720 2953 3774 Dic
3003 3735 3115 3775 xvu
3156 3718 3359 3777 Martii.
3394 3716 3449 3773 S.
3486 3716 3664 3771 Paulus
3687 3724 3837 3765 mona-

2305 3811 2444 3867 chus
2468 3821 2522 3867 et
2548 3821 2753 3884 martyr
2790 3812 2839 3865 in
2879 3811 3035 3867 Creta
3064 3826 3155 3876 ;—
3197 3827 3285 3866 xvt
3318 3809 3457 3874 ltlaii,
3484 3809 3537 3863 S.
3564 3806 3729 3859 Petrus
3753 3797 3833 3855 Ca-

2306 3906 2474 3975 lyhita
2505 3913 2561 3958 et
2591 3913 2793 3975 martyr
2817 3903 2870 3957 in
2900 3902 3241 3967 Blachernis,
3280 3918 3446 3972 prope
3476 3898 3665 3968 Cpolim
3699 3910 3772 3956 :--
3795 3904 3834 3943 IV

2305 3996 2479 4061 Junii,
2533 3995 2592 4050 S.
2643 3993 2884 4050 Joannes
2937 3994 3232 4065 Monagrite
3282 3992 3637 4062 Ilegttmcnus,

2305 4085 2459 4157 Cpoli
2498 4102 2589 4153 ;—
2613 4101 2705 4140 νιιι
2731 4084 2902 4153 (Julii,
2933 4084 2992 4140 S.
3024 4083 3227 4140 Paulus
3259 4083 3441 4139 Novus
3472 4091 3657 4174 martyr
3676 4072 3833 4174 Cpoli;

2305 4205 2373 4218 —-
2418 4194 2487 4232 xx
2521 4175 2788 4242 Octobris,
2825 4175 2884 4231 S.
2938 4176 3187 4231 Andreas
3240 4174 3540 4231 monachus
3588 4170 3832 4225 Cretensis.

2303 4268 2484 4324 dictus
2513 4268 2567 4323 in
2608 4267 2768 4333 Crisi,
2805 4276 3007 4338 martyr
3038 4265 3195 4336 Cpoli
3230 4283 3322 4333 ;—
3354 4278 3519 4320 xxvut
3549 4256 3765 4317 Octobris
3783 4249 3833 4320 (1)

2306 4358 2365 4413 S.
2418 4357 2731 4428 Stephanus
2779 4359 2868 4428 qui
2925 4358 2980 4411 in
3040 4356 3331 4428 Sugdaeam
3362 4356 3616 4425 relegatus
3644 4356 3751 4408 est;
3780 4368 3833 4382 -—

2306 4467 2474 4506 xxvm
2526 4449 2873 4517 Novembris,
2944 4448 3002 4502 S.
3062 4448 3384 4520 Stephanus
3427 4445 3624 4506 Junior,
3674 4443 3833 4503 martyr

611 4536 875 4592 nasticam
920 4539 1082 4595 vitam
1127 4542 1379 4613 amplexo
1413 4553 1728 4611 narrantur,
1762 4546 1891 4601 dein
1920 4548 1989 4603 de
2028 4549 2198 4603 mira-
2232 4536 2275 4591 Ῑ)
2304 4545 2480 4617 Cpoli.
2517 4575 2588 4587 --
2612 4542 2797 4600 Placet
2824 4552 2879 4598 et
2918 4543 2987 4597 de
3018 4542 3102 4597 bis
3140 4543 3400 4597 omnibus
3434 4536 3671 4595 nonnulla
3698 4534 3813 4583 disse

607 4629 748 4686 culis
785 4634 985 4702 quibus
1031 4651 1158 4691 eum
1207 4637 1588 4709 Metapbrastae
1633 4642 1795 4697 etiam
1832 4643 2197 4713 temporibus,

610 4721 727 4791 ipso
752 4731 909 4789 teste,
941 4727 995 4781 in
1038 4730 1171 4785 urbe
1197 4729 1349 4801 Cpoli
1399 4732 1542 4789 Deus
1569 4734 1930 4805 gloriﬁcabat,
1963 4735 2201 4807 scriptor

610 4814 751 4868 idem
792 4815 883 4871 ille
903 4819 1052 4887 prior
1084 4838 1191 4877 non
1239 4818 1535 4881 emisisset.
1567 4826 1780 4892 Quibus
1832 4829 2045 4898 positis,
2077 4846 2203 4886 cum

609 4917 799 4962 notum
844 4908 916 4964 sit
948 4909 1354 4983 Metaphrasten
1390 4917 1573 4972 medio
1627 4920 1828 4975 saaculo
1867 4938 1894 4976 x
1927 4920 2200 4989 ﬂoruisse,

612 4995 740 5051 hinc
790 4997 1061 5056 deducere
1103 5002 1233 5058 licet
1262 5006 1395 5061 Acta
1431 5022 1551 5077 quae
1596 5009 1765 5077 priori
1810 5009 1929 5066 low
1961 5011 2233 5079 editnus,_

609 5085 702 5141 illa
726 5097 891 5145 aetate
915 5093 1228 5164 antiquiora
1260 5112 1408 5153 esse.

681 5177 770 5232 10.
795 5179 965 5237 Sicuti
996 5199 1062 5239 ex
1093 5185 1358 5259 Anonymi
1385 5190 1533 5246 Actis
1557 5191 1916 5262 Synaxarium
1942 5194 2199 5251 Mediola-

610 5287 807 5338 ncnse,
837 5275 982 5343 quod
1028 5292 1180 5331 num.
1214 5280 1248 5334 5
1276 5282 1583 5348 retulimus,
1617 5285 1963 5354 desumptum
1990 5296 2095 5351 est,
2128 5287 2198 5342 ita

607 5361 743 5419 illud
793 5367 938 5436 quod
984 5367 1037 5421 in
1092 5368 1312 5426 Menaeis
1354 5375 1570 5429 excusis
1619 5378 1880 5439 occurrit,
1917 5393 1979 5432 ex
2026 5379 2199 5434 Meta-

609 5457 845 5526 phrastae
892 5462 1209 5518 narratione
1257 5466 1539 5523 evidenter
1599 5470 1877 5539 proﬂuxit.
1933 5473 2011 5526 Ex
2066 5490 2231 5550 quo,

610 5551 750 5607 sicut
797 5567 861 5607 ex
918 5552 1102 5609 Sancti
1148 5554 1335 5612 Oﬂicio
1371 5561 1517 5629 quod
1568 5563 1769 5618 ibidem
1801 5564 2013 5635 legitur,
2049 5566 2197 5623 cclc-

825 5752 1023 5828 Sttrius
1050 5755 1126 5828 atl
1156 5773 1185 5809 κ
1218 5756 1379 5817 Νον..
1401 5774 1454 5828 p.
1480 5761 1602 5816 9.38.
1640 5763 1769 5818 e-lit.
1806 5763 1939 5819 IGlF

687 5819 799 5881 tam
833 5822 895 5875 't‘.
938 5822 1181 5888 leril.,
1211 5844 1262 5891 ιι.
1292 5819 1417 5883 2662

2307 4653 2449 4702 rere,
2485 4653 2549 4693 ex
2602 4636 2801 4708 quibus
2848 4636 3031 4690 lumen
3092 4635 3315 4706 aliquod
3381 4625 3712 4705 persecutioni

2307 4731 2676 4802 pronymianae
2734 4727 2971 4783 aﬂ'usum
3026 4727 3090 4781 iri
3141 4742 3327 4797 spero.
3374 4728 3447 4782 De
3488 4725 3646 4795 primo
3676 4732 3726 4770 cx
3764 4712 3826 4765 lus

2305 4830 2536 4892 septem,
2565 4836 2761 4890 nempe
2799 4821 2865 4875 de
2899 4818 2958 4874 S.
2994 4818 3161 4873 Paulo
3188 4827 3429 4891 martyre
3469 4817 3519 4871 in
3557 4814 3708 4909 Creta.

2306 4923 2435 4969 runt
2460 4913 2778 4969 deccssores
2808 4913 2875 4968 ad
2906 4913 3049 4967 diem
3080 4912 3258 4967 Martii
3292 4913 3583 4966 indicatum
3610 4902 3720 4977 (εἰ).
3743 4898 3822 4950 ῖδῖ·

2303 5021 2409 5076 que
2440 5021 2505 5060 ex
2536 5005 2683 5061 Actis
2710 5003 2766 5059 S.
2803 5004 3063 5077 Stephani
3089 5004 3361 5067 Jttnioris,
3401 5019 3431 5058 a
3459 5002 3741 5093 Lipomanuo

2304 5072 2667 5167 bletaphraste
2695 5072 2919 5152 Latine—
2940 5095 3193 5166 vulgatis,
3222 5095 3347 5148 loco
3371 5094 3549 5162 aliquo
3575 5077 3725 5152 insigni
3760 5072 3811 5126 de

2304 5189 2361 5245 S.
2377 5189 2545 5245 Paulo
2572 5189 2829 5255 adducto,
2863 5189 3201 5244 concludunt
3232 5202 3360 5242 eum
3395 5188 3448 5241 in
3474 5186 3629 5255 Cypro
3647 5179 3812 5269 pessuli!

2301 5298 2458 5351 esse;
2489 5299 2679 5338 verum
2712 5298 2839 5338 eum
2870 5283 2924 5337 in
2978 5284 3093 5354 ipsa
3138 5281 3300 5335 Creta
3328 5292 3547 5351 passum
3577 5284 3678 5327 esse
3700 5260 3820 5319 nobis

2299 5375 2522 5431 omnino
2552 5374 2898 5431 manifestum
2932 5384 3035 5432 est.
3067 5374 3209 5431 Sunt
3235 5375 3381 5429 enim
3413 5372 3476 5426 atl
3506 5376 3700 5423 manum
3720 5357 3823 5407 Δοω

2297 5467 2544 5537 ejusdem
2571 5468 2836 5538 Stephani
2866 5467 3129 5533 Junioris,
3162 5462 3566 5521 accuratissime
3584 5472 3610 5511 a
3635 5445 3837 5553 quodet?

2298 5561 2580 5631 Stephano
2639 5560 2879 5615 Diacono
2934 5562 3272 5628 conscripta.
3318 5557 3451 5611 Dum
3502 5554 3634 5608 hunc
3681 5545 3829 5606 itaquo

2372 5768 2485 5831 (25)
2522 5764 2586 5820 T.
2620 5762 2666 5817 ll
2695 5762 2862 5819 Junii.
2899 5778 2951 5832 p.
2980 5778 2992 5815 I
3028 5772 3083 5815 et
3112 5775 3271 5829 seqq.

2371 5836 2484 5895 tat)
2514 5832 2576 5888 T.
2611 5832 2653 5887 ιι
2682 5831 2971 5901 λιπιίῑίιι.
3005 5832 3132 5887 eos.
