4110 6508
352 400 494 463 Ιϐδῦ

1454 410 1630 471 ΠΤΑ
1667 409 1727 469 S.
1763 409 2097 472 ANDREE
2151 413 2235 475 IN
2290 415 2517 479 CRISI.

3497 425 3562 487 ιι)
3586 423 3634 489 :0

343 525 665 572 narrantem
694 518 869 575 secuti
901 535 1096 577 sumus
1116 521 1254 593 (25),
1281 523 1752 595 deprehendimus
1770 524 1940 593 illico,
1972 533 2016 589 Α
2047 530 2429 598 persecutione
2458 546 2578 603 quas
2622 532 2861 603 praefecti
2915 534 3265 607 imperatoris
3316 534 3551 593 diversis
3581 540 3637 594 in

343 610 433 665 vel
458 610 615 681 Cypri
641 626 844 666 nomen
874 614 1135 670 mendose
1169 615 1224 669 in
1246 616 1498 672 codicem
1522 615 1844 687 Lipomanni
1870 621 1941 673 iro

345 705 589 773 repsisse
621 704 703 758 vel
728 707 906 776 ipsum
955 706 1314 779 interpretem
1359 710 1664 765 oscitantize
1706 726 1942 782 arguen-

342 794 477 850 dum
499 812 641 851 esse.
668 798 749 852 En
780 799 1055 868 quomodo
1081 815 1144 855 ea
1165 801 1218 855 in
1241 801 1299 857 S.
1343 800 1606 873 Stephani
1629 802 1941 873 antiquiore

345 887 471 942 Vita
502 902 802 944 narrentur
832 889 967 962 (26).
1006 892 1191 963 Itaque
1225 893 1279 948 in
1330 894 1567 949 medium
1602 893 1802 964 prodiit
1830 899 1941 949 An-

345 980 533 1036 tonius
566 997 633 1037 ex
680 982 841 1038 Creta
894 984 1091 1051 insula,
1115 986 1206 1056 qui
1258 986 1325 1041 de
1360 986 1575 1042 victima
1604 986 1715 1042 Deo
1744 987 1940 1043 immo-

340 1071 450 1128 lata
493 1074 579 1127 his
607 1074 789 1129 verbis
817 1074 1031 1130 locutus
1057 1087 1141 1131 est
1173 1095 1187 1132 :
1217 1076 1505 1143 Quomodo
1536 1078 1655 1133 sine
1687 1079 1940 1150 lacrymis

308 1216 317 1227 ,
342 1164 561 1235 egregia
592 1165 806 1221 abbatis
837 1168 970 1238 (quo
993 1169 1259 1224 vocabulo
1289 1185 1399 1224 non
1447 1170 1625 1226 solum
1658 1180 1937 1227 monaste-

296 1291 309 1333 λ
343 1254 414 1309 rii
452 1256 876 1333 moderatorem,
901 1260 1016 1313 sive
1050 1261 1376 1330 ἡγούμενον,
1413 1263 1507 1315 sed
1532 1278 1727 1318 omnes
1750 1279 1938 1318 mona-

300 1332 481 1401 ?clios
510 1345 686 1402 Graeci
738 1349 884 1404 illius
922 1353 1186 1422 temporis
1218 1354 1545 1424 plerumque
1593 1355 1935 1427 nuncupant)

282 1442 287 1445 ’
341 1436 497 1494 Pauli
530 1442 830 1496 certamina
878 1443 935 1496 in
980 1452 1220 1499 vestrum
1260 1456 1615 1517 conspectum
1647 1448 1934 1514 adducam,

343 1535 646 1588 venerandi
677 1532 907 1590 Patres?
949 1536 1041 1592 Vir
1070 1536 1161 1591 ille
1193 1553 1494 1609 generosus
1539 1554 1569 1593 a
1601 1538 1939 1609 TheOphane
1970 1568 1979 1573 ε

341 1635 717 1695 eugnomento
751 1626 1078 1700 Lardotyro,
1110 1628 1303 1683 insulae
1352 1631 1747 1701 archisatrapa,
1785 1647 1936 1686 com-

344 1717 681 1787 prehensus,
742 1719 797 1773 in
856 1721 1175 1790 pra‘torium
1231 1719 1466 1777 lleraclii
1516 1723 1937 1795 interrogandus

344 1808 621 1862 adductus
653 1819 757 1863 est.
784 1810 902 1865 Etc.
937 1812 1209 1868 Antonius
1237 1814 1422 1884 igitur,
1460 1814 1589 1868 dum
1630 1817 1818 1870 insulae
1844 1830 1935 1869 ar-

2041 620 2177 676 locis
2210 622 2596 680 adhibuerant.
2636 625 2824 697 Itaque
2863 626 2917 682 in
2947 628 3187 683 medium
3227 629 3430 700 prodiit
3461 629 3629 685 Anto-

2039 713 2165 768 nius
2212 730 2280 770 ex
2329 715 2490 771 Creta
2555 717 2732 772 insula
2783 726 2892 774 etc.
2930 717 3073 789 (Cl'r.
3121 734 3291 791 supra
3332 736 3484 775 num.
3522 722 3637 792 ll.)

2040 804 2274 864 Aliunde
2323 809 2569 864 inductio
2616 809 2705 865 illa
2754 811 3038 881 Cpolitana
3080 815 3295 881 quinta,
3333 829 3439 883 qua
3500 812 3631 869 novi

2040 898 2285 970 praefecti
2317 899 2387 955 ad
2432 900 2741 971 provincias
2800 904 2952 957 missi
3011 915 3159 966 sunt.
3184 908 3438 959 currebat
3464 920 3494 960 a
3532 905 3634 961 Se-

2044 991 2287 1061 ptembri
2326 994 2456 1047 anni
2484 991 2605 1059 766,
2632 994 2699 1049 ad
2723 993 3100 1066 Septembrem
3132 998 3259 1051 anni
3291 998 3417 1064 767,
3453 1007 3505 1052 et
3533 1012 3641 1068 prae

2040 1093 2189 1140 terea
2220 1097 2430 1140 certum
2463 1094 2547 1140 est
2596 1084 2655 1142 S.
2704 1085 3049 1146 Steiiuanum
3084 1087 3188 1143 hoc
3214 1105 3361 1144 anno
3389 1088 3515 1156 767,
3547 1090 3638 1145 die

2038 1174 2539 1231 xxvaovembris
2554 1182 2809 1251 martyrio
2824 1188 3145 1234 coronatum
3164 1179 3349 1236 fuisse.
3374 1180 3511 1252 Ergo
3531 1182 3636 1235 sub

2040 1269 2156 1337 ipsa
2183 1268 2479 1324 indictione
2496 1270 2586 1324 illa
2607 1271 2700 1341 qui
2722 1283 2818 1329 ita.
2834 1280 2961 1326 ante
2983 1271 3357 1343 Septembrem
3379 1274 3506 1327 anni
3532 1272 3632 1327 7ti7

2038 1361 2663 1434 contigeritmartyrium
2693 1361 2751 1418 S.
2770 1366 2916 1418 t'auli
2946 1367 3001 1419 in
3019 1365 3286 1426 Creta,de
3325 1380 3433 1435 quo
3463 1364 3637 1419 Anto-

2037 1453 2167 1507 nius
2218 1453 2309 1508 ille
2347 1453 2627 1510 Cretensis
2675 1464 2884 1511 narrat.
2915 1455 3052 1511 Cum
3087 1471 3217 1511 vero
3240 1455 3298 1510 S.
3331 1456 3533 1511 Paulus
3563 1455 3630 1510 ad

2038 1541 2183 1598 diem
2218 1559 2325 1598 xvii
2343 1543 2520 1598 Martii
2547 1545 2600 1599 in
2619 1542 2932 1600 Gnerorum
2956 1546 3110 1600 lastis
3132 1553 3463 1600 memoretur
3484 1546 3620 1615 (55),

2038 1634 2176 1691 forte
2205 1653 2315 1691 non
2346 1635 2620 1692 immerito
2641 1638 2746 1693 hoc
2763 1638 2872 1699 die.
2902 1636 3204 1693 indictione
3232 1636 3445 1707 quinta,
3480 1650 3626 1690 anno

2038 1738 2437 1796 consequenter
2466 1726 2590 1794 767,
2611 1742 2736 1781 eum
2757 1741 2972 1797 passum
2991 1740 3112 1781 esse
3130 1725 3629 1796 pronuntiabimus.

2112 1814 2201 1871 l5.
2253 1816 2388 1871 Cum
2443 1814 2502 1872 S.
2550 1816 2718 1872 Paulo
2761 1816 2829 1870 ad
2896 1815 3150 1870 eumdem
3231 1813 3377 1869 diem
3434 1814 3633 1869 colitur

348 1901 721 1971 chisatrapam
769 1913 1182 1968 COmmcniorat,
1214 1920 1324 1960 non
1372 1906 1441 1961 de.
1479 1905 1656 1977 Cypro
1680 1906 1936 1976 loquitur,
1971 1890 2013 1945 Β
2045 1906 2102 1960 S.
2149 1904 2562 1964 Theosterictus
2597 1906 2732 1980 (54),
2772 1907 3070 1962 monachus
3112 1906 3428 1962 monasterii
3473 1904 3635 1961 Pele-

350 1991 511 2060 cujus
536 1993 685 2046 nulla
719 1994 778 2047 lit
807 1995 1106 2049 mentioin
1142 1997 1225 2051 his
1257 1996 1411 2052 Actis
1434 1995 1491 2050 S.
1527 1996 1816 2066 Stephani,
1844 2000 1941 2053 sed

347 2080 419 2135 de
449 2079 632 2146 Creta,
664 2096 733 2136 ex
776 2099 881 2153 qua
928 2085 1213 2150 oriundus,
1263 2084 1476 2156 Cpolim
1529 2086 1771 2141 advenit.
1803 2084 1943 2142 Cum

344 2188 484 2229 vero
513 2191 580 2228 ex
608 2176 800 2229 iisdem
849 2178 1003 2231 Actis
1041 2178 1441 2248 antiquioribus
1475 2180 1533 2232 ὃ.
1572 2178 1854 2247 Stephani,
1889 2188 1946 2233 et

347 2264 788 2336 Metaphrastaea,
818 2283 940 2337 quae
983 2267 1357 2337 Lipomannus
1387 2268 1577 2324 Latine
1609 2283 1765 2325 versa
1793 2270 1939 2324 exhi-

349 2357 468 2419 bet,
495 2369 550 2411 et
581 2360 785 2428 reliqua
822 2360 1009 2414 omnia
1054 2359 1441 2430 proﬂuxerint,
1474 2362 1693 2416 etiamsi
1740 2362 1945 2417 alicubi

344 2447 512 2519 Cypri
557 2465 757 2504 nomen
815 2453 1081 2521 prodiret,
1115 2467 1179 2506 ex
1216 2451 1367 2506 Actis
1415 2453 1823 2522 probatioribus
1858 2468 1943 2507 te.

348 2541 661 2610 spuendum
696 2552 866 2597 esset.
899 2543 1102 2597 Verum
1133 2544 1300 2598 dubio
1347 2544 1525 2597 locum
1560 2546 1787 2599 omnino
1821 2544 1945 2598 nul“-

350 2630 462 2685 lum
492 2634 772 2705 relinquit,
797 2636 942 2705 quod
968 2635 1108 2690 libro
1131 2637 1312 2705 primo
1340 2635 1408 2691 de
1444 2634 1806 2691 Theniatibus
1829 2636 1941 2707 (‘27)

353 2723 524 2778 refert
549 2724 949 2780 Constantinus
984 2728 1527 2800 Porpliyrogenncta,
1553 2728 1792 2801 Cyprum
1834 2730 1943 2785 sci-

350 2812 494 2880 licet,
529 2817 598 2869 ab
638 2816 871 2874 Heraclii
924 2804 1170 2889 tempore
1204 2837 1375 2891 usque
1415 2823 1483 2877 ad
1530 2823 1793 2876 Basiliam
1834 2822 1945 2876 Ma-

348 2908 639 2974 cedonem,
673 2924 702 2964 a
724 2911 1015 2966 Saracenis
1044 2910 1215 2965 fuisse
1240 2922 1585 2982 occupatam,
1621 2912 1677 2966 in
1706 2928 1941 2982 quorum

347 3009 701 3070 potestatem,
735 3014 1043 3074 postquam,
1066 3005 1263 3059 Basilio
1293 3009 1616 3075 imperante,
1650 3021 1749 3075 per
1769 3019 1943 3059 annos

348 3104 562 3162 septem
622 3094 856 3149 fuissent
901 3095 1134 3165 depulsi,
1189 3096 1388 3150 iterum
1435 3096 1678 3151 devenit.
1714 3098 1789 3150 Ex
1833 3109 1944 3166 quo

350 3185 705 3240 manifestum
736 3198 819 3242 est
847 3187 1255 3259 Copronymum
1288 3188 1468 3257 Cypro
1523 3202 1810 3257 nunquam
1843 3190 1945 3241 im-

2044 2003 2200 2061 cetar,
2228 1996 2284 2050 in
2312 1997 2438 2051 Asia
2481 1997 2547 2052 ad
2604 1998 3012 2068 Hellespontem
3049 1994 3137 2051 siti
3181 1996 3317 2068 (55),
3348 2011 3454 2051 non
3480 1997 3628 2067 quod

2044 2102 2111 2142 eo
2142 2087 2231 2142 die
2263 2088 2467 2143 obierit
2523 2091 2672 2159 (nam
2718 2089 3091 2145 confessorem
3140 2104 3263 2144 eum
3294 2088 3487 2144 dicunt
3518 2088 3632 2145 Me-

2043 2197 2158 2236 nzea
2191 2183 2305 2252 (56)
2333 2195 2387 2238 et
2437 2185 2491 2238 in
2543 2199 2673 2250 pace
2729 2182 3050 2253 mortuum),
3093 2182 3188 2236 sed
3241 2182 3388 2251 quod
3436 2181 3629 2237 eodem

2044 2275 2166 2329 loco
2200 2274 2314 2346 (57)
2345 2273 2607 2330 Actorum
2637 2273 2695 2329 S.
2730 2273 3019 2344 Stephani,
3046 2281 3172 2342 post
3222 2271 3427 2327 dictum
3454 2271 3631 2327 Anto-

2046 2366 2197 2420 nium
2221 2364 2567 2432 Cretensem,
2601 2363 3018 2421 Theosterictus
3055 2364 3427 2418 narrationem
3467 2363 3631 2418 insti-

2047 2465 2180 2522 tuat,
2212 2458 2281 2511 de
2316 2458 2581 2527 martyrio
2627 2456 2847 2527 triginta
2902 2464 3027 2510 octo
3067 2454 3464 2510 monachorum
3517 2470 3635 2508 mos

2044 2545 2271 2599 nasterii
2329 2544 2573 2600 sui.Hos
2630 2545 2796 2615 igitur
2846 2543 2979 2599 dicit
3030 2559 3060 2598 a
3111 2543 3633 2600 Lachanodraeonte
3712 2567 3721 2585 ο

2045 2635 2327 2707 praefecto,
2362 2636 2498 2692 l'cria
2545 2640 2736 2708 quinta
2771 2639 2824 2691 in
2849 2636 3017 2692 Cinna
3054 2637 3291 2702 Domini,
3348 2636 3404 2691 in
3437 2651 3630 2691 mona-

2044 2729 2214 2784 sterio
2276 2744 2380 2801 suo
2450 2717 2729 2786 Pelecetar
2778 2729 3215 2799 comprehensos
3267 2742 3423 2793 esse,
3456 2743 3634 2798 eoque

2045 2829 2276 2888 vastato,
2307 2823 2377 2877 ab
2407 2823 2599 2877 eodem
2650 2821 3169 2877 Lachanodraconte
3218 2834 3409 2875 versus
3445 2820 3629 2891 Ephe-

2045 2930 2165 2971 sum
2190 2916 2474 2983 abductos,
2501 2916 2573 2971 ibi
2597 2918 2842 2987 martyrii
2868 2916 3098 2984 palmam
3117 2913 3440 2969 obtinuisse.
3464 2913 3632 2967 Porro

2047 3007 2193 3060 inter
2225 3008 2534 3076 praefectos,
2565 3022 2703 3076 quos
2732 3021 2887 3061 num.
2921 3005 3321 3079 praecedentia
3345 3001 3634 3073 Coprony~

2046 3110 2159 3161 mo,
2178 3096 2478 3152 indictione
2503 3098 2712 3167 quinta,
2739 3097 2793 3150 in
2822 3096 3133 3167 provincias
3160 3097 3358 3150 missos
3380 3109 3503 3150 esse
3542 3094 3631 3149 di-

2047 3190 2244 3253 ximus,
2272 3191 2589 3243 nominatur
2618 3204 2648 3243 a
2673 3189 3007 3259 Theophane
3034 3189 3149 3259 ipse
3176 3187 3630 3243 Lachanodracon

351 3291 596 3346 perasse,
628 3293 810 3349 neque
857 3281 925 3333 ab
948 3281 1191 3336 Antonio
1215 3281 1307 3334 illo
1334 3296 1400 3334 ex
1438 3280 1623 3346 Creta,
1651 3283 1781 3334 dum
1810 3295 1941 3334 nar-
1974 3263 2018 3322 τι
2051 3279 2159 3340 ille,
2189 3295 2277 3335 cm
2303 3283 2487 3336 thema
2521 3282 2666 3337 Asiae
2693 3281 2919 3336 Minoris
2965 3282 3222 3335 traditum
3254 3280 3464 3345 scribit,
3501 3279 3634 3333 alias

354 3371 627 3425 rationem
655 3385 810 3426 suam
856 3373 1108 3438 absolvit,
1131 3374 1199 3427 de
1225 3373 1389 3443 Cypri
1420 3374 1679 3443 prmiecto
1709 3372 1815 3428 dici
1844 3388 1943 3443 po-

353 3464 525 3518 tuisse
555 3464 671 3536 (28)
708 3485 721 3519 ς
753 3465 847 3521 Sic
897 3474 1144 3521 sanctum
1178 3467 1354 3521 virum
1408 3467 1786 3521 holocaustum
1821 3467 1944 3537 igne

348 3556 537 3610 etl'ecit
572 3572 807 3626 nequam
854 3558 1187 3628 imperatore
1236 3562 1606 3629 (Copronymo
1661 3561 1942 3629 nimirum)

348 3653 582 3717 nequior
606 3651 915 3720 prmi’ectus,
942 3651 1030 3705 ille
1056 3666 1252 3722 nempe
1288 3649 1652 3719 TheOphanes
1682 3651 1944 3721 Lardory-

350 3758 467 3809 rus,
500 3743 568 3796 de
597 3760 707 3813 quo
731 3758 915 3812 supra.
943 3743 1050 3797 Sed
1082 3746 1149 3797 de
1177 3743 1337 3798 Creta
1365 3744 1552 3813 utique
1577 3743 1942 3813 poteratdici,

348 3849 517 3904 quam
551 3836 693 3889 idem
732 3833 1256 3907 Purphyrogemieta
1293 3835 1513 3889 nonnisi
1548 3836 1652 3890 sub
1680 3835 1945 3890 Michaele

353 3923 523 3978 Balbo
551 3941 580 3978 a
617 3924 909 3978 Saracenis
932 3936 1149 3995 captam
1175 3924 1409 3979 aliirmat
1437 3925 1575 3995 (i9).

424 4016 511 4073 η.
550 4016 789 4087 Tempus
840 4018 1083 4089 martyrii
1118 4032 1183 4071 ex
1232 4018 1589 4088 Theophane,
1628 4032 1751 4071 cum
1794 4016 1946 4072 Actis

348 4108 408 4164 S.
443 4110 705 4179 Stephani
736 4110 933 4163 collato
968 4114 1047 4163 sic
1086 4111 1252 4163 statui
1288 4119 1488 4179 potest.
1529 4106 1723 4162 Narrat
1753 4109 1843 4163 ille
1877 4111 1945 4164 ad

350 4216 558 4254 annum
617 4202 807 4255 muniti
864 4200 1028 4266 6257,
1082 4208 1185 4255 sub
1238 4200 1542 4275 indictione
1570 4209 1763 4268 quarta
1801 4200 1942 4272 (50),

350 4291 764 4363 Coptronytuuin
792 4294 1051 4346 omnibus
1078 4292 1310 4346 subditis
1333 4293 1707 4362 juramentum
1736 4307 1945 4362 prince-

350 4386 524 4458 pisse.
588 4401 654 4439 ne
726 4385 1062 4454 imaginibus
1120 4386 1533 4439 venerationem
1582 4385 1940 4452 exhiberem;

351 4494 499 4533 anno
531 4494 661 4533 vero
689 4489 963 4548 sequenti,
997 4478 1295 4533 indictione
1337 4478 1529 4548 quinta
1578 4477 1713 4548 (5|),
1747 4477 1945 4547 praefe-

350 4586 474 4626 ctos
505 4586 559 4626 in
598 4572 911 4642 provincias
937 4587 1035 4626 seu
1074 4574 1314 4627 themata
1343 4572 1580 4635 misisse,
1602 4572 1696 4640 qui
1723 4574 1939 4625 easdem

351 4665 429 4720 ibi
453 4665 843 4729 inmonachos,
860 4681 996 4734 quas
1027 4665 1144 4732 ipse
1168 4663 1349 4734 Cpoli,
1371 4664 1597 4719 ederent
1625 4663 1939 4733 tragoedias.

349 4757 520 4814 Porro
553 4758 830 4823 monachi,
862 4760 952 4828 qui
989 4772 1134 4812 anno
1168 4757 1265 4811 767
1306 4771 1433 4812 cum
1469 4756 1529 4811 S.
1571 4757 1855 4825 Stephano
1884 4756 1941 4809 in

348 4864 573 4905 carcere
639 4848 880 4919 pnetorii
914 4848 1296 4910 versabantur,
1330 4847 1398 4901 de
1434 4845 1757 4902 crudelitate
1804 4860 1942 4915 prai-

348 4950 620 4997 tcctoruin
675 4946 728 4996 in
783 4941 1080 5011 provinciis
1128 4940 1362 5010 plurima
1444 4947 1750 4993 memorant
1802 4935 1935 5008 (52).

345 5036 488 5091 Cum
521 5046 703 5088 autem
756 5035 994 5103 quadam
1032 5034 1120 5088 die
1156 5047 1263 5086 una
1292 5046 1416 5087 cum
1465 5029 1661 5085 vinctis
1688 5029 1811 5083 aliis
1840 5028 1939 5081 l’a-

340 5129 532 5185 tribus
585 5129 802 5183 sederet
843 5126 925 5180 vir
980 5134 1224 5191 sanctus,
1276 5139 1460 5179 sermo
1511 5131 1690 5177 motus
1737 5130 1821 5178 est
1870 5120 1940 5176 de

421 5305 540 5378 (25)
572 5305 831 5360 Anaiecta
855 5304 1062 5378 Crateri.
1085 5303 1257 5378 Paris,
1283 5301 1447 5378 t688,
1477 5318 1531 5373 p.
1561 5298 1684 5357 504.

420 5376 535 5446 (20)
569 5379 832 5430 Analecta
858 5377 1070 5441 Graeca,
1108 5377 1212 5430 loc.
1244 5376 1339 5430 cit.

330 5469 338 5477 ·
424 5452 539 5518 (2i)
576 5450 721 5501 edit.
756 5447 964 5509 Bonm,
992 5466 1045 5517 μ.
1078 5448 1169 5503 40.

423 5513 537 5589 (22$)
571 5519 831 5570 Analecta
858 5513 1067 5583 Graeca,
1097 5535 1150 5586 p.
1180 5513 1303 5572 505.

423 5598 537 5658 (zu)
566 5598 648 5658 νε
671 5598 878 5643 auium.
908 5589 1070 5657 lmp.,
1097 5604 1219 5658 cap.
1244 5604 1378 5642 xm.

421 5656 532 5784 (ἔδυ)
564 5656 921 5781 '{Inieophanis
974 5656 1449 5729 Chronugraphia,
1507 5657 1710 5714 Bonna
1760 5658 1936 5726 1839,

461 5772 475 5784 .
508 5750 559 5784 υ.
607 5749 621 5780 ι
661 5751 714 5783 ο.

350 5742 392 5786 ι.
430 5731 475 5793 l,
508 5750 559 5793 υ.
588 5731 714 5783 675.

430 5750 475 5793 ι,
504 5750 559 5801 p.
588 5750 714 5783 tua.

423 5802 537 5870 (δι)
571 5802 730 5864 Ibid...
765 5817 820 5872 p.
858 5799 986 5872 sai.

424 5875 537 5947 (32)
573 5870 834 5929 Analecta
865 5871 1071 5942 Graeca,
1104 5884 1160 5941 ι).
1192 5870 1316 5928 504.

2044 3371 2250 3427 dictum
2274 3372 2716 3429 Thracesioruni.
2741 3374 3035 3444 Perperam
3056 3374 3259 3443 itaque,
3296 3381 3353 3428 ut
3377 3373 3428 3427 id
3459 3373 3635 3427 obiter

2045 3473 2250 3524 notem.
2287 3464 2499 3521 Goarus
2530 3465 2618 3520 hic
2648 3466 2832 3519 thema
2860 3464 3252 3520 Τιιτθορηείυηι
3299 3465 3634 3533 interpreta-

2048 3562 2136 3608 tus
2170 3564 2254 3608 est
2292 3555 2443 3623 (58);
2472 3570 2599 3608 nam
2655 3556 2849 3609 horum
2901 3555 3081 3608 thema
3120 3556 3174 3607 in
3216 3553 3429 3623 Europa
3465 3556 3631 3611 situm

2044 3655 2184 3709 erat,
2211 3644 2630 3700 Thracesiorum
2663 3660 2791 3699 vero
2825 3646 3294 3715 complectebatur
3318 3648 3502 3701 Asiam
3529 3646 3597 3701 Mi
3617 3674 3635 3687 -

2044 3751 2257 3791 norem.
2295 3736 2557 3806 Apprime
2593 3750 2657 3789 ea
2685 3736 2996 3807 distinguit,
3026 3736 3190 3789 simul
3228 3750 3421 3790 vocum
3450 3746 3631 3807 etyma

2047 3832 2288 3895 tradens,
2321 3830 2721 3885 Constantinus
2761 3830 3285 3902 Porphyrogenneta
3321 3830 3375 3884 in
3415 3833 3635 3888 laudato

2042 3938 2211 3993 opere
2250 3923 2318 3977 de
2345 3918 2702 3976 Thematibus
2750 3921 2887 3992 (39).
2923 3921 3151 3976 Indictio
3183 3932 3366 3977 autem
3417 3926 3629 3993 quinta,

2040 4016 2154 4085 jam
2188 4015 2449 4081 indicata,
2494 4014 2810 4084 incipiebat,
2849 4024 2904 4069 ut
2951 4015 3213 4079 diximus,
3245 4030 3275 4069 a
3320 4017 3629 4086 Septembri

2045 4109 2174 4163 anni
2206 4108 2346 4175 706;
2379 4112 2474 4164 sed
2505 4124 2631 4163 cum
2657 4108 3073 4163 'l‘heosterictus
3103 4109 3496 4163 monasterium
3528 4108 3631 4163 Pe—

2046 4204 2230 4257 lecetre
2276 4218 2306 4257 a
2366 4202 2910 4264 Lachanodraconte,
2949 4201 3082 4253 feria
3137 4204 3324 4268 quinia
3360 4200 3413 4254 in
3461 4202 3631 4255 Cinna

2045 4295 2282 4358 Domini,
2320 4294 2568 4349 invasum
2616 4302 2824 4359 narret,
2868 4294 3162 4349 dicendum
3206 4294 3311 4346 erit
3360 4292 3416 4347 id
3451 4294 3633 4348 conti-

2043 4391 2188 4460 gisse
2211 4403 2356 4442 anno
2379 4388 2503 4462 767,
2532 4387 2622 4442 die
2663 4402 2751 4441 xvr
2784 4388 3009 4456 Aprilis,
3044 4385 3264 4456 quando
3295 4385 3499 4439 Pascha
3542 4385 3633 4441 die

2044 4496 2158 4534 xix.
2193 4477 2509 4550 Martyrium
2543 4489 2724 4533 autem
2755 4478 2973 4549 triginta
3004 4485 3130 4532 octo
3148 4477 3422 4531 sociorum
3450 4475 3632 4531 Theo-

2047 4573 2278 4635 stericti,
2308 4571 2452 4639 quod
2493 4570 2547 4623 in
2601 4567 2803 4637 Ephesi
2847 4567 3095 4637 partibus
3128 4566 3373 4638 contigit,
3407 4565 3632 4638 alligen-

2047 4663 2177 4718 dum
2209 4670 2294 4715 est
2342 4660 2589 4730 profecto
2628 4661 2805 4714 eidem
2850 4674 2998 4714 anno
3039 4659 3162 4722 769,
3200 4658 3470 4728 siquidem
3502 4668 3632 4715 ante

2045 4755 2207 4809 linem
2238 4752 2562 4806 Novembris
2593 4749 2737 4804 illius
2771 4752 2921 4815 anni,
2941 4749 2994 4804 ὃ.
3023 4749 3304 4818 Stephano
3331 4749 3387 4802 in
3410 4762 3629 4803 carcere

2044 4828 2324 4899 narratum
2358 4842 2481 4897 fuit.
2518 4841 2668 4895 Diem
2690 4840 2933 4911 martyrii
2962 4839 3227 4911 assignari
3254 4836 3396 4892 forte
3426 4835 3629 4907 poteri-

2043 4952 2168 4992 mus
2195 4940 2249 4991 in
2294 4935 2442 4990 hunc
2493 4934 2739 4990 modum.
2767 4934 2989 4989 Obtinet
3018 4932 3239 5004 quidem
3283 4931 3398 4985 hac
3431 4938 3631 5000 marty-

2041 5046 2164 5085 rum
2219 5030 2420 5084 cobors
2497 5029 2555 5084 in
2627 5027 3011 5100 Martyroloxio
3067 5025 3316 5079 Romano
3374 5023 3519 5078 diem
3553 5034 3631 5081 ait

2039 5123 2307 5189 Januarii,
2362 5122 2428 5179 ad
2475 5134 2637 5192 quem
2690 5120 3006 5176 deeessores
3059 5118 3230 5173 nostri
3276 5117 3345 5172 de
3390 5116 3458 5173 iis
3506 5129 3629 5193 ego.

2111 5306 2227 5379 (sa)
2262 5304 2337 5379 τί.Δ
2363 5303 2410 5379 _|l
2444 5302 2644 5369 Martii,
2675 5316 2728 5374 p.
2754 5300 2880 5358 eos.

2113 5375 2228 5448 (54)
2262 5375 2400 5448 Ibid.-

2116 5442 2231 5519 (55)
2267 5446 2331 5501 Τ.
2364 5446 2387 5502 ι
2415 5444 2620 5519 ApriL.
2648 5459 2709 5519 με
2729 5442 2827 5519 βο.

2371 5507 2517 5573 diem
2551 5507 2666 5571 xvri
2691 5514 2895 5578 Martii,
2922 5510 3019 5569 Cir
3037 5511 3171 5567 Acta
3200 5508 3326 5578 SS.,
3357 5520 3398 5580 t,
3428 5507 3629 5566 llMar-

2042 5590 2475 5740 t|"('§|:1.)‘l);:39qua
2518 5657 2755 5721 ratione,
2786 5654 2914 5723 vide
2949 5668 3138 5725 supra,
3171 5667 3230 5707 ιι.
3268 5655 3299 5708 7
3339 5652 3629 5709 Commen-

2044 5742 2224 5870 “225)
2258 5798 2607 5873 '_l'he0pha_n.,
2644 5797 2684 5850 ι.
2712 5813 2791 5862 c.,
2825 5795 3037 5873 p._68l.
3119 5866 3132 5873 _
3311 5869 3314 5873 ἢ

2117 5866 2228 5936 (59)
2261 5870 2378 5925 Lib.
2416 5866 2454 5937 i,
2488 5870 2657 5924 them.
2698 5885 2777 5936 iii,
2809 5866 2863 5923 et
2884 5867 2976 5923 lib.
3004 5881 3063 5934 tt,
3094 5866 3268 5923 them.
3297 5869 3341 5923 ι.
