4110 6462
581 347 710 406 1091

1818 309 1823 316 ’
1875 341 2160 401 MENst
2196 340 2566 403 OCTOBER.

3711 341 3828 406 1092

577 469 706 515 runt
740 460 876 531 (40),
914 464 1009 518 sed
1045 463 1095 519 hi
1128 465 1368 518 fatentur
1401 478 1459 518 se
1485 462 1539 516 in
1577 461 1742 516 nullis
1775 460 1929 516 fastis
1954 459 2023 515 ad
2077 459 2164 516 di-
2192 468 2239 525 Α
2274 459 2581 531 πτόμενος)
2634 473 2732 530 pro
2766 457 2968 516 Chriin
3017 457 3249 532 imagine
3303 473 3506 526 cresus,
3535 459 3687 514 illum
3738 461 3833 516 Da-

573 562 727 608 Ctum
768 554 913 609 diem
962 557 1310 624 consignatos
1339 570 1432 609 cos
1464 554 1756 624 reperisse.
1802 552 1999 608 Postea
2033 568 2160 608 vero

573 646 795 700 eosdem
819 649 1010 701 obvios
1049 647 1362 702 habuerunt
1393 648 1447 701 in
1488 645 1891 717 pretiosissimo
1915 644 2160 715 Synaxa-

576 739 707 794 rista
758 738 1120 804 Chifllctiano,
1159 740 1224 794 ad
1275 739 1418 794 diem
1465 755 1500 793 ιι
1547 738 1726 804 Junii;
1761 753 1885 792 nam
1937 738 2160 792 eosdem

570 845 713 894 esse,
751 846 819 884 ex
853 831 1164 885 narratione
1205 830 1567 884 Theostericti
1625 845 1750 883 cum
1822 830 2161 898 synaxarista

573 924 667 978 illo
690 924 884 978 collata
904 925 989 995 (Η
1005 926 1043 994 ),
1063 925 1288 979 cuilibet
1311 923 1662 977 manifestum
1690 922 1788 977 ﬁet
1810 963 1826 987 ,
1849 937 2158 992 quanquam

572 1015 982 1070 Henschenium
1017 1027 1267 1072 nostrum
1299 1017 1350 1070 id
1390 1027 1500 1070 tum
1535 1018 1721 1086 fugere
1758 1017 1956 1085 potuit.
1990 1015 2162 1069 Porro

571 1109 829 1162 laudatus
866 1110 1235 1180 synaxaristes
1285 1124 1392 1162 non
1443 1109 1617 1163 solum
1659 1109 1727 1164 ad
1761 1109 1906 1162 diem
1944 1123 1979 1162 ιι
2013 1107 2163 1161 Junii

567 1215 664 1254 eos
687 1201 887 1271 signat,
909 1201 1004 1256 sed
1034 1212 1293 1270 praterea
1323 1203 1458 1255 satis
1486 1210 1678 1270 aperte
1703 1200 1946 1255 insinuat
1980 1199 2046 1253 iis
2072 1199 2163 1254 illo

566 1292 655 1346 die
695 1293 931 1362 palmam
965 1294 1208 1362 martyrii
1245 1293 1525 1363 obtigisse.
1559 1294 1635 1347 Ex
1671 1294 1868 1363 quibus
1890 1292 2166 1347 verisimi-

566 1383 695 1437 liter
724 1383 1048 1438 conficimus
1075 1384 1176 1438 hos
1203 1386 1524 1449 monachos,
1552 1400 1742 1439 mense
1770 1399 1892 1437 cum
1934 1385 2163 1438 dimidio

567 1483 856 1543 postquam
883 1476 1280 1529 monasterium
1321 1491 1481 1530 suum
1523 1475 1784 1530 Pclccettn
1814 1485 2079 1531 vastatum
2111 1486 2165 1530 et

567 1568 914 1621 combustum
981 1567 1260 1628 viderunt,
1319 1585 1488 1638 prope
1543 1569 1820 1638 Ephesum
1869 1570 2164 1624 suffocatos

566 1653 760 1717 fuisse,
804 1657 892 1710 die
924 1657 1138 1712 scilicet
1173 1675 1209 1712 ιι
1240 1657 1390 1712 Junii
1417 1661 1544 1713 anni
1575 1661 1696 1716 757.

643 1746 730 1799 H.
770 1745 842 1801 De
880 1746 938 1801 S.
973 1749 1132 1803 Petro
1171 1751 1240 1804 de
1295 1751 1628 1814 Blaehernis,
1673 1769 1834 1824 quem
1892 1770 2049 1809 num.
2099 1756 2157 1810 11

2261 553 2485 610 cianum
2539 562 2594 608 et
2642 554 3119 623 praevaricatorem
3175 552 3342 607 libere
3382 553 3726 622 appellando,
3754 570 3839 608 su-

2261 645 2532 714 blatisque
2563 645 2628 699 ad
2656 644 2823 698 Deum
2859 644 3033 698 oculis
3065 644 3318 707 dicendo,
3339 643 3562 699 Gratias
3598 645 3691 699 tibi
3726 661 3839 716 ago,

2262 739 2510 804 Domine,
2555 739 2610 793 in
2666 739 2864 792 mediis
2900 738 3190 792 verberum
3247 739 3586 792 cruciatibus
3609 739 3840 806 exspira-

2260 831 2340 884 vit
2363 830 2500 898 (Η).
2527 830 2606 884 Ad
2651 831 2768 885 haec
2795 831 3030 900 primum
3079 829 3424 884 advertimus
3452 845 3601 896 eum,
3628 830 3716 899 qui
3763 829 3841 886 hic

2262 922 2556 987 Dacianus,
2599 923 2652 977 id
2710 933 2794 977 est
2852 933 3174 992 perseeutor
3221 923 3568 976 saevissimus
3601 923 3843 991 (45),ap-

2261 1015 2519 1085 pellatur,
2552 1031 2578 1068 a
2609 1015 2978 1084 Metaphraste
3005 1015 3059 1068 in
3095 1016 3283 1069 eadem
3322 1015 3433 1068 vita
3459 1015 3605 1084 apud
3636 1014 3841 1069 Surium

2263 1109 2331 1163 ad
2361 1109 2504 1162 diem
2539 1122 2710 1163 xxvnt
2745 1107 3012 1162 Novemb.
3040 1106 3319 1161 Julianum
3373 1108 3698 1176 Apostatam
3727 1107 3872 1172 dici,-

2262 1199 2411 1268 quod
2461 1197 2789 1268 Theophani
2851 1215 3077 1269 prorsus
3143 1215 3453 1253 consonum
3505 1207 3592 1253 est
3655 1204 3840 1270 (supra

2263 1307 2419 1347 num.
2456 1291 2564 1359 H).
2602 1291 2808 1362 Deinde
2835 1293 3040 1360 reliqua
3073 1291 3254 1345 omnia
3291 1307 3416 1360 quae
3450 1289 3509 1345 S.
3550 1290 3838 1359 Stephanus

2266 1394 2455 1439 narrat
2481 1387 2546 1438 de
2583 1383 2751 1439 Petro
2785 1384 2840 1437 in
2877 1383 3194 1438 Blaehernis
3228 1383 3472 1447 incluso,
3504 1383 3640 1435 nihil
3677 1384 3838 1438 diver-

2265 1492 2385 1532 sum
2447 1475 2654 1530 habent
2695 1487 2894 1546 praeter
2941 1477 3114 1529 solum
3167 1490 3396 1540 nomen,
3435 1476 3506 1528 ab
3539 1475 3603 1528 iis
3636 1492 3747 1543 qua:
3783 1477 3839 1530 de

2265 1568 2481 1622 Andrea
2510 1569 2563 1621 in
2595 1567 2912 1622 Blaehernis
2945 1567 3191 1637 Calybita
3226 1567 3424 1621 scribit
3474 1565 3838 1636 TheOphanes.

2268 1657 2539 1713 Prmterea
2576 1659 2622 1713 si
2655 1659 3042 1730 Theophanes,
3081 1660 3173 1715 ubi
3225 1661 3291 1714 de
3328 1660 3494 1713 Petro
3525 1661 3701 1730 styiita
3725 1662 3839 1715 scri-

2267 1749 2352 1804 bit
2405 1751 2626 1821 (ιι.14),
2679 1768 2807 1806 vere
2858 1752 3078 1807 Petrum
3129 1752 3182 1805 in
3229 1751 3555 1806 Blaehernis
3593 1753 3837 1806 int-lusum

563 1848 689 1905 post
719 1837 776 1892 S.
809 1838 1036 1893 Paulum
1055 1839 1373 1897 Cretensem
1399 1837 1704 1912 posuimus.
1733 1847 1966 1916 plurima
1995 1850 2158 1903 etiam
2193 1843 2233 1897 Β
2263 1844 2598 1914 designaret,
2649 1861 2772 1914 (ιιιῖε
2829 1845 2896 1898 de
2947 1845 3053 1898 isto
3093 1857 3416 1911 narranlur.
3449 1862 3572 1900 cum
3635 1847 3836 1900 historia

564 1944 632 1984 ex
657 1930 808 1985 Actis
844 1929 903 1986 S.
938 1931 1206 2003 Stephani
1238 1937 1614 1993 innotescunt.
1648 1937 2058 2008 Papebroehius
2090 1944 2157 1996 ad

563 2020 710 2076 diem
761 2039 848 2075 xvt
895 2023 1023 2078 Maii
1063 2027 1175 2096 (42)
1225 2043 1290 2080 ex
1343 2027 1560 2082 laudato
1605 2032 1942 2099 synaxarista
1986 2031 2085 2086 Ms.
2121 2047 2152 2086 a

561 2111 837 2168 Chifﬂetio
886 2125 1083 2170 nostro
1134 2129 1382 2187 accepto,
1425 2120 1492 2173 de
1539 2123 1599 2175 S.
1658 2122 1824 2176 Petro
1871 2125 2159 2192 sequentia

577 2204 903 2274 depromit:
948 2208 1006 2260 Ὀ
1058 2210 1115 2260 ὲν
1167 2210 1502 2281 Βλαχέρναις
1553 2214 1780 2285 Πέτρος,
1831 2214 2156 2287 βουνεύροις

563 2297 908 2366 τυπτόμενος
936 2299 1279 2367 τελειοῦταις
1325 2303 1376 2356 id
1424 2313 1547 2360 est:
1582 2304 1779 2359 Petrus
1810 2307 1863 2360 in
1901 2306 2157 2362 Blaeher-

563 2387 652 2442 nis
681 2388 960 2454 habitans,
995 2393 1200 2446 taureis
1222 2408 1414 2458 casus,
1436 2398 1758 2466 martyrium
1790 2408 2155 2454 consummat.

564 2475 733 2533 llecte
780 2480 1190 2551 Papebrochius
1242 2486 1468 2555 conjicit
1502 2487 1592 2541 hic
1637 2491 1721 2559 agi
1773 2490 1842 2544 de
1893 2491 2158 2547 alterutro

563 2571 798 2626 duorum
831 2586 1156 2644 martyrum,
1191 2593 1332 2646 quos
1367 2579 1740 2649 Theophanes
1767 2583 1834 2638 ad
1865 2599 2069 2638 annum
2088 2585 2152 2640 21

562 2672 617 2716 et
645 2663 712 2716 27
751 2666 1078 2737 C0pronymi
1117 2669 1335 2737 refert;
1387 2686 1455 2726 en
1503 2672 1667 2742 hujus
1713 2675 1960 2730 historici
1988 2677 2156 2732 verba

567 2753 758 2809 Latine
794 2771 947 2811 versa
978 2758 1088 2829 (45)
1123 2777 1134 2812 :
1162 2761 1363 2814 Eodem
1391 2761 1551 2817 etiam
1580 2780 1723 2818 anno
1745 2766 1956 2830 (mundi
1985 2766 2146 2830 6253.

561 2845 906 2902 Constantini
943 2851 1036 2918 21)
1069 2851 1469 2909 Constantinus
1529 2868 1848 2923 persecutor
1882 2861 2158 2915 Andream

561 2939 926 2992 venerabilem
965 2941 1321 3005 monachum,
1355 2943 1661 3015 Calyhitatn
1692 2950 1920 3012 dictum,
1949 2952 2015 3005 ad
2037 2951 2160 3005 Bla-

563 3026 801 3080 chernas
835 3027 1201 3093 habitantem,
1229 3032 1282 3084 in
1331 3033 1518 3088 Sancti
1567 3037 1854 3093 Mamantis
1881 3042 2031 3095 circo
2062 3041 2159 3096 ﬂa-

563 3119 716 3188 gellis
764 3121 1068 3182 interfecit,
1097 3124 1244 3190 quod
1289 3125 1410 3194 ejus
1440 3125 1801 3194 impietatem,
1832 3145 1898 3184 eo
1935 3131 2159 3188 Valente

558 3209 782 3277 juniore
825 3221 882 3265 et
927 3210 1148 3266 Juliano
1199 3215 1455 3281 vocitato,
1491 3219 1798 3287 arguisset;
1830 3221 1951 3288 ejus
1981 3235 2160 3279 autem

559 3315 761 3368 corpus
821 3301 875 3354 in
927 3301 1192 3358 ﬂuentum
1243 3298 1440 3376 projici'
1493 3309 1758 3377 jusserat,
1792 3313 1889 3366 sed
1933 3315 2162 3371 Andreae

557 3405 777 3446 sorores
810 3391 988 3462 ipsum
1031 3395 1346 3463 efferentes,
1385 3398 1440 3452 in
1493 3399 1750 3456 Leucadii
1797 3408 2042 3474 emporio
2074 3423 2163 3462 se-

559 3484 794 3552 pulturae
827 3486 1180 3542 mandarunt.
1209 3488 1278 3542 Et
1304 3505 1458 3544 anno
1479 3495 1667 3547 mundi
1697 3493 1856 3561 6259,
1891 3496 2162 3552 Constan-

561 3576 662 3630 tini
703 3576 792 3629 27.
862 3580 1118 3634 Ceterum
1170 3579 1237 3636 ab
1280 3582 1383 3636 hoc
1415 3592 1661 3652 tempore
1696 3587 1886 3656 majori
1939 3594 2158 3648 vesania

558 3667 613 3721 in
646 3679 866 3724 sanctas
900 3672 993 3724 Dei
1025 3671 1300 3728 Ecclesias
1351 3675 1664 3744 ferebatur;
1699 3681 1850 3734 misit
1881 3683 2028 3738 enim
2065 3687 2156 3755 qui

555 3757 781 3814 Petrum
835 3765 1211 3818 venerabilem
1265 3767 1504 3836 stylitam
1538 3782 1568 3821 a
1607 3780 1760 3838 petra
1814 3777 2154 3842 exturbaret,

556 3866 794 3920 cumque
835 3855 1186 3924 dogmatibus
1219 3859 1334 3912 suis
1357 3870 1740 3931 repugantem,
1779 3866 1965 3921 vivum
2003 3870 2158 3939 pedi-

557 3940 662 3995 bus
689 3944 962 4009 vinctum,
996 3962 1060 4000 ac
1103 3963 1201 4016 per
1239 3949 1448 4004 medias
1483 3952 1632 4006 urbis
1671 3954 1785 4009 vias
1812 3967 2153 4026 pertractnm

558 4033 611 4086 in
641 4034 854 4105 Pelagia
889 4038 1082 4106 projici
1131 4040 1319 4107 jussit,
1349 4040 1486 4096 alios
1520 4059 1650 4098 vero
1693 4047 1867 4101 saccis
1887 4050 2151 4116 inclusos,

555 4124 794 4194 alligatis
827 4128 1080 4194 pedibus,
1118 4129 1170 4182 in
1202 4145 1353 4183 mare
1388 4132 1654 4204 dernet‘gi.

635 4217 724 4273 15.
788 4217 1152 4288 5)·ηθχτιτιδιω
1194 4237 1299 4276 suo
1330 4223 1738 4292 Papebrochius
1765 4229 1990 4285 nimium
2020 4233 2154 4288 ditii-

555 4308 654 4372 dit,
705 4311 836 4363 dum
895 4311 1200 4365 arbitratur
1243 4329 1367 4367 eum
1417 4314 1527 4369 duo
1563 4318 1724 4372 allata
1776 4325 2033 4393 martyria
2095 4325 2148 4379 in

557 4415 729 4452 unum
764 4399 1070 4464 conﬂasse;
1117 4404 1232 4472 ipse
1283 4404 1428 4458 enim
1463 4405 1831 4478 TheOphanes
1861 4416 1948 4468 hic
1979 4433 2148 4471 unum

2267 1936 2325 1990 S.
2360 1937 2624 2006 Stephani
2660 1938 2914 2006 componi
2952 1952 3060 1991 non
3091 1948 3339 2007 possent.
3377 1939 3612 1992 Sanetus
3635 1938 3838 2008 Stepha-

2263 2045 2367 2083 nus
2391 2029 2561 2094 enim,
2601 2041 2661 2083 ut
2706 2046 2804 2084 suo
2834 2031 2955 2084 loco
3007 2030 3391 2100 probabimus,
3429 2048 3457 2085 a
3503 2047 3684 2085 mense
3713 2031 3834 2088 Nov.

2263 2119 2368 2173 765
2399 2136 2568 2186 usque
2595 2121 2660 2174 ad
2694 2121 2856 2175 finem
2889 2122 3016 2175 anni
3056 2121 3158 2175 766
3190 2122 3244 2176 in
3286 2123 3486 2176 exsilio
3522 2125 3637 2184 fuit,
3670 2134 3720 2177 et
3743 2125 3833 2177 eir-

2262 2213 2400 2268 citer
2420 2214 2486 2268 ab
2510 2215 2734 2268 ineunte
2763 2213 3030 2269 Januario
3069 2217 3169 2270 767
3199 2217 3636 2286 cum'praedictis
3668 2233 3832 2271 mona-

2261 2307 2382 2362 chis
2432 2307 2485 2360 in
2530 2321 2752 2361 carcere
2819 2305 3062 2360 Praetorii
3122 2309 3478 2362 versabatur.
3530 2307 3602 2360 Ex
3655 2309 3829 2377 quibus

2263 2397 2546 2468 probabile
2576 2398 2633 2451 fit
2661 2407 2791 2452 ante
2815 2397 2916 2452 765
2948 2396 3004 2452 S.
3033 2408 3330 2468 martyrem
3368 2400 3615 2463 Petrum,
3647 2399 3707 2452 de
3738 2413 3827 2468 quo

2265 2498 2476 2552 narrat,
2513 2489 2871 2552 occubuisse;
2905 2503 3028 2542 nam
3077 2491 3345 2558 alioquin,
3381 2492 3475 2559 qui
3521 2507 3630 2544 non
3659 2492 3824 2544 melius

2263 2581 2519 2636 monachi
2555 2580 2614 2636 S.
2658 2581 2965 2650 Stephano,
2999 2598 3160 2651 quam
3215 2583 3304 2637 hic
3357 2583 3488 2647 illis,
3539 2585 3820 2654 martyrium

2262 2674 2407 2729 istud
2441 2672 3038 2742 enarrassent?Neqtte
3073 2675 3136 2727 S.
3163 2673 3415 2728 Andreas
3446 2674 3500 2726 in
3544 2673 3820 2727 Blaehernis

2263 2781 2430 2836 prope
2466 2766 2676 2834 Cpolim
2716 2765 3017 2828 habitabat,
3047 2776 3104 2818 ut.
3127 2765 3501 2834 Theophanes
3530 2767 3723 2829 scribit,
3745 2765 3818 2820 sed

2260 2873 2327 2911 ex
2359 2856 2520 2910 Creta
2551 2857 2854 2910 adveniens
2894 2855 2959 2909 ad
3006 2855 3343 2911 Blaehernas
3379 2872 3441 2911 se
3479 2856 3711 2920 contulit,
3744 2855 3816 2908 uti

2261 2950 2645 3020 C0pronymus
2678 2949 2730 3002 in
2764 2948 2964 3016 palatio
3012 2963 3114 3002 suo
3147 2948 3264 3001 Divi
3295 2947 3586 3003 Mamantis
3618 2949 3668 3002 in
3699 2962 3819 3001 mar-

2264 3050 2408 3111 tyres
2436 3041 2721 3104 saeviebat,
2745 3039 3076 3108 quibuscum
3103 3039 3250 3092 illico
3283 3049 3476 3093 tentus
3497 3049 3596 3094 est.
3623 3039 3818 3092 Testan-

2266 3142 2354 3186 tur
2385 3131 2436 3186 id
2463 3131 2596 3185 Acta
2622 3140 2677 3184 et.
2710 3130 3072 3200 Synaxarium
3108 3145 3273 3199 supra
3311 3131 3547 3185 relatum
3579 3111 3734 3202 (nutti.
3753 3131 3816 3200 5).

2189 3197 2230 3254 C
2267 3223 2377 3278 Nec
2420 3225 2583 3278 etiam
2625 3233 2887 3294 tyrannus
2915 3222 3083 3290 jussit
3132 3237 3258 3276 eum
3297 3239 3476 3292 usque
3511 3225 3571 3276 ad
3619 3234 3814 3277 mortem

2267 3314 2448 3385 ﬂagris
2477 3315 2636 3376 caedi,
2670 3324 2730 3368 ut
2761 3314 2958 3367 iterum
2994 3313 3370 3383 Theophanes
3417 3316 3616 3378 scribit,
3641 3325 3690 3368 et
3711 3314 3813 3369 dein

2267 3407 2321 3461 in
2355 3407 2620 3461 ﬂuentum
2657 3407 2876 3476 projici,
2911 3407 3006 3462 scd
3043 3408 3340 3462 crudeliter
3375 3411 3570 3479 raptari
3595 3424 3682 3478 per
3700 3409 3812 3461 viam

2263 3500 2572 3570 publicam;
2605 3514 2709 3554 nec
2735 3498 2889 3568 Cpoli
2925 3514 3144 3553 sorores
3170 3514 3296 3553 suas
3332 3500 3536 3554 habere
3565 3495 3810 3570 petuitqtti

2262 3592 2315 3646 in
2348 3592 2510 3645 Creta
2540 3592 2899 3646 monasticam
2932 3593 3097 3645 vitam
3125 3593 3357 3662 degens,
3401 3593 3527 3647 illuc
3554 3597 3812 3645 advenerat

2262 3693 2323 3738 ut
2349 3685 2554 3738 cultum
2582 3683 2685 3739 SS.
2711 3685 3012 3754 imaginum
3043 3700 3228 3740 coram
3255 3695 3492 3756 tyranno
3514 3684 3810 3743 defenderet;

2261 3789 2445 3842 neque
2470 3774 2690 3828 demum
2721 3775 2774 3828 in
2824 3774 3073 3844 emporio
3104 3773 3364 3828 Leucadii
3409 3775 3474 3828 ad
3511 3775 3652 3827 littus
3683 3769 3810 3822 Asia-

2263 3865 2429 3919 ticum
2460 3864 2706 3934 Bospori,
2741 3864 2988 3918 honestae
3021 3865 3321 3933 sepultura:
3368 3864 3606 3918 mandari
3639 3859 3804 3931 potuit,

2258 3974 2418 4026 quem
2475 3958 2530 4012 in
2574 3960 2689 4027 ipsa
2728 3959 2884 4021 urbe,
2922 3959 3053 4012 dum
3091 3966 3425 4026 raptaretur,
3458 3957 3803 4025 exspirantem,

2261 4055 2314 4104 in
2347 4050 2526 4104 locum
2568 4049 3040 4113 sordidissimum,
3087 4049 3139 4102 in
3187 4050 3405 4119 Pelagia
3462 4049 3674 4110 scilicet,
3703 4057 3803 4100 cum

2258 4142 2524 4197 maleficis
2553 4144 2856 4212 projecere,
2889 4157 3164 4213 quemque
3191 4143 3320 4196 dein
3351 4144 3451 4196 viri
3475 4138 3735 4196 orthodoxi
3761 4135 3804 4188 in

2257 4235 2376 4289 loeo
2417 4245 2608 4288 sancto
2644 4235 2833 4297 Crisis,
2880 4235 3081 4289 iterum
3120 4233 3176 4288 in
3220 4234 3358 4288 urbe
3407 4233 3540 4302 ipsa,
3567 4235 3792 4299 deposue-

2258 4335 2405 4381 runt.
2455 4327 2586 4389 Quae
2629 4326 2842 4396 singula
2890 4342 3017 4381 cum
3064 4341 3131 4380 ex
3174 4329 3323 4380 Actis
3357 4324 3420 4380 S.
3451 4325 3663 4378 Andreae
3702 4320 3800 4374 luce

2257 4419 2490 4472 clariora
2525 4418 2656 4483 sint,
2685 4418 3042 4472 manifestum
3075 4431 3156 4472 est
3180 4416 3572 4487 Theophanem
3601 4429 3697 4468 non
3720 4409 3798 4463 ad-

565 4499 858 4560 martyrem
913 4507 1010 4561 pro
1055 4493 1231 4547 altero
1265 4497 1469 4564 posuit,
1507 4507 1566 4552 ut
1602 4501 1952 4559 manifestum
1997 4509 2053 4561 fit
2086 4524 2151 4563 ex
2185 4531 2226 4583 ι)
2253 4513 2441 4581 juncta
2467 4510 2706 4581 martyrii
2739 4509 3206 4575 imtnutasse,sed
3247 4511 3363 4564 sola
3398 4510 3606 4564 nomina
3628 4512 3796 4572 marty-

556 4583 878 4636 narratione
906 4583 968 4638 S.
1000 4587 1268 4654 Stephani
1295 4587 1564 4656 Junioris,
1601 4608 1712 4662 qua
1744 4599 2041 4654 monachos
2068 4617 2153 4654 se-

557 4690 683 4730 cum
719 4677 774 4730 in
821 4692 1043 4733 carcere
1084 4681 1331 4734 Praetorii
1353 4697 1500 4739 anno
1532 4685 1635 4740 767
1667 4688 1925 4747 detentos
1960 4695 2025 4748 ad
2056 4710 2153 4764 pa-

560 4767 807 4823 tientiam
843 4771 1094 4825 hortatur
1127 4792 1140 4826 :
1172 4770 1406 4829 Sanctos
1439 4777 1562 4832 illos
1590 4778 1804 4846 Patres,
1839 4783 2150 4856 inquit,qui

555 4862 703 4931 apud
755 4875 856 4915 nos
901 4863 1069 4917 vitam
1120 4863 1384 4935 martyrio
1436 4869 1815 4938 absolverunt,
1849 4874 2150 4933 imitemur.

557 4951 823 5007 Sanctum
853 4954 1007 5008 illum
1035 4957 1367 5011 monachum
1393 4957 1614 5014 Petrum
1639 4961 1787 5028 dico,
1809 4965 1861 5018 in
1893 4965 2150 5024 Blaeher-

555 5043 642 5100 nis
669 5044 940 5100 inclusum
973 5047 1467 5119 (ἐγκεκλεισμένον
1511 5071 1524 5106 :
1571 5053 1864 5122 inclusum,
1898 5057 2102 5118 Gallice
2135 5079 2149 5119 :

555 5136 758 5199 reclus,
795 5153 904 5206 quo
957 5153 1125 5193 sensu
1179 5140 1624 5207 frequentissime
1683 5147 1798 5201 haec
1861 5165 1980 5204 vox.
2021 5169 2149 5222 pro-

555 5227 672 5291 dit;
716 5243 1001 5298 perperam
1043 5230 1208 5301 igitur
1268 5231 1684 5302 Lipomannus:
1723 5237 2033 5296 Blaehernis
2094 5243 2149 5298 in

558 5321 792 5377 vinculis
859 5323 1170 5392 conjectum
1239 5326 1329 5395 qui
1392 5336 1517 5381 ante
1588 5327 1943 5399 imperatoris
2021 5350 2151 5390 con-

558 5425 805 5485 spectum
841 5414 1193 5471 intolerandis
1247 5419 1407 5471 boum
1454 5420 1638 5473 nervis
1670 5420 2006 5492 (βουνεύροις
2058 5445 2150 5482 τυ-

630 5550 744 5621 (ιο)
872 5548 891 5603 1
923 5549 1174 5621 Januar.,
1210 5567 1264 5621 p.
1305 5552 1429 5608 7-17.

631 5618 744 5689 (ιι)
781 5618 895 5692 T._l
929 5620 1098 5685 Junii,
1130 5618 1341 5691 p.168.
1375 5623 1487 5678 Cfr.
1527 5635 1564 5680 ι.
1594 5626 1614 5680 1
1645 5627 1901 5692 Januar.,
1934 5630 1970 5683 Ι.
2011 5648 2058 5685 c.
2095 5642 2149 5688 et

558 5688 818 5760 Analecta
842 5688 1050 5760 Graeca,
1077 5688 1140 5760 ιι.
1164 5692 1286 5748 505.

632 5757 743 5824 (4-2)
780 5757 842 5814 Τ.
885 5759 949 5813 ιιι
985 5757 1129 5828 Maii,
1173 5779 1223 5832 ρ.
1253 5763 1378 5819 025.

2262 4616 2381 4657 rum
2416 4601 2846 4669 transposuisse.
2881 4603 3060 4670 Atque
3098 4603 3211 4654 haec
3246 4601 3465 4664 iterum,
3499 4614 3599 4652 non
3627 4595 3791 4648 dicant.

2257 4695 2670 4758 confirmantur,
2703 4693 2799 4748 sed
2851 4707 2978 4746 vere
3023 4692 3469 4746 demonstrantur
3500 4705 3561 4745 ex
3605 4689 3662 4740 iis
3696 4695 3791 4750 quae

2259 4787 2421 4841 habet
2445 4783 2811 4856 Mcnologium
2845 4783 3030 4838 Basilii
3063 4785 3128 4838 ad
3157 4800 3326 4837 xxvttt
3349 4780 3650 4837 Novembris
3671 4781 3790 4846 post-

2255 4894 2418 4948 quam
2473 4879 2540 4932 de
2593 4877 2649 4931 S.
2705 4877 2987 4947 Stephano
3056 4877 3282 4930 Juniore
3331 4876 3459 4946 egit.
3497 4871 3720 4928 Similiter
3743 4870 3785 4916 et

2259 4971 2320 5024 S.
2367 4970 2616 5024 Andreas
2663 4971 2740 5040 (in
2775 4968 2939 5036 Crisi)
2974 4969 3214 5029 vinctus,
3241 4977 3616 5042 vraptatusque,
3645 4973 3670 5011 ϐ
3697 4951 3779 5006 ι’ἱίέι

2255 5063 2510 5120 excessit.
2547 5062 2617 5117 At
2643 5071 2867 5116 sanctus
2912 5059 3106 5114 Petrus
3142 5058 3231 5129 (de
3282 5055 3602 5121 Blaehernis)
3623 5051 3664 5103 in
3684 5057 3774 5097 ὑπ’

2254 5173 2436 5212 cerent
2480 5157 2631 5226 prius
2659 5154 2961 5224 conjectus,
2989 5152 3190 5205 deinde
3235 5152 3480 5212 eductus,
3512 5140 3674 5200 tamdiu
3699 5132 3772 5186 ηδ’

2256 5250 2411 5320 gellis
2447 5248 2702 5310 caeditur,
2739 5247 2918 5301 donec
2968 5245 3223 5314 spiritum
3275 5243 3383 5297 Deo
3425 5227 3776 5320 tradidit.

2253 5316 2434 5392 autem
2472 5338 2533 5392 S.
2559 5337 2806 5391 Andreas
2834 5336 3027 5406 Stylita
3065 5336 3171 5390 dici
3206 5334 3394 5404 possit,
3428 5331 3560 5387 infra
3590 5316 3782 5394 inquiri-

2255 5448 2394 5487 mus.
2426 5432 2501 5486 De
2527 5431 2788 5502 Calyhitae
2833 5446 2964 5486 vero
3011 5429 3342 5500 cognomine
3368 5441 3486 5480 cum
3515 5422 3650 5494 plura
3677 5422 3785 5466 con-

2325 5569 2436 5647 (ᾖ)
2465 5567 2818 5647 Τιιερρῃειη..
2852 5578 2892 5622 ι.
2931 5566 3223 5647 l,_p._667.
3263 5538 3272 5544 ’

2322 5637 2436 5706 (⁷44)
2471 5637 2633 5693 Anal.
2661 5637 2868 5700 Cra-ca,
2896 5654 2949 5707 p.
2988 5637 3112 5691 5u7.

2323 5709 2433 5780 (45)
2469 5708 2582 5763 Cfr.
2617 5719 2654 5764 t.
2689 5709 2731 5762 11
2759 5708 2926 5775 Junii,
2957 5725 3010 5773 ξι.
3051 5709 3175 5775 788,
3212 5725 3266 5762 ιι,
3293 5708 3344 5763 9.
