4110 6428
308 320 449 384 1093

1431 302 1603 366 VlTA
1645 302 1705 363 S.
1746 300 2078 362 ANDBEZE
2120 299 2204 361 ΙΝ
2242 299 2470 361 CRlSI.

3443 301 3580 367 109$

302 429 536 505 gesserit
591 423 886 480 Bollandus
933 421 1000 477 ad
1047 421 1192 476 diem
1247 434 1313 473 xv
1362 415 1632 480 Januarii,
1675 414 1767 470 ubi
1822 416 1890 470 de
1924 443 1967 497 Α
2019 416 2232 479 Phorm,
2256 416 2341 471 cui
2373 430 2515 470 unus
2546 428 2719 469 anuus
2742 413 3020 470 detractus
3046 424 3129 469 est
3154 414 3289 484 (ω),
3323 430 3494 486 usque
3514 419 3580 472 ad

301 522 517 578 Joanne
553 516 819 588 Ca‘lybita,
846 515 978 569 satis
998 513 1103 568 erit
1132 512 1221 566 hic
1240 508 1442 565 dixisse
1477 506 1608 562 illud
1636 522 1667 561 a
1695 507 1889 562 vocula

306 602 567 681 Κᾶλύὸη,
603 623 725 680 quae
771 617 855 661 ast
916 604 1193 676 tugurium
1243 599 1551 671 significat,
1597 598 1891 653 deductum

307 706 505 769 fuisse,
536 704 612 759 ita
653 710 712 756 ut
745 698 1021 767 Calybites
1048 695 1136 750 ille
1168 695 1238 750 sit
1268 693 1363 763 qui
1399 694 1455 746 in
1493 691 1709 763 tugurio
1741 689 1895 745 habi-

307 807 406 854 tat.
438 795 610 863 Quam
641 800 789 848 recte
842 805 974 845 vero
1022 786 1080 843 S.
1126 787 1322 842 Petrus
1376 785 1480 839 hoc
1533 793 1896 854 cognomento

308 890 643 961 insigniatur
673 901 837 957 quem
876 883 933 939 S.
962 881 1276 951 Stephanus
1307 878 1543 949 appellat
1584 877 1688 931 Τὸν
1726 878 1894 943 ὅσιον,

307 982 402 1034 τὸν
466 981 524 1032 ὲν
577 978 918 1048 Βλαχέρναις
969 970 1468 1042 ἐγκεκλεισμένον,
1527 968 1671 1024 sicut
1721 968 1896 1038 ipsum

219 1132 243 1147 '
310 1072 371 1125 S.
416 1051 755 1140 Stephanum
809 1063 1178 1134 TheOphanes
1229 1061 1409 1116 dicit:
1442 1059 1534 1113 τὸν
1580 1059 1898 1129 ἔγκλειστον

310 1162 445 1216 ὄντα
469 1163 549 1225 εἰς
594 1162 689 1213 τὸν
720 1159 876 1227 ἅγιον
903 1156 1192 1222 Αὑξέντιον
1217 1153 1242 1225 τ(
1267 1152 1412 1222 quod
1450 1166 1649 1206 nomen
1696 1150 1900 1205 montis

310 1260 440 1321 est),
472 1267 636 1307 nemo
661 1266 769 1304 non
802 1249 953 1304 videt
990 1247 1129 1317 (46).

387 1340 475 1396 16.
532 1340 641 1395 Sed
692 1337 965 1409 quomodo
1009 1335 1373 1406 Theophanes
1414 1335 1470 1389 in
1521 1333 1664 1388 hanc
1699 1333 1892 1389 confu-

311 1436 526 1491 sionem
558 1430 821 1487 devenit?
868 1428 978 1483 Nos
1024 1429 1183 1482 aliam
1235 1442 1458 1482 causam
1492 1440 1603 1480 non
1647 1424 1902 1480 novimus

314 1527 419 1581 nisi
453 1525 598 1595 quod
631 1533 763 1578 tunc
793 1521 1112 1575 adolescens
1138 1519 1300 1574 fuerit
1329 1518 1505 1581 valde,
1532 1524 1593 1570 ut
1626 1516 1742 1584 ipse
1773 1530 1903 1586 pro-

315 1618 398 1673 dit
426 1615 494 1670 ad
532 1614 598 1668 Α.
628 1613 691 1666 C.
737 1611 840 1667 765
870 1610 995 1682 (ipsi
1032 1625 1235 1664 annum
1274 1607 1462 1662 mundi
1495 1604 1658 1676 69.55)
1687 1606 1815 1659 dum
1848 1603 1903 1657 in

316 1705 454 1761 Inari
488 1704 659 1776 glaeie
704 1701 1004 1756 constricto
1031 1714 1154 1754 cum
1205 1699 1391 1769 pueris
1423 1712 1481 1753 se
1530 1697 1725 1751 lusisse
1756 1711 1904 1750 com-

1998 524 2203 563 annum
2256 506 2508 561 ultimum
2561 504 2920 578 Copronymi,
2947 505 3038 561 ubi
3084 520 3237 560 error
3267 508 3585 576 praecedens

1995 615 2139 656 novo
2174 612 2362 655 errore
2393 597 2594 669 tegitur
2621 596 2763 667 (50),
2792 597 2877 653 vel
2908 612 3082 652 annos
3105 599 3292 652 mundi
3327 599 3413 653 vel
3439 598 3581 653 indi-

1996 692 2205 744 et‘ones
2231 695 2494 757 perpetuo
2534 686 2866 753 claudicare,
2898 685 3152 756 idemque
3193 687 3259 741 de
3290 686 3584 757 TheOpba-

1996 777 2084 831 nis
2126 779 2509 834 emendatione
2556 778 2853 848 specialem
2897 779 3190 834 diatribam
3237 781 3407 836 edidit
3444 779 3581 852 (51),

1997 886 2063 924 ex
2087 873 2192 940 q'ua
2219 870 2609 940 Theophanem
2641 886 2801 926 suum
2827 870 3121 941 plurimum
3150 886 3349 928 ornare
3380 872 3585 928 doctis-

1998 963 2121 1019 simi
2155 963 2393 1019 editores
2417 962 2737 1018 Bonnenses
2762 962 2879 1034 (5‘2)
2906 964 3231 1033 potuissent.
3259 962 3463 1018 Verum
3481 962 3586 1018 hoc

2001 1055 2120 1111 loco
2155 1066 2339 1111 manet
2369 1057 2540 1111 altera
2571 1056 2660 1111 via
2683 1066 2938 1111 accurate
2968 1071 3149 1111 annos
3179 1057 3344 1111 modo
3371 1057 3584 1112 indica-

2000 1154 2086 1202 tos
2137 1146 2203 1201 ad
2261 1162 2424 1201 teram
2484 1147 2761 1217 vulgarem
2821 1147 3161 1215 reducendi;
3222 1147 3587 1219 Theophanes

2002 1238 2147 1292 enim
2187 1238 2254 1293 ad
2281 1254 2487 1293 annum
2523 1237 2685 1305 6252,
2714 1238 2805 1309 qui
2840 1254 3043 1292 annum
3070 1240 3314 1312 martyrii
3348 1242 3493 1297 Petri
3515 1242 3585 1298 de

2004 1333 2326 1389 Blachcrnis
2382 1334 2699 1389 immediate
2729 1335 3029 1404 praecessit,
3062 1334 3315 1404 eclipsim
3344 1336 3584 1406 aliquam

2005 1424 2135 1479 solis
2165 1425 2583 1495 diligentissime
2614 1426 2903 1496 consiguat
2924 1425 3012 1479 his
3046 1427 3249 1493 verbis,
3285 1441 3351 1481 ex
3380 1429 3589 1483 versio-

2006 1533 2077 1572 ne
2106 1515 2293 1573 Goari.
2353 1518 2670 1588 Apparente
2721 1517 2848 1573 solis
2884 1516 3102 1571 defectu
3131 1519 3337 1574 mensis
3360 1519 3586 1590 Augusti

2006 1611 2096 1667 die
2129 1611 2343 1666 decima
2385 1612 2598 1682 quinto,
2646 1610 2778 1665 feria
2811 1620 2984 1677 sexta,
3015 1611 3151 1665 hora
3196 1610 3303 1666 diei
3354 1610 3586 1676 decima.

2009 1719 2155 1759 anno
2183 1703 2414 1775 proinde
2452 1703 2575 1768 760,
2618 1711 2678 1757 ut
2705 1718 2771 1760 ex
2797 1702 2996 1758 tabulis
3047 1702 3431 1758 astronomicis
3460 1714 3590 1757 con-

318 1806 608 1852 memorat.
664 1793 723 1848 In
784 1791 1120 1846 monasterio
1174 1799 1425 1845 \‘cl‘salus
1472 1788 1584 1861 (47)
1630 1789 1818 1859 Procul
1871 1804 1902 1844 a
1935 1808 1976 1863 Β
2005 1802 2112 1869 stat
2145 1794 2281 1865 (53).
2310 1792 2529 1863 thuia
2577 1808 2756 1848 annus
2787 1793 2976 1847 mundi
3003 1792 3144 1848 6253
3171 1792 3323 1863 Cpoli
3360 1793 3585 1861 incepit.

314 1887 494 1958 Cpoli,
526 1886 813 1955 diligenter
842 1883 1085 1952 quidem,
1122 1890 1182 1935 ut
1217 1883 1269 1934 iu
1304 1896 1403 1935 suo
1434 1881 1699 1951 procemio
1735 1889 1904 1935 testa-

318 1987 410 2033 tur
444 1976 556 2043 (48)
587 1974 863 2029 volumina
900 1973 1136 2043 plurima
1179 1972 1531 2038 examinavit,
1565 1972 1661 2027 sed
1702 1973 1772 2028 de
1816 1988 1901 2027 re-

316 2067 574 2121 centibus
601 2080 710 2118 non
743 2063 938 2128 multa,
973 2071 1031 2116 ut
1079 2061 1333 2125 arbitror,
1367 2075 1660 2132 congerere
1692 2060 1902 2131 potuit;

316 2159 568 2227 sequitur
615 2156 669 2209 in
704 2155 790 2208 his
836 2155 1158 2226 plerumque
1207 2152 1541 2208 Breviarium
1586 2151 1904 2222 Nicephori,

317 2248 411 2319 qui
439 2247 632 2302 Photio
678 2245 941 2316 probatus
986 2236 1218 2315 scriptor
1249 2244 1470 2311 dicitur,
1499 2244 1594 2299 sed
1640 2245 1684 2299 is
1730 2245 1906 2298 histo-

316 2341 479 2404 riam,
509 2337 1151 2410 nonehronographiam
1205 2345 1302 2392 aut
1346 2337 1574 2392 annales
1603 2338 1904 2393 contexuit.

318 2432 513 2487 Causis
544 2440 727 2487 autem
756 2431 961 2486 erroris
1001 2429 1150 2484 illius
1174 2427 1522 2500 assignandis
1553 2429 1676 2484 ideo
1698 2429 1905 2484 diutius

316 2524 673 2597 mhmremus,
723 2522 868 2592 quod
915 2522 971 2576 in
1016 2520 1278 2591 martyrio
1327 2521 1383 2575 S.
1416 2519 1679 2591 Stephani
1720 2520 1907 2591 lapsus

320 2616 520 2672 iterum
549 2614 844 2669 nonnullos
879 2612 1184 2679 admiserit,
1212 2620 1272 2665 ut
1304 2611 1370 2665 ad
1401 2626 1573 2665 xxviii
1601 2608 1739 2669 Nov.
1772 2610 1907 2665 ube-

317 2707 436 2764 rius
463 2708 699 2763 dicetur.
744 2705 889 2772 Quid
935 2704 1101 2775 igitur
1140 2703 1359 2767 mirum,
1391 2702 1521 2757 dum
1574 2702 1627 2756 in
1666 2702 1903 2766 Menaeis,

317 2799 377 2853 in
409 2796 730 2868 Ilenologiis
773 2796 1095 2865 exterisque
1141 2795 1295 2849 fastis
1336 2789 1540 2849 Graecis
1579 2792 1812 2848 Andreae
1842 2792 1907 2845 il-

316 2891 429 2945 lius
454 2889 713 2961 Calyhitaa
747 2887 1080 2942 mentionem
1107 2886 1563 2955 qualemcumque
1590 2885 1906 2956 diligentius

316 2983 752 3052 quuireremus,
786 2979 931 3033 nulla
964 2993 1065 3033 nos
1095 2994 1322 3048 usquam
1366 2978 1529 3048 hujus
1560 2977 1907 3048 cognominis

312 3073 552 3144 _vestigia
584 3072 747 3127 obvia
792 3070 1092 3125 habuisse?
1120 3068 1596 3125 Commemoratur
1623 3079 1803 3123 tamen
1836 3069 1905 3124 ab

317 3165 572 3219 omnibus
605 3165 661 3218 S.
692 3163 935 3218 Andreas
957 3162 1257 3216 monachus
1289 3162 1390 3215 sub
1412 3160 1763 3231 Copronymo
1784 3176 1906 3231 pas-

319 3272 415 3310 sus
444 3265 500 3311 et
528 3255 849 3325 plerumque
872 3254 1032 3309 verba
1064 3253 1118 3307 in
1139 3250 1280 3306 Crisi
1308 3262 1682 3322 apponuntur.
1705 3252 1906 3322 Depre-

320 3347 627 3401 henderant
653 3346 863 3401 scilicet
895 3344 1066 3399 Graeci
1095 3344 1357 3398 fastorum
1392 3344 1709 3413 scriptores,
1739 3358 1906 3413 qutea

319 3439 656 3509 Theophane
686 3437 1057 3493 aﬂ‘erebantur
1090 3451 1214 3491 cum
1241 3436 1455 3489 caeteris
1487 3435 1834 3499 testimoniis,
1859 3435 1906 3490 si

322 3531 508 3585 minus
541 3530 952 3591 historicorum,
977 3538 1031 3582 at
1071 3538 1219 3605 certe
1252 3526 1743 3597 hagiographorum
1772 3540 1905 3580 con-

322 3632 473 3677 stare
511 3638 622 3676 non
662 3637 846 3690 posse,
877 3631 933 3676 et
963 3620 1088 3676 ideo
1120 3618 1453 3688 Theophane
1487 3617 1772 3678 derelicto,
1808 3615 1906 3687 Sy-

321 3715 546 3769 naxaria
576 3729 672 3768 sua
700 3713 882 3784 potius
913 3729 978 3767 ex
1007 3711 1376 3780 Metaphraste
1405 3710 1594 3764 aliisve
1641 3710 1902 3762 Actorum

322 3802 710 3874 scriptoribus,
767 3812 823 3857 ut
878 3811 1134 3857 caeterum
1178 3800 1496 3869 plerumque
1547 3813 1903 3862 consuevere,

324 3896 649 3965 depromere
674 3894 1009 3949 maluerunt.
1042 3891 1215 3946 Latini
1249 3906 1280 3945 e
1304 3890 1581 3945 contrario
1612 3889 1904 3959 Theopha-

324 4001 451 4040 nem
479 3994 572 4040 aut
607 3986 729 4055 ejus
758 3984 1113 4053 interpretem
1137 3981 1360 4037 Paulum
1391 3979 1686 4034 Diaconum
1709 3979 1904 4042 secuti,

322 4075 454 4128 inde
484 4091 603 4146 qua:
633 4091 663 4128 a
699 4075 878 4145 priore
912 4072 1139 4126 confusa
1173 4070 1393 4125 fuerant
1431 4069 1797 4124 retinuerunt.

398 4185 485 4240 l7.
547 4185 617 4241 Ut
651 4194 832 4239 autent
881 4184 948 4239 ad
980 4183 1154 4254 ipsum
1179 4187 1406 4254 {annum
1447 4181 1729 4251 utriusque
1757 4195 1906 4235 mar-

327 4278 479 4349 tyrii,
512 4278 656 4332 Petri
690 4292 888 4346 nempe
920 4286 976 4332 et
1005 4275 1255 4340 Audrea',
1291 4276 1397 4342 iam
1430 4273 1793 4345 indagandum
1819 4289 1908 4329 ac-

324 4371 608 4436 cedamus,
659 4369 739 4425 sic
791 4366 1142 4438 TheOphanis
1202 4368 1363 4421 verba
1410 4383 1563 4421 num.
1625 4368 1693 4421 Η
1738 4367 1904 4423 relata

322 4446 724 4530 consequenter
752 4460 820 4515 ad
856 4459 1000 4513 dicta
1031 4442 1458 4528 interpretamur
1491 4474 1505 4510 :
1537 4457 1696 4512 Anno
1715 4456 1903 4512 mundi

323 4550 489 4612 6255,
521 4567 617 4605 seu
649 4551 712 4605 21
749 4549 1076 4621 Copronymi
1133 4549 1364 4619 contigit
1410 4549 1753 4618 martyrium,
1792 4562 1905 4602 non

327 4653 387 4695 ut
417 4641 784 4712 TheOphanes
828 4640 1042 4706 scribit,
1089 4641 1320 4694 Andreae
1367 4638 1628 4710 Calybitae
1680 4639 1733 4691 in
1781 4637 1905 4692 Bla-

324 4734 573 4800 chernis,
608 4733 705 4788 sed
739 4731 886 4787 Petri
916 4731 1175 4804 Calybitae
1200 4731 1253 4784 in
1287 4730 1641 4796 Blachernis;
1675 4741 1731 4784 et
1757 4745 1904 4784 anno

323 4824 517 4878 mundi
554 4823 713 4889 6:259,
749 4823 1078 4894 Copronymi
1130 4831 1311 4875 autem
1340 4822 1432 4887 27,
1477 4820 1796 4890 martyrium
1848 4823 1903 4873 in

321 4916 651 4983 quibusdam
694 4915 891 4979 simile,
925 4922 1017 4968 sed
1047 4913 1317 4968 diversam
1372 4920 1604 4965 mortem
1638 4919 1693 4964 et
1722 4911 1905 4980 sepul-

324 5022 506 5066 turam
539 5022 733 5068 nactus
762 5021 847 5066 est
890 5012 947 5066 S.
976 5010 1246 5072 Andreas,
1277 5009 1367 5079 qui
1398 5024 1425 5062 a
1457 5006 1755 5077 sepultura:
1783 5007 1904 5061 loco

322 5104 502 5159 dictus
538 5112 620 5158 est
650 5103 701 5156 in
726 5103 886 5157 Crisi.
921 5103 992 5157 De
1017 5117 1180 5156 annis
1204 5118 1234 5156 a
1256 5100 1591 5169 Theophane
1617 5098 1905 5170 assignatis

320 5196 648 5269 jamdudum
707 5195 1085 5251 Henschenius
1159 5195 1467 5249 adverterat
1546 5191 1617 5248 ab
1673 5191 1904 5262 imperio

402 5329 514 5396 (i6)
550 5325 1300 5398 Tlieiipli.tlhronogr.‘Edit.
1326 5323 1524 5398 Bonn.,
1558 5331 1598 5378 t.
1634 5322 1754 5398 l,p.
1777 5320 1902 5376 674.

408 5394 518 5469 ἐΑἹ)
553 5398 611 5452 lu
644 5394 764 5467 ejus
789 5397 929 5461 Vita,
964 5409 1004 5453 t.
1039 5394 1081 5453 ιί
1112 5396 1311 5463 Martii,
1337 5412 1389 5467 p.
1422 5395 1550 5459 2‘20,
1587 5411 1643 5449 ιι.
1680 5394 1741 5448 l4
1772 5403 1899 5464 etp.

322 5470 455 5523 217.
493 5479 607 5522 not.
632 5468 686 5522 Ιί.

410 5487 455 5527 ι.
493 5487 607 5522 ιιυι.
632 5487 686 5522 ιε.

400 5542 514 5611 (48)
541 5541 826 5611 L_oe_._pit.,
858 5555 915 5611 ρ.
949 5541 1004 5593 5.

404 5606 520 5679 (49)
647 5608 717 5683 ΠΙ
745 5606 943 5676 Martii,
967 5625 1024 5683 p.
1045 5606 1176 5683 viti,
1209 5626 1267 5663 ιι.
1300 5608 1383 5664 l7.

401 5685 514 5751 (ac)
546 5679 707 5751 lbid.,
745 5696 801 5751 p.
840 5696 915 5747 ix,
947 5679 1007 5737 ti.
1035 5680 1120 5735 l8.

394 5753 518 5818 (51)
542 5750 707 5818 ιυια..
733 5750 784 5819 p.
819 5770 856 5808 t.

2006 1900 2071 1940 ex
2125 1901 2275 1941 more
2306 1884 2644 1951 Graecorum,
2671 1898 2858 1940 mense
2893 1881 3205 1955 Septembri
3253 1883 3382 1937 anni
3425 1880 3590 1955 760

2007 1985 2068 2032 ut
2112 1992 2288 2047 usque
2332 1977 2407 2032 ad'
2450 1977 2827 2047 Septembrem
2885 1977 3013 2030 anni
3080 1975 3176 2030 761
3233 1976 3585 2041 decurreret,

2005 2067 2204 2125 exinde
2253 2067 2533 2138 probabile
2580 2068 2640 2122 fit
2675 2068 2735 2123 S.
2778 2065 3000 2121 Petrum
3045 2066 3112 2121 de
3148 2065 3465 2123 Blachernis
3497 2080 3590 2122 oe-

2006 2159 2181 2227 cisum
2219 2170 2341 2211 esse
2375 2156 2464 2211 die
2491 2173 2579 2210 xvi
2614 2156 2735 2209 Maii
2763 2155 2893 2211 dicti
2936 2158 3065 2210 anni
3097 2156 3218 2211 761.
3244 2155 3392 2210 Diem
3435 2156 3587 2213 illmit

2006 2251 2153 2317 enim
2221 2250 2462 2320 assignat
2535 2248 2953 2319 antiquissimus
3031 2248 3413 2318 Synaxuristes
3480 2247 3587 2304 Ms.

2006 2358 2168 2413 quem
2195 2340 2606 2412 Papebrochius
2634 2354 2665 2393 a
2700 2338 2975 2394 Chimetio
3034 2347 3225 2394 nostro
3273 2339 3323 2392 in
3361 2339 3594 2411 collegio

2004 2435 2325 2492 Divionensi
2358 2432 2775 2489 exscribendum
2804 2431 3035 2502 accepit.

2078 2530 2169 2586 l8.
2206 2532 2398 2583 Annus
2430 2527 2671 2597 martyrii
2718 2529 2777 2582 S.
2836 2526 3074 2581 Andreae
3127 2528 3181 2582 in
3223 2527 3362 2584 Crisi
3410 2528 3589 2596 dupli-

2007 2621 2145 2676 citer
2177 2619 2382 2691 inquiri
2441 2631 2506 2672 ac
2560 2615 2727 2672 statui
2779 2626 2982 2685 potest.
3022 2616 3237 2672 Primus
3283 2618 3477 2673 modus
3504 2629 3591 2673 est

2007 2714 2108 2769 iste
2162 2729 2177 2766 :
2240 2711 2547 2766 Memorant
2600 2706 2942 2778 Nicephorus
3000 2708 3115 2779 (54)
3178 2717 3236 2764 et
3297 2709 3591 2779 Theopha-

2007 2822 2107 2861 nes
2136 2805 2252 2877 (55)
2288 2804 2462 2858 varias
2482 2801 2812 2872 Copronytni
2848 2802 3229 2869 expeditiones
3267 2800 3592 2872 plerumque

2007 2899 2193 2954 felices
2217 2897 2270 2951 in
2309 2894 2583 2963 Bulgaros,
2612 2903 2847 2963 atquam
2867 2893 3166 2948 indiCtione
3192 2905 3384 2965 quarta
3403 2909 3593 2950 mense

2005 2991 2267 3047 Januario
2317 2989 2579 3058 suscepit,
2634 3002 2780 3041 anno
2811 2986 3071 3041 nimirum
3127 2986 3250 3053 766,
3282 2988 3476 3042 iisdem
3511 2996 3594 3042 te-

2010 3081 2185 3136 stibus
2235 3078 2610 3134 infelicissima
2660 3076 2798 3142 fuit;
2836 3091 2901 3131 ex
2949 3091 3054 3146 qua
3105 3091 3302 3146 nempe
3359 3078 3593 3147 turpiter

2009 3183 2198 3223 mense
2217 3165 2365 3221 Juliu
2401 3181 2656 3221 reversus
2680 3175 2785 3231 est,
2837 3180 2901 3219 ac
2931 3165 3116 3221 furore
3149 3166 3385 3236 quodam
3407 3182 3596 3223 corre-

2008 3270 2159 3331 ptus,
2192 3260 2413 3315 saevitia:
2448 3259 2503 3313 in
2540 3257 2838 3312 monachos
2869 3272 2933 3313 ac
2958 3267 3269 3313 sanctarum
3295 3259 3595 3332 imaginum

2008 3354 2247 3408 cultores
2280 3351 2572 3421 tragmdias
2621 3350 2784 3404 edere
2810 3349 2994 3419 coepit.
3041 3348 3243 3404 Eadem
3297 3351 3597 3406 indictione

2001 3445 2375 3513 juramentmn
2405 3442 2475 3496 ab
2506 3440 2764 3495 omnibus
2814 3439 3053 3495 subditis
3082 3440 3334 3509 exegisse
3369 3441 3591 3505 dicitur,

2006 3549 2115 3604 quo
2146 3532 2559 3588 venerationem
2617 3528 2950 3599 imaginibus
2977 3528 3032 3582 in
3073 3539 3356 3599 posterum
3390 3544 3450 3585 se
3482 3544 3593 3585 non

2006 3624 2350 3679 exhibituros
2393 3636 2513 3677 esse
2543 3621 2899 3690 Sponderent.
2939 3619 3109 3674 Porro
3128 3621 3245 3674 huic
3291 3619 3505 3691 singula
3537 3623 3593 3676 in

2005 3715 2157 3773 Actis
2186 3714 2393 3770 nostris
2427 3713 2675 3782 utrisque
2724 3711 3055 3782 reperimus.
3103 3709 3182 3766 lbi
3235 3710 3340 3765 sub
3374 3726 3523 3765 num.
3560 3716 3597 3769 8

2006 3812 2125 3880 ipse
2175 3808 2554 3878 Copronymus
2602 3804 2736 3860 dicit
2788 3821 2849 3860 se
2910 3806 3193 3861 decretum
3246 3805 3439 3859 tulisse
3485 3820 3597 3874 quo

2006 3901 2283 3976 plectendi
2323 3910 2475 3967 sunt,
2508 3899 2824 3970 quicunque
2849 3897 3115 3969 imagines
3166 3906 3591 3952 venerarentur.

2008 3997 2145 4051 Dein
2173 4009 2329 4048 num.
2364 3993 2431 4048 l0
2460 3992 2706 4063 arguitur
2735 4007 2763 4045 a
2794 3993 2852 4047 ὃ.
2883 3992 3099 4046 Andrea
3132 3990 3277 4059 quod
3313 3988 3512 4043 bellum
3537 3989 3593 4043 in

2009 4089 2280 4145 Barbaros
2319 4087 2639 4157 ordinisque
2680 4084 2886 4156 politici
2933 4082 3461 4138 administrationem
3493 4096 3594 4136 ne-

2007 4181 2260 4254 glexerit,
2297 4196 2361 4235 ac
2400 4177 2980 4249 superbum.animum
3032 4175 3087 4228 in
3131 4174 3467 4228 Christianos
3499 4173 3596 4228 de-

2008 4284 2316 4330 monstrare
2375 4270 2650 4326 statuerit.
2701 4269 2971 4324 Practerea
3007 4281 3161 4323 num.
3191 4264 3224 4318 6
3270 4273 3324 4319 et
3368 4263 3420 4332 7,
3465 4265 3595 4320 dum

2010 4366 2069 4422 S.
2107 4367 2350 4420 Andreas
2408 4365 2645 4433 primum
2703 4377 2887 4415 coram
2952 4359 3286 4428 imperatore
3318 4358 3594 4428 apparuit.

1937 4484 1982 4542 ε)
2008 4456 2312 4527 permultos
2348 4456 2555 4510 invenit
2583 4453 2875 4523 quaestioni
2923 4451 3221 4520 subjectos.
3271 4450 3459 4504 nervis
3497 4449 3596 4504 bu-

2008 4548 2153 4602 bulis
2176 4560 2369 4608 ctesos,
2408 4544 2692 4598 oculorum
2735 4541 3029 4597 eﬂ'ossione
3057 4541 3349 4602 cruciatos,
3380 4539 3594 4606 aliaque

2008 4637 2206 4693 similia
2236 4648 2445 4705 passos,
2480 4646 2599 4701 quae
2625 4647 2654 4684 a
2693 4630 2911 4685 duobus
2934 4631 3208 4700 praedictis
3235 4629 3596 4697 scriptoribus

2007 4738 2134 4784 ante
2177 4723 2535 4780 indictionem
2588 4730 2835 4790 quartam
2889 4735 3157 4788 nusquam
3214 4710 3590 4786 recensentur,

2007 4819 2101 4875 sed
2125 4833 2185 4872 ea
2208 4814 2506 4870 indictione
2530 4811 2719 4866 iisdem
2740 4824 2881 4880 pene
2930 4810 3114 4865 verbis
3140 4810 3314 4864 deseri
3323 4821 3413 4880 pta
3436 4819 3588 4874 sunt,

2008 4910 2085 4963 uti
2115 4910 2170 4963 et
2199 4906 2460 4974 deinceps
2491 4902 2694 4974 pluries
2725 4899 2860 4972 (56).
2893 4900 2969 4954 Ex
3003 4899 3090 4954 his
3119 4899 3283 4969 igitur
3309 4912 3455 4955 recte
3475 4912 3588 4954 sta-

2008 5005 2212 5058 tuimus
2244 5007 2370 5054 ante
2431 4995 2790 5052 indictionem
2827 4993 2971 5047 illam
3001 4992 3078 5057 id,
3123 5003 3207 5048 est
3231 5003 3358 5047 ante
3385 5009 3590 5047 annum

2009 5094 2110 5149 766
2145 5093 2203 5151 S.
2231 5092 2464 5147 Andreae
2493 5086 2809 5158 martyrium
2842 5100 2951 5138 non
2975 5083 3290 5155 contigisse.

2079 5188 2166 5243 £9.
2206 5185 2361 5240 A'ter
2413 5182 2629 5247 modus,
2674 5194 2781 5249 quo
2826 5178 3064 5250 pressius
3097 5193 3302 5232 annum
3346 5177 3589 5251 martyrii

2078 5320 2191 5393 (52)
2222 5309 3041 5393 'l‘necphanishghronographia
3059 5324 3122 5362 ex
3157 5307 3478 5365 recensione
3497 5307 3584 5365 ιο.

2006 5383 2273 5449 Classeni.
2304 5383 2506 5443 Bonna:
2534 5383 2692 5440 1839.

2081 5462 2196 5531 (55)
2230 5461 2329 5531 Art
2344 5458 2421 5531 de
2450 5451 3070 5531 verifalesdates‘,‘edit.
3094 5452 3252 5531 1785,
3283 5461 3322 5508 t.
3351 5451 3396 5515 l,
3419 5466 3471 5521 p.

2081 5522 2640 5616 “Nicephori;
2669 5522 2843 5616 Al’atr.
2882 5522 3041 5593 Cpol.
3091 5522 3432 5589 Breviarum,
3480 5528 3592 5575 etc.

2009 5597 2157 5662 Edit.
2175 5597 2388 5663 Bonn.,
2408 5612 2463 5667 p.
2488 5597 2553 5650 77
2587 5604 2644 5667 et
2667 5609 2821 5667 seqq.

2079 5673 2194 5744 (55)
2226 5669 2356 5744 hoc.
2392 5663 2512 5744 cit.,
2546 5675 2585 5721 t.
2615 5665 2657 5729 l,
2683 5680 2742 5744 p.
2767 5663 2894 5744 69f.

2084 5680 2194 5744 (55)
2226 5680 2356 5724 hoc.
2392 5680 2512 5733 cit.,
2546 5680 2585 5721 t.
2616 5680 2657 5729 I,
2767 5680 2894 5719 out.

2084 5744 2197 5816 (56)
2229 5739 2578 5809 'l‘heOphan.,
2617 5747 2655 5791 t.
2706 5777 2721 5803 ,
2760 5751 2813 5805 p.
2848 5733 2951 5790 677
2987 5744 3043 5789 et
3081 5748 3235 5804 seqq.
