4110 6442
501 342 636 405 1035

1786 326 2068 386 MENSIS
2108 320 2476 385 OCTUBER.

3637 305 3778 371 H296

498 457 554 508 8.
592 449 824 506 Andreae
851 444 1285 502 determinamus
1319 441 1409 496 hic
1439 450 1524 495 est
1562 436 1974 508 :Theophancs
2015 433 2082 486 ad
2109 441 2157 500 Α
2187 426 2586 485 Grammaticus
2637 422 2860 485 Suidas,
2895 419 3118 476 tradunt
3167 419 3234 474 ad
3284 420 3476 475 l‘iivum
3531 419 3782 476 Mamu-

499 561 700 600 annum
729 541 870 596 6259
896 553 1019 593 tera:
1049 533 1358 594 mundanas.
1390 541 1449 588 ut
1479 531 1683 585 dictant
1719 539 1803 583 est
1832 542 1986 581 num.
2015 525 2082 578 14

499 646 553 691 et
588 635 675 698 17,
713 632 1032 703 martyrium
1086 628 1142 682 S.
1191 625 1336 680 Petri
1379 625 1574 695 stylitze
1603 638 1731 676 cum
1775 619 1832 674 S.
1865 619 2083 673 Andrea

499 723 842 787 commutati,
876 724 1308 781 commemorat;
1342 715 1441 770 sed
1493 713 1558 768 ad
1585 712 1840 768 eumdem
1879 724 2082 763 annum

498 818 658 873 etiam
695 798 1052 868 indictionem
1087 807 1350 879 signavit,
1391 804 1537 874 quod
1595 804 1728 856 satis
1769 801 2086 870 frequenter

499 909 716 977 quidem
743 904 894 968 facit,
923 918 1032 956 non
1071 911 1252 956 tamen
1303 898 1528 966 ubique.
1558 894 1789 960 Quando
1819 907 2000 946 autem
2035 889 2087 943 id

501 999 648 1057 facit.
683 998 877 1066 l’agius
903 997 1101 1063 aliique
1135 992 1441 1065 gravissimi
1493 991 1791 1060 scriptores
1849 999 1959 1038 non
1985 983 2089 1036 du-

501 1091 678 1143 bitant
714 1087 1073 1140 inilietzonem
1108 1099 1218 1153 prie
1259 1097 1366 1136 tera
1393 1080 1736 1137 Antiochena
1774 1074 2088 1138 admittere,

503 1198 607 1248 qua
643 1179 1015 1249 Theophanes
1052 1179 1242 1239 utitur,
1271 1177 1400 1229 licet
1447 1173 1771 1244 profiteatur
1813 1183 1872 1222 se
1925 1179 2089 1220 teram

501 1271 626 1325 Julii
657 1271 896 1324 Africani
930 1268 1191 1323 adhibere
1207 1267 1348 1338 (57).
1382 1266 1508 1318 Mihi
1537 1275 1716 1318 tamen
1748 1269 2090 1329 compertum

502 1373 587 1420 est
617 1379 779 1417 teram
804 1362 1096 1431 aliquoties
1126 1375 1270 1413 recte
1297 1358 1550 1429 proferri,
1587 1371 1710 1409 cum
1755 1365 1985 1407 crrouea
2010 1349 2091 1400 in-

502 1455 768 1518 dictione,
806 1454 1044 1522 exempli
1077 1467 1242 1508 causa
1275 1453 1341 1505 ad
1369 1467 1461 1506 an.
1509 1449 1670 1512 6255,
1702 1456 1758 1500 ut
1785 1462 1846 1500 ea
1879 1444 2091 1511 adjecta

503 1550 729 1618 eclipsis
769 1547 1103 1602 indieatione
1166 1546 1520 1600 manifesutm
1569 1551 1673 1596 est.
1703 1541 1862 1594 Patet
1889 1536 2093 1591 nihilo-

505 1639 690 1693 minus
719 1651 867 1692 recte
903 1640 1104 1709 egisse.
1133 1638 1225 1705 qui
1259 1636 1589 1690 indietiones
1632 1630 1930 1686 universim
1957 1644 2094 1698 pras~

506 1729 771 1782 tulerunt.
804 1729 887 1781 Ad
941 1727 1087 1781 hunc
1118 1728 1284 1796 igitur
1314 1741 1517 1779 annum
1556 1721 1696 1778 6259
1726 1719 2094 1788 Theophanes

2186 529 2294 574 tem
2335 526 2555 588 pontem
2609 515 2777 570 fuisse
2830 512 3118 568 duodecim
3172 512 3473 566 fornicibus
3520 526 3787 568 constan-

2189 619 2329 673 tem;
2369 609 2554 663 ntultte
2586 607 2732 662 enirn
2785 619 2940 674 aqua:
2979 619 3046 658 eo
3092 603 3428 659 deﬂuebant.
3482 604 3787 677 TbeOpha-

2187 716 2288 756 nes
2317 703 2506 771 igitur,
2541 717 2664 753 cum
2706 699 2775 752 de
2818 697 3024 752 ﬂuento
3073 698 3440 752 deterntinato
3497 700 3788 768 loquatur,

2189 803 2250 848 ut
2278 802 2425 864 patet
2451 808 2515 847 ex
2545 793 2759 862 adjecto
2793 791 3026 845 articulo
3070 789 3170 860 τῷ,
3207 791 3306 844 has
3348 805 3520 860 aquas
3567 796 3633 844 ad
3689 792 3792 846 Di-

2190 903 2320 941 vum
2351 885 2678 940 Mattiantem
2711 884 3001 956 designat;
3038 884 3142 938 nisi
3199 884 3342 938 forte
3381 884 3564 938 sinum
3611 885 3793 939 Cera-

2193 979 2396 1044 linunt,
2432 978 2524 1047 qui
2552 994 2617 1032 ex
2653 976 2898 1046 Bosporo
2925 991 3120 1030 versus
3165 977 3520 1031 Oectdentem
3565 993 3624 1031 se
3660 993 3796 1046 por-

2195 1069 2340 1141 rigit,
2376 1070 2613 1124 voluerit
2659 1070 2990 1139 significare.
3051 1068 3128 1122 Ita
3163 1068 3500 1123 intellexisse
3550 1069 3792 1125 Goarius

2194 1164 2428 1229 videtur,
2481 1161 2574 1231 qui
2629 1161 2790 1214 vertit
2830 1160 3096 1214 fluentum
3155 1160 3326 1214 maris
3387 1161 3539 1228 (65):
3593 1179 3789 1216 verum

2197 1253 2377 1325 ῥεῦμα
2423 1253 2491 1307 de
2539 1251 2720 1306 ﬂuviis
2750 1265 3052 1320 eorumque
3078 1251 3281 1317 impetu
3328 1251 3545 1313 dicitur,
3575 1269 3684 1306 non
3718 1254 3792 1308 de

2196 1349 2321 1400 sinu
2352 1347 2553 1411 maris;
2610 1360 2790 1414 neque
2845 1345 3036 1406 etiam,
3074 1347 3118 1400 si
3172 1345 3314 1398 sinui
3373 1345 3631 1399 Ceratiao
3683 1347 3793 1401 hoc

2196 1454 2397 1494 nomen
2439 1439 2581 1508 apud
2621 1439 2952 1509 Byzantinos
3009 1439 3309 1507 scriptores
3361 1439 3667 1508 obtigisset,
3733 1439 3793 1494 id

2196 1533 2456 1604 Gyllium,
2499 1532 2765 1602 Cangium
2813 1530 2949 1600 (64),
3007 1531 3254 1600 aliosque
3306 1530 3556 1602 fugisset.
3611 1529 3794 1584 Porro

2197 1623 2358 1676 docet
2395 1622 2628 1692 Gyllius,
2664 1620 2927 1690 templum
2957 1629 3011 1674 et
3041 1621 3251 1676 circum
3305 1620 3422 1674 Divi
3471 1620 3793 1687 Mamantis,

2203 1719 2280 1772 uti
2314 1727 2366 1773 et
2404 1717 2665 1787 palatium
2699 1717 2768 1770 ab
2799 1732 2865 1770 eo
2899 1717 3134 1779 dictum,
3188 1716 3291 1771 sita
3349 1715 3518 1770 fuisse
3557 1715 3611 1768 in
3663 1715 3799 1769 Bia-

504 1819 864 1873 indictionem
933 1819 1109 1888 signat
1164 1818 1252 1874 his
1301 1815 1486 1870 verbis
1549 1813 1665 1884 (58)
1703 1830 1716 1867 ;
1759 1812 1872 1865 lloc
1929 1824 2096 1874 anno,
2135 1798 2453 1877 Bchernis,
2506 1810 2659 1863 extra
2726 1823 2915 1862 muros
2971 1807 3210 1863 civitatis
3273 1805 3409 1879 (65).
3476 1808 3801 1862 Blachernm

504 1910 712 1965 mensis
768 1909 1022 1964 Octobris
1069 1910 1157 1963 die
1203 1915 1382 1972 sexto,
1432 1906 1732 1962 indictione
1790 1913 1939 1958 sexta
1987 1912 2092 1956 etc.

505 2001 708 2057 Verum
741 2004 858 2056 hcce
891 2001 1116 2056 indictio
1145 2017 1268 2056 cum
1303 2015 1448 2053 anno
1479 1998 1620 2052 6259
1655 2011 1778 2051 trra:
1809 1994 2100 2047 mundanae

509 2110 618 2147 non
652 2094 970 2156 concordat,
1005 2109 1129 2146 eum
1162 2108 1226 2145 ex
1263 2092 1446 2162 regula
1484 2089 1543 2143 S.
1574 2088 1792 2143 Maximi
1822 2087 2099 2157 (59),:21‘22

510 2187 761 2241 addenda
804 2187 874 2239 sit
911 2185 1114 2245 unitas,
1147 2184 1274 2238 dein
1307 2183 1577 2237 divisione
1604 2182 1852 2236 instituta
1887 2193 1985 2248 per
2008 2177 2097 2243 15,

508 2278 656 2348 quod
712 2279 982 2346 reliquum
1037 2288 1142 2340 est,
1195 2275 1554 2330 indictionem
1617 2271 1832 2326 efficere
1879 2270 2095 2323 debeat.

505 2367 678 2422 Porro
707 2369 807 2423 hac
829 2367 1088 2423 methodo
1121 2369 1208 2422 hic
1229 2383 1338 2420 non
1365 2382 1482 2430 sex,
1508 2365 1602 2420 sed
1621 2366 1860 2434 quinque
1890 2370 2099 2416 tantutn

505 2462 842 2516 obtinemus.
881 2461 1247 2516 Nihilominus
1295 2460 1659 2515 iudictiouem
1707 2459 1796 2512 hic
1828 2467 1976 2512 recte
2006 2455 2102 2510 ad-

508 2551 700 2615 scribi,
731 2550 938 2618 dttplici
967 2551 1052 2603 via
1090 2551 1359 2604 firmatur.
1394 2549 1601 2611 Primo,
1629 2547 1757 2616 quia
1807 2543 2102 2615 Theopha-

505 2655 608 2694 nes
661 2643 728 2694 ad
778 2656 984 2695 annum
1043 2650 1413 2710 sequentem,
1473 2638 1778 2693 indictione
1827 2644 2096 2704 septima,

505 2732 701 2786 scribit
735 2732 874 2785 diem
908 2748 922 2785 ι
959 2732 1163 2801 Aprilis
1199 2733 1368 2784 fuisse
1415 2731 1560 2784 diem
1590 2728 1811 2783 Sabhati
1853 2727 2002 2796 ((50);
2035 2740 2101 2778 ex

506 2838 616 2893 quo
644 2825 999 2879 manifestum
1052 2833 1177 2886 est,
1214 2825 1568 2878 indictionem
1619 2823 1765 2876 illam
1808 2823 2100 2889 septimam

505 2925 655 2970 recte
689 2917 922 2970 adscribi
948 2934 960 2979 ;
996 2932 1126 2987 ergo
1167 2925 1221 2969 et
1242 2917 1308 2969 ad
1339 2916 1736 2984 praecedentem
1768 2923 1916 2968 recte
1947 2922 2102 2967 sexta

507 3006 781 3073 adscripta
812 3013 918 3060 est.
950 3005 1218 3059 Praeterea
1243 3007 1309 3059 ad
1337 3006 1478 3060 hanc
1502 3005 1863 3060 iudictionem
1891 3013 2101 3060 sextam

509 3097 690 3166 signat
725 3093 1095 3166 Theophanes
1133 3111 1337 3150 annum
1365 3097 1605 3165 primum
1631 3095 1896 3164 Stephani
1924 3109 2099 3165 papae;

510 3189 659 3257 atqui
699 3201 893 3257 reapse
929 3189 1248 3258 Stephanus
1279 3188 1368 3254 lll,
1409 3189 1510 3242 hac
1558 3189 1885 3253 indictione,
1917 3203 2105 3242 mense

505 3281 753 3350 Augusto
802 3281 1010 3332 electus
1060 3289 1144 3333 est
1183 3279 1319 3345 (61).
1368 3281 1459 3332 Sic
1507 3279 1742 3337 stabilita
1804 3279 2106 3334 indictione

508 3385 615 3440 qua
643 3385 834 3438 passus
867 3381 951 3422 est
981 3369 1038 3422 S.
1073 3371 1320 3423 Andreas
1373 3370 1426 3425 in
1469 3369 1627 3424 Crisi.
1659 3386 1756 3440 pro
1784 3387 1893 3440 quo
1927 3371 2107 3428 Theo-

511 3463 720 3532 phanes
750 3461 971 3515 Petrum
1006 3462 1071 3514 de
1118 3462 1436 3516 Blachernis
1465 3463 1624 3528 dixit,
1660 3462 1823 3517 facile
1872 3465 1987 3533 ipse
2011 3478 2108 3516 an-

509 3567 616 3607 nus
669 3554 904 3607 eruitur.
951 3553 1167 3607 Etenim
1223 3555 1276 3606 in
1334 3556 1482 3608 Actis
1552 3555 1757 3608 nostris
1807 3556 2105 3626 prioribus,

513 3646 833 3715 martyrium
883 3646 1176 3712 contigisse
1218 3644 1418 3699 dicitur
1461 3647 1549 3701 die
1610 3663 1676 3701 xx
1727 3645 1996 3713 Octobris,
2038 3663 2102 3701 ex

510 3751 626 3805 quo
657 3737 832 3804 palam
873 3735 930 3788 fit
961 3736 1093 3790 illud
1129 3751 1274 3789 anno
1305 3736 1406 3790 767
1436 3737 1764 3806 alligendum
1793 3752 1934 3790 che.

578 3830 670 3884 20.
729 3833 919 3882 Annus
951 3829 1192 3899 martyrii
1233 3829 1291 3882 ὃ.
1331 3829 1560 3884 Andreae
1607 3829 1662 3883 in
1692 3829 1832 3885 Crisi
1877 3844 1984 3882 uno
2031 3839 2108 3883 te-

513 3936 649 3976 nore
679 3936 804 3976 cum
839 3922 933 3976 illo
983 3937 1091 3991 quo
1122 3936 1316 3991 passus
1369 3930 1454 3976 est
1504 3921 1560 3977 S.
1621 3923 1823 3977 Petrus
1879 3923 1946 3976 de
1981 3922 2104 3977 Bla-

520 4013 765 4079 cbernis,
800 4015 1226 4068 constituendus
1259 4015 1383 4080 fuit,
1415 4015 1539 4069 licet
1585 4015 1850 4070 nonnulla
1883 4015 1950 4069 de
2011 4030 2108 4083 pov-

516 4107 750 4160 steriore
807 4117 1001 4160 sancto
1060 4107 1288 4159 dicenda
1339 4108 1636 4176 supersint.
1693 4108 1906 4177 Corpus
1962 4108 2102 4175 ejus,

517 4209 808 4267 pOSIquam
845 4197 900 4248 in
933 4195 1085 4249 circo
1145 4195 1267 4249 Divi
1324 4195 1615 4251 Mamantis
1655 4197 1837 4267 ﬂagris
1882 4197 2109 4252 interfe-

515 4299 642 4342 ctus
700 4298 802 4351 est,
855 4288 1254 4356 projiciendum
1315 4298 1434 4342 erat
1491 4292 1544 4342 in
1585 4289 1850 4344 ﬂuentum
1919 4295 2106 4361 (supra

523 4395 679 4432 num.
719 4379 787 4432 M
817 4386 994 4446 seqq.)
1027 4381 1085 4431 ὲν
1118 4380 1194 4450 τῷ
1231 4381 1492 4451 ῥεύματι,
1528 4393 1588 4435 ιιι
1613 4384 1979 4453 'lheopbanes
2028 4385 2107 4437 lo-

2203 1904 2350 1955 enim
2383 1901 2593 1955 audivit
2620 1900 2801 1954 omnis
2835 1898 3004 1969 regio,
3039 1914 3160 1967 qua:
3187 1897 3332 1951 inter
3361 1897 3616 1968 angulum
3646 1896 3801 1968 Cpo-

2204 1993 2270 2047 lis
2306 1992 2708 2048 occidentalem
2743 2000 2797 2046 et
2859 1990 3040 2044 sinum
3097 1989 3418 2043 Ceratinunt
3469 1989 3638 2058 jacet,
3681 2003 3799 2057 quo

2202 2087 2327 2140 sinu
2356 2084 2549 2138 civitas
2583 2100 2612 2138 a
2659 2081 3054 2152 Septentrione
3109 2080 3420 2146 clauditur;
3483 2080 3572 2136 hic
3624 2081 3799 2134 etiam

2203 2178 2476 2231 decimam
2529 2187 2779 2244 quartam
2835 2174 3018 2243 Cpolis
3085 2173 3364 2244 regionem
3429 2171 3596 2227 fuisse
3644 2173 3798 2226 idem

2204 2270 2410 2340 Gyllius
2438 2267 2744 2323 constituit.
2788 2267 2863 2322 De
2889 2265 3023 2321 locis
3060 2265 3165 2320 illis
3196 2265 3352 2335 plura
3399 2265 3601 2319 vidcsis
3647 2263 3801 2334 apud

2203 2358 2644 2430 Papebrochium
2683 2357 2750 2411 ad
2780 2359 2923 2411 diem
2952 2373 3039 2411 am
3073 2356 3193 2410 Maii
3247 2355 3360 2425 (66)
3421 2364 3478 2409 et
3534 2355 3591 2409 in
3654 2370 3801 2425 pra:-

2206 2455 2356 2508 claro
2381 2467 2549 2521 Opere
2583 2450 2774 2521 Cangii
2825 2449 2972 2519 quod
3010 2448 3197 2518 Cpolis
3240 2447 3550 2503 Christiana
3600 2447 3802 2501 inscri-

2206 2547 2355 2601 bitur
2385 2546 2522 2615 (67).

2272 2636 2362 2689 2!.
2401 2635 2717 2703 Emporium
2772 2631 3048 2694 Leucadii,
3082 2629 3136 2684 in
3167 2644 3276 2700 quo
3331 2643 3553 2683 sorores
3601 2626 3660 2682 S.
3690 2626 3799 2682 Pe-

2209 2726 2277 2778 tri
2311 2725 2379 2778 de
2411 2722 2734 2777 Blachernis
2787 2722 2908 2790 ejus
2955 2736 3154 2790 corpus
3213 2719 3571 2789 sepelierunt,
3612 2717 3802 2774 diver-

2210 2833 2331 2872 sum
2364 2825 2583 2870 nonest
2615 2833 2643 2868 a
2678 2816 2796 2869 loeo
2837 2830 3000 2884 quem
3037 2814 3328 2884 Dionysius
3365 2814 3698 2885 Byzantinus
3740 2813 3798 2868 in

2205 2910 2419 2979 Anaplo
2448 2906 2676 2977 Bospori
2714 2906 2834 2978 (68)
2873 2906 3165 2978 Lycadium
3221 2909 3663 2976 promontorium
3713 2907 3800 2961 di-

2207 3003 2299 3067 cit,
2327 3011 2557 3072 eratque
2585 3003 2646 3056 ln
2676 3001 2860 3055 littore
2908 2998 3160 3055 orientali
3211 2997 3464 3068 Bospori,
3519 3013 3625 3051 non
3672 3014 3803 3067 gro-

2209 3096 2296 3150 cui
2331 3113 2360 3149 a
2391 3095 2716 3167 Chrysopoli
2747 3095 2936 3148 situm.
2966 3092 3193 3146 Constat
3226 3092 3278 3144 id
3310 3092 3508 3144 iterum
3532 3106 3598 3144 ex
3621 3089 3804 3144 Chro-

2212 3190 2356 3245 nicis
2394 3190 2682 3260 Symeouis
2723 3189 2962 3258 Magistri
2994 3185 3128 3257 (09),
3155 3183 3368 3256 Georgii
3397 3185 3647 3241 monachi
3680 3184 3796 3256 (70)

2213 3293 2269 3338 et
2303 3283 2701 3336 contionatoris
2734 3281 2990 3351 anonymi
3019 3277 3371 3348 Theophanis
3406 3277 3538 3347 (7f).
3594 3279 3802 3348 Empo-

2213 3375 2280 3428 rii
2315 3385 2497 3427 autem
2531 3372 2780 3438 nomine,
2814 3371 2955 3441 quod
2983 3371 3116 3423 locis
3142 3370 3206 3424 ad
3241 3384 3390 3422 mare
3421 3367 3538 3422 sitis
3572 3370 3800 3437 petissi.

2212 3481 2360 3521 mum
2393 3464 2558 3518 tribui
2600 3473 2789 3518 notum
2818 3473 2920 3526 est,
2952 3478 3062 3517 non
3092 3460 3388 3531 imprOprie
3442 3460 3530 3513 hic
3569 3459 3802 3530 insigni-

2218 3568 2331 3614 tur.
2375 3557 2546 3612 l'orro
2577 3558 2727 3611 locus
2770 3556 2915 3610 idem
2949 3555 3192 3620 omnino,
3230 3553 3501 3623 siquidem
3535 3555 3602 3607 ad
3642 3571 3803 3609 cum-

2214 3649 2337 3703 drm
2373 3663 2577 3702 annum
2627 3645 2822 3701 similia
2860 3646 3062 3714 ubique
3103 3647 3169 3699 de
3219 3659 3285 3698 eo
3331 3655 3729 3706 memorantur,
3773 3661 3804 3699 a

2219 3739 2494 3810 Symeone
2523 3748 2576 3791 ct
2606 3735 2822 3790 Joanne
2849 3735 3082 3806 Scylitza
3132 3733 3445 3790 Leucatium
3478 3737 3629 3790 audit
3663 3736 3802 3807 (72),

2211 3845 2241 3884 a
2277 3831 2490 3884 caeteris
2516 3845 2650 3883 vero
2678 3828 2978 3892 Leucates;
3013 3829 3368 3896 quamobrem
3412 3827 3701 3883 manifeste
3733 3830 3803 3884 de

2214 3938 2282 3978 eo
2319 3923 2400 3992 agi
2436 3923 2676 3988 videtur,
2706 3922 2774 3975 ad
2815 3921 2956 3975 diem
2991 3936 3121 3975 χχιιι
3152 3919 3302 3986 Julii,
3338 3921 3427 3975 ubi
3459 3921 3527 3976 de
3557 3921 3618 3976 S.
3645 3923 3804 3978 Anna

2211 4018 2272 4071 ἐν
2309 4016 2388 4086 τῷ
2421 4016 2682 4088 Λεύκατῃ
2712 4015 2903 4069 Pinius
2955 4025 3141 4069 noster
3203 4015 3425 4070 disserit
3480 4016 3616 4086 (75).
3669 4017 3806 4071 Pro-

2219 4109 2555 4164 montorium
2598 4109 2744 4162 enim
2805 4109 3070 4162 Leucatas
3122 4107 3206 4161 vel
3268 4107 3567 4162 Leucaetas
3631 4125 3804 4179 prope

2216 4203 2593 4259 Nicomediam
2625 4203 2680 4256 in
2714 4200 2989 4271 Bithynia,
3019 4209 3072 4254 ut
3098 4209 3294 4255 caetera
3321 4202 3556 4266 mittam,
3582 4204 3805 4275 longius

2222 4312 2252 4350 a
2281 4295 2434 4365 Cpoli
2465 4295 2718 4348 dissitum
2747 4286 2871 4357 fuit,
2902 4308 3064 4362 quam
3112 4301 3169 4346 ut
3210 4293 3337 4347 illuc
3394 4291 3453 4347 S.
3518 4294 3677 4348 Anna
3737 4297 3804 4351 ad

2215 4390 2605 4458 imperatorem
2642 4385 2905 4439 Basilium
2951 4383 3326 4447 Macedonem,
3371 4401 3400 4439 a
3442 4403 3552 4456 quo
3599 4389 3805 4445 dicitur

524 4471 732 4539 quitur,
764 4472 858 4524 sed
891 4471 1013 4539 ejus
1039 4484 1254 4525 sorores
1284 4473 1461 4541 ipsum
1511 4474 1823 4540 ellerentes,
1870 4475 1925 4530 in
1962 4475 2106 4530 Leu-
2139 4487 2182 4542 ῐ)
2218 4480 2271 4533 in
2309 4493 2568 4548 sponsam
2603 4477 2968 4547 expostulata,
2999 4491 3058 4530 se
3083 4477 3382 4535 conferret.
3412 4476 3582 4533 Nobis
3617 4490 3803 4536 autem

520 4565 691 4620 cadiae
727 4571 974 4634 emporio
1004 4565 1298 4635 sepultura:
1337 4568 1692 4622 mandarunt.
1725 4570 1896 4633 Quale
1938 4571 2104 4623 fuerit

519 4659 673 4721 istud
726 4657 1021 4722 ﬂuentum,
1081 4659 1240 4714 facile
1289 4661 1562 4732 colligitur
1615 4677 1682 4716 ex
1726 4662 2103 4732 Topographia

517 4751 805 4821 Cpolilana
860 4752 1006 4807 Petri
1041 4751 1227 4823 Gyllii,
1259 4755 1401 4823 apud
1432 4771 1592 4823 qucm
1649 4755 1744 4808 lib.
1795 4771 1843 4808 tv
1893 4772 2014 4823 cap.
2047 4769 2099 4808 vt

523 4848 637 4899 haec
663 4846 916 4915 leguntur
948 4843 1058 4917 (6'2)
1098 4863 1112 4898 :
1150 4837 1269 4900 Non
1306 4846 1547 4900 historici
1603 4846 1784 4910 modo,
1819 4845 1914 4902 sed
1936 4847 2098 4900 etiam

591 4983 704 5051 (57)
743 4983 1020 5049 Petavius,
1055 4985 1128 5038 De
1161 4983 1408 5040 doctrina
1447 4995 1777 5055 temporum,
1807 4983 1886 5040 Ad
1914 4995 2104 5040 aucta-

518 5053 686 5125 riuni,
719 5065 850 5125 εις..
883 5056 978 5107 lib.
1026 5071 1143 5120 vni,
1171 5071 1292 5125 cap.
1330 5074 1342 5109 ι
1387 5065 1440 5109 et
1475 5053 1572 5120 tv,,
1621 5064 1659 5108 t.
1705 5054 1789 5120 Ill,
1819 5072 1871 5124 p.
1918 5055 2018 5109 155
2053 5065 2106 5114 ct

519 5123 796 5197 15._l‘.‘dit.g
817 5124 1115 5197 Andwerp.
1145 5123 1608 5195 (Anistelodann).

589 5193 705 5266 (58)
736 5194 1016 5266 :fheoph.,
1041 5193 1296 5266 loe.‘cit.,
1327 5213 1377 5266 p.
1406 5197 1531 5249 681.

588 5265 704 5338 (5%))
731 5264 1006 5338 {clarius},
1043 5265 1149 5338 loc.
1182 5269 1301 5332 cit.,
1329 5264 1454 5336 cap.
1492 5285 1540 5338 ν,
1579 5285 1633 5338 p.
1679 5269 1803 5324 161.

589 5335 706 5400 (60)
738 5335 1019 5406 :I'heoph.,
1052 5335 1157 5391 loc.
1191 5338 1312 5403 cit.,
1345 5335 1407 5406 p.
1435 5337 1561 5390 686.

589 5405 704 5476 (61)
733 5405 1002 5460 Baronius
1023 5417 1078 5461 et
1107 5407 1322 5476 Pagius,
1348 5405 1416 5462 ad
1449 5424 1537 5462 an.
1567 5411 1694 5476 768,
1735 5426 1885 5466 num.
1921 5412 1966 5465 I.

593 5474 710 5548 (62)
739 5475 980 5531 Gronovi
1013 5474 1286 5548 Antiquit.
1313 5478 1512 5544 Grzcc.,
1555 5492 1594 5536 ι.
1621 5474 1710 5547 Vl,
1748 5483 1853 5538 col.
1888 5483 2028 5537 5595
2058 5489 2113 5536 et

437 5546 444 5553 ’
517 5545 682 5602 5150.

594 5617 714 5685 (65)
743 5615 978 5689 Theoph
1011 5660 1025 5685 ,
1061 5619 1169 5675 loc.
1199 5619 1320 5686 cit.,
1345 5635 1401 5689 p.
1435 5621 1562 5677 667.

738 5688 852 5768 fitr.
893 5688 1444 5768 t’axnenﬁlossarium
1473 5692 1717 5749 Graecum
1745 5697 1806 5752 V°
1840 5695 2039 5767 ῥεῦμα.

596 5759 708 5822 lii-5)
747 5757 805 5810 L.
840 5779 915 5826 c.,
947 5763 1050 5816 col.
1081 5763 1219 5815 '57-‘22
1251 5772 1302 5814 t'l
1335 5777 1484 5832 seqq.

2214 4588 2324 4628 non
2359 4570 2553 4625 inutile
2597 4569 2769 4623 visum
2797 4579 2900 4634 est,
2928 4569 3091 4624 situm
3125 4570 3364 4640 Emporii
3421 4571 3585 4634 illius.
3646 4575 3806 4645 cujus

2220 4665 2546 4733 frequenter
2576 4661 2855 4734 Byzantini
2880 4661 3177 4731 scriptores
3209 4663 3532 4729 meminere,
3577 4664 3670 4720 hic
3705 4681 3803 4721 ac-

2217 4764 2408 4808 curate
2443 4753 2746 4822 assignare.
2780 4751 3044 4806 Addimus
3086 4752 3283 4816 solum,
3319 4754 3372 4808 in
3422 4764 3689 4823 quantum
3737 4771 3802 4810 ex

2211 4847 2410 4919 Gyllio,
2443 4845 2652 4916 Cangio
2677 4853 2733 4899 et
2761 4844 2980 4899 erudito
3007 4846 3319 4914 geographo
3350 4845 3636 4900 llammers
3662 4849 3798 4919 (7.1),

2283 4984 2394 5056 (66)
2427 4984 2505 5056 ι’.
2525 4981 2590 5036 ιιι
2621 4980 2768 5044 Maii,
2799 4996 2852 5056 p_.
2894 4979 3020 5056 625,

2279 5050 2397 5127 (67)
2431 5054 2666 5127 Lib._tv,
2703 5067 2756 5121 p.
2787 5050 2875 5116 85,
2913 5067 2972 5106 n.
2999 5051 3052 5116 6,
3083 5059 3137 5104 et
3183 5067 3238 5121 p.
3278 5051 3401 5121 l7J,
3435 5069 3490 5107 n.
3527 5054 3591 5118 5;
3616 5053 3710 5108 lib.
3749 5073 3789 5122 ι,

2213 5143 2401 5266 (δῖ)όεῦ
2682 5192 2948 5258 Gronov.,
2994 5191 3104 5246 loc.
3153 5193 3274 5259 cit.,
3322 5193 3428 5249 col.
3481 5194 3612 5250 3201
3663 5196 3698 5252 d
3742 5209 3801 5257 et

2213 5269 2354 5328 3205
2386 5269 2442 5322 d.

2290 5340 2404 5408 (ϐυ)
2436 5336 2539 5408 Ed.
2571 5337 2773 5400 Bonn.,
2798 5351 2852 5405 p.
2878 5333 3004 5408 721.

2288 5405 2400 5479 (76)
2435 5407 2534 5463 Ed.
2559 5409 2752 5471 Bonn.,
2786 5423 2841 5478 p.
2879 5405 3006 5479 877.

2286 5475 2399 5551 (71)
2570 5475 2856 5546 Βοιιιιηῖ).
2889 5475 3021 5551 ὂ84.

2291 5548 2404 5623 (72)
2435 5550 2678 5618 Cangius
2707 5551 2759 5602 in
2794 5548 2939 5604 notis
2967 5549 3033 5600 ad
3068 5549 3265 5608 Zonar.
3313 5552 3418 5609 Ed.
3442 5553 3621 5610 Paris.
3661 5564 3702 5609 ι.
3740 5557 3812 5623 ll,

2218 5644 2273 5698 p.
2303 5622 2392 5679 98.
2943 5691 2948 5695 ,

2291 5695 2407 5764 (75)
2429 5692 2492 5747 Τ.
2529 5693 2568 5747 γ
2595 5690 2747 5752 Julii,
2775 5705 2827 5758 ρ.
2856 5691 2979 5764 486.

2289 5762 2402 5837 (74)
2445 5762 2979 5834 [latntttcrs,(1polis.
3010 5763 3192 5820 Pcstlt.
3237 5765 3389 5830 1822,
3424 5782 3476 5840 p.
3509 5769 3640 5830 298.
