4110 6434
393 371 532 438 1097

1483 363 1658 425 VlTA
1703 364 1763 422 8.
1794 360 2125 422 ΛΝΒΒΕᾸΞ
2160 361 2240 422 ΙΝ
2280 359 2507 421 CRISI.

3501 359 3638 425 1098

387 498 506 538 rem
540 482 760 551 assequi
797 479 1100 552 potuimus,
1129 477 1510 534 collocandum
1567 478 1700 532 illud
1747 492 1870 533 esse
1910 477 1964 531 in
1993 482 2041 539 Α
2065 476 2216 544 Julii,
2251 492 2417 540 anno,
2453 485 2514 533 ut
2554 475 2788 541 videtur,
2818 474 2942 530 771.
2977 473 3201 546 Reliqua
3248 491 3370 546 qua
3405 476 3474 532 ad
3515 491 3639 533 eum

390 573 514 635 loco
552 573 645 643 qui
718 573 880 628 hodie
945 570 1186 628 Keurfus
1240 569 1463 636 dicitur,
1524 570 1775 640 iacetque
1827 568 1968 622 inter

387 661 720 720 Kandlisehe
755 671 811 717 et
843 661 1084 726 Anatoli,
1146 669 1200 715 et
1221 661 1434 716 duabus
1484 659 1601 715 fere
1657 659 1828 714 leui-is
1872 660 1971 714 ho-

392 752 558 807 rariis
591 763 746 808 trans
774 751 1079 822 Bosporum
1112 768 1142 805 a
1173 750 1328 820 Cpoli
1361 751 1548 806 distat.

465 838 559 899 22.
590 837 667 894 De
725 837 784 892 S.
837 838 1045 893 Joanne
1095 837 1349 907 praefecto
1405 835 1724 892 monasterii
1786 836 1973 890 Mona-

389 929 543 1000 grias,
579 933 673 1000 qui
707 939 955 998 tempore
996 926 1394 999 persecutionis
1437 925 1886 996 Copronymianze
1915 925 1970 979 in

390 1035 551 1075 sacco
586 1019 853 1083 inclusus,
892 1019 946 1072 in
983 1033 1132 1073 mare
1176 1018 1461 1073 demersus
1505 1027 1609 1081 est,
1654 1033 1826 1086 pauca
1881 1020 1974 1073 La-

391 1111 484 1166 bet
508 1111 576 1165 ad
607 1111 753 1166 diem
787 1127 842 1166 iv
869 1107 1016 1165 Junii
1063 1109 1445 1164 llenschenius
1494 1117 1680 1163 noster
1712 1108 1845 1180 (75),
1883 1122 1973 1162 ea-

388 1216 495 1269 que
525 1203 725 1257 iterum
755 1217 822 1256 ex
857 1200 1171 1270 Synaxariis
1210 1215 1241 1254 ι
1289 1198 1562 1255 Chiiﬂetio
1596 1199 1834 1267 acceptis
1878 1199 1973 1253 de-

392 1292 615 1363 promit.
651 1291 918 1346 Joannem
950 1291 1099 1347 hunc
1133 1292 1206 1346 ita
1251 1291 1492 1346 celebrat
1549 1291 1608 1346 S.
1663 1290 1976 1360 Stephanus

391 1383 448 1438 in
479 1398 706 1439 carcere
739 1384 1005 1452 praetorii.
1043 1394 1330 1453 postquam
1363 1384 1428 1438 de
1461 1381 1522 1437 8.
1563 1381 1724 1438 Petro
1749 1383 1816 1436 de
1855 1380 1976 1436 Bla-

388 1474 614 1535 chernis
650 1475 817 1529 verba
855 1475 1062 1530 fecerat
1099 1492 1114 1528 :
1150 1474 1430 1530 Imitemur
1474 1483 1530 1529 et
1577 1473 1670 1544 qui
1698 1489 1822 1528 eum
1849 1475 1972 1540 (Pe-

390 1564 556 1628 trum)
601 1571 823 1616 secutus
847 1570 952 1624 est,
987 1559 1254 1616 Joannem
1285 1561 1529 1615 divinum
1570 1561 1725 1617 illum
1773 1558 1976 1615 amoeni

391 1651 715 1704 monasterii
763 1650 1055 1720 Monagrize
1105 1652 1443 1720 praefectum,
1494 1665 1655 1720 quem
1715 1658 1978 1721 tyrannus

389 1741 692 1814 iuiperator
722 1741 1139 1811 (Copronymus)
1179 1741 1461 1812 tyrannice
1493 1741 1973 1811 comprehensum,

2071 578 2347 640 spectant,
2383 569 2437 624 in
2468 569 2620 623 Actis
2655 569 2861 624 nostris
2900 568 2968 623 ad
2997 567 3203 623 dictum
3234 569 3375 624 diem
3399 584 3647 640 quaeran-

2076 669 2185 713 tur.
2212 657 2324 712 Nos
2350 658 2437 713 hic
2467 657 2644 712 solum
2670 665 2699 712 a
2728 658 2895 713 Paulo
2918 674 2982 712 ex
3026 659 3207 723 Creta,
3242 659 3310 714 de
3333 673 3443 729 quo
3483 675 3647 732 supra

2073 761 2232 803 num.
2270 748 2330 801 11
2372 757 2428 802 et
2487 757 2669 818 squ.,
2723 763 2850 803 eum
2888 749 3229 822 distinguere
3283 749 3646 817 intendimus,

2075 834 2204 890 dein
2238 834 2442 904 aliquid
2461 834 2531 890 de
2553 851 2697 891 anno
2730 839 2970 906 martyrii
3006 839 3351 897 emendatius
3377 839 3646 910 proferre.

2075 924 2344 982 Refertur
2377 928 2430 980 in
2456 928 2606 983 Actis
2630 929 2770 998 ejus,
2815 931 2917 987 12%
2947 931 3107 984 annis
3151 939 3276 1000 post
3315 933 3649 1000 passionem,

2078 1019 2415 1074 revelatione
2441 1018 2584 1074 facta
2620 1021 2860 1075 Antonio
2911 1020 3129 1075 Cauleai
3167 1021 3487 1090 patriarcha:
3511 1021 3652 1092 Ope-

2075 1110 2269 1175 iitano,
2296 1111 2418 1180 ejus
2468 1126 2683 1165 sacrum
2740 1123 2944 1182 corpus
3002 1111 3316 1168 honoriﬁca:
3360 1114 3653 1184 sepultura

2078 1202 2232 1273 Cpoli
2269 1202 2323 1256 in
2352 1203 2683 1257 monasterio
2706 1201 2949 1266 Caiunne
2984 1204 3240 1260 traditum
3290 1203 3478 1269 fuisse,
3507 1203 3654 1261 unde

2077 1293 2211 1348 illud
2250 1291 2444 1349 Veneti
2482 1307 2629 1350 anno
2664 1292 2804 1346 1222
2831 1305 3166 1365 acceperunt
3208 1303 3264 1350 et
3307 1295 3452 1350 forte
3478 1303 3654 1366 usque

2079 1384 2135 1441 in
2167 1385 2492 1440 hodiernam
2531 1384 2672 1440 diem
2734 1396 3039 1440 asservaut.
3084 1385 3522 1442 Demonstratum
3571 1391 3656 1442 est

2078 1487 2262 1536 autem
2313 1478 2382 1534 ab
2447 1476 2798 1534 Henschenio
2868 1477 3165 1532 Antonium
3227 1477 3483 1536 Cauleam
3540 1493 3652 1535 non

2077 1584 2226 1626 anno
2265 1570 2392 1637 888,
2442 1579 2501 1625 ut
2558 1580 2718 1626 antea
2772 1569 3118 1631 credebatur,
3153 1569 3250 1624 sed
3281 1569 3414 1633 .895
3461 1570 3657 1625 sedere

2078 1663 2312 1732 cmpisse
2351 1661 2502 1733 (8i);
2534 1675 2602 1716 ex
2646 1677 2757 1732 quo
2804 1676 3054 1726 numero,
3111 1661 3157 1716 si
3210 1660 3315 1715 122
3367 1661 3658 1717 dematur

2081 1755 2284 1810 residui
2323 1763 2486 1809 erunt
2536 1753 2662 1808 771.
2714 1751 2917 1809 Verum
2986 1752 3178 1808 Pinius
3259 1755 3655 1809 correctionem

390 1829 538 1899 quod
605 1828 810 1885 Christi
874 1831 1103 1901 ejusque
1156 1829 1343 1884 Matris
1404 1831 1696 1902 imaginem
1744 1829 1973 1899 pedibus

2084 1846 2416 1902 Henschenii
2463 1861 2625 1917 quam
2660 1845 2857 1916 Pagius
2921 1845 3122 1916 aliique
3169 1860 3362 1901 omnes
3418 1847 3652 1917 amplexi

391 1921 714 1976 coneulcare
747 1930 1029 1985 renuerat,
1105 1935 1267 1976 sacco
1309 1921 1552 1986 inclusit,
1609 1936 1845 1990 eumque
1905 1919 1972 1974 ad

391 2010 672 2082 ingentem
731 2013 968 2082 lapidem
1031 2012 1307 2079 alligatum
1357 2013 1412 2066 in
1479 2011 1750 2082 profundo
1807 2011 1973 2065 maris

389 2103 732 2174 praefocavit.
769 2104 910 2170 Quid
963 2103 1277 2175 hujusmodi
1327 2113 1506 2158 morte
1549 2103 1843 2158 acerbius?
1873 2101 1975 2157 Ve-

393 2208 540 2256 rum,
581 2208 649 2248 eo
702 2195 1080 2263 gloriosiorcm
1130 2209 1389 2248 coronam
1452 2195 1656 2264 praebet
1702 2193 1840 2265 (76).
1893 2192 1973 2248 Ex

393 2288 616 2357 quibus,
658 2288 820 2342 sicuti
866 2297 921 2343 et
968 2304 1034 2343 ex
1065 2287 1472 2359 chronologicis
1502 2286 1976 2342 observationibus

395 2380 500 2435 sub
527 2396 680 2433 num.
739 2379 804 2433 17
843 2380 1042 2445 altatis,
1097 2389 1244 2433 recte
1297 2379 1570 2433 deducere
1619 2378 1776 2431 nobis
1824 2376 1975 2430 vide-

397 2486 542 2534 mur,
583 2469 641 2524 S.
671 2469 936 2525 Joannem
996 2469 1373 2540 Hegumenum
1425 2469 1744 2525 monasterii
1794 2468 1979 2524 Mona-

397 2561 526 2632 griae
556 2563 644 2615 die
675 2578 744 2618 IV.
781 2557 955 2628 Junii,
1007 2578 1150 2615 anno
1188 2560 1315 2626 761,
1378 2561 1572 2614 eodem
1619 2559 1828 2615 scilicet
1865 2572 1976 2628 quo

399 2651 458 2708 S.
496 2654 713 2719 Petrus,
764 2655 1008 2726 martyrii
1060 2653 1276 2724 palman
1329 2659 1586 2722 adeptum
1637 2666 1780 2706 esse.
1818 2648 1974 2719 Apud

397 2746 811 2804 lienschenium
847 2747 1066 2817 quidem
1105 2746 1327 2812 dicitur,
1363 2761 1475 2800 non
1534 2743 1827 2815 Monagriae
1881 2743 1976 2798 sed

399 2837 689 2910 Henagriae
746 2839 1076 2909 pra-lectus;
1121 2855 1311 2892 verum
1368 2837 1500 2892 illud
1561 2853 1628 2892 ex
1677 2852 1979 2891 amanuen-

397 2930 538 2985 tium
571 2931 727 3003 lapsu
762 2928 965 2984 factum
994 2944 1114 2984 esse
1138 2927 1447 2992 conﬁcitur,
1492 2941 1616 2981 cum
1655 2941 1721 2980 ex
1741 2935 1978 2997 quatuor

396 3037 531 3080 mss.
561 3023 842 3077 codicibus
873 3037 1011 3092 quos
1069 3021 1186 3076 Jac.
1219 3020 1390 3090 Lopin
1445 3035 1505 3075 se
1535 3018 1833 3074 contulisse
1895 3025 1978 3071 te-

2077 1947 2206 1993 sunt
2235 1938 2374 2010 (82),
2409 1954 2518 1993 non
2549 1941 2857 2005 assecutus,
2891 1951 3015 1992 cum
3040 1937 3276 1992 Baronio
3317 1953 3518 1994 annum
3549 1935 3656 1997 888

2077 2045 2312 2085 erronee
2365 2030 2594 2084 retinuit
2647 2029 2783 2100 (83).
2843 2029 3078 2084 Proinde
3132 2044 3336 2083 annum
3379 2045 3490 2084 non
3527 2030 3654 2094 771,

2077 2122 2306 2177 sed'766
2337 2121 2598 2192 martyrio
2633 2120 2691 2174 S.
2733 2120 2882 2175 Pauli
2936 2121 3328 2191 assignaverat.
3380 2123 3541 2177 Nunc
3588 2139 3654 2178 ex

2078 2213 2222 2268 serie
2252 2228 2416 2283 quam
2461 2211 2766 2282 sequimur,
2796 2211 3120 2266 devenimus
3165 2212 3230 2266 ad
3273 2210 3332 2266 8.
3382 2213 3656 2274 Andream

2079 2305 2136 2357 in
2171 2302 2332 2368 Crisi,
2369 2317 2530 2372 quem
2568 2302 2657 2356 die
2688 2317 2756 2356 xx
2802 2301 3056 2357 Octobris
3098 2303 3226 2356 anni
3281 2302 3384 2356 767
3433 2315 3656 2374 passum

2079 2409 2223 2458 esse,
2256 2409 2421 2464 supra
2455 2408 2609 2448 num.
2658 2393 2725 2449 18
2749 2407 2866 2462 seq.
2912 2394 3321 2460 adsumimus;
3353 2409 3543 2452 verum
3573 2409 3659 2449 re.

2079 2486 2335 2550 servatis,
2367 2502 2490 2556 quae
2514 2485 2583 2542 de
2612 2501 2678 2541 eo
2719 2487 2929 2556 reliqua
2961 2493 3112 2552 sunt,
3143 2485 3208 2541 ad
3235 2484 3262 2555 ᾗ
3294 2488 3652 2556 (sequentem,

2074 2580 2186 2651 jam
2221 2579 2415 2650 paucis
2448 2579 2592 2634 dicm
2646 2591 2819 2633 1min
2883 2577 3127 2649 ejusdem
3181 2580 3387 2634 mensis
3433 2580 3654 2651 attingi-.-

2078 2686 2222 2725 mus.
2260 2669 2378 2724 Jam
2407 2670 2613 2725 dictum
2640 2677 2724 2724 est
2759 2684 2921 2741 supra
2955 2684 3111 2723 num.
3141 2665 3197 2736 7,
3248 2670 3339 2724 illo
3370 2669 3460 2725 die
3497 2685 3528 2726 a
3564 2687 3658 2726 vcs-

2080 2763 2401 2817 tustissimis
2433 2760 2740 2832 Eclogadiis
2774 2774 2871 2815 seu
2905 2759 3223 2829 Menologiis
3265 2760 3524 2818 colendos
3569 2761 3656 2816 in-

2079 2855 2188 2910 dici
2241 2854 2300 2909 S.
2354 2853 2720 2924 Stephanum,
2779 2853 2997 2908 Petrum
3052 2853 3141 2921 (de
3187 2851 3522 2920 ﬁlachernis)
3603 2860 3659 2909 et

2078 2946 2352 3000 Andream
2387 2945 2464 3014 (in
2519 2943 2706 3014 Crisi).
2752 2941 2808 2996 in
2842 2941 3045 3012 Typico
3102 2941 3162 2996 8.
3213 2941 3368 2998 Saba:
3429 2942 3660 3013 aliisque

2081 3037 2263 3102 fastis,
2303 3036 2487 3106 prodit
2519 3036 2622 3094 hoc
2660 3035 2854 3089 eodem
2885 3035 2974 3089 die
3006 3032 3063 3089 S.
3097 3033 3408 3104 Stephanus
3439 3033 3661 3090 Sabaita

404 3125 582 3172 alatur
617 3115 757 3187 (77),
783 3125 894 3170 tum
927 3130 992 3168 ex
1025 3115 1144 3185 ipso
1170 3111 1534 3183 Metaphraste
1566 3111 1660 3181 qui
1705 3111 1846 3180 apud
1873 3109 1977 3164 Su-

2083 3144 2356 3186 canonum
2393 3127 2650 3198 scriptor,
2704 3127 2771 3181 de
2809 3141 2918 3196 quo
2958 3126 3068 3196 agit
3105 3137 3280 3182 canon
3331 3127 3657 3182 Menandrum

400 3207 542 3262 rium
576 3209 642 3261 ad
680 3208 825 3260 diem
856 3221 1023 3266 xxvni
1068 3205 1364 3260 Novembr.
1423 3205 1678 3258 similiter
1730 3203 1922 3257 scribit
1962 3218 1976 3255 :

399 3302 796 3356 monasterium
833 3299 1144 3370 Men-agrian.
1177 3297 1292 3351 Non
1315 3297 1482 3368 igitur
1505 3297 1787 3350 veritatem
1820 3293 1980 3365 plane

400 3409 624 3448 onmem
687 3393 1093 3467 Papebrochius
1154 3393 1490 3459 assequitur,
1525 3390 1654 3443 dum
1711 3388 1763 3441 in
1817 3387 1981 3456 hujus

402 3486 723 3541 monasterii
781 3485 1251 3554 nuncupationem
1301 3481 1529 3551 inquirit
1583 3474 1736 3551 (78);
1789 3478 1981 3534 verisi-

403 3578 534 3632 mile
568 3588 749 3632 tamen
777 3585 860 3632 est
891 3577 1026 3630 illud
1055 3576 1114 3629 in
1174 3576 1297 3640 ista,
1331 3586 1494 3644 quam
1549 3571 1705 3632 dicit,
1757 3570 1980 3640 regione

405 3670 654 3740 Sigriana
693 3669 856 3722 situm
889 3666 1080 3729 fuisse,
1109 3667 1260 3734 quia,
1302 3673 1356 3717 ut
1398 3659 1523 3716 alibi
1575 3656 1810 3713 adstruit
1841 3656 1979 3728 (79),

403 3759 477 3816 ibi
509 3759 744 3828 plurima
778 3755 1111 3812 monasteria
1139 3752 1399 3808 exstitere
1430 3763 1632 3806 nomen
1666 3763 1778 3803 non
1824 3746 1983 3800 valde

403 3851 684 3907 diversum
738 3857 1054 3913 consecuta,
1093 3858 1149 3901 ut
1174 3852 1328 3902 erant
1378 3857 1498 3914 qua:
1533 3840 1691 3898 Parvi
1748 3839 1878 3909 Agri
1927 3847 1982 3892 et

405 3940 584 4014 Magni
631 3943 758 4013 Agri
799 3942 1142 3997 dicebantur.
1193 3941 1462 3994 Praeterea
1524 3935 1568 3990 si
1629 3932 1760 3986 illud
1814 3944 1985 4002 prope

405 4035 617 4105 Cpolim
671 4038 884 4101 fuisset,
926 4051 1035 4088 non
1087 4033 1404 4088 dubitamus
1436 4026 1568 4097 quin
1617 4021 1874 4095 Cangius,
1906 4030 1986 4075 tot

409 4130 710 4204 scriptores
739 4128 919 4182 editos
940 4136 992 4181 ct
1025 4139 1157 4183 mss.
1197 4119 1505 4178 incredibili
1549 4115 1824 4187 diligentia
1862 4125 1988 4184 per-

411 4230 712 4288 scrutatus,
741 4222 885 4291 ejus,
927 4221 980 4272 in
1009 4235 1108 4274 sua
1151 4210 1624 4283 Constantinopoli
1677 4205 1988 4265 Christiana

409 4311 660 4371 notitiam
689 4313 1020 4369 tradidisset.

2083 3236 2241 3276 novae
2270 3220 2552 3284 editionis,
2587 3235 2614 3272 a
2655 3218 2946 3276 Theodoro
2977 3214 3184 3288 Grapto
3214 3217 3406 3274 Nicaeae
3454 3229 3660 3275 metro—

2081 3313 2250 3383 polita
2295 3311 2410 3380 (84)
2446 3310 2815 3380 conscriptus.
2862 3309 2921 3363 In
2972 3308 3274 3380 Synaxario
3329 3310 3657 3366 Nemeorum

2085 3406 2178 3461 hic
2212 3406 2526 3474 Stephanus
2559 3403 2763 3458 dicitur
2787 3403 3080 3472 episwpus
3123 3401 3294 3456 fuisse
3339 3411 3393 3457 et
3421 3411 3660 3457 certasse

2082 3504 2274 3548 contra
2333 3494 2608 3556 haereses;
2646 3491 2703 3546 in
2752 3489 3053 3559 Menologio
3106 3488 3290 3545 Sirleti
3345 3499 3405 3544 ut
3457 3499 3662 3562 martyr

2081 3584 2448 3638 annuntiatur
2477 3581 2616 3651 (85).
2666 3579 2792 3636 Huic
2839 3589 3023 3635 autem
3079 3596 3180 3636 nec
3235 3579 3516 3651 Stephano
3562 3582 3663 3636 ὃν

2083 3677 2245 3732 ba‘tae
2281 3675 2437 3746 quia
2467 3673 2765 3733 Theodoro
2807 3673 3014 3743 (ἐι-ιιι)ιο
3066 3673 3394 3742 celebratur,
3437 3685 3542 3731 nec
3583 3675 3666 3729 rit-

2083 3769 2186 3823 teri
2249 3767 2582 3837 homonyma
2626 3764 2816 3819 itidem
2865 3763 3122 3828 Sabaitae,
3183 3764 3340 3835 cujus
3402 3767 3659 3836 praeclara

2083 3863 2215 3918 Acta
2251 3859 2442 3916 Pinius
2471 3859 2760 3913 illustravit
2787 3857 2855 3913 ad
2898 3873 2996 3912 sm
3019 3853 3167 3925 Julii,
3197 3857 3492 3914 convenire
3525 3867 3658 3930 pos-

2085 3963 2214 4012 sunt
2245 3953 2382 4024 (86).
2419 3952 2764 4021 Quapropter
2793 3950 3029 4020 coniicio
3060 3951 3153 4006 hic
3175 3950 3257 4023 agi
3288 3951 3354 4005 de
3380 3950 3662 4021 Stephano

2087 4046 2203 4108 illo,
2229 4043 2383 4114 quia
2413 4044 2760 4114 Copronymo
2811 4041 2866 4094 in
2916 4038 3224 4111 Sugilaeam,
3277 4037 3478 4096 Maesia:
3520 4042 3658 4095 infe-

2087 4134 2250 4190 rioris
2283 4144 2491 4205 partem
2535 4133 2670 4204 (87),
2701 4130 2908 4200 eiectus
2940 4139 3026 4184 est
3077 4129 3219 4200 (88),
3273 4129 3464 4185 eodem
3521 4130 3663 4185 forte

2087 4229 2181 4300 qui
2219 4226 2411 4296 viginti
2476 4224 2588 4279 fere
2636 4233 2762 4296 post
2812 4223 3004 4286 annis,
3063 4222 3117 4283 in
3158 4223 3386 4278 concilio
3445 4221 3664 4279 Niezeno

2091 4318 2222 4374 anni
2255 4317 2362 4372 787
2402 4316 2772 4386 subscripsit:
2806 4315 3078 4384 Στέφανος
3108 4313 3326 4380 ἀνάξιος
3367 4313 3666 4378 ὶπῐσκοπος

481 4427 662 4482 25.1n
695 4425 938 4481 indiculo
987 4433 1282 4495 martyrum
1335 4421 1404 4475 de
1463 4415 1664 4488 quibus
1701 4412 1793 4469 hic
1825 4423 1987 4482 agere
2017 4487 2050 4495 _
2091 4409 2377 4478 Σουγδὰων
2411 4407 2548 4478 (89).
2589 4405 2694 4461 Sed
2729 4406 2796 4463 de
2831 4407 2915 4462 his
2959 4407 3156 4462 iterum
3205 4405 3273 4460 ad
3332 4420 3504 4461 xxvnr
3559 4405 3665 4462 Oc-

410 4521 572 4578 ‘nobis
602 4520 996 4590 assumpsimus
1053 4487 1238 4588 (supra
1291 4529 1442 4570 num.
1488 4487 1607 4578 11),
1657 4516 1712 4562 et
1752 4506 1809 4562 in
1875 4516 1984 4575 quo
2017 4487 2061 4543 Ῑ)
2092 4502 2287 4557 tobris.

409 4615 660 4672 ordinem
721 4615 990 4673 mensium
1054 4625 1242 4664 sumus
1307 4605 1504 4666 secuti.
1541 4611 1663 4674 post
1713 4601 1982 4658 Joannem

407 4707 706 4778 Monagria
781 4703 1159 4775 ilegumenum
1187 4738 1204 4764 ,
1240 4695 1422 4770 prodit
1487 4691 1543 4750 S.
1607 4691 1806 4746 Paulus
1871 4685 1986 4742 No-

417 4817 541 4866 vus,
575 4799 781 4855 militiae
807 4799 938 4862 dux,
975 4795 1101 4850 dein
1138 4791 1441 4849 monachus
1471 4797 1526 4840 ut
1554 4801 1617 4839 ex
1665 4778 1984 4852 quibusdam

410 4897 760 4952 documentis
789 4897 1018 4963 apparet
1046 4886 1186 4956 (80),
1230 4885 1446 4936 demum
1512 4887 1716 4945 martyr
1767 4872 1856 4927 die
1894 4884 1986 4922 νιιι

505 5051 600 5123 75)
632 5050 697 5111 τ.
732 5051 943 5118 lJunii,
979 5067 1035 5122 ρ.
1073 5047 1196 5104 tos.

508 5116 597 5192 76)
623 5124 882 5178 Analecta
907 5116 1116 5192 Graeca,
1148 5134 1203 5191 p.
1230 5116 1352 5172 507.

481 5191 599 5264 (77)
630 5195 780 5264 ibid.
807 5195 862 5246 in
887 5191 1101 5264 praefat.

483 5260 599 5336 (is)
625 5263 689 5336 Ῑ.
711 5260 937 5336 l_Ju_nii,
953 5277 1006 5336 ρ.
1033 5260 1160 5336 ιυξ.

484 5319 600 5406 (79)
626 5333 692 5406 Ῑ.
718 5334 769 5406 l_l_
788 5319 988 5406 Martii,
1023 5324 1237 5406 egi},
1257 5319 1402 5406 rt}.

483 5386 598 5477 (se;
631 5386 696 5460 ἴ.
719 5386 775 5477 ii
797 5386 951 5477 Julii,
975 5386 1044 5477 'p'.
1073 5386 1287 5477 636,31.
1322 5398 1378 5451 s.
1412 5395 1506 5477 cii
1531 5393 1756 5456 neum,
1790 5397 1844 5444 et
1878 5386 1986 5441 ne.

413 5467 696 5545 noiogiuni
729 5473 916 5528 Basilii
943 5467 1011 5545 ad
1035 5483 1204 5545 uvni
1232 5467 1526 5545 Novembr.

489 5527 703 5618 (iiii,
730 5527 785 5618 ig
804 5527 1045 5618 sum.
1069 5541 1366 5612 pilumni.
1397 5530 1623 5608 Gpolit.,
1648 5548 1702 5605 p.
1728 5527 1850 5586 ua.

483 5611 600 5686 (82)
630 5614 792 5686 Ibid,
810 5611 1034 5686 _n._

487 5678 605 5759 (sa)
637 5683 704 5759 Τ.
735 5683 1030 5759 ll_Julii‘,_p_.
1061 5679 1274 5759 sane.
1300 5678 1385 5733 to.

487 5740 602 5828 (84)
633 5740 894 5826 ιθᾴωθιι.
921 5740 1116 5808 (ii-iens
1146 5740 1375 5814 Cbrist.,
1411 5759 1450 5806 t.
1482 5749 1570 5817 Ill,
1597 5746 1703 5805 col.
1731 5744 1871 5802 559:
1901 5740 1994 5798 Cir

739 5857 1010 5925 mmet.
1042 5851 1364 5930 Gn.-C.\TV.

2155 4592 2246 4652 24.
2293 4590 2412 4647 Jam
2469 4589 2535 4642 ad
2590 4587 3074 4644 celebratissimum
3127 4587 3291 4642 totius
3326 4589 3663 4656 persecutio-

2089 4688 2172 4744 nis
2190 4682 2638 4755 Copronymiante
2659 4685 2954 4750 martyrem
2988 4677 3326 4748 Stephanum
3354 4678 3662 4743 Juniorem,

2085 4778 2178 4848 qui
2217 4787 2383 4829 xxviii
2428 4769 2750 4826 Novembris
2787 4769 3008 4836 colitur,
3041 4769 3382 4826 devenimus.
3415 4770 3514 4826 ilio
3564 4768 3668 4826 au?

2090 4882 2200 4928 tem
2251 4869 2387 4925 satis
2431 4869 2535 4923 erit
2585 4863 2945 4922 chronotaxin
2987 4863 3301 4932 posterioris
3337 4864 3506 4934 partis
3543 4866 3669 4936 eius

2087 5027 2849 5110 Chronic:_Symee_ni_s._§dit.
2875 5026 3075 5110 8930,,
3107 5031 3165 5110 pl:
3191 4987 3316 5082 668.

2163 5105 2278 5184 (ξς.)
2307 5095 2477 5184 gift.
2514 5099 2765 5184 llanulii.
2801 5114 2854 5169 p.
2881 5096 3006 5162 525,
3035 5095 3186 5158 ngs.

2127 5203 2129 5206 ‹
2160 5171 2272 5247 (86)
2307 5174 2467 5236 lbid.,
2498 5187 2556 5229 n.
2592 5171 2625 5225 8
2648 5178 2702 5225 et
2735 5184 2851 5238 seq.
3641 5194 3643 5196 -

2140 5247 2274 5324 _(87)
2309 5237 2927 5324 (I'et'lari.us,gt.hl_,_edit.
2963 5235 3120 5302 i775,
3163 5253 3217 5306 p.
3255 5237 3378 5292 488,
3409 5227 3505 5295 Cft‘
3530 5238 3664 5298 Actu

2094 5301 2174 5373 ss
2195 5301 2216 5380 ζ
2234 5301 2288 5371 ίί.
2319 5312 2358 5368 v
2396 5312 2562 5369 Junii.
2585 5301 2644 5380 ’μ
2679 5301 2804 5364 an.
3167 5301 3182 5306 ·

2161 5388 2274 5459 (88»
2303 5384 2526 5459 uinea.
2559 5379 2802 5459 tenellis
2827 5378 3002 5459 1.843;.
3034 5376 3100 5459 ei
3139 5375 3660 5459 ,ιξῑιέιυογεηιϋτει

2093 5446 2301 5543 p.911.
2329 5451 2690 5543 ωειεριυείυιιι
2724 5449 2924 5516 Basilii,
2960 5447 3153 5504 Urbini
3189 5446 3348 5514 ηδτ.
3377 5449 3446 5504 ad
3476 5452 3662 5514 eumd,

2093 5525 2510 5632 dieique?“
2663 5589 2699 5644 .1
2825 5586 2917 5644 vn
3059 5586 3162 5641 sar
3274 5582 3382 5644 ass
3655 5609 3664 5617 -

2093 5592 2900 5726 ςοῖξῗιῖὲῗῖἷεὲίὲῗὲιθέἆέέιιω,
2924 5602 3138 5725 vatu,
3168 5603 3378 5726 pcfisoi
3403 5589 3665 5726 δὲαῒὲσῗιῖ

2093 5656 3138 5746 goletus,__lllyricit_insaeiarum)Vill,
3168 5673 3224 5729 p.
3253 5657 3378 5723 αα
3403 5656 3666 5732 hquis",

2095 5742 2290 5798 Oriens
2319 5729 2550 5793 Christ..
2577 5743 2618 5788 t.
2648 5731 2691 5796 Ι,
2718 5732 2823 5786 col.
2859 5729 3016 5786 1829.
3351 5819 3383 5892 3

3391 5821 3426 5893 5
