4110 6460
542 373 682 441 1099

1814 363 2100 423 MENSlS
2138 361 2499 422 OCTOBER.

3642 367 3760 437 1100

534 493 681 555 γεω,
713 502 821 558 qua
853 487 1054 556 turpius
1084 482 1142 539 in
1189 484 1295 538 hoc
1319 479 1727 536 Commentario
1769 479 1878 534 nixi
1905 493 2118 540 sumus,
2147 489 2197 546 Α
2228 475 2481 530 undecim
2509 490 2728 529 carcere
2762 477 3002 546 praetorii
3054 479 3274 544 mansit,
3306 480 3431 536 inde
3475 483 3765 542 conﬁcimus

533 580 773 636 breviter
833 576 1099 632 stabilire.
1152 575 1327 629 Natus
1372 583 1459 628 est
1505 571 1564 627 S.
1603 571 1916 644 Stephanus
1963 571 2118 640 (Zpoli

542 687 690 729 anno
726 671 849 731 715,
881 679 1002 739 past
1031 666 1440 722 ordinationem
1489 665 1548 720 8.
1585 665 1840 720 Germani
1883 667 2116 734 patriar-

537 765 656 821 cha:
701 762 836 844 (90),
875 777 996 830 quae
1055 760 1283 830 contigit
1341 760 1429 814 die
1470 777 1525 814 xi
1590 760 1819 831 Augusti
1873 758 2119 827 ejusdem

539 854 666 910 anni
696 853 829 923 (9l).
863 851 1140 906 Deductus
1165 859 1248 904 est
1278 864 1308 904 a
1339 850 1678 919 parentibus,
1702 850 1856 914 valde
1879 849 2117 919 juvenis,

539 947 605 1002 ad
631 946 896 999 Joannem
922 945 1309 997 anachoretam
1340 941 1546 995 montis
1578 939 1638 994 S.
1673 936 1953 1004 Attxentii,
1982 957 2012 994 e
2035 955 2121 994 re-

539 1038 698 1109 gione
727 1035 933 1104 Cpolis,
963 1034 1030 1089 ad
1053 1035 1234 1088 sinum
1269 1032 1602 1087 Nicomedia:
1637 1032 1746 1094 siti.
1776 1033 1830 1086 in
1857 1048 1967 1102 quo
1992 1046 2116 1086 cum

541 1128 635 1182 ditt
669 1126 914 1191 vixisset,
943 1138 1091 1178 anno
1117 1121 1378 1177 artatisﬂ
1410 1121 1547 1192 (9‘2),
1575 1121 1783 1176 Christi
1829 1123 1984 1192 proin
2017 1120 2120 1175 756

536 1229 632 1276 aut
660 1219 785 1284 757,
815 1219 882 1273 ad
901 1219 1077 1288 ipsum
1113 1231 1376 1271 cacumen
1404 1219 1602 1268 montis
1623 1216 1677 1268 iu
1705 1215 2117 1286 angutissimam

533 1311 785 1367 cellulam
834 1325 894 1365 se
957 1308 1212 1364 contulit.
1263 1307 1479 1361 lnterea
1539 1306 1914 1377 Coprouymus
1972 1321 2118 1360 anno

537 1401 642 1458 754
683 1401 797 1472 (95)
846 1400 1117 1472 synodum
1157 1398 1601 1453 iconoclasticam
1642 1407 1916 1467 coegerat,
1960 1400 2119 1465 cujus

539 1495 757 1550 decreta
793 1493 908 1562 ipse
931 1492 1191 1558 deinceps
1219 1491 1603 1561 prapugnavit,
1626 1504 1899 1558 quamque
1928 1489 2120 1542 aCou-

539 1585 781 1638 stantiuo
846 1582 1388 1653 pseudopatriarcha,
1449 1589 1740 1649 antequam
1785 1596 1910 1634 eum
1955 1580 2118 1635 morti

539 1673 803 1737 traderet,
845 1687 989 1727 anno
1027 1672 1129 1726 768
1176 1672 1376 1726 iterum
1424 1671 1711 1740 approbari
1758 1670 1930 1724 voluit
1980 1670 2113 1738 (94).

533 1763 712 1833 Hujus
744 1761 1094 1816 conciliabuli
1127 1760 1349 1814 decreta
1372 1775 1517 1813 anno
1542 1761 1646 1814 765
1674 1759 1741 1814 ad
1775 1759 1832 1813 S.
1859 1759 2116 1812 Auxentii

539 1863 779 1908 montem
805 1853 948 1908 idem
981 1851 1278 1922 imperator
1306 1851 1470 1920 jussit
1497 1850 1723 1911 deferri,
1749 1860 1805 1904 ut
1838 1866 1866 1902 a
1900 1851 1959 1902 8.
1993 1851 2119 1904 Ste-
2152 1835 2192 1892 Β

536 1945 720 2015 phano
749 1943 1229 1998 subscriberentur
1257 1943 1395 2012 (95).
1427 1940 1476 1996 ls
1509 1956 1658 2004 vero,
1693 1958 1818 1996 cum
1853 1941 1904 1994 id
1939 1942 2120 1994 facere

539 2041 828 2101 renuisset,
857 2036 925 2090 ad
955 2035 1014 2090 S.
1040 2035 1298 2088 Auxentii
1345 2035 1720 2088 cmmetcriuni
1753 2043 1901 2088 arcte
1934 2043 2123 2087 custo-

535 2131 706 2193 ditus,
748 2129 836 2182 die
881 2127 1136 2195 septimo,
1189 2126 1320 2180 dum
1374 2123 1623 2194 Bulgaris
1669 2125 1871 2178 bellutn
1918 2123 2121 2177 inferre

540 2221 836 2288 intperator
859 2217 1071 2279 debuit,
1099 2216 1361 2269 liberatus
1391 2225 1477 2268 est
1509 2213 1642 2284 (96).
1679 2213 1849 2267 Porro
1897 2214 1950 2266 iu
1991 2213 2117 2267 Bul—

537 2322 697 2376 garos
732 2305 1024 2375 profectus
1056 2313 1140 2358 est
1171 2299 1556 2372 (Lopronytnus
1599 2303 1686 2356 die
1724 2317 1832 2356 xvu
1860 2300 2031 2362 Junii,
2065 2310 2121 2356 et

536 2398 624 2452 die
650 2413 752 2450 xxx
787 2395 1034 2464 ejusdem
1083 2394 1310 2455 mensis,
1337 2392 1472 2448 feria
1503 2409 1556 2457 v,
1598 2394 1903 2447 indictione
1949 2409 1988 2458 ι,
2024 2409 2121 2448 eos

536 2491 727 2563 praelio
760 2489 960 2543 devicit
996 2486 1136 2558 (97);
1162 2502 1228 2538 ex
1262 2501 1368 2556 qua
1400 2485 1718 2540 indictionis
1765 2496 1818 2539 et
1841 2485 1993 2541 feriae
2039 2487 2122 2542 iu-

537 2584 812 2639 dicatione
840 2581 1207 2635 certissimum
1249 2587 1334 2632 est
1360 2592 1424 2633 ea
1459 2577 1754 2648 contigisse
1774 2594 2120 2650 anno,quetn

539 2690 704 2745 supra
731 2673 1000 2737 dicebam,
1030 2671 1156 2724 765.

608 2766 701 2821 25.
759 2764 890 2819 Dein
925 2780 953 2815 a
994 2764 1170 2818 reditu
1232 2762 1572 2832 imperatoris
1628 2763 1866 2833 Cpolim,
1931 2780 2120 2834 paucis

543 2857 832 2914 eventibus
858 2853 1182 2924 interjectis,
1211 2853 1439 2908 incenso
1467 2852 1522 2907 S.
1558 2853 1817 2907 Auxentii
1845 2865 2117 2910 monaste-

541 2947 621 3002 rio
659 2947 768 3016 (98)
807 2947 865 3000 8.
889 2945 1200 3014 Stephanus
1221 2960 1251 2998 e
1279 2945 1495 3009 tugurio
1529 2959 1631 2999 suo
1665 2961 1838 3014 u~que
1870 2948 1936 3001 ad
1969 2962 2120 3002 mare

541 3049 846 3108 pertractus
878 3046 981 3097 est,
1018 3035 1200 3103 ibique
1235 3035 1499 3088 navicula:
1530 3036 1819 3103 impositus
1850 3048 1905 3090 et
1949 3036 2122 3108 Chry-

539 3130 784 3195 sopolim'
818 3129 886 3182 ad
943 3125 1228 3196 Philippici
1271 3126 1666 3180 monasterium
1728 3127 1940 3182 delatus
1981 3130 2117 3198 (99),

540 3229 825 3291 postquam
881 3219 999 3273 dies
1043 3233 1152 3271 xvn
1195 3217 1304 3271 illic
1350 3227 1709 3288 transegerat,
1759 3220 1824 3272 ad
1884 3221 2118 3272 insulam

537 3311 948 3367 Proconnesum
973 3311 1026 3362 in
1054 3309 1304 3363 exsiliunt
1326 3313 1524 3363 missus
1555 3321 1638 3362 est
1667 3310 2121 3378 (l00).Quouiam

539 3418 670 3460 vero
709 3401 1026 3471 dicitur_ibi,
1053 3399 1210 3453 initio
1231 3414 1381 3466 panic
1401 3400 1579 3454 exsilii
1612 3400 1718 3462 sui,
1741 3416 1886 3454 anno
1909 3403 1977 3455 49
1994 3411 2123 3456 arta-

539 3499 611 3552 tis
641 3494 1024 3552 domunculatn
1057 3495 1109 3546 in
1160 3492 1430 3546 columna:
1471 3493 1699 3546 formam
1737 3509 1766 3545 a
1810 3508 1870 3548 se
1907 3504 2124 3548 exstru-

537 3599 701 3651 ctam,
751 3587 1057 3656 ingressum
1092 3598 1214 3637 esse
1241 3584 1423 3653 (101),
1481 3584 1529 3637 si
1557 3585 1970 3639 meminerimus
1995 3601 2120 3639 eum

541 3693 687 3734 anno
713 3678 815 3734 715
847 3686 969 3748 post
1005 3692 1058 3730 xt
1085 3675 1310 3745 Augusti
1353 3689 1474 3729 esse
1521 3684 1731 3741 natum,
1772 3679 2042 3732 constabit
2068 3679 2123 3732 id

540 3770 803 3826 accidisse
836 3783 981 3822 anno
1028 3768 1133 3820 765
1179 3774 1434 3829 exeunte,
1467 3776 1561 3820 aut
1595 3778 1851 3822 currente
1885 3771 2006 3823 764.
2044 3769 2123 3823 Ex

540 3862 738 3930 quibus
768 3874 887 3929 quae
927 3874 1079 3911 num.
1121 3856 1192 3910 21
1217 3858 1504 3910 attulimus
1536 3857 1603 3911 de
1625 3873 1770 3912 anno
1797 3859 1900 3914 763
1926 3861 2120 3914 iterum

541 3951 952 4007 conﬁrmantur.
977 3949 1212 4013 lluxsum
1248 3949 1477 4001 traditur
1501 3950 1552 4003 in
1583 3954 1704 4018 ejus
1731 3951 1858 4015 vita,
1879 3954 2124 4006 secundo

542 4042 721 4098 exsilii
783 4054 949 4103 anno,
1000 4039 1050 4093 id
1108 4048 1193 4092 est
1232 4039 1333 4093 765
1383 4050 1478 4092 aut
1523 4039 1644 4105 766,
1699 4053 1926 4096 matrem
1979 4043 2124 4098 illius

543 4135 744 4190 abiisse
785 4133 955 4204 (102),
989 4131 1224 4201 denique
1265 4133 1541 4186 nonnullis
1598 4133 1758 4187 rebus
1803 4136 2123 4203 inter-jectis,

544 4227 755 4298 Cpolim
788 4240 911 4279 eum
943 4233 1252 4276 revocatum
1286 4223 1472 4277 fuisse.
1513 4223 1571 4276 lu
1603 4240 1706 4292 qua
1732 4225 1972 4290 civitate,
2004 4228 2122 4281 dic-

541 4321 646 4374 bus
670 4318 876 4385 aliquot
897 4330 1118 4370 carcere
1152 4315 1349 4369 Phiala:
1375 4316 1627 4370 detentus
1659 4316 1828 4388 (105),
1856 4335 1979 4371 cum
2017 4321 2120 4374 im-

542 4419 850 4482 peratorem
899 4407 1114 4476 publice
1157 4406 1445 4476 arguisset,
1476 4423 1572 4476 per
1621 4409 1870 4463 undecim
1907 4426 2122 4467 menses
2187 4431 2194 4438 ·

2221 589 2343 627 eum
2376 575 2477 626 sub
2523 571 2687 625 linem
2737 571 2866 625 anni
2915 571 3019 627 766
3047 573 3254 642 Cpolim
3291 587 3561 630 reiectum
3597 576 3766 642 luisse,

2220 674 2276 721 ct
2303 673 2712 734 consequenter
2737 673 2850 719 tres
2881 664 2998 718 fere
3028 680 3204 720 annos
3237 667 3437 722 vixisse
3463 670 3688 724 exsulem
3718 675 3765 724 in

2221 755 2589 811 Proconneso.
2627 755 2914 820 Quocirca.
2945 756 3035 811 ubi
3073 757 3143 812 de
3181 758 3343 814 Petro
3374 761 3440 813 de
3485 760 3769 816 Blachernis

2222 845 2436 918 egimus
2461 850 2649 916 (supra
2682 863 2834 901 num.
2868 849 2974 917 15),
3007 849 3098 918 qui
3145 865 3292 903 anno
3333 852 3428 905 76l
3469 867 3651 920 passus
3675 864 3768 919 est,

2222 939 2422 993 merito
2451 939 2688 993 diximus
2729 941 2850 1010 ejus
2885 944 3202 1011 martyrium
3243 941 3302 996 S.
3334 943 3606 1012 Stephano
3631 947 3773 998 inno-

2221 1040 2429 1085 tescere
2460 1031 2702 1099 potuisse
2733 1041 2789 1084 et
2819 1031 2887 1084 ab
2914 1046 2998 1091 eo,
3036 1048 3128 1086 sex
3162 1035 3324 1086 annis
3355 1033 3568 1102 elapsis,
3595 1039 3774 1090 incar-

2219 1136 2345 1176 cere
2371 1122 2606 1190 prwtorti
2631 1125 2874 1187 narrari;
2900 1133 2953 1177 at
2984 1138 3090 1176 non
3122 1123 3248 1178 item
3271 1126 3578 1195 martyrium
3601 1125 3655 1179 S.
3678 1129 3773 1180 An-

2220 1213 2362 1267 dreae
2393 1213 2446 1266 in
2483 1211 2646 1278 Crisi,
2685 1214 2830 1284 quod
2860 1230 2928 1268 xx
2963 1215 3214 1269 Octobris
3244 1217 3370 1269 anni
3412 1216 3510 1269 767
3539 1219 3772 1286 contigit:

2223 1312 2334 1358 tum
2369 1304 2515 1357 enim
2539 1304 2862 1372 jamdudum
2894 1305 2953 1358 S.
2988 1304 3303 1374 Stephanus
3334 1310 3384 1360 in
3411 1306 3554 1362 dicto
3577 1324 3773 1364 carcere

2219 1397 2585 1460 detinebatur,
2633 1412 2758 1450 mox
2813 1398 2930 1467 ipse
2974 1399 3040 1452 ad
3090 1399 3338 1452 eamdem
3391 1402 3613 1469 palmam
3651 1403 3772 1455 arri-

2222 1488 2498 1557 piendam,
2544 1491 2674 1542 inde
2719 1491 2984 1543 exiturus.
3039 1489 3301 1552 Rursum,
3351 1505 3416 1542 ex
3445 1488 3623 1543 iisdem
3670 1503 3774 1558 quae

2220 1580 2570 1645 deduximus,
2620 1580 2910 1635 conﬁcitur
2962 1580 3020 1634 S.
3077 1579 3418 1652 Stephanum
3471 1589 3549 1635 ter
3582 1581 3772 1651 publico

2221 1671 2511 1742 prodiisse,
2558 1678 2613 1725 et
2659 1659 2952 1725 crudeliter
2999 1671 3164 1726 fuisse
3213 1671 3431 1740 ligatum
3481 1686 3541 1726 ae
3583 1681 3771 1740 pertra-

2221 1773 2388 1825 ctutn,
2425 1761 2630 1817 ultimis
2669 1764 2881 1818 scilicet
2927 1764 3210 1818 mensibus
3246 1779 3508 1816 annorum
3538 1764 3654 1826 765,
3684 1765 3774 1818 766

2222 1866 2277 1910 et
2300 1855 2401 1910 767
2432 1856 2605 1926 (107).
2655 1855 2834 1923 Atque
2865 1855 3064 1909 exinde
3095 1855 3297 1908 factum
3336 1866 3439 1918 est,
3466 1869 3520 1909 ut
3553 1867 3656 1909 tum
3695 1856 3772 1910 Ni-

2222 1945 2496 2012 ccphorus
2523 1943 2574 1996 in
2606 1941 2884 1995 Breviario
2921 1941 3091 2011 (l08),
3126 1952 3241 1996 tuin
3275 1942 3624 2011 Theophanes
3645 1942 3769 2012 (109)

2223 2034 2519 2102 anticipate
2552 2045 2607 2087 et
2633 2032 2860 2087 ροιιΐυερ
2891 2035 3074 2087 omnia
3126 2037 3502 2101 narraverint,
3527 2050 3620 2090 nec
3653 2051 3772 2106 Opus

2223 2135 2310 2180 est
2351 2141 2474 2179 cum
2516 2123 2680 2192 l’agio
2711 2125 2859 2194 (110)
2911 2124 2964 2178 iu
3012 2125 3174 2178 aliain
3237 2141 3453 2179 causam
3502 2127 3763 2196 inquirere.

2224 2217 2391 2271 Porro
2418 2218 2532 2271 inec
2559 2216 2914 2288 Theophanis
2960 2219 3204 2270 narratio
3238 2216 3523 2270 Barunium
3556 2220 3770 2288 aliusque

2223 2307 2516 2374 aliquando
2543 2307 2596 2360 in
2627 2323 2893 2374 errorem,
2917 2309 2986 2362 de
3035 2322 3183 2362 anno
3235 2309 3424 2363 mortis
3456 2307 3512 2364 S.
3541 2306 3768 2379 Stephani

2225 2398 2614 2454 constituendo
2637 2399 2874 2453 induxit.

2285 2510 2374 2564 26.
2408 2509 2559 2565 Nunc
2615 2521 2794 2566 autem
2843 2512 3096 2581 quoniam
3156 2514 3435 2584 inquisitio
3487 2513 3580 2570 ista
3618 2513 3664 2567 in
3697 2514 3766 2566 hi-

2222 2605 2445 2658 storiam
2471 2615 2524 2657 et
2548 2605 2954 2675 ehronologiam
2993 2607 3393 2673 persecutionis
3419 2606 3768 2660 iconot-lastii-za

2223 2693 2504 2756 secundae,
2539 2693 2800 2762 prolixior
2834 2693 2977 2746 facta
2994 2703 3097 2754 est,
3133 2708 3302 2762 quam
3329 2694 3379 2747 id
3422 2693 3640 2761 primum
3671 2692 3766 2742 eti-

2222 2783 2602 2848 stituabautus,
2637 2785 2768 2837 utile
2811 2785 3066 2837 duximus
3111 2798 3262 2845 eam,
3291 2786 3439 2852 juxta
3479 2783 3658 2835 seriem
3682 2795 3766 2832 an.

2223 2891 2443 2940 norum,
2472 2877 2559 2930 hic
2606 2875 2929 2944 compendio
2980 2875 3269 2936 exhibere.
3320 2874 3513 2928 additis
3557 2869 3766 2925 numeris

2223 2964 2638 3030 Commentarii,
2667 2969 2734 3021 ad
2765 2983 2904 3036 quos
2936 2966 3004 3021 de
3035 2966 3272 3036 singulis
3305 2975 3481 3019 actum
3505 2973 3582 3018 est
3609 2978 3623 3016 :

2293 3081 2452 3133 Anno
2475 3079 2604 3141 76l,
2640 3094 2726 3133 xvi
2780 3077 2926 3146 Maii,
2957 3078 3140 3150 passio
3166 3077 3229 3132 S.
3277 3076 3419 3131 Petri
3449 3075 3512 3130 de
3545 3071 3767 3128 Blaclter-

2146 3171 2190 3236 C
2223 3172 2330 3226 nis.
2361 3182 2534 3242 :upra
2570 3189 2722 3225 num.
2766 3172 2854 3224 l7.

2293 3264 2495 3319 Eodem
2547 3279 2711 3330 anno,
2764 3279 2816 3317 tv
2855 3263 3024 3326 Junii,
3059 3263 3248 3333 passio
3287 3261 3345 3317 S.
3377 3257 3589 3315 Joannis
3618 3255 3766 3326 llegu—

2225 3356 2372 3410 meni
2405 3340 2720 3410 monasterii
2755 3355 3064 3426 llionagriae,
3097 3371 3256 3408 nutn.
3290 3354 3380 3408 22.

2296 3469 2454 3520 Anno
2491 3467 2592 3521 765
2628 3468 2694 3522 ad
2743 3467 2904 3521 linem
2957 3477 3239 3537 vergente,
3269 3468 3327 3522 S.
3371 3463 3657 3534 Stephanus
3679 3459 3762 3513 Ju-

2225 3558 2346 3612 nior
2397 3574 2461 3611 ex
2513 3559 2781 3625 tuguriolo
2839 3559 3040 3611 montis
3095 3556 3356 3612 Auxentii
3402 3557 3680 3610 abstractus
3719 3558 3762 3600 αι

2226 3651 2360 3702 mari
2402 3648 2779 3719 Chrjsopolim
2806 3651 3084 3713 devectus,
3117 3667 3246 3704 mox
3293 3649 3348 3702 in
3401 3646 3761 3701 Proconnesum

2225 3741 2380 3795 exsul
2413 3743 2669 3802 mittitur,
2704 3757 2857 3794 num.
2894 3740 2964 3794 "ll
2988 3755 3107 3810 seq.

2293 3834 2452 3888 Anno
2481 3833 2603 3893 766,
2639 3834 2740 3885 sub
2774 3833 2956 3892 (ineiu,
2990 3831 3046 3885 8.
3084 3833 3396 3901 Stephanus
3435 3828 3611 3883 Juuior
3642 3825 3760 3894 Cpo-

2225 3925 2319 3979 lim
2353 3926 2546 3988 redux,
2582 3924 2788 3978 carceri
2818 3925 3070 3984 traditur.
3097 3925 3334 3993 primum
3369 3921 3558 3977 Phialte
3587 3919 3760 3986 aliquot

2226 4018 2366 4082 dies,
2403 4015 2604 4070 deinde
2639 4015 2901 4083 praetorii,
2937 4032 3088 4067 nutn.
3116 4015 3209 4068 ‘25.

2287 4109 2490 4162 Eodem
2545 4123 2692 4161 anno
2723 4109 3101 4177 Copronymus
3136 4121 3332 4161 omnes
3371 4103 3600 4160 subditos
3636 4097 3758 4166 jura-

2227 4213 2470 4255 mentum
2503 4210 2761 4269 prmstarc
2791 4200 2966 4269 jubet,
3001 4214 3060 4252 se
3084 4200 3412 4270 imaginibus
3440 4209 3594 4252 sacris
3623 4204 3758 4244 vene-

2226 4303 2492 4348 rationem
2520 4309 2628 4346 non
2663 4293 3026 4356 exhibituros,
3053 4307 3209 4346 num.
3245 4293 3331 4346 12.

2291 4403 2450 4456 Anno
2474 4401 2578 4456 767
2606 4401 2979 4472 Copronymus
3011 4402 3296 4471 praefectos
3317 4395 3689 4457 crudelissimos
3704 4389 3759 4442 ad

543 4501 796 4572 praetorio
841 4500 1216 4554 incarceratttr
1262 4499 1409 4568 (104)
1452 4509 1506 4553 et
1538 4499 1756 4553 demum
1795 4518 1940 4556 anno
1993 4515 2119 4558 azta-

2232 4494 2539 4562 provincias
2569 4495 2756 4556 mittit,
2791 4508 2942 4546 nutu.
2985 4493 3070 4547 l2.

545 4596 614 4647 tis
649 4592 738 4654 53,
763 4592 850 4645 die
875 4603 1042 4644 xxvttt
1088 4589 1414 4643 Novembris
1442 4589 1612 4658 (105),
1644 4591 1773 4644 anni
1809 4595 1964 4661 proin
1995 4595 2119 4659 767,

545 4686 788 4756 martyrii
837 4697 1096 4740 coronam
1147 4683 1359 4751 accepit
1394 4681 1568 4751 (106).
1617 4685 1752 4738 Cum
1798 4687 1946 4740 enim
1979 4702 2124 4742 anno

546 4777 649 4833 7l5
678 4777 748 4829 sit
777 4774 832 4829 in
862 4774 1040 4830 lucum
1070 4773 1274 4839 editus,
1307 4781 1453 4842 patet
1481 4788 1606 4827 eum
1642 4773 1784 4828 dicto
1823 4791 1968 4831 anno
1997 4776 2122 4843 767,

549 4885 753 4924 annum
788 4868 964 4921 :etatis
1015 4867 1085 4920 53
1105 4882 1224 4921 esse
1252 4852 1580 4935 ingressum.
1613 4864 1802 4931 Porro,
1837 4870 1879 4922 si
1908 4885 2122 4925 menses

616 5028 729 5096 (99)
755 5027 1012 5080 Analecta
1047 5040 1238 5095 graeca,
1272 5041 1324 5096 ρ.
1360 5026 1464 5080 αὖ(δὸ
1496 5026 1701 5079 01404.

617 5095 728 5168 (91)
763 5099 954 5166 l’agius
973 5097 1044 5168 ad
1077 5114 1168 5149 an.
1208 5099 1232 5168 7
1366 5112 1420 5149 n.
1448 5098 1482 5168 2
1511 5104 1566 5148 et
1596 5098 1660 5149 ad
1690 5115 1779 5149 an.
1823 5099 1942 5159 766,
1985 5118 2036 5151 u.
2065 5102 2117 5164 2;

546 5163 642 5223 Cl‘l‘
675 5163 934 5219 Analecta
961 5163 1080 5226 GL,
1110 5181 1164 5233 ι).
1203 5166 1309 5219 405
1339 5175 1394 5219 ct
1432 5167 1556 5218 406.

619 5234 1182 5306 (921Διιειιθςιεγϐικ,
1222 5252 1274 5304 ῃ.
1314 5235 1420 5290 425
1452 5248 1505 5306 et
1528 5250 1653 5306 (seq.

617 5304 730 5377 (95)
754 5304 1000 5374 'l'lieoph.
1031 5305 1134 5359 loc.
1158 5307 1272 5371 cit.,
1299 5321 1348 5375 p.
1377 5305 1718 5372 6:29.1’ag'tus
1744 5307 1808 5359 ad
1840 5323 1963 5360 ann.
1996 5309 2118 5373 754,

543 5397 601 5435 ιι.
643 5379 726 5432 10.

617 5449 730 5520 (94)
755 5446 1103 5520 Tltetipltam,
1136 5463 1191 5515 ι).
1231 5447 1354 5520 085.

617 5517 730 5585 (95)
762 5519 1021 5571 Analecta
1042 5517 1163 5579 Gr.,
1191 5535 1242 5588 p.
1273 5517 1374 5572 457
1409 5527 1463 5573 et
1493 5517 1619 5572 477.

617 5591 730 5656 (96)
757 5589 912 5650 lbtd.,
951 5605 1007 5657 p.
1041 5588 1166 5641 460.
1904 5653 1908 5656 η

621 5662 732 5728 (07)
764 5659 1013 5726 'l‘heoph.
1048 5658 1151 5728 loc.
1185 5660 1302 5724 cit.,
1339 5675 1390 5727 p.
1432 5658 1536 5711 667
1566 5669 1619 5714 et
1655 5676 1767 5719 seq.
1852 5721 1856 5726 Α

621 5726 730 5799 (98)
761 5730 1022 5799 Analecta
1053 5726 1170 5799 (in,
1203 5747 1255 5799 ι).
1285 5726 1410 5784 475.

618 5798 734 5867 (99)
760 5796 915 5862 lbid.,
954 5814 1005 5865 μ.
1039 5798 1163 5853 ne.

2291 4607 2494 4660 Eodem
2518 4621 2682 4670 anno,
2713 4621 2824 4660 xvu
2856 4604 3035 4658 Martii
3068 4603 3252 4673 passio
3291 4600 3350 4656 8.
3385 4599 3524 4654 Pauli
3547 4586 3753 4648 monachi

2231 4701 2285 4754 in
2306 4699 2605 4763 Creta,sub
2629 4699 2965 4767 TheOphane
2991 4696 3290 4765 Lardotyro
3319 4693 3504 4748 insulae
3532 4684 3751 4758 ρι’ίιῐυιτιυ

2228 4803 2378 4842 nutu.
2414 4789 2500 4841 l2.

2299 4881 2497 4932 liodcm
2551 4893 2716 4944 anno,
2785 4893 2872 4932 xu
2932 4877 3156 4947 Aprilis,
3207 4875 3476 4929 invaditur
3524 4871 3746 4922 monaste-

2301 5034 2446 5101 (lOO)
2479 5031 2638 5098 lbid.,
2673 5052 2726 5102 ν.
2766 5034 2892 5088 485.

2300 5105 2447 5172 (101)
2479 5102 2642 5167 tam,
2677 5120 2732 5173 ρ.
2771 5105 2898 5158 486.

2300 5175 2448 5242 (102)
2483 5174 2640 5236 lb.d.,
2670 5189 2723 5242 p.
2763 5174 2890 5228 495.

2299 5245 2445 5314 (tos)
2475 5243 2635 5308 una,
2661 5259 2715 5312 p.
2751 5245 2875 5298 495.

2303 5313 2451 5382 (tot)
2480 5314 2642 5384 nam,
2678 5330 2730 5384 p.
2765 5315 2870 5368 499
2900 5324 2955 5370 et
2987 5316 3116 5377 503.

2299 5386 2447 5452 (ωδ)
2477 5382 2640 5445 lbitl.,
2675 5382 2726 5452 ί».
2760 5384 2885 5438 521.

2296 5459 2442 5521 (106)
2467 5460 2559 5506 t.lr
2585 5453 2779 5524 l’agtus
2802 5458 2867 5510 ad
2896 5473 2985 5509 an.
3019 5455 3145 5519 766,
3175 5472 3230 5509 n.
3255 5461 3310 5515 2.

2301 5524 2452 5594 (107)
2483 5523 2745 5596 Analecta
2781 5526 2898 5592 Gr.,
2935 5545 2984 5596 p.
3022 5528 3148 5592 475,
3173 5529 3275 5585 499
3307 5539 3354 5582 cl
3389 5523 3506 5579 518.

2297 5591 2445 5664 (tos)
2479 5591 2623 5650 Edil.
2657 5597 2852 5651 υυιιη..
2887 5591 2946 5664 νζ
2983 5600 3068 5652 8|.

2295 5668 2438 5732 μου)
2467 5669 2590 5717 Luc.
2625 5668 2743 5728 cit.,
2773 5667 2877 5718 UH
2905 5680 2958 5721 ct
2989 5669 3112 5728 681.

2301 5739 2448 5806 (110)
2484 5735 2676 5804 Pagius
2703 5746 2766 5789 ast
2791 5753 2876 5790 ειη.
2921 5739 3042 5803 765,
3077 5757 3228 5801 num.
3269 5745 3312 5796 l.
