4110 6482
399 418 540 486 1103

409 631 532 687 aliis
563 629 697 686 locis
724 630 994 700 plurimis.
1026 629 1110 682 Cl.
1141 628 1196 683 B.
1240 626 1402 692 lisse,
1433 629 1515 682 vir
1548 625 1750 681 Graecae
1797 623 1980 680 erudi-

399 723 569 778 tionis
593 722 860 784 maximae,
883 721 939 774 in
960 721 1105 776 notis
1125 723 1191 775 ad
1221 719 1463 774 Leonem
1489 712 1977 786 υ1111σοη11111(122),

398 815 658 870 observat
698 813 912 883 stylitas
938 827 1110 881 usque
1148 811 1215 866 ad
1251 811 1505 866 saeculum
1548 827 1620 864 xu
1657 811 1712 864 in
1761 809 1983 864 Oriente

399 905 747 974 perdurasse,
785 901 1196 972 Papehrochius
1273 916 1404 956 vero
1458 900 1824 969 deprehendit
1889 917 1985 954 eo-

399 996 645 1050 rumdem
707 996 1018 1051 institutum
1079 996 1222 1064 apud
1272 994 1559 1049 Ruthenos
1614 993 1853 1064 viguisse
1918 992 1985 1045 ad

401 1103 496 1142 sua
531 1102 702 1156 usque
729 1097 978 1156 tempora
1010 1086 1186 1157 (125).

471 1176 562 1232 29.
617 1178 809 1241 Porro,
857 1177 902 1231 si
983 1177 1268 1246 styliticam
1340 1175 1502 1230 vitam
1576 1173 1632 1228 8.
1712 1175 1986 1230 Andream

399 1269 709 1339 amplexum
735 1283 858 1323 csse
889 1269 1070 1324 minus
1102 1268 1330 1324 evidens
1376 1280 1481 1334 est,
1528 1279 1676 1323 certe
1709 1284 1834 1322 eum
1869 1284 1985 1322 ino-

400 1361 637 1414 nachum
670 1359 752 1414 vel
799 1361 1186 1415 anachoretam
1243 1361 1433 1422 luisse,
1480 1376 1643 1415 nemo
1690 1360 1985 1414 dubitabit.

401 1447 694 1504 Permultis
733 1447 786 1502 id
829 1449 1161 1503 testimoniis
1185 1449 1491 1508 adstruere.
1545 1446 1724 1513 facile,
1774 1450 1868 1503 sed
1899 1465 1990 1502 su-

401 1556 798 1611 pervacaneum
842 1540 1020 1596 foret:
1049 1556 1150 1594 nec
1196 1541 1344 1595 aliud
1390 1542 1480 1595 hic
1511 1541 1791 1596 afferimus
1827 1555 1987 1610 quant

403 1649 665 1688 canonem
697 1633 808 1701 jam
855 1633 1157 1697 laudatum,
1202 1643 1332 1686 ante
1370 1633 1608 1687 medium
1641 1634 1904 1686 saeculum
1938 1638 2018 1687 tx‘

401 1740 432 1780 α
488 1724 548 1779 8.
597 1723 838 1794 Josepho
877 1725 1245 1792 conscriptum
1283 1724 1455 1793 (124).
1506 1723 1580 1778 lbi
1648 1724 1833 1794 igitur,
1889 1725 1994 1778 ode

401 1815 598 1885 prima,
621 1816 858 1884 tropario
889 1816 1068 1878 tertio,
1132 1814 1392 1869 Sanctum
1423 1833 1450 1868 a
1475 1815 1760 1884 iuventute
1775 1826 1990 1884 captum

1689 414 1968 476 MENSIS
1998 414 2364 476 OCTOBER.

313 567 317 571 ι
411 553 575 593 meon
629 537 936 610 stylitarum
991 537 1389 606 antesignanus
1447 534 1643 591 colitur
1701 534 1874 604 (121),
1943 540 1997 587 ct
2025 553 2068 601 Α
2100 533 2260 586 situm
2291 531 2479 598 fuisse,
2511 542 2722 588 constat
2759 549 2827 588 ex
2855 533 3026 606 Gyllio
3050 545 3107 590 et
3134 531 3339 603 Cangio
3370 546 3506 602 quos
3522 546 3581 586 n.
3609 533 3681 587 2')

3539 412 3679 478 1101

2081 627 2430 689 adduximus,
2463 637 2518 682 et
2551 641 2677 682 cum
2713 627 2922 698 Cpolint
2955 644 3021 683 ex
3063 637 3222 697 portu
3255 626 3683 683 advenientibus

2083 719 2221 772 ultra
2243 720 2431 773 urbem
2462 730 2630 783 esset,
2659 719 2782 775 ideo
2812 722 2866 775 111
2893 722 3042 776 Actis
3071 720 3344 790 prioribus
3378 719 3428 772 in
3451 735 3685 789 synaxa-

2085 812 2170 865 rio
2202 811 2615 876 Mediolanensi,
2662 816 2804 882 quod
2847 813 2874 885 §
2907 831 2919 867 l
2952 831 3216 869 excusum
3248 823 3354 874 cst,
3390 824 3446 867 et
3477 813 3529 864 in
3559 812 3684 865 Sir-

2089 903 2384 957 mondiano
2407 918 2536 970 ms.,
2563 905 2823 973 palatium
2851 907 2959 960 divi
2987 906 3274 959 lllamantis
3301 906 3477 974 πὲραν
3513 904 3682 958 situm

2084 991 2305 1051 dicitur,
2338 993 2386 1044 id
2410 1001 2514 1054 est,
2537 993 2675 1047 ultra
2708 996 2916 1049 urbem.
2949 995 3090 1049 Idem
3124 997 3383 1065 palatium
3418 993 3682 1064 Sytneoni

2085 1081 2467 1151 hletaphrastze
2492 1085 2582 1154 qui
2603 1085 2752 1152 Cpoli
2777 1085 3030 1154 degebat,
3051 1088 3102 1139 itt
3133 1089 3282 1139 Actis
3316 1101 3466 1140 num.
3489 1085 3541 1143 6.
3568 1099 3683 1138 non

2087 1177 2252 1236 ultra,
2285 1176 2378 1229 scd
2407 1186 2533 1230 ante
2577 1177 2767 1231 urbem
2821 1178 3053 1244 dicitur;
3092 1179 3314 1231 demum
3353 1177 3590 1246 Catigius
3626 1177 3682 1228 in

2086 1264 2363 1318 Chronico
2397 1263 2598 1318 Pascalt
2628 1267 2779 1335 (129)
2809 1269 2980 1334 πέραν
3002 1268 3158 1320 vertit
3186 1285 3200 1320 :
3237 1282 3423 1320 versus
3454 1266 3682 1328 fretum,

2088 1357 2355 1426 siquidem
2385 1359 2530 1412 aades
2556 1359 2612 1412 8.
2645 1359 2935 1413 tiamantis
2957 1361 3024 1414 de
3053 1375 3163 1429 quo
3197 1360 3300 1412 hoc.
3324 1359 3446 1413 loco
3475 1373 3684 1423 sermo,

2091 1450 2231 1504 freto
2259 1449 2488 1520 Sycaeno
2519 1467 2613 1504 seu
2647 1450 2909 1506 Ceratino
2939 1454 3183 1521 proxima
3220 1462 3357 1505 erat.

2162 1540 2252 1596 51.
2309 1542 2366 1597 8.
2399 1543 2663 1605 Andreas,
2694 1559 2815 1597 cum
2847 1542 3192 1612 Coprouynto
3217 1542 3457 1597 furorem
3519 1556 3678 1594 suum

2093 1629 2147 1682 itt
2218 1629 2481 1700 imagines
2563 1644 2744 1682 sacras
2819 1645 3118 1699 earumque
3183 1631 3424 1683 cultores
3482 1645 3687 1698 expro-

2093 1720 2324 1784 brasset,
2365 1720 2510 1774 varia
2557 1736 2874 1789 perpessus,
2909 1730 2965 1773 ut
3003 1722 3056 1774 itt
3101 1719 3253 1774 Actis
3307 1721 3561 1783 refertur,
3589 1722 3686 1775 de-

2096 1826 2242 1864 mum
2279 1812 2333 1864 in
2358 1825 2567 1866 arctnni
2602 1810 2922 1881 fmdumque
2956 1827 3234 1866 carcerem
3265 1814 3544 1882 eoojectus
3575 1822 3682 1868 est.

400 1905 678 1960 desiderio
709 1907 936 1970 Christi,
970 1905 1218 1960 hetanter
1254 1922 1473 1960 crucem
1507 1907 1702 1975 suique
1752 1906 1990 1976 abnega—
2025 1885 2064 1939 Β
2095 1903 2251 1956 nunc
2305 1918 2415 1955 non
2471 1911 2676 1956 temere
2733 1917 3007 1956 (arcerent
3059 1901 3263 1957 Phialen
3324 1919 3420 1956 seu
3492 1901 3686 1958 Fontis

401 1995 605 2051 tionem
631 1997 940 2066 amplexum
973 2011 1092 2050 esse
1126 1997 1257 2050 dicit
1286 2013 1301 2062 ;
1332 1999 1432 2052 ode
1457 2012 1584 2051 vero
1610 2013 1774 2060 nona,
1805 2007 1988 2067 tropa-

403 2091 486 2144 rio
509 2091 774 2151 secundo,
810 2104 933 2141 eum
961 2090 1378 2150 monachorum,
1416 2090 1497 2144 vel
1537 2092 1989 2144 anachorctarum

395 2182 574 2234 decus
599 2179 835 2248 appellat
864 2196 876 2231 :
900 2177 1264 2242 Μοναζόντων
1295 2180 1750 2251 ἐγκαλλώπισμα.
1777 2181 1832 2234 111
1856 2199 1992 2252 quo-

394 2270 530 2323 idam
556 2267 855 2338 Menologio
890 2268 1110 2322 Moscho
1138 2285 1263 2334 ms.,
1294 2271 1407 2334 cui,
1440 2273 1516 2324 uti
1553 2281 1609 2325 et
1639 2273 1838 2326 tabulis
1862 2272 1998 2341 [igu-

403 2359 542 2412 ratis
579 2359 647 2413 de
689 2359 887 2428 quibus
913 2375 1064 2412 num.
1099 2359 1154 2422 2,
1210 2361 1377 2414 fidere
1411 2377 1629 2432 semper
1658 2379 1764 2416 non
1804 2379 1995 2433 possu-

407 2465 552 2512 mus,
588 2459 935 2518 nunt-ttpatur
967 2449 1022 2502 8.
1059 2451 1307 2503 Andreas
1330 2449 1722 2521 llierontartyr,
1753 2454 1896 2521 quod
1927 2453 1995 2508 de

409 2541 738 2610 martyribus
775 2541 1104 2611 presbyteris
1136 2542 1310 2595 solum
1339 2542 1467 2607 dici,
1498 2543 1550 2596 in
1584 2554 1865 2612 Comperto
1888 2553 1992 2609 est;

415 2645 603 2683 verum
637 2629 691 2682 111
724 2631 979 2683 omttibtts
1022 2630 1144 2682 aliis
1192 2640 1250 2684 ut
1286 2631 1676 2703 llosiomartyr,
1706 2634 1758 2687 id
1797 2642 1904 2696 est,
1939 2644 1998 2688 ut

400 2720 709 2773 monachus
746 2732 797 2772 ct
823 2729 1044 2789 martyr,
1083 2721 1405 2788 proponitur
1439 2721 1690 2790 (125).111
1723 2723 1996 2776 Sirmondi

408 2809 759 2880 Synaxarista
804 2824 930 2871 ms.,
988 2824 1149 2877 quem
1206 2807 1431 2862 Parisiis
1478 2811 1795 2864 decessores
1824 2812 1995 2867 ttostri

405 2901 540 2954 olim
583 2910 939 2970 acceperunt,
965 2903 1162 2953 dicitur
1202 2899 1254 2951 in
1302 2898 1463 2953 Creta
1505 2901 1603 2971 τὴν
1637 2906 1849 2973 μονήρη
1886 2903 1998 2971 βίον

418 2992 844 3060 μετεσχόμενος,
878 3005 942 3043 ex
968 2991 1165 3060 quibus
1198 2990 1427 3060 aliisque
1460 2994 1730 3047 similibus
1762 2996 2000 3063 appella-

410 3082 674 3144 tionibus,
707 3080 765 3133 8.
805 3082 1050 3134 Andreas
1086 3080 1269 3148 potius
1317 3087 1650 3135 anachoreta
1694 3087 1775 3136 vel
1810 3084 2001 3138 solita-

412 3171 547 3230 rius,
575 3185 732 3239 quam
768 3176 1068 3222 monachus
1107 3184 1202 3222 seu
1251 3173 1523 3223 ρωιιοὺίιει
1562 3171 1728 3225 fuisse
1765 3173 1996 3226 videtur.

411 3260 734 3330 ﬂujusmodi
784 3267 965 3312 autent
1006 3261 1366 3313 anacltorctas
1410 3275 1517 3313 non
1551 3263 1712 3314 rudes
1745 3262 1994 3318 homines

407 3350 600 3414 tuisse,
632 3349 726 3403 sed
762 3349 1082 3417 plerumque
1119 3349 1422 3403 doctrinam
1453 3365 1663 3404 sacram
1699 3352 1829 3406 satis
1854 3355 1993 3408 bene

411 3445 654 3505 eductos,
700 3457 766 3494 ex
829 3441 976 3494 Actis
1028 3439 1087 3492 8.
1144 3440 1407 3510 Stephani
1450 3440 1710 3510 Junioris,
1762 3444 1993 3515 aliisque

413 3533 783 3589 monumentis
811 3531 968 3586 facile
992 3545 1178 3602 posset
1205 3534 1404 3587 evtnci.

483 3629 576 3683 30.
606 3628 723 3682 iam
769 3628 1080 3682 act'edtmus
1125 3629 1195 3682 ad
1249 3644 1310 3681 ea
1343 3645 1462 3698 quae
1491 3627 1552 3685 S.
1575 3632 1820 3689 Andreas
1841 3635 1996 3705 Cpoli

412 3719 597 3791 gessit.
631 3721 765 3776 Acta
811 3719 1014 3788 priora,
1069 3735 1225 3772 num.
1263 3719 1316 3784 6,
1351 3728 1480 3775 dum
1529 3724 1649 3793 ejus
1697 3727 1989 3781 adventum

412 3814 567 3884 Cpoli
602 3822 878 3877 enat-rant,
921 3827 1043 3865 eum
1083 3811 1272 3866 dicunt
1307 3815 1499 3884 llyzain
1553 3818 1849 3886 appulisse,
1881 3834 1992 3874 non

417 3893 754 3975 Byzantium,
779 3911 875 3956 aut
916 3902 1124 3971 Cpolm
1157 3921 1170 3955 :
1208 3903 1320 3973 Τὴν
1359 3906 1536 3969 Βύζαν
1581 3911 1995 3976 κατελάμϐανε.

417 3993 625 4049 Nomen
655 3994 796 4048 istud
833 4008 932 4048 nec
968 3994 1111 4046 inter
1134 3993 1282 4046 urbis
1315 4007 1525 4064 portus,
1554 3998 1607 4050 111
1634 3997 1818 4069 Cangit
1842 4001 1998 4070 Cpoli

415 4080 726 4139 Christiana
755 4084 1075 4152 reperimus,
1104 4097 1208 4136 nec
1246 4083 1314 4136 ab
1345 4085 1453 4137 ullo
1483 4087 1746 4155 scriptore
1761 4093 1826 4143 de
1842 4091 1996 4159 Cpoli

418 4177 626 4230 dictum
674 4175 842 4228 fuisse
895 4174 1150 4227 vidimus.
1181 4169 1392 4244 Gyllius
1440 4178 1627 4231 scribit
1661 4179 1727 4233 de
1762 4179 2000 4250 Barbysa

419 4268 581 4323 ‘luvio
631 4280 800 4336 prope
842 4264 1050 4334 Cpolim
1083 4265 1250 4337 (126),
1282 4262 1519 4320 Ortelius
1553 4269 1700 4340 (127)
1739 4271 1806 4324 de
1850 4269 1996 4336 Bisa,

425 4361 604 4429 l.izya,
650 4356 777 4409 BiZU
811 4354 1057 4409 Thraciae
1098 4368 1155 4409 et
1185 4355 1387 4411 Mcesia:
1417 4357 1664 4423 urbibus,
1703 4362 1798 4415 sed
1823 4363 1889 4417 de
1918 4363 2002 4419 his

419 4452 675 4507 omnibus
706 4451 792 4504 hic
823 4449 904 4520 agi
933 4465 1039 4502 non
1077 4457 1278 4517 potest.
1313 4448 1390 4503 Ex
1425 4449 1510 4504 his
1532 4462 1712 4507 autem
1737 4455 1850 4524 jam
1871 4463 2000 4526 pro-

2095 1992 2263 2046 fuisse
2303 1993 2529 2056 dixeris,
2570 1994 2731 2061 cujus
2789 1995 3046 2062 frequens
3099 1994 3304 2046 mentio
3356 1993 3409 2045 itt
3447 1993 3596 2046 Actis
3622 1992 3683 2046 S.

2095 2083 2379 2155 Stephani,
2404 2102 2674 2156 quemque
2704 2103 2769 2140 es
2805 2087 3002 2140 iisdem
3027 2103 3134 2139 ttou
3170 2087 3356 2155 procul
3385 2088 3453 2140 ab
3483 2088 3687 2155 llippo-

2094 2178 2330 2241 drontio,
2365 2178 2773 2247 martyriorum,
2805 2179 2856 2230 in
2885 2178 2987 2231 hac
3016 2179 3420 2246 persecutione.
3455 2181 3682 2232 ordina-

2097 2270 2178 2323 rio
2218 2270 2452 2332 theatro,
2486 2273 2675 2328 situm,
2707 2285 2772 2322 ac
2799 2269 2955 2323 valde
3005 2270 3256 2322 tetricum
3309 2269 3474 2324 fuisse
3511 2284 3684 2339 appa-

2097 2372 2180 2416 ret
2218 2362 2390 2428 (151)).
2435 2359 2828 2428 Metaphrastes
2867 2359 2955 2413 hic
3009 2360 3249 2413 insinuat
3299 2360 3355 2414 8.
3411 2363 3684 2414 Andream

2095 2452 2278 2521 plures
2311 2452 2430 2505 dies
2460 2453 2512 2503 in
2543 2465 2764 2503 carcere
2793 2450 3123 2520 transegisse
3146 2460 3200 2503 et
3223 2452 3402 2504 socios
3437 2451 3688 2518 C3}tli\05

2097 2544 2490 2606 confirmasse;
2527 2542 2614 2596 cui
2641 2543 2774 2594 Acta
2796 2543 2976 2610 priora
3000 2542 3378 2595 contradicere
3406 2541 3687 2606 videntur,

2097 2644 2152 2689 et
2180 2635 2468 2689 manifeste
2503 2634 2832 2688 contradicit
2865 2636 3208 2704 synaxarium
3253 2647 3319 2686 ex
3355 2635 3420 2686 iis
3466 2641 3691 2687 contra-

2098 2736 2267 2791 ctunt,
2299 2737 2353 2780 et
2399 2741 2553 2780 num.
2586 2725 2619 2778 5
2653 2727 2941 2778 recitatum
2971 2742 2985 2787 ;
3021 2741 3146 2777 nam
3199 2726 3272 2778 ibi
3304 2736 3521 2793 postera
3576 2725 3688 2794 jam

2098 2819 2210 2880 die,
2246 2833 2430 2872 coram
2485 2818 2834 2886 Copronynto
2888 2818 3088 2870 iterum
3142 2823 3459 2886 apparuisse
3490 2817 3688 2876 fertur,

2099 2909 2242 2980 quod
2275 2910 2402 2962 item
2435 2909 2796 2978 synaxaristes
2825 2906 3152 2960 Mena-orum
3177 2907 3394 2968 asserit,
3437 2906 3489 2959 in
3525 2917 3690 2959 crete-

2100 3001 2175 3054 ris
2214 2998 2471 3052 omnibus
2525 2997 2660 3066 ipsis
2707 2995 3090 3065 Metaphrastte
3127 2997 3309 3056 verbis
3359 2997 3592 3050 locutus.
3631 2996 3689 3050 in

2103 3089 2295 3146 iisdem
2330 3089 2549 3142 Menaeis
2583 3087 2824 3146 excusis.
2851 3091 2919 3142 ad
2950 3103 3118 3142 uvm
3153 3089 3478 3142 Novembris
3514 3086 3688 3158 (151),

2107 3182 2196 3236 11111
2223 3181 2290 3236 de
2324 3182 2380 3234 8.
2407 3180 2693 3255 Stephano
2711 3178 2914 3233 dicitur
2934 3194 3058 3232 cum
3100 3181 3152 3232 in
3191 3194 3411 3234 carcere
3445 3180 3687 3246 praetorii

2105 3272 2268 3328 fuisse
2285 3271 2586 3333 detentum,
2611 3271 2829 3324 additur
2851 3286 2976 3324 eum
2999 3270 3070 3323 ibi
3095 3268 3315 3323 Petrum
3339 3279 3393 3323 et
3413 3271 3690 3324 Andream

2105 3363 2398 3433 reperisse,
2433 3379 2621 3416 verum
2676 3363 2806 3416 illud
2849 3363 3132 3417 evidenter
3176 3377 3462 3416 erraticum
3497 3374 3600 3428 eSt,
3634 3370 3692 3418 et

2105 3470 2168 3510 cx
2202 3455 2341 3508 male
2370 3454 2646 3508 intellecto
2677 3453 2983 3522 Menelogio
3011 3452 3284 3507 Basiiiano
3315 3451 3589 3522 proﬂuxit.
3625 3452 3688 3506 111

2105 3547 2269 3616 hujus
2295 3547 2600 3617 synaxario,
2631 3547 2697 3600 ad
2747 3548 2999 3600 eumdem
3047 3546 3211 3609 diem,
3254 3546 3442 3600 titulus
3471 3547 3636 3600 habet
3671 3561 3687 3601 :

2103 3637 2393 3693 Certamen
2436 3636 2491 3693 S.
2525 3636 2789 3707 Stephani
2829 3633 3075 3690 Junioris
3119 3637 3371 3691 monachi
3399 3648 3456 3690 et
3486 3649 3692 3707 marty-

2103 3731 2205 3791 ris,
2247 3739 2302 3783 et
2345 3730 2436 3799 qui
2482 3745 2604 3782 cum
2637 3733 2715 3784 eo
2750 3730 2904 3798 passi
2953 3741 3104 3794 sunt,
3153 3728 3299 3784 Petri
3347 3739 3404 3784 ct
3435 3732 3689 3785 Andreas.

2105 3819 2240 3875 Dein
2277 3819 2332 3873 8.
2376 3819 2625 3874 Andreas
2653 3819 2870 3888 quidem
2901 3820 3102 3874 dicitur
3133 3820 3438 3874 monachus
3469 3822 3635 3876 fuisse
3671 3839 3689 3874 :

2103 3913 2130 3978 ὸ
2162 3912 2327 3974 ὅσιος,
2364 3912 2457 3965 sed
2486 3911 2543 3964 8.
2574 3912 2768 3966 Petrus
2799 3923 3026 3964 vocatur
3059 3911 3380 3980 simpliciter
3407 3929 3418 3965 :
3452 3913 3478 3964 ὁ
3507 3911 3691 3979 ἅγιος,

2108 4014 2162 4058 et
2191 4007 2459 4058 enarratis
2480 4005 2718 4058 breviter
2748 4005 3034 4058 amborum
3075 4005 3369 4075 martyr-iis,
3401 4006 3561 4060 sicuti
3593 4022 3692 4059 stt-

2108 4109 2200 4166 pra
2227 4103 2282 4147 et
2326 4093 2381 4146 in
2432 4093 2581 4147 Actis
2625 4093 3031 4156 describuntur,
3067 4094 3134 4148 de
3161 4093 3220 4147 8.
3260 4094 3420 4148 Petro
3441 4095 3690 4158 additur,

2107 4194 2233 4233 eum
2258 4182 2410 4249 prius
2450 4196 2669 4236 carcere
2718 4181 2998 4236 detentum
3054 4182 3223 4238 fuisse
3278 4185 3406 4252 (cl‘r.
3439 4199 3591 4238 num.
3623 4187 3695 4238 15

2109 4271 2254 4324 circa
2286 4272 2490 4343 linem).

2183 4378 2274 4435 52.
2307 4379 2516 4445 Quibus
2588 4397 2696 4437 non
2756 4393 3014 4439 accurate
3083 4382 3344 4438 discussis
3399 4393 3493 4437 aut
3534 4385 3694 4452 juxta

2111 4471 2244 4524 Acta
2271 4470 2584 4525 authentica
2609 4473 2934 4539 emendatis,
2963 4476 3330 4543 synaxaristes
3361 4473 3692 4528 “enatorum

423 4560 551 4600 num
581 4552 660 4598 est
690 4539 933 4612 judicare
966 4541 1079 4595 haec
1110 4540 1250 4595 Acta
1280 4541 1458 4609 priora
1491 4541 1644 4612 Cpoli
1686 4562 1797 4601 non
1832 4549 2000 4606 fuisse
2027 4567 2080 4628 ι)
2106 4561 2372 4616 discenti;
2407 4577 2439 4616 ει
2481 4564 2767 4618 monachis
2818 4564 2876 4619 δ,
2926 4539 3147 4619 parum
3190 4573 3245 4618 ει
3291 4563 3349 4618 δ,
3397 4565 3689 4629 Andream.

422 4641 649 4709 scripta,
677 4637 822 4705 quod
861 4637 1054 4688 iterum
1092 4650 1156 4688 ex
1206 4633 1346 4688 infra
1376 4634 1623 4692 dicendis
1650 4654 1792 4709 pene
1824 4643 2002 4697 mani—

422 4732 622 4784 festum
657 4727 768 4783 fiet.
797 4727 966 4782 Porro
987 4742 1114 4782 cum
1145 4725 1202 4782 S.
1233 4726 1482 4783 Andreas
1512 4730 1720 4800 Cpolim
1752 4733 2006 4789 advenis-

424 4830 528 4886 set,
562 4819 705 4873 illico
737 4817 823 4872 ad‘
843 4816 1106 4887 palatium
1139 4816 1341 4886 quod‘a
1388 4815 1446 4873 8.
1481 4817 1752 4875 Mamante
1789 4837 2005 4879 nuncn-

426 4925 607 4982 patur,
654 4927 712 4966 se
761 4909 1014 4975 contulit,
1047 4910 1195 4980 quod
1228 4911 1298 4964 ibi
1347 4911 1642 4980 imperator
1681 4913 1920 4983 degeret,
1951 4926 2006 4970 et

423 5005 684 5058 continua
716 5003 1097 5073 martyriorum
1129 5001 1440 5071 spectacula
1465 5002 1520 5056 in
1551 5003 1838 5073 adjaccnte
1868 5007 2002 5076 Ilip-

424 5094 712 5166 podromio
743 5092 890 5164 (128)
918 5094 1232 5150 ederentur.
1270 5094 1687 5171 Palatiumillud
1727 5108 1878 5154 extra
1912 5115 2003 5154 ur-

425 5191 574 5247 bem.
607 5182 947 5242 occidentem
989 5202 1201 5255 versus,
1230 5187 1286 5241 in
1317 5188 1525 5244 decima
1560 5199 1752 5260 quarta
1783 5193 2002 5262 regione

449 5359 457 5366 '
497 5343 734 5420 (121)τ.
771 5347 1073 5412 innuat,
1102 5359 1161 5417 ρ.
1193 5346 1446 5415 262;οιί·
1467 5357 1504 5403 t.
1542 5347 1584 5403 ll
1611 5348 1798 5412 Febr.,
1830 5365 1881 5420 p.
1910 5351 2000 5418 9|,

327 5454 331 5459 ι
427 5435 486 5472 tt.
523 5420 614 5473 56.

497 5487 811 5569 (122)Εά11.
845 5485 1016 5554 Paris,
1051 5504 1105 5559 p.
1137 5489 1277 5557 263;
1312 5488 1389 5545 cfr
1412 5496 1451 5545 t.
1483 5487 1529 5543 11
1557 5487 1712 5555 Feb.,
1747 5490 1848 5544 loc.
1882 5490 1999 5554 cit.,

421 5569 542 5614 1101.
575 5575 613 5610 1.

503 5628 651 5699 (125)
679 5628 786 5699 Ῑ.1
825 5627 974 5692 Maii,
1005 5643 1057 5699 p.
1094 5647 1280 5686 xxviii.

489 5698 645 5770 (121)
675 5697 738 5753 Τ.
769 5702 784 5752 l
812 5697 1018 5770 April;
1042 5717 1094 5770 p.
1124 5701 1252 5764 269',
1289 5717 1346 5756 n.
1379 5703 1466 5757 13.

783 5779 821 5844 t_.
851 5770 869 5820 1
899 5767 1128 5844 Maii,'_p.
1149 5789 1250 5836 \ll;
1281 5789 1331 5825 et
1369 5789 1555 5842 supra,
1582 5773 1608 5844 ς
1637 5790 1674 5838 1,
1700 5775 1926 5844 passim.

495 5835 648 5910 (126)
684 5837 757 5891 De
783 5838 1024 5908 Bosporo
1041 5835 1296 5928 Thracio,
1322 5835 1461 5916 apud
1494 5835 1749 5902 Gt-Jnot'it
1777 5848 1996 5918 Antiqq.

2107 4654 2355 4724 quamvis
2385 4664 2573 4725 aperte
2593 4671 2702 4711 non
2737 4657 2882 4712 dicat
2906 4674 3003 4714 cos
3036 4660 3338 4715 monachos
3365 4675 3474 4714 non
3500 4659 3690 4725 fuisse;

2107 4753 2164 4798 et
2209 4744 2402 4798 itidem
2455 4754 2734 4802 trecentos
2763 4755 2818 4801 et
2852 4749 3206 4821 quadraginta
3253 4751 3392 4805 duos
3423 4752 3692 4819 captivos,

2107 4834 2308 4904 quibus
2337 4835 2396 4888 S.
2433 4835 2749 4904 Stephanus
2787 4836 2841 4890 in
2871 4839 3129 4906 przetorio
3171 4838 3470 4907 adjunctus
3495 4846 3603 4902 est,
3638 4838 3692 4890 iu

2109 4927 2410 4982 monachos
2471 4936 2526 4983 et
2581 4928 2718 4983 alios
2774 4929 3112 4998 distinguere
3169 4931 3413 4986 videtur.
3462 4927 3688 4992 Verum,

2111 5029 2216 5073 tam
2253 5019 2529 5075 distinctio
2577 5021 2700 5086 ista,
2726 5037 2888 5090 quam
2939 5022 3230 5092 prasentia
3275 5023 3337 5078 8.
3373 5023 3606 5077 Androm
3633 5031 3689 5073 111

2108 5126 2334 5166 carcere
2363 5112 2607 5182 praetorii
2636 5129 2762 5168 eum
2792 5113 2848 5170 S.
2879 5113 3182 5184 Stephano,
3213 5130 3284 5182 ex
3317 5115 3580 5186 scriptore
3604 5113 3682 5165 dio

2105 5202 2468 5273 ligentissitno
2506 5216 2564 5258 et
2616 5219 2799 5262 cetero
2843 5207 3122 5276 Stephano
3169 5206 3431 5270 Diaeono,
3463 5203 3690 5277 quiin

2105 5357 2299 5424 Grato,
2326 5371 2364 5416 t.
2397 5361 2509 5425 Vill,
2543 5357 2647 5418 eo].
2673 5364 2833 5419 3128.

2109 5431 2544 5555 ¹01111111
2595 5434 2912 5491 Thesaurus
2964 5435 3382 5510 geographicus.
3423 5434 3690 5541 Antvcrp.

2229 5522 2266 5554 ).
3622 5536 3626 5541 ⁴

2181 5572 2328 5648 ,(128)
2387 5571 2716 5648 Theophan._
2763 5575 2868 5648 loc.
2929 5575 3048 5642 cit.,
3101 5591 3157 5646 p.
3204 5572 3329 5637 667.
3388 5572 3511 5636 676,
3559 5571 3692 5648 677.

2103 5641 2230 5701 682,
2263 5654 2393 5704 etc.,
2425 5653 2479 5695 et
2510 5641 2560 5696 in
2597 5644 2750 5698 Actis
2781 5647 2944 5699 infra.

2175 5712 2322 5782 (129)
2356 5711 2502 5764 Ε1111.
2528 5713 2727 5777 131)1111.,
2749 5731 2814 5782 ,p.
2846 5715 2972 5769 598.

2173 5784 2324 5862 (Ιῇυ)
2365 5784 2735 5861 Aualrgraw"
2773 5802 2824 5852 p.
2851 5785 2975 5840 4116.
3009 5786 3111 5844 467
3135 5799 3188 5843 ct
3218 5802 3372 5880 seqq.
3403 5793 3454 5838 et
3485 5782 3637 5838 499..

2173 5851 2316 5880 11ι.11
2349 5851 2588 5880 Vana“.-.
2629 5854 2758 5880 [-012
2808 5870 2837 5880 Α
2884 5857 2987 5880 .un
3505 5868 3513 5872 -

2171 5851 2316 5922 ('5')
2349 5851 2590 5908 Venetus
2626 5854 2782 5921 1845,
2805 5870 2858 5925 p.
2884 5857 3005 5910 210.
3297 5851 3312 5856 “
3333 5851 3348 5880 τ
3505 5868 3513 5872 -
