4110 6438
412 377 558 442 1105

1522 388 1704 450 VlTA
1741 390 1803 451 S.
1848 389 2187 453 ΑΝῡὲἓῶ
2231 392 2311 452 ΙΝ
2350 394 2584 468 CRISL

3550 400 3690 469 1106

409 489 533 547 illos
559 489 809 562 captivos
848 506 1045 550 omnes
1076 494 1375 551 monachos
1407 496 1578 554 fuisse
1607 496 1811 557 diserte
1839 511 1993 553 asse-
2019 494 2073 556 A
2096 501 2456 559 illustrantur.
2493 502 2601 559 Bos
2658 503 2869 561 scilicet
2909 519 3009 560 seu
3056 503 3233 562 forum
3274 508 3455 575 Boris,
3482 526 3684 576 nomen

409 583 505 647 rit,
534 598 638 638 nec
680 582 850 640 ullum
897 582 1120 642 Petrum
1173 596 1268 644 aut
1294 586 1573 644 Andream
1616 599 1730 647 tum
1778 603 2002 645 carcere

406 670 717 739 detentum,
751 673 840 728 vel
903 675 1112 731 socium
1165 678 1417 746 quemvis
1449 693 1572 733 cuin
1625 677 1685 732 8.
1723 675 2001 748 Stephano

408 765 681 836 supplicio
692 767 947 822 traditum
964 780 1376 834 commemorat,
1390 772 1592 840 corrigi
1611 771 1814 827 debent
1827 771 1844 841 (
1857 774 1871 824 l
1885 774 1999 838 32).

408 856 469 914 ld
495 858 695 914 iterum
726 868 954 929 apparet
991 876 1058 916 ex
1106 876 1321 918 canone
1362 863 1419 920 S.
1456 863 1741 935 Stephani.
1794 865 1851 920 in
1887 865 2001 922 Me-

406 951 545 1006 naiis
587 950 663 1007 ad
703 968 873 1007 nvm
919 949 1263 1020 Novembris,
1298 956 1390 1026 qui
1436 973 1614 1013 canon
1675 959 1998 1029 scriptorem

406 1042 631 1114 pmfert
657 1045 914 1100 eumdem
949 1047 1009 1101 S.
1060 1047 1386 1118 Josephnm,
1421 1051 1517 1121 qui
1543 1050 1603 1106 S.
1643 1052 1875 1107 Andreae
1904 1068 1999 1108 ca-

405 1150 611 1190 nonem
646 1140 1000 1193 concinnavit
1026 1156 1089 1194 ac
1118 1156 1319 1196 nomen
1353 1142 1406 1196 in
1449 1143 1655 1198 ultimm
1685 1145 1803 1200 udae
1839 1161 1998 1201 acro-

406 1229 643 1285 stichide
677 1230 894 1302 signare
938 1236 1250 1303 consuevit,
1294 1252 1570 1307 quemque
1603 1254 1767 1294 nosse
1800 1240 2000 1310 poterit

405 1314 609 1372 Lector
641 1335 705 1374 ex
746 1321 896 1376 Aetis
928 1338 957 1377 a
999 1323 1372 1393 Papebrochio
1396 1328 1558 1384 editis
1604 1330 1670 1385 ad
1719 1331 1865 1386 diem
1893 1341 1998 1387 ter-

409 1405 545 1461 tium
577 1408 773 1476 Aprilis
807 1411 977 1481 (I33).
1003 1413 1059 1466 in
1090 1414 1193 1468 hoc
1219 1431 1453 1479 canone.
1501 1418 1605 1473 ode
1627 1418 1681 1485 6,
1711 1421 1873 1475 etiam
1904 1436 1998 1477 ce-

282 1568 291 1571 v
407 1495 692 1554 lehrantur
745 1500 806 1557 S.
857 1502 1060 1561 Paulus
1118 1523 1279 1577 quem
1336 1509 1660 1567 Cretensem
1721 1512 1996 1582 diximus,

411 1589 513 1679 SS.
563 1602 832 1667 martyres
882 1595 1135 1664 Ephesini
1180 1601 1250 1657 38
1295 1600 1435 1673 (cfr.
1470 1619 1631 1676 supra
1677 1624 1831 1662 num.
1883 1606 1994 1679 l3),

410 1678 471 1735 S.
517 1679 711 1737 Petrus
761 1685 831 1740 de
884 1683 1227 1752 Blachernis.
1270 1693 1464 1748 eodem
1504 1695 1698 1752 ordine
1746 1678 1993 1764 omnino,

407 1782 584 1840 eoque
620 1771 724 1827 illis
763 1775 1006 1847 martyrii
1048 1793 1247 1847 genere
1280 1782 1505 1851 tributo,
1539 1801 1648 1851 quo
1692 1789 1836 1858 apud
1874 1788 1998 1846 Ste-

408 1862 653 1932 phanum
708 1864 1006 1923 Diaconum
1071 1870 1471 1943 insigniuntur.
1535 1877 1998 1953 Hymnographus

408 1953 577 2027 igitur
604 1955 662 2012 8.
695 1957 960 2029 Stephani
996 1962 1131 2020 Acta
1161 1968 1399 2036 genuina
1434 1972 1869 2042 perlustraverit,
1902 1977 1999 2032 sed

408 2063 519 2103 non
566 2051 698 2106 item
745 2056 1116 2124 synaxaristes
1167 2058 1544 2129 Menzaorum;
1593 2064 1758 2137 idque
1808 2068 1893 2123 vel
1931 2085 2000 2137 eo

409 2142 665 2200 evincere
689 2160 995 2213 possemus,
1024 2153 1169 2219 quod
1211 2154 1331 2222 ejus
1362 2170 1562 2226 corpus
1592 2157 1644 2212 in
1694 2175 1845 2216 mare
1872 2177 2003 2232 pro-

403 2232 615 2303 jectum
667 2235 835 2294 fuisse
878 2240 1102 2303 referat.
1138 2244 1199 2298 ὲν
1235 2245 1313 2316 τῷ
1343 2245 1596 2316 πελάγει,
1629 2267 1755 2307 cum
1797 2252 1851 2307 in
1897 2253 2000 2313 Pe-

408 2324 546 2397 lagia
566 2327 856 2385 dicendum
895 2331 1111 2390 fuisset.
1133 2334 1311 2407 Atque
1337 2339 1427 2394 hic
1447 2340 1613 2395 etiam
1635 2344 1996 2410 advertimus,

408 2417 552 2485 quod
578 2418 783 2473 dudum
809 2421 923 2491 jam
949 2420 1354 2494 Papebroi-hins
1383 2429 1788 2501 monuit(l3$),
1806 2432 1999 2490 Officia

411 2515 470 2567 et
502 2522 742 2566 canones
790 2511 1118 2571 Nemeorum
1178 2518 1500 2589 plerumque
1546 2525 1849 2594 synaxariis
1876 2518 2001 2581 esse

414 2599 587 2690 multo
618 2603 928 2675 antiquiora
977 2617 1033 2663 et
1067 2611 1402 2680 probation.
1450 2614 1625 2670 Porro
1668 2617 1849 2686 prodit
1880 2621 2005 2690 qui-

411 2688 562 2752 dem,
604 2691 659 2747 in
716 2699 909 2752 eodem
948 2697 1166 2768 Iosephi
1217 2717 1427 2759 canone
1474 2705 1542 2760 de
1580 2705 1645 2772 8.
1697 2688 2002 2778 Stephano,

411 2779 577 2836 etiam
635 2781 883 2843 Andreas
944 2800 1189 2863 martyr,
1238 2795 1334 2850 sed
1384 2803 1540 2852 extra
1609 2799 1808 2854 seriem
1853 2801 1998 2857 illam

412 2888 575 2942 quam
616 2891 683 2930 ex
730 2877 790 2933 S.
845 2880 1107 2952 Stephani
1169 2884 1322 2941 Actis
1370 2898 1687 2958 excerptum
1740 2891 1998 2959 diximus,

413 2964 532 3019 Ode
579 2981 777 3037 nempe
816 2978 1029 3036 octava,
1061 2975 1302 3043 tropario
1342 2975 1528 3044 tertio;
1576 2993 1755 3049 ireque
1782 2964 2004 3036 additur

412 3075 540 3116 enm
571 3077 694 3117 cum
715 3063 772 3116 S.
801 3064 1078 3134 Stephano
1108 3067 1164 3123 in
1200 3084 1425 3126 carcere
1455 3073 1693 3139 praetorii
1724 3084 2000 3130 versatum

2028 1831 2075 1890 Β

2104 594 2460 653 mutuabatur
2484 612 2517 650 a
2543 596 2764 653 camino
2793 612 2951 654 teneo
2987 599 3043 653 in
3086 599 3317 657 formam
3348 604 3504 661 bovis
3545 622 3686 663 con-

2101 685 2251 752 flato,
2284 686 2336 741 in
2368 702 2480 757 quo
2517 696 2674 747 ustus
2721 687 2896 744 fertur
2928 689 2990 747 S.
3022 693 3252 762 Antipas
3274 704 3499 767 martyr,
3530 708 3688 754 ante-

2099 794 2262 849 quam
2304 777 2571 850 Pergamo
2612 779 2824 849 Cpolim
2873 798 2904 837 a
2946 781 3259 840 Theodosio
3292 800 3494 858 magno
3538 799 3686 845 esset

2100 870 2381 932 advectus.
2409 871 2684 941 quiquein
2706 872 2811 928 hoc
2838 872 2956 931 foro
2982 876 3280 932 eminebat.
3309 879 3383 934 De
3412 881 3515 936 hoc
3536 896 3684 937 mar-

2100 963 2224 1034 tyrii
2256 963 2626 1019 instrumento
2659 965 2874 1033 egregie
2903 966 3145 1037 disputat
3174 968 3461 1025 Morcellus
3494 981 3685 1029 noster

2102 1056 2155 1110 in
2202 1056 2541 1112 doctissimis
2589 1056 3019 1114 Commentariis
3054 1060 3255 1126 quibus
3298 1061 3683 1121 Kalcndarium

2101 1162 2263 1203 suum
2309 1148 2653 1218 Cpolitanum
2680 1152 2966 1206 exornavit
2999 1152 3171 1223 (155).
3201 1153 3463 1224 Capiebat
3499 1166 3682 1214 autem

2102 1237 2281 1294 forum
2324 1237 2487 1295 Bovis
2529 1241 2818 1296 undecima
2867 1243 3036 1314 regio,
3092 1259 3204 1299 non
3255 1248 3509 1317 procula
3546 1248 3688 1305 freto

2100 1327 2358 1385 Ceratino
2406 1326 2621 1392 dissita,
2666 1347 2770 1386 nec
2820 1347 2850 1386 a
2901 1342 3056 1402 porta
3106 1334 3562 1403 Blachernarum,
3595 1338 3684 1394 ubi

2101 1419 2255 1474 multi
2306 1418 2624 1475 habitabant
2671 1421 2975 1491 piscatores
3010 1422 3182 1493 (136).
3230 1423 3304 1479 De
3338 1424 3485 1481 Bove
3527 1427 3685 1497 plura

2099 1510 2265 1567 etiam
2289 1511 2565 1581 congessit
2602 1511 2733 1566 olim
2751 1511 3158 1581 Papebrochius
3186 1513 3357 1586 H37).
3398 1514 3475 1570 Ex
3497 1530 3567 1572 eo
3588 1528 3703 1572 auo‘

2103 1610 2211 1657 tem
2234 1602 2378 1673 quod
2412 1603 2483 1658 ibi
2518 1601 2697 1659 forum
2720 1602 2890 1659 fuisse
2912 1603 3149 1668 dicatur,
3177 1605 3338 1661 facile
3371 1607 3694 1680 intelligitur

2099 1692 2244 1763 quod
2289 1694 2345 1748 in
2387 1693 2537 1749 Actis
2580 1693 2785 1749 nostris
2825 1692 3094 1764 scriptum
3138 1704 3225 1750 est
3256 1709 3410 1750 num.
3445 1696 3536 1760 lii,
3567 1707 3705 1752 ιτα-η

2104 1786 2386 1845 culentum
2438 1786 2590 1841 illum
2642 1785 2970 1856 piscatorem
3029 1786 3280 1853 hastam,
3334 1802 3402 1842 ex
3460 1788 3703 1845 macello:

2101 1881 2339 1952 quodam
2412 1881 2489 1937 ibi
2551 1888 2860 1949 arreptam.
2908 1880 3254 1936 adhibuisse.
3311 1882 3692 1938 Conferendus

2099 1975 2263 2029 etiam
2286 1973 2605 2044 Anonymus
2629 1971 3066 2028 Combelisiauus
3103 1972 3278 2043 (158).
3312 1973 3403 2043 qui
3437 1988 3501 2029 ea
3546 1974 3691 2031 Bove

2101 2078 2255 2120 teneo
2293 2077 2548 2118 nummos
2580 2078 2746 2117 cusos
2793 2061 2863 2118 ab
2908 2061 3159 2117 Heraclio
3192 2063 3376 2128 refert,
3411 2072 3470 2119 ut
3513 2065 3587 2121 ita
3619 2068 3688 2121 ad

2103 2155 2433 2227 Copronymi
2470 2169 2643 2224 usque
2670 2162 2915 2223 tempora
2947 2154 3053 2209 Bos
3078 2170 3189 2210 non
3217 2157 3584 2225 permansisse
3611 2158 3692 2213 vi-

2103 2249 2319 2312 deatur,
2351 2247 2447 2303 sed
2477 2247 2654 2303 solum
2705 2262 2906 2303 nomen
2939 2247 3056 2303 foro
3099 2242 3351 2306 inditum.
3379 2249 3556 2306 Locus
3599 2250 3693 2307 ille

2104 2338 2465 2406 fedissimus,
2499 2339 2554 2393 in
2585 2353 2748 2408 quem
2775 2338 2833 2394 S.
2867 2339 3116 2395 Andreas
3142 2340 3419 2411 projectus
3450 2343 3569 2407 init,
3591 2341 3695 2398 Pe-

2102 2431 2230 2503 lagii
2284 2429 2652 2500 sepulcretum
2699 2438 2804 2491 est.
2839 2431 2985 2501 quod
3037 2431 3203 2485 etiam
3253 2430 3312 2486 8.
3346 2431 3688 2501 Stephanum

2102 2522 2383 2578 Juniorem
2423 2522 2704 2589 excepisse
2727 2529 2962 2576 testatur
3004 2521 3352 2592 Nicephorus
3383 2523 3439 2578 in
3468 2523 3661 2580 Brevia
3680 2553 3696 2568 ο

2105 2618 2211 2678 rio.
2234 2623 2291 2670 et
2316 2631 2381 2670 ex
2413 2614 2533 2685 ejus
2556 2613 2709 2668 Actis
2737 2614 2811 2668 ad.
2829 2614 2975 2668 diem
3012 2629 3176 2669 xxviii
3225 2612 3493 2670 Novemb.
3528 2616 3701 2684 pluri-

2104 2706 2208 2762 bus
2239 2704 2627 2760 declarabitur.
2675 2704 2759 2759 Eu
2802 2701 3094 2772 Nicephori
3146 2704 3311 2758 verba
3357 2702 3580 2759 Petavio
3612 2705 3698 2760 in-

2109 2805 2393 2867 terprete:
2435 2796 2480 2850 A
2530 2795 2733 2864 palatio
2781 2795 2848 2850 ad
2873 2794 3038 2850 Bovis
3079 2809 3254 2865 usque
3299 2794 3480 2850 forum
3524 2805 3695 2851 attra-

2106 2901 2279 2954 ctum,
2332 2889 2647 2944 miserrime
2701 2887 3136 2957 discerpserunt.
3187 2887 3358 2955 Cujus
3398 2902 3604 2958 corpus
3638 2888 3707 2943 in-

2107 2998 2231 3037 eum
2267 2983 2445 3038 locum
2487 2997 2649 3052 quem
2685 2979 2885 3051 Pelagii
2932 2978 3183 3048 sepulcra
3233 2982 3540 3041 nominant,
3572 2990 3696 3035 tan-

2107 3088 2272 3141 quam
2321 3072 2552 3128 malefici
2603 3073 2888 3141 cujusdam
2930 3070 3228 3138 abjiciunt;
3263 3070 3391 3125 illuc
3447 3074 3592 3125 enim
3640 3080 3698 3126 et

413 3166 558 3211 esse.
589 3153 682 3209 sed
710 3155 899 3222 paucis
926 3158 1131 3224 verbis,
1157 3162 1324 3215 unico
1350 3161 1622 3233 Tropario
1640 3165 1768 3230 isto,
1798 3176 1976 3238 marty
2031 3181 2074 3239 α
2106 3164 2464 3237 profanorum
2498 3164 2788 3232 gentilium
2818 3171 2875 3218 et
2899 3178 3088 3218 eorum
3117 3162 3210 3232 qui
3238 3161 3459 3232 capitali
3485 3162 3697 3232 suppli~

413 3242 557 3299 rium
588 3248 642 3299 in
676 3245 822 3302 hunc
842 3250 1063 3305 modum
1096 3253 1390 3321 exponitur
1423 3272 1438 3307 :
1476 3254 1714 3310 Fortiter
1742 3260 2003 3326 persee'n-
2070 3254 2075 3257 ⁴
2109 3256 2194 3311 cio
2217 3255 2459 3309 damnati
2494 3261 2704 3318 essent,
2746 3252 3008 3308 cadavera
3056 3252 3491 3322 deportabantur
3518 3254 3692 3321 (159).

414 3338 521 3394 tori
572 3343 858 3405 resistens,
883 3343 1065 3399 divina
1121 3343 1390 3414 sapientia
1425 3348 1692 3416 praeditus
1729 3350 2000 3414 Andreas,

414 3429 642 3501 ﬂagellis
674 3435 1005 3502 percutitur;
1029 3435 1393 3492 etimmanem
1428 3450 1659 3495 mortem
1688 3439 1872 3506 justus
1906 3458 2006 3511 pa-

419 3521 580 3586 titur,
604 3524 716 3591 jam
744 3526 1005 3583 accinens
1027 3526 1258 3584 Domino
1286 3530 1509 3587 Christo
1545 3533 1600 3586 in
1635 3534 1852 3589 sucula.
1881 3534 2002 3589 Non

419 3617 599 3685 potuit
640 3617 821 3687 itaque
867 3616 1142 3690 Josepbus
1176 3621 1652 3693 llymnographus,
1704 3625 1797 3694 qui
1846 3625 2004 3695 Cpoli

420 3709 672 3779 degebat,
704 3713 1027 3779 patriarchae
1061 3713 1252 3785 lgnatii
1284 3714 1680 3787 Sceuophylax,
1708 3717 1801 3772 ubi
1844 3717 1913 3773 de
1943 3716 2002 3772 S.

424 3801 725 3872 Stephano,
761 3806 1025 3875 primario
1067 3808 1232 3865 totius
1269 3810 1670 3876 persecutionis
1725 3810 2010 3881 Coprony-

425 3897 624 3951 mianaa
660 3907 900 3970 martyre
928 3900 1140 3970 agebat,
1177 3902 1341 3957 etiam
1396 3901 1457 3958 S.
1499 3905 1730 3960 Andreae
1779 3905 1833 3958 in
1864 3904 2007 3961 Crisi

424 4003 535 4042 non
564 3990 902 4054 meminisse,
946 3990 1075 4046 licet
1112 3990 1165 4046 in
1201 3991 1354 4047 Actis
1401 3992 1460 4048 S.
1496 3993 1763 4062 Stephani
1796 4013 1920 4068 qua
1949 3999 2004 4054 in

425 4095 640 4136 canone
663 4097 763 4137 suo
789 4092 1016 4139 secutus
1045 4084 1285 4149 videtur,
1314 4086 1383 4140 de
1400 4101 1469 4140 eo
1501 4088 1707 4143 mentio
1744 4104 1856 4144 non
1891 4089 2006 4146 flat.

427 4172 709 4229 lditcrum
750 4174 959 4245 patebit
1004 4191 1075 4232 ex
1102 4176 1356 4232 laudibus
1385 4179 1587 4249 quibus
1636 4178 1695 4234 S.
1728 4181 2005 4237 Andream

428 4266 672 4321 cumulat
703 4268 756 4325 in
778 4281 991 4323 canone
1019 4283 1181 4338 quem
1212 4269 1282 4324 de
1315 4270 1434 4341 ipso
1461 4271 1833 4339 concinnavit,
1861 4282 1916 4330 et
1944 4291 2011 4333 ea

426 4373 538 4427 quo
561 4356 790 4413 inferius
820 4359 1049 4424 plurima
1080 4360 1437 4430 proferimus.

500 4449 591 4505 33.
655 4449 901 4506 Eductus
969 4460 1055 4507 est
1113 4450 1172 4508 S.
1219 4454 1467 4508 Andreas
1517 4471 1550 4509 θ
1600 4471 1823 4513 carcere
1886 4474 2009 4523 suo,

427 4556 591 4606 quem
621 4541 822 4599 Phiala:
854 4542 1023 4599 fuisse
1047 4544 1420 4601 verosimiliua
1441 4547 1704 4613 diximus,
1732 4548 1801 4604 ad
1828 4534 2005 4619 impe;
2031 4548 2085 4607 D

430 4645 692 4698 ratorem,
727 4646 786 4689 et
807 4650 993 4691 coram
1027 4650 1095 4690 eo
1131 4637 1428 4706 imaginum
1460 4640 1866 4696 venerationem
1903 4642 2005 4697 iteo

431 4743 553 4785 rem
588 4728 851 4784 audacter
882 4727 1076 4790 tuitus.
1109 4742 1139 4781 a
1177 4728 1380 4797 palatio
1411 4729 1469 4783 8.
1501 4729 1793 4786 llainantis
1827 4732 1881 4785 in
1912 4748 2008 4786 ur-

429 4820 559 4877 bem
611 4818 858 4889 pertrahi
910 4821 1134 4891 jubetur
1162 4821 1241 4889 (in
1293 4823 1466 4885 Artis,
1498 4838 1651 4876 num.
1699 4824 1766 4877 Μ
1797 4832 1852 4879 et
1894 4823 2006 4893 lli),

430 4928 670 4982 cumque
698 4914 768 4969 ad
793 4913 968 4968 forum
996 4912 1156 4969 Bovis
1185 4914 1544 4984 pervenisset,
1575 4925 1778 4969 terram
1810 4915 2012 4985 tibique

433 5005 673 5073 irrigans
685 5020 905 5069 cruore,
933 5005 1007 5059 ibi
1028 5020 1059 5059 a
1077 5006 1347 5074 piscatore
1360 5005 1596 5073 quodam
1617 5005 1753 5074 pede
1787 5005 2012 5061 dextero

432 5098 704 5161 abscisso,
749 5100 991 5153 animam
1035 5097 1147 5153 Deo
1190 5097 1432 5181 tradidit.
1481 5096 1652 5163 Quod
1687 5114 1812 5154 cum
1847 5099 2014 5154 vidis.

434 5198 583 5252 sent.
625 5190 721 5262 qui
771 5205 903 5246 eum
951 5190 1262 5252 trahebant,
1323 5189 1378 5244 in
1428 5189 1608 5245 locum
1653 5190 2012 5247 foedissimum

436 5283 691 5341 exanime
754 5299 957 5355 corpus
1009 5284 1313 5355 proiecere.
1376 5285 1505 5340 Haec
1538 5299 1602 5339 ex
1659 5287 2016 5357 sequentibus

514 5468 667 5538 (ias)
691 5467 843 5538 Anal.
868 5467 1069 5529 Gr;ec.,
1095 5483 1151 5538 ιι.
1182 5466 1287 5521 soo
1316 5478 1367 5521 et
1395 5466 1520 5521 5n.

516 5537 761 5620 (ῈΞᾏΡἘ
798 5537 1219 5620 θὲνίὲυῐῦἳθδο
1263 5607 1357 5620 .-η
1439 5616 1448 5620 -
1502 5616 1511 5620 -
1574 5608 1588 5620 .
1746 5608 1779 5620 ..

520 5610 668 5683 (154)
703 5608 768 5664 T.
814 5608 879 5664 tu
922 5608 1106 5670 Mm.
1157 5625 1210 5678 p.
1260 5607 1359 5663 165
1400 5616 1452 5662 et
1497 5616 1535 5664 t.
1574 5608 1589 5663 ι
1634 5608 1803 5672 Junii,
1841 5629 1893 5683 ρ.
1934 5613 2015 5677 l7,

442 5682 1064 5831 “thoraca-.85-
1334 5819 1344 5831 .
1798 5800 1801 5803 -

520 5823 667 5894 (l36)
700 5819 906 5894 Gyllius
937 5821 1176 5894 Topogr.
1213 5819 1394 5890 l'poL,
1429 5820 1522 5875 lib.
1559 5837 1616 5888 ll,
1651 5839 1770 5895 cap.
1802 5840 1862 5878 ti.

2110 3347 2507 3416 Metapbrastes
2546 3360 2698 3400 num.
2732 3343 2830 3409 15,
2862 3353 2918 3398 et
2960 3344 3325 3414 synaxaristes
3364 3343 3696 3399 Meiiaeorum

2109 3439 2168 3495 S.
2192 3438 2465 3493 Andream
2491 3438 2546 3491 in
2570 3436 2755 3491 locum
2772 3434 3142 3490 malebcnrum
3162 3435 3465 3504 projectum
3484 3434 3694 3493 dicunt.

2107 3538 2164 3585 et
2218 3530 2361 3583 inter
2410 3541 2701 3596 corporum
2760 3525 3072 3596 congeriem
3147 3533 3452 3593 repertum;
3506 3540 3695 3581 verum

2110 3620 2478 3689 Theophanes
2500 3627 2688 3688 aperte
2715 3617 2928 3686 Pelagia
2953 3615 3154 3670 indicat
3185 3617 3371 3685 (supra
3399 3631 3554 3670 num.
3582 3616 3695 3689 lt).

2109 3713 2221 3773 Cur
2262 3721 2447 3767 autem
2485 3710 2673 3767 eadem
2721 3708 2968 3778 sepulcra
3013 3723 3121 3762 non
3152 3706 3375 3778 Pelagii,
3407 3708 3501 3762 sed
3538 3708 3698 3763 Pela-

2110 3807 2233 3877 giae,
2277 3803 2377 3871 τῆς
2425 3803 2588 3868 his;
2626 3800 2914 3866 Πελαγίας.
2948 3799 3017 3865 ab
3062 3786 3335 3868 aliquibus
3375 3798 3517 3854 dicta
3562 3799 3697 3861 sint.

2111 3896 2402 3965 diligenter
2449 3892 2674 3962 inquirit
2721 3891 3030 3963 Januingus
3073 3890 3128 3945 in
3176 3890 3329 3946 Actis
3375 3889 3430 3945 S.
3468 3891 3699 3962 Pelagia:

2112 3984 2471 4049 Antiocheam
2523 3982 2702 4055 (ΗΟ),
2744 3996 2847 4038 uec
2904 3981 3324 4051 explicationem
3373 3980 3583 4052 Cangii,
3629 3980 3705 4037 ad

2114 4087 2321 4140 calcem
2350 4081 2649 4137 Annalium
2688 4081 2915 4134 Zonara:
2955 4089 3033 4133 tra
3059 4079 3229 4141 Iitam,
3273 4077 3484 4133 admitti
3515 4086 3694 4148 posse.

2116 4182 2265 4231 recte
2297 4173 2501 4229 ibidem
2528 4172 2759 4228 evicisse
2780 4171 3016 4225 videtur.

2258 4287 2286 4359 §
2316 4284 2405 4342 IV.
2435 4285 2494 4340 S.
2528 4286 2754 4340 Andreae
2798 4283 3055 4359 religatur,
3102 4281 3385 4345 miracula,
3416 4281 3560 4338 locus

2754 4355 3064 4425 sepultum.

2191 4474 2283 4530 δι.
2307 4471 2523 4540 Corpus
2551 4468 2611 4522 S.
2650 4466 2880 4522 Andrea
2907 4464 2963 4518 in
2992 4462 3220 4534 Pelagiis
3250 4478 3348 4532 per
3377 4461 3702 4518 miraculum

2117 4574 2389 4635 repertum
2422 4576 2483 4613 ac
2513 4575 2543 4612 a
2580 4557 2793 4611 esi-teris
2819 4556 3138 4617 diseretum,
3158 4569 3186 4606 a
3214 4553 3318 4622 piis
3347 4553 3476 4607 viris
3509 4553 3702 4608 inloco

2117 4662 2310 4709 sancto
2337 4648 2511 4703 Crisis
2536 4645 2848 4715 depositum
2880 4651 3001 4705 est;
3035 4643 3339 4729 atque.hoc
3384 4641 3602 4710 quidem
3633 4655 3699 4696 ex

2117 4742 2291 4803 Actis,
2322 4748 2381 4793 ut
2419 4737 2594 4801 alunt,
2642 4731 3026 4802 anepigraphis
3069 4745 3223 4785 num.
3280 4729 3365 4794 l6,
3391 4729 3700 4801 insequenti

2119 4841 2283 4890 nocte
2314 4830 2517 4887 factum
2568 4842 2691 4883 esse
2723 4825 2960 4880 videtur.
2998 4822 3318 4876 Miraculum
3352 4830 3535 4876 tamen
3561 4836 3700 4891 prai-

2121 4927 2367 4988 citatum,
2396 4923 2540 4994 quod
2574 4918 2969 4989 Metaphrastes
2990 4925 3047 4970 et
3073 4914 3273 4969 Menaza
3315 4928 3513 4967 excusa
3560 4912 3703 4968 refe—

2122 5028 2271 5083 runt,
2301 5019 2356 5072 in
2387 5016 2581 5071 iisdem
2628 5011 2778 5068 Actis
2820 5024 2930 5064 non
2961 5015 3268 5076 comparet,
3302 5005 3398 5061 sed
3441 5008 3701 5061 omittunt

2126 5120 2359 5172 tantum,
2387 5123 2451 5163 ac
2480 5107 2614 5161 nihil
2644 5104 2928 5158 dissonum
2955 5099 3164 5155 addunt
3194 5097 3339 5167 quod
3374 5111 3497 5151 cum
3531 5095 3704 5151 Meta-

2124 5204 2347 5274 phraste
2379 5198 2632 5269 componi
2660 5211 2768 5250 non
2804 5193 3001 5265 possit.
3021 5191 3088 5245 Et
3119 5190 3237 5244 huic
3261 5197 3346 5242 est
3374 5188 3543 5242 altera
3563 5186 3704 5240 ratio

2125 5311 2225 5352 cur
2268 5293 2401 5349 Acta
2440 5292 2528 5346 illa
2573 5288 2727 5359 Cpoli
2769 5286 2968 5354 scripta
3015 5298 3126 5337 non
3179 5281 3348 5337 fuisse
3390 5278 3703 5339 videantur.

2196 5471 2436 5560 (εδ-ηε.
2474 5469 2563 5527 vn
2605 5469 2752 5538 Maji.
2787 5484 2838 5538 ρ.
2885 5467 2976 5532 ss,
3023 5482 3079 5519 ιι.
3136 5466 3201 5518 ie
3249 5470 3372 5518 ett.
3412 5461 3454 5515 ιι
3502 5461 3729 5531 smn,-

2130 5564 2183 5618 p.
2210 5545 2266 5607 4,
2295 5559 2354 5598 n.
2386 5545 2439 5597 3.
2814 5610 2823 5619 _

2204 5613 2351 5688 (εξξς)
2380 5609 2647 5688 Manipul.
2673 5609 2898 5688 Cpohtn
2931 5624 2986 5688 η.
3018 5605 3108 5660 20.

2204 5673 2352 5752 (159)
2380 5683 2440 5737 ι».
2471 5673 2550 5736 ιϐ’
2587 5681 2642 5742 d,
2673 5673 2807 5733 edit.
2853 5673 3038 5738 l’aris;
3077 5677 3159 5730 cfr
3204 5675 3465 5747 Analecta
3488 5673 3700 5739 Grzeca,

2130 5772 2185 5827 p.
2211 5753 2314 5811 519
2337 5765 2393 5809 et
2421 5752 2543 5806 520.
3378 5788 3383 5791 »

2208 5824 2352 5897 (MO)
2387 5821 2449 5876 Τ.
2477 5823 2520 5876 ll
2546 5819 2709 5882 Junii,
2744 5834 2796 5890 p.
2836 5817 2958 5886 ua,
2990 5833 3049 5872 η.
3075 5816 3150 5871 25
3171 5826 3218 5872 ct
3248 5829 3402 5884 sum;
