4110 6456
467 399 600 458 ῙὶίΠ

469 607 923 678 liymnographus
953 622 1098 661 anno
1121 609 1225 663 814
1249 609 1363 678 jam
1397 611 1549 679 Cpoli
1577 613 1881 668 sacerdotio
1915 613 2040 668 fun-

467 715 601 769 gens
635 699 804 770 (Ml),
823 714 884 754 ac
913 699 1112 754 smculo
1133 701 1378 768 sequenti
1414 700 1808 772 Melaphrastes
1835 706 2042 776 magni-

467 793 571 846 ﬁce
617 792 902 854 extollunt,
955 791 1163 846 nullum
1208 809 1271 846 ea
1324 806 1774 859 commemorent,
1825 808 1920 853 aut
1974 799 2043 853 de

468 881 574 935 illis
611 894 680 933 ne
727 880 950 934 verbum
991 882 1208 948 quidem
1256 882 1551 950 proferant.
1610 883 1664 938 Si
1713 892 1856 939 enim
1889 887 2040 957 Cpoli

467 972 704 1039 scriptor
743 971 1000 1026 Actorum
1051 973 1312 1044 (legisset,
1344 991 1448 1028 non
1499 993 1564 1030 eo
1608 978 1768 1032 modo
1808 980 2041 1048 patroci-

467 1065 616 1118 nium
653 1063 708 1117 S.
759 1063 990 1119 Andreae
1047 1066 1152 1119 sibi
1195 1077 1522 1135 apprecatus
1571 1069 1734 1128 foret.
1767 1071 1871 1125 tale
1910 1073 2040 1126 illud

466 1172 668 1226 rogans
718 1157 948 1222 scilicet,
1001 1159 1158 1226 quale
1203 1159 1255 1212 id
1310 1160 1668 1228 experiuntur
1717 1165 1805 1230 qui
1856 1166 2044 1218 coiunt

465 1258 612 1302 tuam
673 1262 884 1302 sacram
939 1247 1259 1303 memoriam
1316 1258 1370 1303 et
1419 1251 1654 1305 loculum
1689 1253 2041 1321 reliquiarum

464 1353 680 1393 tuarum
717 1350 1069 1394 venerantur.
1104 1338 1258 1394 Nunc
1283 1356 1348 1394 ex
1375 1340 1598 1397 Canone
1629 1343 1684 1397 S.
1719 1343 1944 1414 Josephi
1981 1361 2042 1399 ea

464 1428 788 1482 exhibemus
823 1443 945 1496 qua:
974 1427 1030 1482 S.
1068 1429 1299 1482 Andreae
1328 1426 1590 1484 miracula
1622 1430 2040 1497 commendant;

463 1519 560 1574 sed
582 1519 821 1572 ultimam
842 1518 1010 1573 Odam
1040 1519 1126 1572 cui
1153 1519 1620 1591 hymnographus,
1644 1520 1698 1574 in
1727 1531 2044 1591 perpetuam

464 1613 837 1666 venerations
883 1628 992 1666 sua:
1044 1614 1384 1677 memoriam,
1431 1631 1630 1669 nomen
1684 1630 1779 1684 per
1819 1616 2048 1670 acrosti-

465 1705 685 1759 chldem
733 1707 978 1758 intexere
1007 1704 1206 1768 suevit,
1236 1706 1502 1773 integram
1535 1708 1820 1774 vertimus,
1856 1708 2045 1762 eadem

467 1794 834 1848 acrostichide
865 1804 1101 1850 servata.
1131 1795 1452 1850 Advertisse
1502 1797 1665 1851 etiam
1711 1799 1932 1868 juverit,
1969 1799 2045 1854 uti

464 1896 758 1955 postrema:
789 1886 916 1941 huic
950 1886 1097 1951 Odm,
1127 1887 1200 1940 ita
1233 1888 1448 1942 ueteris
1471 1889 1725 1943 omnibus
1770 1905 2040 1946 annexum
2077 1873 2122 1933 Β

465 1994 588 2033 esse
625 1977 984 2033 Theotoeium
1025 1995 1120 2034 seu
1157 1980 1484 2034 versiculum
1526 1981 1582 2034 iu
1621 1983 1884 2035 honorem
1919 1982 2048 2037 Dei-

465 2085 633 2137 parte,
666 2070 810 2137 quod
855 2070 960 2138 iam
1014 2080 1141 2125 ante
1187 2070 1490 2140 Josephum
1547 2071 1828 2126 factitabat
1873 2072 2049 2127 Theo-

467 2161 700 2229 phanes,
731 2161 930 2229 aliique
961 2162 1354 2231 hymnographi
1385 2161 1560 2217 Graeci
1587 2181 1599 2228 ;
1632 2174 1687 2217 ut
1718 2164 1789 2218 ita
1829 2163 2049 2229 planum

473 2255 789 2320 ﬁatquanta
822 2250 1019 2317 Grreci,
1057 2268 1083 2303 a
1122 2252 1362 2307 Itoniana
1409 2258 1536 2310 sede
1569 2256 1800 2309 necdum
1830 2257 2048 2321 divulsi,

469 2350 691 2408 quanta,
721 2341 964 2409 inquam,
1009 2344 1058 2396 in
1092 2343 1149 2400 Β.
1189 2343 1461 2414 Virginem
1517 2345 1804 2401 devmione
1846 2347 2053 2414 pollue-

473 2436 605 2488 rint.
666 2433 740 2487 Ex
793 2433 878 2488 his
921 2434 1164 2489 Canticis
1215 2448 1530 2504 esterptum
1592 2448 1674 2491 est
1727 2440 2048 2510 opusculum

471 2522 888 2592 Wangucreckii
946 2527 1114 2578 nostri
1165 2528 1248 2579 cui
1307 2529 1546 2582 titulus:
1585 2529 1763 2585 Pietas
1813 2530 2050 2586 Mariana

471 2615 807 2681 Gl‘tBCOI'Uﬂ),
841 2625 896 2671 et
918 2615 1217 2673 Maraccius
1240 2634 1397 2673 suum
1421 2619 1636 2675 Mariale
1659 2639 1723 2676 ex
1758 2624 1919 2678 unius
1940 2624 2051 2678 fere

474 2705 532 2758 ὃ.
564 2703 788 2774 JOSephi
839 2707 1072 2776 hymnis,
1103 2709 1207 2763 etsi
1257 2710 1510 2777 permulti
1540 2712 1717 2766 adhuc
1766 2713 1820 2767 in
1857 2713 2050 2769 biblio-

473 2796 648 2850 thecis
696 2799 1050 2868 manuscripti
1097 2800 1445 2863 delitescunt,
1490 2805 1820 2860 concinnare
1850 2807 2046 2876 potuit.

471 2887 562 2941 55.
613 2887 830 2942 Sanitas
859 2905 924 2944 ex
971 2901 1021 2945 te
1065 2892 1178 2947 sive
1212 2894 1332 2948 vivo
1363 2895 1562 2961 adhuc,
1596 2897 1710 2951 sive
1753 2898 1864 2966 jam
1907 2915 2051 2953 mor-

548 2993 665 3050 tuo,
691 2995 946 3054 tanquam
988 3002 1050 3041 ex
1085 2987 1233 3041 fonte
1287 2989 1338 3042 in
1373 3001 1603 3058 aegrotos
1647 2990 1851 3056 defluit,
1886 2993 2049 3047 verbo

545 3071 732 3125 divino
759 3083 975 3142 potens,
1009 3086 1194 3129 sancte
1226 3079 1466 3145 Andrea,
1497 3079 1586 3148 qui
1625 3080 1848 3149 spiritus
1871 3081 2048 3150 impu-

1760 402 2044 462 MENSIS
2082 401 2421 468 OC'I'OBER

465 516 614 583 quod
671 515 883 570 scilicet
932 531 996 570 ex
1047 524 1125 570 tot
1169 517 1466 580 miraculis,
1517 535 1636 588 qua:
1672 518 1732 573 S.
1769 518 2042 590 Josepbus
2073 522 2117 577 A

3588 414 3714 480 1108

2218 527 2310 596 qui
2356 543 2384 579 a
2439 524 2659 580 Christo
2693 526 2802 580 Deo
2859 536 3047 580 nostro
3098 527 3450 582 curationum
3491 531 3714 598 gratiam

2213 619 2425 674 caelitus
2453 618 2726 688 accepisti.
2755 617 2862 674 Ode
2900 619 2953 683 8,
2983 630 3049 676 Ir.
3082 619 3136 675 3.

2838 732 2945 788 Ode
2982 733 3035 787 9.

2143 823 2294 886 Ideo,
2349 824 2511 879 Pater
2567 835 2774 887 sancte,
2828 841 2992 880 cursu
3045 835 3138 879 tuo
3201 836 3609 890 consummato,
3664 835 3716 880 et

2215 917 2518 971 orthodoxa
2553 915 2656 970 ﬁde
2687 915 3010 971 intemerate
3041 924 3275 979 servata,
3332 916 3462 984 quia
3508 917 3715 969 certasti
3759 898 3776 940 ·’

2216 1009 2475 1078 legitime,
2513 1023 2773 1062 coronam
2814 1007 3088 1073 duplicem
3145 1006 3392 1074 desuper
3439 1006 3714 1074 accepisti,

2216 1109 2274 1152 ut
2318 1109 2520 1169 martyr
2550 1099 2806 1160 invictus,
2840 1107 2900 1151 ut
2931 1107 3110 1151 asceta
3138 1098 3416 1168 egregius.

2145 1189 2493 1244 Odnrifeium
2529 1198 2587 1243 ut
2641 1189 2837 1253 lilium,
2898 1200 2956 1242 ut
3012 1205 3158 1255 rosa,
3212 1189 3405 1253 Pater,
3471 1188 3526 1242 in
3565 1199 3716 1258 prato

2215 1281 2416 1335 divinm
2453 1296 2700 1335 asceseos
2734 1279 2988 1344 ﬂoruisti,
3020 1289 3078 1332 ut
3107 1280 3318 1333 cedrus
3365 1294 3534 1332 suave
3563 1280 3717 1333 redo-

2220 1373 2322 1433 les,
2360 1383 2656 1442 martyrum
2698 1372 3042 1440 splendorem
3091 1372 3356 1440 adeptus,
3408 1370 3565 1426 beate
3614 1372 3719 1424 An-

2218 1467 2371 1529 drea,
2400 1465 2789 1521 monachorum
2826 1465 3019 1520 decus.

2147 1558 2330 1628 Signis
2362 1567 2414 1612 et
2457 1558 2722 1626 portentis
2775 1557 2976 1611 merito
3019 1555 3279 1618 celebris,
3333 1556 3574 1608 omnium
3622 1556 3717 1608 sub

2221 1651 2397 1707 oeulis
2430 1649 2828 1703 indissolubilis
2876 1664 3087 1712 manes,
3133 1649 3296 1702 beate
3345 1647 3581 1712 Andrea,
3632 1647 3716 1716 qui

2223 1753 2463 1798 mentem
2495 1741 2770 1796 illuminas
2830 1741 2934 1796 ﬁde
2977 1739 3193 1795 ardenti
3240 1739 3556 1795 adeuntium
3593 1751 3639 1794 te
3666 1747 3713 1794 et

2221 1835 2612 1906 gratulantium
2645 1834 2767 1887 tibi.

2154 1929 2293 1982 Ecce
2345 1928 2490 1982 diem
2540 1927 2795 1980 festivum
2837 1934 2888 1978 et
2922 1935 3168 1980 sanctam
3241 1925 3716 1993 suavissimamque

2219 2022 2538 2076 memoriam
2573 2027 2720 2072 tuam
2756 2019 3098 2074 celebrantes
3152 2019 3345 2083 hodie,
3398 2018 3514 2082 tibi,
3543 2020 3715 2084 Pater,

2217 2129 2341 2167 cum
2377 2111 2573 2166 ﬁducia
2607 2110 2904 2180 clamamus
2943 2110 3167 2164 :Sacris
3218 2111 3286 2164 ad
3321 2111 3488 2165 Deum
3539 2125 3713 2179 preca-

2221 2203 2462 2258 tionibus
2490 2201 2619 2264 tuis,
2655 2201 2722 2256 ab
2753 2201 2900 2256 omni
2923 2201 3312 2257 vicissitudine
3345 2203 3467 2257 vitze
3495 2202 3711 2256 liberare

2223 2307 2322 2347 nos
2359 2292 2619 2364 digneris.

2761 2406 3115 2461 Theotacium.

2151 2519 2457 2592 Phosphori
2515 2521 2653 2583 veri,
2719 2520 2814 2588 qui
2867 2519 3050 2574 lumen
3127 2520 3257 2574 tulit
3333 2518 3386 2571 in
3468 2517 3710 2572 mundum

2219 2613 2512 2684 splendore
2545 2611 2796 2676 Deitatis,
2823 2623 2878 2666 et
2910 2612 3241 2682 ignorantia:
3279 2611 3527 2665 tenebras
3575 2609 3711 2677 fuga-

2225 2704 2300 2756 vit
2326 2702 2380 2756 in
2409 2719 2610 2767 aevum,
2654 2702 2859 2756 \iscera
2893 2713 3005 2764 tua,
3065 2702 3385 2756 castissima
3423 2701 3594 2772 Virgo,
3625 2700 3711 2753 lia-

2228 2793 2528 2848 bitaculum
2562 2793 2704 2847 facta
2743 2803 2900 2858 sunt;
2937 2793 3058 2848 ideo
3088 2795 3458 2859 gloriﬁcamus
3489 2805 3557 2848 te.

2227 2884 2317 2938 '56.
2383 2882 2480 2936 llic
2528 2883 2883 2937 exscribenda
2933 2883 3120 2938 forent
3189 2884 3561 2954 Metaphrasta:
3605 2896 3709 2934 ver—

2153 2977 2244 3041 ba,
2299 2977 2497 3046 quibus
2567 2985 2818 3040 testatur,
2852 2958 2954 3030 suo
3011 2976 3180 3030 etiam
3245 2989 3512 3046 tempore,
3557 2973 3708 3027 nemi-

2155 3084 2282 3122 nem
2345 3069 2540 3138 morho
2599 3079 2696 3122 aut
2757 3069 2900 3122 man
2959 3069 3335 3139 qualicunque
3400 3078 3703 3136 correptum,
3750 3101 3764 3112 ..

539 3177 632 3217 ros
660 3164 900 3232 depcllis,
941 3175 995 3219 et
1037 3167 1278 3221 Creatori
1312 3179 1403 3223 tuo
1431 3172 1694 3228 inclamas
1728 3192 1741 3227 :
1776 3171 1854 3226 Tu
1901 3172 2052 3228 solus
2075 3201 2122 3264 C
2159 3161 2346 3215 Sancti
2381 3162 2651 3216 tumulum
2681 3161 2880 3216 adiisse
2909 3162 3039 3231 quin
3076 3163 3384 3217 remedium
3436 3160 3561 3264 inde
3577 3167 3705 3264 retu:

542 3269 787 3323 sanctus,
819 3259 1067 3317 Domine.
1097 3263 1204 3319 0de
1237 3265 1291 3330 '5,
1321 3269 1556 3339 tropario
1581 3269 1635 3324 2.

475 3348 656 3405 Suave
702 3351 936 3420 spirans.
971 3356 1139 3410 odore
1183 3358 1469 3426 virtutum,
1499 3361 1589 3415 ubi
1637 3375 1786 3417 nunc
1815 3360 1968 3432 jaces
1996 3363 2050 3416 in

548 3445 818 3513 sepulcro.
869 3448 1029 3504 Pater
1069 3460 1276 3516 sancte,
1315 3453 1521 3506 vultum
1571 3451 1810 3508 lzetiﬁcas
1861 3470 2050 3509 eorum

547 3536 637 3604 qui
671 3539 965 3594 conﬁdenti
997 3543 1160 3596 corde
1183 3543 1260 3596 Te
1289 3543 1637 3598 adeunt.0de
1658 3546 1689 3599 4
1719 3555 1853 3614 trop.
1887 3546 1942 3599 2.

475 3623 694 3681 Pi-ccati
749 3629 1002 3683 tenebras
1049 3629 1408 3693 abhorruisti.
1459 3631 1642 3696 Pater,
1699 3643 1754 3688 et
1806 3635 2053 3692 libidinis

547 3732 743 3786 expers
769 3729 828 3774 ut
864 3720 1084 3775 lucerna
1143 3723 1492 3788 splenduisti,
1538 3725 1628 3794 qui
1690 3726 1755 3780 ad
1799 3737 2051 3784 sanctum

550 3807 818 3862 tumulum
871 3818 1022 3862 tuum
1071 3810 1400 3865 accedentes
1460 3813 1754 3881 Splendore
1816 3816 2055 3871 curatio-

550 3915 701 3960 num,
735 3898 844 3954 Deo
871 3902 1054 3965 dante,
1095 3903 1388 3958 illuminas.
1427 3906 1557 3959 Ode.
1587 3906 1640 3971 5,
1677 3917 1746 3960 tr.
1787 3907 1833 3960 1.

479 3991 572 4045 1)ςί
606 3993 982 4048 habitaculum
1011 3996 1187 4051 factus
1214 4012 1294 4060 es,
1327 3996 1505 4060 Pater,
1535 3999 1628 4068 qui
1658 4012 1844 4055 sancte
1871 4000 2052 4057 vixisti

548 4091 601 4136 et
647 4085 898 4156 pugnasti
941 4085 1191 4154 fortiter;
1234 4104 1384 4144 nunc
1425 4105 1555 4145 vero
1597 4093 1648 4145 in
1694 4103 2051 4150 monumento

541 4173 713 4242 jaces.
765 4177 948 4230 salvus
999 4186 1053 4231 et
1114 4176 1528 4245 indissolubilis,
1587 4190 1912 4238 cunctorum
1952 4184 2052 4240 sol-

551 4281 685 4322 vens
721 4269 941 4322 morbos
978 4269 1235 4324 ﬁdelium.
1269 4271 1376 4325 Ode
1410 4273 1465 4337 5,
1497 4282 1563 4326 tr.
1594 4272 1646 4327 2.
1738 4333 1743 4337 _

475 4357 543 4410 Ut
576 4358 756 4426 magni
793 4359 956 4427 pretii
1011 4359 1303 4414 thesaurus
1340 4361 1717 4430 absconditus,
1769 4365 1942 4422 oculis
1989 4367 2050 4422 fl-

552 4448 778 4514 delium,
820 4449 1002 4514 Pater,
1048 4451 1374 4507 manifestus
1403 4451 1580 4508 factus
1607 4469 1688 4519 es,
1719 4466 1773 4511 et
1810 4457 2045 4513 miracu-

545 4540 610 4593 lis
650 4540 791 4594 ditas
816 4556 1008 4594 omnes
1035 4543 1126 4611 qui
1162 4542 1350 4597 colunt
1383 4554 1456 4599 te.
1486 4545 1594 4601 Ode
1621 4546 1671 4611 6,
1703 4557 1772 4600 Ir.
1805 4549 1856 4603 5.

475 4630 712 4700 Spiritus
745 4641 872 4686 tuus
907 4632 1089 4687 divina
1132 4635 1628 4690 communicatione
1675 4637 2078 4707 prmfolgidus,

547 4723 816 4779 mirabilis
874 4724 1114 4788 Andrea,
1172 4724 1382 4779 stellam
1436 4724 1667 4779 lucidam
1733 4728 1944 4782 cunctis
1999 4739 2051 4784 te

544 4813 813 4872 exhibuit.
857 4824 912 4869 et
957 4815 1160 4884 ubique
1227 4816 1506 4870 miraculis
1561 4816 1802 4873 illustras
1864 4819 2051 4875 ﬁdeles

545 4906 919 4960 collaudantes
955 4915 1025 4960 te.
1060 4907 1166 4961 Ode
1201 4909 1253 4970 7,
1284 4918 1354 4962 tr.
1384 4911 1434 4962 5.

475 4997 675 5051 Ceiitra
711 4997 992 5051 Christum
1046 4997 1100 5051 in
1151 4999 1356 5052 rabiem
1414 4999 1649 5068 abrepti,
1685 5009 1742 5054 ut
1779 5002 1905 5057 fera:
1955 5003 2051 5058 be-

545 5090 664 5142 stite
707 5098 758 5141 te
792 5087 1047 5142 trucidari
1095 5091 1416 5158 jusserunt;
1453 5107 1619 5161 quare
1672 5104 1954 5162 raptantes
1994 5106 2051 5151 et

547 5179 824 5234 caedentes
887 5189 940 5235 te
1001 5181 1054 5233 in
1129 5182 1447 5236 barathrum
1509 5184 1880 5252 projecerunt,
1955 5189 2048 5258 qui

548 5273 622 5328 ita
655 5271 894 5328 veritatis
929 5275 1249 5328 manifestus
1278 5286 1484 5346 martyr
1537 5276 1712 5332 factus
1740 5293 1819 5334 es.
1856 5279 1968 5335 Ode
1994 5282 2049 5347 8,

545 5376 614 5420 tr.
647 5364 702 5418 2.

473 5459 745 5530 Prodigiis
764 5458 969 5523 ﬁdeles,
1007 5449 1262 5529 tanquam
1295 5461 1522 5529 ﬂuento,
1551 5461 1763 5531 irrigas,
1789 5473 1841 5519 et
1869 5465 2046 5536 fugas,

544 5554 628 5608 vir
669 5555 846 5618 beate,
887 5555 1144 5624 nequitiae
1189 5554 1433 5625 spiritus,
1468 5565 1522 5611 et
1567 5557 1853 5628 languores
1882 5559 2047 5626 tollis,

546 5753 693 5824 (lii)
723 5753 783 5824 Τ.
822 5754 839 5807 1
874 5754 1068 5823 April.,
1095 5772 1146 5824 p.
1173 5755 1296 5817 269.
1330 5771 1385 5809 n.
1427 5756 1508 5811 15.

554 5823 697 5892 (ιη)
730 5822 1048 5895 Paehymer,
1080 5822 1118 5880 ιζ
1155 5824 1218 5891 ll,
1255 5841 1308 5897 p.
1338 5826 1404 5879 55
1437 5828 1468 5881 d
1505 5837 1556 5880 et
1580 5826 1704 5881 606.

2159 3255 2320 3319 lerit;
2353 3254 2446 3324 qui
2505 3253 2660 3324 Cpoli
2705 3255 2910 3325 degens
2966 3255 3039 3309 ita
3095 3255 3334 3309 ﬁdenter
3381 3267 3485 3306 non
3538 3249 3705 3304 fuisset

2157 3347 2419 3403 concives
2487 3347 2778 3409 allocutus,
2839 3346 2944 3400 nisi
3021 3345 3410 3414 frequentibus
3457 3336 3705 3394 miraculis

2159 3439 2217 3494 S.
2267 3440 2517 3495 Andreas
2569 3439 2811 3493 ﬁdelium
2867 3438 3124 3508 pietatem
3177 3441 3585 3492 remunerassct.
3618 3427 3704 3480 Ve-

2156 3547 2302 3595 rum,
2339 3533 2425 3586 his
2467 3531 2669 3596 missis,
2698 3545 2822 3585 cum
2861 3530 2911 3582 in
2948 3528 3094 3583 Actis
3122 3529 3246 3598 ejus
3273 3544 3330 3582 n.
3380 3526 3440 3578 17
3475 3521 3566 3591 legi
3599 3533 3704 3588 pos-

2157 3627 2288 3692 sint,
2318 3626 2386 3680 de
2425 3624 2596 3678 Crisis
2651 3623 2774 3679 loco
2804 3622 2893 3676 cui
2948 3637 3166 3676 sacrum
3226 3622 3418 3692 pignus
3461 3612 3699 3669 creditura

2155 3725 2258 3781 est,
2295 3716 2542 3786 qumdam
2580 3715 2911 3785 proferenda
2963 3725 3112 3769 sunt.
3149 3714 3211 3768 In
3265 3713 3412 3766 Actis
3459 3707 3696 3772 utrisque,

2155 3813 2249 3866 Sed
2285 3813 2336 3864 in
2375 3810 2806 3878 Metaphrastteis
2850 3810 3133 3869 disertius.
3173 3808 3330 3862 locus
3379 3804 3465 3858 ille
3505 3805 3700 3853 sanctus

2155 3901 2379 3956 dicitur.
2429 3900 2554 3954 Fuit
2615 3901 2688 3955 ibi
2733 3900 2941 3954 scilicet
2989 3898 3407 3958 monasterium,
3451 3891 3531 3946 cui
3575 3898 3700 3941 anno

2154 3995 2372 4049 circiter
2431 3992 2592 4056 1284,
2647 4007 2714 4046 ex
2771 3990 2982 4045 Possini
3045 3992 3221 4044 nostri
3281 3984 3482 4041 calculo
3545 3975 3692 4073 (lle):

2155 4086 2400 4140 Baulcna
2450 4085 2934 4141 Protovestiarissa
2981 4083 3320 4152 peramplam
3370 4087 3423 4131 et
3469 4067 3692 4140 exquisili

2156 4177 2372 4232 artiﬁcii
2406 4179 2580 4232 tndem
2637 4176 2860 4244 adjecit.
2895 4175 3039 4229 Alibi
3082 4189 3216 4229 vero
3257 4170 3608 4239 Pachymeres,
3637 4170 3693 4209 ex

2155 4270 2406 4340 ejusdem
2436 4269 2653 4325 l‘ossini
2683 4268 3164 4337 interpretatione,
3197 4266 3271 4320 ita
3303 4263 3412 4318 fere
3438 4254 3651 4324 loquitur
3676 4261 3689 4297 :

2154 4362 2364 4416 abdidit
2398 4375 2456 4415 se
2487 4359 2780 4430 Gregorius
2822 4358 3131 4428 patriarcha
3177 4356 3234 4411 in
3285 4341 3691 4409 monasteriolum

2155 4453 2407 4508 Aristium
2435 4452 2662 4514 dictum,
2693 4451 3007 4520 contiguum
3040 4447 3375 4503 monasterio
3409 4443 3464 4495 S.
3492 4433 3689 4491 Androm

2159 4546 2212 4599 in
2269 4544 2435 4608 Crisi,
2471 4543 2726 4598 viciniam
2783 4543 2837 4596 in
2898 4542 3021 4596 talis
3069 4541 3284 4596 delectu
3340 4535 3438 4591 loci
3487 4533 3687 4591 sequens

2155 4635 2660 4691 Protovestiarissze
2684 4632 2961 4688 Raulamze
2999 4633 3050 4686 in
3087 4648 3152 4687 eo
3179 4631 3238 4686 S.
3282 4629 3500 4686 Andreae
3525 4626 3686 4672 mona-

2155 4728 2327 4782 διε-τῖε)
2387 4726 2638 4797 degenlis
2677 4740 2704 4778 a
2759 4741 2866 4794 qua
2914 4725 3149 4794 benigne
3203 4721 3480 4778 fovebatur
3535 4699 3679 4774 (H5).

2153 4821 2294 4876 Num
2335 4821 2498 4890 igitur
2542 4820 2614 4874 ob
2657 4820 2913 4874 viciniam
2971 4819 3234 4873 utriusvis
3274 4818 3488 4870 istorum
3523 4809 3680 4858 ιιιοηειο

2154 4914 2453 4967 sleriorum
2487 4912 2655 4965 Crisis
2677 4912 2829 4965 locus
2851 4921 3094 4972 sanctus,
3113 4911 3223 4978 jam
3255 4908 3375 4962 inde
3402 4907 3575 4954 octavo
3595 4901 3676 4941 5:9-

2153 5004 2278 5058 culo
2305 5006 2448 5057 dicta
2476 5001 2567 5067 sit,
2603 5001 2818 5056 deﬁniri
2854 5017 2962 5055 non
2997 5009 3212 5070 potest;
3271 5010 3371 5052 nos
3427 4988 3572 5044 aliam
3605 4989 3672 5038 aP'

2155 5094 2476 5165 pellationis
2539 5107 2758 5146 causam
2835 5106 2948 5146 non
3017 5090 3340 5144 deteximus.
3411 5074 3664 5165 Porro.”x

2153 5155 2336 5257 priore
2366 5185 2722 5257 Pachymeris
2751 5183 2986 5253 allegato
3014 5183 3136 5237 loco
3173 5179 3446 5237 discimus,
3498 5155 3666 5259 Balli?"

2154 5250 2300 5342 nam,
2341 5250 2597 5332 feminam
2629 5274 2814 5328 multis
2848 5273 2993 5327 tertii
3031 5271 3230 5327 decimi
3261 5260 3437 5323 saeculi
3481 5250 3673 5342 scrtplof

2154 5334 2304 5424 ribus
2335 5368 2690 5429 celebratam,
2724 5365 2782 5418 s.
2813 5365 3042 5418 Andreae
3082 5359 3422 5434 "unanimum

2152 5461 2479 5525 suscitassc;
2515 5458 2603 5513 cui
2651 5457 2919 5512 Maximus
2970 5455 3242 5510 Planudes
3280 5434 3653 5538 ιιιοιιθιιξιιιεςννΔ

2154 5565 2266 5611 lum
2298 5523 2558 5622 temporis
2587 5549 2803 5604 vivebat
2834 5547 2983 5618 (Hi)
3018 5555 3071 5600 et
3099 5562 3163 5601 ex
3213 5527 3506 5608 hiographis
3535 5523 3669 5572 inn0°

2227 5751 2369 5820 (HS)
2407 5753 2532 5808 Loc.
2573 5757 2667 5810 cit.
2701 5769 2754 5823 p.
2796 5762 2864 5816 89
2888 5767 2938 5806 e.

2225 5818 2370 5896 (Hi)
2409 5818 2754 5894 Pachyni-,1.
2788 5838 2836 5878 c.
2865 5838 2919 5891 ι).
2960 5818 3061 5876 166
3088 5834 3136 5875 c.
