4110 6440
355 391 495 459 iii?

1478 399 1657 462 νιτΑ
1690 397 1755 461 S.
1793 400 2128 464 ANDREzE
2169 405 2251 466 IN
2288 405 2518 468 CRISI.

3491 409 3629 473 1113

348 512 455 577 τῆς
509 506 758 576 καρδίας,
822 498 938 574 καί,
990 500 1034 561 ὦ
1079 508 1277 581 Κύριε,
1309 510 1481 564 σῶσον
1528 511 1627 582 δὴ,
1659 507 1707 567 ὦ
1764 513 1936 586 Κύριε

2069 517 2304 581 ιενίευια,
2333 529 2389 575 et
2431 533 2645 583 eorum,
2669 520 2761 589 qui
2803 519 3253 586 circumstabant,
3291 521 3462 577 divisa
3496 526 3636 578 mul-

349 600 624 654 εὐόδωσον
673 599 762 668 δὴ,
823 599 1070 654 ἔπειπών
1098 615 1112 630 ·
1156 605 1236 665 εἰς
1286 602 1488 673 μέσους
1539 604 1735 658 ἑαυτὸν
1780 607 1941 678 ἑπιρο

352 693 540 765 ῥίπτει
589 693 719 755 τοὺς
768 690 1059 756 κινδύνους
1128 695 1223 747 καὶ
1275 694 1339 748 τὸ
1392 694 1505 750 τῶν
1554 696 1942 767 περιεστώτων

352 784 565 852 πλῆθος
594 784 898 854 διατεμὼν,
935 785 1035 839 καὶ⁵
1079 784 1264 840 λαθὼν
1300 787 1424 852 τοὺς
1473 788 1794 854 σοϐοῦντας,
1845 791 1942 844 καὶ

354 875 452 931 ὕπ’
482 875 608 946 ἧψιν
642 875 720 947 τῷ
754 876 973 945 βασιλεῖ
1014 878 1349 947 γενόμενος,
1389 879 1477 934 ἴνα
1522 880 1597 945 τί,
1655 884 1847 952 φησὶν,
1896 877 1945 938 ὦ

352 968 604 1039 βασιλεῦ,
640 971 689 1021 εί
720 970 1047 1037 Χριστιανὸς
1069 959 1141 1034 εἴ,
1166 971 1393 1025 τοιαῦτα
1423 971 1568 1027 κατά
1603 973 1703 1043 τῆς
1734 974 1943 1038 εἰκόνος

351 1059 597 1128 Χριστοῦ
636 1062 734 1113 καὶ
767 1061 879 1113 τῶν
916 1061 1081 1115 αὐτοῦ
1119 1061 1326 1116 δούλων
1354 1065 1595 1137 τεχνάζῃ
1642 1066 1836 1131 κακὰς
1886 1066 1945 1120 Ὀ

356 1152 419 1204 δὲ
446 1152 547 1222 τὴν
576 1153 896 1225 παρρησίαν
934 1152 1143 1225 ταύτην
1174 1156 1277 1208 οὐκ
1309 1154 1553 1225 ἐνεγκὼν
1575 1197 1591 1222 ,
1629 1156 1746 1209 ἀλλ’
1786 1155 1946 1227 ὕϐριν

351 1240 499 1298 εἶναι
548 1245 696 1313 σαφῆ
749 1244 811 1297 τὸ
866 1246 1101 1314 πρᾶγμα
1150 1246 1538 1316 λογισάμενος,
1593 1249 1852 1315 ἑγκὸπτει
1885 1264 1946 1300 τε

351 1336 558 1391 αὐτίκα
605 1337 823 1404 λέγοντι
862 1336 942 1406 τῷ
974 1339 1211 1408 γενναίῳ
1241 1379 1256 1404 ,
1300 1339 1399 1392 καὶ
1434 1339 1722 1393 συλλαϐεῖν
1781 1339 1947 1393 αὑτὸν

350 1431 470 1491 τοῖς
506 1430 821 1499 παρεστῶσι
852 1430 1254 1485 διακελεύεται.
1279 1427 1516 1487 Οὗτοιδὲ
1541 1434 1649 1504 ἀρα
1677 1431 1949 1502 φονώσαις

352 1521 520 1592 χερσὶ
582 1524 678 1574 καὶ
737 1523 990 1593 βαρείαις
1061 1523 1225 1588 εὐθὺς
1289 1526 1730 1596 ἐφορμήσαντες,
1784 1526 1878 1578 καὶ
1922 1525 1950 1576 ὁ

358 1614 463 1681 μὲν
486 1613 534 1644 ³⁸
566 1613 731 1665 αὐτοῦ
769 1614 868 1681 τῆς
895 1615 1145 1682 κεραλῆς
1168 1657 1183 1681 ,
1212 1615 1241 1667 ὀ
1272 1615 1330 1669 δὲ
1360 1616 1410 1649 ⁸⁵
1453 1617 1565 1669 τῶν
1612 1618 1816 1688 χειρῶν
1854 1617 1951 1670 λα-

358 1704 584 1773 ϐόμενοι
617 1719 633 1735 ο
667 1704 819 1759 ἄλλοι
852 1709 954 1775 τῆς
1005 1708 1280 1776 ἐπωμίδος
1307 1720 1323 1738 ο
1366 1708 1462 1762 τοῦ
1506 1711 1834 1779 χιτωνίσκου
1891 1726 1950 1763 τε

354 1797 541 1865 ἕτεροι
597 1796 742 1867 μάλα
796 1797 1148 1868 ὑϐριστικῶς.
1204 1800 1314 1853 Καὶ
1357 1802 1505 1864 ὅπως
1538 1800 1604 1855 ἀν
1629 1801 1676 1833 ⁸⁸
1719 1802 1954 1871 μάλιστα

2043 609 2298 670 titudine.
2330 610 2507 666 latens
2537 626 2652 676 eos,
2687 613 2779 682 qui
2809 611 3122 683 abigebant,
3155 628 3279 668 cum
3311 612 3556 669 venisset
3580 615 3636 670 in

2043 710 2401 773 conspectum
2438 703 2787 773 imperatoris
2816 704 2983 768 :Cur,
3022 705 3220 775 inquit.
3254 720 3287 759 ο
3313 705 3636 774 imperator,

2043 793 2089 849 si
2128 809 2190 849 es
2227 793 2600 860 Christianus,
2632 795 2750 850 haec
2806 797 2949 851 mala
2996 796 3329 852 machinaris
3375 797 3640 854 adversus

2043 883 2246 942 Christi
2279 882 2601 957 imaginem.
2632 887 2830 953 eteius
2861 888 3298 943 servortnnHlle
3328 901 3509 943 autem
3529 903 3639 943 non

2046 975 2231 1031 ferens
2263 977 2404 1031 hanc
2434 978 2688 1048 loquendi
2719 979 3057 1042 libertatem,
3089 980 3185 1035 sed
3220 992 3464 1049 apertam
3513 995 3644 1034 con-

2048 1067 2329 1123 tumeliam
2360 1084 2474 1123 rem
2506 1085 2626 1125 esse
2657 1060 2998 1130 exiSt‘mans.
3029 1074 3342 1140 loquentem
3382 1071 3643 1125 Sanctum

2051 1159 2237 1215 statim
2271 1159 2648 1230 interrun-pit,
2701 1172 2756 1216 et
2778 1163 2935 1232 jubet
2969 1163 3053 1222 iis.
3089 1163 3179 1231 qui
3216 1163 3487 1221 astabant.
3517 1178 3643 1216 eum

2049 1251 2544 1319 comprehendere.
2578 1251 2615 1305 li
2648 1262 2831 1307 autem
2866 1255 3068 1308 caedem
3105 1254 3445 1325 spirantibus
3471 1252 3647 1308 niani-

2054 1346 2153 1399 bus
2179 1346 2232 1398 in
2270 1360 2395 1400 eum
2432 1345 2726 1411 irruentes,
2757 1358 2807 1400 et
2840 1346 2932 1401 alii
2957 1346 3175 1415 quidem
3202 1347 3319 1412 eius
3351 1354 3536 1409 caput.
3558 1343 3649 1399 alii

2051 1444 2234 1490 autem
2270 1453 2465 1491 manus
2487 1437 2990 1508 apprehendentes.
3016 1438 3104 1491 alii
3134 1454 3263 1491 vero
3292 1437 3652 1505 super-hume-

2053 1527 2187 1590 rale,
2218 1537 2269 1580 et
2296 1527 2386 1580 alii
2437 1530 2704 1592 tunicam,
2736 1544 2836 1599 per
2865 1543 3134 1583 summam
3163 1526 3570 1589 contumeliam,
3598 1533 3655 1580 et

2054 1627 2114 1673 ut
2144 1618 2192 1673 ei
2218 1618 2308 1689 qui
2332 1619 2600 1689 iusserat,
2634 1621 2806 1692 magis
2839 1620 3298 1692 gratiﬁcarentur.
3339 1633 3465 1672 eum
3501 1614 3653 1673 humi

2054 1710 2358 1780 dejiciunt.
2418 1712 2509 1781 qui
2569 1724 2687 1768 erat
2727 1715 2914 1769 animo
2968 1712 3231 1767 excelso:
3268 1726 3447 1777 neque
3501 1710 3656 1780 prius

2057 1815 2345 1859 cessarunt
2370 1820 2497 1860 eum
2531 1807 2771 1868 trahere,
2807 1809 2981 1860 donec
3010 1806 3129 1874 ipse
3162 1804 3484 1873 imperator.
3512 1810 3659 1869 post-

358 1888 702 1957 χαρίσωνται
743 1890 825 1959 τῷ
864 1889 1209 1954 κελεύσαντι,
1242 1893 1380 1963 πρὸς
1412 1891 1517 1963 γῆν
1561 1909 1620 1946 τε
1669 1893 1943 1948 καταϐάλ.

2069 1908 2220 1963 quam
2255 1895 2388 1950 satis
2424 1895 2569 1951 ultus
2606 1905 2754 1952 esset
2804 1896 3020 1952 dicendi
3067 1896 3374 1950 libertatem
3411 1893 3652 1951 thletae.

355 1979 638 2050 λουσιτὴν
661 1981 708 2012 ⁸⁸
742 1980 985 2035 διάνοιαν
1035 1982 1244 2054 ὑψηλὸν
1287 1983 1385 2037 καὶ
1420 1983 1482 2037 οὐ
1533 1985 1807 2055 πρότερον
1854 2004 1952 2056 με·

2058 1984 2251 2039 volens
2286 1987 2477 2055 utique
2525 1986 2697 2041 videri
2745 1986 3010 2044 clemens.
3043 1984 3209 2053 jussit
3237 1996 3361 2035 eum
3404 1978 3655 2033 relaxari.

358 2073 555 2129 θίεσαν
605 2076 879 2142 ἕλκοντες,
929 2078 1039 2142 ἓως
1092 2078 1257 2144 αὐτὸς
1312 2081 1340 2134 ὁ
1394 2081 1650 2149 βασιλεὺς
1691 2084 1832 2151 μετά
1895 2082 1956 2136 τὸ
1988 2086 2303 2156 ἀμύνασθαι
2334 2090 2709 2160 ἀποχρώντως
2765 2090 2866 2159 τὴν
2915 2086 3232 2161 παρρησίαν
3273 2085 3369 2139 τοῦ
3395 2080 3656 2156 ἀθλητοῦ,

368 2168 469 2220 καὶ
507 2166 893 2239 φιλάνθρωπος
936 2170 1099 2239 δῆθεν
1140 2171 1373 2243 ὀφθῆναι
1430 2172 1796 2242 βουλόμενος,
1835 2174 2097 2249 ἀνεθῆναι
2133 2179 2328 2235 τοῦτον
2368 2183 2681 2239 ἐκέλευσεν.

441 2258 524 2314 Il'.
574 2260 886 2330 Ἐγγύτατα
926 2261 981 2316 δὲ
1020 2262 1246 2333 ἀγαγὼν
1293 2267 1389 2318 καὶ
1423 2266 1959 2338 παραστησάμενος,

362 2354 458 2407 ἴνα
491 2352 741 2422 φοϐήσας
771 2354 1041 2425 πρότερον
1074 2354 1385 2426 ἀγριότητι,
1424 2357 1615 2411 ἔπειτα
1663 2362 1731 2431 τῇ
1780 2362 1959 2431 πραό-

361 2463 492 2516 τητι
532 2445 707 2517 κλέψῃ
742 2461 756 2475 ’
781 2446 947 2499 πόθεν
986 2464 1089 2512 σοι,
1126 2451 1313 2518 φησὶν,
1345 2450 1380 2518 η
1414 2449 1654 2521 τοσαύτη
1678 2451 1959 2521 θρασύτης

367 2540 469 2593 καὶ
519 2538 729 2609 ἀμαθία
764 2539 840 2601 ὡς
876 2538 971 2591 καὶ
1010 2538 1313 2608 βασιλικοῖς
1353 2542 1776 2611 προστάγμασιν
1808 2542 1960 2600 ἀντι-

362 2633 589 2701 λέγειν,
621 2632 717 2685 καὶ⁵
751 2632 841 2686 ὑπ’
878 2632 1002 2702 ὄψιν
1043 2633 1105 2685 οὐ
1154 2632 1297 2685 κατὰ
1347 2633 1540 2701 καιρὸν
1589 2632 1784 2698 οὕτως,
1838 2632 1961 2686 οὐδὲ

369 2725 516 2798 μετά
541 2726 701 2794 λόγου
729 2723 1216 2797 παρρησιάζεσθαι
1243 2738 1256 2753 ⁶
1282 2723 1401 2777 ἀλλ’
1429 2724 1506 2787 ὼς
1537 2725 1682 2778 ἔοικε
1707 2763 1722 2789 ,
1755 2724 1960 2793 τρόπον

362 2819 496 2873 τινὰ
537 2817 821 2888 γνώριμος
872 2821 1007 2888 ἡμῖν
1052 2816 1311 2886 γενέσθαι
1360 2815 1714 2887 βουλόμενος,
1740 2818 1835 2870 ἐπὶ
1863 2814 1962 2887 τὴν

366 2914 633 2982 τοιαύτην
662 2908 828 2982 ἦλθες
854 2911 993 2964 ὁδον.
1029 2911 1187 2980 Ἔχει
1220 2905 1315 2964 οῦν
1351 2928 1435 2963 σοι
1465 2911 1639 2981 πέρας
1667 2909 1729 2962 τὸ
1764 2909 1963 2979 βούλη-

374 3024 492 3075 μα,
532 3006 627 3059 καὶ
668 3005 747 3068 είς
791 3003 959 3057 καλὸν
1008 3003 1036 3055 ὁ
1076 3002 1277 3065 σκοπὸς
1307 3002 1643 3072 τελευτήσει.
1681 3003 1861 3056 Μόνον
1893 3003 1962 3071 τῇ

368 3099 621 3170 ⁴ἡμετέρᾳ
654 3096 984 3166 συμφρονῶν
1017 3097 1062 3129 ⁸⁷
1094 3097 1185 3149 ἔσο
1211 3096 1438 3168 γνώμῃ,
1501 3097 1596 3150 καὶ
1637 3095 1698 3148 τὸ
1732 3096 1876 3149 πάνυ
1911 3095 1960 3128 ⁵³

2135 2270 2275 2329 Vill.
2304 2274 2440 2329 Cum
2466 2285 2649 2332 autem
2680 2276 2929 2346 proxime
2959 2273 3341 2329 adducendum
3369 2281 3426 2327 et
3460 2271 3663 2325 sisten-

2059 2368 2188 2425 dum
2222 2377 2490 2434 curasset,
2525 2378 2605 2430 ut,
2628 2384 2753 2423 cum
2786 2381 2913 2421 eum
2943 2367 3094 2436 prius
3121 2366 3411 2419 terruisset
3431 2361 3663 2424 saevitia,

2060 2459 2259 2516 deinde
2308 2461 2474 2514 etiam
2522 2459 2769 2514 allici-ret
2820 2455 3297 2512 mansuetudine:
3353 2452 3662 2518 Undenam.

2061 2549 2264 2619 inquit,
2304 2561 2389 2605 est
2433 2558 2579 2603 tanta
2624 2548 2719 2602 tibi
2767 2548 2995 2601 audacia
3031 2556 3086 2601 et
3122 2544 3363 2609 inscitia,
3395 2552 3455 2597 ut
3491 2542 3667 2614 jussis

2062 2656 2337 2711 repugnes
2374 2640 2745 2712 imperatoris,
2782 2650 2837 2695 et
2862 2655 3048 2694 coram
3081 2654 3149 2692 eo
3174 2637 3663 2703 intempestive,“

2062 2733 2199 2788 citra
2243 2733 2407 2787 ullam
2459 2734 2726 2786 rationem
2763 2730 2935 2786 libi-re
2961 2729 3168 2800 quaevis
3205 2728 3488 2799 loquaris?
3547 2725 3657 2781 Sed

2064 2833 2125 2879 ut
2149 2825 2388 2887 videtur,
2422 2823 2612 2879 volens
2643 2823 2828 2893 aliquo
2856 2823 3018 2877 modo
3049 2822 3206 2877 nobis
3229 2829 3393 2874 notus
3424 2818 3663 2873 evadere

2065 2920 2205 2974 banc
2228 2919 2367 2972 viam
2408 2918 2691 2988 ingressus
2736 2933 2814 2973 es.
2846 2915 3110 2969 Voluntas
3150 2916 3338 2984 itaque
3372 2925 3462 2967 tua
3496 2912 3670 2966 dedu-

2066 3019 2153 3064 cta
2180 3016 2264 3064 est
2291 3007 2357 3062 ad
2386 3007 2665 3069 eli'ectum.
2694 3016 2751 3062 et
2800 3016 2927 3061 tuus
2953 3005 3049 3060 tibi
3082 3016 3228 3060 recte
3257 3004 3514 3059 succedet
3548 3017 3671 3056 sco—

2070 3117 2195 3172 pus.
2221 3097 2518 3155 dummodo
2543 3098 2831 3153 sententiae
2855 3108 3058 3151 nostrae
3088 3095 3430 3159 assentiaris,
3463 3104 3516 3147 et.
3549 3107 3670 3161 quae

368 3191 549 3263 ὀρθῶς
584 3191 707 3263 ἔχον
745 3191 903 3247 τοῦτο
933 3195 1098 3258 σέσας
1139 3193 1440 3264 ὁμολογῶν,
1485 3193 1581 3247 καὶ
1619 3192 1742 3247 τότε
1781 3193 1959 3247 πάντα

2070 3193 2226 3248 valde
2265 3200 2415 3246 recte
2463 3205 2523 3245 se
2557 3189 2738 3256 habet,
2770 3188 3082 3244 conﬁtearis
3128 3186 3467 3256 religionem.
3515 3183 3671 3238 Tunc

376 3301 465 3339 σοι
505 3287 575 3339 τὰ
620 3286 763 3339 κατά
807 3282 1040 3356 γνώμην
1090 3284 1205 3356 ἔχει
1269 3285 1475 3351 καλῶς.
1531 3284 1677 3357 Πρὸς
1732 3283 1905 3338 ταῦτα
1936 3285 1965 3339 ὁ

376 3378 695 3448 θαυμαστὸς
735 3378 1028 3449 Ἀνδρέας,
1065 3380 1128 3433 ού
1169 3378 1474 3448 θρασύτητι
1520 3378 1801 3447 κινηθεὶς,
1844 3378 1966 3432 οὐδὲ

376 3472 592 3542 ἀμαθίᾳ
619 3471 688 3536 ⁶⁹,
719 3470 942 3541 βασιλεῦ
964 3513 978 3534 ,
1015 3470 1121 3541 ἔφη
1149 3513 1162 3534 ,
1194 3471 1317 3524 οὐδὲ
1343 3471 1491 3534 ὅπως
1526 3488 1609 3523 σοι
1640 3471 1734 3523 καὶ
1776 3469 1855 3540 τῷ
1889 3468 1969 3538 σῷ

378 3563 580 3634 κράτει
604 3563 913 3633 γνωσθείην
935 3565 1015 3626 εἰς
1042 3562 1202 3616 τοῦτο
1226 3542 1534 3633 ἦλθονέγώ
1563 3579 1578 3594 ⁶
1622 3563 1675 3615 τί
1706 3563 1815 3633 γάρ
1846 3563 1970 3631 ἐμοὶ

382 3657 481 3711 καὶ
512 3658 623 3713 τοῖς
654 3659 803 3724 σοῖς;
844 3656 1073 3732 Ἐπίσοης
1103 3657 1159 3710 δὲ
1193 3655 1411 3717 πάντως
1458 3657 1575 3709 ἐστὶ
1613 3655 1710 3710 καὶ
1735 3657 1845 3718 τοῖς
1876 3654 1970 3708 τοῦ

381 3749 597 3817 κόσμου
623 3751 800 3802 εἰπεῖν
821 3766 835 3781 ο
859 3741 903 3817 ᾧ
936 3749 1105 3802 πάλαι
1136 3748 1235 3816 μὲν
1259 3748 1334 3812 ὡς
1369 3749 1503 3819 ὄναρ
1530 3747 1602 3802 τά
1630 3748 1725 3802 τοῦ
1762 3748 1971 3817 κόσμου

386 3840 801 3911 κατεφρονήθη,
838 3841 992 3909 φίλον
1018 3841 1076 3895 δὲ
1110 3839 1274 3912 μόνον
1305 3841 1526 3912 ἡσυχία,
1552 3842 1648 3894 καὶ
1673 3840 1751 3910 τῷ
1771 3840 1821 3872 ⁸⁸
1851 3841 1973 3893 κατ’

392 3937 533 3990 ίδίαν
573 3934 652 4004 τῷ
698 3936 1024 4006 ποθουμένῳ
1078 3934 1469 4001 συγγίνεσθαι,
1507 3933 1623 3988 ἀλλ’
1683 3933 1809 3987 ἐπεὶ
1846 3934 1976 4001 περὶ

387 4030 490 4100 τὴν
509 4028 552 4059 ⁸⁸
586 4027 871 4098 ὀρθὸδοξον
901 4028 1084 4081 πίστιν
1107 4025 1350 4099 νεώτερά
1367 4043 1426 4080 σε
1441 4028 1660 4097 φρονεῖν
1681 4025 1972 4096 ἀνὲμαθον,

389 4121 490 4177 καὶ
516 4122 615 4191 τῆς
648 4121 780 4192 περὶ
810 4122 906 4185 τὰς
947 4121 1100 4183 θείας
1135 4121 1354 4182 εἰκόνας
1380 4122 1543 4190 τιμῆς
1569 4117 1977 4187 ἀποστεροῦντα

390 4213 760 4285 Χριστιανούς
796 4229 813 4246 ⁸
852 4214 947 4269 καὶ
986 4213 1162 4285 ταύτῃ
1220 4212 1559 4284 θορυσοῦντα
1623 4211 1723 4283 μὲν
1761 4212 1823 4265 τὸ
1875 4212 1979 4264 ὐπ-

390 4306 580 4375 ήκοον,
640 4305 1073 4375 ἐπι-ταράττοντα
1112 4304 1169 4357 δὲ
1215 4305 1309 4358 καὶ
1337 4304 1436 4375 τὴν
1484 4303 1839 4371 Ἐκκλησίαν,
1881 4302 1980 4374 οὐχ

393 4391 510 4461 οἷός
560 4415 620 4453 τε
669 4398 941 4468 ἐγενόμην
974 4399 1075 4468 τὴν
1117 4399 1337 4453 ἀδικίαν
1376 4395 1585 4466 ταύτην
1628 4395 1979 4464 ὑπενεγκεῖν,

398 4489 539 4546 ἀλλά
563 4490 660 4543 καὶ
683 4488 924 4561 πατρίδα
953 4489 1046 4543 καὶ
1075 4489 1310 4552 οίκείους
1339 4485 1645 4549 ἀπολιπὼν,
1671 4487 1767 4540 καὶ
1787 4485 1985 4539 τοσαύ-

2070 3300 2308 3355 namque
2342 3284 2437 3339 tibi
2481 3283 2667 3337 omnia
2699 3284 2956 3338 evenient
2984 3297 3051 3338 ex
3102 3278 3403 3335 sententia.
3441 3278 3521 3332 Ad
3553 3277 3670 3332 hac

2072 3375 2319 3430 Andreas
2349 3373 2439 3428 ille
2474 3370 2812 3427 admirabilis
2840 3390 2853 3426 :
2880 3370 3000 3425 Non
3050 3369 3249 3437 inquit.
3285 3365 3536 3425 audacia.
3567 3378 3671 3420 nec

2073 3465 2292 3521 inscitia
2337 3474 2543 3527 motus,
2575 3480 2608 3517 ο
2667 3465 2989 3531 imperator,
3035 3474 3141 3513 nec
3184 3466 3242 3511 ut
3280 3457 3376 3512 tibi
3428 3463 3589 3509 notus
3615 3463 3674 3510 et

2074 3567 2181 3614 tua!
2212 3557 2504 3613 evaderem
2539 3553 2820 3626 potentiae,
2855 3556 2967 3607 huc
3002 3550 3145 3604 veni.
3180 3548 3321 3615 Quid
3353 3547 3497 3602 enim
3534 3546 3671 3601 mihi

2074 3649 2151 3705 rei
2182 3658 2266 3704 est
2296 3663 2421 3703 cum
2470 3645 2616 3701 tuis?
2661 3645 2916 3701 similiter
2961 3654 3147 3697 autem
3181 3655 3403 3711 possum
3439 3639 3673 3692 omnino

2075 3742 2241 3796 etiam
2271 3739 2455 3794 dicere
2486 3754 2610 3793 cum
2641 3737 2729 3796 iis.
2760 3751 2881 3807 quae
2916 3744 3042 3789 sunt
3077 3733 3238 3803 hujus
3270 3732 3480 3792 mundi,
3503 3745 3532 3784 a
3561 3744 3673 3796 quo

2077 3831 2296 3901 quidem
2319 3830 2428 3901 jam
2455 3829 2584 3883 olim
2615 3829 2870 3897 despecta
2886 3835 3048 3911 sunt,
3069 3833 3324 3894 tanquam
3359 3820 3668 3877 somnium:

2078 3923 2192 3978 sola
2227 3930 2409 3976 autem
2440 3929 2591 3992 grata
2620 3927 2706 3973 est
2736 3917 2916 3988 quies,
2954 3925 3011 3972 et
3034 3930 3283 3971 seorsum
3318 3914 3524 3968 versari
3544 3926 3669 3966 cum

2081 4015 2233 4071 Deo?
2264 4013 2368 4069 Sed
2404 4010 2696 4086 postquam
2744 4011 2928 4082 accepi
2964 4020 3016 4066 te
3065 4009 3272 4064 sentire
3299 4009 3474 4064 alena
3502 4023 3532 4060 a
3565 4006 3672 4061 llde

2080 4107 2702 4177 orthodoxa,‘etprivare
2717 4103 3065 4162 Christianos
3095 4101 3418 4170 honore,qni
3442 4100 3676 4153 debetur

2081 4202 2283 4259 divinis
2329 4199 2660 4271 imaginibus
2700 4214 2715 4252 :
2744 4205 2799 4252 et
2830 4196 2913 4251 sic
2936 4194 3157 4266 quidem
3201 4191 3523 4263 perturbare
3553 4204 3673 4255 eos,

2084 4297 2177 4366 qui
2226 4306 2320 4350 tuo
2373 4301 2571 4367 parent
2617 4291 2869 4362 imperio,
2906 4289 3238 4347 conturbare
3274 4296 3456 4340 autem
3504 4282 3672 4339 etiam

2085 4388 2383 4443 Ecclesiam
2417 4404 2431 4441 :
2465 4401 2573 4441 non
2617 4384 2768 4456 potui
2801 4386 2940 4438 hanc
2980 4382 3122 4437 ferre
3168 4379 3488 4449 injustitiam
3523 4392 3539 4430 :
3578 4375 3676 4430 sed

2091 4480 2263 4553 patria
2300 4480 2482 4533 relicta
2515 4489 2569 4531 et
2592 4477 2750 4541 meis,
2786 4486 2997 4530 tantum
3030 4472 3197 4528 maris
3221 4471 3455 4541 spatium
3480 4483 3671 4524 emen-

397 4594 503 4649 την
532 4579 810 4633 θάλασσαν
843 4577 1183 4641 διαπλεύσας
1217 4579 1340 4647 ἥκω
1370 4575 1553 4647 πολλῷ
1580 4575 1740 4647 me)
1785 4575 1965 4645 φλεγό·

2087 4590 2200 4636 sus,
2231 4572 2393 4625 Venio
2421 4584 2619 4639 magno
2646 4568 2830 4622 cordis
2878 4566 2995 4620 zelo
3036 4566 3316 4628 incensus,
3354 4562 3435 4614 vel
3483 4576 3578 4613 vos
3609 4557 3677 4614 ab

402 4689 568 4743 μενος
599 4673 699 4742 τὴν
745 4671 999 4743 καρδίαν,
1044 4670 1072 4742 ἢ
1111 4671 1213 4739 τῆς
1264 4670 1484 4739 ἀπάτης
1544 4669 1751 4737 ταύτης
1815 4666 1965 4721 ἀπαλ

2092 4666 2193 4719 hoc
2229 4677 2415 4716 errore
2457 4660 2807 4718 liberaturus.
2832 4657 2916 4711 vel
2957 4671 3056 4726 pro
3085 4669 3208 4708 meo
3248 4653 3467 4707 Christo
3497 4665 3673 4705 meam

393 4762 581 4828 λέιξων
641 4764 829 4832 ὑμᾶς,
886 4763 919 4833 ἢ
980 4764 1082 4832 τὴν
1144 4761 1382 4831 ἐμαυτοῦ
1436 4762 1617 4832 ψυχὴν
1692 4759 1833 4828 ὑπὲρ
1892 4758 1987 4811 τοῦ

397 4855 538 4925 ἐμοῦ
571 4857 754 4923 θήσων
785 4852 1024 4923 Χριστοῦ
1061 4869 1076 4885 ³
1105 4854 1161 4915 ὃς
1196 4854 1296 4921 τὴν
1323 4853 1530 4905 οίκείαν
1562 4849 1657 4904 καί
1689 4867 1772 4902 τοι
1803 4848 1991 4903 δεσπό-

400 4967 507 5019 της
543 4948 618 5001 ὣν
654 4948 795 5021 ὑπὲρ
827 4948 967 5017 ἐμοῦ
1006 4948 1102 5002 καὶ
1137 4950 1237 5016 τῆς
1269 4946 1476 5008 εἰκόνος
1502 4944 1653 4997 ἔθετο
1678 4942 1778 5012 τῆς
1806 4941 1941 5005 ίδίας
1969 4956 1984 4972 ο

405 5037 502 5093 καὶ
534 5039 563 5091 ὁ
593 5036 848 5107 βασιλεύς
881 5050 897 5066 ⁶
928 5032 1072 5108 ἦπου
1106 5034 1321 5108 μεγάλα
1351 5034 1758 5105 φανταζόμενος
1791 5031 1857 5083 σὺ
1894 5030 1988 5084 καὶ

404 5131 624 5203 φρονῶν
679 5130 969 5203 ἐλήλυθας,
1029 5129 1255 5200 βασιλέα
1302 5144 1363 5181 τε
1406 5127 1567 5180 αὑτὸν
1619 5126 1712 5179 καὶ
1756 5123 1884 5186 τοὺς
1931 5125 1990 5203 εν

401 5224 553 5279 τέλει
591 5224 822 5287 πάντας,
848 5228 944 5277 καὶ
980 5223 1082 5291 ὅση
1106 5222 1205 5292 τῆς
1226 5218 1622 5293 ἀρχιερατικῆς
1661 5214 1918 5280 εὐταξίας
1940 5213 1984 5246 ⁸⁹

404 5319 684 5388 ἐπίσημος
729 5318 913 5382 πολιὰ,
964 5316 1103 5387 πρὸς
1149 5316 1220 5369 τὰ
1265 5317 1335 5367 ait
1385 5313 1433 5345 ⁸³
1475 5310 1743 5365 δοκοῦντα
1825 5325 1992 5379 μετα-

407 5409 638 5477 ὕαλείνς
687 5408 831 5463 Ἀλλ’
856 5408 942 5462 ἵνα
973 5409 1044 5463 τὰ
1068 5407 1241 5461 πολλά
1284 5405 1500 5478 χαίρειν
1537 5402 1793 5472 ἀφῶμεν,
1856 5398 1993 5470 ἐμοῦ

405 5503 482 5554 τὰ
505 5501 693 5555 δέοντα
725 5500 1193 5571 σμμδουλεύοντες
1220 5497 1456 5553 ἄκουσον
1483 5510 1500 5527 ο
1524 5496 1738 5565 καὶτῆς
1769 5492 1993 5565 βαθείας

490 5710 536 5743 ⁸³
561 5709 612 5762 οἱ
640 5709 737 5762 μὲν
759 5707 817 5762 Β.
849 5708 908 5761 C.
945 5705 1004 5757 D.
1041 5705 1103 5759 Ε.
1133 5703 1191 5758 F.
1278 5701 1323 5736 “
1350 5703 1398 5757 oi
1424 5701 1481 5755 δὲ
1507 5699 1570 5755 D.
1598 5720 1653 5753 ιι.
1688 5696 1753 5752 F.
1828 5692 1875 5729 ⁸³
1899 5695 1965 5749 ὄπ

2087 5693 2153 5747 ἂν
2194 5704 2510 5762 χαρίσαιντο
2536 5686 2598 5762 C_.
2678 5686 2724 5717 "
2753 5687 2844 5762 τὸν
2878 5682 3023 5762 ΒῙΔΒ-
3150 5680 3208 5734 E.
3245 5679 3305 5736 Ρ.

638 5711 737 5779 μὲν
759 5711 817 5762 Β.
849 5711 908 5761 Ω.
945 5711 1004 5757 υ.
1042 5711 1103 5759 Ε.
1133 5711 1191 5758 F.
1278 5711 1323 5736 ”
1350 5711 1398 5757 οἱ
1424 5711 1481 5755 δὲ
1507 5711 1570 5755 υ.
1598 5720 1653 5753 ιι.
1693 5711 1753 5752 ιτ.
1828 5711 1875 5729 "
1899 5711 2048 5756 οπως
2087 5711 2153 5747 αν
2194 5711 2373 5816 φρισε

693 5777 740 5811 ⁵⁸
771 5778 831 5830 τὸ
862 5777 970 5830 πίν
1002 5775 1063 5830 C.
1151 5777 1196 5809 ⁸⁸
1230 5772 1471 5843 ἀμαθείᾳ
1507 5769 1567 5825 F.
1645 5768 1691 5802 ”
1723 5766 1819 5822 καὶ
1844 5767 1908 5820 τὸ
1937 5764 2000 5821 Β.
2030 5764 2092 5819 C.
2124 5763 2184 5816 υ.
2240 5796 2279 5816 ι.
2315 5760 2373 5813 ῐη.

416 5781 528 5852 ροῖιν
559 5779 619 5835 E.
639 5775 661 5852 ’γ
693 5777 740 5852 '_‘
771 5777 970 5852 τὸλπίν
987 5775 1063 5852 _C.

417 5843 464 5889 δ’
495 5858 561 5905 τι
592 5851 674 5903 σοὶ
700 5847 956 5904 δοκοῦντα
986 5846 1044 5900 D.
1078 5845 1136 5899 li.
1162 5843 1223 5899 Γ.

2088 4758 2327 4812 animam
2386 4753 2684 4824 positurus.
2713 4734 3007 4820 quisnam,
3043 4747 3147 4802 etsi
3190 4754 3337 4800 esset
3390 4742 3674 4803 Dominus,

2089 4863 2189 4919 pro
2228 4861 2314 4899 me
2359 4842 2538 4913 posuit
2579 4850 2634 4895 ct
2681 4856 2777 4895 sua
2817 4840 3070 4910 imagine.
3120 4835 3423 4905 imperator
3450 4840 3672 4884 autem:

2094 4937 2297 4992 Venisti
2330 4933 2555 5005 quidem
2582 4942 2753 4994 certe,
2786 4931 2983 5000 inquit,
3021 4942 3213 4998 magna
3244 4924 3449 4979 visione
3482 4933 3677 4990 appre-

2094 5029 2365 5090 hendens,
2394 5034 2449 5080 et
2477 5024 2662 5079 animo
2689 5023 2923 5094 agitans.
2972 5034 3169 5089 nempe
3207 5026 3263 5070 ut
3296 5018 3471 5086 ipsum
3499 5012 3676 5091 impe-

2094 5132 2354 5185 ratorem,
2388 5129 2442 5173 et
2462 5133 2655 5172 omnes
2688 5117 3040 5184 magistratus
3062 5123 3117 5166 et
3150 5105 3477 5179 pontificalis
3503 5099 3677 5170 digni-

2094 5213 2219 5270 tatis
2253 5208 2644 5272 venerandam,
2701 5214 3125 5277 quantacunque
3166 5214 3229 5255 ea
3274 5198 3366 5260 sit,
3415 5192 3673 5250 canitiem

2096 5310 2352 5365 traducas
2376 5306 2443 5361 ad
2478 5305 2555 5366 id.
2580 5303 2725 5373 quod
2780 5302 2873 5356 tibi
2907 5297 3166 5354 videtur?
3196 5294 3302 5350 Sed
3349 5301 3410 5347 ut
3451 5287 3676 5360 prolixis

2095 5396 2174 5454 uti
2203 5395 2382 5454 verbis
2424 5393 2722 5454 mittamus,
2753 5389 2877 5444 audi
2912 5403 3000 5443 me
3030 5402 3117 5451 ea,
3145 5399 3267 5456 quas
3288 5389 3523 5455 oportet.
3545 5391 3678 5432 con-

2104 5488 2394 5551 sulentem,
2425 5492 2479 5540 et
2525 5483 2594 5538 ab
2638 5483 2741 5537 hac
2792 5479 3063 5536 profunda
3094 5489 3379 5548 emergens
3424 5469 3674 5543 caligine,

3388 5680 3432 5711 "
3460 5697 3674 5749 συμφο-

2452 5759 2492 5789 ⁶¹
2526 5756 2723 5825 πίστην
2753 5754 2812 5810 Β.
2914 5756 2957 5785 ⁶¹
3004 5752 3160 5818 deis;
3184 5767 3281 5821 pro
3304 5750 3360 5802 εύ
3391 5748 3669 5816 ταξίαςῦ.
