4110 6440
335 390 476 455 1125

1453 377 1632 443 V'lTA
1675 376 1738 438 S.
1777 371 2112 436 ΑΝΒΒΕΕ
2153 369 2234 431 IN
2281 368 2510 432 CRISI.

3447 343 3604 436 'ttas

331 502 522 555 παίειν
553 513 566 529 ·
598 496 678 548 ετι
709 493 818 548 τῶν
859 509 1143 564 προτερων
1175 493 1406 564 πληγῶν
1439 493 1587 562 σαφῆ
1627 487 1770 544 κατά
1809 489 1910 540 πᾶν

2024 493 2214 552 aperta
2274 497 2371 553 per
2426 479 2686 536 universa
2725 477 2971 534 membra
3029 493 3295 533 terentem
3355 481 3614 552 vestigia:

333 590 499 661 μέλος
525 587 594 640 τά
621 587 740 656 ἴχνη
777 585 1014 654 φέροντα
1049 583 1094 636 ⁸.
1139 585 1201 638 Οί
1231 584 1287 638 δέ
1320 582 1644 648 κατέξαινον
1687 579 1788 650 μέν
1819 580 1914 640 τὰς

343 682 566 750 σάρκας
610 678 706 730 καὶ
735 675 1030 745 διώρυττον
1061 675 1226 728 αὑτοῦ
1262 675 1361 738 τὰς
1402 673 1645 741 πλευράς
1666 687 1680 703 ο
1714 669 1810 724 καὶ
1846 668 1917 722 τά

329 769 508 826 πλείω
548 767 659 821 τῶν
717 766 942 836 σαρκῶν
992 766 1302 836 ὀφῃροῦντο
1332 782 1346 796 ·
1405 766 1546 834 πλὴν
1603 763 1725 817 οὑδέ
1771 761 1916 814 οὕτω

329 862 536 930 κλέψαι
567 860 658 913 τον
694 859 795 927 τῆς
835 856 1050 910 ἐκείνου
1082 857 1319 918 πίστεως
1347 855 1623 925 θησαυρὸν
1653 851 1918 924 tamen-

333 971 460 1007 σαν.
521 950 613 1012 Ὠς
654 944 750 1002 οὖν
790 947 934 1000 οὕτω
971 951 1152 1001 πάντα
1197 947 1320 1018 εἰκῆ
1373 948 1469 1000 καὶ
1511 947 1690 1016 μάτην
1735 943 1916 1013 ἐαυτῷ

334 1042 800 1114 κακουργούμενα
823 1046 850 1095 ὀ
873 1041 1144 1110 τύραννος
1173 1037 1279 1093 εἶδε
1304 1081 1320 1105 ,
1350 1041 1445 1092 καί
1478 1042 1590 1102 τοῖς
1623 1039 1767 1099 ὅλοις
1811 1036 1913 1106 ἤδη

331 1134 617 1203 διαπορῶν
663 1128 733 1203 ἦν
782 1133 873 1184 ἐπὶ
924 1133 1028 1203 τὴν
1082 1131 1530 1202 ὁμολογουμένην
1583 1127 1778 1202 ἧτταν,
1818 1129 1913 1180 τὸν

333 1225 569 1278 θάνατον
618 1221 786 1278 αὐτοῦ
842 1225 1196 1293 κατακρῖναι,
1249 1223 1436 1276 λοιπὸν
1497 1223 1740 1292 ἔρχεται.
1801 1221 1912 1273 Καὶ

331 1317 548 1369 κελεύει
633 1317 880 1385 σχοίνους
953 1317 1061 1368 τῶν
1114 1316 1406 1386 μακαρίων
1465 1316 1676 1366 ἐκείνου
1739 1312 1915 1365 ποδῶν

338 1407 738 1478 ἐκδήσαντας⁹,
772 1409 865 1459 ἐπὶ
900 1407 996 1460 τοῦ
1025 1406 1256 1475 ἐδάφους
1296 1405 1459 1459 αὑτὸν
1484 1405 1528 1436 ⁸⁸
1562 1407 1704 1458 κατὰ
1735 1404 1914 1472 πάσης

330 1499 518 1551 ἕλκειν
562 1499 661 1564 τῆς
709 1497 1029 1567 λεωφόρουο
1080 1493 1199 1550 εἶτα
1251 1496 1347 1549 καὶ
1387 1499 1470 1560 εἰς
1523 1497 1614 1550 τὸν
1653 1493 1762 1546 τῶν
1815 1510 1915 1547 κα-

331 1589 588 1657 κούργων
615 1587 782 1640 τόπον
805 1588 1216 1655 ἀπαγαγόντας,
1246 1587 1424 1655 ῥίψαι,
1453 1586 1545 1638 τὸν
1573 1585 1672 1654 τῆς
1696 1582 1912 1654 ἐδέμ⁸¹,

328 1681 425 1733 τὸν
465 1683 561 1747 τῆς
610 1677 723 1730 ἀνω
776 1679 1007 1747 σκηνῆς,
1056 1679 1151 1731 τὸν
1181 1677 1291 1731 τῶν
1339 1678 1588 1750 οὐρανῶν
1633 1677 1800 1732 αὑτὸν
1860 1677 1904 1708 ⁸⁸

328 1772 507 1838 ἀξιον.

404 1852 505 1917 ΙΕ’.
561 1863 713 1917 Ἐπεὶ
757 1863 816 1916 δὲ
865 1864 962 1916 καὶ
1008 1862 1198 1915 τοῦτον
1249 1863 1438 1933 ἔτρεχε
1485 1863 1584 1933 τῆς
1630 1863 1910 1935 ἀθλήσεως

325 1955 424 2007 τὸν
455 1955 656 2026 δρόμον
680 1957 707 2007 ὀ
748 1958 959 2024 μάρτυς
981 1995 996 2019 ,
1026 1955 1122 2008 καὶ
1150 1955 1292 2008 κατά
1322 1957 1425 2024 γῆς
1453 1955 1540 2008 διὰ
1573 1956 1674 2027 τῆς
1701 1959 1913 2018 πόλεως

334 2049 508 2116 μέσης
554 2047 682 2116 περὶ
731 2047 1042 2116 πληθουσαν
1107 2048 1312 2116 ἀγορὰν
1364 2049 1665 2117 συρόμενος
1721 2047 1911 2119 ἦγετο,

334 2139 528 2208 ἰχθύας
557 2155 644 2202 τις
679 2138 806 2208 ἄρτι
838 2139 934 2208 τῆς
971 2139 1247 2209 θαλάσσης
1275 2139 1570 2208 ζωγρήσας
1593 2176 1609 2202 ,
1653 2138 1746 2190 καὶ
1787 2141 1914 2201 τοὺς

335 2231 440 2301 μὲν
458 2232 649 2294 ὠνίους
678 2234 744 2302 τῇ
775 2234 954 2301 ἀγορᾷ
985 2232 1248 2301 προσθεὶς
1287 2231 1355 2296 ¹³,
1401 2231 1562 2292 αὐτὸς
1589 2230 1644 2283 δὲ
1674 2232 1766 2283 ἐπὶ
1814 2247 1916 2284 και

330 2324 528 2395 θέδραν
553 2325 726 2394 λιμῶν
762 2324 804 2356 ⁵⁵
837 2327 1091 2390 καθίσας,
1132 2327 1258 2388 τοὺς
1288 2325 1518 2394 ἀτίμους
1552 2325 1594 2356 ⁸³
1641 2323 1786 2391 ἰδὼν,
1820 2326 1917 2377 καὶ

327 2415 688 2487 διερωτήσας,
743 2417 838 2470 καὶ
892 2417 1016 2488 ἣτις
1065 2419 1098 2486 ἠ
1153 2419 1301 2470 αἰτία
1336 2417 1524 2486 μαθὼν
1563 2415 1795 2485 ἐξήλατό
1851 2433 1911 2468 τε

329 2509 496 2571 εὐθὺς
534 2509 726 2579 ῶσπερ
761 2510 866 2561 ὑπό
896 2525 1043 2571 τινος
1072 2509 1318 2576 κινηθεὶς
1351 2508 1632 2578 δαίμονος,
1671 2509 1768 2560 καὶ
1819 2525 1914 2560 κο-

329 2600 466 2653 πίδα
497 2601 834 2671 μακελλικὴν
870 2601 1107 2670 ἐγγύθεν
1137 2599 1430 2669 ἀρπάσας,
1465 2600 1700 2669 θατέρου
1753 2599 1915 2662 ποδὸς

328 2690 429 2746 τοῦ
463 2693 609 2760 ἱεροῦ
648 2695 904 2762 σώματος
965 2693 1136 2762 μέσου
1185 2692 1575 2758 κατενεγκὼν,
1619 2689 1803 2760 ἵστησί
1856 2705 1916 2743 τι

328 2785 427 2839 τὸν
458 2790 557 2856 τὴς
601 2785 884 2856 ἀθλήσεως
931 2785 1008 2853 τῷ
1063 2788 1304 2856 μάρτυρι
1338 2785 1562 2854 δρόμον,
1607 2786 1701 2838 καὶ
1741 2784 1918 2852 πέρας

328 2878 484 2947 αὑτῴ
532 2877 640 2930 τῶν
675 2877 904 2946 μακρῶν
941 2878 1170 2928 ἐκείνων
1201 2875 1292 2928 διὰ
1343 2875 1580 2945 Χριστὸν
1631 2876 1916 2945 ἐπιτίθησι

327 2968 749 3038 παλαισμάτων.
777 2968 1155 3036 Συγκαταλύει
1187 2969 1296 3037 γάρ
1327 2967 1488 3031 εὐθὺς
1525 2970 1591 3038 τῇ
1627 2967 1722 3020 τοῦ
1755 2967 1915 3032 ποδὸς

327 3062 542 3131 ἐκκοπῂ
589 3065 683 3114 καὶ
711 3063 801 3114 τὸν
837 3060 953 3131 βίον
979 3061 1006 3112 6
1039 3063 1450 3127 γενναιότατος,
1502 3061 1706 3129 μᾶλλον
1747 3059 1803 3112 δὲ
1831 3062 1912 3122 είς

2019 573 2096 628 Illi
2128 585 2311 630 autem
2348 572 2628 628 laniabant
2668 570 2891 640 quidem
2945 584 3161 633 carnes.
3220 579 3276 624 et
3323 569 3606 625 fodiebant

2017 665 2141 735 ejus
2169 665 2358 728 latera,
2399 673 2456 718 et
2491 661 2778 731 plurimam
2812 660 2933 730 ejus
2965 659 3146 714 carnis
3181 669 3391 730 partem
3448 661 3602 714 aul‘e-

2019 759 2232 813 rebant.
2265 759 2371 812 Sed
2399 773 2470 811 ne
2501 757 2580 812 sic
2619 756 2840 824 quidem
2895 763 3147 824 poterant
3190 754 3444 808 sull'urari
3483 735 3639 824 tlte-1

2017 863 2240 902 saurum
2269 846 2416 900 illius
2451 845 2594 900 iidei.
2634 843 2932 914 Postquam
2978 859 3110 913 ergo
3155 844 3290 897 vidit
3339 852 3602 914 tyrannus

2020 939 2211 994 omnia
2237 954 2268 992 a
2296 953 2355 994 se
2386 941 2464 994 sic
2499 949 2707 993 temere
2740 948 2796 992 et
2836 938 3039 991 frustra
3077 937 3216 1001 lieri,
3259 936 3484 1004 jamque
3509 949 3600 989 cs-

2019 1040 2105 1087 set
2139 1032 2297 1100 plane
2327 1031 2497 1085 animi
2533 1031 2729 1085 dubius
2755 1038 2814 1083 et
2848 1030 3156 1098 perplexius,
3200 1041 3265 1079 eo
3294 1025 3602 1091 descendit,

2018 1129 2077 1173 ut
2113 1135 2172 1174 se
2210 1121 2479 1174 lateretur
2529 1130 2874 1188 superatura,
2919 1133 3119 1184 nempe
3171 1125 3230 1170 ιιι
3267 1131 3392 1168 eutn
3428 1123 3602 1168 morte

2018 1211 2280 1280 deinceps
2331 1213 2642 1265 damnaret.
2692 1211 2759 1264 Et
2787 1211 2946 1279 jubet
2983 1217 3041 1262 ut
3093 1208 3316 1261 iunibus
3364 1205 3602 1276 alligatis

2020 1302 2203 1358 beatis
2236 1301 2382 1356 illius
2435 1302 2687 1372 pedibus,
2727 1301 2780 1354 in
2831 1301 2950 1355 solo
2985 1302 3233 1352 trahatur
3283 1313 3379 1365 per
3435 1307 3600 1350 totam

2016 1397 2156 1450 viam
2186 1393 2458 1464 publicam
2497 1411 2512 1448 :
2547 1392 2750 1447 deinde
2792 1403 2854 1445 ut
2903 1408 3027 1446 cum
3079 1392 3351 1446 deductus
3406 1387 3601 1442 fuisset

2016 1490 2085 1543 ad
2132 1489 2313 1544 locum
2368 1485 2768 1548 tnalelicorutn,
2813 1485 2884 1539 ibi
2948 1485 3250 1555 iaceretur,
3298 1483 3392 1551 qui
3424 1481 3598 1544 Eden,

2016 1580 2112 1651 qui
2162 1579 2418 1650 supernis
2479 1577 2870 1642 tabernaculis,
2917 1577 3010 1647 qui
3057 1585 3173 1630 erat
3221 1575 3418 1644 dignus
3469 1569 3600 1640 ipsis

2015 1671 2192 1727 rmlis.

2089 1873 2207 1929 XV.
2243 1873 2380 1928 Cum
2408 1882 2591 1928 autem
2633 1881 2882 1928 curreret
2925 1880 3126 1942 martyr
3176 1871 3324 1925 hunc
3376 1885 3595 1926 cursum

2017 1967 2428 2034 decertationis,
2461 1977 2518 2018 et
2541 1968 2596 2018 in
2629 1974 2775 2018 terra
2806 1979 2904 2032 per
2945 1964 3167 2032 plenum
3223 1962 3378 2016 urbis
3420 1961 3598 2016 forum

2018 2058 2355 2121 traheretur,
2398 2059 2481 2110 vir
2510 2056 2756 2126 quidam,
2781 2052 2873 2122 qui
2901 2069 2932 2107 e
2965 2052 3100 2106 mari
3133 2052 3314 2106 fuerat
3357 2053 3600 2122 piscatus

2016 2147 2344 2218 pisciculos.
2372 2157 2428 2201 et
2459 2161 2553 2201 eos
2603 2149 2658 2202 in
2705 2145 2824 2198 foro
2857 2147 3196 2213 proponebat
3242 2149 3479 2208 tenahs,
3515 2157 3601 2198 se-

2016 2239 2181 2294 debat
2234 2246 2418 2293 autem
2473 2250 2637 2307 super
2694 2236 3012 2290 cathedram
3070 2235 3420 2304 pestilentia,
3474 2249 3599 2289 cum

2021 2334 2256 2388 vidisset
2281 2347 2406 2384 eum
2443 2340 2550 2384 tam
2589 2329 2824 2397 turpiter
2848 2328 3014 2389 trahi.
3055 2339 3111 2381 et
3157 2342 3408 2396 quaenam
3453 2336 3602 2382 esset

2015 2441 2180 2479 causa
2212 2424 2540 2492 accepisset,
2593 2421 2798 2475 exsiliit
2841 2421 3052 2482 statim,
3086 2428 3344 2489 tanquam
3373 2435 3402 2472 a
3457 2421 3599 2474 malo

2018 2517 2204 2586 aliquo
2239 2526 2423 2570 motus
2447 2516 2717 2577 daemone,
2771 2522 2826 2566 et
2864 2528 2988 2567 cum
3020 2527 3084 2566 ex
3121 2512 3430 2582 propinquo
3479 2513 3596 2566 cul-

2017 2618 2163 2665 trum
2193 2608 2404 2662 macelli
2451 2606 2811 2676 arripuisset,
2843 2619 2911 2658 eo
2957 2612 3014 2658 et
3060 2603 3258 2672 pedem
3299 2605 3438 2658 sacri
3478 2619 3600 2658 cor—

2019 2701 2168 2770 poris
2200 2705 2466 2768 amputat,
2503 2706 2558 2750 et
2605 2696 2752 2750 sistit
2801 2695 3021 2764 martyri
3078 2709 3299 2748 cut-sum
3351 2695 3600 2748 decerta-

2017 2794 2207 2856 tionis,
2242 2794 2408 2860 eique
2439 2789 2600 2843 tinem
2630 2787 2862 2856 imponit
2907 2785 3247 2840 certaminis.
3272 2785 3405 2840 Nam
3433 2785 3595 2839 simul

2015 2899 2140 2939 cum
2175 2884 2331 2952 pedis
2363 2880 2740 2950 amputatione
2767 2893 2797 2932 c
2839 2877 2948 2931 vita
2999 2891 3215 2945 quoque
3266 2878 3484 2931 excedit
3515 2876 3598 2928 vir

2015 2990 2339 3049 generosus,
2367 2974 2454 3028 vel
2489 2973 2673 3043 potius
2718 2971 2787 3025 ad
2819 2969 3017 3024 ctelum
3051 2969 3242 3034 currit,
3277 2977 3333 3022 et
3365 2968 3432 3023 ad
3469 2983 3593 3024 eum

2015 3068 2286 3132 ascendit,
2319 3067 2409 3137 qui
2442 3066 2626 3135 posuit
2657 3065 2781 3131 ejus
2824 3065 2966 3116 viam
3007 3062 3144 3116 nulli
3177 3062 3596 3131 reprehensioni

327 3154 562 3224 οὐρανὸν
600 3157 823 3225 τρέχει,
861 3162 952 3206 καί
986 3154 1122 3220 πρὸς
1159 3152 1322 3206 αὐτὸν
1352 3153 1529 3206 ἄνεισι
1555 3154 1647 3206 τὸν
1678 3153 1910 3219 θέμενον

2016 3161 2259 3221 aliinem,
2301 3166 2358 3210 et
2402 3153 2636 3225 perfecit
2669 3155 2838 3222 pedes
2863 3153 2985 3207 eius
3041 3161 3312 3221 tanquam
3341 3151 3489 3206 cervi
3541 3161 3596 3204 et

327 3246 563 3314 ἄμωμον
595 3250 693 3314 την
746 3245 864 3298 ὁδὸν
909 3245 1111 3309 αὑτοῦ,
1162 3245 1642 3313 καταρτισάμενόν
1675 3261 1735 3298 τε
1783 3247 1910 3308 τοὺς

329 3335 501 3397 πόδας
537 3336 668 3387 ὡσεὶ
700 3337 924 3403 ἐλάνρου,
968 3340 1058 3389 καὶ
1095 3339 1187 3389 ἐπὶ
1213 3338 1280 3388 τὰ
1307 3336 1491 3405 ὑψηλά
1527 3339 1836 3406 στήσαντα.

407 3427 525 3493 ις’.
567 3424 736 3489 Οὗτος
765 3429 794 3478 ὸ
817 3427 1020 3497 δρόμος
1049 3427 1142 3479 τοῦ
1168 3430 1458 3496 ἀριστέως·
1487 3427 1652 3480 τοῦτο
1685 3429 1794 3480 τῶν
1819 3430 1912 3481 ἐπὶ

327 3519 435 3586 γῆς
465 3516 691 3584 ἀγώνων
722 3517 783 3569 τὸ
819 3517 1034 3568 στάδιον
1058 3532 1072 3546 ο
1109 3515 1336 3583 τοιαύτη
1366 3515 1465 3584 τῆς
1491 3517 1703 3570 ἐκείνου
1731 3519 1914 3586 ψυχῆς

327 3614 364 3677 ὴ
395 3611 615 3679 ἀνδρεία
654 3607 699 3639 ⁸⁸
729 3623 744 3637 ·
794 3609 1019 3660 τοιαῦτα
1051 3608 1120 3659 τὰ
1149 3608 1468 3677 σκάμματα.
1525 3609 1628 3660 Τὸν
1678 3617 1777 3676 μέν
1827 3625 1910 3660 τοι

332 3709 412 3780 μὴ
434 3710 758 3776 κενούμενον
782 3705 1036 3769 πλοῦτον,
1061 3705 1121 3756 τὸ
1134 3705 1292 3773 σῶμά
1322 3719 1466 3772 φημι
1487 3702 1582 3756 τοῦ
1609 3705 1906 3774 μάρτυρος,

328 3803 381 3854 οἱ
410 3801 497 3853 διὰ
527 3801 698 3868 μέσης
729 3797 864 3849 αὐτὸ
902 3797 1001 3864 τῇς
1047 3796 1255 3864 ἀγοράς
1295 3795 1569 3858 ἕλκοντες,
1623 3791 1769 3848 οὗτοι
1817 3797 1910 3847 καὶ

328 3892 530 3961 νεκρὸν
577 3889 676 3960 ἠδη
719 3889 966 3956 γεγονὸς,
1013 3888 1170 3956 παρὰ
1202 3885 1279 3954 τῷ
1313 3886 1421 3938 τῶν
1474 3886 1520 3918 ³⁷
1578 3885 1908 3956 κακούργων

330 3984 486 4051 τόπῳ
516 3981 559 4012 ³³
594 3995 854 4050 (ἔα-ροντεὶ
887 3977 1138 4048 ἕρῤιψανι
1176 3980 1271 4029 καὶ
1298 3975 1572 4045 διέμεινεν
1605 3978 1778 4037 οὖτως
1817 3977 1908 4028 ἐπὶ

332 4075 472 4126 πολὺ
507 4073 761 4141 κείμενον
807 4071 867 4121 τὸ
895 4069 1172 4137 τιμιοννέν
1210 4067 1393 4136 ἀτίμῳ
1428 4082 1441 4095 ο
1481 4071 1540 4118 τὲ
1583 4070 1762 4136 πάσης
1803 4084 1908 4135 φυ-

329 4164 505 4233 λακῆς
529 4165 677 4228 ἀξιον
703 4161 911 4231 θηρίοις
953 4161 1034 4222 είς
1082 4158 1286 4229 βρῶσιν
1323 4158 1416 4210 καὶ
1450 4159 1714 4220 πετεινοῖς
1757 4160 1907 4210 ἀνει-

329 4257 516 4324 μένον,
565 4252 641 4314 ῶς
692 4251 779 4301 ἐπ’
822 4251 969 4317 αὐτῷ
1026 4249 1380 4317 πληρωθῆναι
1431 4247 1474 4278 ¹⁹
1532 4245 1692 4299 πάλιν
1719 4249 1780 4300 τὸ
1813 4249 1904 4302 τοῦ

327 4346 519 4405 Δαειδ,
556 4343 780 4396 Ἐθεντο
814 4344 883 4394 τά
913 4341 1214 4410 θνησιμαία
1261 4344 1368 4391 τῶν
1400 4339 1604 4391 δούλων
1638 4357 1729 4392 σου
1764 4340 1898 4412 βρώο

333 4453 482 4506 ματα
517 4437 626 4496 τοῖς
666 4437 932 4495 πετεινοῖς
978 4433 1071 4484 τοῦ
1117 4431 1375 4501 οὐρανοῦ,
1410 4431 1509 4494 τὰς
1538 4432 1748 4503 σάρκας
1793 4433 1902 4486 τῶν

2013 3249 2310 3306 collocavit
2339 3262 2506 3316 super
2537 3245 2754 3300 excelsa

2083 3425 2220 3482 XVI.
2253 3424 2348 3478 llic
2377 3433 2460 3476 est
2510 3436 2706 3476 cursus
2751 3421 2850 3474 \‘iri
2897 3419 3206 3483 fortissimi,
3238 3420 3340 3474 hoc
3367 3427 3450 3474 cst
3479 3427 3595 3474 sta-

2011 3517 2160 3572 dium
2209 3529 2422 3578 eorum,
2469 3527 2588 3582 quae
2636 3513 2690 3563 in
2729 3519 2874 3564 terra
2931 3511 3174 3576 fuerunt,
3211 3509 3592 3566 certaminum.

2010 3608 2157 3662 Talis
2189 3606 2291 3660 fuit
2323 3606 2492 3658 virtus
2519 3603 2664 3656 illius
2701 3602 2924 3666 animae,
2953 3603 3075 3654 talis
3110 3601 3428 3654 decertatio.
3464 3602 3595 3654 l’rc-

2011 3703 2220 3755 ciosum
2259 3709 2440 3750 autem
2475 3695 2816 3754 thesaurum,
2855 3709 3078 3762 corpus,
3117 3693 3358 3762 inquam,
3396 3706 3596 3762 marty-

2010 3793 2104 3857 ris,
2141 3789 2233 3859 qui
2265 3789 2442 3858 ipsum
2478 3786 2765 3840 trahebant
2795 3799 2890 3854 per
2921 3784 3156 3838 medium
3189 3785 3389 3848 lorum,
3414 3784 3449 3836 ii
3483 3787 3593 3852 jam

2010 3893 2287 3938 mortuum
2315 3883 2553 3934 ferentes
2582 3879 2901 3946 abjecerunt
2931 3877 2984 3930 in
3020 3876 3142 3930 loco
3177 3875 3548 3930 malem-orum
3577 3895 3590 3930 :

2009 3983 2064 4030 et
2095 3975 2174 4028 sic
2200 3974 2293 4029 diu
2348 3972 2548 4025 mansit
2575 3971 2767 4040 jacens
2813 3971 2868 4022 in
2910 3969 3030 4023 loco
3066 3968 3158 4022 vili
3201 3979 3254 4022 et
3307 3969 3590 4038 probroso,

2008 4070 2152 4140 quod
2212 4073 2330 4121 erat
2373 4061 2786 4134 diligentissime
2827 4061 3268 4124 custodiendum,
3311 4060 3592 4114 dimissum

2010 4173 2070 4216 ut
2100 4159 2480 4216 comederetur
2516 4170 2546 4208 a
2576 4153 2706 4208 leris
2735 4163 2790 4207 et
2832 4153 3143 4207 volucribus
3175 4170 3189 4208 :
3225 4161 3285 4206 ut
3317 4151 3371 4204 in
3400 4166 3465 4206 eo
3493 4151 3595 4205 im-

2008 4256 2256 4326 pleretur
2285 4263 2500 4312 rursus,
2535 4247 2680 4316 quod
2703 4245 2840 4300 dicit
2872 4245 3036 4299 Datid
3068 4261 3081 4295 :
3115 4243 3422 4299 l’osuerunt
3452 4259 3598 4297 rnor-

2010 4347 2174 4401 ticina
2208 4356 2490 4396 servorum
2530 4347 2748 4392 tuorum
2774 4352 2929 4391 escas
2958 4336 3265 4390 vol..t;hbus
3302 4335 3448 4397 caeli,
3483 4350 3595 4388 car-

2007 4453 2108 4492 nes
2153 4445 2470 4490 sanctorutn
2531 4441 2746 4484 tuorum
2809 4429 2998 4483 bestiis
3047 4437 3223 4482 terrae;
3275 4427 3596 4482 Eﬂutleruttt

326 4502 496 4581 δαίων
542 4543 634 4578 σου
679 4529 791 4587 τοῖς
842 4525 1055 4594 θηρίοις
1089 4527 1188 4592 τῆς
1219 4524 1320 4592 γῆς
1358 4539 1372 4553 ⁸
1418 4502 1642 4594 ἐξέχεαν
1676 4525 1739 4576 τὸ
1764 4519 1904 4594 αἷμα

2013 4528 2327 4598 sanguinem
2363 4525 2604 4592 ipsorum
2639 4528 2893 4588 tanquam
2924 4535 3140 4588 aquam.
3173 4517 3306 4573 Nam
3336 4518 3438 4572 hoc
3461 4533 3594 4586 quo-

327 4619 516 4674 αὐτῶν
547 4619 680 4669 diss".
712 4617 877 4684 ὕδωρ.
916 4618 1026 4668 Καὶ
1054 4615 1214 4667 τοῦτο
1240 4616 1348 4685 γάρ
1392 4617 1626 4678 ἐκείνοις
1675 4616 1906 4669 ἀκόλου-

329 4713 422 4765 θον
453 4725 466 4738 ’
517 4711 612 4764 καὶ
647 4711 749 4762 οὐκ
799 4705 867 4778 ἦν
911 4709 938 4760 ὁ
997 4707 1220 4760 θάπτων
1253 4720 1264 4733 ·
1300 4707 1405 4768 ἓως
1459 4710 1485 4758 ὁ
1533 4707 1657 4770 δοὺς
1713 4709 1908 4774 ἐκείνῳ

328 4800 584 4869 βοήθειαν
618 4800 710 4850 ἐπὶ
743 4801 809 4866 τῇ
839 4796 939 4866 τῆς
974 4796 1178 4862 σαρκὸς
1211 4793 1490 4864 ἀσθενείᾳ,
1532 4793 1674 4846 ὥστε
1721 4795 1907 4858 καλῶς

328 4892 593 4958 ἁθλησαι,
631 4896 723 4942 καὶ
747 4889 856 4940 τῶν
881 4895 1162 4955 στεφάνων
1197 4887 1294 4956 τῆς
1328 4885 1483 4956 δόξης
1515 4885 1589 4954 μὴ
1625 4887 1904 4952 ἐκπεσεῖν,

323 4977 484 5043 οὗτος
513 4981 578 5051 δη
606 4983 701 5032 καὶ
738 4982 856 5042 ταῖς
888 4979 1160 5047 φιλοθέοις
1199 4977 1443 5044 παρέσχε
1477 4975 1706 5044 ψυχαῖς,
1739 4975 1799 5026 τὸ
1830 4975 1908 5046 μὴ

326 5075 667 5147 στερηθῆναι
718 5072 994 5143 θησαυροῦ
1039 5069 1286 5122 τοιούτου
1315 5084 1329 5100 ο
1357 5067 1451 5121 τοῦ
1500 5065 1663 5119 καλοῦ
1693 5068 1905 5119 ἐκείνου

325 5171 476 5236 φημὶ
503 5169 597 5218 καὶ
624 5163 772 5234 ίεροῦ
802 5163 1057 5230 σώματος
1085 5161 1152 5214 ⁸⁸.
1170 5159 1384 5212 Οῠκουν
1410 5159 1621 5228 ἀφῆκεν
1646 5159 1728 5221 είς
1752 5156 1905 5221 τέλος

321 5260 536 5321 λαθεῖν,
572 5258 690 5310 ἀλλ’
728 5255 959 5326 ἀσαφῶς
1005 5256 1047 5286 ³³
1088 5257 1314 5325 φανεροὶ
1343 5253 1400 5305 δέ
1434 5251 1628 5316 οὓτως.
1684 5251 1908 5304 Δώδεκά

319 5367 470 5415 τινες
509 5351 720 5420 ἀνδρες,
751 5353 1006 5420 πονηρῶν
1031 5347 1203 5400 πάλαι
1248 5346 1518 5412 δαιμόνων
1558 5345 1739 5407 αὐτοῖς
1776 5346 1896 5394 ἐπι-

399 5567 421 5594 δ
457 5578 730 5634 φεροντιυν
755 5561 815 5616 Β.
890 5563 911 5594 ⁸
940 5560 1292 5632 ἐκδήσαντος.
1319 5561 1408 5618 Sic
1463 5562 1522 5616 Ι).
1579 5563 1792 5618 duabus
1843 5564 1910 5617 “ll

401 5633 512 5683 τῶν
564 5634 624 5686 υ.
772 5634 812 5663 ¹¹
855 5632 946 5686 τὸν
971 5632 1072 5688 τῆς
1101 5634 1233 5688 eam
1263 5649 1377 5687 om.
1417 5633 1472 5686 in
1512 5634 1573 5686 D.
1727 5635 1770 5664 "
1797 5634 1910 5686 αὺτι

2013 5577 2036 5616 s
2081 5562 2277 5617 erasis.
2328 5559 2488 5615 Prius
2516 5567 2636 5614 erat
2669 5558 2810 5632 forte
2868 5560 3311 5632 ἐκδημήσαντας.

2013 5635 2073 5686 Β.
2107 5633 2169 5688 C.
2209 5631 2269 5683 D.
2409 5630 2468 5684 F.
2564 5631 2608 5661 ¹³
2631 5629 2943 5688 προθεὶςίξ.
2995 5634 3057 5683 υ.
3089 5630 3148 5685 F.
3185 5633 3229 5662 "
3252 5631 3311 5682 λο

320 5632 650 5704 αῡτῶλᾲυη
725 5632 1072 5704 ῌ¹¹ῃτὺνμτῆς
1101 5634 1233 5704 saep.
1263 5649 1377 5704 om.
1417 5633 1472 5686 in
1512 5634 1573 5686 D.

319 5703 503 5773 λιμῶν
533 5702 594 5756 c.
627 5702 688 5758 ι).
721 5702 784 5756 E.
820 5701 879 5756 ιε’.

325 5771 430 5827 πῖον
463 5771 524 5830 F.
605 5774 645 5804 ’θ
671 5779 764 5826 καὶ
803 5773 863 5828 F.
943 5773 987 5804 ²⁰
1030 5779 1125 5825 και
1156 5773 1303 5843 ίεροῦ
1350 5790 1490 5843 φημι
1520 5773 1772 5843 σώματος
1803 5774 1864 5827 C.

953 5701 997 5733 "
1031 5701 1338 5771 ἐλκυσμοὺς
1365 5704 1607 5765 ἐκείνους
1636 5701 1694 5759 Β.
1723 5702 1786 5758 C.
1817 5705 1876 5758 υ.
1907 5704 1973 5758 Ε.
2013 5703 2075 5757 F.
2157 5703 2200 5734 ¹⁶
2233 5701 2424 5769 ἀνδρία
2451 5701 2510 5752 Β.
2551 5701 2614 5752 D.
2635 5701 2696 5753 Ε.
2778 5701 2801 5732 ³⁴

953 5774 987 5804 ²⁰
1030 5779 1125 5825 και
1156 5773 1303 5826 ίειιοῦ
1350 5790 1490 5826 φησι
1520 5773 1772 5826 «hanc:
1803 5774 1864 5826 C.
1945 5775 1986 5804 “
2030 5772 2168 5826 άλλά
2223 5771 2412 5826 σαφῶς
2462 5769 2521 5824 Β.
2551 5769 2612 5824 C.
2654 5770 2716 5824 D.
2761 5769 2801 5822 Ρ

2070 5786 2168 5825 ma
2223 5786 2412 5838 σαφως
2462 5786 2521 5824 υ.
2551 5786 2612 5824 ιι.
2654 5786 2716 5824 υ.
2761 5786 2821 5824 ιι.

2009 4635 2116 4688 que
2147 4625 2233 4669 est
2263 4613 2369 4666 illis
2390 4624 2739 4678 consequens
2771 4625 2786 4660 :
2813 4609 2881 4662 Et
2913 4625 3017 4661 non
3041 4618 3160 4663 erat
3183 4611 3272 4677 qui
3302 4609 3591 4677 sepeliret:

2011 4713 2187 4767 donec
2217 4709 2281 4771 is,
2315 4706 2406 4775 qui
2441 4703 2590 4758 dedit
2618 4703 2688 4754 illi
2716 4702 2977 4755 auxilium
3006 4705 3057 4754 in
3091 4702 3272 4756 carnis
3307 4701 3594 4756 imbecilli-

2010 4810 2141 4864 tate,
2169 4805 2227 4851 ut
2257 4795 2484 4866 pulchre
2515 4792 2840 4854 decertaret,
2876 4798 2929 4843 et
2975 4804 3084 4842 nun
3126 4788 3399 4842 excideret
3434 4803 3464 4842 a
3497 4803 3594 4843 co-

2013 4891 2161 4946 ronis
2187 4887 2391 4959 gloriae,
2415 4887 2468 4938 in
2501 4883 2604 4953 piis
2635 4897 2849 4952 quoque
2879 4881 3112 4949 praebuit
3136 4881 3358 4944 animis,
3394 4895 3465 4933 ne
3499 4881 3592 4933 tali

2006 4983 2268 5036 thesauro
2301 4979 2671 5049 privarentur,
2722 4973 2974 5044 pulchro,
3020 4971 3260 5040 inquam,
3298 4971 3388 5024 illo
3417 4980 3472 5025 et
3501 4986 3592 5024 sa-

2005 5081 2294 5130 crosancto
2337 5083 2586 5138 corpore.
2624 5067 2744 5121 Non
2789 5066 2915 5120 sivit
2945 5080 3078 5137 ergo
3102 5065 3153 5119 id
3186 5065 3352 5118 latere
3396 5079 3593 5134 perpe-

2009 5177 2125 5232 tuo,
2151 5165 2247 5221 sed
2282 5163 2338 5219 id
2361 5171 2544 5233 aperte
2567 5160 2747 5215 eﬂ‘ecit
2769 5158 3138 5213 manifestum.
3171 5158 3230 5214 Id
3261 5167 3443 5212 autem
3468 5158 3596 5214 l'acit

2011 5264 2116 5318 hoc
2142 5261 2305 5317 modo
2338 5276 2351 5314 :
2383 5257 2670 5314 duodecim
2707 5255 2830 5320 viri,
2851 5269 2974 5309 cum
3005 5255 3128 5309 mali
3161 5255 3291 5308 olim
3323 5256 3598 5308 daemones

2017 5358 2072 5412 in
2095 5372 2196 5411 eos
2238 5353 2556 5410 insiliissent
2610 5349 2749 5406 alius
2790 5347 3013 5404 aliunde
3043 5348 3347 5414 venientes,
3377 5355 3438 5401 ut
3479 5347 3598 5418 ejus

2564 5567 2636 5614 rat
2669 5559 2810 5632 forte
2868 5560 3311 5632 ἐκδημήσαντας.
3389 5559 3598 5616 "Prius

2564 5631 2608 5703 ξ³
2631 5629 2857 5703 προθείς
2881 5636 2943 5683 tL.
2974 5630 3148 5703 ,ιλ-Ρ.
3185 5633 3229 5703 ³]
3252 5631 3462 5703 λοιμῶν
3496 5647 3598 5702 pro

2157 5703 2200 5734 ¹⁶
2233 5701 2424 5773 ἀνδρία
2764 5701 2817 5773 1"
2843 5702 2995 5772 παρὰ
3026 5699 3258 5773 τδνσῶν
3284 5697 3354 5757 ΡΣ
3427 5702 3469 5734 ⁸⁸
3498 5697 3598 5755 τός
