  <div class='ocr_page' id='page_1' title='image "/cluster/home/n/w/nwhite01/storage/ocr_20150623/115:no.2/coo.31924054870195/573.png"; bbox 0 0 4110 6460; ppageno 0'>
   <div class='ocr_carea' id='block_1_1' title="bbox 475 421 609 489">
    <p class='ocr_par' dir='ltr' id='par_1_1' title="bbox 475 421 609 489">
     <span class='ocr_line' id='line_1_1' title="bbox 475 421 609 489; baseline 0 -5"><span class='ocrx_word' id='word_1_1' title='bbox 475 421 609 489; x_wconf 78' lang='lat'><strong>1131</strong></span> 
     </span>
    </p>
   </div>
   <div class='ocr_carea' id='block_1_2' title="bbox 1753 406 2440 471">
    <p class='ocr_par' dir='ltr' id='par_1_2' title="bbox 1753 406 2440 471">
     <span class='ocr_line' id='line_1_2' title="bbox 1753 406 2440 471; baseline -0.012 0"><span class='ocrx_word' id='word_1_2' title='bbox 1753 409 2036 471; x_wconf 77' lang='lat' dir='ltr'><strong>llENSlS</strong></span> <span class='ocrx_word' id='word_1_3' title='bbox 2077 406 2440 468; x_wconf 77' lang='lat' dir='ltr'><strong>OCTOBER.</strong></span> 
     </span>
    </p>
   </div>
   <div class='ocr_carea' id='block_1_3' title="bbox 3588 379 3717 456">
    <p class='ocr_par' dir='ltr' id='par_1_3' title="bbox 3588 379 3717 456">
     <span class='ocr_line' id='line_1_3' title="bbox 3588 379 3717 456; baseline -0.016 0"><span class='ocrx_word' id='word_1_4' title='bbox 3588 379 3717 456; x_wconf 74' lang='lat'><strong>1132</strong></span> 
     </span>
    </p>
   </div>
   <div class='ocr_carea' id='block_1_4' title="bbox 471 508 2064 601">
    <p class='ocr_par' dir='ltr' id='par_1_4' title="bbox 471 527 2054 601">
     <span class='ocr_line' id='line_1_4' title="bbox 471 527 2054 601; baseline -0.012 -7"><span class='ocrx_word' id='word_1_5' title='bbox 471 539 754 594; x_wconf 77' lang='lat' dir='ltr'><strong>nissimam</strong></span> <span class='ocrx_word' id='word_1_6' title='bbox 789 535 1113 590; x_wconf 80' lang='lat' dir='ltr'><strong>medicinam</strong></span> <span class='ocrx_word' id='word_1_7' title='bbox 1163 530 1500 601; x_wconf 68' lang='lat' dir='ltr'><strong>assequitur,</strong></span> <span class='ocrx_word' id='word_1_8' title='bbox 1535 527 1698 597; x_wconf 83' lang='lat' dir='ltr'><strong>idque</strong></span> <span class='ocrx_word' id='word_1_9' title='bbox 1748 527 1803 580; x_wconf 92' lang='lat' dir='ltr'><strong>in</strong></span> <span class='ocrx_word' id='word_1_10' title='bbox 1847 533 2054 579; x_wconf 86' lang='lat' dir='ltr'><strong>tantum</strong></span> 
     </span>
    </p>
   </div>
   <div class='ocr_carea' id='block_1_5' title="bbox 2168 508 3716 601">
    <p class='ocr_par' dir='ltr' id='par_1_5' title="bbox 2168 508 3716 591">
     <span class='ocr_line' id='line_1_5' title="bbox 2168 508 3716 591; baseline -0.01 -17"><span class='ocrx_word' id='word_1_11' title='bbox 2168 514 2689 591; x_wconf 73' lang='grc' dir='ltr'>χαρακτηρίζεσθαι.</span> <span class='ocrx_word' id='word_1_12' title='bbox 2724 513 2873 566; x_wconf 74' lang='grc' dir='ltr'>Ἐπεὶ</span> <span class='ocrx_word' id='word_1_13' title='bbox 2901 511 2958 565; x_wconf 81' lang='grc' dir='ltr'><strong>δέ</strong></span> <span class='ocrx_word' id='word_1_14' title='bbox 2999 511 3153 581; x_wconf 72' lang='grc' dir='ltr'>τάχει</span> <span class='ocrx_word' id='word_1_15' title='bbox 3189 525 3396 580; x_wconf 55' lang='lat' dir='ltr'><strong>eadem;</strong></span> <span class='ocrx_word' id='word_1_16' title='bbox 3438 508 3528 561; x_wconf 69' lang='grc' dir='ltr'><strong>καὶ</strong></span> <span class='ocrx_word' id='word_1_17' title='bbox 3561 510 3716 577; x_wconf 66' lang='grc' dir='ltr'>μεγέ-</span> 
     </span>
    </p>
   </div>
   <div class='ocr_carea' id='block_1_6' title="bbox 471 615 2052 696">
    <p class='ocr_par' dir='ltr' id='par_1_6' title="bbox 471 615 2052 696">
     <span class='ocr_line' id='line_1_6' title="bbox 471 615 2052 696; baseline -0.01 -13"><span class='ocrx_word' id='word_1_18' title='bbox 471 639 530 683; x_wconf 84' lang='grc' dir='ltr'>ιιῑ</span> <span class='ocrx_word' id='word_1_19' title='bbox 560 627 628 681; x_wconf 90' lang='lat' dir='ltr'><strong>ab</strong></span> <span class='ocrx_word' id='word_1_20' title='bbox 655 628 755 682; x_wconf 86' lang='lat' dir='ltr'><strong>hac</strong></span> <span class='ocrx_word' id='word_1_21' title='bbox 795 625 1171 696; x_wconf 89' lang='lat' dir='ltr'><strong>utplurimum</strong></span> <span class='ocrx_word' id='word_1_22' title='bbox 1221 621 1604 690; x_wconf 80' lang='lat' dir='ltr'><strong>designaretur</strong></span> <span class='ocrx_word' id='word_1_23' title='bbox 1642 633 1702 672; x_wconf 87' lang='lat' dir='ltr'><strong>ac</strong></span> <span class='ocrx_word' id='word_1_24' title='bbox 1747 615 2052 685; x_wconf 78' lang='lat' dir='ltr'><strong>appellare—</strong></span> 
     </span>
    </p>
   </div>
   <div class='ocr_carea' id='block_1_7' title="bbox 472 703 2054 782">
    <p class='ocr_par' dir='ltr' id='par_1_7' title="bbox 472 703 2054 782">
     <span class='ocr_line' id='line_1_7' title="bbox 472 703 2054 782; baseline -0.009 -12"><span class='ocrx_word' id='word_1_25' title='bbox 472 726 580 770; x_wconf 92' lang='lat' dir='ltr'><strong>tur.</strong></span> <span class='ocrx_word' id='word_1_26' title='bbox 615 715 903 782; x_wconf 81' lang='lat' dir='ltr'><strong>Postquam</strong></span> <span class='ocrx_word' id='word_1_27' title='bbox 931 710 1345 780; x_wconf 84' lang='lat' dir='ltr'><strong>autemingenii</strong></span> <span class='ocrx_word' id='word_1_28' title='bbox 1368 707 1689 764; x_wconf 74' lang='lat' dir='ltr'><strong>dexteritate</strong></span> <span class='ocrx_word' id='word_1_29' title='bbox 1736 722 1800 760; x_wconf 90' lang='lat' dir='ltr'><strong>ac</strong></span> <span class='ocrx_word' id='word_1_30' title='bbox 1845 703 2054 775; x_wconf 81' lang='lat' dir='ltr'><strong>magni-</strong></span> 
     </span>
    </p>
   </div>
   <div class='ocr_carea' id='block_1_8' title="bbox 475 795 2054 871">
    <p class='ocr_par' dir='ltr' id='par_1_8' title="bbox 475 795 2054 871">
     <span class='ocr_line' id='line_1_8' title="bbox 475 795 2054 871; baseline -0.006 -11"><span class='ocrx_word' id='word_1_31' title='bbox 475 807 662 861; x_wconf 88' lang='lat' dir='ltr'><strong>tudine</strong></span> <span class='ocrx_word' id='word_1_32' title='bbox 684 821 902 860; x_wconf 87' lang='lat' dir='ltr'><strong>omnem</strong></span> <span class='ocrx_word' id='word_1_33' title='bbox 923 814 1098 858; x_wconf 92' lang='lat' dir='ltr'><strong>artem</strong></span> <span class='ocrx_word' id='word_1_34' title='bbox 1130 804 1294 858; x_wconf 88' lang='lat' dir='ltr'><strong>citius</strong></span> <span class='ocrx_word' id='word_1_35' title='bbox 1329 801 1602 871; x_wconf 79' lang='lat' dir='ltr'><strong>percurrit</strong></span> <span class='ocrx_word' id='word_1_36' title='bbox 1622 813 1787 868; x_wconf 87' lang='lat' dir='ltr'><strong>quam</strong></span> <span class='ocrx_word' id='word_1_37' title='bbox 1814 795 2054 852; x_wconf 88' lang='lat' dir='ltr'><strong>volucris</strong></span> 
     </span>
    </p>
   </div>
   <div class='ocr_carea' id='block_1_9' title="bbox 473 887 2053 966">
    <p class='ocr_par' dir='ltr' id='par_1_9' title="bbox 473 887 2053 966">
     <span class='ocr_line' id='line_1_9' title="bbox 473 887 2053 966; baseline -0.008 -14"><span class='ocrx_word' id='word_1_38' title='bbox 473 913 618 958; x_wconf 82' lang='lat' dir='ltr'><strong>acra.</strong></span> <span class='ocrx_word' id='word_1_39' title='bbox 647 897 886 966; x_wconf 77' lang='lat' dir='ltr'><strong>satisque</strong></span> <span class='ocrx_word' id='word_1_40' title='bbox 934 896 1186 950; x_wconf 82' lang='lat' dir='ltr'><strong>humanae</strong></span> <span class='ocrx_word' id='word_1_41' title='bbox 1230 893 1492 948; x_wconf 79' lang='lat' dir='ltr'><strong>doctrinae</strong></span> <span class='ocrx_word' id='word_1_42' title='bbox 1549 891 1780 959; x_wconf 88' lang='lat' dir='ltr'><strong>adeptus</strong></span> <span class='ocrx_word' id='word_1_43' title='bbox 1827 897 1931 953; x_wconf 88' lang='lat' dir='ltr'><strong>est,</strong></span> <span class='ocrx_word' id='word_1_44' title='bbox 1987 887 2053 940; x_wconf 85' lang='lat' dir='ltr'><strong>ad</strong></span> 
     </span>
    </p>
   </div>
   <div class='ocr_carea' id='block_1_10' title="bbox 474 983 1776 1046">
    <p class='ocr_par' dir='ltr' id='par_1_10' title="bbox 474 983 1776 1046">
     <span class='ocr_line' id='line_1_10' title="bbox 474 983 1776 1046; baseline -0.009 0"><span class='ocrx_word' id='word_1_45' title='bbox 474 990 850 1046; x_wconf 81' lang='lat' dir='ltr'><strong>sublimiorem</strong></span> <span class='ocrx_word' id='word_1_46' title='bbox 874 1002 937 1042; x_wconf 90' lang='lat' dir='ltr'><strong>ac</strong></span> <span class='ocrx_word' id='word_1_47' title='bbox 958 987 1240 1041; x_wconf 78' lang='lat' dir='ltr'><strong>meliorem</strong></span> <span class='ocrx_word' id='word_1_48' title='bbox 1278 984 1479 1038; x_wconf 87' lang='lat' dir='ltr'><strong>transit</strong></span> <span class='ocrx_word' id='word_1_49' title='bbox 1503 983 1776 1037; x_wconf 83' lang='lat' dir='ltr'><strong>habitum.</strong></span> 
     </span>
    </p>
   </div>
   <div class='ocr_carea' id='block_1_11' title="bbox 549 1085 2057 1160">
    <p class='ocr_par' dir='ltr' id='par_1_11' title="bbox 549 1085 2057 1160">
     <span class='ocr_line' id='line_1_11' title="bbox 549 1085 2057 1160; baseline -0.007 -12"><span class='ocrx_word' id='word_1_50' title='bbox 549 1095 635 1149; x_wconf 92' lang='lat' dir='ltr'><strong>Ill.</strong></span> <span class='ocrx_word' id='word_1_51' title='bbox 656 1094 788 1160; x_wconf 87' lang='lat' dir='ltr'><strong>Quis</strong></span> <span class='ocrx_word' id='word_1_52' title='bbox 811 1102 992 1147; x_wconf 89' lang='lat' dir='ltr'><strong>autem</strong></span> <span class='ocrx_word' id='word_1_53' title='bbox 1017 1091 1118 1146; x_wconf 89' lang='lat' dir='ltr'><strong>fuit</strong></span> <span class='ocrx_word' id='word_1_54' title='bbox 1135 1090 1329 1145; x_wconf 90' lang='lat' dir='ltr'><strong>modus</strong></span> <span class='ocrx_word' id='word_1_55' title='bbox 1355 1087 1651 1143; x_wconf 84' lang='lat' dir='ltr'><strong>transitus?</strong></span> <span class='ocrx_word' id='word_1_56' title='bbox 1672 1086 1914 1142; x_wconf 84' lang='lat' dir='ltr'><strong>Habebat</strong></span> <span class='ocrx_word' id='word_1_57' title='bbox 1939 1085 2057 1154; x_wconf 85' lang='lat' dir='ltr'><strong>qui-</strong></span> 
     </span>
    </p>
   </div>
   <div class='ocr_carea' id='block_1_12' title="bbox 475 1179 2059 1249">
    <p class='ocr_par' dir='ltr' id='par_1_12' title="bbox 475 1179 2059 1249">
     <span class='ocr_line' id='line_1_12' title="bbox 475 1179 2059 1249; baseline -0.008 -7"><span class='ocrx_word' id='word_1_58' title='bbox 475 1185 598 1242; x_wconf 88' lang='lat' dir='ltr'><strong>dem</strong></span> <span class='ocrx_word' id='word_1_59' title='bbox 633 1184 853 1240; x_wconf 84' lang='lat' dir='ltr'><strong>interim</strong></span> <span class='ocrx_word' id='word_1_60' title='bbox 891 1185 956 1237; x_wconf 90' lang='lat' dir='ltr'><strong>de</strong></span> <span class='ocrx_word' id='word_1_61' title='bbox 984 1181 1173 1236; x_wconf 90' lang='lat' dir='ltr'><strong>mundi</strong></span> <span class='ocrx_word' id='word_1_62' title='bbox 1195 1183 1368 1235; x_wconf 81' lang='lat' dir='ltr'><strong>salute</strong></span> <span class='ocrx_word' id='word_1_63' title='bbox 1395 1179 1795 1249; x_wconf 83' lang='lat' dir='ltr'><strong>disputationes</strong></span> <span class='ocrx_word' id='word_1_64' title='bbox 1835 1191 1898 1231; x_wconf 88' lang='lat' dir='ltr'><strong>ac</strong></span> <span class='ocrx_word' id='word_1_65' title='bbox 1927 1191 2059 1231; x_wconf 85' lang='lat' dir='ltr'><strong>con-</strong></span> 
     </span>
    </p>
   </div>
   <div class='ocr_carea' id='block_1_13' title="bbox 475 1271 2058 1344">
    <p class='ocr_par' dir='ltr' id='par_1_13' title="bbox 475 1271 2058 1344">
     <span class='ocr_line' id='line_1_13' title="bbox 475 1271 2058 1344; baseline -0.002 -20"><span class='ocrx_word' id='word_1_66' title='bbox 475 1288 693 1344; x_wconf 83' lang='lat' dir='ltr'><strong>gressus</strong></span> <span class='ocrx_word' id='word_1_67' title='bbox 715 1273 761 1326; x_wconf 89' lang='lat' dir='ltr'><strong>is</strong></span> <span class='ocrx_word' id='word_1_68' title='bbox 782 1271 897 1340; x_wconf 87' lang='lat' dir='ltr'><strong>qui,</strong></span> <span class='ocrx_word' id='word_1_69' title='bbox 923 1271 1060 1325; x_wconf 89' lang='lat' dir='ltr'><strong>liber</strong></span> <span class='ocrx_word' id='word_1_70' title='bbox 1079 1286 1108 1323; x_wconf 91' lang='lat' dir='ltr'><strong>a</strong></span> <span class='ocrx_word' id='word_1_71' title='bbox 1136 1281 1382 1340; x_wconf 84' lang='lat' dir='ltr'><strong>peccato,</strong></span> <span class='ocrx_word' id='word_1_72' title='bbox 1402 1278 1630 1323; x_wconf 79' lang='lat' dir='ltr'><strong>venerat</strong></span> <span class='ocrx_word' id='word_1_73' title='bbox 1658 1279 1715 1321; x_wconf 90' lang='lat' dir='ltr'><strong>ut</strong></span> <span class='ocrx_word' id='word_1_74' title='bbox 1741 1276 2058 1337; x_wconf 86' lang='lat' dir='ltr'><strong>peccatores</strong></span> 
     </span>
    </p>
   </div>
   <div class='ocr_carea' id='block_1_14' title="bbox 477 1359 2058 1431">
    <p class='ocr_par' dir='ltr' id='par_1_14' title="bbox 477 1359 2058 1431">
     <span class='ocr_line' id='line_1_14' title="bbox 477 1359 2058 1431; baseline -0.004 -15"><span class='ocrx_word' id='word_1_75' title='bbox 477 1371 696 1419; x_wconf 88' lang='lat' dir='ltr'><strong>vocaret</strong></span> <span class='ocrx_word' id='word_1_76' title='bbox 716 1363 783 1417; x_wconf 88' lang='lat' dir='ltr'><strong>ad</strong></span> <span class='ocrx_word' id='word_1_77' title='bbox 811 1361 1191 1431; x_wconf 73' lang='lat' dir='ltr'><strong>paenitentiam</strong></span> <span class='ocrx_word' id='word_1_78' title='bbox 1228 1362 1268 1426; x_wconf 84' lang='lat'><strong>&#39;,</strong></span> <span class='ocrx_word' id='word_1_79' title='bbox 1298 1359 1461 1429; x_wconf 88' lang='lat' dir='ltr'><strong>idque</strong></span> <span class='ocrx_word' id='word_1_80' title='bbox 1486 1369 1608 1429; x_wconf 87' lang='lat' dir='ltr'><strong>post</strong></span> <span class='ocrx_word' id='word_1_81' title='bbox 1642 1359 1846 1412; x_wconf 90' lang='lat' dir='ltr'><strong>luctam</strong></span> <span class='ocrx_word' id='word_1_82' title='bbox 1867 1367 2058 1412; x_wconf 89' lang='lat' dir='ltr'><strong>contra</strong></span> 
     </span>
    </p>
   </div>
   <div class='ocr_carea' id='block_1_15' title="bbox 477 1449 2061 1521">
    <p class='ocr_par' dir='ltr' id='par_1_15' title="bbox 477 1449 2061 1521">
     <span class='ocr_line' id='line_1_15' title="bbox 477 1449 2061 1521; baseline -0.006 -10"><span class='ocrx_word' id='word_1_83' title='bbox 477 1456 850 1511; x_wconf 83' lang='lat' dir='ltr'><strong>adversarium</strong></span> <span class='ocrx_word' id='word_1_84' title='bbox 881 1465 934 1509; x_wconf 87' lang='lat' dir='ltr'><strong>et</strong></span> <span class='ocrx_word' id='word_1_85' title='bbox 965 1463 1166 1521; x_wconf 78' lang='lat' dir='ltr'><strong>tropzea</strong></span> <span class='ocrx_word' id='word_1_86' title='bbox 1202 1453 1270 1507; x_wconf 90' lang='lat' dir='ltr'><strong>de</strong></span> <span class='ocrx_word' id='word_1_87' title='bbox 1322 1453 1414 1507; x_wconf 91' lang='lat' dir='ltr'><strong>illo</strong></span> <span class='ocrx_word' id='word_1_88' title='bbox 1465 1455 1631 1506; x_wconf 90' lang='lat' dir='ltr'><strong>relata</strong></span> <span class='ocrx_word' id='word_1_89' title='bbox 1657 1493 1670 1513; x_wconf 85' lang='lat'><strong>,</strong></span> <span class='ocrx_word' id='word_1_90' title='bbox 1712 1461 1834 1520; x_wconf 86' lang='lat' dir='ltr'><strong>post</strong></span> <span class='ocrx_word' id='word_1_91' title='bbox 1903 1449 2061 1502; x_wconf 89' lang='lat' dir='ltr'><strong>audi-</strong></span> 
     </span>
    </p>
   </div>
   <div class='ocr_carea' id='block_1_16' title="bbox 484 1540 2062 1617">
    <p class='ocr_par' dir='ltr' id='par_1_16' title="bbox 484 1540 2062 1617">
     <span class='ocr_line' id='line_1_16' title="bbox 484 1540 2062 1617; baseline -0.006 -15"><span class='ocrx_word' id='word_1_92' title='bbox 484 1558 595 1602; x_wconf 89' lang='lat' dir='ltr'><strong>tum</strong></span> <span class='ocrx_word' id='word_1_93' title='bbox 643 1561 880 1617; x_wconf 80' lang='lat' dir='ltr'><strong>superne</strong></span> <span class='ocrx_word' id='word_1_94' title='bbox 923 1544 1102 1597; x_wconf 85' lang='lat' dir='ltr'><strong>Patris</strong></span> <span class='ocrx_word' id='word_1_95' title='bbox 1135 1543 1506 1597; x_wconf 86' lang='lat' dir='ltr'><strong>testimonium</strong></span> <span class='ocrx_word' id='word_1_96' title='bbox 1564 1558 1627 1596; x_wconf 91' lang='lat' dir='ltr'><strong>ac</strong></span> <span class='ocrx_word' id='word_1_97' title='bbox 1675 1541 1913 1610; x_wconf 73' lang='lat' dir='ltr'><strong>Spiritus</strong></span> <span class='ocrx_word' id='word_1_98' title='bbox 1969 1540 2062 1593; x_wconf 84' lang='lat' dir='ltr'><strong>de-</strong></span> 
     </span>
    </p>
   </div>
   <div class='ocr_carea' id='block_1_17' title="bbox 481 1634 2060 1693">
    <p class='ocr_par' dir='ltr' id='par_1_17' title="bbox 481 1634 2060 1693">
     <span class='ocr_line' id='line_1_17' title="bbox 481 1634 2060 1693; baseline -0.004 -1"><span class='ocrx_word' id='word_1_99' title='bbox 481 1637 812 1693; x_wconf 79' lang='lat' dir='ltr'><strong>scensum&#39;.</strong></span> <span class='ocrx_word' id='word_1_100' title='bbox 880 1635 1244 1690; x_wconf 86' lang='lat' dir='ltr'><strong>Percurrcbat</strong></span> <span class='ocrx_word' id='word_1_101' title='bbox 1323 1645 1504 1688; x_wconf 90' lang='lat' dir='ltr'><strong>autem</strong></span> <span class='ocrx_word' id='word_1_102' title='bbox 1555 1634 1697 1688; x_wconf 87' lang='lat' dir='ltr'><strong>fama</strong></span> <span class='ocrx_word' id='word_1_103' title='bbox 1752 1635 2060 1688; x_wconf 79' lang='lat' dir='ltr'><strong>universam</strong></span> 
     </span>
    </p>
   </div>
   <div class='ocr_carea' id='block_1_18' title="bbox 481 1727 2062 1795">
    <p class='ocr_par' dir='ltr' id='par_1_18' title="bbox 481 1727 2062 1795">
     <span class='ocr_line' id='line_1_18' title="bbox 481 1727 2062 1795; baseline -0.003 -8"><span class='ocrx_word' id='word_1_104' title='bbox 481 1731 722 1787; x_wconf 69' lang='lat' dir='ltr'><strong>Jndzram</strong></span> <span class='ocrx_word' id='word_1_105' title='bbox 779 1747 842 1786; x_wconf 84' lang='lat' dir='ltr'><strong>ac</strong></span> <span class='ocrx_word' id='word_1_106' title='bbox 901 1730 1176 1786; x_wconf 63' lang='lat' dir='ltr'><strong>Galilaaam</strong></span> <span class='ocrx_word' id='word_1_107' title='bbox 1231 1731 1274 1795; x_wconf 86' lang='grc'>³,</span> <span class='ocrx_word' id='word_1_108' title='bbox 1327 1739 1383 1783; x_wconf 89' lang='lat' dir='ltr'><strong>et</strong></span> <span class='ocrx_word' id='word_1_109' title='bbox 1428 1727 1627 1784; x_wconf 83' lang='lat' dir='ltr'><strong>alicubi</strong></span> <span class='ocrx_word' id='word_1_110' title='bbox 1691 1729 1854 1784; x_wconf 87' lang='lat' dir='ltr'><strong>etiam</strong></span> <span class='ocrx_word' id='word_1_111' title='bbox 1913 1739 2062 1782; x_wconf 80' lang='lat' dir='ltr'><strong>extra</strong></span> 
     </span>
    </p>
   </div>
   <div class='ocr_carea' id='block_1_19' title="bbox 484 1821 2064 1893">
    <p class='ocr_par' dir='ltr' id='par_1_19' title="bbox 484 1821 2064 1893">
     <span class='ocr_line' id='line_1_19' title="bbox 484 1821 2064 1893; baseline -0.004 -12"><span class='ocrx_word' id='word_1_112' title='bbox 484 1825 752 1881; x_wconf 85' lang='lat' dir='ltr'><strong>terminos</strong></span> <span class='ocrx_word' id='word_1_113' title='bbox 789 1839 852 1878; x_wconf 88' lang='lat' dir='ltr'><strong>ea</strong></span> <span class='ocrx_word' id='word_1_114' title='bbox 887 1839 1009 1892; x_wconf 63' lang='lat' dir='ltr'><strong>quae</strong></span> <span class='ocrx_word' id='word_1_115' title='bbox 1052 1824 1379 1893; x_wconf 67' lang='lat' dir='ltr'><strong>evangelica:</strong></span> <span class='ocrx_word' id='word_1_116' title='bbox 1438 1821 1848 1892; x_wconf 68' lang='lat' dir='ltr'><strong>praedicationis</strong></span> <span class='ocrx_word' id='word_1_117' title='bbox 1907 1829 2064 1877; x_wconf 87' lang='lat' dir='ltr'><strong>erant</strong></span> 
     </span>
    </p>
   </div>
   <div class='ocr_carea' id='block_1_20' title="bbox 483 1916 2062 1988">
    <p class='ocr_par' dir='ltr' id='par_1_20' title="bbox 483 1916 2062 1988">
     <span class='ocr_line' id='line_1_20' title="bbox 483 1916 2062 1988; baseline -0.003 -15"><span class='ocrx_word' id='word_1_118' title='bbox 483 1918 876 1988; x_wconf 80' lang='lat' dir='ltr'><strong>sequebantur.</strong></span> <span class='ocrx_word' id='word_1_119' title='bbox 938 1916 1098 1970; x_wconf 91' lang='lat' dir='ltr'><strong>Tunc</strong></span> <span class='ocrx_word' id='word_1_120' title='bbox 1162 1916 1319 1970; x_wconf 92' lang='lat' dir='ltr'><strong>multi</strong></span> <span class='ocrx_word' id='word_1_121' title='bbox 1373 1931 1507 1970; x_wconf 89' lang='lat' dir='ltr'><strong>sane</strong></span> <span class='ocrx_word' id='word_1_122' title='bbox 1555 1918 1622 1970; x_wconf 88' lang='lat' dir='ltr'><strong>ad</strong></span> <span class='ocrx_word' id='word_1_123' title='bbox 1671 1931 1853 1969; x_wconf 82' lang='lat' dir='ltr'><strong>veram</strong></span> <span class='ocrx_word' id='word_1_124' title='bbox 1922 1917 2062 1969; x_wconf 90' lang='lat' dir='ltr'><strong>hanc</strong></span> 
     </span>
    </p>
   </div>
   <div class='ocr_carea' id='block_1_21' title="bbox 480 2007 2065 2065">
    <p class='ocr_par' dir='ltr' id='par_1_21' title="bbox 480 2007 2065 2065">
     <span class='ocr_line' id='line_1_21' title="bbox 480 2007 2065 2065; baseline -0.003 0"><span class='ocrx_word' id='word_1_125' title='bbox 480 2011 788 2065; x_wconf 78' lang='lat' dir='ltr'><strong>doctrinam</strong></span> <span class='ocrx_word' id='word_1_126' title='bbox 806 2009 988 2064; x_wconf 82' lang='lat' dir='ltr'><strong>cordis</strong></span> <span class='ocrx_word' id='word_1_127' title='bbox 1008 2024 1168 2063; x_wconf 89' lang='lat' dir='ltr'><strong>aures</strong></span> <span class='ocrx_word' id='word_1_128' title='bbox 1193 2007 1522 2062; x_wconf 88' lang='lat' dir='ltr'><strong>obturabant</strong></span> <span class='ocrx_word' id='word_1_129' title='bbox 1543 2021 1607 2061; x_wconf 88' lang='lat' dir='ltr'><strong>ac</strong></span> <span class='ocrx_word' id='word_1_130' title='bbox 1640 2007 1842 2060; x_wconf 91' lang='lat' dir='ltr'><strong>mentis</strong></span> <span class='ocrx_word' id='word_1_131' title='bbox 1875 2007 2065 2060; x_wconf 85' lang='lat' dir='ltr'><strong>oculos</strong></span> 
     </span>
    </p>
   </div>
   <div class='ocr_carea' id='block_1_22' title="bbox 480 2099 2060 2168">
    <p class='ocr_par' dir='ltr' id='par_1_22' title="bbox 480 2099 2060 2168">
     <span class='ocr_line' id='line_1_22' title="bbox 480 2099 2060 2168; baseline -0.006 -11"><span class='ocrx_word' id='word_1_132' title='bbox 480 2102 872 2158; x_wconf 83' lang='lat' dir='ltr'><strong>claudebant:</strong></span> <span class='ocrx_word' id='word_1_133' title='bbox 939 2115 1123 2168; x_wconf 89' lang='lat' dir='ltr'><strong>neque</strong></span> <span class='ocrx_word' id='word_1_134' title='bbox 1189 2100 1314 2154; x_wconf 74' lang='lat' dir='ltr'><strong>vita:</strong></span> <span class='ocrx_word' id='word_1_135' title='bbox 1387 2099 1672 2167; x_wconf 81' lang='lat' dir='ltr'><strong>suscipere</strong></span> <span class='ocrx_word' id='word_1_136' title='bbox 1722 2111 2060 2162; x_wconf 80' lang='lat' dir='ltr'><strong>sermonem,</strong></span> 
     </span>
    </p>
   </div>
   <div class='ocr_carea' id='block_1_23' title="bbox 482 2173 2063 2263">
    <p class='ocr_par' dir='ltr' id='par_1_23' title="bbox 482 2173 2063 2263">
     <span class='ocr_line' id='line_1_23' title="bbox 482 2173 2063 2263; baseline -0.006 -14"><span class='ocrx_word' id='word_1_137' title='bbox 482 2206 661 2263; x_wconf 77' lang='lat' dir='ltr'><strong>neque</strong></span> <span class='ocrx_word' id='word_1_138' title='bbox 709 2204 896 2246; x_wconf 84' lang='lat' dir='ltr'><strong>veram</strong></span> <span class='ocrx_word' id='word_1_139' title='bbox 926 2191 1104 2243; x_wconf 90' lang='lat' dir='ltr'><strong>lucem</strong></span> <span class='ocrx_word' id='word_1_140' title='bbox 1127 2173 1330 2243; x_wconf 80' lang='lat' dir='ltr'><strong>intueri</strong></span> <span class='ocrx_word' id='word_1_141' title='bbox 1364 2189 1512 2260; x_wconf 90' lang='lat' dir='ltr'><strong>digni</strong></span> <span class='ocrx_word' id='word_1_142' title='bbox 1543 2197 1721 2243; x_wconf 88' lang='lat' dir='ltr'><strong>erant.</strong></span> <span class='ocrx_word' id='word_1_143' title='bbox 1762 2188 1828 2242; x_wconf 81' lang='lat' dir='ltr'><strong>Hi</strong></span> <span class='ocrx_word' id='word_1_144' title='bbox 1879 2195 2063 2241; x_wconf 88' lang='lat' dir='ltr'><strong>autem</strong></span> 
     </span>
    </p>
   </div>
   <div class='ocr_carea' id='block_1_24' title="bbox 482 2280 2063 2356">
    <p class='ocr_par' dir='ltr' id='par_1_24' title="bbox 482 2280 2063 2356">
     <span class='ocr_line' id='line_1_24' title="bbox 482 2280 2063 2356; baseline -0.005 -16"><span class='ocrx_word' id='word_1_145' title='bbox 482 2289 536 2340; x_wconf 84' lang='lat' dir='ltr'><strong>in</strong></span> <span class='ocrx_word' id='word_1_146' title='bbox 595 2285 794 2356; x_wconf 88' lang='lat' dir='ltr'><strong>quibus</strong></span> <span class='ocrx_word' id='word_1_147' title='bbox 847 2281 1095 2338; x_wconf 80' lang='lat' dir='ltr'><strong>veritatis</strong></span> <span class='ocrx_word' id='word_1_148' title='bbox 1164 2280 1454 2350; x_wconf 81' lang='lat' dir='ltr'><strong>vestigium</strong></span> <span class='ocrx_word' id='word_1_149' title='bbox 1528 2280 1861 2350; x_wconf 90' lang='lat' dir='ltr'><strong>impressum</strong></span> <span class='ocrx_word' id='word_1_150' title='bbox 1926 2287 2063 2341; x_wconf 86' lang='lat' dir='ltr'><strong>erat.</strong></span> 
     </span>
    </p>
   </div>
   <div class='ocr_carea' id='block_1_25' title="bbox 480 2368 2058 2446">
    <p class='ocr_par' dir='ltr' id='par_1_25' title="bbox 480 2368 2058 2446">
     <span class='ocr_line' id='line_1_25' title="bbox 480 2368 2058 2446; baseline -0.004 -16"><span class='ocrx_word' id='word_1_151' title='bbox 480 2375 682 2446; x_wconf 85' lang='lat' dir='ltr'><strong>quique</strong></span> <span class='ocrx_word' id='word_1_152' title='bbox 715 2383 873 2427; x_wconf 77' lang='lat' dir='ltr'><strong>teme</strong></span> <span class='ocrx_word' id='word_1_153' title='bbox 895 2371 1056 2426; x_wconf 76' lang='lat' dir='ltr'><strong>bonae</strong></span> <span class='ocrx_word' id='word_1_154' title='bbox 1084 2369 1352 2423; x_wconf 90' lang='lat' dir='ltr'><strong>rationem</strong></span> <span class='ocrx_word' id='word_1_155' title='bbox 1387 2383 1449 2423; x_wconf 87' lang='lat' dir='ltr'><strong>ac</strong></span> <span class='ocrx_word' id='word_1_156' title='bbox 1502 2368 1913 2437; x_wconf 90' lang='lat' dir='ltr'><strong>proportionem</strong></span> <span class='ocrx_word' id='word_1_157' title='bbox 1970 2369 2058 2423; x_wconf 82' lang='lat' dir='ltr'><strong>ha-</strong></span> 
     </span>
    </p>
   </div>
   <div class='ocr_carea' id='block_1_26' title="bbox 480 2454 2065 2532">
    <p class='ocr_par' dir='ltr' id='par_1_26' title="bbox 480 2454 2065 2532">
     <span class='ocr_line' id='line_1_26' title="bbox 480 2454 2065 2532; baseline -0.002 -13"><span class='ocrx_word' id='word_1_158' title='bbox 480 2463 700 2526; x_wconf 82' lang='lat' dir='ltr'><strong>bebant,</strong></span> <span class='ocrx_word' id='word_1_159' title='bbox 735 2462 866 2516; x_wconf 90' lang='lat' dir='ltr'><strong>totis</strong></span> <span class='ocrx_word' id='word_1_160' title='bbox 913 2460 1080 2532; x_wconf 91' lang='lat' dir='ltr'><strong>(quod</strong></span> <span class='ocrx_word' id='word_1_161' title='bbox 1114 2454 1291 2528; x_wconf 76' lang='lat' dir='ltr'><strong>aiu&#39;nt)</strong></span> <span class='ocrx_word' id='word_1_162' title='bbox 1350 2458 1527 2514; x_wconf 91' lang='lat' dir='ltr'><strong>oculis</strong></span> <span class='ocrx_word' id='word_1_163' title='bbox 1577 2459 1954 2524; x_wconf 85' lang='lat' dir='ltr'><strong>intuebantur,</strong></span> <span class='ocrx_word' id='word_1_164' title='bbox 2009 2470 2065 2516; x_wconf 91' lang='lat' dir='ltr'><strong>et</strong></span> 
     </span>
    </p>
   </div>
   <div class='ocr_carea' id='block_1_27' title="bbox 481 2543 2060 2610">
    <p class='ocr_par' dir='ltr' id='par_1_27' title="bbox 481 2543 2060 2610">
     <span class='ocr_line' id='line_1_27' title="bbox 481 2543 2060 2610; baseline -0.001 0"><span class='ocrx_word' id='word_1_165' title='bbox 481 2565 722 2610; x_wconf 82' lang='lat' dir='ltr'><strong>arrectas</strong></span> <span class='ocrx_word' id='word_1_166' title='bbox 751 2555 1086 2609; x_wconf 83' lang='lat' dir='ltr'><strong>adhibebant</strong></span> <span class='ocrx_word' id='word_1_167' title='bbox 1119 2543 1316 2608; x_wconf 68' lang='lat' dir='ltr'><strong>animae</strong></span> <span class='ocrx_word' id='word_1_168' title='bbox 1369 2567 1532 2606; x_wconf 87' lang='lat' dir='ltr'><strong>aures</strong></span> <span class='ocrx_word' id='word_1_169' title='bbox 1583 2553 1650 2606; x_wconf 89' lang='lat' dir='ltr'><strong>ad</strong></span> <span class='ocrx_word' id='word_1_170' title='bbox 1700 2554 2060 2608; x_wconf 87' lang='lat' dir='ltr'><strong>auscultatio-</strong></span> 
     </span>
    </p>
   </div>
   <div class='ocr_carea' id='block_1_28' title="bbox 480 2641 2066 2710">
    <p class='ocr_par' dir='ltr' id='par_1_28' title="bbox 480 2641 2066 2710">
     <span class='ocr_line' id='line_1_28' title="bbox 480 2641 2066 2710; baseline -0.004 -9"><span class='ocrx_word' id='word_1_171' title='bbox 480 2661 629 2710; x_wconf 87' lang='lat' dir='ltr'><strong>nem,</strong></span> <span class='ocrx_word' id='word_1_172' title='bbox 666 2660 730 2699; x_wconf 89' lang='lat' dir='ltr'><strong>ac</strong></span> <span class='ocrx_word' id='word_1_173' title='bbox 754 2643 1099 2698; x_wconf 83' lang='lat' dir='ltr'><strong>velocissime</strong></span> <span class='ocrx_word' id='word_1_174' title='bbox 1129 2641 1197 2696; x_wconf 88' lang='lat' dir='ltr'><strong>ad</strong></span> <span class='ocrx_word' id='word_1_175' title='bbox 1228 2642 1515 2696; x_wconf 85' lang='lat' dir='ltr'><strong>veritatem</strong></span> <span class='ocrx_word' id='word_1_176' title='bbox 1569 2641 2066 2708; x_wconf 87' lang='lat' dir='ltr'><strong>transferebantur,</strong></span> 
     </span>
    </p>
   </div>
   <div class='ocr_carea' id='block_1_29' title="bbox 480 2732 2064 2806">
    <p class='ocr_par' dir='ltr' id='par_1_29' title="bbox 480 2732 2064 2806">
     <span class='ocr_line' id='line_1_29' title="bbox 480 2732 2064 2806; baseline -0.004 -15"><span class='ocrx_word' id='word_1_177' title='bbox 480 2735 728 2806; x_wconf 83' lang='lat' dir='ltr'><strong>nihilque</strong></span> <span class='ocrx_word' id='word_1_178' title='bbox 762 2734 906 2805; x_wconf 89' lang='lat' dir='ltr'><strong>quod</strong></span> <span class='ocrx_word' id='word_1_179' title='bbox 935 2733 1116 2787; x_wconf 89' lang='lat' dir='ltr'><strong>facere</strong></span> <span class='ocrx_word' id='word_1_180' title='bbox 1154 2733 1357 2787; x_wconf 89' lang='lat' dir='ltr'><strong>decens</strong></span> <span class='ocrx_word' id='word_1_181' title='bbox 1387 2739 1506 2786; x_wconf 87' lang='lat' dir='ltr'><strong>erat</strong></span> <span class='ocrx_word' id='word_1_182' title='bbox 1536 2732 2030 2802; x_wconf 84' lang='lat' dir='ltr'><strong>praetermittebant</strong></span> <span class='ocrx_word' id='word_1_183' title='bbox 2051 2773 2064 2796; x_wconf 90' lang='lat'><strong>,</strong></span> 
     </span>
    </p>
   </div>
   <div class='ocr_carea' id='block_1_30' title="bbox 484 2824 2067 2900">
    <p class='ocr_par' dir='ltr' id='par_1_30' title="bbox 484 2824 2067 2900">
     <span class='ocr_line' id='line_1_30' title="bbox 484 2824 2067 2900; baseline -0.006 -12"><span class='ocrx_word' id='word_1_184' title='bbox 484 2841 543 2888; x_wconf 90' lang='lat' dir='ltr'><strong>ut</strong></span> <span class='ocrx_word' id='word_1_185' title='bbox 571 2831 640 2885; x_wconf 90' lang='lat' dir='ltr'><strong>ad</strong></span> <span class='ocrx_word' id='word_1_186' title='bbox 673 2831 724 2884; x_wconf 88' lang='lat' dir='ltr'><strong>id</strong></span> <span class='ocrx_word' id='word_1_187' title='bbox 757 2829 904 2900; x_wconf 88' lang='lat' dir='ltr'><strong>quod</strong></span> <span class='ocrx_word' id='word_1_188' title='bbox 958 2828 1254 2881; x_wconf 85' lang='lat' dir='ltr'><strong>honestum</strong></span> <span class='ocrx_word' id='word_1_189' title='bbox 1311 2834 1430 2880; x_wconf 90' lang='lat' dir='ltr'><strong>erat</strong></span> <span class='ocrx_word' id='word_1_190' title='bbox 1493 2824 1841 2889; x_wconf 85' lang='lat' dir='ltr'><strong>accederent,</strong></span> <span class='ocrx_word' id='word_1_191' title='bbox 1893 2833 1949 2878; x_wconf 90' lang='lat' dir='ltr'><strong>et</strong></span> <span class='ocrx_word' id='word_1_192' title='bbox 1999 2824 2067 2878; x_wconf 89' lang='lat' dir='ltr'><strong>ad</strong></span> 
     </span>
    </p>
   </div>
   <div class='ocr_carea' id='block_1_31' title="bbox 483 2914 2069 2992">
    <p class='ocr_par' dir='ltr' id='par_1_31' title="bbox 483 2914 2069 2992">
     <span class='ocr_line' id='line_1_31' title="bbox 483 2914 2069 2992; baseline -0.006 -16"><span class='ocrx_word' id='word_1_193' title='bbox 483 2923 658 2992; x_wconf 88' lang='lat' dir='ltr'><strong>ipsam</strong></span> <span class='ocrx_word' id='word_1_194' title='bbox 699 2918 902 2972; x_wconf 89' lang='lat' dir='ltr'><strong>nudam</strong></span> <span class='ocrx_word' id='word_1_195' title='bbox 932 2917 1173 2979; x_wconf 79' lang='lat' dir='ltr'><strong>animam</strong></span> <span class='ocrx_word' id='word_1_196' title='bbox 1209 2914 1645 2969; x_wconf 85' lang='lat' dir='ltr'><strong>transmitterem</strong></span> <span class='ocrx_word' id='word_1_197' title='bbox 1681 2922 1885 2968; x_wconf 79' lang='lat' dir='ltr'><strong>certam</strong></span> <span class='ocrx_word' id='word_1_198' title='bbox 1929 2914 2069 2967; x_wconf 88' lang='lat' dir='ltr'><strong>veri-</strong></span> 
     </span>
    </p>
   </div>
   <div class='ocr_carea' id='block_1_32' title="bbox 485 3004 2068 3074">
    <p class='ocr_par' dir='ltr' id='par_1_32' title="bbox 485 3004 2068 3074">
     <span class='ocr_line' id='line_1_32' title="bbox 485 3004 2068 3074; baseline -0.005 -7"><span class='ocrx_word' id='word_1_199' title='bbox 485 3022 672 3067; x_wconf 87' lang='lat' dir='ltr'><strong>tatem.</strong></span> <span class='ocrx_word' id='word_1_200' title='bbox 715 3009 921 3064; x_wconf 90' lang='lat' dir='ltr'><strong>llorutn</strong></span> <span class='ocrx_word' id='word_1_201' title='bbox 968 3022 1112 3061; x_wconf 90' lang='lat' dir='ltr'><strong>unus</strong></span> <span class='ocrx_word' id='word_1_202' title='bbox 1183 3014 1299 3060; x_wconf 88' lang='lat' dir='ltr'><strong>erat</strong></span> <span class='ocrx_word' id='word_1_203' title='bbox 1348 3005 1705 3060; x_wconf 89' lang='lat' dir='ltr'><strong>admirandus</strong></span> <span class='ocrx_word' id='word_1_204' title='bbox 1757 3004 1847 3059; x_wconf 89' lang='lat' dir='ltr'><strong>hic</strong></span> <span class='ocrx_word' id='word_1_205' title='bbox 1889 3019 2068 3074; x_wconf 63' lang='lat' dir='ltr'><strong>praco</strong></span> 
     </span>
    </p>
   </div>
   <div class='ocr_carea' id='block_1_33' title="bbox 483 3095 2063 3168">
    <p class='ocr_par' dir='ltr' id='par_1_33' title="bbox 483 3095 2063 3168">
     <span class='ocr_line' id='line_1_33' title="bbox 483 3095 2063 3168; baseline -0.006 -10"><span class='ocrx_word' id='word_1_206' title='bbox 483 3101 732 3158; x_wconf 84' lang='lat' dir='ltr'><strong>veritatis</strong></span> <span class='ocrx_word' id='word_1_207' title='bbox 761 3115 826 3153; x_wconf 89' lang='lat' dir='ltr'><strong>ac</strong></span> <span class='ocrx_word' id='word_1_208' title='bbox 844 3106 1152 3168; x_wconf 78' lang='lat' dir='ltr'><strong>praeceptor</strong></span> <span class='ocrx_word' id='word_1_209' title='bbox 1182 3113 1195 3149; x_wconf 89' lang='lat'><strong>:</strong></span> <span class='ocrx_word' id='word_1_210' title='bbox 1224 3097 1317 3166; x_wconf 91' lang='lat' dir='ltr'><strong>qui</strong></span> <span class='ocrx_word' id='word_1_211' title='bbox 1349 3096 1418 3150; x_wconf 88' lang='lat' dir='ltr'><strong>ad</strong></span> <span class='ocrx_word' id='word_1_212' title='bbox 1446 3096 1590 3165; x_wconf 89' lang='lat' dir='ltr'><strong>piam</strong></span> <span class='ocrx_word' id='word_1_213' title='bbox 1615 3095 2063 3165; x_wconf 68' lang='lat' dir='ltr'><strong>praedicationem</strong></span> 
     </span>
    </p>
   </div>
   <div class='ocr_carea' id='block_1_34' title="bbox 2154 601 3716 680">
    <p class='ocr_par' dir='ltr' id='par_1_34' title="bbox 2154 601 3716 680">
     <span class='ocr_line' id='line_1_34' title="bbox 2154 601 3716 680; baseline -0.009 -14"><span class='ocrx_word' id='word_1_214' title='bbox 2154 613 2255 670; x_wconf 83' lang='grc' dir='ltr'>θει.</span> <span class='ocrx_word' id='word_1_215' title='bbox 2291 612 2486 680; x_wconf 84' lang='grc' dir='ltr'>τέχνην</span> <span class='ocrx_word' id='word_1_216' title='bbox 2527 607 2746 662; x_wconf 75' lang='grc' dir='ltr'>ἃπασαν</span> <span class='ocrx_word' id='word_1_217' title='bbox 2788 605 2977 674; x_wconf 78' lang='grc' dir='ltr'>διῆλθε</span> <span class='ocrx_word' id='word_1_218' title='bbox 3024 603 3221 674; x_wconf 74' lang='grc' dir='ltr'>ῥαδίως</span> <span class='ocrx_word' id='word_1_219' title='bbox 3260 601 3292 671; x_wconf 75' lang='grc' dir='ltr'><strong>ἢ</strong></span> <span class='ocrx_word' id='word_1_220' title='bbox 3331 601 3465 671; x_wconf 81' lang='grc' dir='ltr'>ἀέρα</span> <span class='ocrx_word' id='word_1_221' title='bbox 3505 601 3716 670; x_wconf 77' lang='grc' dir='ltr'>πτηνδν,</span> 
     </span>
    </p>
   </div>
   <div class='ocr_carea' id='block_1_35' title="bbox 2155 691 3717 770">
    <p class='ocr_par' dir='ltr' id='par_1_35' title="bbox 2155 691 3717 770">
     <span class='ocr_line' id='line_1_35' title="bbox 2155 691 3717 770; baseline -0.01 -12"><span class='ocrx_word' id='word_1_222' title='bbox 2155 705 2274 765; x_wconf 79' lang='grc' dir='ltr'>ἃλις</span> <span class='ocrx_word' id='word_1_223' title='bbox 2307 720 2366 755; x_wconf 85' lang='grc' dir='ltr'><strong>τε</strong></span> <span class='ocrx_word' id='word_1_224' title='bbox 2403 701 2504 770; x_wconf 84' lang='grc' dir='ltr'>τῆς</span> <span class='ocrx_word' id='word_1_225' title='bbox 2540 697 2889 770; x_wconf 70' lang='grc' dir='ltr'><strong>ἀνθρωπίνης</strong></span> <span class='ocrx_word' id='word_1_226' title='bbox 2953 693 3065 766; x_wconf 72' lang='grc' dir='ltr'>εἶχε</span> <span class='ocrx_word' id='word_1_227' title='bbox 3117 693 3391 757; x_wconf 75' lang='grc' dir='ltr'><strong>παιδείας,</strong></span> <span class='ocrx_word' id='word_1_228' title='bbox 3443 691 3575 761; x_wconf 76' lang='grc' dir='ltr'>πρὸς</span> <span class='ocrx_word' id='word_1_229' title='bbox 3625 691 3717 762; x_wconf 79' lang='grc' dir='ltr'>τὴν</span> 
     </span>
    </p>
   </div>
   <div class='ocr_carea' id='block_1_36' title="bbox 2156 787 3381 866">
    <p class='ocr_par' dir='ltr' id='par_1_36' title="bbox 2156 787 3381 866">
     <span class='ocr_line' id='line_1_36' title="bbox 2156 787 3381 866; baseline -0.01 -16"><span class='ocrx_word' id='word_1_230' title='bbox 2156 793 2494 866; x_wconf 79' lang='grc' dir='ltr'><strong>ὑψηλοτέραν</strong></span> <span class='ocrx_word' id='word_1_231' title='bbox 2525 791 2640 857; x_wconf 67' lang='grc' dir='ltr'>ἕξιν</span> <span class='ocrx_word' id='word_1_232' title='bbox 2679 790 2773 844; x_wconf 75' lang='grc' dir='ltr'>καὶ</span> <span class='ocrx_word' id='word_1_233' title='bbox 2800 788 3010 860; x_wconf 88' lang='grc' dir='ltr'>ἀμείνω</span> <span class='ocrx_word' id='word_1_234' title='bbox 3047 787 3381 858; x_wconf 83' lang='grc' dir='ltr'>μεταχωρεῖ.</span> 
     </span>
    </p>
   </div>
   <div class='ocr_carea' id='block_1_37' title="bbox 2226 1051 3727 1129">
    <p class='ocr_par' dir='ltr' id='par_1_37' title="bbox 2226 1051 3727 1129">
     <span class='ocr_line' id='line_1_37' title="bbox 2226 1051 3727 1129; baseline -0.01 -10"><span class='ocrx_word' id='word_1_235' title='bbox 2226 1065 2304 1119; x_wconf 80' lang='grc' dir='ltr'><strong>Γ.</strong></span> <span class='ocrx_word' id='word_1_236' title='bbox 2346 1064 2444 1127; x_wconf 84' lang='grc' dir='ltr'><strong>Τίς</strong></span> <span class='ocrx_word' id='word_1_237' title='bbox 2498 1063 2604 1116; x_wconf 83' lang='grc' dir='ltr'>δὲό</span> <span class='ocrx_word' id='word_1_238' title='bbox 2636 1059 2837 1129; x_wconf 79' lang='grc' dir='ltr'><strong>τρόπος</strong></span> <span class='ocrx_word' id='word_1_239' title='bbox 2886 1059 2984 1126; x_wconf 74' lang='grc' dir='ltr'><strong>τῆς</strong></span> <span class='ocrx_word' id='word_1_240' title='bbox 3030 1057 3412 1127; x_wconf 75' lang='grc' dir='ltr'>μεταθέσεωςς</span> <span class='ocrx_word' id='word_1_241' title='bbox 3449 1051 3575 1124; x_wconf 80' lang='grc' dir='ltr'><strong>Εἶχε</strong></span> <span class='ocrx_word' id='word_1_242' title='bbox 3634 1055 3727 1124; x_wconf 67' lang='grc' dir='ltr'><strong>μὲν</strong></span> 
     </span>
    </p>
   </div>
   <div class='ocr_carea' id='block_1_38' title="bbox 2157 1146 3727 1227">
    <p class='ocr_par' dir='ltr' id='par_1_38' title="bbox 2157 1146 3727 1227">
     <span class='ocr_line' id='line_1_38' title="bbox 2157 1146 3727 1227; baseline -0.008 -16"><span class='ocrx_word' id='word_1_243' title='bbox 2157 1157 2282 1227; x_wconf 77' lang='grc' dir='ltr'>ἄρτι</span> <span class='ocrx_word' id='word_1_244' title='bbox 2303 1156 2402 1217; x_wconf 79' lang='grc' dir='ltr'>τὰς</span> <span class='ocrx_word' id='word_1_245' title='bbox 2435 1154 2527 1207; x_wconf 70' lang='grc' dir='ltr'>ἐπὶ</span> <span class='ocrx_word' id='word_1_246' title='bbox 2559 1151 2802 1222; x_wconf 73' lang='grc' dir='ltr'>σωτηρία</span> <span class='ocrx_word' id='word_1_247' title='bbox 2825 1148 2919 1202; x_wconf 83' lang='grc' dir='ltr'><strong>τοῦ</strong></span> <span class='ocrx_word' id='word_1_248' title='bbox 2947 1148 3156 1217; x_wconf 79' lang='grc' dir='ltr'><strong>κόσμου</strong></span> <span class='ocrx_word' id='word_1_249' title='bbox 3184 1146 3469 1217; x_wconf 70' lang='grc' dir='ltr'>διατριϐὰς</span> <span class='ocrx_word' id='word_1_250' title='bbox 3505 1149 3532 1200; x_wconf 81' lang='grc' dir='ltr'>ὁ</span> <span class='ocrx_word' id='word_1_251' title='bbox 3554 1147 3727 1216; x_wconf 83' lang='grc' dir='ltr'>ἀμαρ-</span> 
     </span>
    </p>
   </div>
   <div class='ocr_carea' id='block_1_39' title="bbox 2158 1238 3732 1314">
    <p class='ocr_par' dir='ltr' id='par_1_39' title="bbox 2158 1238 3732 1314">
     <span class='ocr_line' id='line_1_39' title="bbox 2158 1238 3732 1314; baseline -0.006 -14"><span class='ocrx_word' id='word_1_252' title='bbox 2158 1249 2282 1310; x_wconf 87' lang='grc' dir='ltr'>τίας</span> <span class='ocrx_word' id='word_1_253' title='bbox 2325 1245 2607 1314; x_wconf 78' lang='grc' dir='ltr'>ἐλεύθερος</span> <span class='ocrx_word' id='word_1_254' title='bbox 2646 1245 2740 1296; x_wconf 77' lang='grc' dir='ltr'><strong>καὶ</strong></span> <span class='ocrx_word' id='word_1_255' title='bbox 2780 1239 3005 1293; x_wconf 81' lang='grc' dir='ltr'>καλέσαι</span> <span class='ocrx_word' id='word_1_256' title='bbox 3055 1240 3419 1308; x_wconf 80' lang='grc' dir='ltr'>ἁμαρτωλοὺς</span> <span class='ocrx_word' id='word_1_257' title='bbox 3455 1238 3621 1291; x_wconf 78' lang='grc' dir='ltr'>ἐλθὼν</span> <span class='ocrx_word' id='word_1_258' title='bbox 3655 1240 3732 1301; x_wconf 83' lang='grc' dir='ltr'><strong>είς</strong></span> 
     </span>
    </p>
   </div>
   <div class='ocr_carea' id='block_1_40' title="bbox 2165 1330 3732 1410">
    <p class='ocr_par' dir='ltr' id='par_1_40' title="bbox 2165 1330 3732 1410">
     <span class='ocr_line' id='line_1_40' title="bbox 2165 1330 3732 1410; baseline -0.007 -17"><span class='ocrx_word' id='word_1_259' title='bbox 2165 1339 2474 1410; x_wconf 79' lang='grc' dir='ltr'>μετάνοιαν,</span> <span class='ocrx_word' id='word_1_260' title='bbox 2491 1337 2582 1389; x_wconf 70' lang='grc' dir='ltr'>καὶ</span> <span class='ocrx_word' id='word_1_261' title='bbox 2604 1335 2774 1388; x_wconf 80' lang='grc' dir='ltr'>ταῦτα</span> <span class='ocrx_word' id='word_1_262' title='bbox 2798 1332 2934 1403; x_wconf 83' lang='grc' dir='ltr'><strong>μετά</strong></span> <span class='ocrx_word' id='word_1_263' title='bbox 2963 1330 3061 1402; x_wconf 77' lang='grc' dir='ltr'><strong>τὴν</strong></span> <span class='ocrx_word' id='word_1_264' title='bbox 3083 1332 3224 1384; x_wconf 81' lang='grc' dir='ltr'>κατὰ</span> <span class='ocrx_word' id='word_1_265' title='bbox 3253 1330 3348 1383; x_wconf 91' lang='grc' dir='ltr'><strong>τοῦ</strong></span> <span class='ocrx_word' id='word_1_266' title='bbox 3369 1330 3732 1399; x_wconf 67' lang='grc' dir='ltr'><strong>ἀντικειμένου</strong></span> 
     </span>
    </p>
   </div>
   <div class='ocr_carea' id='block_1_41' title="bbox 2161 1422 3734 1501">
    <p class='ocr_par' dir='ltr' id='par_1_41' title="bbox 2161 1422 3734 1501">
     <span class='ocr_line' id='line_1_41' title="bbox 2161 1422 3734 1501; baseline -0.007 -16"><span class='ocrx_word' id='word_1_267' title='bbox 2161 1432 2362 1501; x_wconf 80' lang='grc' dir='ltr'><strong>πάλην,</strong></span> <span class='ocrx_word' id='word_1_268' title='bbox 2388 1431 2480 1482; x_wconf 75' lang='grc' dir='ltr'><strong>καὶ</strong></span> <span class='ocrx_word' id='word_1_269' title='bbox 2518 1428 2586 1481; x_wconf 73' lang='grc' dir='ltr'><strong>τὰ</strong></span> <span class='ocrx_word' id='word_1_270' title='bbox 2625 1429 2750 1481; x_wconf 83' lang='grc' dir='ltr'>κατ’</span> <span class='ocrx_word' id='word_1_271' title='bbox 2777 1429 2942 1479; x_wconf 76' lang='grc' dir='ltr'>αὐτου</span> <span class='ocrx_word' id='word_1_272' title='bbox 2982 1424 3241 1494; x_wconf 67' lang='grc' dir='ltr'>τρόπαια,</span> <span class='ocrx_word' id='word_1_273' title='bbox 3282 1422 3386 1492; x_wconf 79' lang='grc' dir='ltr'>τήν</span> <span class='ocrx_word' id='word_1_274' title='bbox 3413 1440 3474 1474; x_wconf 86' lang='grc' dir='ltr'><strong>τε</strong></span> <span class='ocrx_word' id='word_1_275' title='bbox 3513 1422 3606 1475; x_wconf 85' lang='grc' dir='ltr'><strong>τοῦ</strong></span> <span class='ocrx_word' id='word_1_276' title='bbox 3630 1425 3734 1479; x_wconf 82' lang='grc' dir='ltr'><strong>Πα-</strong></span> 
     </span>
    </p>
   </div>
   <div class='ocr_carea' id='block_1_42' title="bbox 2162 1515 3737 1595">
    <p class='ocr_par' dir='ltr' id='par_1_42' title="bbox 2162 1515 3737 1595">
     <span class='ocr_line' id='line_1_42' title="bbox 2162 1515 3737 1595; baseline -0.006 -17"><span class='ocrx_word' id='word_1_277' title='bbox 2162 1525 2287 1595; x_wconf 85' lang='grc' dir='ltr'>τρδς</span> <span class='ocrx_word' id='word_1_278' title='bbox 2339 1523 2544 1577; x_wconf 72' lang='grc' dir='ltr'>ἄνωθεν</span> <span class='ocrx_word' id='word_1_279' title='bbox 2597 1522 2928 1593; x_wconf 76' lang='grc' dir='ltr'>μαρτυρίαν,</span> <span class='ocrx_word' id='word_1_280' title='bbox 2978 1525 3072 1577; x_wconf 74' lang='grc' dir='ltr'>καὶ</span> <span class='ocrx_word' id='word_1_281' title='bbox 3130 1525 3228 1592; x_wconf 79' lang='grc' dir='ltr'>τὴν</span> <span class='ocrx_word' id='word_1_282' title='bbox 3288 1517 3580 1587; x_wconf 73' lang='grc' dir='ltr'>ἐπιδημίαν</span> <span class='ocrx_word' id='word_1_283' title='bbox 3647 1515 3737 1568; x_wconf 76' lang='grc' dir='ltr'><strong>τιῦ</strong></span> 
     </span>
    </p>
   </div>
   <div class='ocr_carea' id='block_1_43' title="bbox 2164 1605 3736 1685">
    <p class='ocr_par' dir='ltr' id='par_1_43' title="bbox 2164 1605 3736 1685">
     <span class='ocr_line' id='line_1_43' title="bbox 2164 1605 3736 1685; baseline -0.008 -15"><span class='ocrx_word' id='word_1_284' title='bbox 2164 1614 2503 1685; x_wconf 76' lang='grc' dir='ltr'>Πνεῦματος.</span> <span class='ocrx_word' id='word_1_285' title='bbox 2531 1613 2680 1684; x_wconf 75' lang='grc' dir='ltr'>Διῄει</span> <span class='ocrx_word' id='word_1_286' title='bbox 2712 1614 2767 1667; x_wconf 81' lang='grc' dir='ltr'><strong>δέ</strong></span> <span class='ocrx_word' id='word_1_287' title='bbox 2799 1613 2902 1666; x_wconf 69' lang='grc' dir='ltr'>ἀνὰ</span> <span class='ocrx_word' id='word_1_288' title='bbox 2923 1615 3104 1666; x_wconf 77' lang='grc' dir='ltr'>πᾶσαν</span> <span class='ocrx_word' id='word_1_289' title='bbox 3139 1611 3400 1665; x_wconf 79' lang='grc' dir='ltr'>Ἰουδαίαν</span> <span class='ocrx_word' id='word_1_290' title='bbox 3441 1609 3594 1678; x_wconf 75' lang='grc' dir='ltr'>φήμη</span> <span class='ocrx_word' id='word_1_291' title='bbox 3644 1605 3736 1659; x_wconf 76' lang='grc' dir='ltr'>καὶ</span> 
     </span>
    </p>
   </div>
   <div class='ocr_carea' id='block_1_44' title="bbox 2164 1698 3734 1772">
    <p class='ocr_par' dir='ltr' id='par_1_44' title="bbox 2164 1698 3734 1772">
     <span class='ocr_line' id='line_1_44' title="bbox 2164 1698 3734 1772; baseline -0.004 -16"><span class='ocrx_word' id='word_1_292' title='bbox 2164 1704 2474 1768; x_wconf 80' lang='grc' dir='ltr'>Γαλιλαίαν,</span> <span class='ocrx_word' id='word_1_293' title='bbox 2501 1705 2594 1756; x_wconf 89' lang='grc' dir='ltr'><strong>καί</strong></span> <span class='ocrx_word' id='word_1_294' title='bbox 2626 1721 2727 1756; x_wconf 77' lang='grc' dir='ltr'><strong>που</strong></span> <span class='ocrx_word' id='word_1_295' title='bbox 2751 1706 2846 1756; x_wconf 75' lang='grc' dir='ltr'><strong>καὶ</strong></span> <span class='ocrx_word' id='word_1_296' title='bbox 2871 1705 2986 1766; x_wconf 87' lang='grc' dir='ltr'>τοῖς</span> <span class='ocrx_word' id='word_1_297' title='bbox 3020 1701 3340 1772; x_wconf 76' lang='grc' dir='ltr'>ὑπερορίοις</span> <span class='ocrx_word' id='word_1_298' title='bbox 3365 1700 3433 1751; x_wconf 73' lang='grc' dir='ltr'>τὰ</span> <span class='ocrx_word' id='word_1_299' title='bbox 3463 1698 3556 1750; x_wconf 83' lang='grc' dir='ltr'><strong>τοῦ</strong></span> <span class='ocrx_word' id='word_1_300' title='bbox 3582 1698 3734 1764; x_wconf 79' lang='grc' dir='ltr'>εὐαγο</span> 
     </span>
    </p>
   </div>
   <div class='ocr_carea' id='block_1_45' title="bbox 2166 1789 3734 1868">
    <p class='ocr_par' dir='ltr' id='par_1_45' title="bbox 2166 1789 3734 1868">
     <span class='ocr_line' id='line_1_45' title="bbox 2166 1789 3734 1868; baseline -0.01 -16"><span class='ocrx_word' id='word_1_301' title='bbox 2166 1799 2386 1868; x_wconf 82' lang='grc' dir='ltr'>γελικοῦ</span> <span class='ocrx_word' id='word_1_302' title='bbox 2421 1797 2775 1868; x_wconf 74' lang='grc' dir='ltr'><strong>κηρύγματος</strong></span> <span class='ocrx_word' id='word_1_303' title='bbox 2801 1795 3009 1848; x_wconf 82' lang='grc' dir='ltr'>εἵπετο.</span> <span class='ocrx_word' id='word_1_304' title='bbox 3036 1794 3209 1846; x_wconf 85' lang='grc' dir='ltr'>Ἔνθα</span> <span class='ocrx_word' id='word_1_305' title='bbox 3247 1791 3436 1845; x_wconf 82' lang='grc' dir='ltr'>πολλοὶ</span> <span class='ocrx_word' id='word_1_306' title='bbox 3482 1789 3578 1858; x_wconf 75' lang='grc' dir='ltr'>μὲν</span> <span class='ocrx_word' id='word_1_307' title='bbox 3609 1789 3734 1856; x_wconf 58' lang='grc' dir='ltr'>πρὶς</span> 
     </span>
    </p>
   </div>
   <div class='ocr_carea' id='block_1_46' title="bbox 2167 1879 3735 1962">
    <p class='ocr_par' dir='ltr' id='par_1_46' title="bbox 2167 1879 3735 1962">
     <span class='ocr_line' id='line_1_46' title="bbox 2167 1879 3735 1962; baseline -0.008 -18"><span class='ocrx_word' id='word_1_308' title='bbox 2167 1893 2262 1962; x_wconf 81' lang='grc' dir='ltr'>τὴν</span> <span class='ocrx_word' id='word_1_309' title='bbox 2289 1889 2550 1961; x_wconf 78' lang='grc' dir='ltr'>ἀληθινὴν</span> <span class='ocrx_word' id='word_1_310' title='bbox 2584 1888 2789 1958; x_wconf 75' lang='grc' dir='ltr'>ταύτην</span> <span class='ocrx_word' id='word_1_311' title='bbox 2821 1884 3167 1940; x_wconf 77' lang='grc' dir='ltr'>διδασκαλίαν</span> <span class='ocrx_word' id='word_1_312' title='bbox 3216 1883 3290 1937; x_wconf 80' lang='grc' dir='ltr'><strong>τά</strong></span> <span class='ocrx_word' id='word_1_313' title='bbox 3317 1899 3378 1935; x_wconf 87' lang='grc' dir='ltr'><strong>τε</strong></span> <span class='ocrx_word' id='word_1_314' title='bbox 3401 1884 3496 1951; x_wconf 83' lang='grc' dir='ltr'>τῆς</span> <span class='ocrx_word' id='word_1_315' title='bbox 3523 1879 3735 1946; x_wconf 79' lang='grc' dir='ltr'>καρδίας</span> 
     </span>
    </p>
   </div>
   <div class='ocr_carea' id='block_1_47' title="bbox 2166 1973 3731 2052">
    <p class='ocr_par' dir='ltr' id='par_1_47' title="bbox 2166 1973 3731 2052">
     <span class='ocr_line' id='line_1_47' title="bbox 2166 1973 3731 2052; baseline -0.01 -14"><span class='ocrx_word' id='word_1_316' title='bbox 2166 1987 2324 2040; x_wconf 79' lang='grc' dir='ltr'>ἑόυον</span> <span class='ocrx_word' id='word_1_317' title='bbox 2357 1980 2496 2049; x_wconf 79' lang='grc' dir='ltr'>ὦτα,</span> <span class='ocrx_word' id='word_1_318' title='bbox 2525 1983 2621 2038; x_wconf 74' lang='grc' dir='ltr'>καὶ</span> <span class='ocrx_word' id='word_1_319' title='bbox 2648 1983 2718 2035; x_wconf 72' lang='grc' dir='ltr'><strong>τὰ</strong></span> <span class='ocrx_word' id='word_1_320' title='bbox 2749 1982 2850 2052; x_wconf 82' lang='grc' dir='ltr'><strong>τῆς</strong></span> <span class='ocrx_word' id='word_1_321' title='bbox 2892 1979 3129 2042; x_wconf 85' lang='grc' dir='ltr'>διανοίας</span> <span class='ocrx_word' id='word_1_322' title='bbox 3155 1978 3325 2048; x_wconf 73' lang='grc' dir='ltr'>εμυον</span> <span class='ocrx_word' id='word_1_323' title='bbox 3356 1977 3598 2046; x_wconf 81' lang='grc' dir='ltr'>δμματα,</span> <span class='ocrx_word' id='word_1_324' title='bbox 3624 1973 3731 2026; x_wconf 77' lang='grc' dir='ltr'>ὅσοι</span> 
     </span>
    </p>
   </div>
   <div class='ocr_carea' id='block_1_48' title="bbox 2170 2064 3736 2148">
    <p class='ocr_par' dir='ltr' id='par_1_48' title="bbox 2170 2064 3736 2148">
     <span class='ocr_line' id='line_1_48' title="bbox 2170 2064 3736 2148; baseline -0.01 -17"><span class='ocrx_word' id='word_1_325' title='bbox 2170 2077 2304 2148; x_wconf 81' lang='grc' dir='ltr'>μηδὲ</span> <span class='ocrx_word' id='word_1_326' title='bbox 2337 2077 2484 2146; x_wconf 80' lang='grc' dir='ltr'>ζωῆς</span> <span class='ocrx_word' id='word_1_327' title='bbox 2511 2075 2770 2142; x_wconf 79' lang='grc' dir='ltr'>δέξασθαι</span> <span class='ocrx_word' id='word_1_328' title='bbox 2800 2073 2980 2142; x_wconf 82' lang='grc' dir='ltr'>λόγον,</span> <span class='ocrx_word' id='word_1_329' title='bbox 3024 2072 3157 2142; x_wconf 82' lang='grc' dir='ltr'>μηδὲ</span> <span class='ocrx_word' id='word_1_330' title='bbox 3194 2069 3313 2139; x_wconf 80' lang='grc' dir='ltr'><strong>φῶς</strong></span> <span class='ocrx_word' id='word_1_331' title='bbox 3356 2069 3484 2120; x_wconf 83' lang='grc' dir='ltr'>ίδεῖν</span> <span class='ocrx_word' id='word_1_332' title='bbox 3510 2067 3568 2119; x_wconf 73' lang='grc' dir='ltr'>τὸ</span> <span class='ocrx_word' id='word_1_333' title='bbox 3609 2064 3736 2135; x_wconf 80' lang='grc' dir='ltr'>ἁληο</span> 
     </span>
    </p>
   </div>
   <div class='ocr_carea' id='block_1_49' title="bbox 2168 2158 3738 2239">
    <p class='ocr_par' dir='ltr' id='par_1_49' title="bbox 2168 2158 3738 2239">
     <span class='ocr_line' id='line_1_49' title="bbox 2168 2158 3738 2239; baseline -0.01 -15"><span class='ocrx_word' id='word_1_334' title='bbox 2168 2171 2312 2224; x_wconf 62' lang='grc' dir='ltr'>θινδν</span> <span class='ocrx_word' id='word_1_335' title='bbox 2383 2169 2682 2239; x_wconf 73' lang='grc' dir='ltr'>ἐτύγχανον</span> <span class='ocrx_word' id='word_1_336' title='bbox 2743 2166 2904 2232; x_wconf 76' lang='grc' dir='ltr'>ἄξιοι.</span> <span class='ocrx_word' id='word_1_337' title='bbox 2980 2159 3077 2228; x_wconf 75' lang='grc' dir='ltr'><strong>Οἷς</strong></span> <span class='ocrx_word' id='word_1_338' title='bbox 3109 2164 3168 2217; x_wconf 85' lang='grc' dir='ltr'><strong>δέ</strong></span> <span class='ocrx_word' id='word_1_339' title='bbox 3204 2163 3356 2234; x_wconf 74' lang='grc' dir='ltr'>ἴχνος</span> <span class='ocrx_word' id='word_1_340' title='bbox 3414 2158 3738 2214; x_wconf 78' lang='grc' dir='ltr'><strong>ἐντετύπωτο</strong></span> 
     </span>
    </p>
   </div>
   <div class='ocr_carea' id='block_1_50' title="bbox 2168 2247 3736 2331">
    <p class='ocr_par' dir='ltr' id='par_1_50' title="bbox 2168 2247 3736 2331">
     <span class='ocr_line' id='line_1_50' title="bbox 2168 2247 3736 2331; baseline -0.011 -15"><span class='ocrx_word' id='word_1_341' title='bbox 2168 2262 2561 2331; x_wconf 82' lang='grc' dir='ltr'>ἀληθείας,κα“ι</span> <span class='ocrx_word' id='word_1_342' title='bbox 2591 2261 2694 2330; x_wconf 81' lang='grc' dir='ltr'>γῆς</span> <span class='ocrx_word' id='word_1_343' title='bbox 2723 2259 2936 2328; x_wconf 81' lang='grc' dir='ltr'>ἀγαθῆς</span> <span class='ocrx_word' id='word_1_344' title='bbox 2979 2257 3138 2324; x_wconf 80' lang='grc' dir='ltr'>λόγον</span> <span class='ocrx_word' id='word_1_345' title='bbox 3195 2257 3442 2324; x_wconf 78' lang='grc' dir='ltr'>ἐπεῖχον,</span> <span class='ocrx_word' id='word_1_346' title='bbox 3479 2247 3619 2306; x_wconf 74' lang='grc' dir='ltr'>οὗτοι</span> <span class='ocrx_word' id='word_1_347' title='bbox 3649 2249 3736 2302; x_wconf 79' lang='grc' dir='ltr'>καὶ</span> 
     </span>
    </p>
   </div>
   <div class='ocr_carea' id='block_1_51' title="bbox 2167 2340 3737 2426">
    <p class='ocr_par' dir='ltr' id='par_1_51' title="bbox 2167 2340 3737 2426">
     <span class='ocr_line' id='line_1_51' title="bbox 2167 2340 3737 2426; baseline -0.011 -17"><span class='ocrx_word' id='word_1_348' title='bbox 2167 2355 2273 2426; x_wconf 80' lang='grc' dir='ltr'>ὅλῳ</span> <span class='ocrx_word' id='word_1_349' title='bbox 2303 2354 2491 2424; x_wconf 84' lang='grc' dir='ltr'>ἐώρων</span> <span class='ocrx_word' id='word_1_350' title='bbox 2517 2352 2593 2422; x_wconf 81' lang='grc' dir='ltr'>τῷ</span> <span class='ocrx_word' id='word_1_351' title='bbox 2623 2350 2912 2420; x_wconf 67' lang='grc' dir='ltr'>ὀφθαλμῷ,</span> <span class='ocrx_word' id='word_1_352' title='bbox 2936 2350 3030 2402; x_wconf 72' lang='grc' dir='ltr'><strong>καὶ</strong></span> <span class='ocrx_word' id='word_1_353' title='bbox 3060 2349 3279 2401; x_wconf 78' lang='grc' dir='ltr'>ἑστῶτα</span> <span class='ocrx_word' id='word_1_354' title='bbox 3309 2347 3526 2416; x_wconf 83' lang='grc' dir='ltr'>ὑπεῖχον</span> <span class='ocrx_word' id='word_1_355' title='bbox 3551 2343 3615 2395; x_wconf 76' lang='grc' dir='ltr'>τὰ</span> <span class='ocrx_word' id='word_1_356' title='bbox 3643 2340 3737 2406; x_wconf 76' lang='grc' dir='ltr'>τῆς</span> 
     </span>
    </p>
   </div>
   <div class='ocr_carea' id='block_1_52' title="bbox 2167 2433 3741 2517">
    <p class='ocr_par' dir='ltr' id='par_1_52' title="bbox 2167 2433 3741 2517">
     <span class='ocr_line' id='line_1_52' title="bbox 2167 2433 3741 2517; baseline -0.02 -3"><span class='ocrx_word' id='word_1_357' title='bbox 2167 2446 2341 2517; x_wconf 71' lang='grc' dir='ltr'>ψυχῆς</span> <span class='ocrx_word' id='word_1_358' title='bbox 2375 2441 2491 2500; x_wconf 72' lang='grc' dir='ltr'><strong>ὦτα</strong></span> <span class='ocrx_word' id='word_1_359' title='bbox 2531 2443 2664 2514; x_wconf 79' lang='grc' dir='ltr'>πρὸς</span> <span class='ocrx_word' id='word_1_360' title='bbox 2695 2442 2792 2513; x_wconf 81' lang='grc' dir='ltr'><strong>τὴν</strong></span> <span class='ocrx_word' id='word_1_361' title='bbox 2824 2443 3112 2513; x_wconf 79' lang='grc' dir='ltr'>ἀκρόασιν,</span> <span class='ocrx_word' id='word_1_362' title='bbox 3152 2435 3390 2508; x_wconf 77' lang='grc' dir='ltr'>τάχιστά</span> <span class='ocrx_word' id='word_1_363' title='bbox 3419 2452 3477 2487; x_wconf 88' lang='grc' dir='ltr'><strong>τε</strong></span> <span class='ocrx_word' id='word_1_364' title='bbox 3500 2434 3626 2505; x_wconf 71' lang='grc' dir='ltr'>πρὸς</span> <span class='ocrx_word' id='word_1_365' title='bbox 3648 2433 3741 2500; x_wconf 74' lang='grc' dir='ltr'><strong>τὴν</strong></span> 
     </span>
    </p>
   </div>
   <div class='ocr_carea' id='block_1_53' title="bbox 2167 2525 3735 2606">
    <p class='ocr_par' dir='ltr' id='par_1_53' title="bbox 2167 2525 3735 2606">
     <span class='ocr_line' id='line_1_53' title="bbox 2167 2525 3735 2606; baseline -0.01 -17"><span class='ocrx_word' id='word_1_366' title='bbox 2167 2536 2427 2606; x_wconf 82' lang='grc' dir='ltr'>ἀλήθειαν</span> <span class='ocrx_word' id='word_1_367' title='bbox 2448 2533 2811 2604; x_wconf 81' lang='grc' dir='ltr'>μετετίθεντο,</span> <span class='ocrx_word' id='word_1_368' title='bbox 2835 2532 2932 2585; x_wconf 77' lang='grc' dir='ltr'>καὶ</span> <span class='ocrx_word' id='word_1_369' title='bbox 2955 2531 3106 2584; x_wconf 75' lang='grc' dir='ltr'>οὐδὲν</span> <span class='ocrx_word' id='word_1_370' title='bbox 3139 2529 3167 2582; x_wconf 83' lang='grc' dir='ltr'><strong>ὃ</strong></span> <span class='ocrx_word' id='word_1_371' title='bbox 3187 2529 3398 2600; x_wconf 79' lang='grc' dir='ltr'>πρᾶξαι</span> <span class='ocrx_word' id='word_1_372' title='bbox 3414 2525 3596 2598; x_wconf 70' lang='grc' dir='ltr'>ιπαρὺν</span> <span class='ocrx_word' id='word_1_373' title='bbox 3616 2539 3735 2576; x_wconf 70' lang='grc' dir='ltr'>κατα</span> 
     </span>
    </p>
   </div>
   <div class='ocr_carea' id='block_1_54' title="bbox 2169 2616 3738 2698">
    <p class='ocr_par' dir='ltr' id='par_1_54' title="bbox 2169 2616 3738 2698">
     <span class='ocr_line' id='line_1_54' title="bbox 2169 2616 3738 2698; baseline -0.011 -17"><span class='ocrx_word' id='word_1_374' title='bbox 2169 2629 2494 2698; x_wconf 82' lang='grc' dir='ltr'>ελίμπανον,</span> <span class='ocrx_word' id='word_1_375' title='bbox 2513 2627 2659 2688; x_wconf 80' lang='grc' dir='ltr'>ὅπως</span> <span class='ocrx_word' id='word_1_376' title='bbox 2677 2623 2743 2678; x_wconf 86' lang='grc' dir='ltr'><strong>ἂν</strong></span> <span class='ocrx_word' id='word_1_377' title='bbox 2763 2624 2927 2691; x_wconf 78' lang='grc' dir='ltr'>ἐγγὺς</span> <span class='ocrx_word' id='word_1_378' title='bbox 2945 2622 3038 2674; x_wconf 81' lang='grc' dir='ltr'><strong>τοῦ</strong></span> <span class='ocrx_word' id='word_1_379' title='bbox 3057 2619 3269 2674; x_wconf 81' lang='grc' dir='ltr'>τοιοῦδε</span> <span class='ocrx_word' id='word_1_380' title='bbox 3298 2617 3462 2671; x_wconf 81' lang='grc' dir='ltr'>καλοῦ</span> <span class='ocrx_word' id='word_1_381' title='bbox 3489 2616 3738 2685; x_wconf 77' lang='grc' dir='ltr'>γένοιντο,</span> 
     </span>
    </p>
   </div>
   <div class='ocr_carea' id='block_1_55' title="bbox 2169 2701 3733 2788">
    <p class='ocr_par' dir='ltr' id='par_1_55' title="bbox 2169 2701 3733 2788">
     <span class='ocr_line' id='line_1_55' title="bbox 2169 2701 3733 2788; baseline -0.012 -15"><span class='ocrx_word' id='word_1_382' title='bbox 2169 2721 2262 2773; x_wconf 73' lang='grc' dir='ltr'><strong>καὶ</strong></span> <span class='ocrx_word' id='word_1_383' title='bbox 2299 2720 2436 2788; x_wconf 85' lang='grc' dir='ltr'>αὑτῇ</span> <span class='ocrx_word' id='word_1_384' title='bbox 2490 2719 2674 2787; x_wconf 73' lang='grc' dir='ltr'>γυμνῇ</span> <span class='ocrx_word' id='word_1_385' title='bbox 2705 2717 2772 2786; x_wconf 79' lang='grc' dir='ltr'>τῇ</span> <span class='ocrx_word' id='word_1_386' title='bbox 2810 2713 2956 2783; x_wconf 76' lang='grc' dir='ltr'>ψυχῇ</span> <span class='ocrx_word' id='word_1_387' title='bbox 2988 2713 3089 2784; x_wconf 82' lang='grc' dir='ltr'><strong>τὴν</strong></span> <span class='ocrx_word' id='word_1_388' title='bbox 3132 2709 3515 2779; x_wconf 61' lang='grc' dir='ltr'>πληροφορίαν</span> <span class='ocrx_word' id='word_1_389' title='bbox 3572 2701 3733 2756; x_wconf 86' lang='grc' dir='ltr'>εἰσδέ-</span> 
     </span>
    </p>
   </div>
   <div class='ocr_carea' id='block_1_56' title="bbox 2170 2793 3740 2878">
    <p class='ocr_par' dir='ltr' id='par_1_56' title="bbox 2170 2793 3740 2878">
     <span class='ocr_line' id='line_1_56' title="bbox 2170 2793 3740 2878; baseline -0.013 -13"><span class='ocrx_word' id='word_1_390' title='bbox 2170 2813 2371 2878; x_wconf 78' lang='grc' dir='ltr'>ξαιντο.</span> <span class='ocrx_word' id='word_1_391' title='bbox 2395 2809 2613 2862; x_wconf 83' lang='grc' dir='ltr'>Τούτων</span> <span class='ocrx_word' id='word_1_392' title='bbox 2643 2801 2721 2870; x_wconf 75' lang='grc' dir='ltr'>εἷς</span> <span class='ocrx_word' id='word_1_393' title='bbox 2755 2802 2820 2876; x_wconf 82' lang='grc' dir='ltr'>ἦν</span> <span class='ocrx_word' id='word_1_394' title='bbox 2850 2806 2942 2856; x_wconf 75' lang='grc' dir='ltr'>καὶ</span> <span class='ocrx_word' id='word_1_395' title='bbox 2967 2804 2995 2855; x_wconf 78' lang='grc' dir='ltr'>ὁ</span> <span class='ocrx_word' id='word_1_396' title='bbox 3022 2800 3343 2870; x_wconf 60' lang='grc' dir='ltr'>θαυμαστὴς</span> <span class='ocrx_word' id='word_1_397' title='bbox 3368 2800 3464 2867; x_wconf 77' lang='grc' dir='ltr'><strong>τῆς</strong></span> <span class='ocrx_word' id='word_1_398' title='bbox 3501 2793 3740 2866; x_wconf 74' lang='grc' dir='ltr'>ἀληθείας</span> 
     </span>
    </p>
   </div>
   <div class='ocr_carea' id='block_1_57' title="bbox 2169 2887 3734 2973">
    <p class='ocr_par' dir='ltr' id='par_1_57' title="bbox 2169 2887 3734 2973">
     <span class='ocr_line' id='line_1_57' title="bbox 2169 2887 3734 2973; baseline -0.013 -17"><span class='ocrx_word' id='word_1_399' title='bbox 2169 2901 2322 2968; x_wconf 72' lang='grc' dir='ltr'>οὗτος</span> <span class='ocrx_word' id='word_1_400' title='bbox 2362 2901 2537 2973; x_wconf 78' lang='grc' dir='ltr'>κῆρύξ</span> <span class='ocrx_word' id='word_1_401' title='bbox 2567 2917 2627 2953; x_wconf 89' lang='grc' dir='ltr'><strong>τε</strong></span> <span class='ocrx_word' id='word_1_402' title='bbox 2659 2899 2751 2952; x_wconf 66' lang='grc' dir='ltr'>καὶ</span> <span class='ocrx_word' id='word_1_403' title='bbox 2777 2894 3117 2957; x_wconf 84' lang='grc' dir='ltr'>διδάσκαλος.</span> <span class='ocrx_word' id='word_1_404' title='bbox 3143 2894 3246 2956; x_wconf 83' lang='grc' dir='ltr'><strong>’³ος</strong></span> <span class='ocrx_word' id='word_1_405' title='bbox 3279 2892 3412 2963; x_wconf 76' lang='grc' dir='ltr'>πρὸς</span> <span class='ocrx_word' id='word_1_406' title='bbox 3446 2889 3506 2943; x_wconf 80' lang='grc' dir='ltr'><strong>τὸ</strong></span> <span class='ocrx_word' id='word_1_407' title='bbox 3530 2887 3734 2946; x_wconf 80' lang='grc' dir='ltr'>εὐσεόὲς</span> 
     </span>
    </p>
   </div>
   <div class='ocr_carea' id='block_1_58' title="bbox 2170 2981 3736 3067">
    <p class='ocr_par' dir='ltr' id='par_1_58' title="bbox 2170 2981 3736 3067">
     <span class='ocr_line' id='line_1_58' title="bbox 2170 2981 3736 3067; baseline -0.012 -18"><span class='ocrx_word' id='word_1_408' title='bbox 2170 2998 2452 3067; x_wconf 84' lang='grc' dir='ltr'>κήρυγμα,</span> <span class='ocrx_word' id='word_1_409' title='bbox 2478 2995 2538 3045; x_wconf 74' lang='grc' dir='ltr'>τὸ</span> <span class='ocrx_word' id='word_1_410' title='bbox 2558 2991 2712 3062; x_wconf 78' lang='grc' dir='ltr'>δμμα</span> <span class='ocrx_word' id='word_1_411' title='bbox 2737 2989 2834 3059; x_wconf 80' lang='grc' dir='ltr'><strong>τῆς</strong></span> <span class='ocrx_word' id='word_1_412' title='bbox 2868 2987 3106 3048; x_wconf 79' lang='grc' dir='ltr'>διανοίας</span> <span class='ocrx_word' id='word_1_413' title='bbox 3127 2981 3736 3053; x_wconf 70' lang='grc' dir='ltr'>καταυγασθεὶς,ὑπερ-</span> 
     </span>
    </p>
   </div>
   <div class='ocr_carea' id='block_1_59' title="bbox 2169 3072 3738 3159">
    <p class='ocr_par' dir='ltr' id='par_1_59' title="bbox 2169 3072 3738 3159">
     <span class='ocr_line' id='line_1_59' title="bbox 2169 3072 3738 3159; baseline -0.011 -17"><span class='ocrx_word' id='word_1_414' title='bbox 2169 3091 2270 3159; x_wconf 78' lang='grc' dir='ltr'>ορᾷ</span> <span class='ocrx_word' id='word_1_415' title='bbox 2299 3089 2397 3159; x_wconf 80' lang='grc' dir='ltr'>μὲν</span> <span class='ocrx_word' id='word_1_416' title='bbox 2419 3084 2739 3154; x_wconf 83' lang='grc' dir='ltr'>συγγενείας</span> <span class='ocrx_word' id='word_1_417' title='bbox 2772 3083 3012 3146; x_wconf 77' lang='grc' dir='ltr'>ἁπάσης,</span> <span class='ocrx_word' id='word_1_418' title='bbox 3048 3079 3306 3150; x_wconf 75' lang='grc' dir='ltr'>ὑπερορᾷ</span> <span class='ocrx_word' id='word_1_419' title='bbox 3337 3078 3393 3131; x_wconf 84' lang='grc' dir='ltr'><strong>δὲ</strong></span> <span class='ocrx_word' id='word_1_420' title='bbox 3435 3077 3526 3130; x_wconf 76' lang='grc' dir='ltr'><strong>καὶ</strong></span> <span class='ocrx_word' id='word_1_421' title='bbox 3548 3072 3738 3137; x_wconf 77' lang='grc' dir='ltr'>σπλάγ-</span> 
     </span>
    </p>
   </div>
   <div class='ocr_carea' id='block_1_60' title="bbox 486 3169 2064 3261">
    <p class='ocr_par' dir='ltr' id='par_1_60' title="bbox 486 3186 2064 3256">
     <span class='ocr_line' id='line_1_60' title="bbox 486 3186 2064 3256; baseline -0.006 -8"><span class='ocrx_word' id='word_1_422' title='bbox 486 3193 690 3248; x_wconf 87' lang='lat' dir='ltr'><strong>mcntis</strong></span> <span class='ocrx_word' id='word_1_423' title='bbox 756 3189 917 3245; x_wconf 92' lang='lat' dir='ltr'><strong>oculo</strong></span> <span class='ocrx_word' id='word_1_424' title='bbox 988 3188 1323 3250; x_wconf 81' lang='lat' dir='ltr'><strong>illustratus,</strong></span> <span class='ocrx_word' id='word_1_425' title='bbox 1400 3186 1635 3254; x_wconf 86' lang='lat' dir='ltr'><strong>despicit</strong></span> <span class='ocrx_word' id='word_1_426' title='bbox 1687 3186 2064 3256; x_wconf 79' lang='lat' dir='ltr'><strong>cognationem</strong></span> 
     </span>
    </p>
   </div>
   <div class='ocr_carea' id='block_1_61' title="bbox 2168 3169 3730 3261">
    <p class='ocr_par' dir='ltr' id='par_1_61' title="bbox 2172 3169 3730 3251">
     <span class='ocr_line' id='line_1_61' title="bbox 2172 3169 3730 3251; baseline -0.01 -19"><span class='ocrx_word' id='word_1_427' title='bbox 2172 3199 2314 3251; x_wconf 82' lang='grc' dir='ltr'>χνων</span> <span class='ocrx_word' id='word_1_428' title='bbox 2349 3180 2457 3232; x_wconf 78' lang='grc' dir='ltr'>τῶν</span> <span class='ocrx_word' id='word_1_429' title='bbox 2479 3176 2758 3246; x_wconf 82' lang='grc' dir='ltr'>φυσικῶν,</span> <span class='ocrx_word' id='word_1_430' title='bbox 2818 3175 3134 3229; x_wconf 86' lang='grc' dir='ltr'>ἀποτίθεται</span> <span class='ocrx_word' id='word_1_431' title='bbox 3164 3176 3448 3243; x_wconf 79' lang='grc' dir='ltr'>χρήματα,</span> <span class='ocrx_word' id='word_1_432' title='bbox 3474 3169 3730 3237; x_wconf 74' lang='grc' dir='ltr'>κτήματα,</span> 
     </span>
    </p>
   </div>
   <div class='ocr_carea' id='block_1_62' title="bbox 390 3277 2069 3351">
    <p class='ocr_par' dir='ltr' id='par_1_62' title="bbox 390 3277 2069 3351">
     <span class='ocr_line' id='line_1_62' title="bbox 390 3277 2069 3351; baseline -0.007 -10"><span class='ocrx_word' id='word_1_433' title='bbox 390 3293 401 3302; x_wconf 87' lang='grc'><strong>”</strong></span> <span class='ocrx_word' id='word_1_434' title='bbox 487 3299 731 3348; x_wconf 89' lang='lat' dir='ltr'><strong>omnem,</strong></span> <span class='ocrx_word' id='word_1_435' title='bbox 770 3279 1002 3351; x_wconf 87' lang='lat' dir='ltr'><strong>despicit</strong></span> <span class='ocrx_word' id='word_1_436' title='bbox 1036 3288 1090 3332; x_wconf 89' lang='lat' dir='ltr'><strong>et</strong></span> <span class='ocrx_word' id='word_1_437' title='bbox 1126 3291 1336 3331; x_wconf 66' lang='lat' dir='ltr'><strong>naturae</strong></span> <span class='ocrx_word' id='word_1_438' title='bbox 1372 3277 1603 3342; x_wconf 87' lang='lat' dir='ltr'><strong>viscera,</strong></span> <span class='ocrx_word' id='word_1_439' title='bbox 1662 3277 1846 3345; x_wconf 87' lang='lat' dir='ltr'><strong>abjicit</strong></span> <span class='ocrx_word' id='word_1_440' title='bbox 1903 3292 2069 3346; x_wconf 88' lang='lat' dir='ltr'><strong>pecn-</strong></span> 
     </span>
    </p>
   </div>
   <div class='ocr_carea' id='block_1_63' title="bbox 485 3369 2068 3446">
    <p class='ocr_par' dir='ltr' id='par_1_63' title="bbox 485 3369 2068 3446">
     <span class='ocr_line' id='line_1_63' title="bbox 485 3369 2068 3446; baseline -0.005 -14"><span class='ocrx_word' id='word_1_441' title='bbox 485 3396 519 3432; x_wconf 84' lang='grc' dir='ltr'><strong>ιι</strong></span> <span class='ocrx_word' id='word_1_442' title='bbox 547 3393 628 3442; x_wconf 87' lang='lat' dir='ltr'><strong>as,</strong></span> <span class='ocrx_word' id='word_1_443' title='bbox 663 3373 1062 3446; x_wconf 87' lang='lat' dir='ltr'><strong>possessiones,</strong></span> <span class='ocrx_word' id='word_1_444' title='bbox 1113 3384 1442 3439; x_wconf 88' lang='lat' dir='ltr'><strong>omnemque</strong></span> <span class='ocrx_word' id='word_1_445' title='bbox 1496 3369 1861 3424; x_wconf 89' lang='lat' dir='ltr'><strong>substantiam</strong></span> <span class='ocrx_word' id='word_1_446' title='bbox 1918 3387 1931 3424; x_wconf 90' lang='lat'>:</span> <span class='ocrx_word' id='word_1_447' title='bbox 1994 3371 2068 3424; x_wconf 77' lang='lat' dir='ltr'><strong>ita</strong></span> 
     </span>
    </p>
   </div>
   <div class='ocr_carea' id='block_1_64' title="bbox 484 3461 2068 3532">
    <p class='ocr_par' dir='ltr' id='par_1_64' title="bbox 484 3461 2068 3532">
     <span class='ocr_line' id='line_1_64' title="bbox 484 3461 2068 3532; baseline -0.005 -9"><span class='ocrx_word' id='word_1_448' title='bbox 484 3479 543 3523; x_wconf 89' lang='lat' dir='ltr'><strong>ut</strong></span> <span class='ocrx_word' id='word_1_449' title='bbox 601 3482 765 3522; x_wconf 87' lang='lat' dir='ltr'><strong>nemo</strong></span> <span class='ocrx_word' id='word_1_450' title='bbox 820 3465 956 3520; x_wconf 89' lang='lat' dir='ltr'><strong>adeo</strong></span> <span class='ocrx_word' id='word_1_451' title='bbox 1001 3462 1162 3518; x_wconf 86' lang='lat' dir='ltr'><strong>facile</strong></span> <span class='ocrx_word' id='word_1_452' title='bbox 1223 3461 1424 3532; x_wconf 88' lang='lat' dir='ltr'><strong>pedum</strong></span> <span class='ocrx_word' id='word_1_453' title='bbox 1483 3461 1762 3531; x_wconf 88' lang='lat' dir='ltr'><strong>pulverem</strong></span> <span class='ocrx_word' id='word_1_454' title='bbox 1824 3477 1889 3516; x_wconf 89' lang='lat' dir='ltr'><strong>ac</strong></span> <span class='ocrx_word' id='word_1_455' title='bbox 1949 3477 2068 3515; x_wconf 90' lang='lat' dir='ltr'><strong>ma-</strong></span> 
     </span>
    </p>
   </div>
   <div class='ocr_carea' id='block_1_65' title="bbox 487 3552 2068 3624">
    <p class='ocr_par' dir='ltr' id='par_1_65' title="bbox 487 3552 2068 3624">
     <span class='ocr_line' id='line_1_65' title="bbox 487 3552 2068 3624; baseline -0.004 -11"><span class='ocrx_word' id='word_1_456' title='bbox 487 3575 658 3614; x_wconf 81' lang='lat' dir='ltr'><strong>nuum</strong></span> <span class='ocrx_word' id='word_1_457' title='bbox 696 3555 884 3612; x_wconf 87' lang='lat' dir='ltr'><strong>sordes</strong></span> <span class='ocrx_word' id='word_1_458' title='bbox 909 3554 1216 3624; x_wconf 86' lang='lat' dir='ltr'><strong>abjiceret:</strong></span> <span class='ocrx_word' id='word_1_459' title='bbox 1253 3561 1311 3606; x_wconf 93' lang='lat' dir='ltr'><strong>ut</strong></span> <span class='ocrx_word' id='word_1_460' title='bbox 1369 3566 1437 3606; x_wconf 91' lang='lat' dir='ltr'><strong>ne</strong></span> <span class='ocrx_word' id='word_1_461' title='bbox 1499 3552 1586 3607; x_wconf 91' lang='lat' dir='ltr'><strong>vel</strong></span> <span class='ocrx_word' id='word_1_462' title='bbox 1646 3553 1749 3606; x_wconf 84' lang='lat' dir='ltr'><strong>hoc</strong></span> <span class='ocrx_word' id='word_1_463' title='bbox 1813 3552 1932 3622; x_wconf 91' lang='lat' dir='ltr'><strong>ipso</strong></span> <span class='ocrx_word' id='word_1_464' title='bbox 1958 3570 2068 3623; x_wconf 75' lang='lat' dir='ltr'><strong>pra:</strong></span> 
     </span>
    </p>
   </div>
   <div class='ocr_carea' id='block_1_66' title="bbox 490 3643 2071 3717">
    <p class='ocr_par' dir='ltr' id='par_1_66' title="bbox 490 3643 2071 3717">
     <span class='ocr_line' id='line_1_66' title="bbox 490 3643 2071 3717; baseline -0.003 -13"><span class='ocrx_word' id='word_1_465' title='bbox 490 3649 808 3706; x_wconf 73' lang='lat' dir='ltr'><strong>festinantia</strong></span> <span class='ocrx_word' id='word_1_466' title='bbox 835 3644 1090 3717; x_wconf 88' lang='lat' dir='ltr'><strong>occupari</strong></span> <span class='ocrx_word' id='word_1_467' title='bbox 1125 3654 1274 3699; x_wconf 86' lang='lat' dir='ltr'><strong>certe</strong></span> <span class='ocrx_word' id='word_1_468' title='bbox 1309 3643 1568 3714; x_wconf 89' lang='lat' dir='ltr'><strong>potuerit,</strong></span> <span class='ocrx_word' id='word_1_469' title='bbox 1609 3658 1720 3714; x_wconf 89' lang='lat' dir='ltr'><strong>quo</strong></span> <span class='ocrx_word' id='word_1_470' title='bbox 1779 3644 2071 3700; x_wconf 81' lang='lat' dir='ltr'><strong>facultates</strong></span> 
     </span>
    </p>
   </div>
   <div class='ocr_carea' id='block_1_67' title="bbox 488 3735 2066 3811">
    <p class='ocr_par' dir='ltr' id='par_1_67' title="bbox 488 3735 2066 3811">
     <span class='ocr_line' id='line_1_67' title="bbox 488 3735 2066 3811; baseline -0.005 -13"><span class='ocrx_word' id='word_1_471' title='bbox 488 3741 862 3811; x_wconf 76' lang='lat' dir='ltr'><strong>indigentibus</strong></span> <span class='ocrx_word' id='word_1_472' title='bbox 899 3737 1274 3792; x_wconf 77' lang='lat' dir='ltr'><strong>distribuerat.</strong></span> <span class='ocrx_word' id='word_1_473' title='bbox 1319 3735 1502 3806; x_wconf 88' lang='lat' dir='ltr'><strong>thue</strong></span> <span class='ocrx_word' id='word_1_474' title='bbox 1557 3735 1798 3791; x_wconf 86' lang='lat' dir='ltr'><strong>breviter</strong></span> <span class='ocrx_word' id='word_1_475' title='bbox 1865 3737 2066 3802; x_wconf 87' lang='lat' dir='ltr'><strong>dicam,</strong></span> 
     </span>
    </p>
   </div>
   <div class='ocr_carea' id='block_1_68' title="bbox 486 3827 2069 3904">
    <p class='ocr_par' dir='ltr' id='par_1_68' title="bbox 486 3827 2069 3904">
     <span class='ocr_line' id='line_1_68' title="bbox 486 3827 2069 3904; baseline -0.002 -18"><span class='ocrx_word' id='word_1_476' title='bbox 486 3833 759 3904; x_wconf 82' lang='lat' dir='ltr'><strong>despectis</strong></span> <span class='ocrx_word' id='word_1_477' title='bbox 807 3830 1023 3885; x_wconf 87' lang='lat' dir='ltr'><strong>cunctis</strong></span> <span class='ocrx_word' id='word_1_478' title='bbox 1079 3827 1459 3892; x_wconf 87' lang='lat' dir='ltr'><strong>inferioribus,</strong></span> <span class='ocrx_word' id='word_1_479' title='bbox 1515 3842 1751 3898; x_wconf 85' lang='lat' dir='ltr'><strong>superna</strong></span> <span class='ocrx_word' id='word_1_480' title='bbox 1805 3827 2069 3884; x_wconf 86' lang='lat' dir='ltr'><strong>velociter</strong></span> 
     </span>
    </p>
   </div>
   <div class='ocr_carea' id='block_1_69' title="bbox 486 3917 2067 3993">
    <p class='ocr_par' dir='ltr' id='par_1_69' title="bbox 486 3917 2067 3993">
     <span class='ocr_line' id='line_1_69' title="bbox 486 3917 2067 3993; baseline -0.003 -15"><span class='ocrx_word' id='word_1_481' title='bbox 486 3922 948 3993; x_wconf 83' lang='lat' dir='ltr'><strong>amplectitur,et</strong></span> <span class='ocrx_word' id='word_1_482' title='bbox 977 3919 1048 3974; x_wconf 89' lang='lat' dir='ltr'><strong>ad</strong></span> <span class='ocrx_word' id='word_1_483' title='bbox 1083 3917 1330 3973; x_wconf 81' lang='lat' dir='ltr'><strong>Judaeam</strong></span> <span class='ocrx_word' id='word_1_484' title='bbox 1384 3918 1616 3986; x_wconf 88' lang='lat' dir='ltr'><strong>accedit,</strong></span> <span class='ocrx_word' id='word_1_485' title='bbox 1684 3918 1940 3988; x_wconf 87' lang='lat' dir='ltr'><strong>vaditque</strong></span> <span class='ocrx_word' id='word_1_486' title='bbox 1999 3921 2067 3973; x_wconf 87' lang='lat' dir='ltr'><strong>ad</strong></span> 
     </span>
    </p>
   </div>
   <div class='ocr_carea' id='block_1_70' title="bbox 489 4009 2068 4084">
    <p class='ocr_par' dir='ltr' id='par_1_70' title="bbox 489 4009 2068 4084">
     <span class='ocr_line' id='line_1_70' title="bbox 489 4009 2068 4084; baseline -0.003 -14"><span class='ocrx_word' id='word_1_487' title='bbox 489 4031 615 4071; x_wconf 86' lang='lat' dir='ltr'><strong>eum</strong></span> <span class='ocrx_word' id='word_1_488' title='bbox 642 4029 807 4084; x_wconf 89' lang='lat' dir='ltr'><strong>quem</strong></span> <span class='ocrx_word' id='word_1_489' title='bbox 835 4010 1286 4081; x_wconf 83' lang='lat' dir='ltr'><strong>concupiscebat,</strong></span> <span class='ocrx_word' id='word_1_490' title='bbox 1313 4024 1377 4063; x_wconf 88' lang='lat' dir='ltr'><strong>ac</strong></span> <span class='ocrx_word' id='word_1_491' title='bbox 1408 4009 1591 4064; x_wconf 89' lang='lat' dir='ltr'><strong>statim</strong></span> <span class='ocrx_word' id='word_1_492' title='bbox 1611 4009 1679 4065; x_wconf 86' lang='lat' dir='ltr'><strong>ad</strong></span> <span class='ocrx_word' id='word_1_493' title='bbox 1715 4019 2068 4081; x_wconf 70' lang='lat' dir='ltr'><strong>conspectam</strong></span> 
     </span>
    </p>
   </div>
   <div class='ocr_carea' id='block_1_71' title="bbox 483 4101 2069 4173">
    <p class='ocr_par' dir='ltr' id='par_1_71' title="bbox 483 4101 2069 4173">
     <span class='ocr_line' id='line_1_71' title="bbox 483 4101 2069 4173; baseline -0.003 -11"><span class='ocrx_word' id='word_1_494' title='bbox 483 4124 549 4162; x_wconf 78' lang='lat' dir='ltr'><strong>ac</strong></span> <span class='ocrx_word' id='word_1_495' title='bbox 580 4120 864 4162; x_wconf 86' lang='lat' dir='ltr'><strong>sermones</strong></span> <span class='ocrx_word' id='word_1_496' title='bbox 891 4103 1047 4168; x_wconf 81' lang='lat' dir='ltr'><strong>.lesu,</strong></span> <span class='ocrx_word' id='word_1_497' title='bbox 1087 4101 1320 4157; x_wconf 82' lang='lat' dir='ltr'><strong>eﬂicitur</strong></span> <span class='ocrx_word' id='word_1_498' title='bbox 1355 4101 1698 4171; x_wconf 88' lang='lat' dir='ltr'><strong>splendidum</strong></span> <span class='ocrx_word' id='word_1_499' title='bbox 1744 4113 2069 4173; x_wconf 82' lang='lat' dir='ltr'><strong>receptacu-</strong></span> 
     </span>
    </p>
   </div>
   <div class='ocr_carea' id='block_1_72' title="bbox 484 4192 2068 4266">
    <p class='ocr_par' dir='ltr' id='par_1_72' title="bbox 484 4192 2068 4266">
     <span class='ocr_line' id='line_1_72' title="bbox 484 4192 2068 4266; baseline -0.002 -15"><span class='ocrx_word' id='word_1_500' title='bbox 484 4199 599 4253; x_wconf 82' lang='lat' dir='ltr'><strong>lant</strong></span> <span class='ocrx_word' id='word_1_501' title='bbox 634 4201 698 4250; x_wconf 86' lang='lat' dir='ltr'><strong>ad</strong></span> <span class='ocrx_word' id='word_1_502' title='bbox 724 4193 1024 4266; x_wconf 87' lang='lat' dir='ltr'><strong>pretiosum</strong></span> <span class='ocrx_word' id='word_1_503' title='bbox 1048 4193 1234 4264; x_wconf 74' lang='lat' dir='ltr'><strong>gratiae</strong></span> <span class='ocrx_word' id='word_1_504' title='bbox 1268 4201 1630 4260; x_wconf 81' lang='lat' dir='ltr'><strong>unguentum.</strong></span> <span class='ocrx_word' id='word_1_505' title='bbox 1673 4192 1862 4263; x_wconf 84' lang='lat' dir='ltr'><strong>Neque</strong></span> <span class='ocrx_word' id='word_1_506' title='bbox 1887 4204 2068 4249; x_wconf 88' lang='lat' dir='ltr'><strong>tamen</strong></span> 
     </span>
    </p>
   </div>
   <div class='ocr_carea' id='block_1_73' title="bbox 483 4283 2070 4356">
    <p class='ocr_par' dir='ltr' id='par_1_73' title="bbox 483 4283 2070 4356">
     <span class='ocr_line' id='line_1_73' title="bbox 483 4283 2070 4356; baseline -0.001 -13"><span class='ocrx_word' id='word_1_507' title='bbox 483 4288 560 4343; x_wconf 85' lang='lat' dir='ltr'><strong>illi</strong></span> <span class='ocrx_word' id='word_1_508' title='bbox 587 4285 966 4356; x_wconf 81' lang='lat' dir='ltr'><strong>frequentibus</strong></span> <span class='ocrx_word' id='word_1_509' title='bbox 996 4284 1098 4337; x_wconf 89' lang='lat' dir='ltr'><strong>fuit</strong></span> <span class='ocrx_word' id='word_1_510' title='bbox 1129 4298 1270 4353; x_wconf 91' lang='lat' dir='ltr'><strong>opus</strong></span> <span class='ocrx_word' id='word_1_511' title='bbox 1295 4283 1643 4339; x_wconf 88' lang='lat' dir='ltr'><strong>sermonibus</strong></span> <span class='ocrx_word' id='word_1_512' title='bbox 1681 4300 1746 4340; x_wconf 89' lang='lat' dir='ltr'><strong>ac</strong></span> <span class='ocrx_word' id='word_1_513' title='bbox 1790 4286 2070 4341; x_wconf 85' lang='lat' dir='ltr'><strong>miraculis</strong></span> 
     </span>
    </p>
   </div>
   <div class='ocr_carea' id='block_1_74' title="bbox 487 4376 2070 4448">
    <p class='ocr_par' dir='ltr' id='par_1_74' title="bbox 487 4376 2070 4448">
     <span class='ocr_line' id='line_1_74' title="bbox 487 4376 2070 4448; baseline -0.001 -14"><span class='ocrx_word' id='word_1_514' title='bbox 487 4381 557 4436; x_wconf 87' lang='lat' dir='ltr'><strong>ad</strong></span> <span class='ocrx_word' id='word_1_515' title='bbox 597 4378 742 4436; x_wconf 82' lang='lat' dir='ltr'><strong>illius</strong></span> <span class='ocrx_word' id='word_1_516' title='bbox 803 4376 1223 4448; x_wconf 76' lang='lat' dir='ltr'><strong>cognitionem;</strong></span> <span class='ocrx_word' id='word_1_517' title='bbox 1291 4377 1386 4430; x_wconf 88' lang='lat' dir='ltr'><strong>sed</strong></span> <span class='ocrx_word' id='word_1_518' title='bbox 1453 4385 1657 4446; x_wconf 82' lang='lat' dir='ltr'><strong>quanto</strong></span> <span class='ocrx_word' id='word_1_519' title='bbox 1695 4377 1942 4432; x_wconf 89' lang='lat' dir='ltr'><strong>doctrina</strong></span> <span class='ocrx_word' id='word_1_520' title='bbox 2007 4393 2070 4434; x_wconf 91' lang='lat' dir='ltr'><strong>ac</strong></span> 
     </span>
    </p>
   </div>
   <div class='ocr_carea' id='block_1_75' title="bbox 489 4465 2070 4540">
    <p class='ocr_par' dir='ltr' id='par_1_75' title="bbox 489 4465 2070 4540">
     <span class='ocr_line' id='line_1_75' title="bbox 489 4465 2070 4540; baseline 0.001 -16"><span class='ocrx_word' id='word_1_521' title='bbox 489 4471 778 4540; x_wconf 76' lang='lat' dir='ltr'><strong>prudentia</strong></span> <span class='ocrx_word' id='word_1_522' title='bbox 819 4467 1099 4536; x_wconf 89' lang='lat' dir='ltr'><strong>animique</strong></span> <span class='ocrx_word' id='word_1_523' title='bbox 1120 4465 1452 4521; x_wconf 83' lang='lat' dir='ltr'><strong>dexteritate</strong></span> <span class='ocrx_word' id='word_1_524' title='bbox 1499 4467 1556 4521; x_wconf 86' lang='lat' dir='ltr'><strong>in</strong></span> <span class='ocrx_word' id='word_1_525' title='bbox 1596 4467 1716 4522; x_wconf 88' lang='lat' dir='ltr'><strong>aliis</strong></span> <span class='ocrx_word' id='word_1_526' title='bbox 1782 4472 2070 4538; x_wconf 74' lang='lat' dir='ltr'><strong>prrepolle-</strong></span> 
     </span>
    </p>
   </div>
   <div class='ocr_carea' id='block_1_76' title="bbox 2172 3257 3732 3335">
    <p class='ocr_par' dir='ltr' id='par_1_76' title="bbox 2172 3257 3732 3335">
     <span class='ocr_line' id='line_1_76' title="bbox 2172 3257 3732 3335; baseline -0.013 -8"><span class='ocrx_word' id='word_1_527' title='bbox 2172 3275 2353 3326; x_wconf 80' lang='grc' dir='ltr'>πᾶσαν</span> <span class='ocrx_word' id='word_1_528' title='bbox 2390 3271 2602 3335; x_wconf 76' lang='grc' dir='ltr'>οὐσίαν,</span> <span class='ocrx_word' id='word_1_529' title='bbox 2630 3270 2704 3332; x_wconf 84' lang='grc' dir='ltr'>ὡς</span> <span class='ocrx_word' id='word_1_530' title='bbox 2744 3267 2925 3321; x_wconf 84' lang='grc' dir='ltr'>ποδῶν</span> <span class='ocrx_word' id='word_1_531' title='bbox 2979 3266 3131 3318; x_wconf 78' lang='grc' dir='ltr'>κόνιν</span> <span class='ocrx_word' id='word_1_532' title='bbox 3189 3265 3289 3318; x_wconf 79' lang='grc' dir='ltr'>καὶ</span> <span class='ocrx_word' id='word_1_533' title='bbox 3339 3260 3534 3333; x_wconf 85' lang='grc' dir='ltr'>χειρῶν</span> <span class='ocrx_word' id='word_1_534' title='bbox 3575 3257 3732 3330; x_wconf 74' lang='grc' dir='ltr'>ῥύπον</span> 
     </span>
    </p>
   </div>
   <div class='ocr_carea' id='block_1_77' title="bbox 2171 3351 3731 3432">
    <p class='ocr_par' dir='ltr' id='par_1_77' title="bbox 2171 3351 3731 3432">
     <span class='ocr_line' id='line_1_77' title="bbox 2171 3351 3731 3432; baseline -0.012 -14"><span class='ocrx_word' id='word_1_535' title='bbox 2171 3365 2344 3429; x_wconf 69' lang='grc' dir='ltr'>οὐδεὶς</span> <span class='ocrx_word' id='word_1_536' title='bbox 2375 3364 2517 3416; x_wconf 71' lang='grc' dir='ltr'>οὕτω</span> <span class='ocrx_word' id='word_1_537' title='bbox 2545 3362 2761 3432; x_wconf 69' lang='grc' dir='ltr'>ῥᾳδίως,</span> <span class='ocrx_word' id='word_1_538' title='bbox 2793 3358 2916 3430; x_wconf 80' lang='grc' dir='ltr'>μηδ’</span> <span class='ocrx_word' id='word_1_539' title='bbox 2969 3356 3116 3426; x_wconf 69' lang='grc' dir='ltr'>αὐτῷ</span> <span class='ocrx_word' id='word_1_540' title='bbox 3143 3355 3212 3428; x_wconf 81' lang='grc' dir='ltr'><strong>δὴ</strong></span> <span class='ocrx_word' id='word_1_541' title='bbox 3238 3355 3412 3424; x_wconf 81' lang='grc' dir='ltr'>τούτῳ</span> <span class='ocrx_word' id='word_1_542' title='bbox 3441 3352 3517 3423; x_wconf 83' lang='grc' dir='ltr'><strong>τῷ</strong></span> <span class='ocrx_word' id='word_1_543' title='bbox 3558 3351 3731 3418; x_wconf 81' lang='grc' dir='ltr'>νείμαο</span> 
     </span>
    </p>
   </div>
   <div class='ocr_carea' id='block_1_78' title="bbox 2175 3433 3729 3514">
    <p class='ocr_par' dir='ltr' id='par_1_78' title="bbox 2175 3433 3729 3514">
     <span class='ocr_line' id='line_1_78' title="bbox 2175 3433 3729 3514; baseline -0.013 -3"><span class='ocrx_word' id='word_1_544' title='bbox 2175 3457 2297 3511; x_wconf 76' lang='grc' dir='ltr'>σθαι</span> <span class='ocrx_word' id='word_1_545' title='bbox 2357 3456 2447 3508; x_wconf 79' lang='grc' dir='ltr'><strong>τὸν</strong></span> <span class='ocrx_word' id='word_1_546' title='bbox 2503 3453 2738 3507; x_wconf 75' lang='grc' dir='ltr'>πλοῦτον</span> <span class='ocrx_word' id='word_1_547' title='bbox 2790 3454 2905 3514; x_wconf 86' lang='grc' dir='ltr'>τοῖς</span> <span class='ocrx_word' id='word_1_548' title='bbox 2953 3433 3199 3503; x_wconf 67' lang='grc' dir='ltr'>ἐνδεέσιν</span> <span class='ocrx_word' id='word_1_549' title='bbox 3264 3447 3371 3500; x_wconf 79' lang='grc' dir='ltr'><strong>ὑπὸ</strong></span> <span class='ocrx_word' id='word_1_550' title='bbox 3421 3444 3512 3498; x_wconf 88' lang='grc' dir='ltr'><strong>τοῦ</strong></span> <span class='ocrx_word' id='word_1_551' title='bbox 3552 3443 3729 3512; x_wconf 78' lang='grc' dir='ltr'>τάχους</span> 
     </span>
    </p>
   </div>
   <div class='ocr_carea' id='block_1_79' title="bbox 2172 3537 3734 3618">
    <p class='ocr_par' dir='ltr' id='par_1_79' title="bbox 2172 3537 3734 3618">
     <span class='ocr_line' id='line_1_79' title="bbox 2172 3537 3734 3618; baseline -0.012 -15"><span class='ocrx_word' id='word_1_552' title='bbox 2172 3546 2517 3618; x_wconf 86' lang='grc' dir='ltr'>ἀσχοληθείς.</span> <span class='ocrx_word' id='word_1_553' title='bbox 2540 3546 2648 3598; x_wconf 67' lang='grc' dir='ltr'><strong>Καὶ</strong></span> <span class='ocrx_word' id='word_1_554' title='bbox 2680 3543 2968 3597; x_wconf 85' lang='grc' dir='ltr'>συνελόντα</span> <span class='ocrx_word' id='word_1_555' title='bbox 3004 3541 3197 3610; x_wconf 65' lang='grc' dir='ltr'>φάναι,</span> <span class='ocrx_word' id='word_1_556' title='bbox 3223 3540 3333 3592; x_wconf 81' lang='grc' dir='ltr'>τῶν</span> <span class='ocrx_word' id='word_1_557' title='bbox 3361 3539 3506 3592; x_wconf 78' lang='grc' dir='ltr'>κάτω</span> <span class='ocrx_word' id='word_1_558' title='bbox 3534 3537 3734 3586; x_wconf 78' lang='grc' dir='ltr'>πάντων</span> 
     </span>
    </p>
   </div>
   <div class='ocr_carea' id='block_1_80' title="bbox 2173 3624 3730 3711">
    <p class='ocr_par' dir='ltr' id='par_1_80' title="bbox 2173 3624 3730 3711">
     <span class='ocr_line' id='line_1_80' title="bbox 2173 3624 3730 3711; baseline -0.011 -16"><span class='ocrx_word' id='word_1_559' title='bbox 2173 3641 2464 3711; x_wconf 82' lang='grc' dir='ltr'>ὑπεριδὼν,</span> <span class='ocrx_word' id='word_1_560' title='bbox 2519 3638 2627 3692; x_wconf 85' lang='grc' dir='ltr'>τῶν</span> <span class='ocrx_word' id='word_1_561' title='bbox 2673 3637 2786 3691; x_wconf 80' lang='grc' dir='ltr'>ἄνω</span> <span class='ocrx_word' id='word_1_562' title='bbox 2835 3637 2971 3704; x_wconf 78' lang='grc' dir='ltr'>ταχὺ</span> <span class='ocrx_word' id='word_1_563' title='bbox 3012 3633 3359 3704; x_wconf 80' lang='grc' dir='ltr'>περιέχεται,</span> <span class='ocrx_word' id='word_1_564' title='bbox 3405 3631 3495 3683; x_wconf 78' lang='grc' dir='ltr'><strong>καὶ</strong></span> <span class='ocrx_word' id='word_1_565' title='bbox 3532 3629 3593 3699; x_wconf 84' lang='grc' dir='ltr'>τῇ</span> <span class='ocrx_word' id='word_1_566' title='bbox 3643 3624 3730 3695; x_wconf 73' lang='grc' dir='ltr'>μὲν</span> 
     </span>
    </p>
   </div>
   <div class='ocr_carea' id='block_1_81' title="bbox 2185 3717 3730 3803">
    <p class='ocr_par' dir='ltr' id='par_1_81' title="bbox 2185 3717 3730 3803">
     <span class='ocr_line' id='line_1_81' title="bbox 2185 3717 3730 3803; baseline -0.014 -16"><span class='ocrx_word' id='word_1_567' title='bbox 2185 3733 2416 3803; x_wconf 79' lang='grc' dir='ltr'>Ἰουδαίᾳ</span> <span class='ocrx_word' id='word_1_568' title='bbox 2475 3730 2752 3801; x_wconf 80' lang='grc' dir='ltr'>ἐπιδημεῖ,</span> <span class='ocrx_word' id='word_1_569' title='bbox 2797 3727 2876 3798; x_wconf 84' lang='grc' dir='ltr'><strong>τῷ</strong></span> <span class='ocrx_word' id='word_1_570' title='bbox 2931 3725 3260 3793; x_wconf 84' lang='grc' dir='ltr'>ποθοομένῳ</span> <span class='ocrx_word' id='word_1_571' title='bbox 3323 3724 3378 3776; x_wconf 81' lang='grc' dir='ltr'>δὲ</span> <span class='ocrx_word' id='word_1_572' title='bbox 3428 3717 3730 3791; x_wconf 63' lang='grc' dir='ltr'>προσφοιτᾷ,</span> 
     </span>
    </p>
   </div>
   <div class='ocr_carea' id='block_1_82' title="bbox 2173 3810 3731 3891">
    <p class='ocr_par' dir='ltr' id='par_1_82' title="bbox 2173 3810 3731 3891">
     <span class='ocr_line' id='line_1_82' title="bbox 2173 3810 3731 3891; baseline -0.013 -14"><span class='ocrx_word' id='word_1_573' title='bbox 2173 3826 2266 3877; x_wconf 86' lang='grc' dir='ltr'>καὶ</span> <span class='ocrx_word' id='word_1_574' title='bbox 2295 3825 2374 3885; x_wconf 86' lang='grc' dir='ltr'>εἰς</span> <span class='ocrx_word' id='word_1_575' title='bbox 2403 3822 2525 3891; x_wconf 63' lang='grc' dir='ltr'>ὄψιν</span> <span class='ocrx_word' id='word_1_576' title='bbox 2554 3821 2750 3874; x_wconf 85' lang='grc' dir='ltr'>αὐτίκα</span> <span class='ocrx_word' id='word_1_577' title='bbox 2777 3820 2870 3870; x_wconf 77' lang='grc' dir='ltr'><strong>καὶ</strong></span> <span class='ocrx_word' id='word_1_578' title='bbox 2895 3817 3088 3885; x_wconf 85' lang='grc' dir='ltr'>λόγους</span> <span class='ocrx_word' id='word_1_579' title='bbox 3128 3816 3225 3868; x_wconf 85' lang='grc' dir='ltr'><strong>τοῦ</strong></span> <span class='ocrx_word' id='word_1_580' title='bbox 3272 3811 3448 3883; x_wconf 84' lang='grc' dir='ltr'>Ἰησοῦ</span> <span class='ocrx_word' id='word_1_581' title='bbox 3483 3810 3731 3880; x_wconf 73' lang='grc' dir='ltr'>γίγνεται,</span> 
     </span>
    </p>
   </div>
   <div class='ocr_carea' id='block_1_83' title="bbox 2171 3901 3731 3984">
    <p class='ocr_par' dir='ltr' id='par_1_83' title="bbox 2171 3901 3731 3984">
     <span class='ocr_line' id='line_1_83' title="bbox 2171 3901 3731 3984; baseline -0.016 -15"><span class='ocrx_word' id='word_1_582' title='bbox 2171 3916 2232 3969; x_wconf 78' lang='grc' dir='ltr'><strong>τὸ</strong></span> <span class='ocrx_word' id='word_1_583' title='bbox 2276 3913 2608 3984; x_wconf 81' lang='grc' dir='ltr'>περικαλλὲς</span> <span class='ocrx_word' id='word_1_584' title='bbox 2673 3911 2880 3981; x_wconf 81' lang='grc' dir='ltr'>δοχεῖον</span> <span class='ocrx_word' id='word_1_585' title='bbox 2943 3909 3020 3978; x_wconf 80' lang='grc' dir='ltr'>τῷ</span> <span class='ocrx_word' id='word_1_586' title='bbox 3079 3906 3365 3975; x_wconf 82' lang='grc' dir='ltr'>πολυτίμῳ</span> <span class='ocrx_word' id='word_1_587' title='bbox 3404 3905 3497 3972; x_wconf 82' lang='grc' dir='ltr'><strong>τῆς</strong></span> <span class='ocrx_word' id='word_1_588' title='bbox 3529 3901 3731 3970; x_wconf 80' lang='grc' dir='ltr'>χάριτος</span> 
     </span>
    </p>
   </div>
   <div class='ocr_carea' id='block_1_84' title="bbox 2177 3989 3728 4077">
    <p class='ocr_par' dir='ltr' id='par_1_84' title="bbox 2177 3989 3728 4077">
     <span class='ocr_line' id='line_1_84' title="bbox 2177 3989 3728 4077; baseline -0.026 0"><span class='ocrx_word' id='word_1_589' title='bbox 2177 4007 2353 4077; x_wconf 73' lang='grc' dir='ltr'>μύρῳ·</span> <span class='ocrx_word' id='word_1_590' title='bbox 2375 4008 2449 4058; x_wconf 77' lang='grc' dir='ltr'>οὐ</span> <span class='ocrx_word' id='word_1_591' title='bbox 2484 4006 2590 4076; x_wconf 84' lang='grc' dir='ltr'>μὴν</span> <span class='ocrx_word' id='word_1_592' title='bbox 2619 4003 2737 4057; x_wconf 76' lang='grc' dir='ltr'>οὐδὲ</span> <span class='ocrx_word' id='word_1_593' title='bbox 2771 4003 2979 4073; x_wconf 81' lang='grc' dir='ltr'>συχνῶν</span> <span class='ocrx_word' id='word_1_594' title='bbox 3036 3999 3235 4070; x_wconf 80' lang='grc' dir='ltr'>ἐδεήθη</span> <span class='ocrx_word' id='word_1_595' title='bbox 3269 3998 3440 4066; x_wconf 75' lang='grc' dir='ltr'>λόγων</span> <span class='ocrx_word' id='word_1_596' title='bbox 3491 3994 3580 4046; x_wconf 77' lang='grc' dir='ltr'>και</span> <span class='ocrx_word' id='word_1_597' title='bbox 3617 3989 3728 4042; x_wconf 84' lang='grc' dir='ltr'>θαυ-</span> 
     </span>
    </p>
   </div>
   <div class='ocr_carea' id='block_1_85' title="bbox 2176 4086 3728 4171">
    <p class='ocr_par' dir='ltr' id='par_1_85' title="bbox 2176 4086 3728 4171">
     <span class='ocr_line' id='line_1_85' title="bbox 2176 4086 3728 4171; baseline -0.014 -18"><span class='ocrx_word' id='word_1_598' title='bbox 2176 4100 2365 4171; x_wconf 80' lang='grc' dir='ltr'>μάτων</span> <span class='ocrx_word' id='word_1_599' title='bbox 2397 4099 2534 4169; x_wconf 78' lang='grc' dir='ltr'>πρὸς</span> <span class='ocrx_word' id='word_1_600' title='bbox 2564 4099 2664 4168; x_wconf 72' lang='grc' dir='ltr'><strong>τὴν</strong></span> <span class='ocrx_word' id='word_1_601' title='bbox 2701 4095 2918 4150; x_wconf 77' lang='grc' dir='ltr'>ἐκείνου</span> <span class='ocrx_word' id='word_1_602' title='bbox 2977 4093 3302 4161; x_wconf 79' lang='grc' dir='ltr'>ἐπίγνωσιν·</span> <span class='ocrx_word' id='word_1_603' title='bbox 3339 4088 3453 4143; x_wconf 84' lang='grc' dir='ltr'>ἀλλ’</span> <span class='ocrx_word' id='word_1_604' title='bbox 3488 4086 3587 4154; x_wconf 83' lang='grc' dir='ltr'><strong>ὅσῳ</strong></span> <span class='ocrx_word' id='word_1_605' title='bbox 3619 4097 3728 4132; x_wconf 84' lang='grc' dir='ltr'>παι-</span> 
     </span>
    </p>
   </div>
   <div class='ocr_carea' id='block_1_86' title="bbox 2172 4171 3731 4262">
    <p class='ocr_par' dir='ltr' id='par_1_86' title="bbox 2172 4171 3731 4262">
     <span class='ocr_line' id='line_1_86' title="bbox 2172 4171 3731 4262; baseline -0.015 -18"><span class='ocrx_word' id='word_1_606' title='bbox 2172 4191 2290 4262; x_wconf 71' lang='grc' dir='ltr'>δείᾳ</span> <span class='ocrx_word' id='word_1_607' title='bbox 2322 4191 2416 4244; x_wconf 77' lang='grc' dir='ltr'>καὶ</span> <span class='ocrx_word' id='word_1_608' title='bbox 2450 4189 2663 4242; x_wconf 77' lang='grc' dir='ltr'>συνέσει</span> <span class='ocrx_word' id='word_1_609' title='bbox 2712 4189 2808 4242; x_wconf 75' lang='grc' dir='ltr'><strong>καὶ</strong></span> <span class='ocrx_word' id='word_1_610' title='bbox 2857 4186 3041 4257; x_wconf 73' lang='grc' dir='ltr'>ψυχῆς</span> <span class='ocrx_word' id='word_1_611' title='bbox 3097 4183 3362 4252; x_wconf 79' lang='grc' dir='ltr'>εὐθύτητι</span> <span class='ocrx_word' id='word_1_612' title='bbox 3421 4180 3526 4233; x_wconf 79' lang='grc' dir='ltr'>τῶν</span> <span class='ocrx_word' id='word_1_613' title='bbox 3573 4171 3731 4228; x_wconf 79' lang='grc' dir='ltr'>ἀλλων</span> 
     </span>
    </p>
   </div>
   <div class='ocr_carea' id='block_1_87' title="bbox 2173 4263 3728 4352">
    <p class='ocr_par' dir='ltr' id='par_1_87' title="bbox 2173 4263 3728 4352">
     <span class='ocr_line' id='line_1_87' title="bbox 2173 4263 3728 4352; baseline -0.013 -16"><span class='ocrx_word' id='word_1_614' title='bbox 2173 4283 2414 4352; x_wconf 76' lang='grc' dir='ltr'>ἐκράτει,</span> <span class='ocrx_word' id='word_1_615' title='bbox 2455 4280 2696 4351; x_wconf 74' lang='grc' dir='ltr'>τοσούτῳ</span> <span class='ocrx_word' id='word_1_616' title='bbox 2749 4279 2946 4332; x_wconf 81' lang='grc' dir='ltr'>θᾶττον</span> <span class='ocrx_word' id='word_1_617' title='bbox 3006 4277 3179 4347; x_wconf 83' lang='grc' dir='ltr'>αὑτήν</span> <span class='ocrx_word' id='word_1_618' title='bbox 3231 4292 3292 4328; x_wconf 90' lang='grc' dir='ltr'><strong>τε</strong></span> <span class='ocrx_word' id='word_1_619' title='bbox 3355 4268 3601 4338; x_wconf 79' lang='grc' dir='ltr'>καθαρῶς</span> <span class='ocrx_word' id='word_1_620' title='bbox 3642 4263 3728 4331; x_wconf 66' lang='grc' dir='ltr'>τὴν</span> 
     </span>
    </p>
   </div>
   <div class='ocr_carea' id='block_1_88' title="bbox 2173 4363 3723 4444">
    <p class='ocr_par' dir='ltr' id='par_1_88' title="bbox 2173 4363 3723 4444">
     <span class='ocr_line' id='line_1_88' title="bbox 2173 4363 3723 4444; baseline -0.015 -16"><span class='ocrx_word' id='word_1_621' title='bbox 2173 4375 2450 4444; x_wconf 81' lang='grc' dir='ltr'>ἀλήθειαν,</span> <span class='ocrx_word' id='word_1_622' title='bbox 2471 4374 2565 4426; x_wconf 74' lang='grc' dir='ltr'>καὶ</span> <span class='ocrx_word' id='word_1_623' title='bbox 2604 4373 2695 4426; x_wconf 76' lang='grc' dir='ltr'>τὸν</span> <span class='ocrx_word' id='word_1_624' title='bbox 2745 4371 3160 4442; x_wconf 77' lang='grc' dir='ltr'>κηρυσσόμενον</span> <span class='ocrx_word' id='word_1_625' title='bbox 3199 4367 3357 4436; x_wconf 76' lang='grc' dir='ltr'>λόγον</span> <span class='ocrx_word' id='word_1_626' title='bbox 3378 4363 3723 4430; x_wconf 81' lang='grc' dir='ltr'>ἐπιγινώσκει.</span> 
     </span>
    </p>
   </div>
   <div class='ocr_carea' id='block_1_89' title="bbox 2186 4443 3728 4533">
    <p class='ocr_par' dir='ltr' id='par_1_89' title="bbox 2186 4443 3728 4533">
     <span class='ocr_line' id='line_1_89' title="bbox 2186 4443 3728 4533; baseline -0.005 -15"><span class='ocrx_word' id='word_1_627' title='bbox 2186 4465 2468 4518; x_wconf 79' lang='grc' dir='ltr'>Ἐντεῦθεν</span> <span class='ocrx_word' id='word_1_628' title='bbox 2523 4463 2749 4533; x_wconf 74' lang='grc' dir='ltr'>γνήσιος</span> <span class='ocrx_word' id='word_1_629' title='bbox 2797 4459 3038 4527; x_wconf 80' lang='grc' dir='ltr'>Χριστοῦ</span> <span class='ocrx_word' id='word_1_630' title='bbox 3109 4458 3324 4526; x_wconf 87' lang='grc' dir='ltr'>γίνεται</span> <span class='ocrx_word' id='word_1_631' title='bbox 3377 4450 3632 4524; x_wconf 71' lang='grc' dir='ltr'>μαθητὴς.</span> <span class='ocrx_word' id='word_1_632' title='bbox 3667 4443 3728 4494; x_wconf 52' lang='grc' dir='ltr'><strong>τά</strong></span> 
     </span>
    </p>
   </div>
   <div class='ocr_carea' id='block_1_90' title="bbox 486 4538 2064 4628">
    <p class='ocr_par' dir='ltr' id='par_1_90' title="bbox 486 4538 2064 4628">
     <span class='ocr_line' id='line_1_90' title="bbox 486 4538 2064 4628; baseline 0 -12"><span class='ocrx_word' id='word_1_633' title='bbox 486 4538 598 4626; x_wconf 82' lang='lat' dir='ltr'><strong>bat,</strong></span> <span class='ocrx_word' id='word_1_634' title='bbox 650 4568 805 4614; x_wconf 87' lang='lat' dir='ltr'><strong>tanto</strong></span> <span class='ocrx_word' id='word_1_635' title='bbox 855 4557 1099 4612; x_wconf 81' lang='lat' dir='ltr'><strong>velocius</strong></span> <span class='ocrx_word' id='word_1_636' title='bbox 1145 4565 1202 4611; x_wconf 91' lang='lat' dir='ltr'><strong>et</strong></span> <span class='ocrx_word' id='word_1_637' title='bbox 1252 4555 1424 4626; x_wconf 90' lang='lat' dir='ltr'><strong>ipsam</strong></span> <span class='ocrx_word' id='word_1_638' title='bbox 1479 4573 1615 4628; x_wconf 88' lang='lat' dir='ltr'><strong>pure</strong></span> <span class='ocrx_word' id='word_1_639' title='bbox 1675 4559 1962 4615; x_wconf 87' lang='lat' dir='ltr'><strong>veritatem</strong></span> <span class='ocrx_word' id='word_1_640' title='bbox 2012 4570 2064 4616; x_wconf 89' lang='lat' dir='ltr'><strong>et</strong></span> 
     </span>
    </p>
   </div>
   <div class='ocr_carea' id='block_1_91' title="bbox 2168 4538 3722 4628">
    <p class='ocr_par' dir='ltr' id='par_1_91' title="bbox 2174 4543 3722 4625">
     <span class='ocr_line' id='line_1_91' title="bbox 2174 4543 3722 4625; baseline -0.016 -16"><span class='ocrx_word' id='word_1_641' title='bbox 2174 4556 2344 4610; x_wconf 86' lang='grc' dir='ltr'>πολλά</span> <span class='ocrx_word' id='word_1_642' title='bbox 2373 4573 2432 4608; x_wconf 88' lang='grc' dir='ltr'><strong>τε</strong></span> <span class='ocrx_word' id='word_1_643' title='bbox 2473 4554 2549 4625; x_wconf 87' lang='grc' dir='ltr'>τῷ</span> <span class='ocrx_word' id='word_1_644' title='bbox 2595 4553 2902 4622; x_wconf 82' lang='grc' dir='ltr'>διδασκάλῳ</span> <span class='ocrx_word' id='word_1_645' title='bbox 2967 4548 3166 4613; x_wconf 82' lang='grc' dir='ltr'>συνὼν,</span> <span class='ocrx_word' id='word_1_646' title='bbox 3210 4550 3306 4602; x_wconf 69' lang='grc' dir='ltr'><strong>καὶ</strong></span> <span class='ocrx_word' id='word_1_647' title='bbox 3367 4549 3478 4607; x_wconf 82' lang='grc' dir='ltr'>τοῖς</span> <span class='ocrx_word' id='word_1_648' title='bbox 3523 4543 3722 4608; x_wconf 75' lang='grc' dir='ltr'>τέρασιν</span> 
     </span>
    </p>
   </div>
   <div class='ocr_carea' id='block_1_92' title="bbox 485 4649 2068 4724">
    <p class='ocr_par' dir='ltr' id='par_1_92' title="bbox 485 4649 2068 4724">
     <span class='ocr_line' id='line_1_92' title="bbox 485 4649 2068 4724; baseline 0.001 -18"><span class='ocrx_word' id='word_1_649' title='bbox 485 4649 844 4722; x_wconf 71' lang='lat' dir='ltr'><strong>praedicatum</strong></span> <span class='ocrx_word' id='word_1_650' title='bbox 868 4663 1178 4704; x_wconf 87' lang='lat' dir='ltr'><strong>sermonem</strong></span> <span class='ocrx_word' id='word_1_651' title='bbox 1206 4649 1504 4720; x_wconf 82' lang='lat' dir='ltr'><strong>cognoscit.</strong></span> <span class='ocrx_word' id='word_1_652' title='bbox 1541 4649 1626 4704; x_wconf 84' lang='lat' dir='ltr'><strong>Ab</strong></span> <span class='ocrx_word' id='word_1_653' title='bbox 1665 4651 1771 4707; x_wconf 87' lang='lat' dir='ltr'><strong>hoc</strong></span> <span class='ocrx_word' id='word_1_654' title='bbox 1822 4662 2068 4724; x_wconf 88' lang='lat' dir='ltr'><strong>tempore</strong></span> 
     </span>
    </p>
   </div>
   <div class='ocr_carea' id='block_1_93' title="bbox 485 4741 2064 4814">
    <p class='ocr_par' dir='ltr' id='par_1_93' title="bbox 485 4741 2064 4814">
     <span class='ocr_line' id='line_1_93' title="bbox 485 4741 2064 4814; baseline 0.001 -15"><span class='ocrx_word' id='word_1_655' title='bbox 485 4742 718 4799; x_wconf 69' lang='lat' dir='ltr'><strong>efﬁcitur</strong></span> <span class='ocrx_word' id='word_1_656' title='bbox 781 4742 1055 4814; x_wconf 89' lang='lat' dir='ltr'><strong>legitimus</strong></span> <span class='ocrx_word' id='word_1_657' title='bbox 1123 4756 1188 4797; x_wconf 89' lang='lat' dir='ltr'><strong>ac</strong></span> <span class='ocrx_word' id='word_1_658' title='bbox 1237 4757 1401 4796; x_wconf 86' lang='lat' dir='ltr'><strong>verus</strong></span> <span class='ocrx_word' id='word_1_659' title='bbox 1452 4741 1656 4796; x_wconf 73' lang='lat' dir='ltr'><strong>Christi</strong></span> <span class='ocrx_word' id='word_1_660' title='bbox 1704 4742 2009 4814; x_wconf 87' lang='lat' dir='ltr'><strong>discipulus</strong></span> <span class='ocrx_word' id='word_1_661' title='bbox 2050 4763 2064 4800; x_wconf 90' lang='lat'><strong>:</strong></span> 
     </span>
    </p>
   </div>
   <div class='ocr_carea' id='block_1_94' title="bbox 487 4832 2069 4906">
    <p class='ocr_par' dir='ltr' id='par_1_94' title="bbox 487 4832 2069 4906">
     <span class='ocr_line' id='line_1_94' title="bbox 487 4832 2069 4906; baseline -0.001 -15"><span class='ocrx_word' id='word_1_662' title='bbox 487 4850 724 4905; x_wconf 84' lang='lat' dir='ltr'><strong>cumque</strong></span> <span class='ocrx_word' id='word_1_663' title='bbox 771 4833 1087 4904; x_wconf 89' lang='lat' dir='ltr'><strong>frequenter</strong></span> <span class='ocrx_word' id='word_1_664' title='bbox 1120 4833 1444 4903; x_wconf 68' lang='lat' dir='ltr'><strong>praeceptori</strong></span> <span class='ocrx_word' id='word_1_665' title='bbox 1495 4832 1778 4899; x_wconf 77' lang='lat' dir='ltr'><strong>adfuisset,</strong></span> <span class='ocrx_word' id='word_1_666' title='bbox 1835 4845 1890 4889; x_wconf 89' lang='lat' dir='ltr'><strong>et</strong></span> <span class='ocrx_word' id='word_1_667' title='bbox 1950 4837 2069 4906; x_wconf 83' lang='lat' dir='ltr'><strong>ejus</strong></span> 
     </span>
    </p>
   </div>
   <div class='ocr_carea' id='block_1_95' title="bbox 488 4926 2070 5010">
    <p class='ocr_par' dir='ltr' id='par_1_95' title="bbox 488 4926 2070 5010">
     <span class='ocr_line' id='line_1_95' title="bbox 488 4926 2070 5010; baseline 0 -28"><span class='ocrx_word' id='word_1_668' title='bbox 488 4929 642 5010; x_wconf 75' lang='lat' dir='ltr'><strong>signa</strong></span> <span class='ocrx_word' id='word_1_669' title='bbox 675 4943 740 4982; x_wconf 89' lang='lat' dir='ltr'><strong>ac</strong></span> <span class='ocrx_word' id='word_1_670' title='bbox 758 4927 1003 4998; x_wconf 74' lang='lat' dir='ltr'><strong>prodigia</strong></span> <span class='ocrx_word' id='word_1_671' title='bbox 1035 4935 1342 4982; x_wconf 87' lang='lat' dir='ltr'><strong>assectatus</strong></span> <span class='ocrx_word' id='word_1_672' title='bbox 1363 4935 1529 4989; x_wconf 88' lang='lat' dir='ltr'><strong>esset,</strong></span> <span class='ocrx_word' id='word_1_673' title='bbox 1559 4940 1630 4981; x_wconf 88' lang='lat' dir='ltr'><strong>ne</strong></span> <span class='ocrx_word' id='word_1_674' title='bbox 1654 4926 1710 4980; x_wconf 90' lang='lat' dir='ltr'><strong>in</strong></span> <span class='ocrx_word' id='word_1_675' title='bbox 1735 4926 2070 4982; x_wconf 87' lang='lat' dir='ltr'><strong>salutaribus</strong></span> 
     </span>
    </p>
   </div>
   <div class='ocr_carea' id='block_1_96' title="bbox 2169 4636 3724 4720">
    <p class='ocr_par' dir='ltr' id='par_1_96' title="bbox 2169 4636 3724 4720">
     <span class='ocr_line' id='line_1_96' title="bbox 2169 4636 3724 4720; baseline -0.015 -16"><span class='ocrx_word' id='word_1_676' title='bbox 2169 4649 2334 4705; x_wconf 83' lang='grc' dir='ltr'>αὐτοῦ</span> <span class='ocrx_word' id='word_1_677' title='bbox 2367 4650 2462 4702; x_wconf 70' lang='grc' dir='ltr'><strong>καὶ</strong></span> <span class='ocrx_word' id='word_1_678' title='bbox 2489 4649 2741 4720; x_wconf 84' lang='grc' dir='ltr'>σημείοις</span> <span class='ocrx_word' id='word_1_679' title='bbox 2782 4643 3320 4717; x_wconf 80' lang='grc' dir='ltr'>παρηκολουθηκὼς,</span> <span class='ocrx_word' id='word_1_680' title='bbox 3365 4640 3484 4693; x_wconf 80' lang='grc' dir='ltr'>οὐδὲ</span> <span class='ocrx_word' id='word_1_681' title='bbox 3513 4636 3613 4688; x_wconf 83' lang='grc' dir='ltr'><strong>τῶν</strong></span> <span class='ocrx_word' id='word_1_682' title='bbox 3635 4646 3724 4720; x_wconf 51' lang='grc' dir='ltr'>σωξ</span> 
     </span>
    </p>
   </div>
   <div class='ocr_carea' id='block_1_97' title="bbox 2167 4719 3719 4815">
    <p class='ocr_par' dir='ltr' id='par_1_97' title="bbox 2167 4719 3719 4815">
     <span class='ocr_line' id='line_1_97' title="bbox 2167 4719 3719 4815; baseline -0.022 -7"><span class='ocrx_word' id='word_1_683' title='bbox 2167 4744 2370 4815; x_wconf 80' lang='grc' dir='ltr'>τηρίων</span> <span class='ocrx_word' id='word_1_684' title='bbox 2449 4741 2616 4794; x_wconf 86' lang='grc' dir='ltr'>αὐτοῦ</span> <span class='ocrx_word' id='word_1_685' title='bbox 2688 4741 3132 4808; x_wconf 83' lang='grc' dir='ltr'>ἀπολιμπάνεται</span> <span class='ocrx_word' id='word_1_686' title='bbox 3187 4733 3544 4806; x_wconf 80' lang='grc' dir='ltr'>παθημάτων.</span> <span class='ocrx_word' id='word_1_687' title='bbox 3599 4719 3719 4776; x_wconf 61' lang='grc' dir='ltr'>Ἀλλ’</span> 
     </span>
    </p>
   </div>
   <div class='ocr_carea' id='block_1_98' title="bbox 2168 4818 3725 4904">
    <p class='ocr_par' dir='ltr' id='par_1_98' title="bbox 2168 4818 3725 4904">
     <span class='ocr_line' id='line_1_98' title="bbox 2168 4818 3725 4904; baseline -0.012 -16"><span class='ocrx_word' id='word_1_688' title='bbox 2168 4835 2358 4904; x_wconf 78' lang='grc' dir='ltr'>ὥσπερ</span> <span class='ocrx_word' id='word_1_689' title='bbox 2395 4835 2531 4886; x_wconf 85' lang='grc' dir='ltr'>πᾶσι</span> <span class='ocrx_word' id='word_1_690' title='bbox 2587 4832 2793 4901; x_wconf 82' lang='grc' dir='ltr'>παρῆν,</span> <span class='ocrx_word' id='word_1_691' title='bbox 2835 4830 2980 4883; x_wconf 79' lang='grc' dir='ltr'>οὕτω</span> <span class='ocrx_word' id='word_1_692' title='bbox 3024 4829 3216 4900; x_wconf 76' lang='grc' dir='ltr'>δήκαὶ</span> <span class='ocrx_word' id='word_1_693' title='bbox 3251 4827 3354 4896; x_wconf 83' lang='grc' dir='ltr'>τῆς</span> <span class='ocrx_word' id='word_1_694' title='bbox 3400 4818 3725 4878; x_wconf 67' lang='grc' dir='ltr'>ἀναστάσεως</span> 
     </span>
    </p>
   </div>
   <div class='ocr_carea' id='block_1_99' title="bbox 2169 4923 2488 4999">
    <p class='ocr_par' dir='ltr' id='par_1_99' title="bbox 2169 4923 2488 4999">
     <span class='ocr_line' id='line_1_99' title="bbox 2169 4923 2488 4999; baseline 0 -18"><span class='ocrx_word' id='word_1_695' title='bbox 2169 4927 2372 4999; x_wconf 85' lang='grc' dir='ltr'>θεωρὸς</span> <span class='ocrx_word' id='word_1_696' title='bbox 2399 4923 2488 4996; x_wconf 82' lang='grc' dir='ltr'><strong>ἦν.</strong></span> 
     </span>
    </p>
   </div>
   <div class='ocr_carea' id='block_1_100' title="bbox 487 4995 3714 5092">
    <p class='ocr_par' dir='ltr' id='par_1_100' title="bbox 487 4995 3714 5092">
     <span class='ocr_line' id='line_1_100' title="bbox 487 4995 3714 5092; baseline -0.008 -15"><span class='ocrx_word' id='word_1_697' title='bbox 487 5005 710 5092; x_wconf 85' lang='lat' dir='ltr'><strong>quidem</strong></span> <span class='ocrx_word' id='word_1_698' title='bbox 774 5019 947 5089; x_wconf 86' lang='lat' dir='ltr'><strong>ipsius</strong></span> <span class='ocrx_word' id='word_1_699' title='bbox 1003 5018 1389 5075; x_wconf 78' lang='lat' dir='ltr'><strong>afﬂictionibus</strong></span> <span class='ocrx_word' id='word_1_700' title='bbox 1427 5018 1599 5072; x_wconf 83' lang='lat' dir='ltr'><strong>deest.</strong></span> <span class='ocrx_word' id='word_1_701' title='bbox 1661 5017 1730 5072; x_wconf 85' lang='lat' dir='ltr'><strong>Et</strong></span> <span class='ocrx_word' id='word_1_702' title='bbox 1763 5020 2226 5088; x_wconf 86' lang='lat' dir='ltr'><strong>quemadmodum</strong></span> <span class='ocrx_word' id='word_1_703' title='bbox 2280 4995 2538 5074; x_wconf 77' lang='lat' dir='ltr'><strong>omnibus</strong></span> <span class='ocrx_word' id='word_1_704' title='bbox 2598 5015 2867 5078; x_wconf 88' lang='lat' dir='ltr'><strong>adfuerat,</strong></span> <span class='ocrx_word' id='word_1_705' title='bbox 2922 5012 2998 5066; x_wconf 89' lang='lat' dir='ltr'><strong>ita</strong></span> <span class='ocrx_word' id='word_1_706' title='bbox 3049 5027 3179 5068; x_wconf 89' lang='lat' dir='ltr'><strong>sane</strong></span> <span class='ocrx_word' id='word_1_707' title='bbox 3233 5021 3288 5067; x_wconf 86' lang='lat' dir='ltr'><strong>et</strong></span> <span class='ocrx_word' id='word_1_708' title='bbox 3332 4995 3714 5065; x_wconf 80' lang='lat' dir='ltr'><strong>resurrectionis</strong></span> 
     </span>
    </p>
   </div>
   <div class='ocr_carea' id='block_1_101' title="bbox 487 5112 960 5184">
    <p class='ocr_par' dir='ltr' id='par_1_101' title="bbox 487 5112 960 5184">
     <span class='ocr_line' id='line_1_101' title="bbox 487 5112 960 5184; baseline -0.017 -13"><span class='ocrx_word' id='word_1_709' title='bbox 487 5121 814 5184; x_wconf 77' lang='lat' dir='ltr'><strong>conspector</strong></span> <span class='ocrx_word' id='word_1_710' title='bbox 839 5112 960 5165; x_wconf 89' lang='lat' dir='ltr'><strong>fuit.</strong></span> 
     </span>
    </p>
   </div>
   <div class='ocr_carea' id='block_1_102' title="bbox 562 5201 2070 5275">
    <p class='ocr_par' dir='ltr' id='par_1_102' title="bbox 562 5201 2070 5275">
     <span class='ocr_line' id='line_1_102' title="bbox 562 5201 2070 5275; baseline -0.003 -14"><span class='ocrx_word' id='word_1_711' title='bbox 562 5206 650 5262; x_wconf 85' lang='lat' dir='ltr'><strong>IV.</strong></span> <span class='ocrx_word' id='word_1_712' title='bbox 692 5205 828 5260; x_wconf 78' lang='lat' dir='ltr'><strong>Cum</strong></span> <span class='ocrx_word' id='word_1_713' title='bbox 854 5203 1055 5274; x_wconf 87' lang='lat' dir='ltr'><strong>Cleopa</strong></span> <span class='ocrx_word' id='word_1_714' title='bbox 1090 5201 1238 5257; x_wconf 88' lang='lat' dir='ltr'><strong>enim</strong></span> <span class='ocrx_word' id='word_1_715' title='bbox 1269 5202 1337 5257; x_wconf 89' lang='lat' dir='ltr'><strong>ad</strong></span> <span class='ocrx_word' id='word_1_716' title='bbox 1371 5217 1566 5275; x_wconf 85' lang='lat' dir='ltr'><strong>agrum</strong></span> <span class='ocrx_word' id='word_1_717' title='bbox 1593 5203 1861 5258; x_wconf 81' lang='lat' dir='ltr'><strong>Emmaus</strong></span> <span class='ocrx_word' id='word_1_718' title='bbox 1903 5203 2070 5274; x_wconf 84' lang='lat' dir='ltr'><strong>profi-</strong></span> 
     </span>
    </p>
   </div>
   <div class='ocr_carea' id='block_1_103' title="bbox 2237 5190 3713 5270">
    <p class='ocr_par' dir='ltr' id='par_1_103' title="bbox 2237 5190 3713 5270">
     <span class='ocr_line' id='line_1_103' title="bbox 2237 5190 3713 5270; baseline -0.012 -18"><span class='ocrx_word' id='word_1_719' title='bbox 2237 5199 2310 5256; x_wconf 88' lang='grc' dir='ltr'><strong>Δ’.</strong></span> <span class='ocrx_word' id='word_1_720' title='bbox 2338 5197 2696 5270; x_wconf 84' lang='grc' dir='ltr'>Πορευομένῳ</span> <span class='ocrx_word' id='word_1_721' title='bbox 2742 5197 2853 5266; x_wconf 87' lang='grc' dir='ltr'>γὰρ</span> <span class='ocrx_word' id='word_1_722' title='bbox 2910 5195 3050 5265; x_wconf 82' lang='grc' dir='ltr'>μετὰ</span> <span class='ocrx_word' id='word_1_723' title='bbox 3097 5190 3324 5246; x_wconf 79' lang='grc' dir='ltr'>Κλεόπα</span> <span class='ocrx_word' id='word_1_724' title='bbox 3372 5193 3431 5258; x_wconf 79' lang='grc' dir='ltr'>ἐξ</span> <span class='ocrx_word' id='word_1_725' title='bbox 3477 5191 3713 5259; x_wconf 83' lang='grc' dir='ltr'>Ἰερουσα·</span> 
     </span>
    </p>
   </div>
   <div class='ocr_carea' id='block_1_104' title="bbox 488 5274 2064 5362">
    <p class='ocr_par' dir='ltr' id='par_1_104' title="bbox 488 5274 2064 5362">
     <span class='ocr_line' id='line_1_104' title="bbox 488 5274 2064 5362; baseline -0.004 -11"><span class='ocrx_word' id='word_1_726' title='bbox 488 5295 716 5352; x_wconf 84' lang='lat' dir='ltr'><strong>ciscenti</strong></span> <span class='ocrx_word' id='word_1_727' title='bbox 745 5294 970 5348; x_wconf 83' lang='lat' dir='ltr'><strong>adstans</strong></span> <span class='ocrx_word' id='word_1_728' title='bbox 1004 5303 1126 5362; x_wconf 92' lang='lat' dir='ltr'><strong>post</strong></span> <span class='ocrx_word' id='word_1_729' title='bbox 1169 5274 1631 5347; x_wconf 81' lang='lat' dir='ltr'><strong>resurrectionem</strong></span> <span class='ocrx_word' id='word_1_730' title='bbox 1687 5293 1954 5347; x_wconf 86' lang='lat' dir='ltr'><strong>Dominus</strong></span> <span class='ocrx_word' id='word_1_731' title='bbox 2015 5297 2064 5357; x_wconf 87' lang='grc' dir='ltr'>(ο</span> 
     </span>
    </p>
   </div>
   <div class='ocr_carea' id='block_1_105' title="bbox 2168 5274 3715 5362">
    <p class='ocr_par' dir='ltr' id='par_1_105' title="bbox 2168 5274 3715 5360">
     <span class='ocr_line' id='line_1_105' title="bbox 2168 5274 3715 5360; baseline 0.001 -19"><span class='ocrx_word' id='word_1_732' title='bbox 2168 5289 2282 5360; x_wconf 81' lang='grc' dir='ltr'>λὴμ</span> <span class='ocrx_word' id='word_1_733' title='bbox 2314 5290 2396 5351; x_wconf 86' lang='grc' dir='ltr'><strong>είς</strong></span> <span class='ocrx_word' id='word_1_734' title='bbox 2436 5288 2529 5340; x_wconf 75' lang='grc' dir='ltr'><strong>τὸν</strong></span> <span class='ocrx_word' id='word_1_735' title='bbox 2574 5287 2748 5358; x_wconf 80' lang='grc' dir='ltr'>ἀγρὸν</span> <span class='ocrx_word' id='word_1_736' title='bbox 2813 5283 3098 5356; x_wconf 85' lang='grc' dir='ltr'>Ἐμμαοῦς</span> <span class='ocrx_word' id='word_1_737' title='bbox 3137 5285 3166 5336; x_wconf 82' lang='grc' dir='ltr'><strong>ὁ</strong></span> <span class='ocrx_word' id='word_1_738' title='bbox 3197 5282 3406 5352; x_wconf 83' lang='grc' dir='ltr'>Κύριος</span> <span class='ocrx_word' id='word_1_739' title='bbox 3465 5281 3595 5350; x_wconf 76' lang='grc' dir='ltr'><strong>μετά</strong></span> <span class='ocrx_word' id='word_1_740' title='bbox 3633 5274 3715 5342; x_wconf 64' lang='grc' dir='ltr'><strong>τὴν</strong></span> 
     </span>
    </p>
   </div>
   <div class='ocr_carea' id='block_1_106' title="bbox 488 5383 2069 5454">
    <p class='ocr_par' dir='ltr' id='par_1_106' title="bbox 488 5383 2069 5454">
     <span class='ocr_line' id='line_1_106' title="bbox 488 5383 2069 5454; baseline -0.003 -14"><span class='ocrx_word' id='word_1_741' title='bbox 488 5388 719 5442; x_wconf 84' lang='lat' dir='ltr'><strong>horrore</strong></span> <span class='ocrx_word' id='word_1_742' title='bbox 763 5385 985 5454; x_wconf 87' lang='lat' dir='ltr'><strong>plenum</strong></span> <span class='ocrx_word' id='word_1_743' title='bbox 1049 5383 1201 5436; x_wconf 90' lang='lat' dir='ltr'><strong>illum</strong></span> <span class='ocrx_word' id='word_1_744' title='bbox 1247 5397 1530 5438; x_wconf 87' lang='lat' dir='ltr'><strong>accessum</strong></span> <span class='ocrx_word' id='word_1_745' title='bbox 1555 5384 1592 5453; x_wconf 87' lang='lat' dir='ltr'><strong>l)</strong></span> <span class='ocrx_word' id='word_1_746' title='bbox 1640 5385 1952 5438; x_wconf 87' lang='lat' dir='ltr'><strong>tarditatem</strong></span> <span class='ocrx_word' id='word_1_747' title='bbox 2004 5397 2069 5436; x_wconf 89' lang='lat' dir='ltr'><strong>ac</strong></span> 
     </span>
    </p>
   </div>
   <div class='ocr_carea' id='block_1_107' title="bbox 489 5473 2068 5544">
    <p class='ocr_par' dir='ltr' id='par_1_107' title="bbox 489 5473 2068 5544">
     <span class='ocr_line' id='line_1_107' title="bbox 489 5473 2068 5544; baseline -0.006 -10"><span class='ocrx_word' id='word_1_748' title='bbox 489 5481 676 5534; x_wconf 82' lang='lat' dir='ltr'><strong>cordis</strong></span> <span class='ocrx_word' id='word_1_749' title='bbox 715 5490 908 5531; x_wconf 90' lang='lat' dir='ltr'><strong>eorum</strong></span> <span class='ocrx_word' id='word_1_750' title='bbox 940 5475 1380 5530; x_wconf 84' lang='lat' dir='ltr'><strong>incredulitatem</strong></span> <span class='ocrx_word' id='word_1_751' title='bbox 1422 5476 1757 5544; x_wconf 84' lang='lat' dir='ltr'><strong>improperat</strong></span> <span class='ocrx_word' id='word_1_752' title='bbox 1785 5490 1800 5527; x_wconf 90' lang='lat'><strong>:</strong></span> <span class='ocrx_word' id='word_1_753' title='bbox 1831 5482 1885 5528; x_wconf 89' lang='lat' dir='ltr'><strong>et</strong></span> <span class='ocrx_word' id='word_1_754' title='bbox 1918 5473 2068 5527; x_wconf 77' lang='lat' dir='ltr'><strong>Scri-</strong></span> 
     </span>
    </p>
   </div>
   <div class='ocr_carea' id='block_1_108' title="bbox 488 5565 2073 5643">
    <p class='ocr_par' dir='ltr' id='par_1_108' title="bbox 488 5565 2073 5643">
     <span class='ocr_line' id='line_1_108' title="bbox 488 5565 2073 5643; baseline -0.003 -18"><span class='ocrx_word' id='word_1_755' title='bbox 488 5581 776 5643; x_wconf 84' lang='lat' dir='ltr'><strong>pturarum</strong></span> <span class='ocrx_word' id='word_1_756' title='bbox 838 5567 1386 5640; x_wconf 84' lang='lat' dir='ltr'><strong>interpretationibus</strong></span> <span class='ocrx_word' id='word_1_757' title='bbox 1441 5582 1595 5621; x_wconf 87' lang='lat' dir='ltr'><strong>suam</strong></span> <span class='ocrx_word' id='word_1_758' title='bbox 1649 5565 1960 5636; x_wconf 87' lang='lat' dir='ltr'><strong>passionem</strong></span> <span class='ocrx_word' id='word_1_759' title='bbox 2007 5579 2073 5621; x_wconf 88' lang='lat' dir='ltr'><strong>ac</strong></span> 
     </span>
    </p>
   </div>
   <div class='ocr_carea' id='block_1_109' title="bbox 491 5656 2058 5734">
    <p class='ocr_par' dir='ltr' id='par_1_109' title="bbox 491 5656 2058 5734">
     <span class='ocr_line' id='line_1_109' title="bbox 491 5656 2058 5734; baseline -0.002 -18"><span class='ocrx_word' id='word_1_760' title='bbox 491 5678 746 5734; x_wconf 76' lang='lat' dir='ltr'><strong>magnum</strong></span> <span class='ocrx_word' id='word_1_761' title='bbox 790 5660 1210 5719; x_wconf 86' lang='lat' dir='ltr'><strong>resurrectionis</strong></span> <span class='ocrx_word' id='word_1_762' title='bbox 1242 5661 1560 5732; x_wconf 86' lang='lat' dir='ltr'><strong>mysterium</strong></span> <span class='ocrx_word' id='word_1_763' title='bbox 1601 5659 1909 5715; x_wconf 79' lang='lat' dir='ltr'><strong>confirmat.</strong></span> <span class='ocrx_word' id='word_1_764' title='bbox 1950 5656 2058 5713; x_wconf 73' lang='lat' dir='ltr'><strong>Ve-</strong></span> 
     </span>
    </p>
   </div>
   <div class='ocr_carea' id='block_1_110' title="bbox 598 5809 1567 5880">
    <p class='ocr_par' dir='ltr' id='par_1_110' title="bbox 598 5809 1567 5880">
     <span class='ocr_line' id='line_1_110' title="bbox 598 5809 1567 5880; baseline 0 -14"><span class='ocrx_word' id='word_1_765' title='bbox 598 5810 615 5845; x_wconf 68' lang='grc' dir='ltr'><strong>ί</strong></span> <span class='ocrx_word' id='word_1_766' title='bbox 651 5811 783 5868; x_wconf 85' lang='lat' dir='ltr'><strong>Luc.</strong></span> <span class='ocrx_word' id='word_1_767' title='bbox 810 5830 863 5880; x_wconf 73' lang='grc' dir='ltr'>γ,</span> <span class='ocrx_word' id='word_1_768' title='bbox 895 5811 986 5865; x_wconf 70' lang='grc' dir='ltr'><strong>ὄῖ.</strong></span> <span class='ocrx_word' id='word_1_769' title='bbox 1097 5809 1330 5867; x_wconf 78' lang='lat' dir='ltr'><strong>’Matth.</strong></span> <span class='ocrx_word' id='word_1_770' title='bbox 1365 5828 1449 5878; x_wconf 86' lang='grc' dir='ltr'>ιιι,</span> <span class='ocrx_word' id='word_1_771' title='bbox 1481 5812 1567 5866; x_wconf 79' lang='grc'><strong>16.</strong></span> 
     </span>
    </p>
   </div>
   <div class='ocr_carea' id='block_1_111' title="bbox 1681 5807 2149 5876">
    <p class='ocr_par' dir='ltr' id='par_1_111' title="bbox 1681 5807 2149 5876">
     <span class='ocr_line' id='line_1_111' title="bbox 1681 5807 2149 5876; baseline -0.011 -8"><span class='ocrx_word' id='word_1_772' title='bbox 1681 5814 1700 5844; x_wconf 88' lang='grc'><strong><em>³</em></strong></span> <span class='ocrx_word' id='word_1_773' title='bbox 1729 5813 1916 5867; x_wconf 78' lang='lat' dir='ltr'><strong>Matth.</strong></span> <span class='ocrx_word' id='word_1_774' title='bbox 1950 5827 2024 5876; x_wconf 69' lang='grc' dir='ltr'>ιι,</span> <span class='ocrx_word' id='word_1_775' title='bbox 2058 5807 2149 5865; x_wconf 70' lang='grc'><strong>26.</strong></span> 
     </span>
    </p>
   </div>
   <div class='ocr_carea' id='block_1_112' title="bbox 2168 5373 3716 5447">
    <p class='ocr_par' dir='ltr' id='par_1_112' title="bbox 2168 5373 3716 5447">
     <span class='ocr_line' id='line_1_112' title="bbox 2168 5373 3716 5447; baseline -0.012 -14"><span class='ocrx_word' id='word_1_776' title='bbox 2168 5380 2468 5433; x_wconf 80' lang='grc' dir='ltr'>ἀνάστασιν</span> <span class='ocrx_word' id='word_1_777' title='bbox 2502 5377 2729 5439; x_wconf 82' lang='grc' dir='ltr'>ἐπιστὰς</span> <span class='ocrx_word' id='word_1_778' title='bbox 2765 5373 2832 5447; x_wconf 81' lang='grc' dir='ltr'><strong>(ὦ</strong></span> <span class='ocrx_word' id='word_1_779' title='bbox 2859 5379 2958 5447; x_wconf 81' lang='grc' dir='ltr'>τῆς</span> <span class='ocrx_word' id='word_1_780' title='bbox 2989 5375 3221 5444; x_wconf 80' lang='grc' dir='ltr'>φρικτῆς</span> <span class='ocrx_word' id='word_1_781' title='bbox 3271 5373 3484 5440; x_wconf 80' lang='grc' dir='ltr'>ἐκείνης</span> <span class='ocrx_word' id='word_1_782' title='bbox 3522 5373 3716 5421; x_wconf 74' lang='grc' dir='ltr'>ἐπιστα-</span> 
     </span>
    </p>
   </div>
   <div class='ocr_carea' id='block_1_113' title="bbox 2171 5457 3718 5542">
    <p class='ocr_par' dir='ltr' id='par_1_113' title="bbox 2171 5457 3718 5542">
     <span class='ocr_line' id='line_1_113' title="bbox 2171 5457 3718 5542; baseline -0.008 -17"><span class='ocrx_word' id='word_1_783' title='bbox 2171 5471 2289 5535; x_wconf 91' lang='grc' dir='ltr'>σίας</span> <span class='ocrx_word' id='word_1_784' title='bbox 2308 5473 2347 5542; x_wconf 91' lang='lat' dir='ltr'><strong>l)</strong></span> <span class='ocrx_word' id='word_1_785' title='bbox 2379 5472 2438 5524; x_wconf 84' lang='grc' dir='ltr'>τό</span> <span class='ocrx_word' id='word_1_786' title='bbox 2465 5489 2524 5524; x_wconf 82' lang='grc' dir='ltr'><strong>τε</strong></span> <span class='ocrx_word' id='word_1_787' title='bbox 2554 5471 2730 5542; x_wconf 81' lang='grc' dir='ltr'>βραδὺ</span> <span class='ocrx_word' id='word_1_788' title='bbox 2759 5471 2856 5523; x_wconf 77' lang='grc' dir='ltr'><strong>καὶ</strong></span> <span class='ocrx_word' id='word_1_789' title='bbox 2877 5469 3173 5523; x_wconf 78' lang='grc' dir='ltr'>δύσπιστον</span> <span class='ocrx_word' id='word_1_790' title='bbox 3200 5467 3299 5537; x_wconf 81' lang='grc' dir='ltr'>τῆς</span> <span class='ocrx_word' id='word_1_791' title='bbox 3319 5464 3538 5535; x_wconf 85' lang='grc' dir='ltr'>καρδίας</span> <span class='ocrx_word' id='word_1_792' title='bbox 3559 5457 3718 5512; x_wconf 77' lang='grc' dir='ltr'>αὐτῶν</span> 
     </span>
    </p>
   </div>
   <div class='ocr_carea' id='block_1_114' title="bbox 2171 5548 3717 5629">
    <p class='ocr_par' dir='ltr' id='par_1_114' title="bbox 2171 5548 3717 5629">
     <span class='ocr_line' id='line_1_114' title="bbox 2171 5548 3717 5629; baseline -0.012 -12"><span class='ocrx_word' id='word_1_793' title='bbox 2171 5563 2439 5629; x_wconf 78' lang='grc' dir='ltr'>ὀνειδίζει,</span> <span class='ocrx_word' id='word_1_794' title='bbox 2472 5565 2564 5616; x_wconf 70' lang='grc' dir='ltr'>καὶ</span> <span class='ocrx_word' id='word_1_795' title='bbox 2592 5565 2714 5626; x_wconf 84' lang='grc' dir='ltr'>ταῖς</span> <span class='ocrx_word' id='word_1_796' title='bbox 2745 5561 3030 5615; x_wconf 80' lang='grc' dir='ltr'>ὲπιλύσεσι</span> <span class='ocrx_word' id='word_1_797' title='bbox 3067 5560 3175 5615; x_wconf 87' lang='grc' dir='ltr'><strong>τῶν</strong></span> <span class='ocrx_word' id='word_1_798' title='bbox 3231 5558 3463 5626; x_wconf 73' lang='grc' dir='ltr'>Γραιρῶν</span> <span class='ocrx_word' id='word_1_799' title='bbox 3512 5554 3570 5606; x_wconf 81' lang='grc' dir='ltr'><strong>τὸ</strong></span> <span class='ocrx_word' id='word_1_800' title='bbox 3612 5548 3717 5601; x_wconf 82' lang='grc' dir='ltr'>κατ’</span> 
     </span>
    </p>
   </div>
   <div class='ocr_carea' id='block_1_115' title="bbox 2171 5642 3720 5726">
    <p class='ocr_par' dir='ltr' id='par_1_115' title="bbox 2171 5642 3720 5726">
     <span class='ocr_line' id='line_1_115' title="bbox 2171 5642 3720 5726; baseline -0.01 -18"><span class='ocrx_word' id='word_1_801' title='bbox 2171 5657 2333 5712; x_wconf 80' lang='grc' dir='ltr'>αὑτὸν</span> <span class='ocrx_word' id='word_1_802' title='bbox 2369 5656 2534 5720; x_wconf 82' lang='grc' dir='ltr'>πάθος</span> <span class='ocrx_word' id='word_1_803' title='bbox 2574 5659 2666 5710; x_wconf 74' lang='grc' dir='ltr'><strong>καὶ</strong></span> <span class='ocrx_word' id='word_1_804' title='bbox 2716 5656 2775 5709; x_wconf 83' lang='grc' dir='ltr'><strong>τὸ</strong></span> <span class='ocrx_word' id='word_1_805' title='bbox 2809 5657 2954 5726; x_wconf 82' lang='grc' dir='ltr'>μέγα</span> <span class='ocrx_word' id='word_1_806' title='bbox 2984 5658 3086 5725; x_wconf 85' lang='grc' dir='ltr'><strong>τῆς</strong></span> <span class='ocrx_word' id='word_1_807' title='bbox 3134 5651 3481 5712; x_wconf 79' lang='grc' dir='ltr'>ἀναστάσεως</span> <span class='ocrx_word' id='word_1_808' title='bbox 3529 5642 3720 5716; x_wconf 79' lang='grc' dir='ltr'>μυστῄ-</span> 
     </span>
    </p>
   </div>
  </div>
