4110 6478
474 440 614 549 11:3

1827 474 2009 536 VlTA
2044 472 2107 535 S.
2146 471 2381 535 LUC-ﬁ.

3598 471 3735 539 113i.

472 616 591 675 ριον
627 597 859 668 βεϐαιοῖ.
891 596 1038 669 Πλὴν
1068 594 1206 650 ἀλλὰ
1242 594 1338 663 τῆς
1377 593 1527 657 θείας
1572 588 1790 663 ὁμιλίας
1821 590 2049 661 ταύτης,

2166 601 2463 648 rumtamen
2520 605 2640 661 quae
2712 589 2813 645 fuit
2879 588 3051 661 hujus
3100 588 3302 645 divina
3354 589 3736 647 collocationis

471 693 524 747 τί
559 694 619 746 τί)
659 689 962 762 γεῶργιον;
995 687 1112 759 Πῦρ
1165 688 1265 758 ἠδη
1317 686 1461 739 θεῖον
1503 686 1627 748 ταῖς
1672 682 1878 738 τούτων
1923 686 2056 736 ἁνα-

469 782 684 853 λάμπει
725 782 948 851 ψυχαῖς·
997 781 1093 833 καὶ
1151 778 1252 844 τῆς
1310 776 1525 847 ἡμέρας
1584 775 1710 846 ἄρτι
1770 772 2053 840 κλινάσης,

477 879 657 947 μεῖναι
703 875 801 927 σὺν
847 874 1032 934 αὐτοῖς
1068 872 1160 923 τὸν
1198 869 1481 939 Δεσπότην
1534 864 1958 936 παρεϐιάσαντο.
1997 864 2056 914 '0

472 968 550 1035 δὲ,
576 966 800 1019 πλείονα
830 965 929 1035 τὴν
967 962 1298 1032 θεογνωσίαν
1350 961 1538 1023 αὐτοῖς
1592 958 1824 1013 ἐνθεῖναι
1876 956 2061 1027 βουλό-

478 1077 658 1131 μενος,
689 1059 750 1112 ού
794 1057 1027 1126 συνέστη
1064 1056 1224 1126 μόνον
1259 1053 1471 1120 ἁπλῶς,
1498 1052 1636 1105 ἀλλὰ
1674 1052 1770 1104 καὶ
1813 1052 1882 1120 τῇ
1919 1065 2056 1118 τρα-

475 1150 616 1221 πέζῃ
651 1144 1144 1215 συγκατακλίνεται
1165 1159 1178 1174 ·
1204 1148 1270 1215 τῇ
1314 1161 1372 1197 τε
1403 1142 1499 1196 τοῦ
1535 1144 1701 1212 ἄρτου
1748 1140 1938 1193 κλάσει
1970 1133 2060 1193 ού-

414 1246 429 1254 ’
473 1258 585 1304 τος,
616 1242 822 1301 ἐκεῖνος
853 1241 882 1292 ὁ
907 1238 1207 1307 τριήμερος
1255 1232 1398 1290 εἶναι
1436 1234 1633 1304 νεκρὸς
1663 1233 2058 1302 ἀκριϐέστερον

472 1331 824 1405 γνωρισθεὶς,
843 1331 998 1393 τέλος
1023 1328 1201 1401 ᾤχετο
1222 1328 1402 1383 λαθὼν
1433 1328 1617 1382 αὐτῶν
1652 1328 1834 1379 πᾶσαν
1865 1322 2059 1391 αἴσθη-

477 1442 584 1489 σιν,
608 1424 961 1494 βεϐαιοτέραν
994 1419 1168 1484 οὕτως
1196 1421 1382 1483 αὑτοῖς
1430 1419 1529 1489 τὴν
1567 1419 1632 1470 ἐκ
1682 1414 1793 1469 τῶν
1846 1412 2059 1484 νεκρῶν

477 1518 774 1570 ἀνάστασιν
806 1513 1206 1583 ἐργασάμενος.

547 1605 622 1658 Ε’.
662 1601 941 1655 Ἐντεῦθεν
959 1603 1054 1654 καὶ
1081 1601 1180 1671 τῆς
1223 1599 1318 1654 τοῦ
1360 1599 1614 1669 Σωτῆρος
1656 1597 1795 1670 πρὸς
1826 1595 2060 1668 ούρανδν

478 1693 820 1765 ἀναλήψεως,
845 1694 936 1747 καὶ
963 1692 1064 1763 τῆς
1084 1693 1178 1746 τοῦ
1213 1692 1480 1759 παναγέου
1505 1689 1827 1759 Πνεῦμα-τος
1851 1689 2061 1742 ἐκεῖθεν

479 1781 897 1852 ὲπιφοιτήσεως,
941 1774 1094 1843 οὗτος
1133 1783 1244 1842 τοῖς
1269 1778 1476 1832 δώδεκα
1503 1774 2062 1848 κεκοινωνηκὼς,τῆς

479 1873 652 1942 αὐτῆς
685 1889 743 1924 τε
783 1869 1099 1940 πληρωθεὶς
1148 1870 1374 1940 χάριτος
1426 1871 1519 1923 καὶ
1574 1870 1902 1938 δυνάμεως,
1951 1867 2061 1921 τῶν

2159 683 2518 753 agricolatio?
2571 684 2711 754 Ignis
2742 681 2962 739 divinus
3020 684 3126 748 iam
3172 682 3232 736 in
3296 682 3493 738 horum
3538 684 3736 739 animis

2159 778 2389 843 relucet,
2449 775 2673 846 jamque
2734 776 2822 830 die
2884 774 3192 829 declinante
3253 790 3476 830 manere
3546 791 3735 830 secum

2162 868 2450 924 Dominum
2484 872 2886 938 quodammodo
2914 877 3232 940 coegerunt.
3257 867 3424 922 Porro
3445 868 3583 938 ipse,
3616 885 3731 923 ma—

2155 961 2263 1031 jori
2305 961 2398 1015 Dei
2426 962 2737 1032 cognitione
2762 961 2885 1015 illos
2919 960 3103 1014 alilare
3129 970 3336 1021 volens,
3389 975 3499 1013 non
3557 961 3730 1016 solum

2160 1053 2369 1124 vulgari
2398 1054 2561 1107 tnodo
2587 1068 2915 1123 congressus
2947 1063 3054 1118 est,
3091 1052 3452 1106 verumetiam
3481 1051 3547 1105 ad
3582 1068 3740 1104 Inun-

2162 1158 2278 1195 sam
2336 1157 2442 1196 una
2492 1142 2786 1207 recumbit,
2846 1141 3115 1212 panisque
3170 1140 3436 1194 fractioue
3493 1140 3741 1195 exactius

2161 1234 2379 1305 agnitus
2402 1242 2488 1288 est
2520 1234 2612 1289 hic
2669 1234 2812 1288 idem
2846 1232 2941 1302 qui
3002 1231 3183 1288 triduo
3234 1241 3481 1287 mortuus
3537 1233 3736 1294 fuerat,

2160 1326 2384 1381 tandem
2408 1325 2679 1395 disparuit
2696 1325 2848 1379 nullo
2871 1340 3064 1380 eorum
3094 1338 3257 1378 sensu
3287 1326 3338 1377 id
3361 1323 3696 1392 percipicute
3721 1340 3737 1390 ;

2161 1414 2357 1469 en‘ecta
2416 1414 2524 1469 hoc
2580 1413 2747 1469 modo
2798 1413 2856 1467 in
2913 1412 2997 1468 eis
3041 1413 3269 1467 lirmiori
3332 1415 3739 1468 resurrectione

2163 1518 2534 1562 mortuorum.

2223 1588 2298 1652 Ὗ.
2330 1596 2597 1653 Praeterea
2634 1614 2664 1652 a
2692 1595 2992 1652 Salvatoris
3018 1595 3073 1651 in
3094 1596 3295 1652 cmlum
3361 1597 3744 1666 assumptione

2163 1704 2227 1744 ac
2254 1688 2586 1745 sanctissimi
2607 1687 2843 1759 Spiritus
2862 1690 2987 1744 inde
3013 1689 3391 1756 descensione,
3419 1690 3506 1745 hic
3532 1691 3744 1746 duode-

2163 1781 2270 1837 cim
2313 1781 2574 1851 apostolis
2612 1781 2914 1835 associatus
2960 1790 3015 1836 et
3052 1781 3244 1835 eadem
3286 1783 3456 1850 gratia
3515 1796 3578 1836 ac
3641 1796 3741 1850 μου

2165 1883 2362 1929 testate
2405 1875 2667 1943 repletus,
2726 1872 2989 1928 Gentium
3039 1883 3343 1944 praeceptor
3400 1874 3742 1944 designatur,

479 1959 649 2013 εθνιυν
676 1958 997 2022 διδάσκαλος
1023 1959 1430 2024 ἀναδείκνυται,
1469 1957 1735 2026 θεολογῶν
1767 1958 1828 2011 τὸ
1858 1958 1956 2029 τῆς
1987 1960 2062 2010 0i-

2166 1964 2350 2020 divino
2385 1965 2549 2020 modo
2592 1965 2796 2020 docens
2822 1964 3253 2034 dispensationis
3306 1965 3651 2035 mysterium.
3690 1974 3747 2017 et

479 2053 741 2122 κονομίας
798 2052 1124 2122 μυστήριον,
1181 2053 1276 2106 καὶ
1343 2053 1575 2116 πολλούς
1622 2053 1704 2114 εἰς
1760 2050 2060 2118 ἐπίγνωσιν

478 2144 573 2199 τοῦ
609 2144 974 2214 πεποιηκότος
1007 2146 1074 2197 ὲκ
1120 2144 1220 2214 τῆς
1270 2144 1491 2215 ἀπάτης
1546 2142 1909 2215 χειραγωγῶν
1963 2142 2061 2196 καὶ

478 2234 697 2288 τελειῶν
731 2234 811 2303 τῷ
856 2233 1224 2304 βαπτίσματι.
1276 2233 1510 2305 Ἐτρεχε
1559 2234 1660 2302 μὲν
1721 2233 1832 2301 γὰρ
1861 2235 1889 2286 ὁ
1917 2232 2061 2295 θεῖος

483 2322 642 2390 οὗτος
679 2328 897 2390 Λουκᾶς
945 2325 1229 2397 πανταχοῦ
1269 2326 1608 2398 διασπείρων
1654 2325 1715 2379 τὸ
1767 2328 2059 2397 κήρυγμα,

482 2422 580 2473 καὶ
607 2422 674 2491 τῇ
707 2419 815 2475 τῶν
844 2419 1020 2488 λόγων
1053 2421 1266 2490 σαγήνῃ
1314 2419 1443 2480 τοὺς
1473 2418 1692 2481 πλείους
1719 2419 1784 2472 ὲκ
1814 2420 1913 2488 τῆς
1963 2416 2058 2471 τοῦ

478 2510 648 2582 βυθοῦ
695 2510 973 2579 ἀγνωσίας
1026 2513 1323 2580 προσάγων
1356 2508 1495 2580 Θεῷ,
1535 2508 1869 2562 κακοπαθῶν
1917 2507 2061 2578 ὑπὲρ

479 2603 574 2657 τοῦ
606 2602 967 2672 Εὐαγγελίου,
998 2606 1111 2666 τοῖς
1136 2602 1533 2673 πονηροτάτοις
1572 2600 1843 2671 Ἐλλήνων
1862 2602 1941 2663 είς
1975 2599 2064 2652 λό-

478 2713 612 2765 γους
646 2696 865 2765 χωρῶν,
897 2694 1070 2748 πολλὰ
1095 2695 1164 2748 τὰ
1212 2694 1449 2765 δυσχερῆ
1503 2695 1873 2765 ὑφιστάμενος
1919 2693 2061 2747 κατά

479 2789 607 2857 γῆν,
653 2788 794 2841 κατά
827 2785 1126 2851 θάλατταν,
1157 2786 1301 2839 κατὰ
1338 2785 1546 2847 πόλεις.
1600 2784 1850 2856 Ἔρημός
1909 2780 2062 2852 αὐτῷ

480 2881 634 2949 φίλον
693 2881 889 2948 ἔδαφος
934 2877 1276 2948 ὠνομάζετο,
1336 2878 1500 2949 μόνον
1524 2878 1578 2930 ετ
1611 2894 1769 2940 τινας
1819 2880 1876 2930 ἑν
1920 2877 2060 2947 αὐτῇ

479 2972 599 3044 Θεῷ
653 2975 1027 3045 προσαγαγεῖν
1063 2970 1237 3043 εὖροι,
1290 2973 1383 3025 καὶ
1426 2969 1744 3042 μεταθεῖναι
1783 2969 1923 3041 πρὸς
1961 2969 2062 3040 τὴν

476 3064 780 3120 εύσέϐειαν.

552 3159 644 3224 (τ’.
671 3156 827 3210 Ἐπεὶ
848 3157 903 3210 δὲ
924 3157 1018 3209 καὶ
1038 3155 1274 3223 Παῦλος,
1295 3156 1404 3210 τῶν
1420 3153 2061 3226 ούρακιίωπζὲπιϐήσεσθαι

2164 2057 2368 2112 tuultos
2387 2057 2454 2110 ad
2479 2054 2761 2111 Creatoris
2792 2056 3166 2126 cognitionem
3199 2071 3266 2110 ex
3300 2071 3489 2111 errore
3553 2071 3744 2111 manu-

2163 2148 2372 2203 ducens
2396 2163 2461 2202 ac
2489 2148 2816 2217 baptismate
2840 2162 3190 2202 consecratis.
3236 2145 3516 2217 Siquidem
3548 2164 3744 2203 curre-

2164 2240 2257 2295 bat
2332 2240 2555 2294 divinus
2633 2237 2724 2293 hic
2808 2236 2984 2292 Lucas
3042 2239 3486 2308 pnedicationem
3542 2239 3745 2310 ubique

2164 2331 2585 2393 disseminaus.
2655 2326 2725 2386 et
2775 2346 3088 2384 sermonum
3155 2345 3354 2401 sagcna
3435 2330 3620 2401 plures
3679 2348 3746 2388 ex

2164 2423 2438 2494 profunda
2473 2423 2785 2494 ignorantia
2810 2422 2877 2477 ad
2906 2422 3076 2476 Deum
3109 2422 3420 2477 adducebat
3453 2439 3468 2476 :
3509 2422 3743 2479 aﬂlictus

2163 2531 2264 2586 pro
2287 2514 2603 2585 Evangelio,
2629 2529 2751 2568 cum
2777 2514 2846 2568 ad
2875 2514 3151 2584 pessimos
3180 2513 3403 2569 Graecos
3436 2515 3501 2569 ad
3554 2504 3745 2571 'disse-

2163 2604 2457 2659 minandos
2488 2617 2781 2667 sermones
2813 2603 3118 2667 accederet,
3149 2604 3317 2657 multa
3350 2619 3542 2673 aspera
3573 2606 3746 2661 sustio-

2164 2696 2333 2750 nebat
2366 2695 2420 2748 in
2448 2704 2615 2759 terra,
2673 2694 2728 2749 in
2788 2694 2945 2758 mari,
3000 2693 3056 2747 in
3109 2694 3339 2766 singulis
3404 2696 3741 2753 civitatibus.

2164 2786 2452 2842 Desertum
2476 2787 2757 2842 dicebatur
2817 2787 2865 2841 ei
2906 2786 3143 2840 amicum
3189 2787 3386 2851 solum,
3444 2786 3743 2845 dummodo

2164 2878 2377 2949 aliquos
2424 2879 2480 2932 iu
2522 2893 2589 2933 eo
2645 2878 2921 2934 inveniret
2972 2894 3112 2948 quos
3163 2878 3274 2934 Deo
3339 2879 3638 2936 adduceret
3677 2897 3742 2938 ac

2166 2972 2490 3027 transferret
2519 2971 2587 3027 ad
2624 2971 2905 3043 pietatem.

2240 3153 2329 3210 Vl.
2365 3154 2467 3211 Ubi
2497 3165 2680 3211 autem
2707 3165 2764 3211 et
2791 3154 2993 3212 Paulus
3019 3157 3264 3213 coelestia
3312 3158 3747 3226 conscendisset,

484 3249 725 3320 μέλλων,
770 3249 1145 3303 κατοπτεῦσαί
1177 3265 1234 3303 τε
1268 3248 1361 3301 καὶ
1416 3248 1656 3319 κηρύξαι
1715 3248 1930 3319 τρανῶς
1961 3252 2063 3320 τὴν

2169 3255 2230 3301 ut
2256 3246 2565 3303 intueretur
2598 3247 2884 3303 veritatem
2925 3257 2981 3303 et
3016 3259 3206 3319 aperte
3227 3263 3347 3304 eam
3406 3252 3747 3320 praedicaret,

484 3342 767 3412 αλὴθειαν,
791 3342 850 3393 τι
886 3344 983 3412 τῆς
1016 3340 1232 3412 ἀπάτης
1270 3340 1464 3403 σκότος
1495 3339 1788 3394 ἀποϐαλὼν
1819 3343 1886 3412 τῇ
1916 3342 2064 3394 εύσε-

481 3433 606 3487 ϐεία
648 3434 925 3498 συνέθετο,
954 3435 1047 3487 καὶ
1076 3436 1155 3505 τῷ
1198 3433 1345 3505 χορῷ
1381 3433 1773 3504 συνηριθμεῖτο
1796 3433 1909 3484 τῶν
1952 3449 2060 3501 μα-

480 3524 685 3594 θητῶν,
709 3523 1089 3593 συνοδοιπόρος
1117 3523 1267 3593 αύτῴ
1306 3522 1522 3584 Λουκᾶς
1568 3522 1896 3575 καθίσταται
1926 3540 2063 3575 παν-

483 3616 652 3687 ταχοῦ
682 3619 777 3671 καί⁵
811 3617 1175 3687 συνέκδημος,
1198 3616 1427 3684 ἀγώνων
1457 3614 1565 3667 τῶν
1600 3613 1743 3684 ὑπὲρ
1776 3614 2062 3678 εὐσεϐείας

483 3712 645 3782 ἐρῶν,
695 3714 788 3763 καὶ
838 3710 930 3764 διά
987 3710 1146 3763 τοῦτο
1202 3707 1468 3779 τηλικῷδε
1520 3707 1788 3772 συντάξας
1866 3706 2063 3761 ἑαυτὸν

486 3803 815 3877 στρατιώτῃ,
851 3803 1015 3874 μέχρι
1041 3818 1097 3855 τε
1123 3801 1338 3872 δεσμῶν
1377 3801 1452 3863 ῶς
1487 3799 1799 3869 κακοῦργος
1856 3813 2064 3866 συγκαο

483 3894 742 3951 κοπαθῶν
774 3896 945 3963 αὐτῷ,
973 3894 1190 3958 καὶτὰς
1219 3895 1318 3964 τῆς
1347 3892 1681 3960 θεογνωσίας
1718 3894 1949 3955 ἀκτῖνας
1983 3892 2065 3954 είς

483 3992 551 4042 τά
591 3989 808 4058 πέρατα
873 3988 1300 4057 συνεκπέμπων,
1347 3983 1493 4038 οὕτω
1533 3982 1932 4055 συναρμοσθεὶς
1969 3985 2064 4037 καὶ

481 4079 807 4144 οίκειωθεὶς,
865 4080 963 4132 καὶ
1015 4081 1157 4131 κατὰ
1212 4078 1393 4131 πάντα
1452 4076 1858 4147 κεχαρισμένος
1912 4072 2064 4145 αύτῷ

484 4173 804 4243 γενόμενος,
828 4172 968 4226 ὥστε
994 4171 1088 4223 τὸν
1116 4167 1353 4245 Παῦλον,
1382 4165 1772 4220 ἐπιστέλλοντα
1824 4165 1937 4227 τοῖς
1973 4181 2064 4216 πι-

486 4266 652 4327 στοῖς,
697 4261 984 4331 ἀγαπητὸν
1032 4258 1300 4331 πολλαχοῦ
1342 4259 1435 4311 τὸν
1484 4258 1702 4310 Λουκᾶν
1750 4255 2062 4325 ὀνομάζειν.

487 4356 586 4419 ’ος
617 4356 722 4408 ἀπό
752 4373 812 4408 τε
852 4354 1212 4426 Ἰερουσαλὴμ
1252 4353 1347 4406 καὶ
1393 4351 1581 4421 κύκλῳ
1629 4352 1793 4421 μέχρι
1822 4348 1919 4402 τοῦ
1969 4347 2069 4401 Ἰλ-

484 4446 714 4518 λυρικοῦ
745 4445 809 4499 τὺ
847 4444 1180 4513 Εὑαγγέλιον
1234 4444 1332 4496 σὺν
1384 4442 1560 4510 τούτῳ
1599 4437 1977 4509 πληρῶν,ἀπό
2006 4452 2066 4488 τε

499 4540 760 4602 Ἰουδαίας
800 4538 929 4609 ἄχρι
980 4537 1200 4607 Ῥώμης
1235 4534 1387 4606 αύτῷ
1438 4532 1930 4604 συνδεσμούμενος,
1955 4531 2067 4583 τῶν

2167 3354 2231 3395 ac
2260 3340 2495 3409 abiectis
2516 3339 2725 3394 erroris
2754 3339 2996 3395 tenebris
3030 3342 3246 3394 veritati
3305 3340 3644 3409 adhaesisset,
3692 3355 3749 3398 et

2168 3434 2339 3489 clioro
2373 3432 2768 3503 discipulorum
2797 3443 3202 3487 annumeratus
3231 3442 3402 3497 esset,
3440 3434 3616 3491 Lucas
3643 3437 3744 3507 ipsi

2167 3525 2351 3580 socius
2389 3525 2605 3579 itineris
2632 3525 2833 3593 ubique
2866 3523 3219 3578 coostituitur
3255 3539 3320 3579 ac
3354 3527 3746 3597 peregrinatio-

2168 3615 2257 3668 nis
2287 3628 2493 3677 comes,
2535 3614 2834 3668 certamina
2860 3628 2959 3682 pro
2992 3615 3194 3683 pietate
3220 3627 3508 3686 exoptans,
3561 3628 3617 3674 et
3674 3622 3746 3675 ob

2169 3706 2222 3761 id
2265 3722 2324 3763 se
2352 3706 3028 3776 lmjusmodiconjungens
3081 3706 3258 3772 militi,
3285 3718 3340 3763 et
3365 3725 3472 3764 una
3498 3726 3625 3766 cum
3679 3728 3748 3767 eo

2169 3813 2339 3868 usque
2364 3800 2430 3852 ad
2460 3797 2675 3852 vincula
2706 3798 2937 3852 amictus
2984 3798 3138 3866 quasi
3192 3800 3497 3867 maleficus,
3554 3803 3747 3858 simul-

2166 3907 2274 3961 que
2303 3890 2630 3960 cognitionis
2681 3889 2863 3944 radios
2917 3890 2985 3944 ad
3038 3890 3174 3945 fines
3226 3901 3388 3947 terra:
3443 3896 3746 3950 emittens:

2165 3982 2304 4038 adeo
2336 3981 2440 4051 ipsi
2476 3981 2778 4035 conformis
2801 3995 2865 4035 ac
2890 3980 3247 4045 domesticus,
3300 3993 3355 4038 et
3410 3999 3510 4054 per
3561 3989 3747 4041 omnia

2166 4084 2352 4147 gratus
2384 4075 2633 4135 ell‘ectus.
2672 4086 2730 4127 ut
2778 4071 2977 4128 Paulus
3023 4075 3270 4130 scribens
3328 4076 3579 4135 fidelibus
3643 4078 3749 4134 Lu-

2167 4182 2289 4222 cam
2330 4167 2648 4236 frequenter
2678 4167 3269 4222 uominaretdilectum
3309 4188 3322 4225 :
3351 4172 3441 4239 qui
3463 4171 3532 4224 ab
3553 4172 3752 4227 Hiero-

2170 4257 2396 4333 solymis
2473 4265 2530 4312 et
2607 4258 3199 4329 circumadjacentibus
3275 4259 3409 4316 locis
3478 4261 3750 4334 lllyricum

2170 4364 2345 4420 usque
2379 4363 2488 4404 una
2518 4364 2643 4404 cum
2680 4350 2797 4419 ipso
2840 4349 3090 4421 implerit
3145 4351 3502 4424 Evangeliqu
3547 4371 3563 4409 :
3620 4364 3675 4411 et
3720 4371 3754 4410 a

2167 4441 2354 4497 Judaza
2394 4441 2622 4497 Romam
2654 4456 2828 4510 usque
2859 4458 2963 4495 uua
2996 4457 3118 4496 cum
3143 4458 3211 4498 eo
3260 4445 3503 4510 vinctus,
3542 4448 3750 4502 eisdem

2170 4531 2467 4591 laboribus,
2497 4530 2703 4584 eisdem
2747 4529 3155 4596 afﬂictionibus,
3232 4529 3437 4591 eisdem
3503 4551 3749 4593 commu-

486 4631 666 4685 αὐτῶν
694 4632 896 4695 κόπων,
918 4630 1028 4683 τῶν
1049 4629 1231 4682 αὐτῶν
1259 4629 1515 4698 θλίψεων,
1541 4626 1651 4679 τῶν
1683 4627 1863 4678 αὐτῶν
1888 4641 2063 4678 κεκοι-

2175 4621 2382 4673 nicavit
2404 4617 2727 4687 naufragiis,
2761 4619 2952 4673 volens
2980 4621 3208 4674 omnino
3237 4626 3513 4692 particeps
3565 4626 3751 4681 decla-

485 4724 693 4794 νώνηκε
732 4723 1028 4793 ναυαγίων,
1062 4721 1408 4790 συμμέτοχος
1453 4717 1797 4786 ἀναφανῆναι
1846 4717 2065 4778 πάντως

486 4818 581 4871 καὶ
611 4816 719 4869 τῶν
743 4817 836 4869 ἐπὶ
870 4816 1133 4876 τοιούτοις
1174 4814 1356 4875 πόνοις
1403 4812 1685 4880 στεφάνων
1723 4809 2064 4879 βουλόμενος.

488 4908 647 4963 υύτω
673 4908 963 4978 τοιγαροῦν
987 4905 1295 4968 πολυτελῶς
1339 4904 1436 4957 σὺν
1477 4901 1556 4970 τῷ
1613 4902 1810 4970 Παύλῳ
1854 4899 1918 4952 τὸ
1970 4898 2065 4951 τοῦ

487 5001 847 5074 κηρύγματος
882 5000 1374 5072 ἐμπορευσάμενος
1404 4994 1802 5053 τάλαντον,καὶ
1828 4990 2068 5043 τοσαῦτα

486 5094 824 5166 παραγαγὼν
843 5100 936 5145 καί
957 5091 1299 5161 σαγηνεύσας
1316 5089 1442 5157 ἔθνη
1456 5088 1522 5156 τῇ
1542 5085 1812 5155 εὐσεϐείᾳ,
1826 5084 1926 5152 τῆς
1938 5081 2068 5151 ὅλης

484 5189 582 5243 τοῦ
599 5187 927 5242 διδασκάλου
950 5184 1265 5251 οἰκονομίας
1288 5184 1317 5235 ό
1340 5182 1433 5233 καὶ
1448 5176 1621 5249 φιλῶν
1636 5177 1713 5247 τῷ
1731 5178 1844 5229 ὄντι
1872 5179 1966 5226 καὶ
1982 5191 2071 5241 φι-

486 5281 747 5351 λούμενος
779 5279 1051 5350 μαθητὴς,
1100 5274 1425 5346 ἱερογράφος
1458 5269 1595 5340 ὁμοῦ
1628 5272 1721 5322 καὶ
1770 5268 2065 5336 Εὐαγγελι-

489 5375 621 5445 στὴς
646 5373 944 5433 δείκνυται,
975 5369 1072 5422 an
1104 5368 1199 5421 καὶ
1227 5367 1491 5438 πρότερον
1541 5360 2066 5432 παρηκολουθηκὼς,

488 5470 584 5524 καὶ
614 5466 766 5538 παρὰ
799 5463 909 5517 τῶν
937 5462 1192 5532 ἀπαρχῆς
1213 5456 1503 5529 ὑπηρετῶν
1526 5455 1698 5508 ταῦτα
1719 5451 2067 5523 γνωρισθεὶς,

485 5561 524 5632 ἥ
555 5560 651 5613 καὶ
688 5555 1172 5633 ’,μυσταγωγηθεὶς
1223 5551 1451 5604 ἀνωθεν.
1503 5546 1576 5600 Ὶ“δ
1605 5548 1713 5619 γάρ
1743 5546 1836 5599 τοῦ
1867 5560 2074 5614 νυμφο-

488 5632 691 5705 στόλουν
733 5646 978 5718 Γαϐριὴλ
1029 5643 1163 5714 πρὸς
1195 5642 1297 5711 τὴν
1330 5639 1609 5713 Παρθένον
1662 5632 1817 5699 οὗτος
1862 5635 2074 5707 μυστή-

490 5761 609 5819 ριον
642 5738 943 5804 ἀνττάξατο
974 5740 1002 5791 ὁ
1031 5732 1463 5804 Εὐαγγελιστὴς,
1488 5733 1585 5784 τοῦ
1622 5730 1814 5801 κοινὴν
1845 5730 2076 5796 εὐαγγε-

492 5836 792 5905 λισαμένου
842 5830 921 5903 τῷ
974 5830 1166 5903 κόσμῳ
1221 5827 1422 5898 χαράν.
1483 5821 1657 5888 υῦτος
1698 5826 1794 5877 καὶ
1842 5823 1942 5890 τὴν
1975 5819 2074 5874 τοῦ

493 5924 741 5996 Χριστοῦ
764 5924 1019 5994 γέννησιν
1050 5920 1297 5992 ιναργῶς
1350 5914 1692 5989 δωχὰραξεν,
1725 5912 1918 5987 ὥσπερ
1948 5909 2075 5982 ἄρτι

2168 4713 2277 4768 rari
2309 4711 2473 4766 etiam
2497 4724 2827 4764 coronarum
2867 4720 3090 4779 propter
3115 4712 3212 4767 llos
3238 4713 3453 4769 labores
3475 4715 3748 4787 recipieno

2168 4807 2386 4862 durum.
2419 4802 2494 4857 Ita
2524 4815 2655 4873 ergo
2680 4802 2770 4854 ubi
2793 4802 2959 4857 variis
2998 4802 3179 4857 modis
3213 4806 3266 4857 in
3299 4806 3504 4860 talento
3553 4810 3750 4878 praedi-

2168 4897 2401 4954 cationis
2419 4895 2578 4951 simul
2607 4909 2731 4948 cum
2788 4892 2957 4948 Paulo
3003 4896 3313 4964 negotiatus
3357 4906 3524 4963 esset,
3582 4911 3749 4970 atque

2171 5001 2250 5046 tot
2279 4999 2472 5061 gentes
2501 4986 2815 5042 adduxisset
2865 5001 2929 5041 ac
3000 4987 3291 5043 irretiiSset
3337 4990 3401 5045 ad
3468 4972 3749 5062 pietatem,

2173 5082 2341 5137 totius
2378 5078 2803 5150 dispensationis
2837 5080 3194 5148 praeceptoris
3256 5090 3312 5135 et
3369 5097 3497 5147 vere
3539 5096 3752 5140 amator

2170 5183 2227 5228 et
2277 5182 2492 5227 amatus
2550 5170 2876 5240 discipulus,
2967 5183 3139 5226 sacra
3205 5173 3441 5241 scriptor
3506 5174 3749 5230 historic

2171 5264 2334 5320 simul
2375 5272 2431 5319 et
2476 5261 2823 5331 Evangelista
2872 5260 3204 5326 ostenditur,
3258 5270 3317 5317 ut
3346 5265 3439 5334 qui
3486 5273 3544 5319 et
3595 5267 3750 5337 prius

2172 5364 2457 5413 assecutus
2482 5363 2655 5419 esset,
2695 5361 2750 5409 et
2796 5354 2867 5408 ab
2920 5354 3006 5407 his
3052 5354 3144 5424 qui
3192 5352 3263 5408 ab
3319 5355 3477 5409 initio
3515 5358 3753 5413 ministri

2172 5451 2394 5506 fuerant
2438 5449 2552 5502 haec
2607 5444 2971 5516 cognovisset.
3018 5455 3117 5500 aut
3175 5447 3341 5502 etiam
3391 5463 3632 5519 superne
3691 5449 3750 5506 in

2174 5544 2350 5600 sacris
2393 5541 2623 5596 edoctus
2681 5547 2852 5592 esset.
2911 5535 3195 5607 Siquidem
3261 5538 3352 5593 hic
3417 5540 3751 5612 evangelista

2176 5633 2493 5708 mysterium
2528 5628 2765 5685 retexuit
2788 5626 3057 5683 Gabrielis
3097 5616 3457 5701 paranymplii
3510 5631 3752 5688 delatum

2175 5726 2244 5781 ad
2276 5723 2553 5794 Virginem
2611 5720 2703 5792 qui
2734 5734 3083 5775 communem
3142 5722 3345 5775 niundo
3389 5722 3618 5791 gratiam
3659 5736 3756 5776 an-

2176 5818 2546 5877 nuntiaverat.
2582 5813 2681 5870 Hic
2708 5814 2871 5869 etiam
2906 5811 3111 5868 Cliristl
3165 5814 3509 5869 nativitatem
3565 5823 3757 5884 aperto

2178 5911 2472 5976 exaravit,
2525 5917 2786 5978 tanquam
2828 5918 3025 5961 recens
3075 5904 3129 5960 in
3188 5905 3425 5977 praesepi
3478 5903 3752 5977 iacentum
