4110 6460
444 423 581 487 “35

1730 422 2013 484 MENSIS
2053 421 2419 485 OCTOBEB.

3554 430 3682 497 1135

438 536 821 599 manifestans,
881 546 930 591 et
997 534 1190 591 fasrias
1250 551 1312 590 ac
1379 537 1647 606 pastores,
1723 534 2013 605 gaudiique

2122 532 2376 605 κείμενον
2405 536 2473 607 τῆ
2512 535 2693 608 φάτνῃ
2736 534 3121 608 παραὰικνῦς,
3143 536 3237 589 καὶ
3267 537 3571 608 σπάργανα,
3595 546 3680 596 καὶ

438 644 717 699 praecones
768 629 988 700 angelos
1043 628 1382 684 describens.
1439 628 1537 684 Hic
1606 629 1907 683 seutent’as
1952 643 2017 683 ac

438 722 714 776 doctrinas
737 736 955 775 omnem
996 730 1233 775 mentem
1280 721 1634 785 excedcntcs,
1697 722 1812 775 \Cl‘i
1852 721 2016 774 simul

437 828 497 867 ac
560 813 771 867 honesti
836 828 1022 868 amore
1100 813 1494 879 manifestavit,
1547 828 1729 868 rerum
1795 812 2013 866 veritati

436 922 750 960 sermonum
787 906 1177 974 ingenuitatem
1218 906 1618 969 cummiscens,
1665 914 1725 959 ut
1770 915 1825 958 (·ι
1860 920 2018 959 men-

437 997 507 1051 tis
550 999 708 1052 simul
751 1013 814 1054 ac
861 998 1055 1067 lingua:
1104 998 1360 1051 virtutem
1415 997 1485 1052 ob
1518 998 1704 1052 oculos
1762 1004 2013 1067 poneret;

435 1088 492 1144 ln
526 1089 798 1161 parabolis
828 1105 1047 1161 quoque
1088 1091 1372 1147 doctrinas
1430 1091 1699 1145 salutares
1759 1091 2014 1155 retexuit,

438 1179 491 1234 in
554 1183 658 1238 hoc
699 1183 862 1237 etiam
915 1185 1190 1252 copios’or
1238 1183 1471 1239 ciizteris.
1538 1183 1716 1252 thue
1778 1183 2017 1238 breviter

438 1274 635 1337 dicam,
672 1276 1134 1345 quemadmodum
1171 1273 1327 1330 Verbi
1361 1276 1687 1330 descensum
1714 1274 1768 1328 in
1815 1285 2015 1328 terram

434 1367 671 1423 dilucide
709 1368 1156 1438 cognoscendum
1190 1368 1364 1429 dedit.
1403 1368 1477 1423 ita
1514 1376 1569 1421 et
1606 1382 1895 1423 ascensum
1960 1366 2013 1420 in

435 1458 623 1521 cadus,
683 1466 739 1511 et
783 1458 1018 1511 reditum
1077 1459 1142 1514 ad
1196 1460 1455 1513 thronum
1516 1469 1828 1529 paternum,
1875 1460 2018 1513 sicut.

435 1546 704 1618 quispiam
733 1563 762 1602 e
788 1549 926 1603 cmlo
959 1549 1208 1615 veniens,
1244 1549 1631 1604 manifestavit.
1670 1548 1783 1604 lloc
1821 1558 2007 1604 autem

436 1641 580 1695 inter
608 1650 802 1696 ca'tera
832 1640 1195 1712 gratissimum
1224 1650 1308 1695 est
1348 1641 1493 1711 quod
1552 1640 1730 1709 ipsum
1796 1655 2015 1710 quoque

438 1741 621 1803 typum
688 1742 982 1802 assumptm
1053 1733 1409 1788 humanitatis
1492 1732 1697 1788 Christi
1760 1733 1889 1800 mei,
1952 1750 2018 1791 ac

436 1824 651 1894 signum
682 1823 801 1891 ejus
869 1838 989 1892 qum
1028 1822 1183 1877 illum
1236 1832 1525 1893 pepererat
1584 1831 1639 1876 et
1674 1832 2012 1895 assumptam

2121 627 2415 697 ποιμένας,
2446 629 2541 682 καὶ
2568 630 2698 692 τοὺς
2742 631 2842 699 τῆς
2894 629 3071 700 χαρᾶς
3126 629 3375 700 κήρυκας
3426 632 3679 699 ἀγγέλους

2120 720 2569 791 συνεπιγράφων.
2612 712 2783 785 Οὗτος
2821 720 2921 784 τὰς
2964 722 3148 775 πάντα
3201 721 3327 776 νοῦν
3360 723 3679 793 ύπερὸαλλο·

2121 810 2293 880 μένας
2328 830 2400 864 πα
2410 812 2786 882 ραδοξοποιίας
2815 812 3124 883 φιλαληθῶς
3155 830 3215 865 τε
3250 813 3383 882 ὁμοῦ
3419 817 3509 869 καὶ
3535 818 3680 886 φιλο-

2119 903 2301 967 κάλως
2332 904 2587 976 ἐδήλωσε,
2631 906 2972 975 πραγμάτων
3035 902 3263 975 ἀληθεία
3319 905 3487 972 λόγων
3536 907 3684 976 εύγέο

2119 1010 2268 1046 νειαν
2292 994 2657 1064 συγκεράσας,
2686 993 2776 1047 ἵνα
2811 994 2905 1048 καὶ
2932 993 3161 1064 γνώμης
3188 993 3301 1063 ἅμα
3330 995 3421 1047 καὶ
3450 995 3682 1068 γλώττης

2119 1085 2321 1156 ἀρετὴν
2371 1085 2724 1157 παραστήσῃ.
2758 1085 2844 1138 Ἑν
2894 1084 3236 1154 παραϐολαῖς
3261 1102 3319 1138 τε
3350 1085 3684 1147 διδασκαλίας

2120 1175 2513 1245 σωτηριώδεις,
2574 1177 2676 1229 κάν
2737 1175 2912 1247 τούτῳ
2967 1176 3077 1230 τῶν
3105 1175 3281 1231 ἄλλων
3337 1178 3682 1245 πλεονεκτῶν,

2121 1264 2445 1335 ἐξυφήνατο.
2503 1266 2612 1319 Καὶ
2686 1265 2982 1320 συνελόντα
3047 1271 3252 1337 φάναι,
3311 1270 3556 1341 καθάπερ
3595 1271 3688 1343 τὴν

2119 1357 2211 1408 ἐπὶ
2261 1355 2367 1426 γῆς
2427 1356 2652 1410 κάθοδον
2696 1356 2791 1411 τοῦ
2847 1357 3025 1426 Λόγου
3083 1362 3298 1430 τρανῶς
3366 1360 3684 1433 ἐγνώρισεν,

2119 1446 2266 1500 οὓτω
2311 1449 2407 1502 καὶ
2456 1449 2556 1519 τὴν
2616 1452 2697 1513 εἱς
2742 1450 3003 1520 οὐρανὸν,
3044 1452 3235 1506 άνοδον
3293 1453 3389 1507 καὶ
3435 1453 3566 1524 πρὸς
3603 1454 3689 1508 τὸν

2121 1538 2376 1609 πατρῷον
2430 1538 2619 1609 θρόνον
2678 1541 2958 1609 ἐπάνοδον,
3012 1539 3102 1597 οἶά
3132 1561 3215 1608 τις
3256 1545 3406 1616 ἥκων
3441 1545 3498 1611 ἐξ
3529 1548 3689 1619 οὐρα-

2121 1630 2214 1685 νοῦ
2289 1631 2643 1701 διεσάφηςεν.
2703 1633 2769 1685 Ὅ
2816 1633 2872 1688 δὲ
2927 1634 3038 1687 τῶν
3096 1635 3276 1689 ἄλλων
3330 1638 3447 1690 ἐστὶ
3517 1639 3690 1710 χαριέΔ

2122 1725 2441 1786 στατον,ὃτι
2477 1724 2570 1777 καὶ
2602 1725 2768 1778 αὐτὸν
2814 1726 2907 1779 τὸν
2964 1725 3061 1780 τοῦ
3110 1727 3545 1799 προσλήμματος
3598 1732 3688 1783 τοῦ

2122 1815 2259 1882 ἐμοῦ
2292 1815 2527 1885 Χριστοῦ
2559 1815 2756 1881 τύπον,
2792 1818 2884 1872 τόν
2939 1835 3001 1872 τε
3054 1819 3156 1889 τῆς
3211 1820 3381 1874 αὑτὸν
3436 1822 3691 1893 τεκούσης

437 1916 833 1970 humanitatem
864 1915 1115 1977 dederat,
1152 1918 1360 1986 primus
1411 1915 1502 1971 hic
1558 1931 1682 1970 cera
1731 1932 1796 1972 ac
1843 1917 2013 1971 liuea-

2123 1905 2218 1958 καὶ
2251 1906 2443 1977 δούσης
2474 1907 2532 1959 τὸ
2563 1906 2907 1979 πρόσλημμα
2934 1910 3289 1981 χαρακτῆρα,
3342 1911 3555 1979 πρῶῑος
3602 1906 3692 1966 οῦ·

436 2005 636 2060 memis
699 2007 955 2076 tiugens,
1013 2016 1072 2059 ut
1113 2006 1179 2059 ad
1239 2005 1353 2059 haec
1415 2019 1587 2073 usque
1636 2014 1919 2075 tempora,
1957 2006 2013 2059 in

434 2094 671 2165 imagine
710 2095 1129 2157 honorarcntur,
1162 2093 1384 2148 tradidit
1410 2102 1670 2164 tanquam
1710 2111 1819 2149 non
1881 2097 2015 2149 satis

435 2198 554 2237 οδες)
583 2183 929 2251 existimans,
964 2185 1069 2238 nisi
1100 2185 1264 2239 etiam
1293 2201 1390 2255 per
1410 2178 1701 2257 imaginem
1731 2201 1794 2241 ac
1828 2194 2013 2258 typum

437 2284 751 2333 versaretur
779 2289 903 2327 eum
938 2275 1023 2329 his
1052 2289 1190 2344 quos
1216 2275 1576 2340 desiderabat,
1612 2279 1758 2348 quod
1794 2276 2014 2333 fer‘ven-

439 2367 635 2422 tissimi
666 2367 871 2421 amoris
896 2367 1113 2438 signum
1150 2376 1255 2422 est.
1301 2366 1488 2438 Neque
1519 2370 1571 2425 id
1608 2371 1808 2435 solum,
1836 2370 1931 2426 sed
1962 2379 2016 2425 et

437 2459 692 2516 ﬁdelibus
731 2458 986 2514 omnibus
1015 2457 1329 2528 Christique
1351 2461 1690 2518 amatoribus
1723 2461 1839 2518 haec
1892 2477 2015 2533 quire

437 2552 673 2609 maxima
703 2560 861 2606 erant
882 2552 1120 2625 gratiose
1152 2553 1397 2609 donavit.

513 2643 616 2700 Vll.
668 2645 737 2700 At
767 2660 878 2699 non
910 2646 965 2700 in
1007 2645 1093 2701 his
1129 2646 1261 2701 solis
1299 2645 1478 2702 Lucas
1517 2648 1745 2720 gratiam
1774 2646 2016 2720 Spiritus

434 2751 554 2806 quae
576 2737 628 2791 in
652 2756 711 2791 se
723 2747 841 2793 erat
856 2737 1171 2804 coarctavit,
1194 2753 1371 2809 neque
1387 2740 1454 2795 ad
1471 2740 1645 2795 solum
1664 2741 2015 2813 Evangelium

438 2828 525 2881 hic
554 2828 960 2882 ministrantem
988 2826 1179 2881 habuit
1225 2826 1486 2899 linguam,
1542 2827 1639 2883 sed
1689 2836 1812 2897 post
1852 2828 2013 2883 finem

435 2919 821 2974 miraculorum
862 2918 1092 2983 Christi,
1143 2917 1307 2973 etiam
1370 2921 1746 2988 apostolorum
1790 2919 2017 2990 exponit

435 3009 684 3065 actiones
713 3027 728 3077 ;
757 3019 809 3063 et
845 3012 1079 3079 primum
1111 3009 1351 3064 divinam
1385 3008 1686 3065 Salvatoris
1729 3011 1784 3065 in
1815 3010 2014 3066 cadum

437 3104 875 3171 assumptionem
914 3117 928 3153 :
958 3101 1156 3156 deinde
1183 3115 1350 3170 super
1383 3101 1530 3171 ipsos
1559 3103 1612 3154 in
1647 3102 1788 3172 ignis
1815 3102 2016 3173 linguis

437 3188 677 3263 Spiritus
709 3192 1038 3248 descensum
1073 3210 1086 3247 :
1118 3191 1320 3247 dehinc
1365 3193 1440 3249 ita
1485 3192 1746 3263 Stephani
1806 3195 2016 3264 lapida-

2122 2014 2214 2060 τος
2244 1996 2400 2066 κηρῷ
2442 1998 2537 2051 καὶ
2575 1997 2835 2077 χριξιμασι
2879 1999 3079 2070 βάψας,
3130 2001 3187 2053 ἐν
3219 2001 3392 2054 εἰκόνι
3442 2004 3692 2074 τιμᾶσθαι

2125 2090 2291 2160 μέχρι
2318 2090 2410 2142 καὶ
2431 2089 2524 2143 νῦν
2549 2090 2957 2160 παραδέδωκεν,
2975 2090 3165 2162 ὥσπερ
3197 2092 3303 2145 οὐκ
3327 2093 3525 2162 ἀρκοῦν
3562 2090 3694 2149 εἶναι

2125 2180 2382 2250 νομίζων,
2411 2183 2458 2235 εί
2494 2181 2572 2252 μὴ
2614 2184 2709 2236 καὶ
2739 2182 2807 2235 δι’
2835 2182 3046 2247 εἰκόνος
3090 2184 3184 2238 καὶ
3216 2184 3398 2239 τύπου
3440 2188 3693 2257 ἐντυγχά-

2101 2271 2204 2325 ’νει
2242 2275 2355 2336 τοῖς
2385 2272 2768 2343 ποθουμένοις,
2796 2274 2936 2345 ὅπερ
2974 2275 3158 2343 φιλίας
3193 2275 3542 2349 θερμοτάτης
3587 2281 3694 2334 ἐστὶ

2122 2366 2425 2437 τεκμήριον
2461 2381 2474 2396 ·
2501 2366 2561 2420 οὐ
2592 2365 2753 2436 μόνον
2776 2366 2856 2429 δὲ,
2890 2365 3027 2420 ἀλλὰ
3071 2370 3164 2420 καὶ
3197 2371 3415 2433 πιστοῖς
3448 2372 3576 2425 πᾶσι
3606 2372 3695 2423 καὶ

2124 2455 2496 2527 φιλοχρίστοις
2526 2456 2599 2510 τὰ
2630 2455 2868 2527 μέγιστα
2900 2457 3290 2529 χαριζόμενος.

2192 2635 2269 2693 Z'.
2314 2635 2455 2691 Ἀλλ’
2491 2636 2591 2690 οὐκ
2647 2637 2704 2690 ἐν
2741 2635 2956 2700 τούτοις
3019 2637 3204 2708 μόνοις
3253 2640 3472 2705 Λουκᾶς
3519 2641 3611 2714 τὴν
3642 2643 3695 2696 ἐν

2123 2729 2272 2801 αὐτῷ
2297 2731 2460 2801 χάριν
2492 2728 2585 2783 τοῦ
2623 2728 2942 2798 Πνεύματος
2983 2730 3392 2803 περιέγραψεν,
3422 2733 3540 2788 οὐδὲ
3566 2734 3694 2806 πρὸς

2126 2822 2289 2893 μόνον
2337 2822 2549 2885 ἐκεῖνος
2604 2820 2667 2874 τδ
2716 2821 3058 2889 Εὐαγγέλιον
3103 2822 3384 2896 ὑπουργὸν
3428 2823 3549 2896 ἔσχε
3603 2826 3695 2897 τὴν

2123 2913 2397 2983 γλῶτταν,
2450 2912 2589 2968 ἀλλὰ
2633 2913 2771 2983 πρὸς
2815 2912 2895 2984 τῷ
2950 2913 3095 2968 τέλει
3150 2916 3266 2969 τῶν
3331 2915 3425 2970 τοῦ
3469 2917 3694 2989 Χριστοῦ

2123 3002 2421 3075 θαυμάτων
2469 3004 2564 3058 καὶ
2595 3004 2693 3068 τὰς
2725 3003 2834 3056 τῶν
2882 3005 3198 3059 ἀποστόλων
3249 3007 3524 3062 ἐκτίθεται
3558 3010 3691 3080 πρά-

2125 3098 2237 3165 ξεις
2261 3115 2277 3129 ο
2329 3099 2424 3151 καλ⁵
2485 3096 2681 3167 πρῶτά
2735 3113 2800 3165 γε
2847 3098 2947 3169 τὴν
2980 3098 3132 3154 θείαν
3167 3103 3311 3173 πρὸς
3348 3102 3573 3173 οὐρανὸν
3605 3100 3692 3156 τοῦ

2124 3187 2381 3258 Σωτῆρος
2446 3187 2739 3258 ἀνάληψιν,
2770 3183 2893 3241 εἶτα
2951 3190 3041 3242 ἐπ’
3093 3189 3301 3257 αὐτοὺς
3344 3195 3402 3247 ἐν
3453 3193 3692 3265 πυρίναις

438 3287 669 3353 tionem,
694 3285 848 3341 Pauli
873 3286 1315 3350 conversionem,
1356 3301 1554 3355 nempe
1592 3302 1688 3356 per
1736 3285 2013 3341 Christum

2120 3280 2398 3348 γλώσσαις
2445 3281 2540 3334 τοῦ
2593 3281 2909 3350 Πνεύματος
2946 3283 3173 3337 κάθοδον
3200 3296 3217 3312 ⁸
3246 3279 3351 3338 εἷθ’
3404 3285 3542 3339 οὕτω
3600 3285 3692 3356 τὴν

436 3382 636 3432 factam
667 3378 734 3432 de
766 3376 922 3432 (telis
952 3376 1315 3438 vocationem,
1352 3385 1407 3431 et
1444 3378 1731 3432 transitum
1764 3394 1792 3431 a
1838 3378 2016 3433 littera

433 3471 500 3523 ad
544 3468 799 3539 spiritum
836 3486 849 3521 :
877 3467 1040 3537 hujus
1072 3467 1126 3521 in
1160 3466 1388 3537 singulis
1421 3469 1555 3524 locis
1590 3470 1802 3524 vincula
1826 3508 1843 3535 ,
1901 3485 2019 3523 car-

434 3575 610 3626 ceres,
645 3560 849 3629 plagas,
884 3557 1300 3627 ﬂagellatioues,
1348 3561 1527 3614 varias
1576 3559 1820 3632 gentium
1884 3560 2018 3613 insi-

433 3656 582 3721 dias;
611 3654 886 3723 quomodo
916 3652 985 3706 ab
1017 3652 1403 3724 Hierosolymis
1437 3652 1661 3707 Romam
1688 3654 2014 3723 pervenerit,

435 3747 652 3801 labores
681 3746 737 3800 in
774 3744 932 3808 mari,
960 3744 1305 3808 aﬂlictioues,
1345 3744 1607 3816 pericula,
1653 3745 2015 3810 calamitates,

434 3836 764 3906 naufragia:
793 3850 1027 3905 quorum
1068 3850 1179 3890 non
1221 3844 1499 3905 spectator
1540 3844 1772 3898 tantum,
1819 3837 1914 3890 sed
1963 3843 2017 3890 et

434 3927 707 3995 particeps
743 3926 964 3981 fuerat:
996 3935 1160 3995 atque
1207 3925 1278 3979 ob
1311 3925 1363 3979 id
1403 3925 1636 3996 diligens
1693 3936 1776 3982 est
1821 3926 2014 3980 horum

431 4028 745 4073 enarrator.
780 4016 886 4071 Sed
911 4016 1080 4072 Paulo
1108 4015 1331 4086 quidem
1373 4014 1559 4071 Romae
1613 4017 1828 4081 relicto,
1892 4033 2015 4071 rur-

433 4128 553 4166 sum
603 4112 691 4167 hic
720 4111 786 4165 ad
822 4108 1104 4165 Orientem
1150 4110 1404 4173 discedit,
1469 4118 1745 4180 totamque
1795 4110 2015 4180 Libyam

432 4215 768 4270 percurrens
800 4200 853 4254 in
881 4198 1176 4269 [Egyptum
1208 4199 1460 4269 pervenit
1492 4219 1504 4253 :
1532 4208 1731 4255 etcum
1764 4201 2014 4270 superio-

434 4307 549 4345 rem
580 4290 856 4345 Thebaida
883 4291 1024 4345 intra
1056 4306 1211 4344 suam
1240 4290 1547 4345 doctrinam
1590 4291 1909 4360 recepisset,
1953 4309 2015 4348 ac

434 4383 501 4438 ad
543 4380 860 4453 Magistrum
890 4396 989 4451 per
1023 4380 1379 4451 Evangelium
1421 4381 1757 4449 adduxisset,
1796 4383 1990 4438 inferio

435 4491 548 4529 rem
575 4472 853 4527 Thebaida
881 4482 1091 4543 septem
1112 4482 1397 4542 portarum
1448 4474 1724 4528 civitatem
1782 4476 2012 4541 accedit,

2119 3369 2214 3424 τοῦ
2261 3371 2534 3440 Στεφάνου
2574 3373 2925 3440 κατάλευσιν,
2957 3374 3055 3446 τὴν
3089 3373 3186 3429 τοῦ
3225 3378 3444 3431 Παύλου
3478 3378 3692 3448 μετασσο

2119 3462 2239 3534 λὴν,
2270 3463 2370 3533 τὴν
2405 3463 2465 3529 ἐξ
2487 3464 2735 3536 οὐρανῶν
2766 3483 2908 3536 φημι
2937 3466 3024 3521 διὰ
3065 3468 3316 3539 Χριστοῦ
3369 3470 3580 3542 κλῆσιν,
3608 3471 3694 3524 καὶ

2119 3555 2217 3624 τὴν
2257 3556 2366 3610 άπὸ
2401 3557 2498 3611 τοῦ
2525 3559 2855 3628 γράμματος
2887 3560 2981 3613 ἐπὶ
3027 3560 3088 3613 τὸ
3114 3563 3341 3633 πνεῦμα
3393 3564 3689 3634 μετάθεσιν·

2119 3648 2187 3701 τά
2235 3647 2379 3703 κατά
2411 3648 2580 3701 τόπον
2615 3648 2810 3702 τούτου
2871 3650 3069 3719 δεσμά,
3117 3652 3216 3715 τάξ
3290 3653 3556 3721 φυλακάς,
3602 3652 3692 3715 τάς

2122 3740 2358 3810 πληγάς,
2388 3740 2516 3804 τοὺς
2585 3741 2936 3812 ραὸδισμοῦς,
2963 3743 3063 3806 τὰς
3095 3744 3206 3796 τῶν
3236 3743 3412 3798 ἐθνῶν
3442 3743 3689 3813 πολυτρὸ·

2121 3848 2255 3894 πους
2282 3832 2597 3897 ἐπιϐουλὰς,
2622 3833 2720 3903 τὴν
2760 3833 2818 3900 ἐξ
2867 3834 3268 3904 Ἰεροσολύμων
3307 3838 3402 3889 ἐπὶ
3426 3835 3523 3908 τὴν
3563 3833 3686 3909 Ῥώ-

2122 3938 2229 3990 μην
2270 3921 2478 3989 ἄφιξιν,
2511 3922 2637 3983 τοὺς
2676 3924 2819 3976 κατά
2859 3922 3131 3976 θάλατταν
3193 3927 3418 3991 πόνους,
3442 3924 3538 3987 τὰς
3583 3923 3683 3975 θλί-

2117 4015 2261 4084 ψεις,
2303 4017 2430 4078 τοὺς
2487 4016 2792 4083 κινδύνους,
2823 4017 2924 4081 τὰς
2988 4018 3306 4089 συμφορὰς,
3335 4020 3403 4073 τά
3448 4018 3687 4086 ναυάγια.

2120 4103 2220 4161 Ὧν
2257 4109 2319 4161 οὑ
2358 4109 2558 4180 θεατὴς
2613 4111 2795 4179 μόνον,
2846 4109 2983 4164 ἀλλὰ
3033 4113 3130 4164 καί
3179 4112 3442 4175 κοινωνὸς
3473 4107 3539 4182 ἦν
3562 4126 3575 4141 '
3603 4110 3689 4163 καὶ

2116 4201 2205 4254 διὰ
2258 4200 2421 4254 τοῦτο
2458 4204 2550 4254 καὶ
2604 4204 2839 4273 ἁκρ.6ὴς
2901 4204 3121 4259 πάντων
3173 4203 3476 4275 ἐξηγητής.
3541 4201 3689 4257 Ἀλλά

2120 4291 2329 4344 Παῦλον
2362 4290 2461 4361 μὲν
2506 4294 2563 4344 ἐν
2625 4291 2811 4364 Ῥώμῃ
2842 4293 3180 4359 καταλιπὼν,
3213 4297 3354 4366 πρὸς
3388 4296 3501 4349 Ἕω
3533 4294 3682 4348 πάλ;ν

2117 4375 2269 4445 οὗτος
2306 4382 2705 4456 ἁπαίρει,ὂλην
2742 4403 2801 4438 τε
2845 4385 3056 4456 Λιϐύην
3118 4386 3441 4457 διαδραμὼν
3471 4388 3577 4450 τοῖς
3603 4383 3682 4435 ἐπ’

2115 4472 2395 4542 Αἰγύπτου
2419 4474 2677 4544 ἐπιδημεῖ
2699 4490 2712 4505 ’
2740 4478 2835 4528 καὶ
2863 4475 2962 4547 τὴν
2991 4477 3104 4531 ἄνω
3129 4476 3503 4546 Θηϐαϊδα¹τῆς
3534 4473 3682 4527 αὑτοῦ

434 4569 488 4620 in
524 4582 626 4636 qua
663 4568 825 4619 etiam
857 4564 1103 4634 pontifex
1129 4579 1192 4620 ac
1225 4575 1412 4635 pastor
1444 4581 1472 4620 a
1499 4564 1703 4637 Spiritu
1737 4570 2012 4637 praeponi-

2118 4565 2472 4629 διδασκαλίας
2511 4568 2646 4620 εἴσω
2699 4565 2899 4635 λαϐὼν,
2927 4569 3007 4640 τῷ
3046 4569 3361 4642 διδασκάλῳ
3392 4587 3449 4623 τε
3483 4568 3565 4621 διὰ
3591 4563 3676 4618 τοῦ

436 4668 547 4711 tur.
613 4654 819 4710 Statuis
867 4656 1208 4726 impurisque
1282 4659 1592 4712 dtemonum
1649 4659 1892 4715 delubris
1959 4660 2014 4714 in

438 4765 639 4805 terrain
669 4750 899 4820 deiectis
934 4752 1010 4821 (id
1041 4750 1189 4805 enim
1215 4750 1397 4804 studio
1429 4750 1533 4805 sibi
1564 4760 1704 4818 erat,
1736 4762 1798 4806 ut
1857 4767 2015 4809 erro-

437 4857 551 4895 rem
581 4844 706 4897 totis
736 4843 881 4912 quod
917 4842 1068 4897 aiunt
1100 4842 1338 4912 pedibus
1358 4840 1654 4913 fugientem
1676 4843 2016 4900 demonstra-

433 4936 560 5003 ret),
619 4949 774 4988 sacra
838 4933 1037 5003 templa
1092 4943 1283 4988 contra
1343 4932 1444 4989 soli
1490 4933 1600 4988 Deo
1654 4934 1855 5004 erigit,
1908 4938 2019 4991 eis-

434 5037 541 5093 que
584 5025 674 5091 qui
734 5024 787 5076 in
860 5021 1145 5092 profundis
1201 5023 1524 5092 ignorantia:
1576 5023 1816 5078 tenebris
1864 5032 2016 5079 tene-

434 5114 655 5176 bantur,
684 5127 779 5180 per
812 5111 1166 5181 Evangelium
1199 5112 1267 5168 ad
1305 5111 1399 5165 Dei
1434 5110 1800 5180 cognitionem
1858 5128 2013 5184 rege-

433 5208 658 5269 ueratis,
692 5206 832 5261 lucis
865 5204 1004 5258 ﬁlios
1026 5201 1163 5257 eﬂici
1192 5212 1367 5259 curat.

2120 4659 2456 4728 Εὑαγγελιου
2483 4660 2960 4732 προσαγαγὼν,τῇ
2995 4662 3147 4716 κάτω
3171 4663 3404 4735 Θηόαἲδι
3434 4664 3498 4733 τῇ
3527 4663 3679 4713 ἑπτα-

2115 4747 2270 4819 πύλῳ
2334 4749 2640 4818 ἐφίσταται.
2714 4750 2803 4819 ἐφ’
2847 4746 2881 4824 ᾗ
2931 4754 3026 4805 καὶ
3079 4755 3378 4826 ἀρχιερεὺς
3427 4752 3527 4806 ὑπὸ
3595 4748 3677 4803 τοῦ

2115 4841 2432 4911 Πνεύματος
2472 4843 2569 4897 καὶ
2604 4845 2813 4916 ποιμὴν
2855 4846 3293 4917 προχειρίζεται.
3323 4846 3606 4918 Ἱδρύματα
3626 4842 3677 4893 δὲ

2116 4934 2212 4989 καὶ
2244 4938 2448 5004 τεμένη
2480 4937 2655 5005 μιαρά
2680 4935 2950 5006 δαιμόνων
2996 4940 3077 4998 εἰς
3117 4937 3315 5006 ἔδαφος
3365 4935 3675 4995 κατασείσας

2114 5027 2295 5095 (τοῦτο
2350 5027 2460 5099 γὰρ
2492 5029 2526 5096 ὴ
2555 5029 2762 5098 σπουδὴ
2798 5028 2876 5099 τῷ
2904 5029 3082 5101 ἀνδρὶ,
3135 5031 3360 5102 ἀπάτην
3418 5029 3524 5098 ὅλῳ
3567 5023 3673 5085 ποδὶ

2112 5119 2422 5189 φεύγουσαν
2479 5119 2803 5189 ἀποδεῖξαι),
2860 5124 3040 5193 ἱεροὺς
3065 5122 3141 5192 τῷ
3174 5122 3321 5193 μόνῳ
3380 5121 3498 5191 Θεῷ
3534 5113 3668 5172 ναοὺς

2109 5213 2493 5283 ἀντανίστησι.
2535 5215 2628 5265 καὶ
2657 5214 2781 5274 τοὺς
2814 5213 2918 5266 ὑπὸ
2948 5213 3105 5283 βαθεῖ
3132 5215 3313 5285 σκότῳ
3346 5216 3442 5285 τῆς
3473 5208 3674 5280 ἀγνοίας

433 5300 855 5370 κατεχομένους,
904 5297 995 5350 διὰ
1058 5298 1151 5351 τοῦ
1214 5296 1562 5375 Εὐαγγελιου,
1616 5297 1755 5369 πρὸς
1841 5299 2174 5373 θεογνωσίαν
2236 5306 2633 5374 ἀναγεννήσας,
2693 5304 2843 5369 υἱοὺς
2921 5305 3134 5377 ⁴ἡμέρας
3208 5304 3466 5373 γενέσθαι
3522 5314 3677 5371 παρα.

344 5422 363 5438 δ
431 5413 464 5449 σ
480 5395 706 5458 ιευὰζει.

503 5485 645 5539 νιιι.
678 5481 999 5554 llujusmodi
1019 5481 1182 5553 igitur
1207 5481 1478 5538 fructibus
1496 5484 1757 5554 magistro
1790 5485 2008 5549 oblatis,

432 5579 710 5650 impietate
737 5576 806 5632 de
841 5574 1020 5631 medio
1047 5575 1284 5639 sublata,
1319 5576 1521 5630 erectis
1579 5575 1821 5645 templis,
1874 5576 2011 5631 alta-

433 5675 584 5727 ribus
638 5670 893 5726 stabilitis
948 5684 1013 5723 ac
1052 5669 1407 5734 consecratis,
1440 5679 1495 5724 ct
1545 5669 1599 5723 in
1660 5669 1744 5724 Itis
1782 5668 2009 5739 presby-

433 5748 564 5819 teris
592 5777 654 5816 ac
681 5761 924 5819 diaconis
972 5763 1080 5832 pud
1129 5762 1417 5817 credentes
1471 5764 1690 5828 creatis,
1740 5772 2008 5833 rectaeque

434 5852 556 5913 tidei
588 5852 943 5921 prxtlnitionc
978 5853 1107 5923 ipsis
1136 5853 1371 5910 tradita:
1422 5861 1477 5909 et
1510 5869 1653 5911 nunc
1700 5854 1918 5926 quidem
1977 5868 2005 5909 α

2183 5486 2267 5542 ιν.
2289 5487 2577 5551 Τοιούτους
2588 5485 2879 5557 τοιγαροῦν
2894 5486 3290 5558 τῷιδιδασκάλῳ
3309 5480 3674 5557 προσενεγκὼν

2110 5581 2237 5642 τοὺς
2270 5579 2539 5647 καρποὺς,
2588 5580 2654 5629 ἐκ
2707 5578 2875 5646 μέσου
2907 5594 2967 5629 τε
2995 5576 3222 5646 θέμενος
3270 5575 3373 5644 τὴν
3408 5571 3675 5634 ἀσέϐειαν,

2110 5672 2269 5733 ναοὺς
2298 5671 2610 5740 ἀνεγείρας,
2641 5668 3009 5740 θυσιαστήρια
3043 5668 3374 5740 πηξάμενος,
3394 5663 3674 5720 καὶταῦτα

2110 5760 2482 5831 καθιερώσας,
2514 5760 2609 5813 καὶ
2659 5759 2763 5813 ὑπὸ
2790 5759 2900 5812 τῶν
2933 5760 3342 5812 πιστευσάντων
3382 5751 3674 5823 πρεσϐυτέ-

2114 5868 2240 5922 ρους
2281 5852 2373 5929 atati
2403 5851 2681 5916 διακόνους
2712 5855 2769 5906 ἐν
2795 5851 3009 5915 τούτοις
3036 5848 3441 5923 χειροτονήσας,
3472 5844 3562 5896 καὶ
3588 5840 3668 5892 τὸν
