  <div class='ocr_page' id='page_1' title='image "/cluster/home/n/w/nwhite01/storage/ocr_20150623/115:no.2/coo.31924054870195/576.png"; bbox 0 0 4110 6432; ppageno 0'>
   <div class='ocr_carea' id='block_1_1' title="bbox 519 439 652 508">
    <p class='ocr_par' dir='ltr' id='par_1_1' title="bbox 519 439 652 508">
     <span class='ocr_line' id='line_1_1' title="bbox 519 439 652 508; baseline 0.008 -3"><span class='ocrx_word' id='word_1_1' title='bbox 519 439 652 508; x_wconf 79' lang='lat'><strong>1137</strong></span> 
     </span>
    </p>
   </div>
   <div class='ocr_carea' id='block_1_2' title="bbox 1867 438 2430 510">
    <p class='ocr_par' dir='ltr' id='par_1_2' title="bbox 1867 438 2430 510">
     <span class='ocr_line' id='line_1_2' title="bbox 1867 438 2430 510; baseline 0.007 -4"><span class='ocrx_word' id='word_1_2' title='bbox 1867 441 2041 506; x_wconf 78' lang='lat' dir='ltr'><strong>VlTA</strong></span> <span class='ocrx_word' id='word_1_3' title='bbox 2085 438 2146 501; x_wconf 88' lang='lat' dir='ltr'><strong>S.</strong></span> <span class='ocrx_word' id='word_1_4' title='bbox 2190 442 2430 510; x_wconf 58' lang='grc' dir='ltr'>ευριπ.</span> 
     </span>
    </p>
   </div>
   <div class='ocr_carea' id='block_1_3' title="bbox 3647 445 3782 511">
    <p class='ocr_par' dir='ltr' id='par_1_3' title="bbox 3647 445 3782 511">
     <span class='ocr_line' id='line_1_3' title="bbox 3647 445 3782 511; baseline -0.03 0"><span class='ocrx_word' id='word_1_5' title='bbox 3647 445 3782 511; x_wconf 75' lang='lat'><strong>1133</strong></span> 
     </span>
    </p>
   </div>
   <div class='ocr_carea' id='block_1_4' title="bbox 514 556 2111 637">
    <p class='ocr_par' dir='ltr' id='par_1_4' title="bbox 514 556 2097 634">
     <span class='ocr_line' id='line_1_4' title="bbox 514 556 2097 634; baseline 0 -21"><span class='ocrx_word' id='word_1_6' title='bbox 514 561 615 629; x_wconf 80' lang='grc' dir='ltr'>τῆς</span> <span class='ocrx_word' id='word_1_7' title='bbox 656 556 822 631; x_wconf 77' lang='grc' dir='ltr'>ὀρθῆς</span> <span class='ocrx_word' id='word_1_8' title='bbox 860 558 1092 627; x_wconf 80' lang='grc' dir='ltr'>πίστεως</span> <span class='ocrx_word' id='word_1_9' title='bbox 1131 560 1253 634; x_wconf 70' lang='grc' dir='ltr'>ερον</span> <span class='ocrx_word' id='word_1_10' title='bbox 1296 563 1480 628; x_wconf 74' lang='grc' dir='ltr'>αὐτοῖς</span> <span class='ocrx_word' id='word_1_11' title='bbox 1517 561 1817 634; x_wconf 72' lang='grc' dir='ltr'>παραδοῦς,</span> <span class='ocrx_word' id='word_1_12' title='bbox 1854 561 1950 615; x_wconf 79' lang='grc' dir='ltr'>καὶ</span> <span class='ocrx_word' id='word_1_13' title='bbox 2000 560 2097 614; x_wconf 83' lang='grc' dir='ltr'><strong>νῦν</strong></span> 
     </span>
    </p>
   </div>
   <div class='ocr_carea' id='block_1_5' title="bbox 2213 556 3781 637">
    <p class='ocr_par' dir='ltr' id='par_1_5' title="bbox 2213 560 3781 637">
     <span class='ocr_line' id='line_1_5' title="bbox 2213 560 3781 637; baseline 0.003 -22"><span class='ocrx_word' id='word_1_14' title='bbox 2213 560 2421 619; x_wconf 73' lang='lat' dir='ltr'><strong>Veteris</strong></span> <span class='ocrx_word' id='word_1_15' title='bbox 2454 560 2813 622; x_wconf 75' lang='lat' dir='ltr'><strong>instrumenti</strong></span> <span class='ocrx_word' id='word_1_16' title='bbox 2836 567 3109 637; x_wconf 81' lang='lat' dir='ltr'><strong>scriptura</strong></span> <span class='ocrx_word' id='word_1_17' title='bbox 3143 566 3424 622; x_wconf 78' lang='lat' dir='ltr'><strong>adducens</strong></span> <span class='ocrx_word' id='word_1_18' title='bbox 3448 566 3781 627; x_wconf 77' lang='lat' dir='ltr'><strong>testimonia.</strong></span> 
     </span>
    </p>
   </div>
   <div class='ocr_carea' id='block_1_6' title="bbox 519 650 2092 725">
    <p class='ocr_par' dir='ltr' id='par_1_6' title="bbox 519 650 2092 725">
     <span class='ocr_line' id='line_1_6' title="bbox 519 650 2092 725; baseline 0.003 -23"><span class='ocrx_word' id='word_1_19' title='bbox 519 650 620 720; x_wconf 72' lang='grc' dir='ltr'>μὶν</span> <span class='ocrx_word' id='word_1_20' title='bbox 650 651 759 708; x_wconf 70' lang='grc' dir='ltr'><strong>ἀπὸ</strong></span> <span class='ocrx_word' id='word_1_21' title='bbox 787 653 890 723; x_wconf 87' lang='grc' dir='ltr'>τῆς</span> <span class='ocrx_word' id='word_1_22' title='bbox 922 654 1164 718; x_wconf 79' lang='grc' dir='ltr'>Παλαιᾶς</span> <span class='ocrx_word' id='word_1_23' title='bbox 1197 656 1459 725; x_wconf 75' lang='grc' dir='ltr'>παράγων</span> <span class='ocrx_word' id='word_1_24' title='bbox 1499 655 1745 725; x_wconf 79' lang='grc' dir='ltr'>Γραφῆς,</span> <span class='ocrx_word' id='word_1_25' title='bbox 1775 653 1870 708; x_wconf 87' lang='grc' dir='ltr'><strong>νῦν</strong></span> <span class='ocrx_word' id='word_1_26' title='bbox 1910 654 1966 708; x_wconf 75' lang='grc' dir='ltr'>δὲ</span> <span class='ocrx_word' id='word_1_27' title='bbox 1998 654 2092 720; x_wconf 80' lang='grc' dir='ltr'><strong>ἀφ’</strong></span> 
     </span>
    </p>
   </div>
   <div class='ocr_carea' id='block_1_7' title="bbox 518 734 2094 818">
    <p class='ocr_par' dir='ltr' id='par_1_7' title="bbox 518 734 2094 818">
     <span class='ocr_line' id='line_1_7' title="bbox 518 734 2094 818; baseline 0.004 -24"><span class='ocrx_word' id='word_1_28' title='bbox 518 734 691 812; x_wconf 68' lang='grc' dir='ltr'>οὗπερ</span> <span class='ocrx_word' id='word_1_29' title='bbox 742 736 900 808; x_wconf 68' lang='grc' dir='ltr'>οὗτος</span> <span class='ocrx_word' id='word_1_30' title='bbox 955 746 1256 811; x_wconf 77' lang='grc' dir='ltr'>ἀνετάξατο</span> <span class='ocrx_word' id='word_1_31' title='bbox 1326 747 1663 816; x_wconf 78' lang='grc' dir='ltr'>Εὐαγγελίου</span> <span class='ocrx_word' id='word_1_32' title='bbox 1717 748 2094 818; x_wconf 80' lang='grc' dir='ltr'>διερμηνεύων</span> 
     </span>
    </p>
   </div>
   <div class='ocr_carea' id='block_1_8' title="bbox 518 832 2095 910">
    <p class='ocr_par' dir='ltr' id='par_1_8' title="bbox 518 832 2095 910">
     <span class='ocr_line' id='line_1_8' title="bbox 518 832 2095 910; baseline 0.005 -25"><span class='ocrx_word' id='word_1_33' title='bbox 518 832 703 897; x_wconf 74' lang='grc' dir='ltr'>αὐτοῖς</span> <span class='ocrx_word' id='word_1_34' title='bbox 729 833 798 887; x_wconf 68' lang='grc' dir='ltr'>τὰ</span> <span class='ocrx_word' id='word_1_35' title='bbox 837 836 968 906; x_wconf 79' lang='grc' dir='ltr'>περὶ</span> <span class='ocrx_word' id='word_1_36' title='bbox 1016 836 1278 905; x_wconf 82' lang='grc' dir='ltr'>Χριστοῦ,</span> <span class='ocrx_word' id='word_1_37' title='bbox 1313 839 1411 891; x_wconf 69' lang='grc' dir='ltr'>καὶ</span> <span class='ocrx_word' id='word_1_38' title='bbox 1462 838 1680 904; x_wconf 79' lang='grc' dir='ltr'>δεικνὺς</span> <span class='ocrx_word' id='word_1_39' title='bbox 1708 840 1809 910; x_wconf 81' lang='grc' dir='ltr'>τὴν</span> <span class='ocrx_word' id='word_1_40' title='bbox 1849 841 2095 895; x_wconf 73' lang='grc' dir='ltr'>Παλαιὰν</span> 
     </span>
    </p>
   </div>
   <div class='ocr_carea' id='block_1_9' title="bbox 520 922 2097 994">
    <p class='ocr_par' dir='ltr' id='par_1_9' title="bbox 520 922 2097 994">
     <span class='ocr_line' id='line_1_9' title="bbox 520 922 2097 994; baseline 0.007 -19"><span class='ocrx_word' id='word_1_41' title='bbox 520 923 585 992; x_wconf 79' lang='grc' dir='ltr'>τῇ</span> <span class='ocrx_word' id='word_1_42' title='bbox 620 922 737 994; x_wconf 79' lang='grc' dir='ltr'>Νέᾳ</span> <span class='ocrx_word' id='word_1_43' title='bbox 774 923 921 989; x_wconf 86' lang='grc' dir='ltr'>μάλα</span> <span class='ocrx_word' id='word_1_44' title='bbox 968 925 1397 994; x_wconf 79' lang='grc' dir='ltr'>συμϐαίνουσαν,</span> <span class='ocrx_word' id='word_1_45' title='bbox 1433 930 1529 982; x_wconf 75' lang='grc' dir='ltr'>καὶ</span> <span class='ocrx_word' id='word_1_46' title='bbox 1559 929 1694 984; x_wconf 77' lang='grc' dir='ltr'>Θεὸν</span> <span class='ocrx_word' id='word_1_47' title='bbox 1747 931 1846 987; x_wconf 78' lang='grc' dir='ltr'>ἕνα</span> <span class='ocrx_word' id='word_1_48' title='bbox 1880 932 1975 985; x_wconf 64' lang='grc' dir='ltr'><strong>καὶ</strong></span> <span class='ocrx_word' id='word_1_49' title='bbox 2006 932 2097 986; x_wconf 73' lang='grc' dir='ltr'><strong>τὸν</strong></span> 
     </span>
    </p>
   </div>
   <div class='ocr_carea' id='block_1_10' title="bbox 524 1012 2099 1093">
    <p class='ocr_par' dir='ltr' id='par_1_10' title="bbox 524 1012 2099 1093">
     <span class='ocr_line' id='line_1_10' title="bbox 524 1012 2099 1093; baseline 0.01 -30"><span class='ocrx_word' id='word_1_50' title='bbox 524 1012 688 1064; x_wconf 74' lang='grc' dir='ltr'>αὑτὸν</span> <span class='ocrx_word' id='word_1_51' title='bbox 748 1014 920 1085; x_wconf 77' lang='grc' dir='ltr'>αὑτήν</span> <span class='ocrx_word' id='word_1_52' title='bbox 957 1031 1015 1068; x_wconf 89' lang='grc' dir='ltr'><strong>τε</strong></span> <span class='ocrx_word' id='word_1_53' title='bbox 1060 1018 1321 1086; x_wconf 81' lang='grc' dir='ltr'>κάκείνην</span> <span class='ocrx_word' id='word_1_54' title='bbox 1372 1020 1838 1092; x_wconf 80' lang='grc' dir='ltr'><strong>νομοθετήσαντα,</strong></span> <span class='ocrx_word' id='word_1_55' title='bbox 1881 1025 2099 1093; x_wconf 78' lang='grc' dir='ltr'><strong>πλήρης</strong></span> 
     </span>
    </p>
   </div>
   <div class='ocr_carea' id='block_1_11' title="bbox 523 1103 2102 1183">
    <p class='ocr_par' dir='ltr' id='par_1_11' title="bbox 523 1103 2102 1183">
     <span class='ocr_line' id='line_1_11' title="bbox 523 1103 2102 1183; baseline 0.008 -26"><span class='ocrx_word' id='word_1_56' title='bbox 523 1103 748 1171; x_wconf 78' lang='grc' dir='ltr'>ἡμερῶν</span> <span class='ocrx_word' id='word_1_57' title='bbox 778 1104 877 1175; x_wconf 57' lang='lat' dir='ltr'><strong>nan</strong></span> <span class='ocrx_word' id='word_1_58' title='bbox 911 1106 1225 1178; x_wconf 88' lang='grc' dir='ltr'>γενόμενος,</span> <span class='ocrx_word' id='word_1_59' title='bbox 1252 1110 1536 1183; x_wconf 73' lang='grc' dir='ltr'>ὲνείρήνῃ</span> <span class='ocrx_word' id='word_1_60' title='bbox 1577 1113 1715 1182; x_wconf 76' lang='grc' dir='ltr'>πρὸς</span> <span class='ocrx_word' id='word_1_61' title='bbox 1763 1114 1854 1168; x_wconf 80' lang='grc' dir='ltr'>τὸν</span> <span class='ocrx_word' id='word_1_62' title='bbox 1885 1116 1985 1180; x_wconf 80' lang='grc' dir='ltr'>τῆς</span> <span class='ocrx_word' id='word_1_63' title='bbox 2021 1119 2102 1169; x_wconf 84' lang='grc' dir='ltr'><strong>εξ-</strong></span> 
     </span>
    </p>
   </div>
   <div class='ocr_carea' id='block_1_12' title="bbox 528 1192 2098 1280">
    <p class='ocr_par' dir='ltr' id='par_1_12' title="bbox 528 1192 2098 1280">
     <span class='ocr_line' id='line_1_12' title="bbox 528 1192 2098 1280; baseline 0.011 -36"><span class='ocrx_word' id='word_1_64' title='bbox 528 1192 698 1263; x_wconf 74' lang='grc' dir='ltr'>ρήνης</span> <span class='ocrx_word' id='word_1_65' title='bbox 734 1195 957 1251; x_wconf 82' lang='grc' dir='ltr'><strong>ἀναλύει</strong></span> <span class='ocrx_word' id='word_1_66' title='bbox 983 1197 1139 1264; x_wconf 84' lang='grc' dir='ltr'>Θεὸν,</span> <span class='ocrx_word' id='word_1_67' title='bbox 1158 1200 1249 1254; x_wconf 78' lang='grc' dir='ltr'>τὸν</span> <span class='ocrx_word' id='word_1_68' title='bbox 1279 1203 1408 1273; x_wconf 89' lang='grc' dir='ltr'>χοῦν</span> <span class='ocrx_word' id='word_1_69' title='bbox 1446 1204 1547 1273; x_wconf 85' lang='grc' dir='ltr'>μὲν</span> <span class='ocrx_word' id='word_1_70' title='bbox 1585 1204 1870 1260; x_wconf 83' lang='grc' dir='ltr'>ἀπολιπὼν</span> <span class='ocrx_word' id='word_1_71' title='bbox 1895 1207 1971 1278; x_wconf 82' lang='grc' dir='ltr'><strong>τῷ</strong></span> <span class='ocrx_word' id='word_1_72' title='bbox 1993 1207 2098 1280; x_wconf 75' lang='grc' dir='ltr'>χοῖ,</span> 
     </span>
    </p>
   </div>
   <div class='ocr_carea' id='block_1_13' title="bbox 521 1286 2103 1372">
    <p class='ocr_par' dir='ltr' id='par_1_13' title="bbox 521 1286 2103 1372">
     <span class='ocr_line' id='line_1_13' title="bbox 521 1286 2103 1372; baseline 0.011 -35"><span class='ocrx_word' id='word_1_73' title='bbox 521 1286 621 1357; x_wconf 78' lang='grc' dir='ltr'>τὴν</span> <span class='ocrx_word' id='word_1_74' title='bbox 659 1287 714 1341; x_wconf 82' lang='grc' dir='ltr'>δὲ</span> <span class='ocrx_word' id='word_1_75' title='bbox 747 1288 925 1360; x_wconf 77' lang='grc' dir='ltr'>ψυχὴν</span> <span class='ocrx_word' id='word_1_76' title='bbox 959 1295 1078 1355; x_wconf 84' lang='grc' dir='ltr'>ταῖς</span> <span class='ocrx_word' id='word_1_77' title='bbox 1117 1296 1304 1365; x_wconf 69' lang='grc' dir='ltr'>χερσὶν</span> <span class='ocrx_word' id='word_1_78' title='bbox 1332 1295 1426 1349; x_wconf 83' lang='grc' dir='ltr'><strong>τοῦ</strong></span> <span class='ocrx_word' id='word_1_79' title='bbox 1456 1296 1750 1362; x_wconf 65' lang='grc' dir='ltr'>δεδωκότος</span> <span class='ocrx_word' id='word_1_80' title='bbox 1785 1301 2103 1372; x_wconf 79' lang='grc' dir='ltr'>ἑμπαραθέ-</span> 
     </span>
    </p>
   </div>
   <div class='ocr_carea' id='block_1_14' title="bbox 528 1380 2100 1463">
    <p class='ocr_par' dir='ltr' id='par_1_14' title="bbox 528 1380 2100 1463">
     <span class='ocr_line' id='line_1_14' title="bbox 528 1380 2100 1463; baseline 0.012 -36"><span class='ocrx_word' id='word_1_81' title='bbox 528 1394 708 1441; x_wconf 80' lang='grc' dir='ltr'>μενος,</span> <span class='ocrx_word' id='word_1_82' title='bbox 735 1380 854 1434; x_wconf 80' lang='grc' dir='ltr'>ἐκεῖ</span> <span class='ocrx_word' id='word_1_83' title='bbox 877 1385 1299 1455; x_wconf 72' lang='grc' dir='ltr'>μεταφοιτήσας,</span> <span class='ocrx_word' id='word_1_84' title='bbox 1325 1385 1452 1440; x_wconf 78' lang='grc' dir='ltr'>ἔνθα</span> <span class='ocrx_word' id='word_1_85' title='bbox 1478 1388 1513 1458; x_wconf 81' lang='grc' dir='ltr'><strong>ἠ</strong></span> <span class='ocrx_word' id='word_1_86' title='bbox 1542 1388 1652 1442; x_wconf 88' lang='grc' dir='ltr'><strong>τῶν</strong></span> <span class='ocrx_word' id='word_1_87' title='bbox 1675 1389 1894 1453; x_wconf 80' lang='grc' dir='ltr'>ζώντων</span> <span class='ocrx_word' id='word_1_88' title='bbox 1922 1392 2100 1463; x_wconf 83' lang='grc' dir='ltr'>χώρα,</span> 
     </span>
    </p>
   </div>
   <div class='ocr_carea' id='block_1_15' title="bbox 526 1466 2105 1554">
    <p class='ocr_par' dir='ltr' id='par_1_15' title="bbox 526 1466 2105 1554">
     <span class='ocr_line' id='line_1_15' title="bbox 526 1466 2105 1554; baseline 0.012 -33"><span class='ocrx_word' id='word_1_89' title='bbox 526 1468 655 1524; x_wconf 73' lang='grc' dir='ltr'>ῐνθα</span> <span class='ocrx_word' id='word_1_90' title='bbox 684 1466 816 1542; x_wconf 84' lang='grc' dir='ltr'>ἦχος</span> <span class='ocrx_word' id='word_1_91' title='bbox 843 1473 1235 1545; x_wconf 76' lang='grc' dir='ltr'><strong>ἑορταζόντων,</strong></span> <span class='ocrx_word' id='word_1_92' title='bbox 1258 1476 1388 1533; x_wconf 81' lang='grc' dir='ltr'>ἔνθα</span> <span class='ocrx_word' id='word_1_93' title='bbox 1414 1480 1864 1554; x_wconf 80' lang='grc' dir='ltr'><strong>εὐφραινομένων</strong></span> <span class='ocrx_word' id='word_1_94' title='bbox 1886 1485 2105 1539; x_wconf 81' lang='grc' dir='ltr'>πάντων</span> 
     </span>
    </p>
   </div>
   <div class='ocr_carea' id='block_1_16' title="bbox 525 1562 874 1632">
    <p class='ocr_par' dir='ltr' id='par_1_16' title="bbox 525 1562 874 1632">
     <span class='ocr_line' id='line_1_16' title="bbox 525 1562 874 1632; baseline 0.02 -19"><span class='ocrx_word' id='word_1_95' title='bbox 525 1562 559 1632; x_wconf 80' lang='grc' dir='ltr'><strong>ἡ</strong></span> <span class='ocrx_word' id='word_1_96' title='bbox 599 1563 874 1620; x_wconf 83' lang='grc' dir='ltr'>κατοικία.</span> 
     </span>
    </p>
   </div>
   <div class='ocr_carea' id='block_1_17' title="bbox 594 1653 2108 1734">
    <p class='ocr_par' dir='ltr' id='par_1_17' title="bbox 594 1653 2108 1734">
     <span class='ocr_line' id='line_1_17' title="bbox 594 1653 2108 1734; baseline 0.017 -31"><span class='ocrx_word' id='word_1_97' title='bbox 594 1653 673 1709; x_wconf 69' lang='grc' dir='ltr'><strong>θ’.</strong></span> <span class='ocrx_word' id='word_1_98' title='bbox 703 1656 940 1710; x_wconf 83' lang='grc' dir='ltr'>Τοιαῦτα</span> <span class='ocrx_word' id='word_1_99' title='bbox 986 1657 1094 1713; x_wconf 89' lang='grc' dir='ltr'><strong>τῶν</strong></span> <span class='ocrx_word' id='word_1_100' title='bbox 1129 1663 1271 1734; x_wconf 79' lang='grc' dir='ltr'>ὑπὲρ</span> <span class='ocrx_word' id='word_1_101' title='bbox 1307 1664 1590 1732; x_wconf 74' lang='grc' dir='ltr'>εὐσεϐείας</span> <span class='ocrx_word' id='word_1_102' title='bbox 1614 1668 1794 1722; x_wconf 76' lang='grc' dir='ltr'>ἄθλων</span> <span class='ocrx_word' id='word_1_103' title='bbox 1823 1672 1917 1724; x_wconf 86' lang='grc' dir='ltr'><strong>τοῦ</strong></span> <span class='ocrx_word' id='word_1_104' title='bbox 1972 1672 2108 1729; x_wconf 90' lang='grc' dir='ltr'>ἀπο-</span> 
     </span>
    </p>
   </div>
   <div class='ocr_carea' id='block_1_18' title="bbox 527 1743 2105 1836">
    <p class='ocr_par' dir='ltr' id='par_1_18' title="bbox 527 1743 2105 1836">
     <span class='ocr_line' id='line_1_18' title="bbox 527 1743 2105 1836; baseline 0.016 -41"><span class='ocrx_word' id='word_1_105' title='bbox 527 1743 714 1836; x_wconf 82' lang='grc' dir='ltr'>στόλου</span> <span class='ocrx_word' id='word_1_106' title='bbox 753 1749 823 1801; x_wconf 84' lang='grc' dir='ltr'><strong>τά</strong></span> <span class='ocrx_word' id='word_1_107' title='bbox 861 1748 1202 1820; x_wconf 71' lang='grc' dir='ltr'>διηγήματα,</span> <span class='ocrx_word' id='word_1_108' title='bbox 1253 1758 1348 1809; x_wconf 78' lang='grc' dir='ltr'>καὶ</span> <span class='ocrx_word' id='word_1_109' title='bbox 1400 1757 1560 1812; x_wconf 85' lang='grc' dir='ltr'>τοῦτο</span> <span class='ocrx_word' id='word_1_110' title='bbox 1614 1761 1768 1827; x_wconf 87' lang='grc' dir='ltr'>τέλος</span> <span class='ocrx_word' id='word_1_111' title='bbox 1805 1764 1957 1836; x_wconf 79' lang='grc' dir='ltr'>αύτῷ</span> <span class='ocrx_word' id='word_1_112' title='bbox 1995 1766 2105 1821; x_wconf 81' lang='grc' dir='ltr'><strong>τῶν</strong></span> 
     </span>
    </p>
   </div>
   <div class='ocr_carea' id='block_1_19' title="bbox 522 1834 2105 1924">
    <p class='ocr_par' dir='ltr' id='par_1_19' title="bbox 522 1834 2105 1924">
     <span class='ocr_line' id='line_1_19' title="bbox 522 1834 2105 1924; baseline 0.019 -38"><span class='ocrx_word' id='word_1_113' title='bbox 522 1834 669 1905; x_wconf 73' lang='grc' dir='ltr'>ὑπὲρ</span> <span class='ocrx_word' id='word_1_114' title='bbox 704 1837 945 1907; x_wconf 80' lang='grc' dir='ltr'>Χριστοῦ</span> <span class='ocrx_word' id='word_1_115' title='bbox 980 1843 1281 1912; x_wconf 76' lang='grc' dir='ltr'><strong>καμάτων·</strong></span> <span class='ocrx_word' id='word_1_116' title='bbox 1315 1839 1391 1901; x_wconf 81' lang='grc' dir='ltr'><strong>ὧν</strong></span> <span class='ocrx_word' id='word_1_117' title='bbox 1426 1851 1519 1905; x_wconf 76' lang='grc' dir='ltr'>καὶ</span> <span class='ocrx_word' id='word_1_118' title='bbox 1564 1853 1659 1907; x_wconf 87' lang='grc' dir='ltr'><strong>νῦν</strong></span> <span class='ocrx_word' id='word_1_119' title='bbox 1695 1856 1752 1908; x_wconf 85' lang='grc' dir='ltr'>ὲν</span> <span class='ocrx_word' id='word_1_120' title='bbox 1780 1834 2105 1924; x_wconf 75' lang='grc' dir='ltr'>ἀγαλλιάσει</span> 
     </span>
    </p>
   </div>
   <div class='ocr_carea' id='block_1_20' title="bbox 526 1912 2183 2010">
    <p class='ocr_par' dir='ltr' id='par_1_20' title="bbox 526 1912 2183 2010">
     <span class='ocr_line' id='line_1_20' title="bbox 526 1912 2183 2010; baseline 0.019 -34"><span class='ocrx_word' id='word_1_121' title='bbox 526 1924 734 1995; x_wconf 74' lang='grc' dir='ltr'>θερίζει</span> <span class='ocrx_word' id='word_1_122' title='bbox 788 1926 857 1982; x_wconf 82' lang='grc' dir='ltr'>τὰ</span> <span class='ocrx_word' id='word_1_123' title='bbox 910 1930 1224 2003; x_wconf 79' lang='grc' dir='ltr'>δράγματα,</span> <span class='ocrx_word' id='word_1_124' title='bbox 1255 1937 1332 2001; x_wconf 83' lang='grc' dir='ltr'><strong>ὡς</strong></span> <span class='ocrx_word' id='word_1_125' title='bbox 1370 1944 1508 2010; x_wconf 86' lang='grc' dir='ltr'>μετά</span> <span class='ocrx_word' id='word_1_126' title='bbox 1548 1944 1766 2000; x_wconf 85' lang='grc' dir='ltr'>Παύλου</span> <span class='ocrx_word' id='word_1_127' title='bbox 1810 1912 1907 2002; x_wconf 72' lang='grc' dir='ltr'>καὶ</span> <span class='ocrx_word' id='word_1_128' title='bbox 1944 1912 2108 2006; x_wconf 75' lang='grc' dir='ltr'>αὑτδν</span> <span class='ocrx_word' id='word_1_129' title='bbox 2136 1912 2183 1971; x_wconf 79' lang='grc' dir='ltr'><strong>Β</strong></span> 
     </span>
    </p>
   </div>
   <div class='ocr_carea' id='block_1_21' title="bbox 523 2015 2110 2116">
    <p class='ocr_par' dir='ltr' id='par_1_21' title="bbox 523 2015 2110 2116">
     <span class='ocr_line' id='line_1_21' title="bbox 523 2015 2110 2116; baseline 0.021 -48"><span class='ocrx_word' id='word_1_130' title='bbox 523 2015 787 2116; x_wconf 76' lang='grc' dir='ltr'>δύνασθαι</span> <span class='ocrx_word' id='word_1_131' title='bbox 829 2022 1010 2093; x_wconf 84' lang='grc' dir='ltr'>λέγειν</span> <span class='ocrx_word' id='word_1_132' title='bbox 1046 2043 1062 2059; x_wconf 75' lang='grc' dir='ltr'><strong><em>ο</em></strong></span> <span class='ocrx_word' id='word_1_133' title='bbox 1099 2048 1117 2082; x_wconf 79' lang='grc' dir='ltr'><strong>ι</strong></span> <span class='ocrx_word' id='word_1_134' title='bbox 1161 2030 1269 2084; x_wconf 83' lang='grc' dir='ltr'><strong>Τὸν</strong></span> <span class='ocrx_word' id='word_1_135' title='bbox 1301 2034 1492 2102; x_wconf 87' lang='grc' dir='ltr'>ἀγῶνα</span> <span class='ocrx_word' id='word_1_136' title='bbox 1549 2038 1641 2092; x_wconf 79' lang='grc' dir='ltr'>τὸν</span> <span class='ocrx_word' id='word_1_137' title='bbox 1686 2042 1853 2096; x_wconf 74' lang='grc' dir='ltr'>καλὸν</span> <span class='ocrx_word' id='word_1_138' title='bbox 1905 2044 2110 2116; x_wconf 75' lang='grc' dir='ltr'>ἠγώνι-</span> 
     </span>
    </p>
   </div>
   <div class='ocr_carea' id='block_1_22' title="bbox 528 2112 2107 2208">
    <p class='ocr_par' dir='ltr' id='par_1_22' title="bbox 528 2112 2107 2208">
     <span class='ocr_line' id='line_1_22' title="bbox 528 2112 2107 2208; baseline 0.022 -48"><span class='ocrx_word' id='word_1_139' title='bbox 528 2125 693 2208; x_wconf 57' lang='grc' dir='ltr'><strong>ριιριιἐ</strong></span> <span class='ocrx_word' id='word_1_140' title='bbox 736 2112 829 2208; x_wconf 72' lang='grc' dir='ltr'><strong>τδν</strong></span> <span class='ocrx_word' id='word_1_141' title='bbox 868 2116 1072 2188; x_wconf 80' lang='grc' dir='ltr'>δρόμον</span> <span class='ocrx_word' id='word_1_142' title='bbox 1107 2121 1391 2192; x_wconf 81' lang='grc' dir='ltr'>τετέλεκα,</span> <span class='ocrx_word' id='word_1_143' title='bbox 1427 2126 1528 2199; x_wconf 78' lang='grc' dir='ltr'>τὴν</span> <span class='ocrx_word' id='word_1_144' title='bbox 1567 2130 1753 2208; x_wconf 74' lang='grc' dir='ltr'>πίστιν</span> <span class='ocrx_word' id='word_1_145' title='bbox 1803 2112 2107 2208; x_wconf 76' lang='grc' dir='ltr'>τετήρηκα,</span> 
     </span>
    </p>
   </div>
   <div class='ocr_carea' id='block_1_23' title="bbox 526 2198 2103 2298">
    <p class='ocr_par' dir='ltr' id='par_1_23' title="bbox 526 2198 2103 2298">
     <span class='ocr_line' id='line_1_23' title="bbox 526 2198 2103 2298; baseline 0.02 -44"><span class='ocrx_word' id='word_1_146' title='bbox 526 2198 829 2298; x_wconf 36' lang='lat' dir='ltr'><strong>{inlcebra</strong></span> <span class='ocrx_word' id='word_1_147' title='bbox 850 2209 946 2277; x_wconf 83' lang='grc' dir='ltr'><strong>τῆς</strong></span> <span class='ocrx_word' id='word_1_148' title='bbox 981 2211 1330 2285; x_wconf 75' lang='grc' dir='ltr'>δικαιοσύνης</span> <span class='ocrx_word' id='word_1_149' title='bbox 1356 2198 2052 2298; x_wconf 23' lang='grc' dir='ltr'>στέφανονκάποκείμενον.</span> 
     </span>
    </p>
   </div>
   <div class='ocr_carea' id='block_1_24' title="bbox 529 2294 2108 2392">
    <p class='ocr_par' dir='ltr' id='par_1_24' title="bbox 529 2294 2108 2392">
     <span class='ocr_line' id='line_1_24' title="bbox 529 2294 2108 2392; baseline 0.018 -45"><span class='ocrx_word' id='word_1_150' title='bbox 529 2294 833 2392; x_wconf 37' lang='lat' dir='ltr'><strong>[Illita-dit?</strong></span> <span class='ocrx_word' id='word_1_151' title='bbox 890 2301 1184 2360; x_wconf 85' lang='grc' dir='ltr'>ἀκόλουθον</span> <span class='ocrx_word' id='word_1_152' title='bbox 1234 2303 1393 2377; x_wconf 69' lang='grc' dir='ltr'>οἶμαι</span> <span class='ocrx_word' id='word_1_153' title='bbox 1431 2312 1645 2378; x_wconf 79' lang='grc' dir='ltr'>τούτοις</span> <span class='ocrx_word' id='word_1_154' title='bbox 1689 2294 2108 2392; x_wconf 71' lang='grc' dir='ltr'>ἐπιμνησθῆναι</span> 
     </span>
    </p>
   </div>
   <div class='ocr_carea' id='block_1_25' title="bbox 526 2387 2105 2484">
    <p class='ocr_par' dir='ltr' id='par_1_25' title="bbox 526 2387 2105 2484">
     <span class='ocr_line' id='line_1_25' title="bbox 526 2387 2105 2484; baseline 0.02 -46"><span class='ocrx_word' id='word_1_155' title='bbox 526 2387 764 2484; x_wconf 70' lang='grc' dir='ltr'>καὶὄθεν</span> <span class='ocrx_word' id='word_1_156' title='bbox 789 2391 877 2464; x_wconf 83' lang='grc' dir='ltr'>δὴ,</span> <span class='ocrx_word' id='word_1_157' title='bbox 906 2396 998 2447; x_wconf 80' lang='grc' dir='ltr'>καὶ</span> <span class='ocrx_word' id='word_1_158' title='bbox 1021 2396 1191 2464; x_wconf 84' lang='grc' dir='ltr'>ὅπως,</span> <span class='ocrx_word' id='word_1_159' title='bbox 1223 2403 1319 2455; x_wconf 65' lang='grc' dir='ltr'><strong>καλ⁸</strong></span> <span class='ocrx_word' id='word_1_160' title='bbox 1345 2403 1433 2471; x_wconf 69' lang='grc' dir='ltr'><strong>ἐφ’</strong></span> <span class='ocrx_word' id='word_1_161' title='bbox 1457 2405 1563 2476; x_wconf 81' lang='grc' dir='ltr'>ὅτῳ</span> <span class='ocrx_word' id='word_1_162' title='bbox 1592 2408 1700 2477; x_wconf 78' lang='grc' dir='ltr'><strong>ἄρα</strong></span> <span class='ocrx_word' id='word_1_163' title='bbox 1728 2387 1836 2463; x_wconf 85' lang='grc' dir='ltr'><strong>τῶν</strong></span> <span class='ocrx_word' id='word_1_164' title='bbox 1877 2387 2105 2484; x_wconf 46' lang='grc' dir='ltr'>γρόνων,</span> 
     </span>
    </p>
   </div>
   <div class='ocr_carea' id='block_1_26' title="bbox 525 2481 2107 2575">
    <p class='ocr_par' dir='ltr' id='par_1_26' title="bbox 525 2481 2107 2575">
     <span class='ocr_line' id='line_1_26' title="bbox 525 2481 2107 2575; baseline 0.019 -43"><span class='ocrx_word' id='word_1_165' title='bbox 525 2481 588 2575; x_wconf 64' lang='grc' dir='ltr'>τὸ</span> <span class='ocrx_word' id='word_1_166' title='bbox 628 2483 780 2575; x_wconf 68' lang='grc' dir='ltr'>ἱερὸν</span> <span class='ocrx_word' id='word_1_167' title='bbox 835 2487 1003 2541; x_wconf 84' lang='grc' dir='ltr'>αὐτοῦ</span> <span class='ocrx_word' id='word_1_168' title='bbox 1042 2489 1297 2560; x_wconf 74' lang='grc' dir='ltr'>λείψανον</span> <span class='ocrx_word' id='word_1_169' title='bbox 1354 2495 1413 2561; x_wconf 72' lang='grc' dir='ltr'><strong>ἐξ</strong></span> <span class='ocrx_word' id='word_1_170' title='bbox 1459 2496 1684 2567; x_wconf 78' lang='grc' dir='ltr'>’Δχαῖας</span> <span class='ocrx_word' id='word_1_171' title='bbox 1718 2481 2107 2575; x_wconf 79' lang='grc' dir='ltr'>ἀνακομισθὲν,</span> 
     </span>
    </p>
   </div>
   <div class='ocr_carea' id='block_1_27' title="bbox 528 2569 2110 2664">
    <p class='ocr_par' dir='ltr' id='par_1_27' title="bbox 528 2569 2110 2664">
     <span class='ocr_line' id='line_1_27' title="bbox 528 2569 2110 2664; baseline 0.019 -42"><span class='ocrx_word' id='word_1_172' title='bbox 528 2569 604 2664; x_wconf 80' lang='grc' dir='ltr'>ὥς</span> <span class='ocrx_word' id='word_1_173' title='bbox 666 2589 721 2627; x_wconf 81' lang='grc' dir='ltr'><strong>τι</strong></span> <span class='ocrx_word' id='word_1_174' title='bbox 761 2573 903 2629; x_wconf 78' lang='grc' dir='ltr'>θεῖον</span> <span class='ocrx_word' id='word_1_175' title='bbox 950 2576 1330 2653; x_wconf 82' lang='grc' dir='ltr'>θησαύρισμα,</span> <span class='ocrx_word' id='word_1_176' title='bbox 1362 2586 1426 2656; x_wconf 80' lang='grc' dir='ltr'>τῇ</span> <span class='ocrx_word' id='word_1_177' title='bbox 1463 2584 1694 2661; x_wconf 81' lang='grc' dir='ltr'>λαμπρᾷ</span> <span class='ocrx_word' id='word_1_178' title='bbox 1745 2593 1842 2647; x_wconf 70' lang='grc' dir='ltr'>καὶ</span> <span class='ocrx_word' id='word_1_179' title='bbox 1873 2569 2110 2664; x_wconf 64' lang='grc' dir='ltr'>βασιλίδι</span> 
     </span>
    </p>
   </div>
   <div class='ocr_carea' id='block_1_28' title="bbox 526 2662 1251 2730">
    <p class='ocr_par' dir='ltr' id='par_1_28' title="bbox 526 2662 1251 2730">
     <span class='ocr_line' id='line_1_28' title="bbox 526 2662 1251 2730; baseline 0.022 -17"><span class='ocrx_word' id='word_1_180' title='bbox 526 2662 637 2716; x_wconf 86' lang='grc' dir='ltr'><strong>τῶν</strong></span> <span class='ocrx_word' id='word_1_181' title='bbox 679 2666 887 2722; x_wconf 87' lang='grc' dir='ltr'>πόλεων</span> <span class='ocrx_word' id='word_1_182' title='bbox 915 2670 1251 2730; x_wconf 76' lang='grc' dir='ltr'>ἀποδίδοται.</span> 
     </span>
    </p>
   </div>
   <div class='ocr_carea' id='block_1_29' title="bbox 601 2751 2110 2851">
    <p class='ocr_par' dir='ltr' id='par_1_29' title="bbox 601 2751 2110 2851">
     <span class='ocr_line' id='line_1_29' title="bbox 601 2751 2110 2851; baseline 0.019 -45"><span class='ocrx_word' id='word_1_183' title='bbox 601 2751 659 2810; x_wconf 78' lang='grc' dir='ltr'><strong>ι’.</strong></span> <span class='ocrx_word' id='word_1_184' title='bbox 687 2754 839 2851; x_wconf 41' lang='lat' dir='ltr'><strong>mea</strong></span> <span class='ocrx_word' id='word_1_185' title='bbox 873 2758 985 2813; x_wconf 83' lang='grc' dir='ltr'>ἀπὸ</span> <span class='ocrx_word' id='word_1_186' title='bbox 1009 2760 1104 2814; x_wconf 90' lang='grc' dir='ltr'><strong>τοῦ</strong></span> <span class='ocrx_word' id='word_1_187' title='bbox 1143 2763 1373 2835; x_wconf 88' lang='grc' dir='ltr'>Σιρμίου</span> <span class='ocrx_word' id='word_1_188' title='bbox 1406 2770 1538 2823; x_wconf 70' lang='grc' dir='ltr'>ποτὶ</span> <span class='ocrx_word' id='word_1_189' title='bbox 1593 2771 1731 2842; x_wconf 79' lang='grc' dir='ltr'>πρὸς</span> <span class='ocrx_word' id='word_1_190' title='bbox 1763 2773 1855 2829; x_wconf 81' lang='grc' dir='ltr'>τὸν</span> <span class='ocrx_word' id='word_1_191' title='bbox 1892 2778 2110 2851; x_wconf 84' lang='grc' dir='ltr'>Ἵστρον</span> 
     </span>
    </p>
   </div>
   <div class='ocr_carea' id='block_1_30' title="bbox 530 2848 2106 2939">
    <p class='ocr_par' dir='ltr' id='par_1_30' title="bbox 530 2848 2106 2939">
     <span class='ocr_line' id='line_1_30' title="bbox 530 2848 2106 2939; baseline 0.02 -41"><span class='ocrx_word' id='word_1_192' title='bbox 530 2848 912 2913; x_wconf 76' lang='grc' dir='ltr'>Κωνστάντιος</span> <span class='ocrx_word' id='word_1_193' title='bbox 947 2852 976 2906; x_wconf 87' lang='grc' dir='ltr'><strong>ό</strong></span> <span class='ocrx_word' id='word_1_194' title='bbox 1007 2853 1421 2915; x_wconf 84' lang='grc' dir='ltr'>Κωνσταντίνου</span> <span class='ocrx_word' id='word_1_195' title='bbox 1465 2863 1562 2917; x_wconf 89' lang='grc' dir='ltr'><strong>τοῦ</strong></span> <span class='ocrx_word' id='word_1_196' title='bbox 1626 2867 1883 2936; x_wconf 77' lang='grc' dir='ltr'>Μεγάλου</span> <span class='ocrx_word' id='word_1_197' title='bbox 1955 2848 2106 2939; x_wconf 78' lang='grc' dir='ltr'>παῖς,</span> 
     </span>
    </p>
   </div>
   <div class='ocr_carea' id='block_1_31' title="bbox 528 2940 2110 3039">
    <p class='ocr_par' dir='ltr' id='par_1_31' title="bbox 528 2940 2110 3039">
     <span class='ocr_line' id='line_1_31' title="bbox 528 2940 2110 3039; baseline 0.019 -47"><span class='ocrx_word' id='word_1_198' title='bbox 528 2940 717 3039; x_wconf 70' lang='grc' dir='ltr'>τρίτος</span> <span class='ocrx_word' id='word_1_199' title='bbox 739 2942 796 2998; x_wconf 81' lang='grc' dir='ltr'>δὲ</span> <span class='ocrx_word' id='word_1_200' title='bbox 836 2944 960 3039; x_wconf 81' lang='grc' dir='ltr'>καθ’</span> <span class='ocrx_word' id='word_1_201' title='bbox 986 2947 1208 3017; x_wconf 73' lang='grc' dir='ltr'>ἡλικίαν</span> <span class='ocrx_word' id='word_1_202' title='bbox 1240 2951 1352 3007; x_wconf 89' lang='grc' dir='ltr'><strong>τῶν</strong></span> <span class='ocrx_word' id='word_1_203' title='bbox 1380 2955 1650 3026; x_wconf 81' lang='grc' dir='ltr'>ἀδελφῶν.</span> <span class='ocrx_word' id='word_1_204' title='bbox 1673 2962 1784 3016; x_wconf 76' lang='grc' dir='ltr'><strong>Καὶ</strong></span> <span class='ocrx_word' id='word_1_205' title='bbox 1802 2965 1938 3034; x_wconf 77' lang='grc' dir='ltr'>πρὸς</span> <span class='ocrx_word' id='word_1_206' title='bbox 1971 2968 2110 3039; x_wconf 79' lang='grc' dir='ltr'>αὐτῇ</span> 
     </span>
    </p>
   </div>
   <div class='ocr_carea' id='block_1_32' title="bbox 529 3033 2114 3130">
    <p class='ocr_par' dir='ltr' id='par_1_32' title="bbox 529 3033 2114 3130">
     <span class='ocr_line' id='line_1_32' title="bbox 529 3033 2114 3130; baseline 0.018 -44"><span class='ocrx_word' id='word_1_207' title='bbox 529 3036 596 3130; x_wconf 66' lang='grc' dir='ltr'><strong>τῇ</strong></span> <span class='ocrx_word' id='word_1_208' title='bbox 627 3033 765 3109; x_wconf 78' lang='grc' dir='ltr'><strong>ὄχθῃ</strong></span> <span class='ocrx_word' id='word_1_209' title='bbox 802 3038 897 3092; x_wconf 86' lang='grc' dir='ltr'><strong>τοῦ</strong></span> <span class='ocrx_word' id='word_1_210' title='bbox 942 3040 1157 3113; x_wconf 83' lang='grc' dir='ltr'>Ἴστρου</span> <span class='ocrx_word' id='word_1_211' title='bbox 1197 3047 1392 3116; x_wconf 82' lang='grc' dir='ltr'>χρόνον</span> <span class='ocrx_word' id='word_1_212' title='bbox 1438 3050 1501 3104; x_wconf 85' lang='grc' dir='ltr'>οὐ</span> <span class='ocrx_word' id='word_1_213' title='bbox 1553 3052 1763 3123; x_wconf 82' lang='grc' dir='ltr'>βραχὺν</span> <span class='ocrx_word' id='word_1_214' title='bbox 1814 3033 2114 3130; x_wconf 46' lang='grc' dir='ltr'>στρατοπεζ</span> 
     </span>
    </p>
   </div>
   <div class='ocr_carea' id='block_1_33' title="bbox 528 3125 2113 3224">
    <p class='ocr_par' dir='ltr' id='par_1_33' title="bbox 528 3125 2113 3224">
     <span class='ocr_line' id='line_1_33' title="bbox 528 3125 2113 3224; baseline 0.02 -46"><span class='ocrx_word' id='word_1_215' title='bbox 528 3125 879 3224; x_wconf 80' lang='grc' dir='ltr'>δευσάμενος,</span> <span class='ocrx_word' id='word_1_216' title='bbox 922 3132 1089 3204; x_wconf 72' lang='grc' dir='ltr'>ἤκουε</span> <span class='ocrx_word' id='word_1_217' title='bbox 1128 3137 1257 3200; x_wconf 79' lang='grc' dir='ltr'>τοὺς</span> <span class='ocrx_word' id='word_1_218' title='bbox 1294 3141 1468 3211; x_wconf 83' lang='grc' dir='ltr'>πέραν</span> <span class='ocrx_word' id='word_1_219' title='bbox 1502 3143 1598 3198; x_wconf 87' lang='grc' dir='ltr'><strong>τοῦ</strong></span> <span class='ocrx_word' id='word_1_220' title='bbox 1642 3147 1856 3219; x_wconf 81' lang='grc' dir='ltr'>Ἴστρου</span> <span class='ocrx_word' id='word_1_221' title='bbox 1881 3125 2113 3224; x_wconf 63' lang='grc' dir='ltr'><strong>⁷Βαρϐά-</strong></span> 
     </span>
    </p>
   </div>
   <div class='ocr_carea' id='block_1_34' title="bbox 2200 656 3788 732">
    <p class='ocr_par' dir='ltr' id='par_1_34' title="bbox 2200 656 3788 732">
     <span class='ocr_line' id='line_1_34' title="bbox 2200 656 3788 732; baseline 0.001 -22"><span class='ocrx_word' id='word_1_222' title='bbox 2200 671 2353 712; x_wconf 85' lang='lat' dir='ltr'><strong>nunc</strong></span> <span class='ocrx_word' id='word_1_223' title='bbox 2377 672 2507 713; x_wconf 84' lang='lat' dir='ltr'><strong>vero</strong></span> <span class='ocrx_word' id='word_1_224' title='bbox 2547 659 2615 713; x_wconf 87' lang='lat' dir='ltr'><strong>ah</strong></span> <span class='ocrx_word' id='word_1_225' title='bbox 2645 674 2713 714; x_wconf 89' lang='lat' dir='ltr'><strong>eo</strong></span> <span class='ocrx_word' id='word_1_226' title='bbox 2744 661 2888 729; x_wconf 87' lang='lat' dir='ltr'><strong>quod</strong></span> <span class='ocrx_word' id='word_1_227' title='bbox 2929 661 3047 732; x_wconf 85' lang='lat' dir='ltr'><strong>ipse</strong></span> <span class='ocrx_word' id='word_1_228' title='bbox 3088 670 3443 716; x_wconf 75' lang='lat' dir='ltr'><strong>eontexuerat</strong></span> <span class='ocrx_word' id='word_1_229' title='bbox 3493 656 3788 725; x_wconf 68' lang='lat' dir='ltr'><strong>Evangelia</strong></span> 
     </span>
    </p>
   </div>
   <div class='ocr_carea' id='block_1_35' title="bbox 2204 749 3787 822">
    <p class='ocr_par' dir='ltr' id='par_1_35' title="bbox 2204 749 3787 822">
     <span class='ocr_line' id='line_1_35' title="bbox 2204 749 3787 822; baseline 0.001 -20"><span class='ocrx_word' id='word_1_230' title='bbox 2204 749 2579 818; x_wconf 90' lang='lat' dir='ltr'><strong>interpretans</strong></span> <span class='ocrx_word' id='word_1_231' title='bbox 2638 751 2769 821; x_wconf 86' lang='lat' dir='ltr'><strong>ipsis</strong></span> <span class='ocrx_word' id='word_1_232' title='bbox 2828 767 2890 806; x_wconf 88' lang='lat' dir='ltr'><strong>ea</strong></span> <span class='ocrx_word' id='word_1_233' title='bbox 2950 768 3074 822; x_wconf 76' lang='lat' dir='ltr'><strong>qtue</strong></span> <span class='ocrx_word' id='word_1_234' title='bbox 3127 752 3194 808; x_wconf 89' lang='lat' dir='ltr'><strong>de</strong></span> <span class='ocrx_word' id='word_1_235' title='bbox 3248 751 3467 807; x_wconf 75' lang='lat' dir='ltr'><strong>Christo</strong></span> <span class='ocrx_word' id='word_1_236' title='bbox 3506 760 3787 811; x_wconf 79' lang='lat' dir='ltr'><strong>erant,et</strong></span> 
     </span>
    </p>
   </div>
   <div class='ocr_carea' id='block_1_36' title="bbox 2202 842 3784 899">
    <p class='ocr_par' dir='ltr' id='par_1_36' title="bbox 2202 842 3784 899">
     <span class='ocr_line' id='line_1_36' title="bbox 2202 842 3784 899; baseline -0.003 -3"><span class='ocrx_word' id='word_1_237' title='bbox 2202 842 2502 898; x_wconf 85' lang='lat' dir='ltr'><strong>ostendens</strong></span> <span class='ocrx_word' id='word_1_238' title='bbox 2531 843 2700 898; x_wconf 64' lang='lat' dir='ltr'><strong>VCIUS</strong></span> <span class='ocrx_word' id='word_1_239' title='bbox 2740 845 3167 899; x_wconf 81' lang='lat' dir='ltr'><strong>instrumentum</strong></span> <span class='ocrx_word' id='word_1_240' title='bbox 3211 845 3436 899; x_wconf 89' lang='lat' dir='ltr'><strong>omnino</strong></span> <span class='ocrx_word' id='word_1_241' title='bbox 3484 857 3784 896; x_wconf 85' lang='lat' dir='ltr'><strong>consonum</strong></span> 
     </span>
    </p>
   </div>
   <div class='ocr_carea' id='block_1_37' title="bbox 2204 932 3785 1005">
    <p class='ocr_par' dir='ltr' id='par_1_37' title="bbox 2204 932 3785 1005">
     <span class='ocr_line' id='line_1_37' title="bbox 2204 932 3785 1005; baseline -0.002 -18"><span class='ocrx_word' id='word_1_242' title='bbox 2204 947 2328 987; x_wconf 90' lang='lat' dir='ltr'><strong>esse</strong></span> <span class='ocrx_word' id='word_1_243' title='bbox 2356 933 2530 997; x_wconf 83' lang='lat' dir='ltr'><strong>Novo,</strong></span> <span class='ocrx_word' id='word_1_244' title='bbox 2561 950 2839 1005; x_wconf 80' lang='lat' dir='ltr'><strong>unumque</strong></span> <span class='ocrx_word' id='word_1_245' title='bbox 2864 943 2921 990; x_wconf 87' lang='lat' dir='ltr'><strong>et</strong></span> <span class='ocrx_word' id='word_1_246' title='bbox 2950 936 3200 989; x_wconf 87' lang='lat' dir='ltr'><strong>eumdem</strong></span> <span class='ocrx_word' id='word_1_247' title='bbox 3242 949 3363 990; x_wconf 81' lang='lat' dir='ltr'><strong>esse</strong></span> <span class='ocrx_word' id='word_1_248' title='bbox 3401 932 3572 987; x_wconf 84' lang='lat' dir='ltr'><strong>Deum</strong></span> <span class='ocrx_word' id='word_1_249' title='bbox 3618 933 3705 1001; x_wconf 86' lang='lat' dir='ltr'><strong>qui</strong></span> <span class='ocrx_word' id='word_1_250' title='bbox 3734 943 3785 985; x_wconf 91' lang='lat' dir='ltr'><strong>et</strong></span> 
     </span>
    </p>
   </div>
   <div class='ocr_carea' id='block_1_38' title="bbox 2208 1023 3783 1097">
    <p class='ocr_par' dir='ltr' id='par_1_38' title="bbox 2208 1023 3783 1097">
     <span class='ocr_line' id='line_1_38' title="bbox 2208 1023 3783 1097; baseline -0.003 -18"><span class='ocrx_word' id='word_1_251' title='bbox 2208 1024 2314 1081; x_wconf 88' lang='lat' dir='ltr'><strong>hoc</strong></span> <span class='ocrx_word' id='word_1_252' title='bbox 2344 1036 2399 1080; x_wconf 90' lang='lat' dir='ltr'><strong>et</strong></span> <span class='ocrx_word' id='word_1_253' title='bbox 2427 1026 2557 1081; x_wconf 89' lang='lat' dir='ltr'><strong>illud</strong></span> <span class='ocrx_word' id='word_1_254' title='bbox 2583 1035 2871 1092; x_wconf 71' lang='lat' dir='ltr'><strong>statuerat,</strong></span> <span class='ocrx_word' id='word_1_255' title='bbox 2903 1028 3096 1097; x_wconf 89' lang='lat' dir='ltr'><strong>plenus</strong></span> <span class='ocrx_word' id='word_1_256' title='bbox 3118 1027 3224 1095; x_wconf 76' lang='lat' dir='ltr'><strong>iam</strong></span> <span class='ocrx_word' id='word_1_257' title='bbox 3272 1027 3484 1080; x_wconf 84' lang='lat' dir='ltr'><strong>dierum</strong></span> <span class='ocrx_word' id='word_1_258' title='bbox 3534 1023 3783 1087; x_wconf 79' lang='lat' dir='ltr'><strong>eﬂ‘eetns,</strong></span> 
     </span>
    </p>
   </div>
   <div class='ocr_carea' id='block_1_39' title="bbox 2207 1117 3785 1188">
    <p class='ocr_par' dir='ltr' id='par_1_39' title="bbox 2207 1117 3785 1188">
     <span class='ocr_line' id='line_1_39' title="bbox 2207 1117 3785 1188; baseline -0.002 -18"><span class='ocrx_word' id='word_1_259' title='bbox 2207 1118 2352 1172; x_wconf 86' lang='lat' dir='ltr'><strong>redit</strong></span> <span class='ocrx_word' id='word_1_260' title='bbox 2374 1118 2428 1172; x_wconf 89' lang='lat' dir='ltr'><strong>in</strong></span> <span class='ocrx_word' id='word_1_261' title='bbox 2467 1134 2598 1188; x_wconf 87' lang='lat' dir='ltr'><strong>pace</strong></span> <span class='ocrx_word' id='word_1_262' title='bbox 2629 1118 2695 1173; x_wconf 91' lang='lat' dir='ltr'><strong>ad</strong></span> <span class='ocrx_word' id='word_1_263' title='bbox 2724 1118 2890 1173; x_wconf 81' lang='lat' dir='ltr'><strong>Deum</strong></span> <span class='ocrx_word' id='word_1_264' title='bbox 2925 1119 3095 1188; x_wconf 84' lang='lat' dir='ltr'><strong>pacis,</strong></span> <span class='ocrx_word' id='word_1_265' title='bbox 3122 1121 3345 1187; x_wconf 81' lang='lat' dir='ltr'><strong>pulvere</strong></span> <span class='ocrx_word' id='word_1_266' title='bbox 3381 1117 3601 1187; x_wconf 80' lang='lat' dir='ltr'><strong>quidem</strong></span> <span class='ocrx_word' id='word_1_267' title='bbox 3659 1117 3785 1185; x_wconf 87' lang='lat' dir='ltr'><strong>pul-</strong></span> 
     </span>
    </p>
   </div>
   <div class='ocr_carea' id='block_1_40' title="bbox 2209 1207 3786 1277">
    <p class='ocr_par' dir='ltr' id='par_1_40' title="bbox 2209 1207 3786 1277">
     <span class='ocr_line' id='line_1_40' title="bbox 2209 1207 3786 1277; baseline -0.001 -14"><span class='ocrx_word' id='word_1_268' title='bbox 2209 1212 2324 1265; x_wconf 83' lang='lat' dir='ltr'><strong>veri</strong></span> <span class='ocrx_word' id='word_1_269' title='bbox 2382 1210 2595 1272; x_wconf 87' lang='lat' dir='ltr'><strong>relicto.</strong></span> <span class='ocrx_word' id='word_1_270' title='bbox 2653 1211 2832 1265; x_wconf 86' lang='lat' dir='ltr'><strong>anima</strong></span> <span class='ocrx_word' id='word_1_271' title='bbox 2891 1227 3022 1266; x_wconf 78' lang='lat' dir='ltr'><strong>vero</strong></span> <span class='ocrx_word' id='word_1_272' title='bbox 3096 1212 3152 1266; x_wconf 89' lang='lat' dir='ltr'><strong>in</strong></span> <span class='ocrx_word' id='word_1_273' title='bbox 3205 1212 3459 1265; x_wconf 85' lang='lat' dir='ltr'><strong>manibus</strong></span> <span class='ocrx_word' id='word_1_274' title='bbox 3513 1210 3632 1277; x_wconf 79' lang='lat' dir='ltr'><strong>eius</strong></span> <span class='ocrx_word' id='word_1_275' title='bbox 3692 1207 3786 1277; x_wconf 87' lang='lat' dir='ltr'><strong>qui</strong></span> 
     </span>
    </p>
   </div>
   <div class='ocr_carea' id='block_1_41' title="bbox 2210 1300 3788 1371">
    <p class='ocr_par' dir='ltr' id='par_1_41' title="bbox 2210 1300 3788 1371">
     <span class='ocr_line' id='line_1_41' title="bbox 2210 1300 3788 1371; baseline -0.001 -12"><span class='ocrx_word' id='word_1_276' title='bbox 2210 1304 2433 1359; x_wconf 89' lang='lat' dir='ltr'><strong>dederat</strong></span> <span class='ocrx_word' id='word_1_277' title='bbox 2467 1302 2844 1358; x_wconf 88' lang='lat' dir='ltr'><strong>commendata</strong></span> <span class='ocrx_word' id='word_1_278' title='bbox 2877 1320 2891 1358; x_wconf 90' lang='lat'><strong>:</strong></span> <span class='ocrx_word' id='word_1_279' title='bbox 2930 1303 3058 1359; x_wconf 89' lang='lat' dir='ltr'><strong>illuc</strong></span> <span class='ocrx_word' id='word_1_280' title='bbox 3082 1302 3361 1358; x_wconf 88' lang='lat' dir='ltr'><strong>transiens</strong></span> <span class='ocrx_word' id='word_1_281' title='bbox 3395 1302 3485 1357; x_wconf 83' lang='lat' dir='ltr'><strong>uhi</strong></span> <span class='ocrx_word' id='word_1_282' title='bbox 3523 1300 3675 1371; x_wconf 71' lang='lat' dir='ltr'><strong>regio</strong></span> <span class='ocrx_word' id='word_1_283' title='bbox 3704 1312 3788 1357; x_wconf 87' lang='lat' dir='ltr'><strong>est</strong></span> 
     </span>
    </p>
   </div>
   <div class='ocr_carea' id='block_1_42' title="bbox 2209 1393 3788 1460">
    <p class='ocr_par' dir='ltr' id='par_1_42' title="bbox 2209 1393 3788 1460">
     <span class='ocr_line' id='line_1_42' title="bbox 2209 1393 3788 1460; baseline -0.001 -12"><span class='ocrx_word' id='word_1_284' title='bbox 2209 1393 2530 1456; x_wconf 82' lang='lat' dir='ltr'><strong>viventium,</strong></span> <span class='ocrx_word' id='word_1_285' title='bbox 2569 1393 2663 1450; x_wconf 86' lang='lat' dir='ltr'><strong>ubi</strong></span> <span class='ocrx_word' id='word_1_286' title='bbox 2681 1409 2851 1448; x_wconf 89' lang='lat' dir='ltr'><strong>sonus</strong></span> <span class='ocrx_word' id='word_1_287' title='bbox 2882 1394 3020 1448; x_wconf 84' lang='lat' dir='ltr'><strong>festa</strong></span> <span class='ocrx_word' id='word_1_288' title='bbox 3046 1394 3469 1460; x_wconf 79' lang='lat' dir='ltr'><strong>celebrantium,</strong></span> <span class='ocrx_word' id='word_1_289' title='bbox 3501 1393 3592 1448; x_wconf 90' lang='lat' dir='ltr'><strong>ubi</strong></span> <span class='ocrx_word' id='word_1_290' title='bbox 3628 1393 3788 1447; x_wconf 84' lang='lat' dir='ltr'><strong>inha-</strong></span> 
     </span>
    </p>
   </div>
   <div class='ocr_carea' id='block_1_43' title="bbox 2212 1484 3163 1542">
    <p class='ocr_par' dir='ltr' id='par_1_43' title="bbox 2212 1484 3163 1542">
     <span class='ocr_line' id='line_1_43' title="bbox 2212 1484 3163 1542; baseline 0.001 -1"><span class='ocrx_word' id='word_1_291' title='bbox 2212 1485 2405 1542; x_wconf 89' lang='lat' dir='ltr'><strong>bitatio</strong></span> <span class='ocrx_word' id='word_1_292' title='bbox 2437 1495 2522 1541; x_wconf 89' lang='lat' dir='ltr'><strong>est</strong></span> <span class='ocrx_word' id='word_1_293' title='bbox 2549 1484 2794 1540; x_wconf 89' lang='lat' dir='ltr'><strong>omnium</strong></span> <span class='ocrx_word' id='word_1_294' title='bbox 2836 1484 3163 1542; x_wconf 77' lang='lat' dir='ltr'><strong>laetantium.</strong></span> 
     </span>
    </p>
   </div>
   <div class='ocr_carea' id='block_1_44' title="bbox 2281 1661 3790 1732">
    <p class='ocr_par' dir='ltr' id='par_1_44' title="bbox 2281 1661 3790 1732">
     <span class='ocr_line' id='line_1_44' title="bbox 2281 1661 3790 1732; baseline -0.003 -14"><span class='ocrx_word' id='word_1_295' title='bbox 2281 1662 2378 1719; x_wconf 82' lang='lat' dir='ltr'><strong>IX.</strong></span> <span class='ocrx_word' id='word_1_296' title='bbox 2426 1661 2747 1732; x_wconf 71' lang='lat' dir='ltr'><strong>Huiusmodi</strong></span> <span class='ocrx_word' id='word_1_297' title='bbox 2803 1671 2932 1717; x_wconf 91' lang='lat' dir='ltr'><strong>sunt</strong></span> <span class='ocrx_word' id='word_1_298' title='bbox 2986 1661 3349 1717; x_wconf 82' lang='lat' dir='ltr'><strong>certaminum</strong></span> <span class='ocrx_word' id='word_1_299' title='bbox 3397 1661 3627 1731; x_wconf 78' lang='lat' dir='ltr'><strong>apostoli</strong></span> <span class='ocrx_word' id='word_1_300' title='bbox 3690 1675 3790 1730; x_wconf 84' lang='lat' dir='ltr'><strong>pro</strong></span> 
     </span>
    </p>
   </div>
   <div class='ocr_carea' id='block_1_45' title="bbox 2214 1751 3791 1827">
    <p class='ocr_par' dir='ltr' id='par_1_45' title="bbox 2214 1751 3791 1827">
     <span class='ocr_line' id='line_1_45' title="bbox 2214 1751 3791 1827; baseline -0.006 -17"><span class='ocrx_word' id='word_1_301' title='bbox 2214 1756 2416 1827; x_wconf 84' lang='lat' dir='ltr'><strong>pietate</strong></span> <span class='ocrx_word' id='word_1_302' title='bbox 2441 1755 2788 1809; x_wconf 84' lang='lat' dir='ltr'><strong>narrationes</strong></span> <span class='ocrx_word' id='word_1_303' title='bbox 2828 1770 2844 1808; x_wconf 93' lang='lat'><strong>:</strong></span> <span class='ocrx_word' id='word_1_304' title='bbox 2883 1753 2968 1808; x_wconf 84' lang='lat' dir='ltr'><strong>hic</strong></span> <span class='ocrx_word' id='word_1_305' title='bbox 2992 1752 3093 1808; x_wconf 85' lang='lat' dir='ltr'><strong>fuit</strong></span> <span class='ocrx_word' id='word_1_306' title='bbox 3116 1753 3220 1823; x_wconf 82' lang='lat' dir='ltr'><strong>ipsi</strong></span> <span class='ocrx_word' id='word_1_307' title='bbox 3263 1752 3385 1806; x_wconf 78' lang='lat' dir='ltr'><strong>ﬁnis</strong></span> <span class='ocrx_word' id='word_1_308' title='bbox 3413 1751 3656 1805; x_wconf 82' lang='lat' dir='ltr'><strong>laborum</strong></span> <span class='ocrx_word' id='word_1_309' title='bbox 3693 1766 3791 1820; x_wconf 83' lang='lat' dir='ltr'><strong>pro</strong></span> 
     </span>
    </p>
   </div>
   <div class='ocr_carea' id='block_1_46' title="bbox 2213 1842 3791 1918">
    <p class='ocr_par' dir='ltr' id='par_1_46' title="bbox 2213 1842 3791 1918">
     <span class='ocr_line' id='line_1_46' title="bbox 2213 1842 3791 1918; baseline -0.006 -15"><span class='ocrx_word' id='word_1_310' title='bbox 2213 1848 2438 1904; x_wconf 86' lang='lat' dir='ltr'><strong>Christo</strong></span> <span class='ocrx_word' id='word_1_311' title='bbox 2482 1862 2895 1918; x_wconf 87' lang='lat' dir='ltr'><strong>perpessorum,</strong></span> <span class='ocrx_word' id='word_1_312' title='bbox 2955 1860 3189 1914; x_wconf 88' lang='lat' dir='ltr'><strong>quorum</strong></span> <span class='ocrx_word' id='word_1_313' title='bbox 3257 1845 3419 1899; x_wconf 85' lang='lat' dir='ltr'><strong>etiam</strong></span> <span class='ocrx_word' id='word_1_314' title='bbox 3485 1842 3791 1912; x_wconf 73' lang='lat' dir='ltr'><strong>manipulos</strong></span> 
     </span>
    </p>
   </div>
   <div class='ocr_carea' id='block_1_47' title="bbox 2211 1938 3787 2007">
    <p class='ocr_par' dir='ltr' id='par_1_47' title="bbox 2211 1938 3787 2007">
     <span class='ocr_line' id='line_1_47' title="bbox 2211 1938 3787 2007; baseline -0.004 -12"><span class='ocrx_word' id='word_1_315' title='bbox 2211 1955 2362 1995; x_wconf 89' lang='lat' dir='ltr'><strong>nunc</strong></span> <span class='ocrx_word' id='word_1_316' title='bbox 2400 1939 2557 1995; x_wconf 85' lang='lat' dir='ltr'><strong>metit</strong></span> <span class='ocrx_word' id='word_1_317' title='bbox 2589 1938 2644 1993; x_wconf 93' lang='lat' dir='ltr'><strong>in</strong></span> <span class='ocrx_word' id='word_1_318' title='bbox 2673 1939 2880 2002; x_wconf 71' lang='lat' dir='ltr'><strong>laetitia,</strong></span> <span class='ocrx_word' id='word_1_319' title='bbox 2942 1940 3016 1994; x_wconf 88' lang='lat' dir='ltr'><strong>ita</strong></span> <span class='ocrx_word' id='word_1_320' title='bbox 3050 1947 3113 1994; x_wconf 85' lang='lat' dir='ltr'><strong>ut</strong></span> <span class='ocrx_word' id='word_1_321' title='bbox 3164 1939 3339 2007; x_wconf 87' lang='lat' dir='ltr'><strong>possit</strong></span> <span class='ocrx_word' id='word_1_322' title='bbox 3397 1947 3453 1993; x_wconf 82' lang='lat' dir='ltr'><strong>et</strong></span> <span class='ocrx_word' id='word_1_323' title='bbox 3509 1939 3625 2007; x_wconf 88' lang='lat' dir='ltr'><strong>ipse</strong></span> <span class='ocrx_word' id='word_1_324' title='bbox 3665 1953 3787 1992; x_wconf 85' lang='lat' dir='ltr'><strong>cum</strong></span> 
     </span>
    </p>
   </div>
   <div class='ocr_carea' id='block_1_48' title="bbox 2211 2031 3788 2095">
    <p class='ocr_par' dir='ltr' id='par_1_48' title="bbox 2211 2031 3788 2095">
     <span class='ocr_line' id='line_1_48' title="bbox 2211 2031 3788 2095; baseline -0.005 -7"><span class='ocrx_word' id='word_1_325' title='bbox 2211 2033 2382 2088; x_wconf 86' lang='lat' dir='ltr'><strong>Paulo</strong></span> <span class='ocrx_word' id='word_1_326' title='bbox 2401 2032 2624 2087; x_wconf 84' lang='lat' dir='ltr'><strong>dicere:</strong></span> <span class='ocrx_word' id='word_1_327' title='bbox 2665 2050 2684 2083; x_wconf 77' lang='grc' dir='ltr'><strong>ι</strong></span> <span class='ocrx_word' id='word_1_328' title='bbox 2711 2032 2919 2085; x_wconf 83' lang='lat' dir='ltr'><strong>Bonum</strong></span> <span class='ocrx_word' id='word_1_329' title='bbox 2952 2040 3235 2086; x_wconf 87' lang='lat' dir='ltr'><strong>certamen</strong></span> <span class='ocrx_word' id='word_1_330' title='bbox 3283 2031 3511 2095; x_wconf 64' lang='lat' dir='ltr'><strong>ct-rtavi,</strong></span> <span class='ocrx_word' id='word_1_331' title='bbox 3563 2045 3788 2084; x_wconf 81' lang='lat' dir='ltr'><strong>cursum</strong></span> 
     </span>
    </p>
   </div>
   <div class='ocr_carea' id='block_1_49' title="bbox 2211 2122 3791 2192">
    <p class='ocr_par' dir='ltr' id='par_1_49' title="bbox 2211 2122 3791 2192">
     <span class='ocr_line' id='line_1_49' title="bbox 2211 2122 3791 2192; baseline -0.004 -12"><span class='ocrx_word' id='word_1_332' title='bbox 2211 2123 2627 2187; x_wconf 88' lang='lat' dir='ltr'><strong>consummavi,</strong></span> <span class='ocrx_word' id='word_1_333' title='bbox 2660 2123 2822 2177; x_wconf 86' lang='lat' dir='ltr'><strong>fidem</strong></span> <span class='ocrx_word' id='word_1_334' title='bbox 2842 2123 3054 2177; x_wconf 72' lang='lat' dir='ltr'><strong>servavi</strong></span> <span class='ocrx_word' id='word_1_335' title='bbox 3085 2163 3100 2187; x_wconf 93' lang='lat'><strong>,</strong></span> <span class='ocrx_word' id='word_1_336' title='bbox 3154 2131 3378 2192; x_wconf 79' lang='lat' dir='ltr'><strong>propter</strong></span> <span class='ocrx_word' id='word_1_337' title='bbox 3406 2138 3528 2192; x_wconf 78' lang='lat' dir='ltr'><strong>qua:</strong></span> <span class='ocrx_word' id='word_1_338' title='bbox 3555 2122 3791 2191; x_wconf 77' lang='lat' dir='ltr'><strong>reposita</strong></span> 
     </span>
    </p>
   </div>
   <div class='ocr_carea' id='block_1_50' title="bbox 2211 2211 3793 2280">
    <p class='ocr_par' dir='ltr' id='par_1_50' title="bbox 2211 2211 3793 2280">
     <span class='ocr_line' id='line_1_50' title="bbox 2211 2211 3793 2280; baseline -0.003 -11"><span class='ocrx_word' id='word_1_339' title='bbox 2211 2221 2297 2269; x_wconf 86' lang='lat' dir='ltr'><strong>est:</strong></span> <span class='ocrx_word' id='word_1_340' title='bbox 2330 2211 2465 2267; x_wconf 89' lang='lat' dir='ltr'><strong>mihi</strong></span> <span class='ocrx_word' id='word_1_341' title='bbox 2491 2211 2935 2280; x_wconf 67' lang='lat' dir='ltr'><strong>coronajustitite</strong></span> <span class='ocrx_word' id='word_1_342' title='bbox 2968 2212 3010 2266; x_wconf 73' lang='grc'><strong>⁸.</strong></span> <span class='ocrx_word' id='word_1_343' title='bbox 3038 2231 3056 2263; x_wconf 75' lang='grc' dir='ltr'><strong>ι</strong></span> <span class='ocrx_word' id='word_1_344' title='bbox 3088 2213 3474 2267; x_wconf 80' lang='lat' dir='ltr'><strong>Verumtamen</strong></span> <span class='ocrx_word' id='word_1_345' title='bbox 3525 2213 3613 2267; x_wconf 89' lang='lat' dir='ltr'><strong>his</strong></span> <span class='ocrx_word' id='word_1_346' title='bbox 3648 2227 3793 2266; x_wconf 84' lang='lat' dir='ltr'><strong>nunc</strong></span> 
     </span>
    </p>
   </div>
   <div class='ocr_carea' id='block_1_51' title="bbox 2211 2299 3790 2373">
    <p class='ocr_par' dir='ltr' id='par_1_51' title="bbox 2211 2299 3790 2373">
     <span class='ocr_line' id='line_1_51' title="bbox 2211 2299 3790 2373; baseline -0.004 -16"><span class='ocrx_word' id='word_1_347' title='bbox 2211 2318 2557 2373; x_wconf 87' lang='lat' dir='ltr'><strong>consequens</strong></span> <span class='ocrx_word' id='word_1_348' title='bbox 2582 2316 2704 2357; x_wconf 85' lang='lat' dir='ltr'><strong>esse</strong></span> <span class='ocrx_word' id='word_1_349' title='bbox 2738 2302 2934 2370; x_wconf 90' lang='lat' dir='ltr'><strong>opinor</strong></span> <span class='ocrx_word' id='word_1_350' title='bbox 2982 2301 3317 2357; x_wconf 87' lang='lat' dir='ltr'><strong>mentionem</strong></span> <span class='ocrx_word' id='word_1_351' title='bbox 3388 2301 3570 2355; x_wconf 81' lang='lat' dir='ltr'><strong>facere</strong></span> <span class='ocrx_word' id='word_1_352' title='bbox 3620 2299 3790 2363; x_wconf 87' lang='lat' dir='ltr'><strong>unde,</strong></span> 
     </span>
    </p>
   </div>
   <div class='ocr_carea' id='block_1_52' title="bbox 2211 2392 3790 2464">
    <p class='ocr_par' dir='ltr' id='par_1_52' title="bbox 2211 2392 3790 2464">
     <span class='ocr_line' id='line_1_52' title="bbox 2211 2392 3790 2464; baseline -0.003 -15"><span class='ocrx_word' id='word_1_353' title='bbox 2211 2403 2267 2450; x_wconf 91' lang='lat' dir='ltr'><strong>et</strong></span> <span class='ocrx_word' id='word_1_354' title='bbox 2328 2394 2623 2464; x_wconf 90' lang='lat' dir='ltr'><strong>quomodo,</strong></span> <span class='ocrx_word' id='word_1_355' title='bbox 2683 2393 2956 2462; x_wconf 55' lang='lat' dir='ltr'><strong>quibttsse</strong></span> <span class='ocrx_word' id='word_1_356' title='bbox 3016 2406 3150 2447; x_wconf 88' lang='lat' dir='ltr'><strong>sane</strong></span> <span class='ocrx_word' id='word_1_357' title='bbox 3208 2392 3550 2462; x_wconf 78' lang='lat' dir='ltr'><strong>temporibus</strong></span> <span class='ocrx_word' id='word_1_358' title='bbox 3621 2406 3790 2445; x_wconf 72' lang='lat' dir='ltr'><strong>sacra:</strong></span> 
     </span>
    </p>
   </div>
   <div class='ocr_carea' id='block_1_53' title="bbox 2212 2484 3789 2555">
    <p class='ocr_par' dir='ltr' id='par_1_53' title="bbox 2212 2484 3789 2555">
     <span class='ocr_line' id='line_1_53' title="bbox 2212 2484 3789 2555; baseline -0.004 -13"><span class='ocrx_word' id='word_1_359' title='bbox 2212 2486 2378 2555; x_wconf 87' lang='lat' dir='ltr'><strong>hujus</strong></span> <span class='ocrx_word' id='word_1_360' title='bbox 2399 2485 2642 2555; x_wconf 66' lang='lat' dir='ltr'><strong>reliquiae</strong></span> <span class='ocrx_word' id='word_1_361' title='bbox 2667 2500 2734 2540; x_wconf 79' lang='lat' dir='ltr'><strong>ex</strong></span> <span class='ocrx_word' id='word_1_362' title='bbox 2780 2484 3005 2550; x_wconf 82' lang='lat' dir='ltr'><strong>Achaia,</strong></span> <span class='ocrx_word' id='word_1_363' title='bbox 3077 2484 3248 2540; x_wconf 86' lang='lat' dir='ltr'><strong>veluti</strong></span> <span class='ocrx_word' id='word_1_364' title='bbox 3290 2484 3508 2539; x_wconf 69' lang='lat' dir='ltr'><strong>divinus</strong></span> <span class='ocrx_word' id='word_1_365' title='bbox 3567 2484 3789 2555; x_wconf 85' lang='lat' dir='ltr'><strong>quidam</strong></span> 
     </span>
    </p>
   </div>
   <div class='ocr_carea' id='block_1_54' title="bbox 2212 2575 3789 2648">
    <p class='ocr_par' dir='ltr' id='par_1_54' title="bbox 2212 2575 3789 2648">
     <span class='ocr_line' id='line_1_54' title="bbox 2212 2575 3789 2648; baseline -0.003 -16"><span class='ocrx_word' id='word_1_366' title='bbox 2212 2581 2503 2633; x_wconf 79' lang='lat' dir='ltr'><strong>thesaurus</strong></span> <span class='ocrx_word' id='word_1_367' title='bbox 2543 2586 2834 2646; x_wconf 72' lang='lat' dir='ltr'><strong>reportatae</strong></span> <span class='ocrx_word' id='word_1_368' title='bbox 2865 2577 2998 2640; x_wconf 87' lang='lat' dir='ltr'><strong>sint,</strong></span> <span class='ocrx_word' id='word_1_369' title='bbox 3035 2576 3267 2632; x_wconf 80' lang='lat' dir='ltr'><strong>etelara:</strong></span> <span class='ocrx_word' id='word_1_370' title='bbox 3294 2592 3358 2632; x_wconf 89' lang='lat' dir='ltr'><strong>ac</strong></span> <span class='ocrx_word' id='word_1_371' title='bbox 3388 2578 3549 2648; x_wconf 73' lang='lat' dir='ltr'><strong>regiae</strong></span> <span class='ocrx_word' id='word_1_372' title='bbox 3583 2575 3789 2630; x_wconf 73' lang='lat' dir='ltr'><strong>civitati</strong></span> 
     </span>
    </p>
   </div>
   <div class='ocr_carea' id='block_1_55' title="bbox 2212 2664 2458 2720">
    <p class='ocr_par' dir='ltr' id='par_1_55' title="bbox 2212 2664 2458 2720">
     <span class='ocr_line' id='line_1_55' title="bbox 2212 2664 2458 2720; baseline 0.004 -1"><span class='ocrx_word' id='word_1_373' title='bbox 2212 2664 2458 2720; x_wconf 62' lang='lat' dir='ltr'><strong>redditae.</strong></span> 
     </span>
    </p>
   </div>
   <div class='ocr_carea' id='block_1_56' title="bbox 2285 2777 3793 2850">
    <p class='ocr_par' dir='ltr' id='par_1_56' title="bbox 2285 2777 3793 2850">
     <span class='ocr_line' id='line_1_56' title="bbox 2285 2777 3793 2850; baseline -0.001 -16"><span class='ocrx_word' id='word_1_374' title='bbox 2285 2778 2352 2836; x_wconf 76' lang='grc' dir='ltr'><strong>Χ.</strong></span> <span class='ocrx_word' id='word_1_375' title='bbox 2388 2778 2684 2836; x_wconf 81' lang='lat' dir='ltr'><strong>Transibat</strong></span> <span class='ocrx_word' id='word_1_376' title='bbox 2705 2779 2981 2850; x_wconf 88' lang='lat' dir='ltr'><strong>quondam</strong></span> <span class='ocrx_word' id='word_1_377' title='bbox 3012 2796 3041 2835; x_wconf 88' lang='lat' dir='ltr'><strong>a</strong></span> <span class='ocrx_word' id='word_1_378' title='bbox 3075 2779 3278 2834; x_wconf 87' lang='lat' dir='ltr'><strong>Sirmio</strong></span> <span class='ocrx_word' id='word_1_379' title='bbox 3306 2779 3375 2835; x_wconf 88' lang='lat' dir='ltr'><strong>ad</strong></span> <span class='ocrx_word' id='word_1_380' title='bbox 3402 2779 3598 2834; x_wconf 87' lang='lat' dir='ltr'><strong>Istrum</strong></span> <span class='ocrx_word' id='word_1_381' title='bbox 3648 2777 3793 2833; x_wconf 80' lang='lat' dir='ltr'><strong>Cou-</strong></span> 
     </span>
    </p>
   </div>
   <div class='ocr_carea' id='block_1_57' title="bbox 2214 2870 3788 2944">
    <p class='ocr_par' dir='ltr' id='par_1_57' title="bbox 2214 2870 3788 2944">
     <span class='ocr_line' id='line_1_57' title="bbox 2214 2870 3788 2944; baseline -0.004 -15"><span class='ocrx_word' id='word_1_382' title='bbox 2214 2874 2470 2940; x_wconf 85' lang='lat' dir='ltr'><strong>stantius,</strong></span> <span class='ocrx_word' id='word_1_383' title='bbox 2523 2873 2865 2929; x_wconf 89' lang='lat' dir='ltr'><strong>Constantini</strong></span> <span class='ocrx_word' id='word_1_384' title='bbox 2918 2872 3095 2944; x_wconf 79' lang='lat' dir='ltr'><strong>Magni</strong></span> <span class='ocrx_word' id='word_1_385' title='bbox 3174 2870 3340 2938; x_wconf 79' lang='lat' dir='ltr'><strong>ﬁlius,</strong></span> <span class='ocrx_word' id='word_1_386' title='bbox 3409 2871 3508 2927; x_wconf 86' lang='lat' dir='ltr'><strong>sed</strong></span> <span class='ocrx_word' id='word_1_387' title='bbox 3556 2871 3788 2926; x_wconf 77' lang='lat' dir='ltr'><strong>fratrum</strong></span> 
     </span>
    </p>
   </div>
   <div class='ocr_carea' id='block_1_58' title="bbox 2216 2964 3785 3036">
    <p class='ocr_par' dir='ltr' id='par_1_58' title="bbox 2216 2964 3785 3036">
     <span class='ocr_line' id='line_1_58' title="bbox 2216 2964 3785 3036; baseline -0.006 -12"><span class='ocrx_word' id='word_1_388' title='bbox 2216 2968 2414 3024; x_wconf 87' lang='lat' dir='ltr'><strong>tertius</strong></span> <span class='ocrx_word' id='word_1_389' title='bbox 2445 2988 2460 3034; x_wconf 73' lang='lat'><strong>-,</strong></span> <span class='ocrx_word' id='word_1_390' title='bbox 2493 2976 2656 3036; x_wconf 86' lang='lat' dir='ltr'><strong>atque</strong></span> <span class='ocrx_word' id='word_1_391' title='bbox 2684 2966 2751 3021; x_wconf 87' lang='lat' dir='ltr'><strong>ad</strong></span> <span class='ocrx_word' id='word_1_392' title='bbox 2785 2967 2927 3022; x_wconf 87' lang='lat' dir='ltr'><strong>hanc</strong></span> <span class='ocrx_word' id='word_1_393' title='bbox 2951 2966 3075 3021; x_wconf 88' lang='lat' dir='ltr'><strong>lstri</strong></span> <span class='ocrx_word' id='word_1_394' title='bbox 3112 2966 3287 3036; x_wconf 88' lang='lat' dir='ltr'><strong>ripam</strong></span> <span class='ocrx_word' id='word_1_395' title='bbox 3317 2979 3427 3020; x_wconf 89' lang='lat' dir='ltr'><strong>non</strong></span> <span class='ocrx_word' id='word_1_396' title='bbox 3460 2964 3621 3035; x_wconf 75' lang='lat' dir='ltr'><strong>longo</strong></span> <span class='ocrx_word' id='word_1_397' title='bbox 3653 2971 3785 3017; x_wconf 82' lang='lat' dir='ltr'><strong>tem-</strong></span> 
     </span>
    </p>
   </div>
   <div class='ocr_carea' id='block_1_59' title="bbox 2214 3055 3791 3132">
    <p class='ocr_par' dir='ltr' id='par_1_59' title="bbox 2214 3055 3791 3132">
     <span class='ocr_line' id='line_1_59' title="bbox 2214 3055 3791 3132; baseline -0.003 -18"><span class='ocrx_word' id='word_1_398' title='bbox 2214 3066 2349 3132; x_wconf 79' lang='lat' dir='ltr'><strong>por‘e</strong></span> <span class='ocrx_word' id='word_1_399' title='bbox 2407 3067 2848 3123; x_wconf 83' lang='lat' dir='ltr'><strong>castrametatus,</strong></span> <span class='ocrx_word' id='word_1_400' title='bbox 2903 3057 3117 3114; x_wconf 85' lang='lat' dir='ltr'><strong>audivit</strong></span> <span class='ocrx_word' id='word_1_401' title='bbox 3169 3057 3441 3112; x_wconf 83' lang='lat' dir='ltr'><strong>Barbaros</strong></span> <span class='ocrx_word' id='word_1_402' title='bbox 3498 3055 3592 3126; x_wconf 90' lang='lat' dir='ltr'><strong>qui</strong></span> <span class='ocrx_word' id='word_1_403' title='bbox 3650 3055 3791 3112; x_wconf 73' lang='lat' dir='ltr'><strong>ultra</strong></span> 
     </span>
    </p>
   </div>
   <div class='ocr_carea' id='block_1_60' title="bbox 2215 3146 3791 3218">
    <p class='ocr_par' dir='ltr' id='par_1_60' title="bbox 2215 3146 3791 3218">
     <span class='ocr_line' id='line_1_60' title="bbox 2215 3146 3791 3218; baseline -0.005 -9"><span class='ocrx_word' id='word_1_404' title='bbox 2215 3155 2414 3210; x_wconf 89' lang='lat' dir='ltr'><strong>Istrum</strong></span> <span class='ocrx_word' id='word_1_405' title='bbox 2450 3161 2611 3208; x_wconf 89' lang='lat' dir='ltr'><strong>erant</strong></span> <span class='ocrx_word' id='word_1_406' title='bbox 2640 3149 2994 3206; x_wconf 80' lang='lat' dir='ltr'><strong>conﬂicturos</strong></span> <span class='ocrx_word' id='word_1_407' title='bbox 3018 3166 3142 3206; x_wconf 85' lang='lat' dir='ltr'><strong>curn</strong></span> <span class='ocrx_word' id='word_1_408' title='bbox 3183 3147 3558 3205; x_wconf 76' lang='lat' dir='ltr'><strong>Romanorum</strong></span> <span class='ocrx_word' id='word_1_409' title='bbox 3584 3146 3791 3218; x_wconf 82' lang='lat' dir='ltr'><strong>princi-</strong></span> 
     </span>
    </p>
   </div>
   <div class='ocr_carea' id='block_1_61' title="bbox 532 3222 2111 3318">
    <p class='ocr_par' dir='ltr' id='par_1_61' title="bbox 532 3222 2109 3318">
     <span class='ocr_line' id='line_1_61' title="bbox 532 3222 2109 3318; baseline 0.022 -49"><span class='ocrx_word' id='word_1_410' title='bbox 532 3237 657 3318; x_wconf 64' lang='lat' dir='ltr'><strong>ppo;</strong></span> <span class='ocrx_word' id='word_1_411' title='bbox 728 3222 947 3293; x_wconf 77' lang='grc' dir='ltr'>μέλλειν</span> <span class='ocrx_word' id='word_1_412' title='bbox 999 3227 1422 3299; x_wconf 70' lang='grc' dir='ltr'>ἐπιστρατεύειν</span> <span class='ocrx_word' id='word_1_413' title='bbox 1473 3238 1539 3306; x_wconf 82' lang='grc' dir='ltr'>τῇ</span> <span class='ocrx_word' id='word_1_414' title='bbox 1589 3239 1881 3310; x_wconf 85' lang='grc' dir='ltr'>Ῥωμαίων</span> <span class='ocrx_word' id='word_1_415' title='bbox 1943 3222 2109 3318; x_wconf 81' lang='grc' dir='ltr'>ἀρχῇ.</span> 
     </span>
    </p>
   </div>
   <div class='ocr_carea' id='block_1_62' title="bbox 2213 3222 3789 3318">
    <p class='ocr_par' dir='ltr' id='par_1_62' title="bbox 2217 3238 3789 3317">
     <span class='ocr_line' id='line_1_62' title="bbox 2217 3238 3789 3317; baseline -0.007 -15"><span class='ocrx_word' id='word_1_416' title='bbox 2217 3255 2347 3317; x_wconf 88' lang='lat' dir='ltr'><strong>patu</strong></span> <span class='ocrx_word' id='word_1_417' title='bbox 2374 3263 2387 3299; x_wconf 92' lang='lat'><strong>:</strong></span> <span class='ocrx_word' id='word_1_418' title='bbox 2420 3253 2477 3300; x_wconf 90' lang='lat' dir='ltr'><strong>et</strong></span> <span class='ocrx_word' id='word_1_419' title='bbox 2506 3244 2623 3315; x_wconf 88' lang='lat' dir='ltr'><strong>ipse</strong></span> <span class='ocrx_word' id='word_1_420' title='bbox 2654 3242 2955 3299; x_wconf 89' lang='lat' dir='ltr'><strong>formidans</strong></span> <span class='ocrx_word' id='word_1_421' title='bbox 2983 3257 3051 3297; x_wconf 92' lang='lat' dir='ltr'><strong>ne</strong></span> <span class='ocrx_word' id='word_1_422' title='bbox 3073 3242 3201 3313; x_wconf 87' lang='lat' dir='ltr'><strong>quid</strong></span> <span class='ocrx_word' id='word_1_423' title='bbox 3220 3240 3348 3313; x_wconf 87' lang='lat' dir='ltr'><strong>mali</strong></span> <span class='ocrx_word' id='word_1_424' title='bbox 3376 3242 3430 3294; x_wconf 91' lang='lat' dir='ltr'><strong>in</strong></span> <span class='ocrx_word' id='word_1_425' title='bbox 3457 3254 3559 3295; x_wconf 89' lang='lat' dir='ltr'><strong>suo</strong></span> <span class='ocrx_word' id='word_1_426' title='bbox 3586 3238 3789 3308; x_wconf 84' lang='lat' dir='ltr'><strong>princi-</strong></span> 
     </span>
    </p>
   </div>
   <div class='ocr_carea' id='block_1_63' title="bbox 532 3314 2110 3409">
    <p class='ocr_par' dir='ltr' id='par_1_63' title="bbox 532 3314 2110 3409">
     <span class='ocr_line' id='line_1_63' title="bbox 532 3314 2110 3409; baseline 0.02 -44"><span class='ocrx_word' id='word_1_427' title='bbox 532 3314 643 3409; x_wconf 44' lang='grc' dir='ltr'><strong>βα)</strong></span> <span class='ocrx_word' id='word_1_428' title='bbox 694 3317 724 3368; x_wconf 84' lang='grc' dir='ltr'><strong>ό</strong></span> <span class='ocrx_word' id='word_1_429' title='bbox 765 3317 868 3388; x_wconf 75' lang='grc' dir='ltr'>μὲν</span> <span class='ocrx_word' id='word_1_430' title='bbox 929 3319 1253 3393; x_wconf 79' lang='grc' dir='ltr'>ὑποπτήξας</span> <span class='ocrx_word' id='word_1_431' title='bbox 1314 3328 1386 3399; x_wconf 82' lang='grc' dir='ltr'>μή</span> <span class='ocrx_word' id='word_1_432' title='bbox 1427 3345 1480 3383; x_wconf 90' lang='grc' dir='ltr'><strong>τι</strong></span> <span class='ocrx_word' id='word_1_433' title='bbox 1520 3332 1690 3387; x_wconf 72' lang='grc' dir='ltr'>κακὸν</span> <span class='ocrx_word' id='word_1_434' title='bbox 1728 3337 1786 3390; x_wconf 73' lang='grc' dir='ltr'>ἐν</span> <span class='ocrx_word' id='word_1_435' title='bbox 1831 3340 1898 3409; x_wconf 82' lang='grc' dir='ltr'>τῇ</span> <span class='ocrx_word' id='word_1_436' title='bbox 1941 3314 2110 3395; x_wconf 30' lang='grc' dir='ltr'>αύτνοῦ</span> 
     </span>
    </p>
   </div>
   <div class='ocr_carea' id='block_1_64' title="bbox 529 3404 2112 3494">
    <p class='ocr_par' dir='ltr' id='par_1_64' title="bbox 529 3404 2112 3494">
     <span class='ocr_line' id='line_1_64' title="bbox 529 3404 2112 3494; baseline 0.02 -37"><span class='ocrx_word' id='word_1_437' title='bbox 529 3404 796 3474; x_wconf 83' lang='grc' dir='ltr'>δράσωσι,</span> <span class='ocrx_word' id='word_1_438' title='bbox 823 3411 962 3480; x_wconf 70' lang='grc' dir='ltr'>πρὸς</span> <span class='ocrx_word' id='word_1_439' title='bbox 998 3412 1096 3484; x_wconf 79' lang='grc' dir='ltr'>τὴν</span> <span class='ocrx_word' id='word_1_440' title='bbox 1140 3415 1365 3489; x_wconf 78' lang='grc' dir='ltr'>Θρᾴκην</span> <span class='ocrx_word' id='word_1_441' title='bbox 1388 3420 1550 3486; x_wconf 80' lang='grc' dir='ltr'>εὐθὺς</span> <span class='ocrx_word' id='word_1_442' title='bbox 1578 3425 1674 3478; x_wconf 82' lang='grc' dir='ltr'>καὶ</span> <span class='ocrx_word' id='word_1_443' title='bbox 1710 3427 1772 3480; x_wconf 81' lang='grc' dir='ltr'><strong>τὸ</strong></span> <span class='ocrx_word' id='word_1_444' title='bbox 1816 3404 2112 3494; x_wconf 27' lang='grc' dir='ltr'>Βυνζάντιον</span> 
     </span>
    </p>
   </div>
   <div class='ocr_carea' id='block_1_65' title="bbox 531 3501 2112 3592">
    <p class='ocr_par' dir='ltr' id='par_1_65' title="bbox 531 3501 2112 3592">
     <span class='ocr_line' id='line_1_65' title="bbox 531 3501 2112 3592; baseline 0.02 -41"><span class='ocrx_word' id='word_1_445' title='bbox 531 3501 789 3571; x_wconf 60' lang='grc' dir='ltr'>ἤλαυνεν.</span> <span class='ocrx_word' id='word_1_446' title='bbox 820 3504 909 3558; x_wconf 83' lang='grc' dir='ltr'>Ἐν</span> <span class='ocrx_word' id='word_1_447' title='bbox 945 3506 1189 3580; x_wconf 85' lang='grc' dir='ltr'>Ὀδρυσῷ</span> <span class='ocrx_word' id='word_1_448' title='bbox 1242 3510 1299 3564; x_wconf 80' lang='grc' dir='ltr'>δὲ</span> <span class='ocrx_word' id='word_1_449' title='bbox 1328 3513 1516 3584; x_wconf 88' lang='grc' dir='ltr'>χωρίῳ</span> <span class='ocrx_word' id='word_1_450' title='bbox 1549 3518 1935 3592; x_wconf 80' lang='grc' dir='ltr'>καταλαϐόντι,</span> <span class='ocrx_word' id='word_1_451' title='bbox 1983 3524 2112 3581; x_wconf 70' lang='grc' dir='ltr'>ἔνθα</span> 
     </span>
    </p>
   </div>
   <div class='ocr_carea' id='block_1_66' title="bbox 534 3598 2113 3690">
    <p class='ocr_par' dir='ltr' id='par_1_66' title="bbox 534 3598 2113 3690">
     <span class='ocr_line' id='line_1_66' title="bbox 534 3598 2113 3690; baseline 0.013 -37"><span class='ocrx_word' id='word_1_452' title='bbox 534 3598 692 3653; x_wconf 82' lang='grc' dir='ltr'>πόλιν</span> <span class='ocrx_word' id='word_1_453' title='bbox 753 3600 1034 3670; x_wconf 74' lang='grc' dir='ltr'>Ἀδριανὸς</span> <span class='ocrx_word' id='word_1_454' title='bbox 1072 3607 1101 3659; x_wconf 88' lang='grc' dir='ltr'><strong><em>ὁ</em></strong></span> <span class='ocrx_word' id='word_1_455' title='bbox 1162 3605 1453 3676; x_wconf 82' lang='grc' dir='ltr'>Ῥωμαίων</span> <span class='ocrx_word' id='word_1_456' title='bbox 1499 3609 1757 3680; x_wconf 83' lang='grc' dir='ltr'>βασιλεὺς</span> <span class='ocrx_word' id='word_1_457' title='bbox 1795 3615 2113 3690; x_wconf 77' lang='grc' dir='ltr'>ἀναστήσας</span> 
     </span>
    </p>
   </div>
   <div class='ocr_carea' id='block_1_67' title="bbox 532 3693 2112 3779">
    <p class='ocr_par' dir='ltr' id='par_1_67' title="bbox 532 3693 2112 3779">
     <span class='ocr_line' id='line_1_67' title="bbox 532 3693 2112 3779; baseline 0.015 -35"><span class='ocrx_word' id='word_1_458' title='bbox 532 3693 632 3763; x_wconf 74' lang='grc' dir='ltr'><strong>τὴν</strong></span> <span class='ocrx_word' id='word_1_459' title='bbox 662 3693 860 3750; x_wconf 70' lang='grc' dir='ltr'>ἑαυτοῦ</span> <span class='ocrx_word' id='word_1_460' title='bbox 889 3700 1268 3769; x_wconf 82' lang='grc' dir='ltr'>προσηγορίαν</span> <span class='ocrx_word' id='word_1_461' title='bbox 1298 3702 1378 3773; x_wconf 83' lang='grc' dir='ltr'><strong>τῷ</strong></span> <span class='ocrx_word' id='word_1_462' title='bbox 1399 3702 1553 3775; x_wconf 83' lang='grc' dir='ltr'>τόπῳ</span> <span class='ocrx_word' id='word_1_463' title='bbox 1603 3705 1827 3769; x_wconf 85' lang='grc' dir='ltr'>δέδωκε.</span> <span class='ocrx_word' id='word_1_464' title='bbox 1854 3712 2112 3779; x_wconf 88' lang='grc' dir='ltr'>πρόσεισί</span> 
     </span>
    </p>
   </div>
   <div class='ocr_carea' id='block_1_68' title="bbox 529 3787 2115 3876">
    <p class='ocr_par' dir='ltr' id='par_1_68' title="bbox 529 3787 2115 3876">
     <span class='ocr_line' id='line_1_68' title="bbox 529 3787 2115 3876; baseline 0.013 -37"><span class='ocrx_word' id='word_1_465' title='bbox 529 3802 615 3851; x_wconf 86' lang='grc' dir='ltr'><strong>τις</strong></span> <span class='ocrx_word' id='word_1_466' title='bbox 645 3787 754 3842; x_wconf 86' lang='grc' dir='ltr'><strong>τῶν</strong></span> <span class='ocrx_word' id='word_1_467' title='bbox 787 3790 1109 3846; x_wconf 82' lang='grc' dir='ltr'>ἐπισκόπων</span> <span class='ocrx_word' id='word_1_468' title='bbox 1145 3791 1222 3858; x_wconf 85' lang='grc' dir='ltr'>ὥς</span> <span class='ocrx_word' id='word_1_469' title='bbox 1251 3810 1302 3847; x_wconf 88' lang='grc' dir='ltr'><strong>τι</strong></span> <span class='ocrx_word' id='word_1_470' title='bbox 1327 3796 1574 3865; x_wconf 80' lang='grc' dir='ltr'>κομίζων</span> <span class='ocrx_word' id='word_1_471' title='bbox 1612 3798 1787 3870; x_wconf 88' lang='grc' dir='ltr'>δῶρον</span> <span class='ocrx_word' id='word_1_472' title='bbox 1822 3802 1975 3874; x_wconf 87' lang='grc' dir='ltr'><strong>αὑτῴ</strong></span> <span class='ocrx_word' id='word_1_473' title='bbox 2017 3824 2115 3876; x_wconf 85' lang='grc' dir='ltr'><strong>χα-</strong></span> 
     </span>
    </p>
   </div>
   <div class='ocr_carea' id='block_1_69' title="bbox 531 3879 2111 3967">
    <p class='ocr_par' dir='ltr' id='par_1_69' title="bbox 531 3879 2111 3967">
     <span class='ocr_line' id='line_1_69' title="bbox 531 3879 2111 3967; baseline 0.012 -37"><span class='ocrx_word' id='word_1_474' title='bbox 531 3879 842 3949; x_wconf 77' lang='grc' dir='ltr'>ριέστατον,</span> <span class='ocrx_word' id='word_1_475' title='bbox 886 3884 994 3936; x_wconf 87' lang='grc' dir='ltr'><strong>τῶν</strong></span> <span class='ocrx_word' id='word_1_476' title='bbox 1054 3884 1151 3938; x_wconf 89' lang='grc' dir='ltr'><strong>τοῦ</strong></span> <span class='ocrx_word' id='word_1_477' title='bbox 1226 3887 1468 3958; x_wconf 82' lang='grc' dir='ltr'>Χριστοῦ</span> <span class='ocrx_word' id='word_1_478' title='bbox 1526 3891 1787 3959; x_wconf 84' lang='grc' dir='ltr'>μαθητῶν</span> <span class='ocrx_word' id='word_1_479' title='bbox 1857 3893 2111 3967; x_wconf 80' lang='grc' dir='ltr'>Ἀνδρέου</span> 
     </span>
    </p>
   </div>
   <div class='ocr_carea' id='block_1_70' title="bbox 533 3973 2110 4056">
    <p class='ocr_par' dir='ltr' id='par_1_70' title="bbox 533 3973 2110 4056">
     <span class='ocr_line' id='line_1_70' title="bbox 533 3973 2110 4056; baseline 0.012 -32"><span class='ocrx_word' id='word_1_480' title='bbox 533 3973 628 4026; x_wconf 80' lang='grc' dir='ltr'>καὶ</span> <span class='ocrx_word' id='word_1_481' title='bbox 662 3973 850 4030; x_wconf 83' lang='grc' dir='ltr'>Λουκᾶ</span> <span class='ocrx_word' id='word_1_482' title='bbox 886 3978 947 4031; x_wconf 86' lang='grc' dir='ltr'>ὲν</span> <span class='ocrx_word' id='word_1_483' title='bbox 998 3976 1192 4050; x_wconf 65' lang='grc' dir='ltr'>’Ᾱχαῖᾳ</span> <span class='ocrx_word' id='word_1_484' title='bbox 1220 3980 1488 4051; x_wconf 78' lang='grc' dir='ltr'>τετάφθαι</span> <span class='ocrx_word' id='word_1_485' title='bbox 1516 3982 1740 4054; x_wconf 86' lang='grc' dir='ltr'>μηνύων</span> <span class='ocrx_word' id='word_1_486' title='bbox 1761 3985 1829 4039; x_wconf 65' lang='grc' dir='ltr'>τὰ</span> <span class='ocrx_word' id='word_1_487' title='bbox 1858 3986 2110 4056; x_wconf 82' lang='grc' dir='ltr'>σώματα.</span> 
     </span>
    </p>
   </div>
   <div class='ocr_carea' id='block_1_71' title="bbox 544 4063 2116 4148">
    <p class='ocr_par' dir='ltr' id='par_1_71' title="bbox 544 4063 2116 4148">
     <span class='ocr_line' id='line_1_71' title="bbox 544 4063 2116 4148; baseline 0.013 -33"><span class='ocrx_word' id='word_1_488' title='bbox 544 4064 605 4115; x_wconf 86' lang='grc' dir='ltr'>ὐ</span> <span class='ocrx_word' id='word_1_489' title='bbox 656 4063 714 4117; x_wconf 84' lang='grc' dir='ltr'>δὲ</span> <span class='ocrx_word' id='word_1_490' title='bbox 763 4065 907 4137; x_wconf 75' lang='grc' dir='ltr'>ἥσθη</span> <span class='ocrx_word' id='word_1_491' title='bbox 942 4085 1003 4122; x_wconf 90' lang='grc' dir='ltr'><strong>τε</strong></span> <span class='ocrx_word' id='word_1_492' title='bbox 1038 4069 1103 4140; x_wconf 80' lang='grc' dir='ltr'><strong>τῇ</strong></span> <span class='ocrx_word' id='word_1_493' title='bbox 1136 4069 1393 4142; x_wconf 75' lang='grc' dir='ltr'>ἀγγελίᾳ,</span> <span class='ocrx_word' id='word_1_494' title='bbox 1418 4072 1513 4125; x_wconf 76' lang='grc' dir='ltr'>καὶ</span> <span class='ocrx_word' id='word_1_495' title='bbox 1565 4074 1854 4144; x_wconf 85' lang='grc' dir='ltr'>Ἀρτέμιον</span> <span class='ocrx_word' id='word_1_496' title='bbox 1883 4072 1928 4146; x_wconf 84' lang='grc' dir='ltr'><strong>ᾦ</strong></span> <span class='ocrx_word' id='word_1_497' title='bbox 1969 4079 2116 4148; x_wconf 82' lang='grc' dir='ltr'>μάλα</span> 
     </span>
    </p>
   </div>
   <div class='ocr_carea' id='block_1_72' title="bbox 532 4160 2167 4244">
    <p class='ocr_par' dir='ltr' id='par_1_72' title="bbox 532 4160 2167 4244">
     <span class='ocr_line' id='line_1_72' title="bbox 532 4160 2167 4244; baseline -0.002 -14"><span class='ocrx_word' id='word_1_498' title='bbox 532 4160 871 4230; x_wconf 60' lang='lat' dir='ltr'><strong>inﬁrma&quot;.</strong></span> <span class='ocrx_word' id='word_1_499' title='bbox 897 4161 960 4215; x_wconf 74' lang='grc' dir='ltr'>δν</span> <span class='ocrx_word' id='word_1_500' title='bbox 998 4162 1097 4233; x_wconf 73' lang='grc' dir='ltr'><strong>τῆς</strong></span> <span class='ocrx_word' id='word_1_501' title='bbox 1133 4164 1271 4234; x_wconf 71' lang='grc' dir='ltr'>πρὸς</span> <span class='ocrx_word' id='word_1_502' title='bbox 1328 4165 1568 4235; x_wconf 77' lang='grc' dir='ltr'>Χριστὸν</span> <span class='ocrx_word' id='word_1_503' title='bbox 1597 4168 1819 4239; x_wconf 79' lang='grc' dir='ltr'>ἀγάπης</span> <span class='ocrx_word' id='word_1_504' title='bbox 1857 4170 1973 4244; x_wconf 71' lang='grc' dir='ltr'>ᾔδει</span> <span class='ocrx_word' id='word_1_505' title='bbox 2003 4172 2118 4227; x_wconf 74' lang='grc' dir='ltr'>διά·</span> <span class='ocrx_word' id='word_1_506' title='bbox 2164 4160 2167 4163; x_wconf 62' lang='grc'><em>’</em></span> 
     </span>
    </p>
   </div>
   <div class='ocr_carea' id='block_1_73' title="bbox 534 4253 2117 4334">
    <p class='ocr_par' dir='ltr' id='par_1_73' title="bbox 534 4253 2117 4334">
     <span class='ocr_line' id='line_1_73' title="bbox 534 4253 2117 4334; baseline 0.002 -21"><span class='ocrx_word' id='word_1_507' title='bbox 534 4270 704 4324; x_wconf 83' lang='grc' dir='ltr'>πυρον</span> <span class='ocrx_word' id='word_1_508' title='bbox 735 4253 970 4325; x_wconf 82' lang='grc' dir='ltr'>ἐραστὴν</span> <span class='ocrx_word' id='word_1_509' title='bbox 1005 4255 1303 4325; x_wconf 79' lang='grc' dir='ltr'>(μαρτυρεῖ</span> <span class='ocrx_word' id='word_1_510' title='bbox 1333 4255 1423 4310; x_wconf 75' lang='grc' dir='ltr'><strong>τὸν</strong></span> <span class='ocrx_word' id='word_1_511' title='bbox 1460 4255 1648 4312; x_wconf 80' lang='grc' dir='ltr'>ἔνθεον</span> <span class='ocrx_word' id='word_1_512' title='bbox 1692 4260 1886 4315; x_wconf 86' lang='grc' dir='ltr'>τούτου</span> <span class='ocrx_word' id='word_1_513' title='bbox 1937 4263 2117 4334; x_wconf 81' lang='grc' dir='ltr'>ἔρωτα</span> 
     </span>
    </p>
   </div>
   <div class='ocr_carea' id='block_1_74' title="bbox 529 4342 2115 4425">
    <p class='ocr_par' dir='ltr' id='par_1_74' title="bbox 529 4342 2115 4425">
     <span class='ocr_line' id='line_1_74' title="bbox 529 4342 2115 4425; baseline 0.008 -29"><span class='ocrx_word' id='word_1_514' title='bbox 529 4342 611 4412; x_wconf 79' lang='grc' dir='ltr'>τῷ</span> <span class='ocrx_word' id='word_1_515' title='bbox 643 4343 820 4413; x_wconf 75' lang='grc' dir='ltr'>ἀνδρὶ,</span> <span class='ocrx_word' id='word_1_516' title='bbox 848 4345 877 4396; x_wconf 83' lang='grc' dir='ltr'>ὁ</span> <span class='ocrx_word' id='word_1_517' title='bbox 918 4343 1009 4394; x_wconf 72' lang='grc' dir='ltr'>ἐπὶ</span> <span class='ocrx_word' id='word_1_518' title='bbox 1039 4343 1149 4397; x_wconf 80' lang='grc' dir='ltr'><strong>τῶν</strong></span> <span class='ocrx_word' id='word_1_519' title='bbox 1173 4345 1383 4414; x_wconf 81' lang='grc' dir='ltr'>καιρῶν</span> <span class='ocrx_word' id='word_1_520' title='bbox 1439 4347 1727 4405; x_wconf 79' lang='grc' dir='ltr'>’ῐουλιανοῦ</span> <span class='ocrx_word' id='word_1_521' title='bbox 1767 4350 1855 4405; x_wconf 74' lang='grc' dir='ltr'><strong>διὰ</strong></span> <span class='ocrx_word' id='word_1_522' title='bbox 1879 4353 2115 4425; x_wconf 73' lang='grc' dir='ltr'>Χριστὸν</span> 
     </span>
    </p>
   </div>
   <div class='ocr_carea' id='block_1_75' title="bbox 532 4429 2117 4516">
    <p class='ocr_par' dir='ltr' id='par_1_75' title="bbox 532 4429 2117 4516">
     <span class='ocr_line' id='line_1_75' title="bbox 532 4429 2117 4516; baseline 0.006 -26"><span class='ocrx_word' id='word_1_523' title='bbox 532 4429 693 4499; x_wconf 74' lang='grc' dir='ltr'>ἆθλος</span> <span class='ocrx_word' id='word_1_524' title='bbox 716 4436 812 4490; x_wconf 76' lang='grc' dir='ltr'>καὶ</span> <span class='ocrx_word' id='word_1_525' title='bbox 851 4434 1148 4505; x_wconf 78' lang='grc' dir='ltr'>κίνδυνος)’</span> <span class='ocrx_word' id='word_1_526' title='bbox 1177 4435 1367 4491; x_wconf 88' lang='grc' dir='ltr'>τοῦτον</span> <span class='ocrx_word' id='word_1_527' title='bbox 1411 4436 1544 4507; x_wconf 87' lang='grc' dir='ltr'>γοῦν</span> <span class='ocrx_word' id='word_1_528' title='bbox 1583 4439 1675 4494; x_wconf 74' lang='grc' dir='ltr'>τὸν</span> <span class='ocrx_word' id='word_1_529' title='bbox 1721 4441 1866 4497; x_wconf 83' lang='grc' dir='ltr'>οὕτω</span> <span class='ocrx_word' id='word_1_530' title='bbox 1915 4444 2117 4516; x_wconf 82' lang='grc' dir='ltr'>θερμὸν</span> 
     </span>
    </p>
   </div>
   <div class='ocr_carea' id='block_1_76' title="bbox 534 4523 2115 4606">
    <p class='ocr_par' dir='ltr' id='par_1_76' title="bbox 534 4523 2115 4606">
     <span class='ocr_line' id='line_1_76' title="bbox 534 4523 2115 4606; baseline 0.008 -29"><span class='ocrx_word' id='word_1_531' title='bbox 534 4524 675 4596; x_wconf 76' lang='grc' dir='ltr'>ὑπὲρ</span> <span class='ocrx_word' id='word_1_532' title='bbox 703 4523 986 4587; x_wconf 76' lang='grc' dir='ltr'>εὐσεϐείας</span> <span class='ocrx_word' id='word_1_533' title='bbox 1027 4523 1257 4577; x_wconf 85' lang='grc' dir='ltr'>πνέοντα</span> <span class='ocrx_word' id='word_1_534' title='bbox 1287 4526 1441 4595; x_wconf 82' lang='grc' dir='ltr'>φίλον</span> <span class='ocrx_word' id='word_1_535' title='bbox 1504 4529 1794 4600; x_wconf 84' lang='grc' dir='ltr'>Ἀρτέμιον</span> <span class='ocrx_word' id='word_1_536' title='bbox 1836 4533 1972 4605; x_wconf 75' lang='grc' dir='ltr'>πρὸς</span> <span class='ocrx_word' id='word_1_537' title='bbox 2012 4536 2115 4606; x_wconf 82' lang='grc' dir='ltr'>τὴν</span> 
     </span>
    </p>
   </div>
   <div class='ocr_carea' id='block_1_77' title="bbox 531 4617 2107 4696">
    <p class='ocr_par' dir='ltr' id='par_1_77' title="bbox 531 4617 2107 4696">
     <span class='ocr_line' id='line_1_77' title="bbox 531 4617 2107 4696; baseline 0.007 -25"><span class='ocrx_word' id='word_1_538' title='bbox 531 4617 639 4672; x_wconf 85' lang='grc' dir='ltr'><strong>τῶν</strong></span> <span class='ocrx_word' id='word_1_539' title='bbox 673 4617 890 4671; x_wconf 82' lang='grc' dir='ltr'>σεπτῶν</span> <span class='ocrx_word' id='word_1_540' title='bbox 916 4618 1251 4689; x_wconf 79' lang='grc' dir='ltr'>ἀνακομιδὴν</span> <span class='ocrx_word' id='word_1_541' title='bbox 1286 4621 1554 4690; x_wconf 88' lang='grc' dir='ltr'>σωμάτων</span> <span class='ocrx_word' id='word_1_542' title='bbox 1587 4625 1787 4679; x_wconf 86' lang='grc' dir='ltr'>αὐτίκα</span> <span class='ocrx_word' id='word_1_543' title='bbox 1810 4626 2107 4696; x_wconf 75' lang='grc' dir='ltr'>ἐκπέμπει.</span> 
     </span>
    </p>
   </div>
   <div class='ocr_carea' id='block_1_78' title="bbox 532 4700 2113 4780">
    <p class='ocr_par' dir='ltr' id='par_1_78' title="bbox 532 4700 2113 4780">
     <span class='ocr_line' id='line_1_78' title="bbox 532 4700 2113 4780; baseline 0.005 -18"><span class='ocrx_word' id='word_1_544' title='bbox 532 4709 644 4762; x_wconf 69' lang='grc' dir='ltr'><strong>Καὶ</strong></span> <span class='ocrx_word' id='word_1_545' title='bbox 688 4708 798 4779; x_wconf 80' lang='grc' dir='ltr'><strong>γὰρ</strong></span> <span class='ocrx_word' id='word_1_546' title='bbox 830 4707 893 4778; x_wconf 81' lang='grc' dir='ltr'>δὴ</span> <span class='ocrx_word' id='word_1_547' title='bbox 943 4708 1038 4759; x_wconf 76' lang='grc' dir='ltr'>καὶ</span> <span class='ocrx_word' id='word_1_548' title='bbox 1088 4700 1244 4771; x_wconf 77' lang='grc' dir='ltr'>οὗτος</span> <span class='ocrx_word' id='word_1_549' title='bbox 1271 4704 1341 4780; x_wconf 82' lang='grc' dir='ltr'>ἦν</span> <span class='ocrx_word' id='word_1_550' title='bbox 1378 4713 1755 4776; x_wconf 76' lang='grc' dir='ltr'>Κωνστὰντιος</span> <span class='ocrx_word' id='word_1_551' title='bbox 1788 4714 1854 4768; x_wconf 83' lang='grc' dir='ltr'><strong>τά</strong></span> <span class='ocrx_word' id='word_1_552' title='bbox 1885 4732 1943 4769; x_wconf 87' lang='grc' dir='ltr'><strong>τε</strong></span> <span class='ocrx_word' id='word_1_553' title='bbox 1973 4717 2113 4771; x_wconf 83' lang='grc' dir='ltr'>ἄλλα</span> 
     </span>
    </p>
   </div>
   <div class='ocr_carea' id='block_1_79' title="bbox 535 4801 2109 4879">
    <p class='ocr_par' dir='ltr' id='par_1_79' title="bbox 535 4801 2109 4879">
     <span class='ocr_line' id='line_1_79' title="bbox 535 4801 2109 4879; baseline 0.004 -24"><span class='ocrx_word' id='word_1_554' title='bbox 535 4803 777 4874; x_wconf 85' lang='grc' dir='ltr'>μέτριος,</span> <span class='ocrx_word' id='word_1_555' title='bbox 798 4801 888 4855; x_wconf 84' lang='grc' dir='ltr'><strong>τόν</strong></span> <span class='ocrx_word' id='word_1_556' title='bbox 914 4819 971 4854; x_wconf 89' lang='grc' dir='ltr'><strong>τε</strong></span> <span class='ocrx_word' id='word_1_557' title='bbox 993 4801 1194 4871; x_wconf 85' lang='grc' dir='ltr'>τρόπον</span> <span class='ocrx_word' id='word_1_558' title='bbox 1217 4803 1488 4871; x_wconf 72' lang='grc' dir='ltr'>ἐπιεικὴς,</span> <span class='ocrx_word' id='word_1_559' title='bbox 1510 4805 1602 4856; x_wconf 61' lang='grc' dir='ltr'><strong>καὶ</strong></span> <span class='ocrx_word' id='word_1_560' title='bbox 1627 4804 1805 4875; x_wconf 87' lang='grc' dir='ltr'>πολλῷ</span> <span class='ocrx_word' id='word_1_561' title='bbox 1828 4822 1891 4873; x_wconf 88' lang='grc' dir='ltr'><strong>γε</strong></span> <span class='ocrx_word' id='word_1_562' title='bbox 1912 4807 2109 4879; x_wconf 83' lang='grc' dir='ltr'>κομιδῆ</span> 
     </span>
    </p>
   </div>
   <div class='ocr_carea' id='block_1_80' title="bbox 529 4891 2111 4965">
    <p class='ocr_par' dir='ltr' id='par_1_80' title="bbox 529 4891 2111 4965">
     <span class='ocr_line' id='line_1_80' title="bbox 529 4891 2111 4965; baseline 0.002 -18"><span class='ocrx_word' id='word_1_563' title='bbox 529 4893 611 4963; x_wconf 84' lang='grc' dir='ltr'>τῷ</span> <span class='ocrx_word' id='word_1_564' title='bbox 642 4894 772 4964; x_wconf 76' lang='grc' dir='ltr'>περὶ</span> <span class='ocrx_word' id='word_1_565' title='bbox 808 4894 909 4963; x_wconf 76' lang='grc' dir='ltr'>τὴν</span> <span class='ocrx_word' id='word_1_566' title='bbox 946 4893 1054 4946; x_wconf 81' lang='grc' dir='ltr'><strong>τῶν</strong></span> <span class='ocrx_word' id='word_1_567' title='bbox 1096 4891 1403 4962; x_wconf 73' lang='grc' dir='ltr'>ἐκκλησιῶν</span> <span class='ocrx_word' id='word_1_568' title='bbox 1450 4894 1742 4965; x_wconf 78' lang='grc' dir='ltr'>οἰκοδομὴν</span> <span class='ocrx_word' id='word_1_569' title='bbox 1780 4896 1943 4964; x_wconf 80' lang='grc' dir='ltr'>ἔρωτι</span> <span class='ocrx_word' id='word_1_570' title='bbox 1978 4899 2111 4953; x_wconf 88' lang='grc' dir='ltr'>κάτ-</span> 
     </span>
    </p>
   </div>
   <div class='ocr_carea' id='block_1_81' title="bbox 530 4982 2111 5056">
    <p class='ocr_par' dir='ltr' id='par_1_81' title="bbox 530 4982 2111 5056">
     <span class='ocr_line' id='line_1_81' title="bbox 530 4982 2111 5056; baseline 0.001 -16"><span class='ocrx_word' id='word_1_571' title='bbox 530 5000 674 5055; x_wconf 75' lang='grc' dir='ltr'>οχος.</span> <span class='ocrx_word' id='word_1_572' title='bbox 713 4982 993 5038; x_wconf 86' lang='grc' dir='ltr'>Ἐντεῦθεν</span> <span class='ocrx_word' id='word_1_573' title='bbox 1027 4983 1288 5052; x_wconf 78' lang='grc' dir='ltr'>καὶπρὸς</span> <span class='ocrx_word' id='word_1_574' title='bbox 1319 4986 1385 5054; x_wconf 80' lang='grc' dir='ltr'><strong>τῇ</strong></span> <span class='ocrx_word' id='word_1_575' title='bbox 1420 4982 1513 5037; x_wconf 87' lang='grc' dir='ltr'><strong>τοῦ</strong></span> <span class='ocrx_word' id='word_1_576' title='bbox 1537 4987 1740 5056; x_wconf 75' lang='grc' dir='ltr'>πατρδς</span> <span class='ocrx_word' id='word_1_577' title='bbox 1769 4986 1935 5040; x_wconf 78' lang='grc' dir='ltr'>αὐτοῦ</span> <span class='ocrx_word' id='word_1_578' title='bbox 1960 4987 2111 5041; x_wconf 84' lang='grc' dir='ltr'>πόλει</span> 
     </span>
    </p>
   </div>
   <div class='ocr_carea' id='block_1_82' title="bbox 534 5074 2118 5152">
    <p class='ocr_par' dir='ltr' id='par_1_82' title="bbox 534 5074 2118 5152">
     <span class='ocr_line' id='line_1_82' title="bbox 534 5074 2118 5152; baseline 0.002 -22"><span class='ocrx_word' id='word_1_579' title='bbox 534 5076 666 5147; x_wconf 72' lang='grc' dir='ltr'>περὶ</span> <span class='ocrx_word' id='word_1_580' title='bbox 697 5076 787 5129; x_wconf 66' lang='grc' dir='ltr'><strong>τὸν</strong></span> <span class='ocrx_word' id='word_1_581' title='bbox 828 5076 1039 5129; x_wconf 80' lang='grc' dir='ltr'>ἐκείνου</span> <span class='ocrx_word' id='word_1_582' title='bbox 1098 5076 1268 5145; x_wconf 75' lang='grc' dir='ltr'>τάφον</span> <span class='ocrx_word' id='word_1_583' title='bbox 1322 5074 1413 5129; x_wconf 69' lang='grc' dir='ltr'>οἷα</span> <span class='ocrx_word' id='word_1_584' title='bbox 1469 5075 1641 5146; x_wconf 84' lang='grc' dir='ltr'>γέρας</span> <span class='ocrx_word' id='word_1_585' title='bbox 1696 5078 1981 5142; x_wconf 83' lang='grc' dir='ltr'>ἀποδιδοὺς</span> <span class='ocrx_word' id='word_1_586' title='bbox 2038 5081 2118 5152; x_wconf 86' lang='grc' dir='ltr'><strong>τῷ</strong></span> 
     </span>
    </p>
   </div>
   <div class='ocr_carea' id='block_1_83' title="bbox 532 5168 2115 5240">
    <p class='ocr_par' dir='ltr' id='par_1_83' title="bbox 532 5168 2115 5240">
     <span class='ocr_line' id='line_1_83' title="bbox 532 5168 2115 5240; baseline 0.004 -18"><span class='ocrx_word' id='word_1_587' title='bbox 532 5170 726 5237; x_wconf 73' lang='grc' dir='ltr'>πατρὶ,</span> <span class='ocrx_word' id='word_1_588' title='bbox 756 5168 883 5221; x_wconf 81' lang='grc' dir='ltr'>ναὸν</span> <span class='ocrx_word' id='word_1_589' title='bbox 909 5168 967 5235; x_wconf 79' lang='grc' dir='ltr'>ἐξ</span> <span class='ocrx_word' id='word_1_590' title='bbox 1007 5170 1189 5222; x_wconf 79' lang='grc' dir='ltr'>αὐτῶν</span> <span class='ocrx_word' id='word_1_591' title='bbox 1224 5169 1502 5238; x_wconf 72' lang='grc' dir='ltr'>κρηπίδων</span> <span class='ocrx_word' id='word_1_592' title='bbox 1534 5170 1808 5238; x_wconf 78' lang='grc' dir='ltr'>οἰκοδομεῖ</span> <span class='ocrx_word' id='word_1_593' title='bbox 1836 5171 2115 5240; x_wconf 80' lang='grc' dir='ltr'>μέγιστον.</span> 
     </span>
    </p>
   </div>
   <div class='ocr_carea' id='block_1_84' title="bbox 533 5256 2119 5331">
    <p class='ocr_par' dir='ltr' id='par_1_84' title="bbox 533 5256 2119 5331">
     <span class='ocr_line' id='line_1_84' title="bbox 533 5256 2119 5331; baseline 0.001 -15"><span class='ocrx_word' id='word_1_594' title='bbox 533 5256 609 5316; x_wconf 71' lang='grc' dir='ltr'><strong>Οἵ)</strong></span> <span class='ocrx_word' id='word_1_595' title='bbox 642 5260 709 5331; x_wconf 80' lang='grc' dir='ltr'>δὴ</span> <span class='ocrx_word' id='word_1_596' title='bbox 759 5261 853 5315; x_wconf 73' lang='grc' dir='ltr'>καὶ</span> <span class='ocrx_word' id='word_1_597' title='bbox 911 5261 1204 5331; x_wconf 77' lang='grc' dir='ltr'>’Λρτεμίου</span> <span class='ocrx_word' id='word_1_598' title='bbox 1248 5263 1318 5314; x_wconf 80' lang='grc' dir='ltr'>τὰ</span> <span class='ocrx_word' id='word_1_599' title='bbox 1352 5261 1460 5313; x_wconf 85' lang='grc' dir='ltr'><strong>τῶν</strong></span> <span class='ocrx_word' id='word_1_600' title='bbox 1494 5262 1657 5331; x_wconf 79' lang='grc' dir='ltr'>ἱερῶν</span> <span class='ocrx_word' id='word_1_601' title='bbox 1714 5264 2027 5317; x_wconf 85' lang='grc' dir='ltr'>ἀποστόλων</span> <span class='ocrx_word' id='word_1_602' title='bbox 2058 5263 2119 5331; x_wconf 81' lang='grc' dir='ltr'>ἐξ</span> 
     </span>
    </p>
   </div>
   <div class='ocr_carea' id='block_1_85' title="bbox 545 5351 2117 5425">
    <p class='ocr_par' dir='ltr' id='par_1_85' title="bbox 545 5351 2117 5425">
     <span class='ocr_line' id='line_1_85' title="bbox 545 5351 2117 5425; baseline 0.001 -19"><span class='ocrx_word' id='word_1_603' title='bbox 545 5351 767 5422; x_wconf 73' lang='grc' dir='ltr'>Ἀχαΐας</span> <span class='ocrx_word' id='word_1_604' title='bbox 826 5352 1259 5421; x_wconf 85' lang='grc' dir='ltr'>ἀνακομίσαντος</span> <span class='ocrx_word' id='word_1_605' title='bbox 1310 5351 1559 5421; x_wconf 67' lang='grc' dir='ltr'>λείψανα,</span> <span class='ocrx_word' id='word_1_606' title='bbox 1598 5356 1657 5407; x_wconf 83' lang='grc' dir='ltr'>ὲν</span> <span class='ocrx_word' id='word_1_607' title='bbox 1688 5354 1839 5424; x_wconf 81' lang='grc' dir='ltr'>αύτῷ</span> <span class='ocrx_word' id='word_1_608' title='bbox 1874 5353 1953 5425; x_wconf 80' lang='grc' dir='ltr'><strong>τῷ</strong></span> <span class='ocrx_word' id='word_1_609' title='bbox 1986 5355 2117 5425; x_wconf 82' lang='grc' dir='ltr'>θείῳ</span> 
     </span>
    </p>
   </div>
   <div class='ocr_carea' id='block_1_86' title="bbox 533 5438 2109 5517">
    <p class='ocr_par' dir='ltr' id='par_1_86' title="bbox 533 5438 2109 5517">
     <span class='ocr_line' id='line_1_86' title="bbox 533 5438 2109 5517; baseline 0.002 -20"><span class='ocrx_word' id='word_1_610' title='bbox 533 5441 910 5512; x_wconf 76' lang='grc' dir='ltr'>θυσιαστηρίῳ</span> <span class='ocrx_word' id='word_1_611' title='bbox 932 5441 1031 5512; x_wconf 84' lang='grc' dir='ltr'>τῆς</span> <span class='ocrx_word' id='word_1_612' title='bbox 1056 5444 1208 5515; x_wconf 79' lang='grc' dir='ltr'>ἱερᾶς</span> <span class='ocrx_word' id='word_1_613' title='bbox 1234 5442 1511 5513; x_wconf 61' lang='grc' dir='ltr'>τραπέζης</span> <span class='ocrx_word' id='word_1_614' title='bbox 1540 5438 1820 5511; x_wconf 63' lang='grc' dir='ltr'>κατέθετο,</span> <span class='ocrx_word' id='word_1_615' title='bbox 1857 5446 2109 5517; x_wconf 79' lang='grc' dir='ltr'>Ἀνδρέου</span> 
     </span>
    </p>
   </div>
   <div class='ocr_carea' id='block_1_87' title="bbox 538 5535 2112 5611">
    <p class='ocr_par' dir='ltr' id='par_1_87' title="bbox 538 5535 2112 5611">
     <span class='ocr_line' id='line_1_87' title="bbox 538 5535 2112 5611; baseline 0.003 -23"><span class='ocrx_word' id='word_1_616' title='bbox 538 5536 638 5605; x_wconf 74' lang='grc' dir='ltr'>μὲν</span> <span class='ocrx_word' id='word_1_617' title='bbox 664 5535 764 5605; x_wconf 80' lang='grc' dir='ltr'>τῆς</span> <span class='ocrx_word' id='word_1_618' title='bbox 801 5536 1062 5606; x_wconf 83' lang='grc' dir='ltr'>Πατρέων</span> <span class='ocrx_word' id='word_1_619' title='bbox 1104 5535 1328 5602; x_wconf 76' lang='grc' dir='ltr'>πόλεως,</span> <span class='ocrx_word' id='word_1_620' title='bbox 1366 5539 1553 5592; x_wconf 80' lang='grc' dir='ltr'>Λουκᾶ</span> <span class='ocrx_word' id='word_1_621' title='bbox 1580 5538 1635 5592; x_wconf 80' lang='grc' dir='ltr'>δὲ</span> <span class='ocrx_word' id='word_1_622' title='bbox 1666 5538 1729 5593; x_wconf 79' lang='grc' dir='ltr'>ὲκ</span> <span class='ocrx_word' id='word_1_623' title='bbox 1780 5539 1974 5611; x_wconf 72' lang='grc' dir='ltr'>Θηϐῶν</span> <span class='ocrx_word' id='word_1_624' title='bbox 2011 5541 2112 5611; x_wconf 83' lang='grc' dir='ltr'>τῆς</span> 
     </span>
    </p>
   </div>
   <div class='ocr_carea' id='block_1_88' title="bbox 534 5607 2114 5704">
    <p class='ocr_par' dir='ltr' id='par_1_88' title="bbox 534 5607 2114 5704">
     <span class='ocr_line' id='line_1_88' title="bbox 534 5607 2114 5704; baseline 0.001 -20"><span class='ocrx_word' id='word_1_625' title='bbox 534 5628 801 5691; x_wconf 80' lang='grc' dir='ltr'>Βοιωτίας</span> <span class='ocrx_word' id='word_1_626' title='bbox 836 5628 1271 5698; x_wconf 78' lang='grc' dir='ltr'>μετενεχθέντος.</span> <span class='ocrx_word' id='word_1_627' title='bbox 1304 5631 1487 5701; x_wconf 81' lang='grc' dir='ltr'>Βραχὺ</span> <span class='ocrx_word' id='word_1_628' title='bbox 1517 5632 1577 5685; x_wconf 81' lang='grc' dir='ltr'>τὸ</span> <span class='ocrx_word' id='word_1_629' title='bbox 1604 5632 1659 5684; x_wconf 75' lang='grc' dir='ltr'>ἐν</span> <span class='ocrx_word' id='word_1_630' title='bbox 1702 5607 1857 5704; x_wconf 70' lang='grc' dir='ltr'>μξσῳ</span> <span class='ocrx_word' id='word_1_631' title='bbox 1880 5632 1972 5687; x_wconf 68' lang='grc' dir='ltr'><strong>καὶ</strong></span> <span class='ocrx_word' id='word_1_632' title='bbox 2022 5607 2114 5685; x_wconf 67' lang='grc' dir='ltr'><strong>τὶ-</strong></span> 
     </span>
    </p>
   </div>
   <div class='ocr_carea' id='block_1_89' title="bbox 421 5804 1161 5906">
    <p class='ocr_par' dir='ltr' id='par_1_89' title="bbox 421 5804 1161 5906">
     <span class='ocr_line' id='line_1_89' title="bbox 421 5804 1161 5906; baseline -0.007 -10"><span class='ocrx_word' id='word_1_633' title='bbox 421 5846 434 5859; x_wconf 84' lang='grc'><em>”</em></span> <span class='ocrx_word' id='word_1_634' title='bbox 526 5804 529 5807; x_wconf 22' lang='lat'>.</span> <span class='ocrx_word' id='word_1_635' title='bbox 610 5839 635 5874; x_wconf 74' lang='grc'>⁸</span> <span class='ocrx_word' id='word_1_636' title='bbox 661 5835 706 5896; x_wconf 81' lang='lat' dir='ltr'><strong>ll</strong></span> <span class='ocrx_word' id='word_1_637' title='bbox 735 5837 875 5894; x_wconf 78' lang='lat' dir='ltr'><strong>Tim.</strong></span> <span class='ocrx_word' id='word_1_638' title='bbox 910 5853 986 5906; x_wconf 81' lang='lat' dir='ltr'><strong>tv,</strong></span> <span class='ocrx_word' id='word_1_639' title='bbox 1017 5838 1068 5902; x_wconf 86' lang='grc'><strong>7,</strong></span> <span class='ocrx_word' id='word_1_640' title='bbox 1110 5835 1161 5891; x_wconf 90' lang='grc'><strong>8.</strong></span> 
     </span>
    </p>
   </div>
   <div class='ocr_carea' id='block_1_90' title="bbox 2215 3331 3795 3410">
    <p class='ocr_par' dir='ltr' id='par_1_90' title="bbox 2215 3331 3795 3410">
     <span class='ocr_line' id='line_1_90' title="bbox 2215 3331 3795 3410; baseline -0.005 -17"><span class='ocrx_word' id='word_1_641' title='bbox 2215 3346 2345 3410; x_wconf 83' lang='lat' dir='ltr'><strong>patu</strong></span> <span class='ocrx_word' id='word_1_642' title='bbox 2371 3338 2634 3402; x_wconf 78' lang='lat' dir='ltr'><strong>facerent,</strong></span> <span class='ocrx_word' id='word_1_643' title='bbox 2668 3335 2961 3392; x_wconf 80' lang='lat' dir='ltr'><strong>confestim</strong></span> <span class='ocrx_word' id='word_1_644' title='bbox 3028 3336 3094 3390; x_wconf 88' lang='lat' dir='ltr'><strong>ad</strong></span> <span class='ocrx_word' id='word_1_645' title='bbox 3149 3333 3439 3388; x_wconf 85' lang='lat' dir='ltr'><strong>Thraciam</strong></span> <span class='ocrx_word' id='word_1_646' title='bbox 3472 3348 3536 3386; x_wconf 91' lang='lat' dir='ltr'><strong>ac</strong></span> <span class='ocrx_word' id='word_1_647' title='bbox 3585 3331 3795 3404; x_wconf 81' lang='lat' dir='ltr'><strong>Byzan-</strong></span> 
     </span>
    </p>
   </div>
   <div class='ocr_carea' id='block_1_91' title="bbox 2215 3422 3789 3500">
    <p class='ocr_par' dir='ltr' id='par_1_91' title="bbox 2215 3422 3789 3500">
     <span class='ocr_line' id='line_1_91' title="bbox 2215 3422 3789 3500; baseline -0.006 -14"><span class='ocrx_word' id='word_1_648' title='bbox 2215 3432 2350 3487; x_wconf 88' lang='lat' dir='ltr'><strong>tium</strong></span> <span class='ocrx_word' id='word_1_649' title='bbox 2377 3429 2664 3500; x_wconf 87' lang='lat' dir='ltr'><strong>equitavit.</strong></span> <span class='ocrx_word' id='word_1_650' title='bbox 2702 3430 2947 3498; x_wconf 84' lang='lat' dir='ltr'><strong>Cumque</strong></span> <span class='ocrx_word' id='word_1_651' title='bbox 3002 3425 3068 3480; x_wconf 89' lang='lat' dir='ltr'><strong>ad</strong></span> <span class='ocrx_word' id='word_1_652' title='bbox 3113 3425 3394 3493; x_wconf 78' lang='lat' dir='ltr'><strong>regionem</strong></span> <span class='ocrx_word' id='word_1_653' title='bbox 3434 3422 3789 3494; x_wconf 76' lang='lat' dir='ltr'><strong>Odrysiorum</strong></span> 
     </span>
    </p>
   </div>
   <div class='ocr_carea' id='block_1_92' title="bbox 2212 3515 3789 3595">
    <p class='ocr_par' dir='ltr' id='par_1_92' title="bbox 2212 3515 3789 3595">
     <span class='ocr_line' id='line_1_92' title="bbox 2212 3515 3789 3595; baseline -0.006 -18"><span class='ocrx_word' id='word_1_654' title='bbox 2212 3519 2575 3595; x_wconf 76' lang='lat' dir='ltr'><strong>pervenisset,</strong></span> <span class='ocrx_word' id='word_1_655' title='bbox 2607 3521 2698 3576; x_wconf 90' lang='lat' dir='ltr'><strong>ubi</strong></span> <span class='ocrx_word' id='word_1_656' title='bbox 2728 3520 3002 3576; x_wconf 77' lang='lat' dir='ltr'><strong>Adrianus</strong></span> <span class='ocrx_word' id='word_1_657' title='bbox 3054 3515 3426 3572; x_wconf 76' lang='lat' dir='ltr'><strong>Romanorum</strong></span> <span class='ocrx_word' id='word_1_658' title='bbox 3466 3516 3789 3583; x_wconf 86' lang='lat' dir='ltr'><strong>imperator,</strong></span> 
     </span>
    </p>
   </div>
   <div class='ocr_carea' id='block_1_93' title="bbox 2213 3606 3790 3683">
    <p class='ocr_par' dir='ltr' id='par_1_93' title="bbox 2213 3606 3790 3683">
     <span class='ocr_line' id='line_1_93' title="bbox 2213 3606 3790 3683; baseline -0.008 -12"><span class='ocrx_word' id='word_1_659' title='bbox 2213 3623 2489 3671; x_wconf 86' lang='lat' dir='ltr'><strong>exstructa</strong></span> <span class='ocrx_word' id='word_1_660' title='bbox 2519 3614 2762 3677; x_wconf 73' lang='lat' dir='ltr'><strong>civitate,</strong></span> <span class='ocrx_word' id='word_1_661' title='bbox 2824 3612 2909 3668; x_wconf 87' lang='lat' dir='ltr'><strong>sui</strong></span> <span class='ocrx_word' id='word_1_662' title='bbox 2959 3608 3379 3683; x_wconf 88' lang='lat' dir='ltr'><strong>appellationem</strong></span> <span class='ocrx_word' id='word_1_663' title='bbox 3437 3607 3563 3662; x_wconf 88' lang='lat' dir='ltr'><strong>loco</strong></span> <span class='ocrx_word' id='word_1_664' title='bbox 3616 3606 3790 3667; x_wconf 85' lang='lat' dir='ltr'><strong>dedit,</strong></span> 
     </span>
    </p>
   </div>
   <div class='ocr_carea' id='block_1_94' title="bbox 2213 3697 3790 3773">
    <p class='ocr_par' dir='ltr' id='par_1_94' title="bbox 2213 3697 3790 3773">
     <span class='ocr_line' id='line_1_94' title="bbox 2213 3697 3790 3773; baseline -0.006 -13"><span class='ocrx_word' id='word_1_665' title='bbox 2213 3704 2425 3760; x_wconf 85' lang='lat' dir='ltr'><strong>accedit</strong></span> <span class='ocrx_word' id='word_1_666' title='bbox 2453 3703 2522 3759; x_wconf 84' lang='lat' dir='ltr'><strong>ad</strong></span> <span class='ocrx_word' id='word_1_667' title='bbox 2552 3718 2678 3758; x_wconf 88' lang='lat' dir='ltr'><strong>eum</strong></span> <span class='ocrx_word' id='word_1_668' title='bbox 2719 3701 2939 3773; x_wconf 87' lang='lat' dir='ltr'><strong>quidam</strong></span> <span class='ocrx_word' id='word_1_669' title='bbox 2985 3701 3295 3771; x_wconf 83' lang='lat' dir='ltr'><strong>episcopus.</strong></span> <span class='ocrx_word' id='word_1_670' title='bbox 3351 3699 3514 3754; x_wconf 82' lang='lat' dir='ltr'><strong>veluti</strong></span> <span class='ocrx_word' id='word_1_671' title='bbox 3586 3697 3790 3752; x_wconf 71' lang='lat' dir='ltr'><strong>donum</strong></span> 
     </span>
    </p>
   </div>
   <div class='ocr_carea' id='block_1_95' title="bbox 2214 3790 3794 3865">
    <p class='ocr_par' dir='ltr' id='par_1_95' title="bbox 2214 3790 3794 3865">
     <span class='ocr_line' id='line_1_95' title="bbox 2214 3790 3794 3865; baseline -0.004 -15"><span class='ocrx_word' id='word_1_672' title='bbox 2214 3794 2484 3865; x_wconf 87' lang='lat' dir='ltr'><strong>quoddam</strong></span> <span class='ocrx_word' id='word_1_673' title='bbox 2542 3794 2641 3863; x_wconf 90' lang='lat' dir='ltr'><strong>ipsi</strong></span> <span class='ocrx_word' id='word_1_674' title='bbox 2689 3793 3055 3865; x_wconf 77' lang='lat' dir='ltr'><strong>gratissimum</strong></span> <span class='ocrx_word' id='word_1_675' title='bbox 3105 3790 3381 3852; x_wconf 79' lang='lat' dir='ltr'><strong>deferens,</strong></span> <span class='ocrx_word' id='word_1_676' title='bbox 3431 3790 3663 3844; x_wconf 62' lang='lat' dir='ltr'><strong>Andreas</strong></span> <span class='ocrx_word' id='word_1_677' title='bbox 3729 3804 3794 3843; x_wconf 83' lang='lat' dir='ltr'><strong>ac</strong></span> 
     </span>
    </p>
   </div>
   <div class='ocr_carea' id='block_1_96' title="bbox 2215 3879 3791 3955">
    <p class='ocr_par' dir='ltr' id='par_1_96' title="bbox 2215 3879 3791 3955">
     <span class='ocr_line' id='line_1_96' title="bbox 2215 3879 3791 3955; baseline -0.008 -11"><span class='ocrx_word' id='word_1_678' title='bbox 2215 3887 2377 3944; x_wconf 68' lang='lat' dir='ltr'><strong>Lucae</strong></span> <span class='ocrx_word' id='word_1_679' title='bbox 2420 3885 2625 3942; x_wconf 78' lang='lat' dir='ltr'><strong>Christi</strong></span> <span class='ocrx_word' id='word_1_680' title='bbox 2707 3883 3099 3955; x_wconf 84' lang='lat' dir='ltr'><strong>discipulorum</strong></span> <span class='ocrx_word' id='word_1_681' title='bbox 3149 3897 3379 3952; x_wconf 88' lang='lat' dir='ltr'><strong>corpora</strong></span> <span class='ocrx_word' id='word_1_682' title='bbox 3428 3881 3680 3937; x_wconf 83' lang='lat' dir='ltr'><strong>indicans</strong></span> <span class='ocrx_word' id='word_1_683' title='bbox 3737 3879 3791 3933; x_wconf 92' lang='lat' dir='ltr'><strong>in</strong></span> 
     </span>
    </p>
   </div>
   <div class='ocr_carea' id='block_1_97' title="bbox 2216 3971 3794 4050">
    <p class='ocr_par' dir='ltr' id='par_1_97' title="bbox 2216 3971 3794 4050">
     <span class='ocr_line' id='line_1_97' title="bbox 2216 3971 3794 4050; baseline -0.011 -11"><span class='ocrx_word' id='word_1_684' title='bbox 2216 3981 2419 4039; x_wconf 87' lang='lat' dir='ltr'><strong>Achaia</strong></span> <span class='ocrx_word' id='word_1_685' title='bbox 2460 3996 2582 4037; x_wconf 91' lang='lat' dir='ltr'><strong>esse</strong></span> <span class='ocrx_word' id='word_1_686' title='bbox 2640 3978 2872 4050; x_wconf 79' lang='lat' dir='ltr'><strong>sepulta.</strong></span> <span class='ocrx_word' id='word_1_687' title='bbox 2944 3975 3112 4032; x_wconf 87' lang='lat' dir='ltr'><strong>Porro</strong></span> <span class='ocrx_word' id='word_1_688' title='bbox 3182 3975 3276 4031; x_wconf 89' lang='lat' dir='ltr'><strong>ille</strong></span> <span class='ocrx_word' id='word_1_689' title='bbox 3333 3983 3389 4030; x_wconf 84' lang='lat' dir='ltr'><strong>et</strong></span> <span class='ocrx_word' id='word_1_690' title='bbox 3457 3971 3653 4029; x_wconf 90' lang='lat' dir='ltr'><strong>nuntio</strong></span> <span class='ocrx_word' id='word_1_691' title='bbox 3697 3986 3794 4041; x_wconf 76' lang='lat' dir='ltr'><strong>gn-</strong></span> 
     </span>
    </p>
   </div>
   <div class='ocr_carea' id='block_1_98' title="bbox 2218 4062 3792 4137">
    <p class='ocr_par' dir='ltr' id='par_1_98' title="bbox 2218 4062 3792 4137">
     <span class='ocr_line' id='line_1_98' title="bbox 2218 4062 3792 4137; baseline -0.011 -8"><span class='ocrx_word' id='word_1_692' title='bbox 2218 4073 2369 4129; x_wconf 76' lang='lat' dir='ltr'><strong>visus’</strong></span> <span class='ocrx_word' id='word_1_693' title='bbox 2426 4081 2550 4136; x_wconf 81' lang='lat' dir='ltr'><strong>est,</strong></span> <span class='ocrx_word' id='word_1_694' title='bbox 2607 4081 2662 4126; x_wconf 89' lang='lat' dir='ltr'><strong>et</strong></span> <span class='ocrx_word' id='word_1_695' title='bbox 2709 4065 3014 4124; x_wconf 84' lang='lat' dir='ltr'><strong>Artemium</strong></span> <span class='ocrx_word' id='word_1_696' title='bbox 3066 4081 3175 4137; x_wconf 88' lang='lat' dir='ltr'><strong>quo</strong></span> <span class='ocrx_word' id='word_1_697' title='bbox 3226 4064 3462 4118; x_wconf 78' lang='lat' dir='ltr'><strong>maxime</strong></span> <span class='ocrx_word' id='word_1_698' title='bbox 3516 4062 3792 4118; x_wconf 82' lang='lat' dir='ltr'><strong>utebatur.</strong></span> 
     </span>
    </p>
   </div>
   <div class='ocr_carea' id='block_1_99' title="bbox 2216 4152 3798 4235">
    <p class='ocr_par' dir='ltr' id='par_1_99' title="bbox 2216 4152 3798 4235">
     <span class='ocr_line' id='line_1_99' title="bbox 2216 4152 3798 4235; baseline -0.011 -13"><span class='ocrx_word' id='word_1_699' title='bbox 2216 4175 2271 4222; x_wconf 90' lang='lat' dir='ltr'><strong>et</strong></span> <span class='ocrx_word' id='word_1_700' title='bbox 2324 4179 2485 4235; x_wconf 88' lang='lat' dir='ltr'><strong>quem</strong></span> <span class='ocrx_word' id='word_1_701' title='bbox 2551 4161 2761 4218; x_wconf 82' lang='lat' dir='ltr'><strong>sciebat</strong></span> <span class='ocrx_word' id='word_1_702' title='bbox 2801 4159 3069 4216; x_wconf 74' lang='lat' dir='ltr'><strong>fervidum</strong></span> <span class='ocrx_word' id='word_1_703' title='bbox 3145 4166 3445 4213; x_wconf 86' lang='lat' dir='ltr'><strong>amatorem</strong></span> <span class='ocrx_word' id='word_1_704' title='bbox 3509 4152 3798 4209; x_wconf 85' lang='lat' dir='ltr'><strong>charitatis</strong></span> 
     </span>
    </p>
   </div>
   <div class='ocr_carea' id='block_1_100' title="bbox 2217 4241 3797 4330">
    <p class='ocr_par' dir='ltr' id='par_1_100' title="bbox 2217 4241 3797 4330">
     <span class='ocr_line' id='line_1_100' title="bbox 2217 4241 3797 4330; baseline -0.012 -17"><span class='ocrx_word' id='word_1_705' title='bbox 2217 4271 2349 4330; x_wconf 79' lang='lat' dir='ltr'><strong>erga</strong></span> <span class='ocrx_word' id='word_1_706' title='bbox 2403 4253 2683 4310; x_wconf 87' lang='lat' dir='ltr'><strong>Christum</strong></span> <span class='ocrx_word' id='word_1_707' title='bbox 2751 4251 3080 4323; x_wconf 87' lang='lat' dir='ltr'><strong>(attestatur</strong></span> <span class='ocrx_word' id='word_1_708' title='bbox 3137 4249 3254 4303; x_wconf 81' lang='lat' dir='ltr'><strong>viro</strong></span> <span class='ocrx_word' id='word_1_709' title='bbox 3325 4246 3572 4301; x_wconf 79' lang='lat' dir='ltr'><strong>divinum</strong></span> <span class='ocrx_word' id='word_1_710' title='bbox 3630 4241 3797 4311; x_wconf 73' lang='lat' dir='ltr'><strong>huius</strong></span> 
     </span>
    </p>
   </div>
   <div class='ocr_carea' id='block_1_101' title="bbox 2220 4333 3795 4413">
    <p class='ocr_par' dir='ltr' id='par_1_101' title="bbox 2220 4333 3795 4413">
     <span class='ocr_line' id='line_1_101' title="bbox 2220 4333 3795 4413; baseline -0.01 -9"><span class='ocrx_word' id='word_1_711' title='bbox 2220 4363 2494 4413; x_wconf 89' lang='lat' dir='ltr'><strong>amorem,</strong></span> <span class='ocrx_word' id='word_1_712' title='bbox 2515 4354 2817 4409; x_wconf 88' lang='lat' dir='ltr'><strong>certamen,</strong></span> <span class='ocrx_word' id='word_1_713' title='bbox 2837 4357 2902 4397; x_wconf 91' lang='lat' dir='ltr'><strong>ac</strong></span> <span class='ocrx_word' id='word_1_714' title='bbox 2926 4341 3227 4413; x_wconf 85' lang='lat' dir='ltr'><strong>periculum</strong></span> <span class='ocrx_word' id='word_1_715' title='bbox 3260 4336 3600 4405; x_wconf 79' lang='lat' dir='ltr'><strong>temporibus</strong></span> <span class='ocrx_word' id='word_1_716' title='bbox 3623 4333 3795 4389; x_wconf 83' lang='lat' dir='ltr'><strong>Julia-</strong></span> 
     </span>
    </p>
   </div>
   <div class='ocr_carea' id='block_1_102' title="bbox 2217 4430 3796 4511">
    <p class='ocr_par' dir='ltr' id='par_1_102' title="bbox 2217 4430 3796 4511">
     <span class='ocr_line' id='line_1_102' title="bbox 2217 4430 3796 4511; baseline -0.012 -15"><span class='ocrx_word' id='word_1_717' title='bbox 2217 4442 2274 4496; x_wconf 93' lang='lat' dir='ltr'><strong>ni</strong></span> <span class='ocrx_word' id='word_1_718' title='bbox 2309 4449 2528 4511; x_wconf 90' lang='lat' dir='ltr'><strong>propter</strong></span> <span class='ocrx_word' id='word_1_719' title='bbox 2556 4436 2836 4492; x_wconf 87' lang='lat' dir='ltr'><strong>Christutn</strong></span> <span class='ocrx_word' id='word_1_720' title='bbox 2868 4432 3205 4502; x_wconf 85' lang='lat' dir='ltr'><strong>susceptum)</strong></span> <span class='ocrx_word' id='word_1_721' title='bbox 3237 4446 3253 4494; x_wconf 87' lang='lat'><strong>;</strong></span> <span class='ocrx_word' id='word_1_722' title='bbox 3290 4430 3437 4485; x_wconf 88' lang='lat' dir='ltr'><strong>hunc</strong></span> <span class='ocrx_word' id='word_1_723' title='bbox 3482 4441 3612 4497; x_wconf 75' lang='lat' dir='ltr'><strong>ergo</strong></span> <span class='ocrx_word' id='word_1_724' title='bbox 3644 4435 3796 4480; x_wconf 80' lang='lat' dir='ltr'><strong>tanto</strong></span> 
     </span>
    </p>
   </div>
   <div class='ocr_carea' id='block_1_103' title="bbox 2219 4519 3796 4600">
    <p class='ocr_par' dir='ltr' id='par_1_103' title="bbox 2219 4519 3796 4600">
     <span class='ocr_line' id='line_1_103' title="bbox 2219 4519 3796 4600; baseline -0.013 -9"><span class='ocrx_word' id='word_1_725' title='bbox 2219 4534 2437 4591; x_wconf 84' lang='lat' dir='ltr'><strong>fervore</strong></span> <span class='ocrx_word' id='word_1_726' title='bbox 2467 4545 2566 4600; x_wconf 87' lang='lat' dir='ltr'><strong>pro</strong></span> <span class='ocrx_word' id='word_1_727' title='bbox 2599 4529 2801 4600; x_wconf 88' lang='lat' dir='ltr'><strong>pietate</strong></span> <span class='ocrx_word' id='word_1_728' title='bbox 2848 4527 3148 4595; x_wconf 88' lang='lat' dir='ltr'><strong>spirantem</strong></span> <span class='ocrx_word' id='word_1_729' title='bbox 3203 4520 3441 4578; x_wconf 84' lang='lat' dir='ltr'><strong>amicqu</strong></span> <span class='ocrx_word' id='word_1_730' title='bbox 3493 4519 3796 4574; x_wconf 83' lang='lat' dir='ltr'><strong>Artemium</strong></span> 
     </span>
    </p>
   </div>
   <div class='ocr_carea' id='block_1_104' title="bbox 2218 4608 3794 4694">
    <p class='ocr_par' dir='ltr' id='par_1_104' title="bbox 2218 4608 3794 4694">
     <span class='ocr_line' id='line_1_104' title="bbox 2218 4608 3794 4694; baseline -0.013 -11"><span class='ocrx_word' id='word_1_731' title='bbox 2218 4627 2286 4682; x_wconf 89' lang='lat' dir='ltr'><strong>ad</strong></span> <span class='ocrx_word' id='word_1_732' title='bbox 2315 4622 2679 4694; x_wconf 88' lang='lat' dir='ltr'><strong>pretiosorum</strong></span> <span class='ocrx_word' id='word_1_733' title='bbox 2723 4631 3015 4687; x_wconf 88' lang='lat' dir='ltr'><strong>corporum</strong></span> <span class='ocrx_word' id='word_1_734' title='bbox 3071 4614 3448 4669; x_wconf 89' lang='lat' dir='ltr'><strong>reductiouem</strong></span> <span class='ocrx_word' id='word_1_735' title='bbox 3503 4608 3794 4664; x_wconf 84' lang='lat' dir='ltr'><strong>confestim</strong></span> 
     </span>
    </p>
   </div>
   <div class='ocr_carea' id='block_1_105' title="bbox 2218 4701 3797 4772">
    <p class='ocr_par' dir='ltr' id='par_1_105' title="bbox 2218 4701 3797 4772">
     <span class='ocr_line' id='line_1_105' title="bbox 2218 4701 3797 4772; baseline -0.012 0"><span class='ocrx_word' id='word_1_736' title='bbox 2218 4712 2438 4772; x_wconf 90' lang='lat' dir='ltr'><strong>emittit.</strong></span> <span class='ocrx_word' id='word_1_737' title='bbox 2463 4711 2678 4765; x_wconf 86' lang='lat' dir='ltr'><strong>Etenim</strong></span> <span class='ocrx_word' id='word_1_738' title='bbox 2709 4716 2826 4762; x_wconf 89' lang='lat' dir='ltr'><strong>erat</strong></span> <span class='ocrx_word' id='word_1_739' title='bbox 2849 4705 2939 4762; x_wconf 88' lang='lat' dir='ltr'><strong>hie</strong></span> <span class='ocrx_word' id='word_1_740' title='bbox 2964 4704 3322 4760; x_wconf 86' lang='lat' dir='ltr'><strong>Constantius</strong></span> <span class='ocrx_word' id='word_1_741' title='bbox 3359 4711 3414 4757; x_wconf 90' lang='lat' dir='ltr'><strong>et</strong></span> <span class='ocrx_word' id='word_1_742' title='bbox 3467 4701 3525 4756; x_wconf 88' lang='lat' dir='ltr'><strong>in</strong></span> <span class='ocrx_word' id='word_1_743' title='bbox 3582 4703 3797 4756; x_wconf 67' lang='lat' dir='ltr'><strong>caeteris</strong></span> 
     </span>
    </p>
   </div>
   <div class='ocr_carea' id='block_1_106' title="bbox 2218 4793 3795 4864">
    <p class='ocr_par' dir='ltr' id='par_1_106' title="bbox 2218 4793 3795 4864">
     <span class='ocr_line' id='line_1_106' title="bbox 2218 4793 3795 4864; baseline -0.011 -3"><span class='ocrx_word' id='word_1_744' title='bbox 2218 4804 2557 4864; x_wconf 88' lang='lat' dir='ltr'><strong>moderatus,</strong></span> <span class='ocrx_word' id='word_1_745' title='bbox 2579 4809 2634 4855; x_wconf 90' lang='lat' dir='ltr'><strong>et</strong></span> <span class='ocrx_word' id='word_1_746' title='bbox 2663 4797 2909 4855; x_wconf 88' lang='lat' dir='ltr'><strong>moribus</strong></span> <span class='ocrx_word' id='word_1_747' title='bbox 2933 4797 3082 4851; x_wconf 89' lang='lat' dir='ltr'><strong>mitis</strong></span> <span class='ocrx_word' id='word_1_748' title='bbox 3103 4810 3167 4851; x_wconf 86' lang='lat' dir='ltr'><strong>ac</strong></span> <span class='ocrx_word' id='word_1_749' title='bbox 3186 4793 3489 4856; x_wconf 86' lang='lat' dir='ltr'><strong>modestus,</strong></span> <span class='ocrx_word' id='word_1_750' title='bbox 3517 4803 3571 4847; x_wconf 90' lang='lat' dir='ltr'><strong>et</strong></span> <span class='ocrx_word' id='word_1_751' title='bbox 3597 4806 3795 4863; x_wconf 78' lang='lat' dir='ltr'><strong>magno</strong></span> 
     </span>
    </p>
   </div>
   <div class='ocr_carea' id='block_1_107' title="bbox 2216 4885 3813 4952">
    <p class='ocr_par' dir='ltr' id='par_1_107' title="bbox 2216 4885 3813 4952">
     <span class='ocr_line' id='line_1_107' title="bbox 2216 4885 3813 4952; baseline -0.008 0"><span class='ocrx_word' id='word_1_752' title='bbox 2216 4894 2511 4952; x_wconf 88' lang='lat' dir='ltr'><strong>admodum</strong></span> <span class='ocrx_word' id='word_1_753' title='bbox 2542 4892 2685 4948; x_wconf 88' lang='lat' dir='ltr'><strong>circa</strong></span> <span class='ocrx_word' id='word_1_754' title='bbox 2738 4889 3095 4944; x_wconf 82' lang='lat' dir='ltr'><strong>ecclesiarum</strong></span> <span class='ocrx_word' id='word_1_755' title='bbox 3133 4885 3550 4942; x_wconf 80' lang='lat' dir='ltr'><strong>aedificationem</strong></span> <span class='ocrx_word' id='word_1_756' title='bbox 3607 4899 3813 4947; x_wconf 70' lang='lat' dir='ltr'><strong>amore,</strong></span> 
     </span>
    </p>
   </div>
   <div class='ocr_carea' id='block_1_108' title="bbox 2216 4979 3793 5060">
    <p class='ocr_par' dir='ltr' id='par_1_108' title="bbox 2216 4979 3793 5060">
     <span class='ocr_line' id='line_1_108' title="bbox 2216 4979 3793 5060; baseline -0.01 -14"><span class='ocrx_word' id='word_1_757' title='bbox 2216 4999 2536 5060; x_wconf 84' lang='lat' dir='ltr'><strong>occupatus.</strong></span> <span class='ocrx_word' id='word_1_758' title='bbox 2598 4985 2756 5042; x_wconf 86' lang='lat' dir='ltr'><strong>Unde</strong></span> <span class='ocrx_word' id='word_1_759' title='bbox 2814 4984 2977 5040; x_wconf 89' lang='lat' dir='ltr'><strong>etiam</strong></span> <span class='ocrx_word' id='word_1_760' title='bbox 3034 4983 3101 5038; x_wconf 89' lang='lat' dir='ltr'><strong>ad</strong></span> <span class='ocrx_word' id='word_1_761' title='bbox 3157 4981 3328 5052; x_wconf 88' lang='lat' dir='ltr'><strong>patris</strong></span> <span class='ocrx_word' id='word_1_762' title='bbox 3381 4979 3464 5034; x_wconf 85' lang='lat' dir='ltr'><strong>sui</strong></span> <span class='ocrx_word' id='word_1_763' title='bbox 3518 4980 3793 5034; x_wconf 76' lang='lat' dir='ltr'><strong>civitatem</strong></span> 
     </span>
    </p>
   </div>
   <div class='ocr_carea' id='block_1_109' title="bbox 2216 5070 3795 5147">
    <p class='ocr_par' dir='ltr' id='par_1_109' title="bbox 2216 5070 3795 5147">
     <span class='ocr_line' id='line_1_109' title="bbox 2216 5070 3795 5147; baseline -0.009 -11"><span class='ocrx_word' id='word_1_764' title='bbox 2216 5080 2365 5136; x_wconf 90' lang='lat' dir='ltr'><strong>circa</strong></span> <span class='ocrx_word' id='word_1_765' title='bbox 2393 5078 2540 5134; x_wconf 84' lang='lat' dir='ltr'><strong>illius</strong></span> <span class='ocrx_word' id='word_1_766' title='bbox 2573 5077 2910 5147; x_wconf 88' lang='lat' dir='ltr'><strong>sepulcrum.</strong></span> <span class='ocrx_word' id='word_1_767' title='bbox 2946 5073 3114 5129; x_wconf 81' lang='lat' dir='ltr'><strong>veluti</strong></span> <span class='ocrx_word' id='word_1_768' title='bbox 3151 5071 3386 5128; x_wconf 84' lang='lat' dir='ltr'><strong>reddens</strong></span> <span class='ocrx_word' id='word_1_769' title='bbox 3424 5071 3564 5142; x_wconf 92' lang='lat' dir='ltr'><strong>patri</strong></span> <span class='ocrx_word' id='word_1_770' title='bbox 3621 5070 3795 5124; x_wconf 87' lang='lat' dir='ltr'><strong>hono-</strong></span> 
     </span>
    </p>
   </div>
   <div class='ocr_carea' id='block_1_110' title="bbox 2216 5159 3793 5240">
    <p class='ocr_par' dir='ltr' id='par_1_110' title="bbox 2216 5159 3793 5240">
     <span class='ocr_line' id='line_1_110' title="bbox 2216 5159 3793 5240; baseline -0.007 -17"><span class='ocrx_word' id='word_1_771' title='bbox 2216 5185 2358 5235; x_wconf 91' lang='lat' dir='ltr'><strong>rem,</strong></span> <span class='ocrx_word' id='word_1_772' title='bbox 2420 5169 2681 5240; x_wconf 89' lang='lat' dir='ltr'><strong>templum</strong></span> <span class='ocrx_word' id='word_1_773' title='bbox 2733 5167 2802 5221; x_wconf 88' lang='lat' dir='ltr'><strong>ab</strong></span> <span class='ocrx_word' id='word_1_774' title='bbox 2869 5164 3002 5236; x_wconf 90' lang='lat' dir='ltr'><strong>ipsis</strong></span> <span class='ocrx_word' id='word_1_775' title='bbox 3059 5162 3432 5218; x_wconf 82' lang='lat' dir='ltr'><strong>fundamentis</strong></span> <span class='ocrx_word' id='word_1_776' title='bbox 3495 5159 3793 5215; x_wconf 70' lang='lat' dir='ltr'><strong>maximum</strong></span> 
     </span>
    </p>
   </div>
   <div class='ocr_carea' id='block_1_111' title="bbox 2216 5252 3792 5325">
    <p class='ocr_par' dir='ltr' id='par_1_111' title="bbox 2216 5252 3792 5325">
     <span class='ocr_line' id='line_1_111' title="bbox 2216 5252 3792 5325; baseline -0.008 -13"><span class='ocrx_word' id='word_1_777' title='bbox 2216 5256 2469 5323; x_wconf 76' lang='lat' dir='ltr'><strong>tediiicat,</strong></span> <span class='ocrx_word' id='word_1_778' title='bbox 2512 5256 2567 5309; x_wconf 91' lang='lat' dir='ltr'><strong>iu</strong></span> <span class='ocrx_word' id='word_1_779' title='bbox 2608 5270 2716 5325; x_wconf 89' lang='lat' dir='ltr'><strong>quo</strong></span> <span class='ocrx_word' id='word_1_780' title='bbox 2766 5254 2953 5317; x_wconf 89' lang='lat' dir='ltr'><strong>etiam,</strong></span> <span class='ocrx_word' id='word_1_781' title='bbox 3030 5252 3121 5307; x_wconf 90' lang='lat' dir='ltr'><strong>ubi</strong></span> <span class='ocrx_word' id='word_1_782' title='bbox 3167 5252 3448 5305; x_wconf 84' lang='lat' dir='ltr'><strong>Artemius</strong></span> <span class='ocrx_word' id='word_1_783' title='bbox 3508 5263 3792 5305; x_wconf 87' lang='lat' dir='ltr'><strong>sacrorum</strong></span> 
     </span>
    </p>
   </div>
   <div class='ocr_carea' id='block_1_112' title="bbox 2216 5340 3791 5423">
    <p class='ocr_par' dir='ltr' id='par_1_112' title="bbox 2216 5340 3791 5423">
     <span class='ocr_line' id='line_1_112' title="bbox 2216 5340 3791 5423; baseline -0.01 -16"><span class='ocrx_word' id='word_1_784' title='bbox 2216 5351 2590 5423; x_wconf 84' lang='lat' dir='ltr'><strong>apostolorum</strong></span> <span class='ocrx_word' id='word_1_785' title='bbox 2640 5347 2896 5417; x_wconf 86' lang='lat' dir='ltr'><strong>reliquias</strong></span> <span class='ocrx_word' id='word_1_786' title='bbox 2922 5361 2988 5400; x_wconf 82' lang='lat' dir='ltr'><strong>ex</strong></span> <span class='ocrx_word' id='word_1_787' title='bbox 3020 5343 3221 5399; x_wconf 85' lang='lat' dir='ltr'><strong>Achaia</strong></span> <span class='ocrx_word' id='word_1_788' title='bbox 3252 5342 3548 5407; x_wconf 89' lang='lat' dir='ltr'><strong>retulisset,</strong></span> <span class='ocrx_word' id='word_1_789' title='bbox 3582 5341 3636 5394; x_wconf 92' lang='lat' dir='ltr'><strong>in</strong></span> <span class='ocrx_word' id='word_1_790' title='bbox 3672 5340 3791 5408; x_wconf 76' lang='lat' dir='ltr'><strong>ipso</strong></span> 
     </span>
    </p>
   </div>
   <div class='ocr_carea' id='block_1_113' title="bbox 2217 5432 3792 5506">
    <p class='ocr_par' dir='ltr' id='par_1_113' title="bbox 2217 5432 3792 5506">
     <span class='ocr_line' id='line_1_113' title="bbox 2217 5432 3792 5506; baseline -0.011 -7"><span class='ocrx_word' id='word_1_791' title='bbox 2217 5443 2403 5499; x_wconf 85' lang='lat' dir='ltr'><strong>divino</strong></span> <span class='ocrx_word' id='word_1_792' title='bbox 2429 5441 2588 5496; x_wconf 84' lang='lat' dir='ltr'><strong>altari</strong></span> <span class='ocrx_word' id='word_1_793' title='bbox 2618 5456 2786 5495; x_wconf 77' lang='lat' dir='ltr'><strong>sacra:</strong></span> <span class='ocrx_word' id='word_1_794' title='bbox 2808 5453 3013 5493; x_wconf 65' lang='lat' dir='ltr'><strong>mensae</strong></span> <span class='ocrx_word' id='word_1_795' title='bbox 3040 5434 3286 5506; x_wconf 85' lang='lat' dir='ltr'><strong>reposuit</strong></span> <span class='ocrx_word' id='word_1_796' title='bbox 3321 5450 3335 5487; x_wconf 90' lang='lat'><strong>:</strong></span> <span class='ocrx_word' id='word_1_797' title='bbox 3377 5432 3611 5488; x_wconf 64' lang='grc' dir='ltr'><strong>Δηὼ-οε</strong></span> <span class='ocrx_word' id='word_1_798' title='bbox 3670 5432 3792 5499; x_wconf 82' lang='lat' dir='ltr'><strong>qui-</strong></span> 
     </span>
    </p>
   </div>
   <div class='ocr_carea' id='block_1_114' title="bbox 2220 5523 3796 5595">
    <p class='ocr_par' dir='ltr' id='par_1_114' title="bbox 2220 5523 3796 5595">
     <span class='ocr_line' id='line_1_114' title="bbox 2220 5523 3796 5595; baseline -0.008 -4"><span class='ocrx_word' id='word_1_799' title='bbox 2220 5537 2344 5593; x_wconf 85' lang='lat' dir='ltr'><strong>dem</strong></span> <span class='ocrx_word' id='word_1_800' title='bbox 2373 5550 2403 5590; x_wconf 90' lang='lat' dir='ltr'><strong>e</strong></span> <span class='ocrx_word' id='word_1_801' title='bbox 2429 5534 2651 5589; x_wconf 86' lang='lat' dir='ltr'><strong>civitate</strong></span> <span class='ocrx_word' id='word_1_802' title='bbox 2683 5532 3026 5595; x_wconf 84' lang='lat' dir='ltr'><strong>Patreorum,</strong></span> <span class='ocrx_word' id='word_1_803' title='bbox 3052 5527 3212 5583; x_wconf 66' lang='lat' dir='ltr'><strong>Lucae</strong></span> <span class='ocrx_word' id='word_1_804' title='bbox 3235 5533 3417 5581; x_wconf 86' lang='lat' dir='ltr'><strong>autem</strong></span> <span class='ocrx_word' id='word_1_805' title='bbox 3461 5539 3527 5580; x_wconf 80' lang='lat' dir='ltr'><strong>ex</strong></span> <span class='ocrx_word' id='word_1_806' title='bbox 3592 5523 3796 5579; x_wconf 80' lang='lat' dir='ltr'><strong>Thebis</strong></span> 
     </span>
    </p>
   </div>
   <div class='ocr_carea' id='block_1_115' title="bbox 2223 5616 3796 5694">
    <p class='ocr_par' dir='ltr' id='par_1_115' title="bbox 2223 5616 3796 5694">
     <span class='ocr_line' id='line_1_115' title="bbox 2223 5616 3796 5694; baseline -0.01 -9"><span class='ocrx_word' id='word_1_807' title='bbox 2223 5627 2447 5686; x_wconf 61' lang='lat' dir='ltr'><strong>Boeotiae</strong></span> <span class='ocrx_word' id='word_1_808' title='bbox 2483 5625 2765 5683; x_wconf 78' lang='lat' dir='ltr'><strong>translatis</strong></span> <span class='ocrx_word' id='word_1_809' title='bbox 2796 5621 3139 5694; x_wconf 81' lang='lat' dir='ltr'><strong>corporibus.</strong></span> <span class='ocrx_word' id='word_1_810' title='bbox 3208 5619 3284 5675; x_wconf 72' lang='lat' dir='ltr'><strong>Ac</strong></span> <span class='ocrx_word' id='word_1_811' title='bbox 3346 5616 3495 5673; x_wconf 71' lang='lat' dir='ltr'><strong>brevi</strong></span> <span class='ocrx_word' id='word_1_812' title='bbox 3551 5625 3796 5686; x_wconf 65' lang='lat' dir='ltr'><strong>tempore</strong></span> 
     </span>
    </p>
   </div>
  </div>
