  <div class='ocr_page' id='page_1' title='image "/cluster/home/n/w/nwhite01/storage/ocr_20150623/115:no.2/coo.31924054870195/577.png"; bbox 0 0 4110 6426; ppageno 0'>
   <div class='ocr_carea' id='block_1_1' title="bbox 474 411 610 476">
    <p class='ocr_par' dir='ltr' id='par_1_1' title="bbox 474 411 610 476">
     <span class='ocr_line' id='line_1_1' title="bbox 474 411 610 476; baseline -0.007 -1"><span class='ocrx_word' id='word_1_1' title='bbox 474 411 610 476; x_wconf 71' lang='lat' dir='ltr'><strong>H39</strong></span> 
     </span>
    </p>
   </div>
   <div class='ocr_carea' id='block_1_2' title="bbox 1759 399 2452 460">
    <p class='ocr_par' dir='ltr' id='par_1_2' title="bbox 1759 399 2452 460">
     <span class='ocr_line' id='line_1_2' title="bbox 1759 399 2452 460; baseline 0 0"><span class='ocrx_word' id='word_1_2' title='bbox 1759 399 1918 460; x_wconf 84' lang='grc' dir='ltr'><strong>ΜΕΝ</strong></span> <span class='ocrx_word' id='word_1_3' title='bbox 1925 399 2045 458; x_wconf 81' lang='lat' dir='ltr'><strong>SIS</strong></span> <span class='ocrx_word' id='word_1_4' title='bbox 2083 399 2452 460; x_wconf 79' lang='lat' dir='ltr'><strong>OCTOBER.</strong></span> 
     </span>
    </p>
   </div>
   <div class='ocr_carea' id='block_1_3' title="bbox 3581 395 3712 458">
    <p class='ocr_par' dir='ltr' id='par_1_3' title="bbox 3581 395 3712 458">
     <span class='ocr_line' id='line_1_3' title="bbox 3581 395 3712 458; baseline 0 0"><span class='ocrx_word' id='word_1_5' title='bbox 3581 395 3712 458; x_wconf 70' lang='grc'><strong>1140</strong></span> 
     </span>
    </p>
   </div>
   <div class='ocr_carea' id='block_1_4' title="bbox 465 509 2054 590">
    <p class='ocr_par' dir='ltr' id='par_1_4' title="bbox 465 514 2041 586">
     <span class='ocr_line' id='line_1_4' title="bbox 465 514 2041 586; baseline -0.01 -3"><span class='ocrx_word' id='word_1_6' title='bbox 465 523 796 582; x_wconf 76' lang='grc' dir='ltr'>ιιιιετιηεὼο</span> <span class='ocrx_word' id='word_1_7' title='bbox 825 522 990 576; x_wconf 77' lang='lat' dir='ltr'><strong>etiam</strong></span> <span class='ocrx_word' id='word_1_8' title='bbox 1023 519 1372 573; x_wconf 81' lang='lat' dir='ltr'><strong>Timotheum</strong></span> <span class='ocrx_word' id='word_1_9' title='bbox 1404 515 1498 586; x_wconf 91' lang='lat' dir='ltr'><strong>qui</strong></span> <span class='ocrx_word' id='word_1_10' title='bbox 1552 515 1606 569; x_wconf 92' lang='lat' dir='ltr'><strong>in</strong></span> <span class='ocrx_word' id='word_1_11' title='bbox 1649 515 1818 570; x_wconf 89' lang='lat' dir='ltr'><strong>choro</strong></span> <span class='ocrx_word' id='word_1_12' title='bbox 1872 514 2041 569; x_wconf 84' lang='lat' dir='ltr'><strong>disci-</strong></span> 
     </span>
    </p>
   </div>
   <div class='ocr_carea' id='block_1_5' title="bbox 2158 509 3714 590">
    <p class='ocr_par' dir='ltr' id='par_1_5' title="bbox 2158 511 3714 590">
     <span class='ocr_line' id='line_1_5' title="bbox 2158 511 3714 590; baseline -0.003 -17"><span class='ocrx_word' id='word_1_13' title='bbox 2158 519 2362 587; x_wconf 70' lang='grc' dir='ltr'>μόθεον,</span> <span class='ocrx_word' id='word_1_14' title='bbox 2386 521 2479 573; x_wconf 76' lang='grc' dir='ltr'>τὸν</span> <span class='ocrx_word' id='word_1_15' title='bbox 2504 519 2583 589; x_wconf 87' lang='grc' dir='ltr'>τῷ</span> <span class='ocrx_word' id='word_1_16' title='bbox 2613 518 2760 590; x_wconf 85' lang='grc' dir='ltr'><strong>χορῷ</strong></span> <span class='ocrx_word' id='word_1_17' title='bbox 2788 520 2897 574; x_wconf 84' lang='grc' dir='ltr'>τῶν</span> <span class='ocrx_word' id='word_1_18' title='bbox 2942 517 3038 572; x_wconf 85' lang='grc' dir='ltr'><strong>τοῦ</strong></span> <span class='ocrx_word' id='word_1_19' title='bbox 3072 514 3308 587; x_wconf 79' lang='grc' dir='ltr'><strong>Χριστοῦ</strong></span> <span class='ocrx_word' id='word_1_20' title='bbox 3347 513 3603 584; x_wconf 78' lang='grc' dir='ltr'>μαθητῶν</span> <span class='ocrx_word' id='word_1_21' title='bbox 3631 511 3714 568; x_wconf 79' lang='grc' dir='ltr'>οίά</span> 
     </span>
    </p>
   </div>
   <div class='ocr_carea' id='block_1_6' title="bbox 467 607 2041 688">
    <p class='ocr_par' dir='ltr' id='par_1_6' title="bbox 467 607 2041 688">
     <span class='ocr_line' id='line_1_6' title="bbox 467 607 2041 688; baseline -0.008 -16"><span class='ocrx_word' id='word_1_22' title='bbox 467 618 723 688; x_wconf 81' lang='lat' dir='ltr'><strong>polorum</strong></span> <span class='ocrx_word' id='word_1_23' title='bbox 787 613 988 668; x_wconf 77' lang='lat' dir='ltr'><strong>Christi</strong></span> <span class='ocrx_word' id='word_1_24' title='bbox 1047 611 1197 665; x_wconf 72' lang='lat' dir='ltr'><strong>velut</strong></span> <span class='ocrx_word' id='word_1_25' title='bbox 1245 610 1530 679; x_wconf 85' lang='lat' dir='ltr'><strong>perspicua</strong></span> <span class='ocrx_word' id='word_1_26' title='bbox 1587 608 1833 677; x_wconf 76' lang='lat' dir='ltr'><strong>quaedam</strong></span> <span class='ocrx_word' id='word_1_27' title='bbox 1885 607 2041 661; x_wconf 94' lang='lat' dir='ltr'><strong>stella</strong></span> 
     </span>
    </p>
   </div>
   <div class='ocr_carea' id='block_1_7' title="bbox 469 697 2043 776">
    <p class='ocr_par' dir='ltr' id='par_1_7' title="bbox 469 697 2043 776">
     <span class='ocr_line' id='line_1_7' title="bbox 469 697 2043 776; baseline -0.006 -15"><span class='ocrx_word' id='word_1_28' title='bbox 469 707 841 776; x_wconf 84' lang='lat' dir='ltr'><strong>splenduerat,</strong></span> <span class='ocrx_word' id='word_1_29' title='bbox 910 717 977 756; x_wconf 79' lang='lat' dir='ltr'><strong>ex</strong></span> <span class='ocrx_word' id='word_1_30' title='bbox 1039 699 1258 769; x_wconf 83' lang='lat' dir='ltr'><strong>Epheso</strong></span> <span class='ocrx_word' id='word_1_31' title='bbox 1312 701 1480 753; x_wconf 78' lang='lat' dir='ltr'><strong>refert</strong></span> <span class='ocrx_word' id='word_1_32' title='bbox 1536 698 1723 760; x_wconf 68' lang='lat' dir='ltr'><strong>Ioniae,</strong></span> <span class='ocrx_word' id='word_1_33' title='bbox 1793 697 2043 751; x_wconf 86' lang='lat' dir='ltr'><strong>ministro</strong></span> 
     </span>
    </p>
   </div>
   <div class='ocr_carea' id='block_1_8' title="bbox 468 786 2045 867">
    <p class='ocr_par' dir='ltr' id='par_1_8' title="bbox 468 786 2045 867">
     <span class='ocr_line' id='line_1_8' title="bbox 468 786 2045 867; baseline -0.009 -14"><span class='ocrx_word' id='word_1_34' title='bbox 468 814 686 867; x_wconf 89' lang='lat' dir='ltr'><strong>quoque</strong></span> <span class='ocrx_word' id='word_1_35' title='bbox 710 811 926 849; x_wconf 78' lang='lat' dir='ltr'><strong>rursum</strong></span> <span class='ocrx_word' id='word_1_36' title='bbox 957 793 1022 846; x_wconf 91' lang='lat' dir='ltr'><strong>ad</strong></span> <span class='ocrx_word' id='word_1_37' title='bbox 1057 792 1159 846; x_wconf 83' lang='lat' dir='ltr'><strong>hoc</strong></span> <span class='ocrx_word' id='word_1_38' title='bbox 1187 805 1320 844; x_wconf 90' lang='lat' dir='ltr'><strong>usus</strong></span> <span class='ocrx_word' id='word_1_39' title='bbox 1370 788 1636 842; x_wconf 86' lang='lat' dir='ltr'><strong>Artemio.</strong></span> <span class='ocrx_word' id='word_1_40' title='bbox 1691 786 1796 841; x_wconf 84' lang='lat' dir='ltr'><strong>Sed</strong></span> <span class='ocrx_word' id='word_1_41' title='bbox 1856 787 2045 840; x_wconf 92' lang='lat' dir='ltr'><strong>habuit</strong></span> 
     </span>
    </p>
   </div>
   <div class='ocr_carea' id='block_1_9' title="bbox 467 878 2044 956">
    <p class='ocr_par' dir='ltr' id='par_1_9' title="bbox 467 878 2044 956">
     <span class='ocr_line' id='line_1_9' title="bbox 467 878 2044 956; baseline -0.007 -15"><span class='ocrx_word' id='word_1_42' title='bbox 467 900 518 943; x_wconf 87' lang='lat' dir='ltr'><strong>et</strong></span> <span class='ocrx_word' id='word_1_43' title='bbox 564 890 739 956; x_wconf 84' lang='lat' dir='ltr'><strong>ipsum</strong></span> <span class='ocrx_word' id='word_1_44' title='bbox 781 901 951 941; x_wconf 71' lang='lat' dir='ltr'><strong>sacra:</strong></span> <span class='ocrx_word' id='word_1_45' title='bbox 984 897 1188 937; x_wconf 70' lang='lat' dir='ltr'><strong>mensae</strong></span> <span class='ocrx_word' id='word_1_46' title='bbox 1215 881 1474 939; x_wconf 85' lang='lat' dir='ltr'><strong>ambitus.</strong></span> <span class='ocrx_word' id='word_1_47' title='bbox 1507 879 1674 933; x_wconf 83' lang='lat' dir='ltr'><strong>veluti</strong></span> <span class='ocrx_word' id='word_1_48' title='bbox 1723 878 2044 932; x_wconf 75' lang='lat' dir='ltr'><strong>reddentem</strong></span> 
     </span>
    </p>
   </div>
   <div class='ocr_carea' id='block_1_10' title="bbox 468 970 2045 1047">
    <p class='ocr_par' dir='ltr' id='par_1_10' title="bbox 468 970 2045 1047">
     <span class='ocr_line' id='line_1_10' title="bbox 468 970 2045 1047; baseline -0.006 -13"><span class='ocrx_word' id='word_1_49' title='bbox 468 980 718 1034; x_wconf 84' lang='lat' dir='ltr'><strong>debitum</strong></span> <span class='ocrx_word' id='word_1_50' title='bbox 747 977 1020 1047; x_wconf 83' lang='lat' dir='ltr'><strong>quoddam</strong></span> <span class='ocrx_word' id='word_1_51' title='bbox 1055 976 1277 1046; x_wconf 89' lang='lat' dir='ltr'><strong>pietatis</strong></span> <span class='ocrx_word' id='word_1_52' title='bbox 1302 973 1418 1027; x_wconf 83' lang='lat' dir='ltr'><strong>suis</strong></span> <span class='ocrx_word' id='word_1_53' title='bbox 1465 971 1904 1026; x_wconf 79' lang='lat' dir='ltr'><strong>auxiliatoribus.</strong></span> <span class='ocrx_word' id='word_1_54' title='bbox 1939 970 2045 1024; x_wconf 71' lang='lat' dir='ltr'><strong>Ve-</strong></span> 
     </span>
    </p>
   </div>
   <div class='ocr_carea' id='block_1_11' title="bbox 475 1063 2077 1138">
    <p class='ocr_par' dir='ltr' id='par_1_11' title="bbox 475 1063 2077 1138">
     <span class='ocr_line' id='line_1_11' title="bbox 475 1063 2077 1138; baseline -0.004 -14"><span class='ocrx_word' id='word_1_55' title='bbox 475 1087 592 1125; x_wconf 90' lang='lat' dir='ltr'><strong>rum</strong></span> <span class='ocrx_word' id='word_1_56' title='bbox 627 1071 950 1124; x_wconf 81' lang='lat' dir='ltr'><strong>Timotheus</strong></span> <span class='ocrx_word' id='word_1_57' title='bbox 978 1068 1197 1138; x_wconf 87' lang='lat' dir='ltr'><strong>quidem</strong></span> <span class='ocrx_word' id='word_1_58' title='bbox 1222 1065 1533 1137; x_wconf 72' lang='lat' dir='ltr'><strong>huiusmodi</strong></span> <span class='ocrx_word' id='word_1_59' title='bbox 1556 1063 1750 1119; x_wconf 86' lang='lat' dir='ltr'><strong>habuit</strong></span> <span class='ocrx_word' id='word_1_60' title='bbox 1797 1063 2077 1133; x_wconf 62' lang='lat' dir='ltr'><strong>corporis&#39;</strong></span> 
     </span>
    </p>
   </div>
   <div class='ocr_carea' id='block_1_12' title="bbox 471 1162 869 1216">
    <p class='ocr_par' dir='ltr' id='par_1_12' title="bbox 471 1162 869 1216">
     <span class='ocr_line' id='line_1_12' title="bbox 471 1162 869 1216; baseline 0 -2"><span class='ocrx_word' id='word_1_61' title='bbox 471 1162 869 1216; x_wconf 86' lang='lat' dir='ltr'><strong>reductionem.</strong></span> 
     </span>
    </p>
   </div>
   <div class='ocr_carea' id='block_1_13' title="bbox 539 1247 2047 1310">
    <p class='ocr_par' dir='ltr' id='par_1_13' title="bbox 539 1247 2047 1310">
     <span class='ocr_line' id='line_1_13' title="bbox 539 1247 2047 1310; baseline -0.007 -1"><span class='ocrx_word' id='word_1_62' title='bbox 539 1255 631 1310; x_wconf 78' lang='lat' dir='ltr'><strong>XI.</strong></span> <span class='ocrx_word' id='word_1_63' title='bbox 662 1254 830 1308; x_wconf 76' lang='lat' dir='ltr'><strong>Porro</strong></span> <span class='ocrx_word' id='word_1_64' title='bbox 866 1255 920 1308; x_wconf 89' lang='lat' dir='ltr'><strong>in</strong></span> <span class='ocrx_word' id='word_1_65' title='bbox 959 1253 1070 1308; x_wconf 90' lang='lat' dir='ltr'><strong>divi</strong></span> <span class='ocrx_word' id='word_1_66' title='bbox 1120 1253 1283 1307; x_wconf 68' lang='lat' dir='ltr'><strong>Luca:</strong></span> <span class='ocrx_word' id='word_1_67' title='bbox 1335 1249 1656 1305; x_wconf 87' lang='lat' dir='ltr'><strong>reductione</strong></span> <span class='ocrx_word' id='word_1_68' title='bbox 1712 1248 1819 1304; x_wconf 84' lang='lat' dir='ltr'><strong>tale</strong></span> <span class='ocrx_word' id='word_1_69' title='bbox 1865 1247 2047 1302; x_wconf 87' lang='lat' dir='ltr'><strong>editur</strong></span> 
     </span>
    </p>
   </div>
   <div class='ocr_carea' id='block_1_14' title="bbox 469 1341 2047 1408">
    <p class='ocr_par' dir='ltr' id='par_1_14' title="bbox 469 1341 2047 1408">
     <span class='ocr_line' id='line_1_14' title="bbox 469 1341 2047 1408; baseline -0.007 -5"><span class='ocrx_word' id='word_1_70' title='bbox 469 1347 795 1404; x_wconf 84' lang='lat' dir='ltr'><strong>miraculum</strong></span> <span class='ocrx_word' id='word_1_71' title='bbox 827 1360 1082 1402; x_wconf 88' lang='lat' dir='ltr'><strong>sermone</strong></span> <span class='ocrx_word' id='word_1_72' title='bbox 1113 1359 1177 1399; x_wconf 89' lang='lat' dir='ltr'><strong>ac</strong></span> <span class='ocrx_word' id='word_1_73' title='bbox 1219 1343 1484 1397; x_wconf 87' lang='lat' dir='ltr'><strong>memoria</strong></span> <span class='ocrx_word' id='word_1_74' title='bbox 1520 1342 1770 1408; x_wconf 77' lang='lat' dir='ltr'><strong>dignum.</strong></span> <span class='ocrx_word' id='word_1_75' title='bbox 1835 1341 2047 1392; x_wconf 85' lang='lat' dir='ltr'><strong>Anato-</strong></span> 
     </span>
    </p>
   </div>
   <div class='ocr_carea' id='block_1_15' title="bbox 472 1431 2050 1508">
    <p class='ocr_par' dir='ltr' id='par_1_15' title="bbox 472 1431 2050 1508">
     <span class='ocr_line' id='line_1_15' title="bbox 472 1431 2050 1508; baseline -0.006 -15"><span class='ocrx_word' id='word_1_76' title='bbox 472 1441 580 1494; x_wconf 86' lang='lat' dir='ltr'><strong>lius</strong></span> <span class='ocrx_word' id='word_1_77' title='bbox 641 1439 861 1508; x_wconf 83' lang='lat' dir='ltr'><strong>quidam</strong></span> <span class='ocrx_word' id='word_1_78' title='bbox 923 1438 1210 1492; x_wconf 85' lang='lat' dir='ltr'><strong>eunuchus</strong></span> <span class='ocrx_word' id='word_1_79' title='bbox 1267 1448 1408 1488; x_wconf 91' lang='lat' dir='ltr'><strong>unus</strong></span> <span class='ocrx_word' id='word_1_80' title='bbox 1461 1448 1652 1487; x_wconf 91' lang='lat' dir='ltr'><strong>eorum</strong></span> <span class='ocrx_word' id='word_1_81' title='bbox 1699 1431 1790 1502; x_wconf 89' lang='lat' dir='ltr'><strong>qui</strong></span> <span class='ocrx_word' id='word_1_82' title='bbox 1849 1439 1982 1485; x_wconf 88' lang='lat' dir='ltr'><strong>tunc</strong></span> <span class='ocrx_word' id='word_1_83' title='bbox 2018 1445 2050 1484; x_wconf 88' lang='lat' dir='ltr'><strong>e</strong></span> 
     </span>
    </p>
   </div>
   <div class='ocr_carea' id='block_1_16' title="bbox 471 1521 2052 1602">
    <p class='ocr_par' dir='ltr' id='par_1_16' title="bbox 471 1521 2052 1602">
     <span class='ocr_line' id='line_1_16' title="bbox 471 1521 2052 1602; baseline -0.008 -16"><span class='ocrx_word' id='word_1_84' title='bbox 471 1532 622 1602; x_wconf 81' lang='lat' dir='ltr'><strong>regio</strong></span> <span class='ocrx_word' id='word_1_85' title='bbox 651 1529 1106 1589; x_wconf 84' lang='lat' dir='ltr'><strong>eranteubieulo,</strong></span> <span class='ocrx_word' id='word_1_86' title='bbox 1155 1527 1355 1581; x_wconf 87' lang='lat' dir='ltr'><strong>misero</strong></span> <span class='ocrx_word' id='word_1_87' title='bbox 1415 1525 1664 1594; x_wconf 82' lang='lat' dir='ltr'><strong>corporis</strong></span> <span class='ocrx_word' id='word_1_88' title='bbox 1723 1523 1916 1576; x_wconf 92' lang='lat' dir='ltr'><strong>morho</strong></span> <span class='ocrx_word' id='word_1_89' title='bbox 1957 1521 2052 1576; x_wconf 86' lang='lat' dir='ltr'><strong>de-</strong></span> 
     </span>
    </p>
   </div>
   <div class='ocr_carea' id='block_1_17' title="bbox 475 1613 2048 1691">
    <p class='ocr_par' dir='ltr' id='par_1_17' title="bbox 475 1613 2048 1691">
     <span class='ocr_line' id='line_1_17' title="bbox 475 1613 2048 1691; baseline -0.01 -10"><span class='ocrx_word' id='word_1_90' title='bbox 475 1634 658 1681; x_wconf 80' lang='lat' dir='ltr'><strong>tentus</strong></span> <span class='ocrx_word' id='word_1_91' title='bbox 679 1632 817 1678; x_wconf 88' lang='lat' dir='ltr'><strong>erat.</strong></span> <span class='ocrx_word' id='word_1_92' title='bbox 847 1622 953 1680; x_wconf 86' lang='lat' dir='ltr'><strong>Ubi</strong></span> <span class='ocrx_word' id='word_1_93' title='bbox 980 1636 1106 1691; x_wconf 74' lang='lat' dir='ltr'><strong>ergo</strong></span> <span class='ocrx_word' id='word_1_94' title='bbox 1140 1619 1405 1686; x_wconf 78' lang='lat' dir='ltr'><strong>maiorem</strong></span> <span class='ocrx_word' id='word_1_95' title='bbox 1436 1617 1592 1671; x_wconf 80' lang='lat' dir='ltr'><strong>novit</strong></span> <span class='ocrx_word' id='word_1_96' title='bbox 1621 1629 1743 1668; x_wconf 88' lang='lat' dir='ltr'><strong>esse</strong></span> <span class='ocrx_word' id='word_1_97' title='bbox 1800 1613 2048 1668; x_wconf 84' lang='lat' dir='ltr'><strong>morbum</strong></span> 
     </span>
    </p>
   </div>
   <div class='ocr_carea' id='block_1_18' title="bbox 472 1706 2050 1788">
    <p class='ocr_par' dir='ltr' id='par_1_18' title="bbox 472 1706 2050 1788">
     <span class='ocr_line' id='line_1_18' title="bbox 472 1706 2050 1788; baseline -0.009 -14"><span class='ocrx_word' id='word_1_98' title='bbox 472 1734 635 1788; x_wconf 89' lang='lat' dir='ltr'><strong>quam</strong></span> <span class='ocrx_word' id='word_1_99' title='bbox 679 1719 770 1787; x_wconf 92' lang='lat' dir='ltr'><strong>qui</strong></span> <span class='ocrx_word' id='word_1_100' title='bbox 832 1716 1167 1770; x_wconf 88' lang='lat' dir='ltr'><strong>medicorum</strong></span> <span class='ocrx_word' id='word_1_101' title='bbox 1211 1721 1393 1782; x_wconf 85' lang='lat' dir='ltr'><strong>posset</strong></span> <span class='ocrx_word' id='word_1_102' title='bbox 1442 1719 1563 1764; x_wconf 88' lang='lat' dir='ltr'><strong>arte</strong></span> <span class='ocrx_word' id='word_1_103' title='bbox 1611 1709 1839 1774; x_wconf 87' lang='lat' dir='ltr'><strong>curari,</strong></span> <span class='ocrx_word' id='word_1_104' title='bbox 1883 1706 2050 1776; x_wconf 85' lang='lat' dir='ltr'><strong>probe</strong></span> 
     </span>
    </p>
   </div>
   <div class='ocr_carea' id='block_1_19' title="bbox 473 1801 2049 1878">
    <p class='ocr_par' dir='ltr' id='par_1_19' title="bbox 473 1801 2049 1878">
     <span class='ocr_line' id='line_1_19' title="bbox 473 1801 2049 1878; baseline -0.009 -11"><span class='ocrx_word' id='word_1_105' title='bbox 473 1813 657 1866; x_wconf 76' lang='lat' dir='ltr'><strong>sciens</strong></span> <span class='ocrx_word' id='word_1_106' title='bbox 687 1810 776 1866; x_wconf 86' lang='lat' dir='ltr'><strong>ille</strong></span> <span class='ocrx_word' id='word_1_107' title='bbox 803 1809 943 1878; x_wconf 76' lang='lat' dir='ltr'><strong>quod</strong></span> <span class='ocrx_word' id='word_1_108' title='bbox 968 1825 1089 1878; x_wconf 72' lang='lat' dir='ltr'><strong>qua:</strong></span> <span class='ocrx_word' id='word_1_109' title='bbox 1117 1803 1472 1876; x_wconf 80' lang='lat' dir='ltr'><strong>impossibilia</strong></span> <span class='ocrx_word' id='word_1_110' title='bbox 1509 1811 1635 1855; x_wconf 87' lang='lat' dir='ltr'><strong>sunt</strong></span> <span class='ocrx_word' id='word_1_111' title='bbox 1668 1801 1814 1870; x_wconf 92' lang='lat' dir='ltr'><strong>apud</strong></span> <span class='ocrx_word' id='word_1_112' title='bbox 1869 1801 2049 1854; x_wconf 86' lang='lat' dir='ltr'><strong>homi-</strong></span> 
     </span>
    </p>
   </div>
   <div class='ocr_carea' id='block_1_20' title="bbox 474 1893 2048 1969">
    <p class='ocr_par' dir='ltr' id='par_1_20' title="bbox 474 1893 2048 1969">
     <span class='ocr_line' id='line_1_20' title="bbox 474 1893 2048 1969; baseline -0.007 -12"><span class='ocrx_word' id='word_1_113' title='bbox 474 1918 597 1965; x_wconf 89' lang='lat' dir='ltr'><strong>nes,</strong></span> <span class='ocrx_word' id='word_1_114' title='bbox 641 1901 750 1955; x_wconf 79' lang='lat' dir='ltr'><strong>Deo</strong></span> <span class='ocrx_word' id='word_1_115' title='bbox 805 1899 1090 1969; x_wconf 82' lang='lat' dir='ltr'><strong>possibilia</strong></span> <span class='ocrx_word' id='word_1_116' title='bbox 1149 1907 1298 1962; x_wconf 87' lang='lat' dir='ltr'><strong>sunt,</strong></span> <span class='ocrx_word' id='word_1_117' title='bbox 1368 1894 1623 1948; x_wconf 88' lang='lat' dir='ltr'><strong>omnibus</strong></span> <span class='ocrx_word' id='word_1_118' title='bbox 1658 1893 1781 1949; x_wconf 90' lang='lat' dir='ltr'><strong>aliis</strong></span> <span class='ocrx_word' id='word_1_119' title='bbox 1823 1894 2048 1956; x_wconf 88' lang='lat' dir='ltr'><strong>relictis,</strong></span> 
     </span>
    </p>
   </div>
   <div class='ocr_carea' id='block_1_21' title="bbox 475 1983 2049 2055">
    <p class='ocr_par' dir='ltr' id='par_1_21' title="bbox 475 1983 2049 2055">
     <span class='ocr_line' id='line_1_21' title="bbox 475 1983 2049 2055; baseline -0.006 -9"><span class='ocrx_word' id='word_1_120' title='bbox 475 1993 542 2046; x_wconf 87' lang='lat' dir='ltr'><strong>ad</strong></span> <span class='ocrx_word' id='word_1_121' title='bbox 591 1991 793 2046; x_wconf 84' lang='lat' dir='ltr'><strong>Lucam</strong></span> <span class='ocrx_word' id='word_1_122' title='bbox 827 1989 1034 2043; x_wconf 83' lang='lat' dir='ltr'><strong>Ghristi</strong></span> <span class='ocrx_word' id='word_1_123' title='bbox 1080 1986 1407 2055; x_wconf 84' lang='lat' dir='ltr'><strong>discipulum</strong></span> <span class='ocrx_word' id='word_1_124' title='bbox 1462 1983 1744 2052; x_wconf 79' lang='lat' dir='ltr'><strong>confugit,</strong></span> <span class='ocrx_word' id='word_1_125' title='bbox 1828 1991 1885 2036; x_wconf 89' lang='lat' dir='ltr'><strong>et</strong></span> <span class='ocrx_word' id='word_1_126' title='bbox 1945 1984 2049 2036; x_wconf 88' lang='lat' dir='ltr'><strong>hoc</strong></span> 
     </span>
    </p>
   </div>
   <div class='ocr_carea' id='block_1_22' title="bbox 477 2076 2050 2140">
    <p class='ocr_par' dir='ltr' id='par_1_22' title="bbox 477 2076 2050 2140">
     <span class='ocr_line' id='line_1_22' title="bbox 477 2076 2050 2140; baseline -0.004 -3"><span class='ocrx_word' id='word_1_127' title='bbox 477 2085 806 2140; x_wconf 78' lang='lat' dir='ltr'><strong>auxiliatore</strong></span> <span class='ocrx_word' id='word_1_128' title='bbox 853 2083 1024 2137; x_wconf 84' lang='lat' dir='ltr'><strong>utitur</strong></span> <span class='ocrx_word' id='word_1_129' title='bbox 1087 2082 1353 2135; x_wconf 84' lang='lat' dir='ltr'><strong>adversus</strong></span> <span class='ocrx_word' id='word_1_130' title='bbox 1409 2078 1684 2132; x_wconf 89' lang='lat' dir='ltr'><strong>morbum.</strong></span> <span class='ocrx_word' id='word_1_131' title='bbox 1743 2076 1845 2136; x_wconf 89' lang='lat' dir='ltr'><strong>Ubi</strong></span> <span class='ocrx_word' id='word_1_132' title='bbox 1905 2077 2050 2132; x_wconf 90' lang='lat' dir='ltr'><strong>enim</strong></span> 
     </span>
    </p>
   </div>
   <div class='ocr_carea' id='block_1_23' title="bbox 480 2173 2052 2246">
    <p class='ocr_par' dir='ltr' id='par_1_23' title="bbox 480 2173 2052 2246">
     <span class='ocr_line' id='line_1_23' title="bbox 480 2173 2052 2246; baseline -0.004 -14"><span class='ocrx_word' id='word_1_133' title='bbox 480 2193 619 2233; x_wconf 87' lang='lat' dir='ltr'><strong>urna</strong></span> <span class='ocrx_word' id='word_1_134' title='bbox 655 2193 774 2246; x_wconf 53' lang='lat' dir='ltr'><strong>quae.</strong></span> <span class='ocrx_word' id='word_1_135' title='bbox 821 2175 1122 2245; x_wconf 86' lang='lat' dir='ltr'><strong>pretiosum</strong></span> <span class='ocrx_word' id='word_1_136' title='bbox 1164 2173 1478 2228; x_wconf 84' lang='lat' dir='ltr'><strong>continebat</strong></span> <span class='ocrx_word' id='word_1_137' title='bbox 1508 2173 1680 2243; x_wconf 84' lang='lat' dir='ltr'><strong>ipsius</strong></span> <span class='ocrx_word' id='word_1_138' title='bbox 1743 2189 1945 2244; x_wconf 88' lang='lat' dir='ltr'><strong>corpus</strong></span> <span class='ocrx_word' id='word_1_139' title='bbox 1987 2173 2052 2226; x_wconf 90' lang='lat' dir='ltr'><strong>ad</strong></span> 
     </span>
    </p>
   </div>
   <div class='ocr_carea' id='block_1_24' title="bbox 480 2263 2052 2334">
    <p class='ocr_par' dir='ltr' id='par_1_24' title="bbox 480 2263 2052 2334">
     <span class='ocr_line' id='line_1_24' title="bbox 480 2263 2052 2334; baseline -0.002 -13"><span class='ocrx_word' id='word_1_140' title='bbox 480 2282 695 2321; x_wconf 75' lang='lat' dir='ltr'><strong>sacrum</strong></span> <span class='ocrx_word' id='word_1_141' title='bbox 733 2264 1130 2334; x_wconf 82' lang='lat' dir='ltr'><strong>templumjam</strong></span> <span class='ocrx_word' id='word_1_142' title='bbox 1159 2273 1307 2319; x_wconf 84' lang='lat' dir='ltr'><strong>esset</strong></span> <span class='ocrx_word' id='word_1_143' title='bbox 1335 2264 1535 2327; x_wconf 84' lang='lat' dir='ltr'><strong>delata,</strong></span> <span class='ocrx_word' id='word_1_144' title='bbox 1571 2263 1716 2334; x_wconf 90' lang='lat' dir='ltr'><strong>quod</strong></span> <span class='ocrx_word' id='word_1_145' title='bbox 1771 2280 1802 2319; x_wconf 90' lang='lat' dir='ltr'><strong>a</strong></span> <span class='ocrx_word' id='word_1_146' title='bbox 1862 2263 2052 2318; x_wconf 82' lang='lat' dir='ltr'><strong>funda-</strong></span> 
     </span>
    </p>
   </div>
   <div class='ocr_carea' id='block_1_25' title="bbox 481 2355 2055 2419">
    <p class='ocr_par' dir='ltr' id='par_1_25' title="bbox 481 2355 2055 2419">
     <span class='ocr_line' id='line_1_25' title="bbox 481 2355 2055 2419; baseline 0 -9"><span class='ocrx_word' id='word_1_147' title='bbox 481 2356 685 2410; x_wconf 89' lang='lat' dir='ltr'><strong>mentis</strong></span> <span class='ocrx_word' id='word_1_148' title='bbox 708 2355 1064 2410; x_wconf 85' lang='lat' dir='ltr'><strong>Constantius</strong></span> <span class='ocrx_word' id='word_1_149' title='bbox 1089 2365 1380 2419; x_wconf 81' lang='lat' dir='ltr'><strong>erexerat,</strong></span> <span class='ocrx_word' id='word_1_150' title='bbox 1414 2357 1684 2410; x_wconf 81' lang='lat' dir='ltr'><strong>accedens</strong></span> <span class='ocrx_word' id='word_1_151' title='bbox 1733 2355 1824 2410; x_wconf 86' lang='lat' dir='ltr'><strong>hic</strong></span> <span class='ocrx_word' id='word_1_152' title='bbox 1874 2355 2055 2410; x_wconf 89' lang='lat' dir='ltr'><strong>dictus</strong></span> 
     </span>
    </p>
   </div>
   <div class='ocr_carea' id='block_1_26' title="bbox 480 2447 2055 2517">
    <p class='ocr_par' dir='ltr' id='par_1_26' title="bbox 480 2447 2055 2517">
     <span class='ocr_line' id='line_1_26' title="bbox 480 2447 2055 2517; baseline -0.001 -13"><span class='ocrx_word' id='word_1_153' title='bbox 480 2449 786 2511; x_wconf 81' lang='lat' dir='ltr'><strong>Anatolius,</strong></span> <span class='ocrx_word' id='word_1_154' title='bbox 839 2448 1114 2516; x_wconf 84' lang='lat' dir='ltr'><strong>simulque</strong></span> <span class='ocrx_word' id='word_1_155' title='bbox 1167 2447 1420 2514; x_wconf 86' lang='lat' dir='ltr'><strong>bajulans</strong></span> <span class='ocrx_word' id='word_1_156' title='bbox 1479 2462 1600 2501; x_wconf 91' lang='lat' dir='ltr'><strong>cum</strong></span> <span class='ocrx_word' id='word_1_157' title='bbox 1655 2447 1742 2502; x_wconf 91' lang='lat' dir='ltr'><strong>his</strong></span> <span class='ocrx_word' id='word_1_158' title='bbox 1768 2448 1860 2517; x_wconf 93' lang='lat' dir='ltr'><strong>qui</strong></span> <span class='ocrx_word' id='word_1_159' title='bbox 1909 2447 2055 2502; x_wconf 91' lang='lat' dir='ltr'><strong>illam</strong></span> 
     </span>
    </p>
   </div>
   <div class='ocr_carea' id='block_1_27' title="bbox 478 2539 2052 2613">
    <p class='ocr_par' dir='ltr' id='par_1_27' title="bbox 478 2539 2052 2613">
     <span class='ocr_line' id='line_1_27' title="bbox 478 2539 2052 2613; baseline -0.001 -17"><span class='ocrx_word' id='word_1_160' title='bbox 478 2541 788 2613; x_wconf 62' lang='lat' dir='ltr'><strong>portabant,</strong></span> <span class='ocrx_word' id='word_1_161' title='bbox 817 2539 1108 2597; x_wconf 80' lang='lat' dir='ltr'><strong>confestim</strong></span> <span class='ocrx_word' id='word_1_162' title='bbox 1134 2540 1478 2610; x_wconf 79' lang='lat' dir='ltr'><strong>deprimente</strong></span> <span class='ocrx_word' id='word_1_163' title='bbox 1505 2542 1696 2595; x_wconf 88' lang='lat' dir='ltr'><strong>morbo</strong></span> <span class='ocrx_word' id='word_1_164' title='bbox 1715 2540 2052 2596; x_wconf 84' lang='lat' dir='ltr'><strong>absolvitur:</strong></span> 
     </span>
    </p>
   </div>
   <div class='ocr_carea' id='block_1_28' title="bbox 479 2631 2057 2701">
    <p class='ocr_par' dir='ltr' id='par_1_28' title="bbox 479 2631 2057 2701">
     <span class='ocr_line' id='line_1_28' title="bbox 479 2631 2057 2701; baseline -0.001 -14"><span class='ocrx_word' id='word_1_165' title='bbox 479 2642 534 2688; x_wconf 90' lang='lat' dir='ltr'><strong>et</strong></span> <span class='ocrx_word' id='word_1_166' title='bbox 558 2634 744 2688; x_wconf 80' lang='lat' dir='ltr'><strong>vivens</strong></span> <span class='ocrx_word' id='word_1_167' title='bbox 772 2647 838 2688; x_wconf 81' lang='lat' dir='ltr'><strong>ex</strong></span> <span class='ocrx_word' id='word_1_168' title='bbox 871 2644 1088 2686; x_wconf 87' lang='lat' dir='ltr'><strong>mortuo</strong></span> <span class='ocrx_word' id='word_1_169' title='bbox 1112 2632 1217 2686; x_wconf 85' lang='lat' dir='ltr'><strong>tale</strong></span> <span class='ocrx_word' id='word_1_170' title='bbox 1267 2631 1498 2701; x_wconf 86' lang='lat' dir='ltr'><strong>adeptus</strong></span> <span class='ocrx_word' id='word_1_171' title='bbox 1550 2631 1902 2696; x_wconf 85' lang='lat' dir='ltr'><strong>beneﬁcium,</strong></span> <span class='ocrx_word' id='word_1_172' title='bbox 1944 2641 2057 2688; x_wconf 85' lang='lat' dir='ltr'><strong>tota</strong></span> 
     </span>
    </p>
   </div>
   <div class='ocr_carea' id='block_1_29' title="bbox 477 2725 2059 2795">
    <p class='ocr_par' dir='ltr' id='par_1_29' title="bbox 477 2725 2059 2795">
     <span class='ocr_line' id='line_1_29' title="bbox 477 2725 2059 2795; baseline 0.001 -17"><span class='ocrx_word' id='word_1_173' title='bbox 477 2742 576 2782; x_wconf 71' lang='lat' dir='ltr'><strong>sua</strong></span> <span class='ocrx_word' id='word_1_174' title='bbox 612 2727 719 2781; x_wconf 82' lang='lat' dir='ltr'><strong>vita</strong></span> <span class='ocrx_word' id='word_1_175' title='bbox 751 2742 860 2780; x_wconf 91' lang='lat' dir='ltr'><strong>non</strong></span> <span class='ocrx_word' id='word_1_176' title='bbox 892 2725 1192 2780; x_wconf 88' lang='lat' dir='ltr'><strong>intermisit</strong></span> <span class='ocrx_word' id='word_1_177' title='bbox 1223 2727 1430 2792; x_wconf 71' lang='lat' dir='ltr'><strong>gratias</strong></span> <span class='ocrx_word' id='word_1_178' title='bbox 1469 2740 1631 2795; x_wconf 80' lang='lat' dir='ltr'><strong>agere</strong></span> <span class='ocrx_word' id='word_1_179' title='bbox 1689 2725 1942 2794; x_wconf 90' lang='lat' dir='ltr'><strong>apostolo</strong></span> <span class='ocrx_word' id='word_1_180' title='bbox 1993 2740 2059 2780; x_wconf 89' lang='lat' dir='ltr'><strong>ac</strong></span> 
     </span>
    </p>
   </div>
   <div class='ocr_carea' id='block_1_30' title="bbox 483 2817 1934 2889">
    <p class='ocr_par' dir='ltr' id='par_1_30' title="bbox 483 2817 1934 2889">
     <span class='ocr_line' id='line_1_30' title="bbox 483 2817 1934 2889; baseline 0.001 -16"><span class='ocrx_word' id='word_1_181' title='bbox 483 2820 592 2874; x_wconf 86' lang='lat' dir='ltr'><strong>Deo</strong></span> <span class='ocrx_word' id='word_1_182' title='bbox 617 2819 710 2889; x_wconf 91' lang='lat' dir='ltr'><strong>qui</strong></span> <span class='ocrx_word' id='word_1_183' title='bbox 742 2833 840 2886; x_wconf 88' lang='lat' dir='ltr'><strong>per</strong></span> <span class='ocrx_word' id='word_1_184' title='bbox 872 2818 1050 2886; x_wconf 86' lang='lat' dir='ltr'><strong>ipsum</strong></span> <span class='ocrx_word' id='word_1_185' title='bbox 1081 2817 1400 2886; x_wconf 71' lang='lat' dir='ltr'><strong>huiusmodi</strong></span> <span class='ocrx_word' id='word_1_186' title='bbox 1423 2817 1623 2872; x_wconf 87' lang='lat' dir='ltr'><strong>edebat</strong></span> <span class='ocrx_word' id='word_1_187' title='bbox 1648 2817 1934 2874; x_wconf 83' lang='lat' dir='ltr'><strong>miracula.</strong></span> 
     </span>
    </p>
   </div>
   <div class='ocr_carea' id='block_1_31' title="bbox 554 2909 2061 2982">
    <p class='ocr_par' dir='ltr' id='par_1_31' title="bbox 554 2909 2061 2982">
     <span class='ocr_line' id='line_1_31' title="bbox 554 2909 2061 2982; baseline 0.001 -18"><span class='ocrx_word' id='word_1_188' title='bbox 554 2909 671 2966; x_wconf 78' lang='lat' dir='ltr'><strong>XII.</strong></span> <span class='ocrx_word' id='word_1_189' title='bbox 692 2910 766 2965; x_wconf 84' lang='lat' dir='ltr'><strong>Ita</strong></span> <span class='ocrx_word' id='word_1_190' title='bbox 799 2911 959 2982; x_wconf 80' lang='lat' dir='ltr'><strong>igitur</strong></span> <span class='ocrx_word' id='word_1_191' title='bbox 989 2909 1221 2980; x_wconf 90' lang='lat' dir='ltr'><strong>primum</strong></span> <span class='ocrx_word' id='word_1_192' title='bbox 1247 2925 1311 2964; x_wconf 80' lang='lat' dir='ltr'><strong>ex</strong></span> <span class='ocrx_word' id='word_1_193' title='bbox 1345 2909 1550 2965; x_wconf 80' lang='lat' dir='ltr'><strong>Thebis</strong></span> <span class='ocrx_word' id='word_1_194' title='bbox 1576 2911 1806 2965; x_wconf 89' lang='lat' dir='ltr'><strong>relatum</strong></span> <span class='ocrx_word' id='word_1_195' title='bbox 1837 2911 2061 2966; x_wconf 86' lang='lat' dir='ltr'><strong>divinis-</strong></span> 
     </span>
    </p>
   </div>
   <div class='ocr_carea' id='block_1_32' title="bbox 482 2999 2059 3074">
    <p class='ocr_par' dir='ltr' id='par_1_32' title="bbox 482 2999 2059 3074">
     <span class='ocr_line' id='line_1_32' title="bbox 482 2999 2059 3074; baseline -0.001 -15"><span class='ocrx_word' id='word_1_196' title='bbox 482 3003 604 3059; x_wconf 67' lang='lat' dir='ltr'><strong>v&#39;mi</strong></span> <span class='ocrx_word' id='word_1_197' title='bbox 633 2999 793 3056; x_wconf 79' lang='lat' dir='ltr'><strong>Loca:</strong></span> <span class='ocrx_word' id='word_1_198' title='bbox 815 3018 1034 3068; x_wconf 78' lang='lat' dir='ltr'><strong>corpus,</strong></span> <span class='ocrx_word' id='word_1_199' title='bbox 1057 3001 1356 3056; x_wconf 78' lang='lat' dir='ltr'><strong>honoriﬁce</strong></span> <span class='ocrx_word' id='word_1_200' title='bbox 1374 3002 1668 3056; x_wconf 84' lang='lat' dir='ltr'><strong>admodum</strong></span> <span class='ocrx_word' id='word_1_201' title='bbox 1686 3017 1748 3057; x_wconf 89' lang='lat' dir='ltr'><strong>ac</strong></span> <span class='ocrx_word' id='word_1_202' title='bbox 1772 3003 2059 3074; x_wconf 71' lang='lat' dir='ltr'><strong>magnifice</strong></span> 
     </span>
    </p>
   </div>
   <div class='ocr_carea' id='block_1_33' title="bbox 484 3091 2056 3164">
    <p class='ocr_par' dir='ltr' id='par_1_33' title="bbox 484 3091 2056 3164">
     <span class='ocr_line' id='line_1_33' title="bbox 484 3091 2056 3164; baseline 0.003 -20"><span class='ocrx_word' id='word_1_203' title='bbox 484 3109 589 3148; x_wconf 90' lang='lat' dir='ltr'><strong>una</strong></span> <span class='ocrx_word' id='word_1_204' title='bbox 623 3108 746 3149; x_wconf 89' lang='lat' dir='ltr'><strong>cum</strong></span> <span class='ocrx_word' id='word_1_205' title='bbox 771 3092 986 3146; x_wconf 81' lang='lat' dir='ltr'><strong>Andrea</strong></span> <span class='ocrx_word' id='word_1_206' title='bbox 1015 3108 1078 3146; x_wconf 92' lang='lat' dir='ltr'><strong>ae</strong></span> <span class='ocrx_word' id='word_1_207' title='bbox 1102 3091 1388 3147; x_wconf 87' lang='lat' dir='ltr'><strong>Timotheo</strong></span> <span class='ocrx_word' id='word_1_208' title='bbox 1419 3092 1472 3146; x_wconf 93' lang='lat' dir='ltr'><strong>in</strong></span> <span class='ocrx_word' id='word_1_209' title='bbox 1499 3092 1702 3163; x_wconf 88' lang='lat' dir='ltr'><strong>templo</strong></span> <span class='ocrx_word' id='word_1_210' title='bbox 1746 3095 2056 3164; x_wconf 90' lang='lat' dir='ltr'><strong>reponitur,</strong></span> 
     </span>
    </p>
   </div>
   <div class='ocr_carea' id='block_1_34' title="bbox 2085 1863 2127 1918">
    <p class='ocr_par' dir='ltr' id='par_1_34' title="bbox 2085 1863 2127 1918">
     <span class='ocr_line' id='line_1_34' title="bbox 2085 1863 2127 1918; baseline 0 -4"><span class='ocrx_word' id='word_1_211' title='bbox 2085 1863 2127 1918; x_wconf 83' lang='grc' dir='ltr'><strong><em>Β</em></strong></span> 
     </span>
    </p>
   </div>
   <div class='ocr_carea' id='block_1_35' title="bbox 2144 607 3715 686">
    <p class='ocr_par' dir='ltr' id='par_1_35' title="bbox 2144 607 3715 686">
     <span class='ocr_line' id='line_1_35' title="bbox 2144 607 3715 686; baseline -0.003 -22"><span class='ocrx_word' id='word_1_212' title='bbox 2144 629 2263 666; x_wconf 87' lang='grc' dir='ltr'>τινα</span> <span class='ocrx_word' id='word_1_213' title='bbox 2294 615 2530 684; x_wconf 83' lang='grc' dir='ltr'>διαφανῆ</span> <span class='ocrx_word' id='word_1_214' title='bbox 2577 613 2784 686; x_wconf 77' lang='grc' dir='ltr'><strong>ἀστέρα</strong></span> <span class='ocrx_word' id='word_1_215' title='bbox 2818 612 3191 681; x_wconf 68' lang='grc' dir='ltr'>ἐκλάμψαντα,</span> <span class='ocrx_word' id='word_1_216' title='bbox 3217 610 3277 674; x_wconf 79' lang='grc' dir='ltr'>ἐξ</span> <span class='ocrx_word' id='word_1_217' title='bbox 3323 607 3545 677; x_wconf 83' lang='grc' dir='ltr'>Ἐφέσου</span> <span class='ocrx_word' id='word_1_218' title='bbox 3592 607 3715 660; x_wconf 77' lang='grc' dir='ltr'>ἀνα·</span> 
     </span>
    </p>
   </div>
   <div class='ocr_carea' id='block_1_36' title="bbox 2147 698 3715 776">
    <p class='ocr_par' dir='ltr' id='par_1_36' title="bbox 2147 698 3715 776">
     <span class='ocr_line' id='line_1_36' title="bbox 2147 698 3715 776; baseline -0.006 -16"><span class='ocrx_word' id='word_1_219' title='bbox 2147 709 2302 774; x_wconf 79' lang='grc' dir='ltr'>φέρει</span> <span class='ocrx_word' id='word_1_220' title='bbox 2334 707 2432 776; x_wconf 83' lang='grc' dir='ltr'>τῆς</span> <span class='ocrx_word' id='word_1_221' title='bbox 2492 705 2720 768; x_wconf 83' lang='grc' dir='ltr'>Ἰωνίας,</span> <span class='ocrx_word' id='word_1_222' title='bbox 2763 702 3028 773; x_wconf 78' lang='grc' dir='ltr'>ὑπουργῷ</span> <span class='ocrx_word' id='word_1_223' title='bbox 3061 703 3158 756; x_wconf 72' lang='grc' dir='ltr'><strong>καὶ</strong></span> <span class='ocrx_word' id='word_1_224' title='bbox 3189 700 3344 762; x_wconf 77' lang='grc' dir='ltr'>αὖθις</span> <span class='ocrx_word' id='word_1_225' title='bbox 3381 703 3517 771; x_wconf 81' lang='grc' dir='ltr'>πρὸς</span> <span class='ocrx_word' id='word_1_226' title='bbox 3561 698 3715 751; x_wconf 87' lang='grc' dir='ltr'>τοῦτο</span> 
     </span>
    </p>
   </div>
   <div class='ocr_carea' id='block_1_37' title="bbox 2145 790 3714 866">
    <p class='ocr_par' dir='ltr' id='par_1_37' title="bbox 2145 790 3714 866">
     <span class='ocr_line' id='line_1_37' title="bbox 2145 790 3714 866; baseline -0.004 -16"><span class='ocrx_word' id='word_1_227' title='bbox 2145 798 2224 866; x_wconf 85' lang='grc' dir='ltr'>τῷ</span> <span class='ocrx_word' id='word_1_228' title='bbox 2269 797 2542 866; x_wconf 84' lang='grc' dir='ltr'>Ἀρτεμίῳ</span> <span class='ocrx_word' id='word_1_229' title='bbox 2583 797 2951 866; x_wconf 77' lang='grc' dir='ltr'>χρησάμενος.</span> <span class='ocrx_word' id='word_1_230' title='bbox 3012 793 3152 847; x_wconf 84' lang='grc' dir='ltr'>Ἀλλ’</span> <span class='ocrx_word' id='word_1_231' title='bbox 3184 793 3308 860; x_wconf 78' lang='grc' dir='ltr'>ἔσχε</span> <span class='ocrx_word' id='word_1_232' title='bbox 3359 791 3456 844; x_wconf 75' lang='grc' dir='ltr'>καὶ</span> <span class='ocrx_word' id='word_1_233' title='bbox 3508 790 3714 844; x_wconf 77' lang='grc' dir='ltr'>αῦτδνό</span> 
     </span>
    </p>
   </div>
   <div class='ocr_carea' id='block_1_38' title="bbox 2146 882 3715 962">
    <p class='ocr_par' dir='ltr' id='par_1_38' title="bbox 2146 882 3715 962">
     <span class='ocr_line' id='line_1_38' title="bbox 2146 882 3715 962; baseline -0.008 -17"><span class='ocrx_word' id='word_1_234' title='bbox 2146 893 2245 961; x_wconf 73' lang='grc' dir='ltr'>τῆς</span> <span class='ocrx_word' id='word_1_235' title='bbox 2299 893 2450 962; x_wconf 78' lang='grc' dir='ltr'>ἱερᾶς</span> <span class='ocrx_word' id='word_1_236' title='bbox 2505 891 2787 961; x_wconf 77' lang='grc' dir='ltr'><strong>τραπέζης</strong></span> <span class='ocrx_word' id='word_1_237' title='bbox 2837 888 2982 943; x_wconf 81' lang='grc' dir='ltr'>θεῖος</span> <span class='ocrx_word' id='word_1_238' title='bbox 3035 885 3340 955; x_wconf 72' lang='grc' dir='ltr'>περίϐολος,</span> <span class='ocrx_word' id='word_1_239' title='bbox 3386 882 3634 951; x_wconf 84' lang='grc' dir='ltr'>καθάπερ</span> <span class='ocrx_word' id='word_1_240' title='bbox 3665 899 3715 934; x_wconf 89' lang='grc' dir='ltr'><strong>τι</strong></span> 
     </span>
    </p>
   </div>
   <div class='ocr_carea' id='block_1_39' title="bbox 2146 972 3715 1058">
    <p class='ocr_par' dir='ltr' id='par_1_39' title="bbox 2146 972 3715 1058">
     <span class='ocr_line' id='line_1_39' title="bbox 2146 972 3715 1058; baseline -0.01 -19"><span class='ocrx_word' id='word_1_241' title='bbox 2146 985 2304 1058; x_wconf 78' lang='grc' dir='ltr'>χρέος</span> <span class='ocrx_word' id='word_1_242' title='bbox 2331 987 2444 1047; x_wconf 85' lang='grc' dir='ltr'>τοῖς</span> <span class='ocrx_word' id='word_1_243' title='bbox 2486 983 2849 1051; x_wconf 85' lang='grc' dir='ltr'>συνεργάταις</span> <span class='ocrx_word' id='word_1_244' title='bbox 2887 978 3054 1032; x_wconf 80' lang='grc' dir='ltr'>αὐτοῦ</span> <span class='ocrx_word' id='word_1_245' title='bbox 3080 979 3177 1046; x_wconf 85' lang='grc' dir='ltr'><strong>τῆς</strong></span> <span class='ocrx_word' id='word_1_246' title='bbox 3212 975 3497 1035; x_wconf 79' lang='grc' dir='ltr'>εὑσεὸεἱας</span> <span class='ocrx_word' id='word_1_247' title='bbox 3523 972 3715 1026; x_wconf 82' lang='grc' dir='ltr'>ἀποδο-</span> 
     </span>
    </p>
   </div>
   <div class='ocr_carea' id='block_1_40' title="bbox 2147 1063 3717 1142">
    <p class='ocr_par' dir='ltr' id='par_1_40' title="bbox 2147 1063 3717 1142">
     <span class='ocr_line' id='line_1_40' title="bbox 2147 1063 3717 1142; baseline -0.012 -11"><span class='ocrx_word' id='word_1_248' title='bbox 2147 1079 2328 1131; x_wconf 83' lang='grc' dir='ltr'>θέντα.</span> <span class='ocrx_word' id='word_1_249' title='bbox 2370 1076 2532 1129; x_wconf 61' lang='lat' dir='ltr'><strong>mm</strong></span> <span class='ocrx_word' id='word_1_250' title='bbox 2570 1074 2833 1142; x_wconf 84' lang='grc' dir='ltr'>Τιμόθεος</span> <span class='ocrx_word' id='word_1_251' title='bbox 2865 1072 2963 1142; x_wconf 75' lang='grc' dir='ltr'>μὲν</span> <span class='ocrx_word' id='word_1_252' title='bbox 3002 1067 3265 1135; x_wconf 77' lang='grc' dir='ltr'><strong>τοιαύτην</strong></span> <span class='ocrx_word' id='word_1_253' title='bbox 3291 1066 3416 1136; x_wconf 78' lang='grc' dir='ltr'>ἔσχε</span> <span class='ocrx_word' id='word_1_254' title='bbox 3463 1063 3561 1132; x_wconf 80' lang='grc' dir='ltr'><strong>τὴν</strong></span> <span class='ocrx_word' id='word_1_255' title='bbox 3587 1063 3717 1115; x_wconf 79' lang='grc' dir='ltr'>ἀναο</span> 
     </span>
    </p>
   </div>
   <div class='ocr_carea' id='block_1_41' title="bbox 2147 1167 2814 1240">
    <p class='ocr_par' dir='ltr' id='par_1_41' title="bbox 2147 1167 2814 1240">
     <span class='ocr_line' id='line_1_41' title="bbox 2147 1167 2814 1240; baseline -0.007 -17"><span class='ocrx_word' id='word_1_256' title='bbox 2147 1170 2382 1240; x_wconf 74' lang='grc' dir='ltr'>κομιδὴν</span> <span class='ocrx_word' id='word_1_257' title='bbox 2407 1167 2500 1221; x_wconf 85' lang='grc' dir='ltr'><strong>τοῦ</strong></span> <span class='ocrx_word' id='word_1_258' title='bbox 2538 1168 2814 1236; x_wconf 86' lang='grc' dir='ltr'>σώματος.</span> 
     </span>
    </p>
   </div>
   <div class='ocr_carea' id='block_1_42' title="bbox 2219 1243 3719 1328">
    <p class='ocr_par' dir='ltr' id='par_1_42' title="bbox 2219 1243 3719 1328">
     <span class='ocr_line' id='line_1_42' title="bbox 2219 1243 3719 1328; baseline -0.014 -13"><span class='ocrx_word' id='word_1_259' title='bbox 2219 1263 2287 1315; x_wconf 80' lang='grc' dir='ltr'><strong>ΙΑ</strong></span> <span class='ocrx_word' id='word_1_260' title='bbox 2307 1301 2322 1317; x_wconf 94' lang='grc'><strong>.</strong></span> <span class='ocrx_word' id='word_1_261' title='bbox 2354 1261 2477 1312; x_wconf 68' lang='grc' dir='ltr'>Ἐπὶ</span> <span class='ocrx_word' id='word_1_262' title='bbox 2506 1260 2561 1313; x_wconf 83' lang='grc' dir='ltr'>δὲ</span> <span class='ocrx_word' id='word_1_263' title='bbox 2584 1262 2649 1328; x_wconf 82' lang='grc' dir='ltr'>τῇ</span> <span class='ocrx_word' id='word_1_264' title='bbox 2684 1256 2779 1310; x_wconf 88' lang='grc' dir='ltr'><strong>τοῦ</strong></span> <span class='ocrx_word' id='word_1_265' title='bbox 2812 1255 2958 1309; x_wconf 97' lang='grc' dir='ltr'>θείου</span> <span class='ocrx_word' id='word_1_266' title='bbox 3008 1253 3194 1307; x_wconf 83' lang='grc' dir='ltr'>Λουκᾶ</span> <span class='ocrx_word' id='word_1_267' title='bbox 3224 1243 3719 1317; x_wconf 83' lang='grc' dir='ltr'>θαυματουργεῖταί</span> 
     </span>
    </p>
   </div>
   <div class='ocr_carea' id='block_1_43' title="bbox 2148 1340 3722 1419">
    <p class='ocr_par' dir='ltr' id='par_1_43' title="bbox 2148 1340 3722 1419">
     <span class='ocr_line' id='line_1_43' title="bbox 2148 1340 3722 1419; baseline -0.013 -11"><span class='ocrx_word' id='word_1_268' title='bbox 2148 1372 2200 1408; x_wconf 87' lang='grc' dir='ltr'><strong>τι</strong></span> <span class='ocrx_word' id='word_1_269' title='bbox 2235 1353 2473 1408; x_wconf 87' lang='grc' dir='ltr'>τοιοῦτον</span> <span class='ocrx_word' id='word_1_270' title='bbox 2498 1352 2657 1419; x_wconf 81' lang='grc' dir='ltr'>λόγου</span> <span class='ocrx_word' id='word_1_271' title='bbox 2694 1349 2789 1403; x_wconf 79' lang='grc' dir='ltr'><strong>καὶ</strong></span> <span class='ocrx_word' id='word_1_272' title='bbox 2823 1348 3042 1418; x_wconf 81' lang='grc' dir='ltr'><strong>μνήμης</strong></span> <span class='ocrx_word' id='word_1_273' title='bbox 3074 1345 3243 1410; x_wconf 78' lang='grc' dir='ltr'>ἄξιον·</span> <span class='ocrx_word' id='word_1_274' title='bbox 3285 1340 3589 1401; x_wconf 74' lang='grc' dir='ltr'>’Δνατόλιός</span> <span class='ocrx_word' id='word_1_275' title='bbox 3614 1355 3722 1401; x_wconf 74' lang='grc' dir='ltr'>τις,</span> 
     </span>
    </p>
   </div>
   <div class='ocr_carea' id='block_1_44' title="bbox 2150 1431 3721 1514">
    <p class='ocr_par' dir='ltr' id='par_1_44' title="bbox 2150 1431 3721 1514">
     <span class='ocr_line' id='line_1_44' title="bbox 2150 1431 3721 1514; baseline -0.012 -16"><span class='ocrx_word' id='word_1_276' title='bbox 2150 1445 2406 1514; x_wconf 70' lang='grc' dir='ltr'>εὐνοῦχος</span> <span class='ocrx_word' id='word_1_277' title='bbox 2436 1439 2514 1506; x_wconf 78' lang='grc' dir='ltr'>εἷς</span> <span class='ocrx_word' id='word_1_278' title='bbox 2539 1443 2649 1494; x_wconf 83' lang='grc' dir='ltr'>τῶν</span> <span class='ocrx_word' id='word_1_279' title='bbox 2676 1441 2740 1494; x_wconf 84' lang='grc' dir='ltr'>ὲκ</span> <span class='ocrx_word' id='word_1_280' title='bbox 2792 1438 2886 1491; x_wconf 87' lang='grc' dir='ltr'><strong>τοῦ</strong></span> <span class='ocrx_word' id='word_1_281' title='bbox 2945 1431 3230 1506; x_wconf 78' lang='grc' dir='ltr'><strong>βασιλικοῦ</strong></span> <span class='ocrx_word' id='word_1_282' title='bbox 3284 1432 3543 1492; x_wconf 77' lang='grc' dir='ltr'>κοιτῶνος</span> <span class='ocrx_word' id='word_1_283' title='bbox 3571 1446 3721 1496; x_wconf 77' lang='grc' dir='ltr'>τηνι-</span> 
     </span>
    </p>
   </div>
   <div class='ocr_carea' id='block_1_45' title="bbox 2150 1517 3719 1596">
    <p class='ocr_par' dir='ltr' id='par_1_45' title="bbox 2150 1517 3719 1596">
     <span class='ocr_line' id='line_1_45' title="bbox 2150 1517 3719 1596; baseline -0.011 -8"><span class='ocrx_word' id='word_1_284' title='bbox 2150 1535 2328 1588; x_wconf 84' lang='grc' dir='ltr'>καῦτα</span> <span class='ocrx_word' id='word_1_285' title='bbox 2372 1533 2470 1596; x_wconf 83' lang='grc' dir='ltr'><strong>ὢν,</strong></span> <span class='ocrx_word' id='word_1_286' title='bbox 2507 1532 2673 1584; x_wconf 75' lang='grc' dir='ltr'>πάθει</span> <span class='ocrx_word' id='word_1_287' title='bbox 2725 1528 2900 1584; x_wconf 81' lang='grc' dir='ltr'><strong>δεινοῦ</strong></span> <span class='ocrx_word' id='word_1_288' title='bbox 2946 1527 3200 1595; x_wconf 85' lang='grc' dir='ltr'>σώματος</span> <span class='ocrx_word' id='word_1_289' title='bbox 3250 1525 3585 1596; x_wconf 74' lang='grc' dir='ltr'><strong>κατάσχετος</strong></span> <span class='ocrx_word' id='word_1_290' title='bbox 3635 1517 3719 1591; x_wconf 74' lang='grc' dir='ltr'>ἦν.</span> 
     </span>
    </p>
   </div>
   <div class='ocr_carea' id='block_1_46' title="bbox 2163 1613 3720 1693">
    <p class='ocr_par' dir='ltr' id='par_1_46' title="bbox 2163 1613 3720 1693">
     <span class='ocr_line' id='line_1_46' title="bbox 2163 1613 3720 1693; baseline -0.012 -11"><span class='ocrx_word' id='word_1_291' title='bbox 2163 1626 2250 1688; x_wconf 83' lang='grc' dir='ltr'><strong>Ὦς</strong></span> <span class='ocrx_word' id='word_1_292' title='bbox 2279 1622 2371 1679; x_wconf 82' lang='grc' dir='ltr'><strong>οὖν</strong></span> <span class='ocrx_word' id='word_1_293' title='bbox 2412 1623 2594 1693; x_wconf 76' lang='grc' dir='ltr'>μεῖξον</span> <span class='ocrx_word' id='word_1_294' title='bbox 2619 1622 2734 1692; x_wconf 79' lang='grc' dir='ltr'>ᾔδει</span> <span class='ocrx_word' id='word_1_295' title='bbox 2760 1622 2818 1673; x_wconf 74' lang='grc' dir='ltr'><strong>τὸ</strong></span> <span class='ocrx_word' id='word_1_296' title='bbox 2839 1622 3011 1682; x_wconf 73' lang='grc' dir='ltr'>πάθος</span> <span class='ocrx_word' id='word_1_297' title='bbox 3039 1621 3072 1691; x_wconf 74' lang='grc' dir='ltr'>ἢ</span> <span class='ocrx_word' id='word_1_298' title='bbox 3101 1619 3244 1673; x_wconf 80' lang='grc' dir='ltr'><strong>κατά</strong></span> <span class='ocrx_word' id='word_1_299' title='bbox 3268 1617 3366 1687; x_wconf 84' lang='grc' dir='ltr'>τὴν</span> <span class='ocrx_word' id='word_1_300' title='bbox 3389 1618 3499 1668; x_wconf 84' lang='grc' dir='ltr'><strong>τῶν</strong></span> <span class='ocrx_word' id='word_1_301' title='bbox 3527 1613 3720 1680; x_wconf 72' lang='grc' dir='ltr'>ἰατρῶν</span> 
     </span>
    </p>
   </div>
   <div class='ocr_carea' id='block_1_47' title="bbox 2150 1704 3726 1788">
    <p class='ocr_par' dir='ltr' id='par_1_47' title="bbox 2150 1704 3726 1788">
     <span class='ocr_line' id='line_1_47' title="bbox 2150 1704 3726 1788; baseline -0.012 -16"><span class='ocrx_word' id='word_1_302' title='bbox 2150 1720 2346 1788; x_wconf 84' lang='grc' dir='ltr'>τέχνην</span> <span class='ocrx_word' id='word_1_303' title='bbox 2374 1716 2571 1778; x_wconf 72' lang='grc' dir='ltr'>ἐδόκει,</span> <span class='ocrx_word' id='word_1_304' title='bbox 2605 1712 2663 1766; x_wconf 77' lang='grc' dir='ltr'><strong>εὖ</strong></span> <span class='ocrx_word' id='word_1_305' title='bbox 2705 1712 2912 1774; x_wconf 78' lang='grc' dir='ltr'>ἐκεῖνος</span> <span class='ocrx_word' id='word_1_306' title='bbox 2940 1711 3095 1773; x_wconf 79' lang='grc' dir='ltr'>εἰδὼς</span> <span class='ocrx_word' id='word_1_307' title='bbox 3133 1711 3214 1764; x_wconf 77' lang='grc' dir='ltr'>ὅτι</span> <span class='ocrx_word' id='word_1_308' title='bbox 3253 1708 3322 1761; x_wconf 79' lang='grc' dir='ltr'>τὰ</span> <span class='ocrx_word' id='word_1_309' title='bbox 3346 1708 3495 1776; x_wconf 83' lang='grc' dir='ltr'><strong>παρά</strong></span> <span class='ocrx_word' id='word_1_310' title='bbox 3523 1704 3726 1773; x_wconf 65' lang='grc' dir='ltr'>ἀνθρὼ-</span> 
     </span>
    </p>
   </div>
   <div class='ocr_carea' id='block_1_48' title="bbox 2156 1799 3722 1878">
    <p class='ocr_par' dir='ltr' id='par_1_48' title="bbox 2156 1799 3722 1878">
     <span class='ocr_line' id='line_1_48' title="bbox 2156 1799 3722 1878; baseline -0.012 -13"><span class='ocrx_word' id='word_1_311' title='bbox 2156 1829 2277 1872; x_wconf 84' lang='grc' dir='ltr'>ποις</span> <span class='ocrx_word' id='word_1_312' title='bbox 2301 1810 2564 1872; x_wconf 82' lang='grc' dir='ltr'>ἀδύνατα,</span> <span class='ocrx_word' id='word_1_313' title='bbox 2594 1808 2672 1878; x_wconf 82' lang='grc' dir='ltr'>τῷ</span> <span class='ocrx_word' id='word_1_314' title='bbox 2699 1807 2818 1875; x_wconf 87' lang='grc' dir='ltr'><strong>Θεῷ</strong></span> <span class='ocrx_word' id='word_1_315' title='bbox 2837 1803 3059 1866; x_wconf 80' lang='grc' dir='ltr'>δυνατὰ,</span> <span class='ocrx_word' id='word_1_316' title='bbox 3083 1801 3193 1854; x_wconf 82' lang='grc' dir='ltr'><strong>τῶν</strong></span> <span class='ocrx_word' id='word_1_317' title='bbox 3235 1800 3414 1852; x_wconf 84' lang='grc' dir='ltr'>ἀλλων</span> <span class='ocrx_word' id='word_1_318' title='bbox 3460 1799 3722 1866; x_wconf 81' lang='grc' dir='ltr'><strong>ἀφέμενος</strong></span> 
     </span>
    </p>
   </div>
   <div class='ocr_carea' id='block_1_49' title="bbox 2157 1888 3720 1968">
    <p class='ocr_par' dir='ltr' id='par_1_49' title="bbox 2157 1888 3720 1968">
     <span class='ocr_line' id='line_1_49' title="bbox 2157 1888 3720 1968; baseline -0.013 -11"><span class='ocrx_word' id='word_1_319' title='bbox 2157 1904 2397 1968; x_wconf 81' lang='grc' dir='ltr'>πάντων,</span> <span class='ocrx_word' id='word_1_320' title='bbox 2420 1903 2513 1953; x_wconf 71' lang='grc' dir='ltr'>ἐπὶ</span> <span class='ocrx_word' id='word_1_321' title='bbox 2541 1899 2632 1952; x_wconf 76' lang='grc' dir='ltr'><strong>τὸν</strong></span> <span class='ocrx_word' id='word_1_322' title='bbox 2656 1898 2750 1951; x_wconf 89' lang='grc' dir='ltr'><strong>τοῦ</strong></span> <span class='ocrx_word' id='word_1_323' title='bbox 2785 1893 3024 1967; x_wconf 75' lang='grc' dir='ltr'><strong>Χριστοῦ</strong></span> <span class='ocrx_word' id='word_1_324' title='bbox 3071 1889 3326 1963; x_wconf 77' lang='grc' dir='ltr'>μαθητὴν</span> <span class='ocrx_word' id='word_1_325' title='bbox 3381 1888 3592 1943; x_wconf 78' lang='grc' dir='ltr'>Λουκᾶν</span> <span class='ocrx_word' id='word_1_326' title='bbox 3623 1902 3720 1938; x_wconf 79' lang='grc' dir='ltr'>κα·</span> 
     </span>
    </p>
   </div>
   <div class='ocr_carea' id='block_1_50' title="bbox 2155 1981 3723 2063">
    <p class='ocr_par' dir='ltr' id='par_1_50' title="bbox 2155 1981 3723 2063">
     <span class='ocr_line' id='line_1_50' title="bbox 2155 1981 3723 2063; baseline -0.01 -14"><span class='ocrx_word' id='word_1_327' title='bbox 2155 1993 2438 2063; x_wconf 77' lang='grc' dir='ltr'>ταφεύγει,</span> <span class='ocrx_word' id='word_1_328' title='bbox 2479 1992 2574 2046; x_wconf 68' lang='grc' dir='ltr'>καὶ</span> <span class='ocrx_word' id='word_1_329' title='bbox 2602 1991 2777 2059; x_wconf 83' lang='grc' dir='ltr'>τούτῳ</span> <span class='ocrx_word' id='word_1_330' title='bbox 2807 1985 2988 2058; x_wconf 84' lang='grc' dir='ltr'>βοηθῷ</span> <span class='ocrx_word' id='word_1_331' title='bbox 3039 1986 3236 2055; x_wconf 83' lang='grc' dir='ltr'>χρῆται</span> <span class='ocrx_word' id='word_1_332' title='bbox 3261 1982 3406 2037; x_wconf 84' lang='grc' dir='ltr'>κατὰ</span> <span class='ocrx_word' id='word_1_333' title='bbox 3429 1981 3527 2051; x_wconf 83' lang='grc' dir='ltr'>τῆς</span> <span class='ocrx_word' id='word_1_334' title='bbox 3550 1981 3723 2034; x_wconf 84' lang='grc' dir='ltr'>νόσου.</span> 
     </span>
    </p>
   </div>
   <div class='ocr_carea' id='block_1_51' title="bbox 2157 2072 3726 2156">
    <p class='ocr_par' dir='ltr' id='par_1_51' title="bbox 2157 2072 3726 2156">
     <span class='ocr_line' id='line_1_51' title="bbox 2157 2072 3726 2156; baseline -0.011 -15"><span class='ocrx_word' id='word_1_335' title='bbox 2157 2088 2267 2156; x_wconf 83' lang='grc' dir='ltr'>Τῆς</span> <span class='ocrx_word' id='word_1_336' title='bbox 2300 2089 2410 2154; x_wconf 86' lang='grc' dir='ltr'>γὰρ</span> <span class='ocrx_word' id='word_1_337' title='bbox 2443 2082 2628 2153; x_wconf 84' lang='grc' dir='ltr'>σοροῦ,</span> <span class='ocrx_word' id='word_1_338' title='bbox 2654 2083 2686 2152; x_wconf 78' lang='grc' dir='ltr'>ἢ</span> <span class='ocrx_word' id='word_1_339' title='bbox 2718 2081 2808 2133; x_wconf 71' lang='grc' dir='ltr'><strong>τὸν</strong></span> <span class='ocrx_word' id='word_1_340' title='bbox 2835 2079 3018 2148; x_wconf 84' lang='grc' dir='ltr'>τίμιον</span> <span class='ocrx_word' id='word_1_341' title='bbox 3069 2074 3235 2130; x_wconf 82' lang='grc' dir='ltr'>αὐτοῦ</span> <span class='ocrx_word' id='word_1_342' title='bbox 3276 2077 3493 2144; x_wconf 78' lang='grc' dir='ltr'>συνεῖχε</span> <span class='ocrx_word' id='word_1_343' title='bbox 3517 2072 3726 2143; x_wconf 65' lang='grc' dir='ltr'>νεκρὸν,</span> 
     </span>
    </p>
   </div>
   <div class='ocr_carea' id='block_1_52' title="bbox 2159 2165 3730 2244">
    <p class='ocr_par' dir='ltr' id='par_1_52' title="bbox 2159 2165 3730 2244">
     <span class='ocr_line' id='line_1_52' title="bbox 2159 2165 3730 2244; baseline -0.01 -13"><span class='ocrx_word' id='word_1_344' title='bbox 2159 2179 2250 2231; x_wconf 72' lang='grc' dir='ltr'>ἐπὶ</span> <span class='ocrx_word' id='word_1_345' title='bbox 2279 2177 2369 2230; x_wconf 80' lang='grc' dir='ltr'><strong>τὸν</strong></span> <span class='ocrx_word' id='word_1_346' title='bbox 2392 2175 2548 2244; x_wconf 74' lang='grc' dir='ltr'>ἆγιον</span> <span class='ocrx_word' id='word_1_347' title='bbox 2577 2173 2680 2244; x_wconf 63' lang='grc' dir='ltr'><strong>ἤδη</strong></span> <span class='ocrx_word' id='word_1_348' title='bbox 2731 2169 3106 2240; x_wconf 75' lang='grc' dir='ltr'><strong>κομιζομένης</strong></span> <span class='ocrx_word' id='word_1_349' title='bbox 3165 2167 3316 2232; x_wconf 79' lang='grc' dir='ltr'>ναὸν,</span> <span class='ocrx_word' id='word_1_350' title='bbox 3337 2167 3395 2219; x_wconf 84' lang='grc' dir='ltr'><strong>ὃν</strong></span> <span class='ocrx_word' id='word_1_351' title='bbox 3427 2169 3488 2219; x_wconf 81' lang='grc' dir='ltr'><strong>ἐκ</strong></span> <span class='ocrx_word' id='word_1_352' title='bbox 3520 2165 3730 2233; x_wconf 79' lang='grc' dir='ltr'>βάθρων</span> 
     </span>
    </p>
   </div>
   <div class='ocr_carea' id='block_1_53' title="bbox 2157 2255 3725 2334">
    <p class='ocr_par' dir='ltr' id='par_1_53' title="bbox 2157 2255 3725 2334">
     <span class='ocr_line' id='line_1_53' title="bbox 2157 2255 3725 2334; baseline -0.011 -9"><span class='ocrx_word' id='word_1_353' title='bbox 2157 2271 2337 2325; x_wconf 82' lang='grc' dir='ltr'>αὐτῶν</span> <span class='ocrx_word' id='word_1_354' title='bbox 2360 2267 2741 2325; x_wconf 88' lang='grc' dir='ltr'>Κωνστάντιος</span> <span class='ocrx_word' id='word_1_355' title='bbox 2767 2263 3011 2334; x_wconf 73' lang='grc' dir='ltr'>ἠγειρεν,</span> <span class='ocrx_word' id='word_1_356' title='bbox 3033 2255 3186 2322; x_wconf 70' lang='grc' dir='ltr'>οὗτος</span> <span class='ocrx_word' id='word_1_357' title='bbox 3204 2260 3234 2311; x_wconf 82' lang='grc' dir='ltr'><strong>δ</strong></span> <span class='ocrx_word' id='word_1_358' title='bbox 3257 2257 3478 2329; x_wconf 73' lang='grc' dir='ltr'>λεχθεὶς</span> <span class='ocrx_word' id='word_1_359' title='bbox 3519 2255 3725 2308; x_wconf 83' lang='grc' dir='ltr'>Ἀνατό-</span> 
     </span>
    </p>
   </div>
   <div class='ocr_carea' id='block_1_54' title="bbox 2155 2349 3724 2432">
    <p class='ocr_par' dir='ltr' id='par_1_54' title="bbox 2155 2349 3724 2432">
     <span class='ocr_line' id='line_1_54' title="bbox 2155 2349 3724 2432; baseline -0.012 -16"><span class='ocrx_word' id='word_1_360' title='bbox 2155 2363 2267 2426; x_wconf 87' lang='grc' dir='ltr'>λιος</span> <span class='ocrx_word' id='word_1_361' title='bbox 2295 2359 2633 2432; x_wconf 85' lang='grc' dir='ltr'>προσελθὼν,</span> <span class='ocrx_word' id='word_1_362' title='bbox 2691 2358 2785 2411; x_wconf 74' lang='grc' dir='ltr'>καὶ</span> <span class='ocrx_word' id='word_1_363' title='bbox 2843 2353 3318 2412; x_wconf 77' lang='grc' dir='ltr'>συνδιαεαστάσας</span> <span class='ocrx_word' id='word_1_364' title='bbox 3366 2353 3479 2404; x_wconf 76' lang='grc' dir='ltr'>τοῖς</span> <span class='ocrx_word' id='word_1_365' title='bbox 3511 2349 3724 2418; x_wconf 84' lang='grc' dir='ltr'>φέρουσι</span> 
     </span>
    </p>
   </div>
   <div class='ocr_carea' id='block_1_55' title="bbox 2155 2437 3728 2524">
    <p class='ocr_par' dir='ltr' id='par_1_55' title="bbox 2155 2437 3728 2524">
     <span class='ocr_line' id='line_1_55' title="bbox 2155 2437 3728 2524; baseline -0.011 -15"><span class='ocrx_word' id='word_1_366' title='bbox 2155 2455 2386 2524; x_wconf 80' lang='grc' dir='ltr'>ταύτην,</span> <span class='ocrx_word' id='word_1_367' title='bbox 2416 2452 2762 2524; x_wconf 83' lang='grc' dir='ltr'>παραχρῆμα</span> <span class='ocrx_word' id='word_1_368' title='bbox 2799 2447 2894 2502; x_wconf 85' lang='grc' dir='ltr'><strong>τοῦ</strong></span> <span class='ocrx_word' id='word_1_369' title='bbox 2948 2445 3232 2510; x_wconf 76' lang='grc' dir='ltr'><strong>πιέζοντος</strong></span> <span class='ocrx_word' id='word_1_370' title='bbox 3281 2442 3584 2496; x_wconf 86' lang='grc' dir='ltr'>ἀπολύεται</span> <span class='ocrx_word' id='word_1_371' title='bbox 3631 2437 3728 2493; x_wconf 81' lang='grc' dir='ltr'><strong>πά·-</strong></span> 
     </span>
    </p>
   </div>
   <div class='ocr_carea' id='block_1_56' title="bbox 2157 2530 3730 2609">
    <p class='ocr_par' dir='ltr' id='par_1_56' title="bbox 2157 2530 3730 2609">
     <span class='ocr_line' id='line_1_56' title="bbox 2157 2530 3730 2609; baseline -0.012 -9"><span class='ocrx_word' id='word_1_372' title='bbox 2157 2546 2305 2609; x_wconf 86' lang='grc' dir='ltr'>θους.</span> <span class='ocrx_word' id='word_1_373' title='bbox 2336 2545 2446 2599; x_wconf 82' lang='grc' dir='ltr'><strong>Καὶ</strong></span> <span class='ocrx_word' id='word_1_374' title='bbox 2472 2546 2499 2598; x_wconf 88' lang='grc' dir='ltr'><strong>ό</strong></span> <span class='ocrx_word' id='word_1_375' title='bbox 2533 2543 2643 2606; x_wconf 79' lang='grc' dir='ltr'>ζῶν</span> <span class='ocrx_word' id='word_1_376' title='bbox 2666 2542 2773 2595; x_wconf 84' lang='grc' dir='ltr'><strong>ἀπὸ</strong></span> <span class='ocrx_word' id='word_1_377' title='bbox 2800 2541 2893 2596; x_wconf 89' lang='grc' dir='ltr'><strong>τοῦ</strong></span> <span class='ocrx_word' id='word_1_378' title='bbox 2916 2537 3114 2609; x_wconf 81' lang='grc' dir='ltr'>νεκροῦ</span> <span class='ocrx_word' id='word_1_379' title='bbox 3135 2535 3402 2604; x_wconf 80' lang='grc' dir='ltr'><strong>τοιαύτης</strong></span> <span class='ocrx_word' id='word_1_380' title='bbox 3427 2530 3730 2591; x_wconf 71' lang='grc' dir='ltr'>ἀπολαύσας</span> 
     </span>
    </p>
   </div>
   <div class='ocr_carea' id='block_1_57' title="bbox 2157 2621 3729 2708">
    <p class='ocr_par' dir='ltr' id='par_1_57' title="bbox 2157 2621 3729 2708">
     <span class='ocr_line' id='line_1_57' title="bbox 2157 2621 3729 2708; baseline -0.013 -15"><span class='ocrx_word' id='word_1_381' title='bbox 2157 2637 2504 2708; x_wconf 78' lang='grc' dir='ltr'>εὐεργεσίας,</span> <span class='ocrx_word' id='word_1_382' title='bbox 2538 2637 2598 2689; x_wconf 70' lang='grc' dir='ltr'>οὐ</span> <span class='ocrx_word' id='word_1_383' title='bbox 2633 2635 2841 2688; x_wconf 79' lang='grc' dir='ltr'>διέλιπε</span> <span class='ocrx_word' id='word_1_384' title='bbox 2895 2632 3028 2702; x_wconf 79' lang='grc' dir='ltr'>παρ’</span> <span class='ocrx_word' id='word_1_385' title='bbox 3066 2631 3198 2697; x_wconf 77' lang='grc' dir='ltr'>ὅλην</span> <span class='ocrx_word' id='word_1_386' title='bbox 3248 2624 3423 2680; x_wconf 76' lang='grc' dir='ltr'>αὑτοῦ</span> <span class='ocrx_word' id='word_1_387' title='bbox 3459 2624 3556 2694; x_wconf 81' lang='grc' dir='ltr'><strong>τὴν</strong></span> <span class='ocrx_word' id='word_1_388' title='bbox 3595 2621 3729 2690; x_wconf 79' lang='grc' dir='ltr'>ζωὴν</span> 
     </span>
    </p>
   </div>
   <div class='ocr_carea' id='block_1_58' title="bbox 2157 2711 3731 2803">
    <p class='ocr_par' dir='ltr' id='par_1_58' title="bbox 2157 2711 3731 2803">
     <span class='ocr_line' id='line_1_58' title="bbox 2157 2711 3731 2803; baseline -0.013 -16"><span class='ocrx_word' id='word_1_389' title='bbox 2157 2732 2234 2803; x_wconf 86' lang='grc' dir='ltr'>τῷ</span> <span class='ocrx_word' id='word_1_390' title='bbox 2264 2750 2321 2784; x_wconf 85' lang='grc' dir='ltr'><strong>τε</strong></span> <span class='ocrx_word' id='word_1_391' title='bbox 2348 2729 2632 2798; x_wconf 82' lang='grc' dir='ltr'>ἀποστόλῳ</span> <span class='ocrx_word' id='word_1_392' title='bbox 2687 2728 2788 2795; x_wconf 82' lang='grc' dir='ltr'>τὴν</span> <span class='ocrx_word' id='word_1_393' title='bbox 2833 2725 2996 2796; x_wconf 83' lang='grc' dir='ltr'>χάριν</span> <span class='ocrx_word' id='word_1_394' title='bbox 3061 2719 3376 2790; x_wconf 74' lang='grc' dir='ltr'>ὁμολογῶν,</span> <span class='ocrx_word' id='word_1_395' title='bbox 3430 2716 3522 2771; x_wconf 68' lang='grc' dir='ltr'>καὶ</span> <span class='ocrx_word' id='word_1_396' title='bbox 3569 2714 3641 2786; x_wconf 77' lang='grc' dir='ltr'>τῷ</span> <span class='ocrx_word' id='word_1_397' title='bbox 3665 2711 3731 2767; x_wconf 82' lang='grc' dir='ltr'><strong>δι’</strong></span> 
     </span>
    </p>
   </div>
   <div class='ocr_carea' id='block_1_59' title="bbox 2159 2814 3305 2889">
    <p class='ocr_par' dir='ltr' id='par_1_59' title="bbox 2159 2814 3305 2889">
     <span class='ocr_line' id='line_1_59' title="bbox 2159 2814 3305 2889; baseline -0.01 -9"><span class='ocrx_word' id='word_1_398' title='bbox 2159 2823 2325 2880; x_wconf 70' lang='grc' dir='ltr'>αὑτοῦ</span> <span class='ocrx_word' id='word_1_399' title='bbox 2359 2821 2586 2876; x_wconf 89' lang='grc' dir='ltr'>τοιαῦτα</span> <span class='ocrx_word' id='word_1_400' title='bbox 2615 2816 3128 2889; x_wconf 82' lang='grc' dir='ltr'>θαυματουργοῦντι</span> <span class='ocrx_word' id='word_1_401' title='bbox 3164 2814 3305 2884; x_wconf 81' lang='grc' dir='ltr'>Θεῷ.</span> 
     </span>
    </p>
   </div>
   <div class='ocr_carea' id='block_1_60' title="bbox 2229 2901 3728 2982">
    <p class='ocr_par' dir='ltr' id='par_1_60' title="bbox 2229 2901 3728 2982">
     <span class='ocr_line' id='line_1_60' title="bbox 2229 2901 3728 2982; baseline -0.011 -13"><span class='ocrx_word' id='word_1_402' title='bbox 2229 2913 2511 2970; x_wconf 81' lang='grc' dir='ltr'>1Β’.υῦτω</span> <span class='ocrx_word' id='word_1_403' title='bbox 2578 2911 2678 2982; x_wconf 82' lang='grc' dir='ltr'><strong>μὲν</strong></span> <span class='ocrx_word' id='word_1_404' title='bbox 2723 2910 2817 2963; x_wconf 80' lang='grc' dir='ltr'><strong>οὖν</strong></span> <span class='ocrx_word' id='word_1_405' title='bbox 2885 2909 2952 2961; x_wconf 74' lang='grc' dir='ltr'>ὲκ</span> <span class='ocrx_word' id='word_1_406' title='bbox 3001 2905 3199 2976; x_wconf 78' lang='grc' dir='ltr'><strong>Θηϐῶν</strong></span> <span class='ocrx_word' id='word_1_407' title='bbox 3253 2901 3622 2973; x_wconf 81' lang='grc' dir='ltr'>ἀνακομισθὲν</span> <span class='ocrx_word' id='word_1_408' title='bbox 3673 2901 3728 2952; x_wconf 71' lang='grc' dir='ltr'>τὸ</span> 
     </span>
    </p>
   </div>
   <div class='ocr_carea' id='block_1_61' title="bbox 2162 2995 3724 3079">
    <p class='ocr_par' dir='ltr' id='par_1_61' title="bbox 2162 2995 3724 3079">
     <span class='ocr_line' id='line_1_61' title="bbox 2162 2995 3724 3079; baseline -0.012 -17"><span class='ocrx_word' id='word_1_409' title='bbox 2162 3009 2379 3079; x_wconf 83' lang='grc' dir='ltr'>πρῶτον</span> <span class='ocrx_word' id='word_1_410' title='bbox 2430 3007 2490 3060; x_wconf 80' lang='grc' dir='ltr'><strong>τὸ</strong></span> <span class='ocrx_word' id='word_1_411' title='bbox 2541 3005 2637 3058; x_wconf 87' lang='grc' dir='ltr'><strong>τοῦ</strong></span> <span class='ocrx_word' id='word_1_412' title='bbox 2705 3003 2982 3056; x_wconf 73' lang='grc' dir='ltr'>θειοτάτου</span> <span class='ocrx_word' id='word_1_413' title='bbox 3038 3000 3200 3070; x_wconf 82' lang='grc' dir='ltr'>σῶμα</span> <span class='ocrx_word' id='word_1_414' title='bbox 3246 2999 3458 3062; x_wconf 80' lang='grc' dir='ltr'>Λουκᾶ,</span> <span class='ocrx_word' id='word_1_415' title='bbox 3503 2995 3724 3063; x_wconf 80' lang='grc' dir='ltr'><strong>ἐντίμως</strong></span> 
     </span>
    </p>
   </div>
   <div class='ocr_carea' id='block_1_62' title="bbox 2160 3085 3722 3168">
    <p class='ocr_par' dir='ltr' id='par_1_62' title="bbox 2160 3085 3722 3168">
     <span class='ocr_line' id='line_1_62' title="bbox 2160 3085 3722 3168; baseline -0.011 -14"><span class='ocrx_word' id='word_1_416' title='bbox 2160 3101 2302 3168; x_wconf 76' lang='grc' dir='ltr'>ἄγαν</span> <span class='ocrx_word' id='word_1_417' title='bbox 2336 3100 2433 3153; x_wconf 69' lang='grc' dir='ltr'>καὶ</span> <span class='ocrx_word' id='word_1_418' title='bbox 2476 3095 2933 3167; x_wconf 83' lang='grc' dir='ltr'>μεγαλοπρεπῶς,</span> <span class='ocrx_word' id='word_1_419' title='bbox 2963 3094 3104 3164; x_wconf 84' lang='grc' dir='ltr'>μετὰ</span> <span class='ocrx_word' id='word_1_420' title='bbox 3151 3092 3431 3164; x_wconf 84' lang='grc' dir='ltr'>Ἀνδρέου,</span> <span class='ocrx_word' id='word_1_421' title='bbox 3458 3089 3614 3158; x_wconf 66' lang='grc' dir='ltr'>φημὶ,</span> <span class='ocrx_word' id='word_1_422' title='bbox 3637 3085 3722 3138; x_wconf 79' lang='grc' dir='ltr'>καὶ</span> 
     </span>
    </p>
   </div>
   <div class='ocr_carea' id='block_1_63' title="bbox 480 3172 2054 3260">
    <p class='ocr_par' dir='ltr' id='par_1_63' title="bbox 480 3184 2054 3256">
     <span class='ocr_line' id='line_1_63' title="bbox 480 3184 2054 3256; baseline 0.001 -17"><span class='ocrx_word' id='word_1_423' title='bbox 480 3185 625 3256; x_wconf 89' lang='lat' dir='ltr'><strong>quod</strong></span> <span class='ocrx_word' id='word_1_424' title='bbox 676 3201 705 3239; x_wconf 89' lang='lat' dir='ltr'><strong>a</strong></span> <span class='ocrx_word' id='word_1_425' title='bbox 764 3184 1088 3239; x_wconf 76' lang='lat' dir='ltr'><strong>Constantio</strong></span> <span class='ocrx_word' id='word_1_426' title='bbox 1143 3184 1467 3240; x_wconf 67' lang='lat' dir='ltr'><strong>aedificatum</strong></span> <span class='ocrx_word' id='word_1_427' title='bbox 1517 3193 1681 3240; x_wconf 81' lang='lat' dir='ltr'><strong>erat:</strong></span> <span class='ocrx_word' id='word_1_428' title='bbox 1739 3201 1864 3240; x_wconf 89' lang='lat' dir='ltr'><strong>cum</strong></span> <span class='ocrx_word' id='word_1_429' title='bbox 1912 3187 2054 3242; x_wconf 82' lang='lat' dir='ltr'><strong>circa</strong></span> 
     </span>
    </p>
   </div>
   <div class='ocr_carea' id='block_1_64' title="bbox 2158 3172 3728 3260">
    <p class='ocr_par' dir='ltr' id='par_1_64' title="bbox 2158 3172 3728 3260">
     <span class='ocr_line' id='line_1_64' title="bbox 2158 3172 3728 3260; baseline -0.01 -18"><span class='ocrx_word' id='word_1_430' title='bbox 2158 3188 2448 3260; x_wconf 75' lang='grc' dir='ltr'>Τιμοθέου,</span> <span class='ocrx_word' id='word_1_431' title='bbox 2481 3188 2558 3257; x_wconf 80' lang='grc' dir='ltr'><strong>τῷ</strong></span> <span class='ocrx_word' id='word_1_432' title='bbox 2595 3188 2747 3257; x_wconf 74' lang='grc' dir='ltr'>παρὰ</span> <span class='ocrx_word' id='word_1_433' title='bbox 2781 3184 3164 3238; x_wconf 83' lang='grc' dir='ltr'>Κωνσταντίου</span> <span class='ocrx_word' id='word_1_434' title='bbox 3185 3179 3589 3250; x_wconf 71' lang='grc' dir='ltr'>οἰκοδομηθέντι</span> <span class='ocrx_word' id='word_1_435' title='bbox 3622 3172 3728 3244; x_wconf 75' lang='grc' dir='ltr'>ναῷ</span> 
     </span>
    </p>
   </div>
   <div class='ocr_carea' id='block_1_65' title="bbox 481 3276 2057 3348">
    <p class='ocr_par' dir='ltr' id='par_1_65' title="bbox 481 3276 2057 3348">
     <span class='ocr_line' id='line_1_65' title="bbox 481 3276 2057 3348; baseline 0.003 -18"><span class='ocrx_word' id='word_1_436' title='bbox 481 3292 761 3332; x_wconf 79' lang='lat' dir='ltr'><strong>sacrarum</strong></span> <span class='ocrx_word' id='word_1_437' title='bbox 799 3276 1152 3346; x_wconf 78' lang='lat' dir='ltr'><strong>reliquiarum</strong></span> <span class='ocrx_word' id='word_1_438' title='bbox 1195 3278 1588 3347; x_wconf 89' lang='lat' dir='ltr'><strong>repositionem</strong></span> <span class='ocrx_word' id='word_1_439' title='bbox 1622 3276 1746 3332; x_wconf 83' lang='lat' dir='ltr'><strong>ﬁdei</strong></span> <span class='ocrx_word' id='word_1_440' title='bbox 1778 3293 1942 3348; x_wconf 90' lang='lat' dir='ltr'><strong>opera</strong></span> <span class='ocrx_word' id='word_1_441' title='bbox 1994 3293 2057 3334; x_wconf 87' lang='lat' dir='ltr'><strong>ac</strong></span> 
     </span>
    </p>
   </div>
   <div class='ocr_carea' id='block_1_66' title="bbox 481 3368 2056 3440">
    <p class='ocr_par' dir='ltr' id='par_1_66' title="bbox 481 3368 2056 3440">
     <span class='ocr_line' id='line_1_66' title="bbox 481 3368 2056 3440; baseline 0 -14"><span class='ocrx_word' id='word_1_442' title='bbox 481 3370 749 3426; x_wconf 68' lang='lat' dir='ltr'><strong>{ervidum</strong></span> <span class='ocrx_word' id='word_1_443' title='bbox 773 3368 1080 3424; x_wconf 77' lang='lat' dir='ltr'><strong>Constantii</strong></span> <span class='ocrx_word' id='word_1_444' title='bbox 1110 3369 1446 3424; x_wconf 86' lang='lat' dir='ltr'><strong>desiderium</strong></span> <span class='ocrx_word' id='word_1_445' title='bbox 1481 3369 1774 3440; x_wconf 89' lang='lat' dir='ltr'><strong>plurimum</strong></span> <span class='ocrx_word' id='word_1_446' title='bbox 1827 3372 2056 3426; x_wconf 87' lang='lat' dir='ltr'><strong>demon-</strong></span> 
     </span>
    </p>
   </div>
   <div class='ocr_carea' id='block_1_67' title="bbox 482 3457 2059 3531">
    <p class='ocr_par' dir='ltr' id='par_1_67' title="bbox 482 3457 2059 3531">
     <span class='ocr_line' id='line_1_67' title="bbox 482 3457 2059 3531; baseline 0.004 -19"><span class='ocrx_word' id='word_1_447' title='bbox 482 3468 650 3515; x_wconf 86' lang='lat' dir='ltr'><strong>strata</strong></span> <span class='ocrx_word' id='word_1_448' title='bbox 673 3469 829 3530; x_wconf 82' lang='lat' dir='ltr'><strong>sunt._</strong></span> <span class='ocrx_word' id='word_1_449' title='bbox 851 3457 1176 3527; x_wconf 88' lang='lat' dir='ltr'><strong>Quanquam</strong></span> <span class='ocrx_word' id='word_1_450' title='bbox 1213 3459 1304 3513; x_wconf 91' lang='lat' dir='ltr'><strong>hic</strong></span> <span class='ocrx_word' id='word_1_451' title='bbox 1332 3469 1523 3530; x_wconf 87' lang='lat' dir='ltr'><strong>postea</strong></span> <span class='ocrx_word' id='word_1_452' title='bbox 1582 3461 1805 3530; x_wconf 81' lang='lat' dir='ltr'><strong>maligni</strong></span> <span class='ocrx_word' id='word_1_453' title='bbox 1848 3461 2059 3531; x_wconf 84' lang='lat' dir='ltr'><strong>laqueis</strong></span> 
     </span>
    </p>
   </div>
   <div class='ocr_carea' id='block_1_68' title="bbox 483 3551 2059 3622">
    <p class='ocr_par' dir='ltr' id='par_1_68' title="bbox 483 3551 2059 3622">
     <span class='ocr_line' id='line_1_68' title="bbox 483 3551 2059 3622; baseline 0.003 -16"><span class='ocrx_word' id='word_1_454' title='bbox 483 3551 886 3620; x_wconf 87' lang='lat' dir='ltr'><strong>aliquantulum</strong></span> <span class='ocrx_word' id='word_1_455' title='bbox 913 3560 1103 3620; x_wconf 90' lang='lat' dir='ltr'><strong>captus</strong></span> <span class='ocrx_word' id='word_1_456' title='bbox 1137 3554 1192 3622; x_wconf 93' lang='grc' dir='ltr'><strong>(ο</strong></span> <span class='ocrx_word' id='word_1_457' title='bbox 1227 3567 1413 3606; x_wconf 90' lang='lat' dir='ltr'><strong>casum</strong></span> <span class='ocrx_word' id='word_1_458' title='bbox 1445 3553 1732 3608; x_wconf 84' lang='lat' dir='ltr'><strong>miserum!</strong></span> <span class='ocrx_word' id='word_1_459' title='bbox 1779 3554 1883 3608; x_wconf 91' lang='lat' dir='ltr'><strong>heu</strong></span> <span class='ocrx_word' id='word_1_460' title='bbox 1941 3568 2059 3610; x_wconf 84' lang='lat' dir='ltr'><strong>tur-</strong></span> 
     </span>
    </p>
   </div>
   <div class='ocr_carea' id='block_1_69' title="bbox 479 3643 2056 3716">
    <p class='ocr_par' dir='ltr' id='par_1_69' title="bbox 479 3643 2056 3716">
     <span class='ocr_line' id='line_1_69' title="bbox 479 3643 2056 3716; baseline 0.004 -19"><span class='ocrx_word' id='word_1_461' title='bbox 479 3643 758 3697; x_wconf 80' lang='lat' dir='ltr'><strong>buleutaui</strong></span> <span class='ocrx_word' id='word_1_462' title='bbox 783 3643 1246 3712; x_wconf 71' lang='lat' dir='ltr'><strong>subversionem!)</strong></span> <span class='ocrx_word' id='word_1_463' title='bbox 1276 3643 1604 3697; x_wconf 80' lang='lat' dir='ltr'><strong>Arianorum</strong></span> <span class='ocrx_word' id='word_1_464' title='bbox 1641 3645 1836 3716; x_wconf 80' lang='lat' dir='ltr'><strong>degma</strong></span> <span class='ocrx_word' id='word_1_465' title='bbox 1867 3647 2056 3703; x_wconf 88' lang='lat' dir='ltr'><strong>ebibit.</strong></span> 
     </span>
    </p>
   </div>
   <div class='ocr_carea' id='block_1_70' title="bbox 480 3734 2053 3806">
    <p class='ocr_par' dir='ltr' id='par_1_70' title="bbox 480 3734 2053 3806">
     <span class='ocr_line' id='line_1_70' title="bbox 480 3734 2053 3806; baseline 0.004 -18"><span class='ocrx_word' id='word_1_466' title='bbox 480 3734 664 3790; x_wconf 73' lang='lat' dir='ltr'><strong>Multis</strong></span> <span class='ocrx_word' id='word_1_467' title='bbox 695 3745 878 3789; x_wconf 89' lang='lat' dir='ltr'><strong>autem</strong></span> <span class='ocrx_word' id='word_1_468' title='bbox 905 3735 1253 3804; x_wconf 87' lang='lat' dir='ltr'><strong>postmodum</strong></span> <span class='ocrx_word' id='word_1_469' title='bbox 1287 3736 1652 3806; x_wconf 87' lang='lat' dir='ltr'><strong>temporibus,</strong></span> <span class='ocrx_word' id='word_1_470' title='bbox 1683 3737 2053 3805; x_wconf 79' lang='lat' dir='ltr'><strong>Justinianus,</strong></span> 
     </span>
    </p>
   </div>
   <div class='ocr_carea' id='block_1_71' title="bbox 483 3828 2061 3901">
    <p class='ocr_par' dir='ltr' id='par_1_71' title="bbox 483 3828 2061 3901">
     <span class='ocr_line' id='line_1_71' title="bbox 483 3828 2061 3901; baseline 0.003 -21"><span class='ocrx_word' id='word_1_471' title='bbox 483 3829 782 3897; x_wconf 84' lang='lat' dir='ltr'><strong>assumptis</strong></span> <span class='ocrx_word' id='word_1_472' title='bbox 807 3828 1026 3897; x_wconf 86' lang='lat' dir='ltr'><strong>imperii</strong></span> <span class='ocrx_word' id='word_1_473' title='bbox 1061 3830 1316 3897; x_wconf 88' lang='lat' dir='ltr'><strong>sceptris,</strong></span> <span class='ocrx_word' id='word_1_474' title='bbox 1377 3829 1550 3884; x_wconf 87' lang='lat' dir='ltr'><strong>multo</strong></span> <span class='ocrx_word' id='word_1_475' title='bbox 1587 3829 1770 3886; x_wconf 91' lang='lat' dir='ltr'><strong>adhuc</strong></span> <span class='ocrx_word' id='word_1_476' title='bbox 1824 3831 2061 3901; x_wconf 81' lang='lat' dir='ltr'><strong>ampliﬁ-</strong></span> 
     </span>
    </p>
   </div>
   <div class='ocr_carea' id='block_1_72' title="bbox 481 3919 2058 3992">
    <p class='ocr_par' dir='ltr' id='par_1_72' title="bbox 481 3919 2058 3992">
     <span class='ocr_line' id='line_1_72' title="bbox 481 3919 2058 3992; baseline 0.004 -20"><span class='ocrx_word' id='word_1_477' title='bbox 481 3919 694 3974; x_wconf 80' lang='lat' dir='ltr'><strong>eentius</strong></span> <span class='ocrx_word' id='word_1_478' title='bbox 722 3920 865 3974; x_wconf 89' lang='lat' dir='ltr'><strong>circa</strong></span> <span class='ocrx_word' id='word_1_479' title='bbox 902 3921 1018 3974; x_wconf 82' lang='lat' dir='ltr'><strong>ha-c</strong></span> <span class='ocrx_word' id='word_1_480' title='bbox 1048 3935 1200 3974; x_wconf 84' lang='lat' dir='ltr'><strong>sacra</strong></span> <span class='ocrx_word' id='word_1_481' title='bbox 1235 3921 1607 3992; x_wconf 87' lang='lat' dir='ltr'><strong>apostolorum</strong></span> <span class='ocrx_word' id='word_1_482' title='bbox 1639 3938 1870 3992; x_wconf 89' lang='lat' dir='ltr'><strong>corpora</strong></span> <span class='ocrx_word' id='word_1_483' title='bbox 1889 3923 2058 3978; x_wconf 77' lang='lat' dir='ltr'><strong>allici-</strong></span> 
     </span>
    </p>
   </div>
   <div class='ocr_carea' id='block_1_73' title="bbox 482 4011 2058 4086">
    <p class='ocr_par' dir='ltr' id='par_1_73' title="bbox 482 4011 2058 4086">
     <span class='ocr_line' id='line_1_73' title="bbox 482 4011 2058 4086; baseline 0.003 -22"><span class='ocrx_word' id='word_1_484' title='bbox 482 4017 591 4075; x_wconf 88' lang='lat' dir='ltr'><strong>tur,</strong></span> <span class='ocrx_word' id='word_1_485' title='bbox 625 4020 680 4066; x_wconf 85' lang='lat' dir='ltr'><strong>et</strong></span> <span class='ocrx_word' id='word_1_486' title='bbox 701 4011 858 4066; x_wconf 87' lang='lat' dir='ltr'><strong>theca</strong></span> <span class='ocrx_word' id='word_1_487' title='bbox 886 4023 1143 4083; x_wconf 79' lang='lat' dir='ltr'><strong>argentea</strong></span> <span class='ocrx_word' id='word_1_488' title='bbox 1176 4013 1288 4068; x_wconf 70' lang='lat' dir='ltr'><strong>haec</strong></span> <span class='ocrx_word' id='word_1_489' title='bbox 1315 4014 1673 4078; x_wconf 84' lang='lat' dir='ltr'><strong>concludens,</strong></span> <span class='ocrx_word' id='word_1_490' title='bbox 1703 4016 1849 4069; x_wconf 91' lang='lat' dir='ltr'><strong>circa</strong></span> <span class='ocrx_word' id='word_1_491' title='bbox 1882 4017 2058 4086; x_wconf 91' lang='lat' dir='ltr'><strong>ipsum</strong></span> 
     </span>
    </p>
   </div>
   <div class='ocr_carea' id='block_1_74' title="bbox 485 4102 2064 4176">
    <p class='ocr_par' dir='ltr' id='par_1_74' title="bbox 485 4102 2064 4176">
     <span class='ocr_line' id='line_1_74' title="bbox 485 4102 2064 4176; baseline 0.004 -22"><span class='ocrx_word' id='word_1_492' title='bbox 485 4102 655 4156; x_wconf 88' lang='lat' dir='ltr'><strong>altare</strong></span> <span class='ocrx_word' id='word_1_493' title='bbox 683 4102 995 4158; x_wconf 85' lang='lat' dir='ltr'><strong>vehementi</strong></span> <span class='ocrx_word' id='word_1_494' title='bbox 1037 4105 1130 4158; x_wconf 91' lang='lat' dir='ltr'><strong>Dei</strong></span> <span class='ocrx_word' id='word_1_495' title='bbox 1156 4119 1343 4159; x_wconf 87' lang='lat' dir='ltr'><strong>amore</strong></span> <span class='ocrx_word' id='word_1_496' title='bbox 1394 4106 1633 4172; x_wconf 84' lang='lat' dir='ltr'><strong>reponit,</strong></span> <span class='ocrx_word' id='word_1_497' title='bbox 1691 4120 1892 4174; x_wconf 86' lang='lat' dir='ltr'><strong>nempe</strong></span> <span class='ocrx_word' id='word_1_498' title='bbox 1942 4122 2064 4176; x_wconf 87' lang='lat' dir='ltr'><strong>pre-</strong></span> 
     </span>
    </p>
   </div>
   <div class='ocr_carea' id='block_1_75' title="bbox 485 4193 2062 4264">
    <p class='ocr_par' dir='ltr' id='par_1_75' title="bbox 485 4193 2062 4264">
     <span class='ocr_line' id='line_1_75' title="bbox 485 4193 2062 4264; baseline 0.003 -17"><span class='ocrx_word' id='word_1_499' title='bbox 485 4195 622 4247; x_wconf 83' lang='lat' dir='ltr'><strong>tiosa</strong></span> <span class='ocrx_word' id='word_1_500' title='bbox 657 4195 711 4247; x_wconf 93' lang='lat' dir='ltr'><strong>in</strong></span> <span class='ocrx_word' id='word_1_501' title='bbox 740 4193 980 4264; x_wconf 90' lang='lat' dir='ltr'><strong>pretioso</strong></span> <span class='ocrx_word' id='word_1_502' title='bbox 1007 4194 1334 4249; x_wconf 81' lang='lat' dir='ltr'><strong>conditorio.</strong></span> <span class='ocrx_word' id='word_1_503' title='bbox 1370 4194 1672 4264; x_wconf 85' lang='lat' dir='ltr'><strong>thuidem</strong></span> <span class='ocrx_word' id='word_1_504' title='bbox 1702 4195 1842 4249; x_wconf 87' lang='lat' dir='ltr'><strong>sacri</strong></span> <span class='ocrx_word' id='word_1_505' title='bbox 1876 4196 2062 4252; x_wconf 89' lang='lat' dir='ltr'><strong>altaris</strong></span> 
     </span>
    </p>
   </div>
   <div class='ocr_carea' id='block_1_76' title="bbox 487 4285 2063 4359">
    <p class='ocr_par' dir='ltr' id='par_1_76' title="bbox 487 4285 2063 4359">
     <span class='ocr_line' id='line_1_76' title="bbox 487 4285 2063 4359; baseline 0.003 -20"><span class='ocrx_word' id='word_1_506' title='bbox 487 4300 734 4340; x_wconf 87' lang='lat' dir='ltr'><strong>mensam</strong></span> <span class='ocrx_word' id='word_1_507' title='bbox 768 4285 927 4339; x_wconf 91' lang='lat' dir='ltr'><strong>theca</strong></span> <span class='ocrx_word' id='word_1_508' title='bbox 952 4287 1246 4340; x_wconf 90' lang='lat' dir='ltr'><strong>constituit</strong></span> <span class='ocrx_word' id='word_1_509' title='bbox 1272 4303 1286 4340; x_wconf 89' lang='lat'><strong>:</strong></span> <span class='ocrx_word' id='word_1_510' title='bbox 1317 4302 1483 4356; x_wconf 88' lang='lat' dir='ltr'><strong>porro</strong></span> <span class='ocrx_word' id='word_1_511' title='bbox 1509 4288 1790 4342; x_wconf 90' lang='lat' dir='ltr'><strong>communi</strong></span> <span class='ocrx_word' id='word_1_512' title='bbox 1839 4298 2063 4359; x_wconf 86' lang='lat' dir='ltr'><strong>aposto-</strong></span> 
     </span>
    </p>
   </div>
   <div class='ocr_carea' id='block_1_77' title="bbox 485 4374 2064 4446">
    <p class='ocr_par' dir='ltr' id='par_1_77' title="bbox 485 4374 2064 4446">
     <span class='ocr_line' id='line_1_77' title="bbox 485 4374 2064 4446; baseline 0.003 -18"><span class='ocrx_word' id='word_1_513' title='bbox 485 4376 663 4430; x_wconf 87' lang='lat' dir='ltr'><strong>lorum</strong></span> <span class='ocrx_word' id='word_1_514' title='bbox 699 4374 924 4430; x_wconf 88' lang='lat' dir='ltr'><strong>nomine</strong></span> <span class='ocrx_word' id='word_1_515' title='bbox 969 4377 1226 4445; x_wconf 85' lang='lat' dir='ltr'><strong>templum</strong></span> <span class='ocrx_word' id='word_1_516' title='bbox 1260 4377 1562 4446; x_wconf 83' lang='lat' dir='ltr'><strong>appellatur</strong></span> <span class='ocrx_word' id='word_1_517' title='bbox 1598 4397 1612 4432; x_wconf 78' lang='lat' dir='ltr'><strong><em>z</em></strong></span> <span class='ocrx_word' id='word_1_518' title='bbox 1661 4378 1728 4432; x_wconf 93' lang='lat' dir='ltr'><strong>ad</strong></span> <span class='ocrx_word' id='word_1_519' title='bbox 1762 4378 1906 4445; x_wconf 89' lang='lat' dir='ltr'><strong>quod</strong></span> <span class='ocrx_word' id='word_1_520' title='bbox 1932 4394 2064 4433; x_wconf 88' lang='lat' dir='ltr'><strong>sane</strong></span> 
     </span>
    </p>
   </div>
   <div class='ocr_carea' id='block_1_78' title="bbox 486 4466 2062 4538">
    <p class='ocr_par' dir='ltr' id='par_1_78' title="bbox 486 4466 2062 4538">
     <span class='ocr_line' id='line_1_78' title="bbox 486 4466 2062 4538; baseline 0.003 -19"><span class='ocrx_word' id='word_1_521' title='bbox 486 4481 678 4522; x_wconf 78' lang='lat' dir='ltr'><strong>omnes</strong></span> <span class='ocrx_word' id='word_1_522' title='bbox 707 4466 798 4538; x_wconf 92' lang='lat' dir='ltr'><strong>qui</strong></span> <span class='ocrx_word' id='word_1_523' title='bbox 837 4469 1178 4523; x_wconf 83' lang='lat' dir='ltr'><strong>conveniunt</strong></span> <span class='ocrx_word' id='word_1_524' title='bbox 1230 4469 1420 4524; x_wconf 80' lang='lat' dir='ltr'><strong>ﬁdeles</strong></span> <span class='ocrx_word' id='word_1_525' title='bbox 1467 4469 1692 4524; x_wconf 90' lang='lat' dir='ltr'><strong>laudant</strong></span> <span class='ocrx_word' id='word_1_526' title='bbox 1742 4469 1888 4524; x_wconf 92' lang='lat' dir='ltr'><strong>hunc</strong></span> <span class='ocrx_word' id='word_1_527' title='bbox 1943 4479 2062 4524; x_wconf 83' lang='lat' dir='ltr'><strong>tan-</strong></span> 
     </span>
    </p>
   </div>
   <div class='ocr_carea' id='block_1_79' title="bbox 2162 3269 3723 3346">
    <p class='ocr_par' dir='ltr' id='par_1_79' title="bbox 2162 3269 3723 3346">
     <span class='ocr_line' id='line_1_79' title="bbox 2162 3269 3723 3346; baseline -0.011 -11"><span class='ocrx_word' id='word_1_528' title='bbox 2162 3280 2538 3344; x_wconf 78' lang='grc' dir='ltr'>κατατίθεται,</span> <span class='ocrx_word' id='word_1_529' title='bbox 2570 3279 2740 3332; x_wconf 75' lang='grc' dir='ltr'>πολλὰ</span> <span class='ocrx_word' id='word_1_530' title='bbox 2786 3277 2914 3345; x_wconf 74' lang='grc' dir='ltr'>περὶ</span> <span class='ocrx_word' id='word_1_531' title='bbox 2955 3275 3056 3346; x_wconf 83' lang='grc' dir='ltr'><strong>τὴν</strong></span> <span class='ocrx_word' id='word_1_532' title='bbox 3101 3273 3212 3327; x_wconf 84' lang='grc' dir='ltr'><strong>τῶν</strong></span> <span class='ocrx_word' id='word_1_533' title='bbox 3264 3273 3429 3344; x_wconf 76' lang='grc' dir='ltr'>ἱερῶν</span> <span class='ocrx_word' id='word_1_534' title='bbox 3471 3269 3723 3339; x_wconf 70' lang='grc' dir='ltr'>λειψάνων</span> 
     </span>
    </p>
   </div>
   <div class='ocr_carea' id='block_1_80' title="bbox 2161 3355 3724 3437">
    <p class='ocr_par' dir='ltr' id='par_1_80' title="bbox 2161 3355 3724 3437">
     <span class='ocr_line' id='line_1_80' title="bbox 2161 3355 3724 3437; baseline -0.011 -12"><span class='ocrx_word' id='word_1_535' title='bbox 2161 3371 2458 3425; x_wconf 81' lang='grc' dir='ltr'>κατάθεσιν</span> <span class='ocrx_word' id='word_1_536' title='bbox 2523 3370 2760 3432; x_wconf 81' lang='grc' dir='ltr'>πίστεως</span> <span class='ocrx_word' id='word_1_537' title='bbox 2815 3367 2954 3437; x_wconf 75' lang='grc' dir='ltr'>ἔργα</span> <span class='ocrx_word' id='word_1_538' title='bbox 3011 3368 3108 3420; x_wconf 76' lang='grc' dir='ltr'>καὶ</span> <span class='ocrx_word' id='word_1_539' title='bbox 3167 3363 3340 3418; x_wconf 85' lang='grc' dir='ltr'>πόθου</span> <span class='ocrx_word' id='word_1_540' title='bbox 3380 3363 3584 3430; x_wconf 78' lang='grc' dir='ltr'>ζέοντος</span> <span class='ocrx_word' id='word_1_541' title='bbox 3635 3355 3724 3410; x_wconf 86' lang='grc' dir='ltr'><strong>τοῦ</strong></span> 
     </span>
    </p>
   </div>
   <div class='ocr_carea' id='block_1_81' title="bbox 2161 3446 3723 3528">
    <p class='ocr_par' dir='ltr' id='par_1_81' title="bbox 2161 3446 3723 3528">
     <span class='ocr_line' id='line_1_81' title="bbox 2161 3446 3723 3528; baseline -0.013 -10"><span class='ocrx_word' id='word_1_542' title='bbox 2161 3462 2549 3518; x_wconf 77' lang='grc' dir='ltr'>Κωνσταντίου</span> <span class='ocrx_word' id='word_1_543' title='bbox 2583 3459 2988 3528; x_wconf 77' lang='grc' dir='ltr'>ὲνδειξαμένου,</span> <span class='ocrx_word' id='word_1_544' title='bbox 3029 3460 3078 3510; x_wconf 82' lang='grc' dir='ltr'><strong>εί</strong></span> <span class='ocrx_word' id='word_1_545' title='bbox 3103 3457 3199 3510; x_wconf 69' lang='grc' dir='ltr'>καὶ</span> <span class='ocrx_word' id='word_1_546' title='bbox 3221 3457 3347 3519; x_wconf 77' lang='grc' dir='ltr'>ταῖς</span> <span class='ocrx_word' id='word_1_547' title='bbox 3373 3453 3465 3507; x_wconf 92' lang='grc' dir='ltr'><strong>τοῦ</strong></span> <span class='ocrx_word' id='word_1_548' title='bbox 3500 3446 3723 3518; x_wconf 80' lang='grc' dir='ltr'>πονηροῦ</span> 
     </span>
    </p>
   </div>
   <div class='ocr_carea' id='block_1_82' title="bbox 2163 3541 3722 3623">
    <p class='ocr_par' dir='ltr' id='par_1_82' title="bbox 2163 3541 3722 3623">
     <span class='ocr_line' id='line_1_82' title="bbox 2163 3541 3722 3623; baseline -0.014 -13"><span class='ocrx_word' id='word_1_549' title='bbox 2163 3557 2372 3623; x_wconf 84' lang='grc' dir='ltr'>πάγαις</span> <span class='ocrx_word' id='word_1_550' title='bbox 2421 3549 2577 3616; x_wconf 79' lang='grc' dir='ltr'>οὗτος</span> <span class='ocrx_word' id='word_1_551' title='bbox 2631 3551 2826 3622; x_wconf 72' lang='grc' dir='ltr'>μικρὸν</span> <span class='ocrx_word' id='word_1_552' title='bbox 2866 3549 3095 3618; x_wconf 77' lang='grc' dir='ltr'>ὕστερον</span> <span class='ocrx_word' id='word_1_553' title='bbox 3152 3547 3325 3609; x_wconf 77' lang='grc' dir='ltr'>ἀλοῦς</span> <span class='ocrx_word' id='word_1_554' title='bbox 3355 3545 3421 3617; x_wconf 85' lang='grc' dir='ltr'><strong>(ὣ</strong></span> <span class='ocrx_word' id='word_1_555' title='bbox 3450 3541 3722 3610; x_wconf 83' lang='grc' dir='ltr'>πτώματος</span> 
     </span>
    </p>
   </div>
   <div class='ocr_carea' id='block_1_83' title="bbox 2161 3630 3720 3720">
    <p class='ocr_par' dir='ltr' id='par_1_83' title="bbox 2161 3630 3720 3720">
     <span class='ocr_line' id='line_1_83' title="bbox 2161 3630 3720 3720; baseline -0.012 -19"><span class='ocrx_word' id='word_1_556' title='bbox 2161 3647 2437 3720; x_wconf 80' lang='grc' dir='ltr'>ὀλεθρίουί</span> <span class='ocrx_word' id='word_1_557' title='bbox 2477 3645 2577 3718; x_wconf 74' lang='grc' dir='ltr'><strong>τὴν</strong></span> <span class='ocrx_word' id='word_1_558' title='bbox 2629 3643 2873 3716; x_wconf 73' lang='grc' dir='ltr'>θολεράν,</span> <span class='ocrx_word' id='word_1_559' title='bbox 2927 3642 3066 3712; x_wconf 74' lang='grc' dir='ltr'>φεῦι</span> <span class='ocrx_word' id='word_1_560' title='bbox 3099 3638 3464 3710; x_wconf 80' lang='grc' dir='ltr'>ἀνατροπὴν)’</span> <span class='ocrx_word' id='word_1_561' title='bbox 3500 3634 3589 3688; x_wconf 87' lang='grc' dir='ltr'><strong>τοῦ</strong></span> <span class='ocrx_word' id='word_1_562' title='bbox 3621 3630 3720 3684; x_wconf 84' lang='grc' dir='ltr'><strong>τῶν</strong></span> 
     </span>
    </p>
   </div>
   <div class='ocr_carea' id='block_1_84' title="bbox 2175 3727 3724 3810">
    <p class='ocr_par' dir='ltr' id='par_1_84' title="bbox 2175 3727 3724 3810">
     <span class='ocr_line' id='line_1_84' title="bbox 2175 3727 3724 3810; baseline -0.01 -16"><span class='ocrx_word' id='word_1_563' title='bbox 2175 3740 2474 3810; x_wconf 80' lang='grc' dir='ltr'>’Λρειανῶν</span> <span class='ocrx_word' id='word_1_564' title='bbox 2535 3737 2720 3804; x_wconf 75' lang='grc' dir='ltr'>ἐξέπιε</span> <span class='ocrx_word' id='word_1_565' title='bbox 2783 3735 3073 3806; x_wconf 84' lang='grc' dir='ltr'>δόγματος.</span> <span class='ocrx_word' id='word_1_566' title='bbox 3121 3732 3354 3803; x_wconf 80' lang='grc' dir='ltr'>Χρόνοις</span> <span class='ocrx_word' id='word_1_567' title='bbox 3414 3731 3470 3784; x_wconf 82' lang='grc' dir='ltr'>δὲ</span> <span class='ocrx_word' id='word_1_568' title='bbox 3533 3727 3724 3786; x_wconf 71' lang='grc' dir='ltr'>ἱκανοῖς</span> 
     </span>
    </p>
   </div>
   <div class='ocr_carea' id='block_1_85' title="bbox 2165 3817 3722 3902">
    <p class='ocr_par' dir='ltr' id='par_1_85' title="bbox 2165 3817 3722 3902">
     <span class='ocr_line' id='line_1_85' title="bbox 2165 3817 3722 3902; baseline -0.01 -18"><span class='ocrx_word' id='word_1_569' title='bbox 2165 3831 2396 3902; x_wconf 74' lang='grc' dir='ltr'>ὕστερον</span> <span class='ocrx_word' id='word_1_570' title='bbox 2457 3828 2839 3889; x_wconf 79' lang='grc' dir='ltr'>Ἰουστινιανδς</span> <span class='ocrx_word' id='word_1_571' title='bbox 2882 3827 2951 3880; x_wconf 84' lang='grc' dir='ltr'><strong>τά</strong></span> <span class='ocrx_word' id='word_1_572' title='bbox 3003 3827 3259 3896; x_wconf 84' lang='grc' dir='ltr'>σκῆπτρα</span> <span class='ocrx_word' id='word_1_573' title='bbox 3312 3825 3414 3893; x_wconf 82' lang='grc' dir='ltr'><strong>τῆς</strong></span> <span class='ocrx_word' id='word_1_574' title='bbox 3464 3817 3722 3892; x_wconf 73' lang='grc' dir='ltr'>βασιλείας</span> 
     </span>
    </p>
   </div>
   <div class='ocr_carea' id='block_1_86' title="bbox 2164 3909 3721 3994">
    <p class='ocr_par' dir='ltr' id='par_1_86' title="bbox 2164 3909 3721 3994">
     <span class='ocr_line' id='line_1_86' title="bbox 2164 3909 3721 3994; baseline -0.011 -17"><span class='ocrx_word' id='word_1_575' title='bbox 2164 3921 2523 3994; x_wconf 72' lang='grc' dir='ltr'>παραλαϐὼν,</span> <span class='ocrx_word' id='word_1_576' title='bbox 2556 3921 2968 3991; x_wconf 71' lang='grc' dir='ltr'>φιλοτιμότερον</span> <span class='ocrx_word' id='word_1_577' title='bbox 3013 3920 3138 3971; x_wconf 79' lang='grc' dir='ltr'>ὅσον</span> <span class='ocrx_word' id='word_1_578' title='bbox 3167 3917 3299 3988; x_wconf 75' lang='grc' dir='ltr'>περὶ</span> <span class='ocrx_word' id='word_1_579' title='bbox 3328 3916 3398 3969; x_wconf 87' lang='grc' dir='ltr'><strong>τά</strong></span> <span class='ocrx_word' id='word_1_580' title='bbox 3433 3915 3549 3983; x_wconf 70' lang='grc' dir='ltr'>ἱερὰ</span> <span class='ocrx_word' id='word_1_581' title='bbox 3581 3909 3721 3964; x_wconf 72' lang='grc' dir='ltr'>ταυτὶ</span> 
     </span>
    </p>
   </div>
   <div class='ocr_carea' id='block_1_87' title="bbox 2164 4001 3724 4079">
    <p class='ocr_par' dir='ltr' id='par_1_87' title="bbox 2164 4001 3724 4079">
     <span class='ocr_line' id='line_1_87' title="bbox 2164 4001 3724 4079; baseline -0.01 -11"><span class='ocrx_word' id='word_1_582' title='bbox 2164 4017 2275 4068; x_wconf 79' lang='grc' dir='ltr'><strong>τῶν</strong></span> <span class='ocrx_word' id='word_1_583' title='bbox 2301 4014 2619 4067; x_wconf 83' lang='grc' dir='ltr'>ἀποστόλων</span> <span class='ocrx_word' id='word_1_584' title='bbox 2678 4011 2980 4064; x_wconf 87' lang='grc' dir='ltr'>διατίθεται</span> <span class='ocrx_word' id='word_1_585' title='bbox 3040 4009 3274 4079; x_wconf 85' lang='grc' dir='ltr'>σώματα</span> <span class='ocrx_word' id='word_1_586' title='bbox 3299 4051 3315 4073; x_wconf 84' lang='grc'><em>,</em></span> <span class='ocrx_word' id='word_1_587' title='bbox 3363 4009 3457 4062; x_wconf 67' lang='grc' dir='ltr'><strong>καὶ</strong></span> <span class='ocrx_word' id='word_1_588' title='bbox 3493 4001 3724 4075; x_wconf 70' lang='grc' dir='ltr'>ἀργυρέῃ</span> 
     </span>
    </p>
   </div>
   <div class='ocr_carea' id='block_1_88' title="bbox 2167 4095 3718 4177">
    <p class='ocr_par' dir='ltr' id='par_1_88' title="bbox 2167 4095 3718 4177">
     <span class='ocr_line' id='line_1_88' title="bbox 2167 4095 3718 4177; baseline -0.008 -18"><span class='ocrx_word' id='word_1_589' title='bbox 2167 4108 2311 4177; x_wconf 84' lang='grc' dir='ltr'>θήκῃ</span> <span class='ocrx_word' id='word_1_590' title='bbox 2343 4104 2514 4158; x_wconf 89' lang='grc' dir='ltr'>ταῦτα</span> <span class='ocrx_word' id='word_1_591' title='bbox 2546 4103 2860 4171; x_wconf 77' lang='grc' dir='ltr'>περιλαϐὼν</span> <span class='ocrx_word' id='word_1_592' title='bbox 2893 4102 3022 4172; x_wconf 80' lang='grc' dir='ltr'>παρ’</span> <span class='ocrx_word' id='word_1_593' title='bbox 3071 4100 3218 4170; x_wconf 85' lang='grc' dir='ltr'>αὐτῷ</span> <span class='ocrx_word' id='word_1_594' title='bbox 3253 4101 3335 4170; x_wconf 81' lang='grc' dir='ltr'>τῷ</span> <span class='ocrx_word' id='word_1_595' title='bbox 3382 4099 3508 4169; x_wconf 83' lang='grc' dir='ltr'>θείῳ</span> <span class='ocrx_word' id='word_1_596' title='bbox 3548 4095 3718 4148; x_wconf 81' lang='grc' dir='ltr'>θυσια-</span> 
     </span>
    </p>
   </div>
   <div class='ocr_carea' id='block_1_89' title="bbox 2168 4185 3723 4269">
    <p class='ocr_par' dir='ltr' id='par_1_89' title="bbox 2168 4185 3723 4269">
     <span class='ocr_line' id='line_1_89' title="bbox 2168 4185 3723 4269; baseline -0.009 -19"><span class='ocrx_word' id='word_1_597' title='bbox 2168 4197 2396 4269; x_wconf 79' lang='grc' dir='ltr'>στηρίῳ,</span> <span class='ocrx_word' id='word_1_598' title='bbox 2423 4197 2566 4266; x_wconf 74' lang='grc' dir='ltr'>μάλα</span> <span class='ocrx_word' id='word_1_599' title='bbox 2584 4194 2849 4264; x_wconf 79' lang='grc' dir='ltr'>θεοφιλῶς</span> <span class='ocrx_word' id='word_1_600' title='bbox 2873 4191 3250 4256; x_wconf 85' lang='grc' dir='ltr'>κατατίθεται,</span> <span class='ocrx_word' id='word_1_601' title='bbox 3279 4193 3347 4246; x_wconf 81' lang='grc' dir='ltr'>τὰ</span> <span class='ocrx_word' id='word_1_602' title='bbox 3371 4191 3544 4260; x_wconf 84' lang='grc' dir='ltr'>τίμια,</span> <span class='ocrx_word' id='word_1_603' title='bbox 3571 4185 3723 4256; x_wconf 74' lang='grc' dir='ltr'><strong>φημὶ,</strong></span> 
     </span>
    </p>
   </div>
   <div class='ocr_carea' id='block_1_90' title="bbox 2166 4275 3718 4356">
    <p class='ocr_par' dir='ltr' id='par_1_90' title="bbox 2166 4275 3718 4356">
     <span class='ocr_line' id='line_1_90' title="bbox 2166 4275 3718 4356; baseline -0.01 -16"><span class='ocrx_word' id='word_1_604' title='bbox 2166 4289 2223 4340; x_wconf 83' lang='grc' dir='ltr'>ὲν</span> <span class='ocrx_word' id='word_1_605' title='bbox 2254 4287 2435 4356; x_wconf 82' lang='grc' dir='ltr'>τιμίῳ.</span> <span class='ocrx_word' id='word_1_606' title='bbox 2471 4285 2582 4338; x_wconf 72' lang='grc' dir='ltr'><strong>Καὶ</strong></span> <span class='ocrx_word' id='word_1_607' title='bbox 2620 4284 2869 4356; x_wconf 79' lang='grc' dir='ltr'>τράπεζα</span> <span class='ocrx_word' id='word_1_608' title='bbox 2906 4283 3006 4353; x_wconf 82' lang='grc' dir='ltr'><strong>μὲν</strong></span> <span class='ocrx_word' id='word_1_609' title='bbox 3049 4281 3144 4335; x_wconf 88' lang='grc' dir='ltr'><strong>τοῦ</strong></span> <span class='ocrx_word' id='word_1_610' title='bbox 3171 4282 3320 4352; x_wconf 81' lang='grc' dir='ltr'>ἱεροῦ</span> <span class='ocrx_word' id='word_1_611' title='bbox 3357 4275 3718 4348; x_wconf 81' lang='grc' dir='ltr'>θυσιαστηρίου</span> 
     </span>
    </p>
   </div>
   <div class='ocr_carea' id='block_1_91' title="bbox 2166 4364 3719 4446">
    <p class='ocr_par' dir='ltr' id='par_1_91' title="bbox 2166 4364 3719 4446">
     <span class='ocr_line' id='line_1_91' title="bbox 2166 4364 3719 4446; baseline -0.01 -15"><span class='ocrx_word' id='word_1_612' title='bbox 2166 4379 2200 4446; x_wconf 82' lang='grc' dir='ltr'><strong>ἡ</strong></span> <span class='ocrx_word' id='word_1_613' title='bbox 2245 4377 2385 4445; x_wconf 77' lang='grc' dir='ltr'>θήκη</span> <span class='ocrx_word' id='word_1_614' title='bbox 2420 4377 2584 4442; x_wconf 83' lang='grc' dir='ltr'>τελεῖ,</span> <span class='ocrx_word' id='word_1_615' title='bbox 2628 4376 2790 4446; x_wconf 82' lang='grc' dir='ltr'>κοινῷ</span> <span class='ocrx_word' id='word_1_616' title='bbox 2816 4375 2872 4428; x_wconf 82' lang='grc' dir='ltr'>δὲ</span> <span class='ocrx_word' id='word_1_617' title='bbox 2912 4375 3022 4426; x_wconf 85' lang='grc' dir='ltr'><strong>τῶν</strong></span> <span class='ocrx_word' id='word_1_618' title='bbox 3073 4374 3394 4428; x_wconf 86' lang='grc' dir='ltr'>ἀποστόλων</span> <span class='ocrx_word' id='word_1_619' title='bbox 3445 4369 3659 4438; x_wconf 82' lang='grc' dir='ltr'>ὀνόματι</span> <span class='ocrx_word' id='word_1_620' title='bbox 3695 4364 3719 4415; x_wconf 83' lang='grc' dir='ltr'>ὁ</span> 
     </span>
    </p>
   </div>
   <div class='ocr_carea' id='block_1_92' title="bbox 2168 4454 3718 4540">
    <p class='ocr_par' dir='ltr' id='par_1_92' title="bbox 2168 4454 3718 4540">
     <span class='ocr_line' id='line_1_92' title="bbox 2168 4454 3718 4540; baseline -0.011 -18"><span class='ocrx_word' id='word_1_621' title='bbox 2168 4471 2303 4532; x_wconf 82' lang='grc' dir='ltr'>νεὼς</span> <span class='ocrx_word' id='word_1_622' title='bbox 2333 4462 2488 4530; x_wconf 75' lang='grc' dir='ltr'>οὗτος</span> <span class='ocrx_word' id='word_1_623' title='bbox 2519 4467 3016 4540; x_wconf 80' lang='grc' dir='ltr'>προσαγορεύεται.</span> <span class='ocrx_word' id='word_1_624' title='bbox 3045 4467 3118 4519; x_wconf 76' lang='grc' dir='ltr'><strong>Οὐ</strong></span> <span class='ocrx_word' id='word_1_625' title='bbox 3147 4466 3211 4536; x_wconf 85' lang='grc' dir='ltr'><strong>δὴ</strong></span> <span class='ocrx_word' id='word_1_626' title='bbox 3243 4467 3446 4522; x_wconf 80' lang='grc' dir='ltr'>πάντες</span> <span class='ocrx_word' id='word_1_627' title='bbox 3479 4463 3524 4514; x_wconf 85' lang='lat' dir='ltr'><strong>oi</strong></span> <span class='ocrx_word' id='word_1_628' title='bbox 3556 4454 3718 4510; x_wconf 74' lang='grc' dir='ltr'>πιστοὶ</span> 
     </span>
    </p>
   </div>
   <div class='ocr_carea' id='block_1_93' title="bbox 485 4544 2054 4632">
    <p class='ocr_par' dir='ltr' id='par_1_93' title="bbox 485 4559 2054 4632">
     <span class='ocr_line' id='line_1_93' title="bbox 485 4559 2054 4632; baseline 0.004 -21"><span class='ocrx_word' id='word_1_629' title='bbox 485 4573 647 4628; x_wconf 88' lang='lat' dir='ltr'><strong>quam</strong></span> <span class='ocrx_word' id='word_1_630' title='bbox 685 4559 1037 4630; x_wconf 76' lang='lat' dir='ltr'><strong>discipulum,</strong></span> <span class='ocrx_word' id='word_1_631' title='bbox 1071 4561 1352 4616; x_wconf 89' lang='lat' dir='ltr'><strong>celebrant</strong></span> <span class='ocrx_word' id='word_1_632' title='bbox 1401 4570 1460 4616; x_wconf 90' lang='lat' dir='ltr'><strong>ut</strong></span> <span class='ocrx_word' id='word_1_633' title='bbox 1489 4561 1903 4632; x_wconf 81' lang='lat' dir='ltr'><strong>evangelistam,</strong></span> <span class='ocrx_word' id='word_1_634' title='bbox 1928 4563 2054 4617; x_wconf 90' lang='lat' dir='ltr'><strong>bea-</strong></span> 
     </span>
    </p>
   </div>
   <div class='ocr_carea' id='block_1_94' title="bbox 2158 4544 3717 4632">
    <p class='ocr_par' dir='ltr' id='par_1_94' title="bbox 2167 4555 3717 4628">
     <span class='ocr_line' id='line_1_94' title="bbox 2167 4555 3717 4628; baseline -0.007 -14"><span class='ocrx_word' id='word_1_635' title='bbox 2167 4559 2770 4625; x_wconf 82' lang='grc' dir='ltr'>συνιὸντες,ὲπαινοῦσι</span> <span class='ocrx_word' id='word_1_636' title='bbox 2826 4558 3016 4612; x_wconf 88' lang='grc' dir='ltr'>τοῦτον</span> <span class='ocrx_word' id='word_1_637' title='bbox 3050 4560 3126 4621; x_wconf 83' lang='grc' dir='ltr'><strong>ὡς</strong></span> <span class='ocrx_word' id='word_1_638' title='bbox 3188 4558 3458 4628; x_wconf 80' lang='grc' dir='ltr'>μαθητὴν,</span> <span class='ocrx_word' id='word_1_639' title='bbox 3503 4555 3717 4618; x_wconf 76' lang='grc' dir='ltr'>ἀνευφη·</span> 
     </span>
    </p>
   </div>
   <div class='ocr_carea' id='block_1_95' title="bbox 487 4651 2060 4724">
    <p class='ocr_par' dir='ltr' id='par_1_95' title="bbox 487 4651 2060 4724">
     <span class='ocr_line' id='line_1_95' title="bbox 487 4651 2060 4724; baseline 0.003 -19"><span class='ocrx_word' id='word_1_640' title='bbox 487 4651 690 4707; x_wconf 84' lang='lat' dir='ltr'><strong>tillcant</strong></span> <span class='ocrx_word' id='word_1_641' title='bbox 752 4663 1011 4722; x_wconf 87' lang='lat' dir='ltr'><strong>tanquam</strong></span> <span class='ocrx_word' id='word_1_642' title='bbox 1041 4671 1165 4709; x_wconf 87' lang='lat' dir='ltr'><strong>eum</strong></span> <span class='ocrx_word' id='word_1_643' title='bbox 1192 4657 1284 4724; x_wconf 85' lang='lat' dir='ltr'><strong>qui</strong></span> <span class='ocrx_word' id='word_1_644' title='bbox 1323 4655 1376 4709; x_wconf 91' lang='lat' dir='ltr'><strong>in</strong></span> <span class='ocrx_word' id='word_1_645' title='bbox 1419 4656 1593 4710; x_wconf 87' lang='lat' dir='ltr'><strong>sacris</strong></span> <span class='ocrx_word' id='word_1_646' title='bbox 1636 4655 1930 4710; x_wconf 74' lang='lat' dir='ltr'><strong>sudoribus</strong></span> <span class='ocrx_word' id='word_1_647' title='bbox 1995 4670 2060 4709; x_wconf 92' lang='lat' dir='ltr'><strong>ac</strong></span> 
     </span>
    </p>
   </div>
   <div class='ocr_carea' id='block_1_96' title="bbox 487 4744 2062 4818">
    <p class='ocr_par' dir='ltr' id='par_1_96' title="bbox 487 4744 2062 4818">
     <span class='ocr_line' id='line_1_96' title="bbox 487 4744 2062 4818; baseline 0.004 -22"><span class='ocrx_word' id='word_1_648' title='bbox 487 4744 764 4801; x_wconf 79' lang='lat' dir='ltr'><strong>laboribus</strong></span> <span class='ocrx_word' id='word_1_649' title='bbox 797 4747 985 4802; x_wconf 86' lang='lat' dir='ltr'><strong>divino</strong></span> <span class='ocrx_word' id='word_1_650' title='bbox 1017 4747 1184 4803; x_wconf 81' lang='lat' dir='ltr'><strong>Paulo</strong></span> <span class='ocrx_word' id='word_1_651' title='bbox 1210 4763 1426 4818; x_wconf 89' lang='lat' dir='ltr'><strong>semper</strong></span> <span class='ocrx_word' id='word_1_652' title='bbox 1464 4748 1567 4802; x_wconf 82' lang='lat' dir='ltr'><strong>fuit</strong></span> <span class='ocrx_word' id='word_1_653' title='bbox 1597 4749 1780 4804; x_wconf 90' lang='lat' dir='ltr'><strong>socius</strong></span> <span class='ocrx_word' id='word_1_654' title='bbox 1815 4767 1828 4804; x_wconf 89' lang='lat'><strong>:</strong></span> <span class='ocrx_word' id='word_1_655' title='bbox 1855 4757 1910 4803; x_wconf 87' lang='lat' dir='ltr'><strong>et</strong></span> <span class='ocrx_word' id='word_1_656' title='bbox 1933 4748 2062 4802; x_wconf 89' lang='lat' dir='ltr'><strong>inde</strong></span> 
     </span>
    </p>
   </div>
   <div class='ocr_carea' id='block_1_97' title="bbox 486 4834 2063 4908">
    <p class='ocr_par' dir='ltr' id='par_1_97' title="bbox 486 4834 2063 4908">
     <span class='ocr_line' id='line_1_97' title="bbox 486 4834 2063 4908; baseline 0.001 -20"><span class='ocrx_word' id='word_1_657' title='bbox 486 4836 977 4892; x_wconf 87' lang='lat' dir='ltr'><strong>sanctilicationem</strong></span> <span class='ocrx_word' id='word_1_658' title='bbox 1007 4834 1421 4908; x_wconf 85' lang='lat' dir='ltr'><strong>participantes,</strong></span> <span class='ocrx_word' id='word_1_659' title='bbox 1451 4839 1718 4908; x_wconf 87' lang='lat' dir='ltr'><strong>spirituali</strong></span> <span class='ocrx_word' id='word_1_660' title='bbox 1761 4838 2063 4908; x_wconf 86' lang='lat' dir='ltr'><strong>implentur</strong></span> 
     </span>
    </p>
   </div>
   <div class='ocr_carea' id='block_1_98' title="bbox 488 4927 2059 5000">
    <p class='ocr_par' dir='ltr' id='par_1_98' title="bbox 488 4927 2059 5000">
     <span class='ocr_line' id='line_1_98' title="bbox 488 4927 2059 5000; baseline 0.003 -22"><span class='ocrx_word' id='word_1_661' title='bbox 488 4927 720 4994; x_wconf 76' lang='lat' dir='ltr'><strong>gaudio:</strong></span> <span class='ocrx_word' id='word_1_662' title='bbox 752 4929 916 4998; x_wconf 88' lang='lat' dir='ltr'><strong>idque</strong></span> <span class='ocrx_word' id='word_1_663' title='bbox 953 4929 1128 5000; x_wconf 79' lang='lat' dir='ltr'><strong>gratia</strong></span> <span class='ocrx_word' id='word_1_664' title='bbox 1164 4945 1227 4983; x_wconf 90' lang='lat' dir='ltr'><strong>ac</strong></span> <span class='ocrx_word' id='word_1_665' title='bbox 1258 4930 1591 5000; x_wconf 82' lang='lat' dir='ltr'><strong>benignitate</strong></span> <span class='ocrx_word' id='word_1_666' title='bbox 1631 4927 1844 4982; x_wconf 90' lang='lat' dir='ltr'><strong>Domini</strong></span> <span class='ocrx_word' id='word_1_667' title='bbox 1888 4928 2059 4982; x_wconf 91' lang='lat' dir='ltr'><strong>nostri</strong></span> 
     </span>
    </p>
   </div>
   <div class='ocr_carea' id='block_1_99' title="bbox 483 5017 2053 5090">
    <p class='ocr_par' dir='ltr' id='par_1_99' title="bbox 483 5017 2053 5090">
     <span class='ocr_line' id='line_1_99' title="bbox 483 5017 2053 5090; baseline 0.001 -21"><span class='ocrx_word' id='word_1_668' title='bbox 483 5017 614 5072; x_wconf 82' lang='lat' dir='ltr'><strong>Jesu</strong></span> <span class='ocrx_word' id='word_1_669' title='bbox 641 5019 867 5087; x_wconf 88' lang='lat' dir='ltr'><strong>Christi,</strong></span> <span class='ocrx_word' id='word_1_670' title='bbox 898 5021 988 5076; x_wconf 90' lang='lat' dir='ltr'><strong>cui</strong></span> <span class='ocrx_word' id='word_1_671' title='bbox 1016 5030 1101 5078; x_wconf 88' lang='lat' dir='ltr'><strong>est</strong></span> <span class='ocrx_word' id='word_1_672' title='bbox 1149 5020 1316 5090; x_wconf 77' lang='lat' dir='ltr'><strong>gloria</strong></span> <span class='ocrx_word' id='word_1_673' title='bbox 1379 5021 1434 5074; x_wconf 91' lang='lat' dir='ltr'><strong>in</strong></span> <span class='ocrx_word' id='word_1_674' title='bbox 1464 5019 1663 5076; x_wconf 69' lang='lat' dir='ltr'><strong>saecula</strong></span> <span class='ocrx_word' id='word_1_675' title='bbox 1707 5018 2053 5074; x_wconf 62' lang='lat' dir='ltr'><strong>seculorum.</strong></span> 
     </span>
    </p>
   </div>
   <div class='ocr_carea' id='block_1_100' title="bbox 485 5109 680 5165">
    <p class='ocr_par' dir='ltr' id='par_1_100' title="bbox 485 5109 680 5165">
     <span class='ocr_line' id='line_1_100' title="bbox 485 5109 680 5165; baseline 0.015 -3"><span class='ocrx_word' id='word_1_676' title='bbox 485 5109 680 5165; x_wconf 75' lang='lat' dir='ltr'><strong>Amen.</strong></span> 
     </span>
    </p>
   </div>
   <div class='ocr_carea' id='block_1_101' title="bbox 2162 4641 3716 4723">
    <p class='ocr_par' dir='ltr' id='par_1_101' title="bbox 2162 4641 3716 4723">
     <span class='ocr_line' id='line_1_101' title="bbox 2162 4641 3716 4723; baseline -0.008 -17"><span class='ocrx_word' id='word_1_677' title='bbox 2162 4652 2358 4723; x_wconf 89' lang='grc' dir='ltr'>μοῦσιν</span> <span class='ocrx_word' id='word_1_678' title='bbox 2409 4653 2483 4716; x_wconf 83' lang='grc' dir='ltr'>ὡς</span> <span class='ocrx_word' id='word_1_679' title='bbox 2518 4651 2943 4721; x_wconf 71' lang='grc' dir='ltr'>εὐαγγελιστὴν,</span> <span class='ocrx_word' id='word_1_680' title='bbox 2987 4651 3063 4714; x_wconf 83' lang='grc' dir='ltr'>ὡς</span> <span class='ocrx_word' id='word_1_681' title='bbox 3127 4650 3290 4720; x_wconf 80' lang='grc' dir='ltr'>ιερῶν</span> <span class='ocrx_word' id='word_1_682' title='bbox 3351 4647 3582 4719; x_wconf 80' lang='grc' dir='ltr'>ἱδρώτων</span> <span class='ocrx_word' id='word_1_683' title='bbox 3635 4641 3716 4694; x_wconf 72' lang='grc' dir='ltr'><strong>καὶ</strong></span> 
     </span>
    </p>
   </div>
   <div class='ocr_carea' id='block_1_102' title="bbox 2162 4731 3715 4814">
    <p class='ocr_par' dir='ltr' id='par_1_102' title="bbox 2162 4731 3715 4814">
     <span class='ocr_line' id='line_1_102' title="bbox 2162 4731 3715 4814; baseline -0.01 -17"><span class='ocrx_word' id='word_1_684' title='bbox 2162 4744 2341 4797; x_wconf 86' lang='grc' dir='ltr'>πόνων</span> <span class='ocrx_word' id='word_1_685' title='bbox 2373 4744 2450 4814; x_wconf 83' lang='grc' dir='ltr'>τῷ</span> <span class='ocrx_word' id='word_1_686' title='bbox 2490 4743 2767 4809; x_wconf 82' lang='grc' dir='ltr'>θεσπεσίῳ</span> <span class='ocrx_word' id='word_1_687' title='bbox 2794 4742 3193 4812; x_wconf 84' lang='grc' dir='ltr'>κοινωνήσαντι</span> <span class='ocrx_word' id='word_1_688' title='bbox 3229 4741 3425 4809; x_wconf 61' lang='grc' dir='ltr'>Παύλῳ</span> <span class='ocrx_word' id='word_1_689' title='bbox 3448 4731 3715 4792; x_wconf 76' lang='grc' dir='ltr'>διαπαντὸς</span> 
     </span>
    </p>
   </div>
   <div class='ocr_carea' id='block_1_103' title="bbox 2164 4831 3713 4908">
    <p class='ocr_par' dir='ltr' id='par_1_103' title="bbox 2164 4831 3713 4908">
     <span class='ocr_line' id='line_1_103' title="bbox 2164 4831 3713 4908; baseline -0.004 -17"><span class='ocrx_word' id='word_1_690' title='bbox 2164 4838 2552 4907; x_wconf 74' lang='grc' dir='ltr'>μακαρίζουσι·</span> <span class='ocrx_word' id='word_1_691' title='bbox 2604 4839 2699 4890; x_wconf 69' lang='grc' dir='ltr'>καὶ</span> <span class='ocrx_word' id='word_1_692' title='bbox 2772 4838 2866 4890; x_wconf 84' lang='grc' dir='ltr'><strong>τοῦ</strong></span> <span class='ocrx_word' id='word_1_693' title='bbox 2949 4837 3164 4890; x_wconf 76' lang='grc' dir='ltr'>ἐκεῖθεν</span> <span class='ocrx_word' id='word_1_694' title='bbox 3228 4831 3713 4908; x_wconf 74' lang='grc' dir='ltr'>μεταλαμϐάνοντες</span> 
     </span>
    </p>
   </div>
   <div class='ocr_carea' id='block_1_104' title="bbox 2163 4921 3710 5001">
    <p class='ocr_par' dir='ltr' id='par_1_104' title="bbox 2163 4921 3710 5001">
     <span class='ocr_line' id='line_1_104' title="bbox 2163 4921 3710 5001; baseline -0.007 -18"><span class='ocrx_word' id='word_1_695' title='bbox 2163 4929 2461 5001; x_wconf 81' lang='grc' dir='ltr'>ἀγιασμοῦ,</span> <span class='ocrx_word' id='word_1_696' title='bbox 2522 4931 2699 5000; x_wconf 83' lang='grc' dir='ltr'>χαρᾶς</span> <span class='ocrx_word' id='word_1_697' title='bbox 2753 4929 3095 5000; x_wconf 77' lang='grc' dir='ltr'>πληροῦνται</span> <span class='ocrx_word' id='word_1_698' title='bbox 3136 4927 3514 4997; x_wconf 78' lang='grc' dir='ltr'>πνευματικῆς</span> <span class='ocrx_word' id='word_1_699' title='bbox 3554 4921 3710 4992; x_wconf 78' lang='grc' dir='ltr'>χάριτι</span> 
     </span>
    </p>
   </div>
   <div class='ocr_carea' id='block_1_105' title="bbox 2164 5007 3706 5095">
    <p class='ocr_par' dir='ltr' id='par_1_105' title="bbox 2164 5007 3706 5095">
     <span class='ocr_line' id='line_1_105' title="bbox 2164 5007 3706 5095; baseline -0.004 -19"><span class='ocrx_word' id='word_1_700' title='bbox 2164 5025 2258 5076; x_wconf 68' lang='grc' dir='ltr'><strong>καὶ</strong></span> <span class='ocrx_word' id='word_1_701' title='bbox 2292 5022 2678 5095; x_wconf 78' lang='grc' dir='ltr'>φιλανθρωπία</span> <span class='ocrx_word' id='word_1_702' title='bbox 2700 5021 2793 5076; x_wconf 91' lang='grc' dir='ltr'><strong>τοῦ</strong></span> <span class='ocrx_word' id='word_1_703' title='bbox 2822 5021 3026 5092; x_wconf 84' lang='grc' dir='ltr'>Κυρίου</span> <span class='ocrx_word' id='word_1_704' title='bbox 3059 5022 3217 5092; x_wconf 85' lang='grc' dir='ltr'>ἡμῶν</span> <span class='ocrx_word' id='word_1_705' title='bbox 3239 5020 3440 5092; x_wconf 83' lang='grc' dir='ltr'>-Ἰησοῦ</span> <span class='ocrx_word' id='word_1_706' title='bbox 3479 5007 3706 5088; x_wconf 62' lang='grc' dir='ltr'>Χριστοῦ,</span> 
     </span>
    </p>
   </div>
   <div class='ocr_carea' id='block_1_106' title="bbox 2168 5106 3558 5184">
    <p class='ocr_par' dir='ltr' id='par_1_106' title="bbox 2168 5106 3558 5184">
     <span class='ocr_line' id='line_1_106' title="bbox 2168 5106 3558 5184; baseline 0 -19"><span class='ocrx_word' id='word_1_707' title='bbox 2168 5106 2213 5180; x_wconf 79' lang='grc' dir='ltr'><strong>ᾧ</strong></span> <span class='ocrx_word' id='word_1_708' title='bbox 2244 5115 2276 5184; x_wconf 83' lang='grc' dir='ltr'>ἡ</span> <span class='ocrx_word' id='word_1_709' title='bbox 2306 5111 2431 5177; x_wconf 69' lang='grc' dir='ltr'>δόξα</span> <span class='ocrx_word' id='word_1_710' title='bbox 2460 5113 2539 5175; x_wconf 79' lang='grc' dir='ltr'><strong>είς</strong></span> <span class='ocrx_word' id='word_1_711' title='bbox 2571 5113 2698 5176; x_wconf 72' lang='grc' dir='ltr'>τοὺς</span> <span class='ocrx_word' id='word_1_712' title='bbox 2727 5111 2929 5175; x_wconf 83' lang='grc' dir='ltr'>αἰῶνας</span> <span class='ocrx_word' id='word_1_713' title='bbox 2957 5113 3065 5165; x_wconf 83' lang='grc' dir='ltr'><strong>τῶν</strong></span> <span class='ocrx_word' id='word_1_714' title='bbox 3096 5111 3329 5166; x_wconf 68' lang='grc' dir='ltr'>αἰώνων.</span> <span class='ocrx_word' id='word_1_715' title='bbox 3370 5107 3558 5180; x_wconf 78' lang='grc' dir='ltr'>Ἀμήν.</span> 
     </span>
    </p>
   </div>
  </div>
