4110 6432
467 415 602 484 ΠΗ

1677 410 2143 473 MARTYRIUM
2184 410 2246 473 S.
2284 412 2492 474 VARI.

3586 400 3721 465 iii?

469 575 3084 617 Μ

2586 570 3696 605 W

1774 737 2405 827 ΜΑΡΤΥΡΙΟΝ

685 938 1034 1075 ΤΟΥ
1167 933 1687 1074 ΑΓΙΟΥ
1811 937 2720 1074 ΜΑΡΤΥΡΟΣ
2833 928 3516 1066 ΟΥΑΡΟΥ

1728 1180 1860 1233 ΚΑΙ
1906 1179 2048 1233 101v
2092 1176 2247 1231 ΣΥΝ
2273 1175 2490 1245 arm.

1062 1481 2229 1664 MARTYRIUM
2363 1506 2524 1663 S.
2676 1498 3140 1657 VARI

1700 1778 1804 1839 ET
1847 1776 2260 1843 SOCIORUM
2314 1779 2529 1842 EJUS.

972 1946 1168 2005 (Latine
1196 1943 1327 2007 apud
1349 1943 1548 1994 Surium
1579 1945 1639 1994 ad
1665 1944 1800 1994 diem
1825 1941 1883 1992 19
1906 1940 2168 2003 Octobris;
2194 1941 2368 1992 Graec
2390 1954 2451 1991 ex
2482 1941 2591 1990 cod.
2629 1953 2721 1990 ms.
2765 1935 2925 1998 Paris.
2969 1951 3018 1987 ιι.
3057 1935 3221 1999 1480.)

552 2274 631 2331 A'.
674 2271 1022 2343 Μαξιμιανοῦ
1087 2271 1182 2326 τοῦ
1230 2272 1501 2342 τυράννου
1546 2272 1606 2326 τὸ
1658 2270 1918 2334 δυσσεϐὲς
1966 2270 2070 2326 iud:

2244 2269 2289 2326 ι.
2323 2270 2459 2327 Cum
2480 2269 2844 2324 Maximianus
2875 2277 3142 2333 tyrannus
3169 2281 3268 2337 per
3289 2277 3604 2319 universum
3637 2262 3753 2318 fere

486 2369 678 2424 πᾶσαν
720 2365 912 2438 σχεδὸν
945 2364 1046 2436 τὴν
1102 2364 1436 2437 οἰκουμένην
1472 2363 1725 2428 ἐκδόντος
1766 2364 2066 2434 διάταγμα,

482 2460 798 2532 πέμψαντος
816 2458 876 2513 δὲ
911 2458 1007 2512 καὶ
1032 2458 1141 2520 τοῖς
1166 2459 1289 2513 κατ’
1313 2458 1590 2525 Αἴγυπτον
1618 2456 1904 2527 ἄρχουσιν,
1927 2455 2004 2519 ὡς
2032 2454 2067 2525 ἧ

480 2553 692 2612 πάντας
719 2551 848 2613 τούς
883 2550 943 2603 ὲν
976 2545 1114 2623 αὐτῇ
1140 2548 1507 2617 Χριστιανοὺς
1536 2545 1648 2601 τῶν
1685 2547 1902 2618 μιαρῶν
1931 2546 2069 2599 ἀπο·

482 2641 731 2711 γίνεσθαι
758 2639 984 2706 θυσιῶν,
1025 2641 1120 2695 καὶ
1135 2641 1237 2711 τὴν
1268 2641 1476 2694 ἑαυτῶν
1506 2637 1837 2707 ἐξόμνυσθαι
1862 2636 2068 2702 πίστιν,

482 2736 518 2806 ἢ
546 2734 820 2796 ποικίλαις
846 2732 1104 2787 κολάσεσι
1134 2734 1227 2786 καὶ
1256 2731 1514 2803 βασάνοις
1535 2731 1631 2786 τοῦ
1664 2730 1768 2804 ζῇν
1795 2730 2075 2785 ἀπαλλάτ-

481 2824 696 2880 τεσθαι’
743 2824 839 2878 καὶ
870 2823 1084 2879 πολλῶν
1125 2824 1220 2877 ἐπὶ
1258 2824 1437 2896 τούτῳ
1488 2825 1699 2877 πιστῶν
1733 2822 2068 2893 συλληφθέν-

480 2934 613 2981 των,
646 2918 740 2971 κα“ι
758 2915 867 2970 τῶν
894 2916 996 2986 μὲν
1024 2914 1116 2969 τὸν
1141 2914 1282 2985 ὑπὲρ
1303 2914 1546 2985 Χριστοῦ
1576 2914 1810 2969 θάνατον
1832 2911 2074 2976 εὐκλεῶς

400 3004 405 3007 ’
484 3008 976 3077 ἁπενεγκαμένων,
1052 3006 1163 3060 τῶν
1231 3005 1292 3059 δὲ
1352 3007 1596 3074 είρκταῖς
1678 3006 1773 3058 καὶ
1854 3002 2075 3072 δεσμοῖς

444 3098 1024 3175 λπαραπεμφθέντων,
1081 3096 1227 3167 λιμῷ
1272 3113 1331 3150 τε
1385 3097 1479 3151 καὶ
1531 3095 1673 3166 δίψει
1712 3093 2077 3162 πιεζομένων,

484 3191 628 3262 ἀνὴρ
681 3208 766 3254 τις
830 3188 926 3242 τοῦ
986 3189 1292 3256 καταλόγου
1350 3186 1689 3254 Αἰγυπτίων,
1738 3181 1935 3237 πολλοῦ
1977 3183 2076 3252 μὲν

486 3285 638 3350 ἄξιος
666 3282 1023 3353 Μαξιμιανῷ,
1044 3281 1242 3335 πολλοῦ
1276 3280 1452 3335 δὲκαὶ
1477 3279 1558 3352 τῷ
1597 3278 1764 3332 αὐτοῦ
1802 3274 2076 3349 στρατεύο

491 3394 645 3446 ματι,
668 3377 899 3447 φοϐερὸς
945 3376 1049 3446 οὐχ
1074 3375 1280 3445 ἥκιστα
1313 3374 1619 3444 πολεμίοις,
1646 3370 1856 3444 Οὔαρος
1882 3372 2077 3441 δνομα,

485 3470 549 3523 τὸ
580 3471 738 3538 γένος
769 3470 1066 3539 ἐπίσημος,
1094 3467 1192 3536 τὴν
1220 3466 1380 3531 δόξαν
1409 3465 1792 3536 περίϐλεπτος,
1812 3463 1914 3534 τὴν
1946 3464 2077 3532 ἀρε-

489 3559 589 3630 τὴν
623 3559 971 3629 περιϐόητος,
1011 3559 1190 3629 λάθρα
1223 3558 1422 3612 ὁπόσαι
1473 3555 1672 3620 νύκτες
1700 3556 1761 3608 τὸ
1793 3555 2080 3626 δεσμωτή-

2169 2364 2360 2419 orbem
2388 2371 2546 2417 terra;
2580 2361 2804 2430 impium
2822 2359 3088 2415 edidisset
3109 2357 3370 2419 edictum,
3401 2351 3751 2421 misissetque

2170 2454 2335 2509 etiam
2366 2451 2433 2507 ad
2480 2451 2762 2521 praesides,
2808 2450 2899 2517 qui
2951 2458 3108 2504 erant
3155 2447 3210 2500 in
3260 2442 3515 2513 Egypto,
3573 2448 3634 2495 ut
3666 2440 3754 2494 vel

2171 2560 2364 2602 omnes
2394 2545 2447 2599 in
2471 2558 2534 2599 ea
2552 2544 2884 2600 exsistentes
2897 2537 3196 2598 Christiani
3210 2534 3545 2591 exsecranda
3570 2540 3754 2604 gusta-

2172 2644 2299 2692 rent
2323 2634 2591 2691 sacriﬁcia
2626 2643 2681 2690 et
2714 2650 2867 2690 suam
2897 2633 3217 2704 abjurarent
3252 2626 3435 2690 fidem,
3479 2625 3565 2680 vel
3593 2622 3760 2676 variis

2175 2728 2461 2783 tormentis
2486 2734 2543 2781 et
2571 2724 2853 2796 suppliciis
2889 2724 2998 2778 vita
3033 2721 3114 2776 eis
3156 2718 3489 2774 adimeretur
3516 2729 3531 2777 ;
3563 2720 3619 2766 et
3646 2712 3752 2765 hac

2173 2817 2242 2873 de
2271 2831 2440 2871 causa
2471 2815 2628 2870 multi
2655 2814 2845 2870 ﬁdeles
2883 2812 3121 2868 fuissent
3146 2802 3557 2877 comprehensi,
3588 2810 3644 2856 et
3667 2798 3761 2854 alii

2174 2911 2398 2981 quidem
2429 2924 2532 2980 pro
2557 2906 2779 2964 Christo
2809 2913 3036 2960 mortem
3069 2902 3304 2974 gloriose
3346 2894 3761 2957 sustinuissent,

2174 3003 2266 3058 alii
2297 3010 2480 3056 autem
2518 3001 2573 3054 in
2610 3011 2866 3053 carceres
2913 3004 2970 3051 et
3006 2993 3225 3049 vincula
3274 2986 3507 3058 coniecti
3554 2988 3761 3039 essent.

2176 3094 2429 3162 fameque
2468 3099 2524 3146 et
2568 3089 2659 3145 siti
2705 3093 3090 3158 premerentur
3124 3101 3139 3137 :
3182 3081 3268 3136 vir
3314 3078 3537 3150 quidam
3570 3091 3637 3131 ex
3664 3090 3765 3128 nu-

2176 3200 2331 3240 mero
2369 3183 2607 3239 militum
2644 3178 3048 3252 Egyptiorum,
3074 3174 3166 3245 qui
3208 3172 3262 3227 in
3303 3183 3502 3241 magno
3544 3166 3763 3237 quidem

2178 3289 2299 3334 erat
2351 3276 2532 3347 pretio
2589 3273 2736 3345 apud
2790 3269 3208 3333 Maximianum,
3275 3271 3332 3320 et
3382 3260 3529 3332 apud
3588 3259 3764 3329 ipsum

2179 3370 2504 3432 exercitum,
2533 3376 2653 3422 erat
2684 3374 2869 3421 autem
2919 3360 3182 3417 terribilis
3231 3355 3506 3415 hostibus,
3543 3350 3768 3407 nomine

2181 3461 2381 3525 Varus,
2422 3473 2627 3531 genere
2656 3454 2912 3526 insignis.
2939 3452 3110 3524 gloria
3148 3447 3505 3517 conspicuus,
3548 3458 3613 3497 ac
3658 3441 3771 3496 vir-

2184 3566 2298 3610 tute
2344 3552 2546 3608 clarus.
2603 3549 2652 3604 Is
2697 3548 2838 3603 clam
2896 3543 3126 3616 singulis
3180 3538 3435 3596 noctibus
3488 3548 3767 3592 carcerem

493 3666 610 3721 ριον
635 3648 844 3714 εἰσιὼν,
873 3648 1034 3703 τοῦτο
1059 3648 1158 3719 μὲν
1186 3645 1505 3718 ἐπιμελείας
1524 3646 1678 3716 ἠξίου
1709 3644 1835 3707 τοὺς
1854 3643 2079 3712 ἄνδρας,

2186 3648 2519 3722 ingrediens,
2549 3645 2746 3717 partim
2775 3642 2996 3715 quidem
3022 3654 3118 3695 eos
3167 3634 3417 3696 curabat,
3462 3633 3556 3704 qui
3611 3638 3770 3686 erant

489 3742 650 3795 τοῦτο
676 3741 735 3795 δὲ
769 3741 863 3794 καὶ
897 3742 1039 3812 ὐπὶρ
1068 3739 1268 3794 ἑαυτοῦ
1295 3738 1555 3810 εὔχεσθαι
1588 3736 1915 3809 παρεκάλει,
1940 3736 2082 3805 ἄρατε

492 3835 586 3888 τὸν
614 3834 729 3889 ἴσον
759 3833 990 3895 ἐκείνοις
1016 3833 1111 3886 καὶ
1144 3830 1307 3885 αὐτὸν
1349 3829 1540 3898 ἀγῶνα
1565 3829 1809 3884 τελέσαι.
1850 3825 2082 3880 Ἐδεδοί-

495 3943 586 3981 κει
616 3925 727 3994 γάρ
779 3923 861 3977 ἔτι
915 3923 1216 3994 κατάδηλος
1275 3921 1532 3990 γενέσθαι
1566 3921 1626 3974 τὸ
1657 3919 1846 3984 σέϐας,
1880 3919 1969 3973 διὰ
2023 3917 2085 3972 τὸ

495 4018 625 4081 τοὺς
651 4015 1001 4080 ὑπασπιστὰς
1026 4018 1125 4086 τῆς
1152 4013 1410 4077 ἀσεϐείας
1454 4012 1635 4083 φόνιόν
1658 4030 1710 4065 τι
1741 4013 1925 4066 πνέειν
1943 4010 2086 4064 κατὰ

496 4111 607 4165 τῶν
627 4109 995 4163 εὐσεϐούντων
1029 4108 1125 4160 καὶ
1156 4105 1402 4177 μανικὸν,
1433 4105 1528 4159 καὶ
1551 4103 1644 4170 οὒς
1672 4104 1739 4159 ἂν
1773 4103 2089 4173 φωράσειεν

499 4202 883 4274 Χριστιανοὺς,
910 4201 1037 4264 τοὺς
1073 4198 1174 4270 μὲν
1210 4200 1365 4269 πυρὶ,
1396 4200 1522 4262 τοὺς
1549 4197 1606 4251 δὲ
1662 4196 1933 4267 θαλάσσῃ,
1962 4195 2088 4258 τοὺς

492 4289 566 4349 δὲ’
589 4293 685 4348 καὶ
720 4293 913 4356 ἄλλαις
953 4292 1206 4362 βασάνοις
1241 4293 1338 4345 καὶ
1370 4290 1589 4361 θανάτῳ
1620 4288 1998 4361 παραδιδόναι.

569 4387 645 4441 B'.
686 4387 846 4441 Ἐπεὶ
873 4387 966 4441 οῦν
1001 4384 1318 4455 ἀνηγγέλθη
1338 4383 1416 4455 τῷ
1445 4383 1671 4453 ἄρχοντι
1715 4381 1792 4445 ὡς
1821 4382 1917 4435 καί
1945 4397 2091 4445 τινες

497 4481 611 4533 τῶν
655 4479 754 4551 τὴν
817 4479 1026 4550 ἔρημον
1076 4478 1371 4533 οἰκούντων
1431 4476 1641 4530 πιστῶν
1680 4475 1786 4529 ὐπὸ
1836 4476 1948 4528 τῶν
1993 4475 2093 4545 τῆς

500 4572 759 4636 ἀσεϐείας
790 4570 1086 4642 ὑπηρετῶν
1136 4568 1574 4641 συνελήφθησαν,
1596 4568 1785 4639 ἡσθεὶς
1822 4570 1889 4638 τῇ
1917 4568 2093 4636 ἀγγε-

501 4663 614 4737 λίᾳ,
632 4665 857 4727 τούτους
883 4663 980 4734 μὲν
996 4661 1137 4716 κατὰ
1159 4661 1220 4715 τὸ
1248 4664 1424 4731 παρὸν
1448 4662 1508 4714 ὲν
1529 4660 1766 4728 ἀσφαλεῖ
1785 4662 1851 4730 τῇ
1881 4659 2097 4730 φρουρᾷ

505 4756 967 4827 κατακλεισθῆναι
997 4753 1233 4818 κελεύει,
1255 4756 1324 4807 τὰ
1344 4753 1401 4807 δὲ
1425 4753 1535 4807 τῶν
1556 4751 1835 4806 κολάσεων
1859 4752 2092 4821 ὄργανα,

504 4855 572 4921 τῇ
605 4851 876 4922 ὑστεραίᾳ
905 4846 1352 4919 εὐτρεπισθῆναι,
1385 4846 1479 4899 καὶ
1516 4844 1716 4908 αὐτοὺς
1776 4842 2095 4919 είσαχθῆναι

2187 3741 2241 3796 in
2298 3738 2585 3795 vinculis:
2622 3735 2820 3807 partim
2874 3741 3056 3788 autem
3126 3744 3224 3785 eos
3284 3725 3511 3796 rogabat
3553 3731 3614 3778 ut
3670 3736 3771 3792 pro

2186 3834 2307 3903 ipso
2334 3839 2579 3896 orarent,
2614 3843 2723 3900 quo
2762 3841 2939 3897 teque,
2968 3833 3131 3894 atque
3153 3819 3281 3892 ipsi.
3327 3827 3607 3874 certamen
3637 3828 3766 3884 per-

2186 3932 2391 3995 ageret.
2433 3920 2686 3976 Timebat
2744 3919 2892 3972 enim
2943 3914 3122 3970 adhuc
3168 3925 3325 3967 suam
3374 3908 3585 3977 aperire
3633 3903 3773 3995 reli-

2189 3993 2430 4082 gionem,
2477 4009 2625 4080 quod
2671 4007 2936 4064 satellites
2970 4001 3266 4073 impietatis
3301 3998 3508 4055 caedem
3539 4002 3594 4050 ct
3625 3993 3774 4048 furo-

2190 4119 2305 4158 rem
2337 4101 2618 4172 spirarent
2674 4099 2942 4156 adversus
2991 4095 3134 4167 pios,
3169 4102 3224 4148 et
3271 4102 3412 4161 quos
3468 4085 3778 4157 depreheno

2191 4196 2404 4251 dissent
2434 4193 2806 4257 Christianos,
2844 4190 2980 4245 alios
3008 4187 3230 4256 quidem
3259 4182 3395 4254 igni,
3429 4179 3565 4236 alios
3591 4179 3776 4233 autem

2190 4289 2317 4344 aliis
2350 4286 2644 4343 tormentis
2676 4296 2734 4340 et
2770 4283 2928 4340 morti
2961 4280 3265 4336 traderent.

2264 4381 2334 4436 ll.
2361 4380 2500 4437 Cum
2524 4387 2709 4435 autem
2741 4374 2956 4447 praesidi
2983 4372 3179 4429 fuisset
3205 4368 3576 4424 renuntiatum
3634 4359 3781 4431 quod

2193 4476 2416 4547 quidam
2446 4488 2516 4529 ex
2541 4472 2820 4531 ﬁdelibus.
2850 4468 2943 4538 qui
2975 4466 3301 4521 habitabant
3353 4462 3408 4517 in
3462 4453 3781 4517 solitudine,

2194 4563 2578 4635 comprehensi
2628 4561 2848 4617 fuerant
2877 4575 2908 4613 a
2958 4557 3227 4612 ministris
3270 4550 3591 4622 impietatis,
3639 4562 3787 4601 nun-

2199 4660 2274 4713 tio
2312 4657 2547 4715 laetatus,
2578 4667 2675 4707 eos
2707 4651 2927 4720 quidem
2954 4649 3112 4719 jubet
3155 4646 3210 4701 in
3253 4639 3540 4713 praesentia
3582 4636 3786 4693 includi

2197 4749 2255 4804 in
2292 4754 2408 4800 tuta
2440 4741 2732 4804 custodia,
2781 4738 2869 4793 die
2906 4745 3090 4791 autem
3141 4729 3390 4800 sequenti
3443 4726 3619 4796 parari
3670 4736 3786 4778 tor-

2198 4844 2403 4901 menta,
2453 4840 2511 4886 et
2566 4831 2716 4901 ipsos
2766 4826 3043 4883 introduci
3092 4823 3158 4879 ad
3220 4818 3526 4876 habendam
3583 4815 3652 4870 de
3704 4815 3788 4870 eis

506 4905 647 5014 πρὸς
669 4905 771 5014 τὴν
808 4905 1076 5006 ἐξέτασιν.
1120 4905 1237 5004 Εἰς.
1267 4905 1383 4992 ὦτα
1411 4905 1708 5007 τοιγαροῦν
1725 4933 1802 5006 τῷ
1838 4905 2084 5005 μακαρίῳ

2196 4928 2579 4999 quaestionem.
2615 4922 2753 4978 Cum
2787 4934 2879 4975 res
2904 4931 3036 4990 ergo
3063 4913 3308 4972 venisset
3341 4909 3410 4965 ad
3441 4922 3603 4963 aures
3640 4905 3789 4961 beati

509 4997 819 5105 οῗιάρῳἈδ
850 4997 1090 5104 πρᾶγμα
1144 4997 1439 5103 χωρῆσαν,
1485 4997 1745 5100 ipf-“tata
1773 4997 1902 5090 ’τοῖς
1955 4997 2084 5095 rapo;

2195 4997 2347 5082 Vari,
2408 5014 2638 5087 pecunia
2690 5012 2812 5069 data
2867 5010 2935 5066 iis
2982 5007 3075 5078 qui
3150 5011 3426 5076 praeerant
3492 4997 3787 5060 custodian.

506 5126 714 5180 εστῶσι
741 5126 841 5194 τῆς
872 5124 1129 5196 φυλακῆς
1157 5122 1481 5194 παρασχὼν,
1509 5120 1705 5184 νυκτὸς
1734 5119 1927 5172 εἴσεισι
1957 5116 2096 5186 πρὸς

508 5220 637 5278 τοὺς
675 5217 898 5288 ἄνδρας,
930 5217 1025 5270 καὶ
1051 5215 1168 5270 λύει
1207 5215 1306 5285 μὲν
1351 5214 1548 5276 αὐτοὺς
1582 5212 1692 5265 τῶν
1728 5211 1969 5281 δεσμῶν.
1999 5210 2097 5262 ὲκ-

510 5311 699 5365 ϐάλλει
732 5310 789 5363 δὲ
822 5311 917 5363 καὶ
959 5310 1088 5371 τοὺς
1150 5307 1320 5372 πόδας
1381 5304 1479 5360 τοῦ
1543 5303 1725 5371 ξύλου.
1784 5301 2100 5373 Θεραπείας

509 5403 773 5471 ἀξιώσας,
799 5404 894 5456 καὶ
922 5403 1130 5473 τροφῆς
1164 5401 1458 5471 μετασχεῖν
1503 5396 1932 5469 παρασκευάσας
1969 5395 2100 5464 παρ’

511 5496 641 5558 ὅλας
685 5495 830 5549 ὀκτὼ
889 5494 1108 5566 ἡμέρας
1167 5492 1385 5556 ἀσίτους
1440 5491 1543 5564 ῆδη
1597 5488 2100 5560 διαμεμενηκότας,

510 5586 697 5641 πεσὼν
728 5585 998 5655 ἐλιπάρει,
1025 5587 1230 5655 Δέομαι
1253 5583 1430 5654 ὑμῶν,
1463 5582 1666 5651 λέγων,
1696 5582 1912 5650 γνήσιοι
1935 5577 2103 5646 θερά-

517 5692 712 5739 ποντες
744 5674 840 5729 τοῦ
879 5673 1143 5744 Χριστοῦ,
1187 5673 1326 5744 ὑπὲρ
1365 5669 1502 5741 ἐμοῦ
1536 5669 1629 5723 τὸν
1661 5668 1798 5722 Θεὸν
1828 5665 2104 5721 ἱκετεῦσαι

2194 5118 2362 5166 noctu
2398 5108 2465 5163 ad
2521 5121 2621 5162 eos
2674 5101 3000 5175 ingreditur,
3040 5105 3101 5155 et
3152 5110 3250 5151 eos
3284 5092 3506 5164 quidem
3554 5087 3716 5145 solvit
3758 5100 3790 5141 c

2196 5200 2451 5264 vinculis,
2512 5197 2681 5268 pedes
2718 5202 2902 5250 autem
2963 5206 2994 5247 e
3026 5189 3186 5259 cippo
3241 5192 3486 5241 amovet.
3541 5181 3791 5248 Cumque

2199 5308 2296 5350 eos
2319 5295 2595 5353 curasset,
2626 5296 2680 5343 et
2712 5294 2774 5341 ut
2816 5284 2999 5340 cibum
3054 5286 3339 5337 sumerent
3374 5275 3665 5338 effecisset,
3696 5270 3789 5340 qui

2203 5394 2350 5442 totos
2374 5392 2501 5437 octo
2552 5380 2672 5436 dies
2701 5379 2813 5447 jam
2863 5373 3039 5446 jejuni
3110 5374 3447 5433 manserant,
3499 5363 3794 5435 proetdens

2203 5478 2382 5542 humi,
2416 5472 2738 5531 obsecrabat
2771 5488 2785 5525 :
2832 5469 2985 5539 Rogo
3025 5478 3144 5529 vos,
3196 5462 3413 5525 dicens,
3455 5455 3695 5530 germani
3731 5469 3796 5507 ac

2204 5570 2406 5627 sinceri
2447 5564 2656 5622 Christi
2681 5560 2891 5625 famuli,
2925 5557 3036 5613 Deo
3064 5569 3163 5626 pro
3214 5568 3302 5609 me
3349 5548 3684 5621 supplicate,
3738 5554 3796 5597 ut

2206 5677 2295 5719 me
2328 5672 2551 5730 quoque
2580 5655 2794 5718 eadem,
2820 5666 2928 5722 qua
2963 5663 3081 5712 vos,
3117 5642 3589 5715 parteodignetur,
3621 5645 3677 5693 et
3703 5634 3798 5689 ad-
3912 5634 3918 5645 '

519 5727 820 5839 τῆς-αὐτῆς
853 5727 983 5838 ὑμίν
1012 5727 1246 5831 ἀξιῶσαι
1296 5727 1492 5832 irai-ut
1523 5760 1746 5833 μερίδος
1770 5760 1869 5814 καὶ
1919 5757 2084 5813 δοῦνα

2209 5727 2404 5811 versus
2434 5727 2577 5807 mala
2606 5757 2666 5804 et
2694 5760 2889 5819 aspera
2930 5742 3026 5798 det
3057 5737 3192 5796 mihi
3236 5731 3632 5791 fortitudinem.
3661 5727 3797 5784 Nam

524 5825 616 5931 μὲἶ
645 5825 941 5934 καρτερίαν
993 5825 1130 5930 πρὸς
1156 5855 1226 5911 τὰ
1252 5825 1433 5912 δεινά..
1466 5825 1663 5918 Δοῦλος
1717 5851 1827 5923 γάρ
1868 5851 1987 5922 ειμι
2015 5866 2084 5904 κα

2221 5862 2322 5918 ego
2377 5857 2597 5916 quoque
2640 5854 2761 5896 sum
2796 5850 2989 5896 servus
3046 5829 3271 5897 Christi,
3321 5834 3376 5883 et
3409 5825 3529 5895 ejus
3583 5826 3803 5879 salicto-
