4110 6428
474 376 612 437 1H3

1764 385 2048 444 MENSIS
2091 383 2462 444 OCTOBER.

3617 381 3746 446 1m
3819 454 3825 464 ,

470 509 643 549 runt:
695 495 794 554 sed
823 497 969 550 varia
1025 507 1079 552 et
1128 501 1324 555 acerba
1394 500 1664 572 supplicia
1722 511 1777 556 et
1819 500 2059 569 iudicum

2172 501 2334 564 αὐτὸς
2385 499 2624 571 Χριστοῦ
2678 499 2773 553 καὶ
2814 499 2922 551 τῶν
2958 497 3120 550 αὑτοῦ
3177 496 3367 564 ἁγίωνο
3395 495 3529 552 citin
3583 516 3651 563 με
3693 501 3749 552 τὸ

471 585 680 640 seritis
729 603 818 642 me
866 589 1136 644 volentem
1193 592 1412 661 prodire
1483 595 1538 646 in
1590 593 1828 647 medium
1893 593 2064 647 abdu-

471 687 626 742 cunt,
658 685 712 732 et
760 680 1009 735 timorem
1068 683 1356 738 incutiunt.
1415 685 1577 742 Orate
1626 700 1754 756 ergo
1807 701 1905 754 pro
1937 701 2057 752 mc,

474 771 648 824 sancti
686 781 975 842 martyres,
1005 785 1181 830 orate.
1221 776 1328 831 Vos
1371 777 1516 831 enim
1568 793 1690 832 cras
1744 778 1796 831 in
1829 776 2059 832 Domino

473 862 1009 917 consummabimini.
1049 865 1128 918 Ad
1177 864 1293 920 hmo
1325 867 1497 921 sancti
1537 884 1550 920 :
1597 865 1786 933 Nemo,
1816 868 1987 929 aiunt.
2025 884 2059 921 ο

475 954 645 1006 lrater
697 953 856 1018 Vare,
901 964 1082 1022 potest
1134 966 1340 1011 metere
1397 958 1450 1012 in
1509 959 1893 1020 exsultatione,
1952 959 2056 1014 nisi

409 1025 418 1036 ’
473 1044 626 1113 prius
657 1044 712 1097 in
746 1044 998 1115 lacrymis
1043 1049 1256 1102 semina
1310 1049 1591 1120 deiecerit,
1633 1060 1690 1106 et
1751 1053 1842 1121 qui
1877 1052 1931 1105 in
1977 1052 2058 1106 eis

477 1135 804 1206 spargendis
827 1138 1235 1208 suscipiuntur,
1268 1139 1486 1196 labores
1515 1143 1862 1197 sustinuerit.
1891 1143 2057 1198 Simi-

412 1230 418 1237 ‘
472 1223 601 1279 liter
655 1236 841 1281 autem
895 1228 1102 1284 athleta
1159 1245 1379 1300 quoque
1432 1247 1542 1286 non
1593 1242 1906 1298 coronatur,
1949 1233 2051 1287 nisi

413 1333 416 1338 ·
473 1316 636 1385 prius
667 1316 910 1389 legitime
945 1324 1260 1378 certaverit.
1319 1325 1566 1394 Agedum
1611 1340 1759 1394 ergo,
1791 1341 1825 1380 0
1863 1325 2050 1390 frater,

471 1407 550 1462 sis
593 1409 754 1464 nobis
787 1425 974 1466 comes
1002 1413 1233 1479 itineris,
1263 1424 1319 1468 et
1346 1415 1622 1486 perfectus
1649 1416 1802 1470 miles
1827 1415 2052 1471 ChriSti.

471 1497 755 1556 Habemus
783 1503 931 1557 enim
959 1504 1112 1559 illum
1157 1505 1361 1576 ipsum,
1411 1523 1513 1577 pro
1543 1523 1651 1578 quo
1699 1508 2050 1578 suscipimus,

473 1606 578 1646 nos
629 1591 870 1663 benigne
909 1610 940 1650 e
999 1598 1216 1667 superis
1249 1598 1658 1666 defendentem,
1717 1609 1773 1654 et
1819 1600 2054 1655 latenter

472 1682 636 1738 nobis
668 1700 927 1756 magnum
974 1689 1310 1758 praebentem
1355 1690 1644 1745 auxilium.
1693 1691 1910 1747 Sanetis
1938 1690 2053 1746 haec

471 1773 806 1843 dicentibus,
848 1780 1074 1834 veniunt
1106 1781 1328 1850 quidam
1362 1782 1586 1848 milites,
1613 1782 1812 1851 quibus
1837 1783 2055 1852 iussum

477 1866 678 1930 fuerat,
715 1878 771 1923 ut
807 1885 904 1925 eos
935 1871 1276 1928 deducerent
1329 1875 1394 1930 ad
1443 1877 1753 1946 praesidem.
1802 1875 1905 1943 Qui
1939 1892 2064 1931 eum

474 1959 832 2027 aspexissent
887 1963 1109 2018 beatum
1165 1964 1371 2020 Varum
1435 1967 1709 2037 jaccntcm
1759 1969 1826 2022 ad
1900 1969 2066 2038 pedes

475 2065 800 2126 martyrum,
830 2068 886 2112 et
913 2075 1058 2113 novo
1088 2061 1405 2130 spectaculo
1451 2073 1640 2118 essent
1669 2063 1838 2118 veluti
1874 2062 2066 2117 obstu-

474 2148 700 2217 peiacti,
742 2149 866 2204 ideo
910 2151 1179 2223 benignis,
1229 2162 1288 2208 ut
1331 2155 1434 2209 sibi
1480 2155 1829 2220 videbantur,
1881 2156 2064 2211 verbis

473 2254 599 2293 cum
629 2255 696 2294 eo
726 2251 948 2311 agentes
978 2259 993 2298 :
1029 2243 1264 2309 Insanis,
1295 2246 1343 2298 ci
1382 2246 1597 2311 dicunt,
1633 2262 1665 2299 ο
1705 2247 1906 2301 homo?
1944 2247 2062 2302 Non

377 2348 387 2354 -
475 2331 638 2386 times
677 2332 904 2386 omnino
933 2349 1021 2398 ne,
1060 2334 1104 2388 si
1139 2341 1254 2391 huic
1307 2351 1398 2390 res
1424 2347 1551 2391 nota
1604 2336 1772 2391 fuerit
1818 2339 2063 2408 prasidi,

474 2439 600 2476 cum
633 2424 856 2479 militari
880 2425 1146 2496 dignitate
1179 2428 1342 2484 vitam
1369 2445 1587 2500 quoque
1616 2431 1778 2485 simul
1802 2433 2064 2486 amittas?

475 2515 560 2570 Ad
596 2532 736 2585 quos
767 2517 962 2572 beatus
991 2518 1169 2574 Varus
1208 2539 1220 2577 :
1271 2521 1517 2587 Utinam,
1568 2523 1763 2593 inquit,
1815 2525 2064 2578 inveniar

475 2607 756 2677 perfectus
781 2609 1149 2676 Christianus,
1193 2623 1245 2668 et
1302 2615 1463 2670 liccat
1499 2615 1630 2670 mibi
1681 2632 1804 2671 esse
1863 2618 2060 2673 horum

475 2710 796 2755 sanctorum
839 2703 1050 2758 socium
1081 2706 1422 2768 certaminis.
1463 2716 1519 2761 et
1565 2707 1619 2760 in
1654 2707 1860 2762 eisdem
1907 2710 2061 2764 habi-

479 2800 596 2844 tare
647 2791 1041 2848 tabernaculis.
1089 2793 1392 2851 Persuadct
1452 2807 1634 2852 autem
1689 2801 1951 2864 amicitia,
2004 2811 2061 2856 ut

475 2897 579 2951 ego
610 2883 767 2938 vobis
793 2886 975 2950 lidam,
1003 2896 1058 2942 et
1102 2903 1318 2952 corum,
1375 2891 1464 2957 qui
1506 2891 1596 2945 hic
1649 2891 1906 2947 dicuntur
1967 2903 2061 2948 aut

476 2973 634 3039 ﬁunt,
668 2975 808 3028 nihil
841 2977 1068 3031 habeam
1103 2991 1438 3049 suspectum.

560 3151 656 3206 lll.
692 3151 790 3207 llis
847 3154 930 3208 sic
986 3155 1167 3220 dictis,
1210 3158 1410 3213 milites
1470 3169 1712 3224 sanctos,
1745 3163 1838 3232 qui
1903 3171 2062 3217 erant

2171 593 2418 645 ποικίλον
2459 593 2556 644 καὶ
2613 591 2888 662 αὐστηρὸν
2941 591 3051 642 τῶν
3109 589 3411 652 κολάσεων,
3439 591 3532 643 καὶ
3562 590 3620 643 τὸ
3646 590 3749 642 τῶν

2168 685 2445 740 δικαστῶν
2476 685 2704 753 ἀπηνὲς,
2731 685 2808 745 είς
2853 683 3016 752 μέσον
3048 682 3277 748 ἀγαγεῖν
3309 681 3547 750 ἐμαυτὸν
3575 679 3754 748 βουλό-

2171 796 2355 848 μενον,
2411 779 2614 844 ἀπάγει
2659 777 2754 829 καὶ
2781 775 2986 828 δειλίαν
3039 772 3334 840 ἐντίθησιν,
3363 771 3595 836 εὖξασθε
3644 790 3749 825 τοι-

2167 869 2371 940 γαροῦν
2396 869 2533 938 ὑπὲρ
2555 866 2709 936 ἐμοῦ,
2732 866 2874 935 ἆγιοι
2901 867 3198 936 μάρτυρες,
3240 862 3493 930 εὔξασθε.
3515 864 3626 933 Τὴν
3659 865 3752 915 αύ-

2170 977 2281 1031 ριον
2338 961 2447 1030 γὰρ
2497 961 2654 1029 ὑμεῖς
2680 961 2736 1012 ὲν
2769 958 2958 1028 Κυρίῳ
3006 955 3339 1009 τελειοῦσθε.
3386 954 3532 1025 Πρδς
3580 953 3751 1010 ταῦτα

2165 1058 2213 1108 οί
2267 1055 2436 1122 ἀγιοι,
2482 1052 2696 1116 Οὐδεὶς,
2730 1051 2948 1119 ἀδελφέ,
2979 1050 3169 1119 φασὶν,
3196 1046 3402 1119 υῠαρε,
3441 1048 3674 1118 θερίζειν
3699 1052 3754 1100 ὲν

2165 1144 2485 1213 ἀγαλλιάσει
2556 1141 2870 1205 δύναται,εῑ
2911 1139 2986 1210 μὴ
3036 1138 3308 1209 χειμῶνος
3369 1137 3634 1209 πρότερον
3686 1143 3751 1192 τὰ

2167 1236 2464 1306 σπέρματα
2491 1233 2775 1302 καταϐάλῃ
2807 1233 2900 1286 καὶ
2944 1235 3052 1283 τῶν
3102 1229 3191 1283 ἐπ’
3227 1231 3411 1291 αὐτοῖς
3457 1229 3754 1297 ἀνάσχηται

2161 1327 2364 1380 πόνων.
2385 1325 2794 1396 Παραπλησίως
2829 1323 2886 1376 δὲ
2933 1323 3028 1376 καὶ
3078 1321 3320 1392 ἀθλητὴς
3353 1321 3415 1373 οὐ
3455 1318 3752 1389 στεφανοῦν

2161 1435 2275 1484 ται,
2306 1419 2354 1471 εί
2391 1417 2466 1488 μὴ
2496 1419 2758 1487 πρότερον
2780 1415 3032 1484 νομίμως
3079 1413 3333 1484 ἀθλήσει.
3361 1413 3530 1482 Δεῦρο
3559 1414 3621 1482 δὴ
3649 1409 3761 1473 οῦν,

2161 1505 2381 1574 ἀδελφὲ,
2416 1505 2630 1568 σύνοδος
2671 1505 2805 1574 ἡμῖν
2837 1502 3022 1572 γενοῦ,
3048 1505 3145 1556 καὶ
3179 1501 3386 1564 τέλειος
3429 1502 3758 1568 στρατιώτης

2161 1596 2423 1665 Χριστοῦ.
2451 1597 2690 1666 Ἔχομεν
2707 1595 2816 1666 γὰρ
2842 1595 3006 1648 αὑτὸν
3033 1597 3266 1657 ἐκεῖνον,
3295 1592 3441 1663 ὑπὲρ
3472 1585 3533 1644 οῦ
3551 1591 3646 1655 τὰς
3673 1608 3756 1642 κο-

2169 1688 2358 1752 λάσεις
2418 1688 2814 1758 ἀναδεχόμεθα,
2881 1685 3284 1756 φιλανθρώπως
3343 1683 3503 1754 ἡμῶν
3559 1681 3760 1736 ἀνωθεν

2171 1777 2738 1848 ἀντιλαμϐανόμενον,
2783 1781 2880 1831 καὶ
2941 1777 3143 1846 πολλὴν
3179 1775 3406 1845 ἀφανῶς
3453 1775 3756 1845 παρέχοντα

2100 1860 2139 1915 Β
2170 1869 2268 1939 τὴν
2306 1867 2581 1939 βοήθειαν.
2606 1867 2793 1921 Ταῦτα
2823 1868 2933 1922 τῶν
2957 1868 3129 1936 ἁγίων
3154 1867 3488 1930 διεςιόντων,
3517 1865 3750 1932 ἐφίσταν-

2168 1964 2261 2018 ταί
2291 1981 2437 2027 τινες
2467 1964 2577 2017 τῶν
2607 1963 2706 2034 τῆς
2737 1963 2968 2029 τάξεως,
3010 1965 3239 2032 ἀγαγεῖν
3284 1963 3489 2026 αὐτοὺς
3523 1978 3755 2033 προστα·

2168 2057 2356 2124 γέντες
2383 2058 2535 2127 παρά
2552 2057 2641 2110 τὴν
2666 2055 2927 2127 ἄρχοντα.
2949 2055 3015 2111 Οἳ
3036 2057 3152 2119 καὶ,
3187 2055 3282 2109 τὸν
3321 2056 3592 2126 μακάριον
3623 2051 3759 2106 Οὔα-

2174 2163 2265 2220 ρον
2299 2146 2628 2218 θεασάμενοι
2654 2150 2792 2220 πρὸς
2821 2152 2936 2213 τοῖς
2966 2147 3097 2202 ποσὶ
3130 2147 3392 2219 κείμενον
3419 2149 3528 2200 τῶν
3556 2147 3756 2217 μαρτύ-

2171 2258 2302 2312 ρων,
2324 2242 2420 2296 καὶ
2467 2242 2631 2296 οἱονεὶ
2686 2241 3132 2310 καταπλαγέντες
3167 2241 3263 2294 ἐπὶ
3324 2240 3404 2308 τῷ
3452 2237 3629 2309 καινῷ
3665 2235 3755 2291 τοῦ

2167 2334 2467 2404 θεάματος,
2499 2335 2596 2388 καὶ
2619 2333 2711 2388 διά
2732 2335 2890 2388 τοῦτο
2913 2333 3334 2407 φιλανθρωπίας
3355 2334 3548 2403 λόγους
3576 2330 3652 2402 τῷ
3679 2331 3756 2384 δο-

2166 2429 2284 2481 κεῖν
2320 2427 2748 2498 προσφέροντες,
2782 2428 2989 2498 Μαίνη,
3028 2427 3249 2496 λέγουσι
3273 2427 3417 2498 πρὸς
3449 2426 3629 2491 αὑτὸν,
3666 2424 3751 2478 ἁν-

2167 2515 2390 2588 θρωπε;
2419 2519 2494 2572 Οὐ
2513 2518 2757 2580 δέδοικας
2781 2518 2916 2581 ὅλως
2943 2517 3040 2588 μὴ,
3062 2517 3416 2585 γνωσθέντος
3442 2517 3518 2588 τῷ
3539 2516 3753 2587 ἡγεμόνι

2165 2610 2262 2663 τοῦ
2293 2611 2650 2680 πράγματος,
2679 2611 2758 2673 τῷ
2793 2607 3176 2680 στρατιωτικῷ
3207 2607 3490 2680 ἀξιώματι
3529 2625 3751 2662 συναποο

2167 2701 2332 2775 λέσῃς
2366 2704 2464 2756 καὶ
2503 2704 2604 2773 τὴν
2634 2703 2810 2773 ζωήνς
2857 2701 3000 2772 Πρὸς
3027 2700 3122 2765 οὒς
3149 2703 3177 2754 ό
3213 2703 3516 2772 μακάριος,
3546 2698 3749 2753 Γένοιτό

2171 2813 2261 2866 μοι
2325 2795 2671 2866 Χριστιανὸν,
2714 2797 2842 2865 ἔφη,
2884 2796 3087 2849 τέλειον
3147 2795 3308 2866 εύρεθ
3325 2797 3467 2864 ἧναι,
3512 2794 3603 2847 καὶ
3651 2793 3753 2853 τοῖς

2172 2887 2352 2956 ἁγίοις
2382 2889 2594 2951 τούτοις
2623 2888 2883 2942 σύναθλόν
2909 2904 2969 2940 τε
2989 2887 3083 2940 καὶ
3112 2888 3412 2955 σύσκηνον.
3439 2885 3613 2939 Πείθει
3642 2884 3743 2954 γάρ

2169 2998 2236 3050 με
2264 2978 2488 3050 θαρρεῖν
2517 2983 2655 3051 πρὸς
2687 2982 2831 3050 ὑμᾶς
2857 2979 3083 3050 ἡφιλία,
3106 2979 3202 3032 καὶ
3229 2979 3391 3032 οὐδὲν
3413 2979 3516 3032 τῶν
3533 2975 3746 3030 ἐνταῦθα

2166 3073 2532 3144 λεγομένωνῆ
2576 3075 2969 3144 πραττομένων
3008 3073 3368 3126 ὑποπτεύειν.

2238 3160 2313 3215 Γ’.
2341 3163 2560 3216 Τούτων
2610 3163 2757 3216 οῦτω
2790 3161 3097 3232 λεχθέντων
3145 3161 3194 3212 oi
3246 3160 3579 3230 στρατιῶται
3629 3158 3745 3219 τοὺς

477 3259 577 3298 sex
619 3260 854 3300 numero
906 3250 1088 3314 (erant
1123 3250 1268 3304 enim
1301 3265 1492 3307 omnes
1545 3253 1766 3322 quidem
1829 3265 2059 3324 septem,

2169 3255 2358 3324 ἁγίους
2401 3255 2461 3320 ἓξ
2492 3257 2649 3318 ὄντας
2683 3257 2775 3308 τὸν
2806 3226 3041 3325 ἀριθμὸν
3082 3255 3128 3323 (ὲ
3144 3254 3247 3307 τττά
3293 3226 3392 3323 μὲν
3416 3255 3521 3321 γὰρ
3548 3253 3594 3305 οἱ
3623 3251 3744 3304 πὰν-

477 3337 575 3392 sed
607 3353 752 3394 unus
786 3339 899 3408 jam
948 3349 1198 3395 mortuus
1251 3341 1430 3398 fuerat
1481 3343 1536 3398 in
1577 3346 1913 3416 solitudine),
1972 3363 2063 3402 ca-

479 3442 602 3485 tena
658 3431 874 3486 vinctos
925 3433 1274 3490 adduxerunt
1330 3435 1398 3490 ad
1448 3438 1762 3506 praesidem.
1826 3440 1920 3494 llle
1967 3457 2066 3495 au-

481 3536 590 3578 tem
633 3523 860 3579 sedebat
891 3532 948 3579 In
973 3527 1190 3582 excelso
1234 3527 1516 3593 tribunali,
1565 3539 1621 3584 et
1651 3546 1775 3585 eum
1830 3532 2038 3587 circum

478 3615 706 3671 sistebat
739 3619 1034 3672 multitudo
1072 3619 1330 3683 militum,
1357 3621 1449 3690 qui
1495 3623 1721 3678 omnino
1751 3625 2066 3694 pendebant

475 3723 509 3762 α
565 3708 752 3763 verbis
803 3709 951 3766 illius
984 3719 1039 3764 et
1087 3720 1248 3766 nutu.
1303 3713 1441 3766 Cum
1493 3729 1624 3785 ergo
1665 3716 1922 3784 iussisset
1969 3732 2065 3772 eos

479 3809 682 3856 exutos
725 3801 1025 3866 introduci,
1060 3804 1245 3858 statim
1296 3805 1517 3874 quidem
1566 3807 1774 3877 rogavit
1829 3807 2066 3874 :Quod-

482 3908 610 3948 nam
646 3903 733 3948 est
763 3895 920 3950 vobis
945 3911 1115 3965 genus
1149 3906 1204 3952 et
1243 3913 1492 3967 quasnam
1527 3900 1790 3966 conditio,
1813 3918 2062 3971 quaenam

479 3993 662 4040 autem
699 3997 883 4041 vestra
915 3989 1181 4042 nomina?
1214 3987 1280 4043 Et
1334 4005 1659 4061 responsum
1711 4008 1835 4047 mox
1886 3995 1955 4048 ab
1984 3995 2064 4051 cis

479 4077 751 4147 exigebat.
809 4078 1209 4149 Przepotentem
1257 4080 1405 4136 enim
1456 4083 1611 4138 vobis
1658 4084 1808 4152 juro,
1861 4086 2060 4147 aiebat.

481 4171 712 4224 deorum
775 4173 1037 4226 virtutem
1087 4189 1150 4226 ac
1202 4173 1492 4241 justitiam,
1520 4176 1664 4244 quod
1725 4192 1822 4232 vos
1885 4179 2066 4233 adhuc

483 4262 812 4331 superstites
865 4279 1136 4334 apponam
1188 4264 1320 4319 feris
1368 4267 1611 4323 edendos
1693 4278 1749 4324 et
1816 4271 2059 4326 canibus.

481 4354 667 4408 Sancti
700 4365 880 4408 autem
911 4370 1090 4421 neque
1107 4355 1302 4410 fastum
1323 4364 1486 4411 tanta:
1504 4359 1866 4424 auctoritatis,
1887 4375 2064 4429 neque

482 4445 778 4499 Verborum
843 4445 1109 4500 saevitiam
1183 4449 1625 4514 cxtimescentes,
1673 4447 1860 4514 Nobis,
1913 4451 2062 4505 dice-

2168 3365 2259 3412 τες
2288 3343 2450 3418 ἦσαν,
2496 3347 2699 3417 ἔφθασε
2733 3347 2789 3400 δὲ
2820 3349 2846 3400 ό
2897 3344 2977 3410 εἷς
3011 3347 3154 3401 κατά
3193 3347 3298 3416 τὴν
3346 3346 3546 3416 ἔρημον
3575 3343 3745 3395 τελευ-

2166 3441 2378 3510 τῆσαι),
2400 3439 2716 3506 δεδεμένους
2743 3439 2954 3502 ἀλύσει,
2987 3437 3066 3505 τῷ
3106 3438 3344 3507 ἡγεμόνι
3373 3435 3654 3507 προσῆγον.
3689 3432 3742 3485 ’0

2167 3533 2226 3586 δὲ
2253 3533 2338 3600 ἐφ’
2361 3532 2566 3601 ὑψηλοῦ
2596 3531 2697 3599 μὲν
2737 3532 2983 3601 καθῆστο
3009 3529 3104 3584 τοῦ
3135 3530 3408 3600 βήματος,
3445 3526 3738 3598 περιειστήο

2169 3643 2254 3678 κει
2273 3625 2335 3678 δὲ
2358 3625 2523 3678 αὑτὸν
2550 3624 2754 3695 πλῆθος
2778 3623 3151 3695 στρατιωτῶν,
3175 3623 3306 3684 ,τῶν
3337 3623 3546 3676 ἐκείνου
3581 3619 3740 3686 λόγων

2168 3720 2263 3784 καὶ,
2295 3717 2389 3770 τοῦ
2427 3717 2696 3786 νεύματος
2731 3717 2870 3780 ὅλως
2922 3714 3317 3786 ἔξηρτημένοι.
3356 3713 3624 3773 Κελεύσας
3653 3709 3737 3763 οὖν

2168 3810 2534 3872 ἀποδυθέντας
2559 3807 2878 3876 εἰσάγεσθαι
2902 3808 3027 3870 τοὺς
3059 3805 3271 3873 ἁγίους.
3308 3807 3490 3870 εὐθὺς,
3517 3798 3625 3858 Dio:
3647 3804 3736 3871 μὲν

2169 3902 2385 3971 γένους,
2414 3886 2622 3970 ῆρὼτα,
2642 3899 2757 3963 οἵας
2790 3899 2847 3952 δὲ
2878 3898 3045 3970 τύχης
3074 3898 3195 3952 ἐστέ
3217 3916 3233 3965 ;
3257 3899 3384 3952 τίνα
3412 3899 3467 3952 δὲ
3490 3895 3634 3965 ὑμῶν
3673 3895 3733 3946 τὰ

2167 3997 2446 4062 όνόματα;
2474 3997 2582 4048 Καὶ
2611 3995 2711 4062 τὴν
2749 3995 3045 4064 ἀπόκρισιν
3085 3992 3161 4055 ὡς
3183 3991 3352 4062 τάχος
3381 3990 3592 4062 ἀπῄτει.
3633 3985 3732 4057 Τὴν

2169 4088 2363 4158 ἔφορον
2395 4086 2506 4155 γὰρ
2541 4085 2671 4154 ὑμῖν
2692 4084 2923 4154 ὄμνυμι,
2951 4085 3109 4153 φησὶ,
3141 4083 3302 4152 δίκην
3329 4085 3419 4135 καὶ
3436 4083 3530 4152 τὴν
3569 4080 3728 4148 μεγά-

2166 4177 2266 4246 λην
2289 4177 2399 4230 τῶν
2428 4175 2568 4229 θεῶν
2620 4175 2875 4245 δύναμιν,
2907 4174 2980 4238 ὡς
3011 4174 3094 4226 ἔτι
3127 4174 3423 4244 περιόντας
3461 4174 3596 4241 ὑμᾶς
3643 4170 3727 4239 θη·

2168 4269 2308 4339 ρίοις
2359 4268 2454 4320 καὶ
2492 4267 2619 4320 κυσὶ
2665 4265 2834 4336 βορὰν
2897 4264 3318 4334 παραθήσομαι.
3361 4266 3424 4317 0i.
3457 4265 3511 4318 δὲ
3561 4263 3713 4329 ἅγιοι,

2171 4358 2335 4429 μηδὲν
2376 4358 2511 4428 μήτε
2563 4357 2699 4427 πρὸς
2736 4356 2798 4409 τὸ
2837 4355 3073 4427 σοϐαρδν
3129 4354 3224 4408 τοῦ
3281 4357 3579 4428 σχήματα,
3600 4353 3722 4423 μήτε

2170 4451 2305 4521 πρὸς
2323 4451 2419 4520 τὴν
2436 4451 2702 4520 ἀπήνειαν
2713 4447 2819 4500 τῶν
2840 4447 3014 4513 λόγων
3042 4446 3461 4510 ὑποσταλέντες,
3494 4443 3662 4514 Ἡμῖν,
3683 4439 3722 4492 ὼ

483 4539 636 4600 bant,
687 4553 720 4593 ο
753 4538 940 4608 judex,
981 4540 1130 4593 nulla
1181 4540 1354 4609 patria
1403 4550 1487 4596 est
1532 4541 1585 4596 in
1641 4552 1807 4597 terra.
1859 4542 2059 4598 Sumus

2167 4541 2416 4606 δικαστά,
2455 4538 2631 4604 εἶπον,
2665 4542 2862 4608 πατρὶς
2888 4541 2977 4592 ἐπὶ
3017 4543 3119 4608 γῆς
3164 4538 3288 4591 οὐδε
3320 4537 3434 4609 μία·
3467 4537 3600 4602 ξένοι
3632 4533 3721 4601 γὰρ

481 4631 628 4684 enim
664 4645 855 4686 revera
888 4631 1133 4700 hospites
1173 4641 1229 4685 et
1277 4632 1522 4687 advenm.
1570 4633 1706 4687 Nam
1737 4634 2063 4689 Christianis

485 4738 611 4777 \era
649 4723 823 4793 patria
847 4731 903 4777 et
931 4722 1126 4778 civitas
1150 4722 1202 4776 in
1237 4723 1389 4778 cmlis
1435 4733 1518 4778 est
1562 4723 1850 4781 aediﬁcata.
1888 4723 2063 4778 Crede

482 4812 643 4868 nobis
681 4815 796 4867 haec
858 4812 931 4866 ita
977 4828 1036 4867 se
1086 4813 1292 4867 habere
1321 4814 1548 4869 :minas
1599 4821 1781 4869 autem
1819 4826 1938 4870 tuas
1972 4833 2064 4884 pa-

483 4922 601 4960 rum
632 4921 941 4960 curamus:
989 4907 1102 4960 imo
1132 4921 1262 4960 vero
1313 4916 1568 4976 optamus
1627 4917 1686 4961 ut
1741 4907 1903 4962 mina:
1959 4920 2063 4964 tum

481 5016 594 5055 non
624 5015 682 5054 se
709 4996 892 5070 'usque
933 5001 999 5054 ad
1035 5001 1202 5054 verba
1238 5001 1413 5054 solum
1467 5001 1690 5064 sistant,
1723 5003 1817 5055 sed
1867 5001 1933 5055 ad
1983 5002 2063 5056 ef—

482 5093 685 5148 fectum
719 5093 882 5145 etiam
919 5091 1284 5146 deducantur.
1351 5090 1442 5146 Sic
1492 5093 1636 5145 enim
1682 5091 1790 5146 erit
1834 5093 2063 5146 manile-

481 5193 629 5239 stum
683 5197 930 5237 nostrum
959 5182 1012 5236 in
1069 5182 1354 5237 Christum
1397 5182 1729 5237 desiderium
1781 5199 1796 5237 :
1846 5191 1900 5236 ct
1943 5183 2061 5252 ipse

482 5277 624 5332 scies
665 5275 909 5337 omnino,
944 5274 1106 5344 quale
1136 5275 1396 5328 auxilium
1429 5277 1498 5328 ali
1535 5275 1652 5344 ipso
1681 5289 2056 5343 assequamur.

481 5370 617 5424 Cum
654 5368 831 5422 sancti
866 5369 978 5421 htec
1009 5368 1301 5432 dixissent,
1351 5375 1614 5438 tyrannus
1665 5382 1966 5422 conversus
1993 5367 2057 5421 ad

377 5503 391 5509 -
480 5479 804 5527 assessorcs,
851 5460 1043 5526 Video,
1093 5463 1287 5531 inquit,
1321 5463 1419 5516 hos
1475 5461 1722 5516 infelices
1768 5478 1936 5515 unum
1999 5473 2058 5516 et

483 5557 626 5610 idem
682 5565 941 5620 tanquam
1001 5570 1067 5608 cx
1119 5569 1392 5610 consensu
1461 5554 1733 5609 meditari.
1793 5552 2059 5608 Parentur

481 5665 614 5719 ergo
670 5647 903 5718 ﬂagella,
965 5658 1022 5703 et
1085 5664 1182 5703 eos
1246 5649 1415 5720 plagm
1481 5649 1700 5704 abunde
1759 5648 2054 5716 excipiant.

483 5740 620 5791 Cum
650 5747 830 5793 autem
863 5741 1022 5795 valde
1047 5741 1266 5811 quidem
1303 5743 1746 5807 verberarentur,
1785 5741 1920 5794 nihil
1956 5757 2058 5794 an-

488 5840 598 5883 tem
632 5830 1048 5901 responderent,
1098 5832 1265 5902 judcx
1315 5833 1498 5890 intulit
1548 5832 2053 5900 interrogationem,

2167 4636 2327 4706 ἡμεῖς
2352 4634 2505 4698 ὄντες
2536 4634 2633 4686 καὶ
2663 4632 3060 4702 παρεπίδημοι.
3091 4633 3297 4701 Πατρὶς
3332 4630 3444 4701 γάρ
3486 4631 3721 4696 Χριστια-

2167 4730 2275 4788 νοῖς
2331 4723 2540 4794 ἀληθὴς
2593 4725 2690 4777 καὶ
2746 4723 2899 4784 πόλις
2948 4725 3005 4775 ὲν
3056 4723 3306 4794 οὐρανοῖς
3380 4720 3715 4793 ᾠκοδόμηται.

2167 4817 2351 4870 Ταῦτα
2386 4818 2608 4870 πίστευε
2636 4815 2770 4886 ἡμῖν
2800 4814 2975 4878 οὕτως
3010 4814 3174 4886 ἔχειν.
3199 4815 3320 4867 Τῶν
3346 4815 3404 4868 δὲ
3439 4813 3542 4866 σῶν
3577 4812 3714 4861 ἀπει-

2165 4911 2274 4962 λῶν
2303 4909 2458 4980 ὀλίγη
2501 4908 2742 4979 φροντίς·
2775 4907 2980 4977 μᾶλλον
3017 4907 3074 4959 δὲ
3107 4907 3202 4959 καὶ
3232 4906 3300 4959 δι’
3321 4905 3486 4974 εὐχῆς
3519 4904 3576 4954 τὸ
3598 4898 3714 4966 πρᾶ-

2166 5019 2284 5070 γμα
2323 5000 2623 5070 ποιούμεθα
2683 4999 2757 5069 μὴ
2814 5004 2978 5068 μέχρι
3031 4996 3208 5063 λόγων
3266 4997 3459 5065 στῆναί
3505 5011 3580 5046 σοι
3627 4989 3706 5053 τὴν

2165 5094 2416 5163 ἀπειλὴν,
2447 5092 2580 5146 ἀλλά
2603 5093 2700 5146 καὶ
2733 5095 2810 5154 είς
2843 5091 3005 5159 ἔργον
3050 5089 3305 5158 ἐκϐῆναι.
3336 5087 3491 5140 Οὖτω
3513 5086 3608 5152 γὰρ
3630 5077 3703 5130 καὶ

2165 5187 2298 5254 ἡμῖν
2329 5187 2357 5238 ό
2389 5186 2552 5247 πόθος
2586 5187 2613 5238 ὁ
2643 5183 2778 5252 πρὸς
2805 5182 3045 5253 Χριστὸν
3070 5181 3228 5251 δῆλος
3255 5179 3410 5231 ἔσται
3459 5177 3545 5229 καὶ
3573 5169 3702 5268 αὺτῗί

2165 5280 2286 5348 εἴσῃ
2335 5277 2578 5339 πάντως,
2629 5277 2823 5338 ὁποίας
2870 5273 3004 5344 παρ’
3061 5272 3228 5326 αὐτοῦ
3282 5269 3608 5339 τυγχάνομεν
3627 5273 3708 5361 τῆς

2165 5369 2508 5437 ἐπικουρίας.
2535 5366 2775 5419 Τοιαῦτα
2816 5367 2925 5419 τῶν
2965 5364 3139 5431 ἁγίων
3171 5361 3560 5426 διεξελθόντων,
3585 5355 3609 5406 ὁ
3631 5355 3708 5401 τῦ·

2165 5475 2356 5530 ραν-λος
2381 5458 2516 5528 πρὸς
2533 5459 2660 5519 τοὺς
2688 5457 2975 5527 συνέδρους
2998 5454 3378 5524 ἐπιστραφεὶς,
3403 5451 3560 5508 M’av.
3591 5443 3702 5506 ἔφη.

2162 5555 2258 5605 καὶ
2297 5553 2394 5621 τὴν
2426 5551 2597 5620 αὐτὴν
2630 5551 2850 5621 ἔχοντας
2887 5549 3121 5620 μελέτην
3174 5548 3296 5608 τοὺς
3341 5539 3706 5606 κακοδαίμονας

2162 5645 2354 5714 ὥσπερ
2380 5645 2443 5694 ὲκ
2470 5643 2792 5712 συμφωνίας
2824 5641 2957 5712 ὀρῶ.
2999 5641 3276 5706 Μάστιγες
3306 5632 3396 5688 οὖν
3418 5631 3596 5688 αὐτοὺς
3623 5622 3704 5728 κξὶ

2164 5735 2374 5806 πληγαὶ
2398 5734 2634 5800 δαψιλῶς
2668 5733 3092 5804 ἑκδεχέσοωσαν.
3123 5732 3209 5792 Ὠς
3237 5729 3290 5780 δὲ
3317 5725 3590 5776 ἐτύπτοντο
3617 5725 3701 5783 μὲν

2164 5828 2607 5897 σφτὸρῶς,οξοδέν
2649 5827 2704 5880 δὲ
2750 5826 3125 5895 ἀπεκρίναντο,
3160 5826 3186 5875 ό
3219 5815 3464 5882 δικαστὴς
3515 5821 3697 5870 επτὶεν
