4110 6432
340 370 476 431 tua
590 356 623 386 ·’

1554 373 2016 435 MAR'I‘YBIUM
2062 376 2125 440 S.
2168 379 2372 442 VARI.

3461 389 3600 453 1146

338 477 635 549 ερώτησιν,
661 479 832 541 οὕτως
861 481 1034 537 εἰπών
1054 500 1068 515 ·
1127 483 1188 538 ὐ
1215 483 1453 552 μάλιστα
1485 500 1543 552 γε
1584 481 1918 553 ζητούμενος

2040 489 2219 547 licens
2254 512 2268 548 :
2302 492 2405 560 Qui
2441 497 2681 553 maxime
2712 498 2976 568 quaeritur
3014 501 3278 570 septimus
3309 514 3376 555 ex
3424 505 3601 570 vobis,

336 568 569 640 ιϐδομος
609 570 767 641 ὑμῶν
806 571 912 626 ποῦ
956 575 1106 642 sort;
1153 573 1359 629 Τούτου
1414 574 1698 647 ῥηθέντος,
1725 574 1924 628 αὐτίκα

341 660 622 732 δρομαίως
653 661 748 716 τοῦ
779 661 940 734 ὄχλου
975 665 1301 737 ἑξορμηθεὶς
1326 668 1356 720 6
1384 667 1766 735 γενναιότατος
1783 663 1926 719 Οὔα-

345 768 463 822 ρος,
488 752 616 817 στὰς
657 756 714 807 ἐν
739 755 888 827 μέσῳ
915 756 1063 825 λέγει
1099 757 1177 828 τῷ
1195 758 1444 828 ἡγεμόνιο
1485 758 1718 822 Ἐκεῖνος
1741 759 1841 828 μὲν
1861 759 1926 812 ἐκ

342 846 544 901 πολλοῦ
572 849 664 903 τὸν
698 851 813 921 βίον
853 852 1213 925 μετήλλαξεν,
1233 855 1333 923 ἐμὲ
1361 855 1419 910 δὲ
1452 853 1789 925 κληρονόμον
1816 854 1925 907 τῶν

342 938 509 992 αὐτοῦ
530 942 882 1014 ἐνεστησατο.
902 946 969 999 Et
993 962 1048 999 τι
1074 941 1167 1000 οὖν
1187 945 1383 1017 ἐκείνῳ
1404 946 1606 1017 χρέως,
1627 945 1927 1000 ἀποδώσων

343 1030 505 1094 αὐτὸς
556 1031 809 1103 πάρειμι.

421 1126 495 1181 Δ’.
519 1126 792 1182 Ἤκουσεν
816 1131 844 1182 6
872 1131 1116 1200 ἡγεμὼν,
1135 1133 1228 1186 καὶ
1249 1131 1369 1197 ὅλος
1383 1135 1477 1189 τοῦ
1500 1133 1675 1203 θυμοῦ
1700 1134 1891 1204 γέγονε
1907 1150 1922 1166 ο

346 1215 465 1281 καὶ,
503 1215 601 1279 Τίς
629 1211 911 1285 οὗτος,καὶ
934 1223 1077 1285 τίνος
1103 1223 1423 1294 τάγματοςς
1456 1225 1488 1292 ἡ
1519 1224 1672 1291 τάξις
1696 1226 1922 1295 λεγέτω,

282 1326 291 1329 “
345 1306 506 1378 φησί.
533 1306 596 1362 '0
618 1307 699 1374 δὲ,
728 1310 1023 1382 Τὰγματος
1048 1312 1148 1382 μὲν
1165 1314 1258 1367 τοῦ
1288 1317 1351 1368 ἐκ
1374 1313 1622 1381 Τυάνων,
1657 1315 1926 1386 στρατιώ-

344 1414 446 1468 της
473 1398 531 1452 δὲ
559 1400 652 1454 καὶ
702 1401 811 1456 τῶν
851 1404 1156 1473 ἐπιφανῶν,
1192 1407 1552 1476 ἁπεκρίνατο.
1595 1407 1706 1461 Καὶ
1741 1409 1769 1461 ὁ
1799 1408 1930 1481 ἠγε-

346 1489 490 1560 μὼν,
530 1492 765 1564 πληγεὶς
807 1494 901 1551 ἐπὶ
930 1498 1128 1570 τούτῳ,
1160 1499 1257 1563 Τίς
1283 1518 1342 1554 σε
1365 1499 1597 1572 πονηρὸς
1617 1500 1929 1571 δαίμωνιείς

344 1579 614 1645 κίνδυνον,
651 1578 825 1650 εἶπεν,
848 1584 991 1640 οὕτω
1017 1587 1188 1657 σαφῆ,
1215 1590 1443 1643 σεαυτὸν
1471 1590 1682 1660 ώθῆσαι
1703 1591 1930 1658 πεποίη-

343 1685 461 1732 κεν,
485 1669 562 1734 ὡς
591 1670 686 1725 καὶ
723 1670 784 1725 τὸ
808 1673 906 1744 τῆς
960 1674 1272 1745 προσούσης
1308 1693 1393 1730 σοι
1438 1676 1724 1748 περιδόξου
1760 1694 1929 1740 στρα-

343 1761 499 1825 τείας
548 1762 788 1835 ἀξίωμα,
838 1764 910 1819 τὰ
942 1767 1157 1821 ἐκεῖθέν
1186 1784 1246 1821 τε
1276 1767 1587 1839 σιτηρέσια,
1613 1768 1747 1841 παρ’
1770 1769 1926 1823 οὐδὲν

351 1850 566 1917 θέσθαι,
584 1855 680 1907 καὶ
724 1858 997 1921 τοσούτοις
1047 1858 1146 1928 τὴν
1198 1859 1333 1913 ίδίαν
1378 1861 1557 1933 ψυχὴν
1608 1862 1929 1933 περιϐαλεῖν

350 1941 645 2012 χαλεπιτς;
674 1945 785 1999 Καὶ
814 1947 842 1998 6
866 1949 1163 2017 μακάριος,
1183 1948 1287 2002 Τὸν
1315 1951 1500 2020 ἄρτον,
1529 1949 1673 2022 εἷπε,
1720 1954 1814 2008 τὸν
1870 1955 1931 2020 ἐξ

347 2036 582 2106 ούρανοῦ
621 2037 905 2103 καθιόντα,
927 2043 1020 2094 καὶ
1047 2042 1108 2097 τὸ
1137 2043 1278 2096 θεῖον
1323 2046 1587 2114 ποτήριον
1617 2044 1712 2098 τοῦ
1742 2046 1930 2115 τιμίου

348 2128 584 2200 αἵματος
610 2129 849 2204 Χριστοῦ
882 2133 976 2188 τοῦ
1005 2135 1211 2207 Κυρίου
1229 2152 1355 2205 μου,
1373 2137 1485 2191 τῶν
1504 2138 1613 2191 σῶν
1636 2138 1934 2210 προέκρινα

347 2221 531 2293 τιμῶν
579 2240 638 2277 τε
677 2225 771 2279 καὶ
812 2226 1084 2296 ὀψωνίων,
1141 2228 1300 2291 δόξαν
1354 2230 1442 2283 ἀεὶ
1505 2232 1777 2301 μένουσαν
1833 2231 1934 2301 τῆς

352 2312 605 2383 ῥεούσης,
635 2314 730 2369 καὶ
763 2315 912 2388 ζωὴν
935 2318 1174 2390 ἄληκτον
1220 2320 1473 2393 φθαρτῆς
1517 2323 1613 2376 καὶ
1671 2319 1937 2395 προσκαί-

351 2418 475 2473 ρου.
505 2400 641 2459 Εἶτα
666 2405 828 2478 δῆλος
849 2409 944 2463 ἐπὶ
972 2409 1050 2481 τῷ
1077 2410 1239 2465 πάθει
1295 2413 1588 2485 γενόμενος
1614 2416 1642 2468 6
1670 2414 1932 2480 δικάζων,

349 2496 673 2568 ἁποὸλέψας
718 2501 858 2572 πρὸς
899 2503 1024 2566 τοὺς
1070 2504 1260 2573 ἁγίους
1312 2508 1371 2559 ἐν
1422 2506 1602 2577 πολλῷ
1659 2508 1808 2579 σάλῳ
1841 2512 1936 2563 καὶ

352 2590 554 2664 πικρίᾳ
585 2592 764 2663 ψυχῆς
798 2592 944 2649 εἴπεο
990 2597 1219 2668 Μάρτυς
1249 2600 1281 2671 ἠ
1311 2600 1422 2653 τῶν
1475 2602 1751 2672 μεγίστων
1794 2602 1934 2658 θεῶν

352 2681 606 2754 δύναμις,
643 2685 790 2755 ὑμᾶς
844 2689 1112 2760 πρότερον
1154 2692 1211 2743 ἐν
1258 2693 1450 2756 κακοῖς
1490 2692 1784 2764 ἀφέλωμαι
1835 2694 1935 2764 τὴν

353 2775 527 2847 ζωὴν,
551 2776 791 2833 τοιοῦτον
822 2781 921 2851 ἐμὲ
964 2781 1357 2853 ζημιώσαντας
1395 2787 1762 2858 στρατιώτην·
1796 2789 1935 2858 ὑμέ-

349 2883 513 2937 τερον
543 2870 652 2943 γὰρ
682 2869 750 2926 ἂν
776 2873 865 2943 εἴη
902 2876 1061 2945 τοῦτο
1097 2879 1191 2932 καὶ
1215 2879 1316 2949 οὐχ
1363 2880 1578 2951 ἑτέρου.
1609 2880 1673 2934 Οἱ
1701 2881 1758 2935 δὲ
1790 2882 1937 2954 μάρ-

347 2977 517 3032 τυρες
547 2965 606 3015 ἐν
638 2966 830 3035 μηδενὶ
856 2967 983 3032 τοὺς
1012 2969 1206 3037 λόγους
1237 2971 1406 3026 αὐτοῦ
1452 2974 1788 3043 ποιούμενοι,
1830 2977 1940 3030 Μι-

2031 583 2123 639 ubi
2161 586 2292 641 est?
2337 587 2450 642 lloc
2494 590 2668 654 dicto,
2706 592 2912 647 cursim
2941 594 3126 647 statim
3166 610 3197 649 e
3228 595 3385 649 turba
3420 611 3605 666 egres-

2028 692 2123 732 sus
2162 680 2615 748 praeclarissimus
2651 682 2863 748 Varus,
2928 693 3080 741 stans
3129 685 3183 740 in
3224 687 3405 742 medio
3472 687 3606 741 dicit

2028 770 2246 840 praesidi
2283 789 2296 825 :

2027 863 2288 925 excessit,
2327 880 2417 920 me
2444 874 2628 921 autem
2676 882 2836 922 suum
2894 868 3169 924 haeredem
3231 870 3492 925 instituit.
3545 869 3604 925 Si

2027 956 2157 1028 quid
2209 973 2341 1030 ergo
2400 959 2470 1015 ab
2519 959 2615 1015 illo
2676 960 3002 1027 debebatur,
3038 961 3228 1016 adsum
3280 962 3396 1031 ipse
3424 960 3608 1016 reddi-

2033 1058 2203 1107 turus.

2103 1144 2192 1200 IV.
2227 1146 2450 1203 Audivit
2482 1162 2704 1217 praeses,
2745 1156 2803 1202 et
2860 1155 3007 1203 totus
3030 1146 3096 1202 ad
3143 1145 3280 1202 iram
3328 1154 3413 1201 est
3470 1161 3608 1201 con-

2030 1252 2228 1294 versus
2260 1257 2275 1295 :
2308 1238 2446 1305 Quis
2477 1239 2564 1295 hic
2589 1240 2683 1303 sit,
2713 1238 2913 1309 inquit,
2969 1238 3136 1304 dicat,
3195 1250 3249 1293 et
3283 1254 3313 1292 e
3369 1252 3607 1308 quanam

2030 1331 2102 1385 sit
2154 1331 2391 1403 legione.
2424 1331 2522 1386 Ille
2551 1339 2735 1387 autem
2767 1348 2781 1386 :
2813 1331 2892 1386 Ex
2944 1331 3162 1402 legione
3213 1330 3436 1402 quidem
3470 1330 3613 1400 Tya-

2030 1422 2209 1487 nensi,
2242 1423 2400 1479 miles
2426 1437 2557 1479 vero
2584 1422 2786 1487 clarus,
2823 1424 3129 1493 respondit.
3161 1425 3371 1480 Praeses
3391 1432 3606 1491 autem,

2030 1532 2094 1572 ea
2147 1516 2216 1573 de
2271 1532 2438 1574 causa
2487 1518 2917 1587 obstupefactus,
2968 1517 3105 1585 Quis
3154 1518 3331 1573 malus
3372 1519 3609 1581 damon,

2032 1609 2229 1679 inquit,
2264 1610 2470 1672 effecit.
2502 1618 2562 1665 ut
2594 1619 2646 1666 te
2670 1611 2725 1665 in
2757 1610 3111 1667 manifestum
3159 1609 3470 1679 impelleres
3512 1622 3610 1678 pe—

2032 1702 2292 1767 riculum,
2332 1704 2792 1774 utetgloriosam
2839 1714 2990 1759 tuam
3037 1702 3312 1765 militiam,
3341 1711 3396 1756 et
3448 1716 3611 1769 quam

2031 1809 2093 1847 ex
2128 1808 2195 1848 ea
2219 1794 2389 1849 habes
2443 1802 2707 1850 tesseram
2738 1792 3179 1858 frumentariam,
3225 1790 3383 1845 nihili
3418 1791 3609 1851 facias,

2033 1894 2090 1943 et
2118 1897 2263 1941 tuam
2321 1886 2559 1942 animam
2595 1885 2652 1941 in
2700 1895 2849 1942 tanta
2887 1886 3026 1940 mala
3089 1884 3349 1955 injicias?
3412 1883 3614 1937 Beatus

2033 1986 2215 2034 autem
2252 1980 2429 2036 Varus
2462 1996 2477 2033 :
2509 1978 2739 2041 Panem,
2771 1978 2968 2049 inquit,
3002 1979 3096 2048 qui
3122 1977 3191 2033 de
3214 1976 3355 2032 ccelo
3385 1976 3616 2031 descen-

2035 2070 2137 2132 dit.
2174 2079 2230 2125 et
2262 2070 2514 2126 divinum
2543 2071 2769 2125 calicem
2814 2069 3034 2141 pretiosi
3079 2068 3362 2140 sanguinis
3408 2066 3614 2123 Christi

2037 2162 2251 2216 Domini
2282 2162 2387 2217 mei
2419 2162 2632 2232 praetuli
2672 2162 2782 2217 tuis
2824 2161 3129 2217 honoribus
3169 2172 3226 2215 et
3276 2159 3566 2229 stipendiis
3598 2176 3616 2214 :

2036 2253 2262 2323 gloriam
2308 2268 2430 2323 quae
2456 2266 2675 2323 semper
2698 2259 2906 2315 manet,
2936 2252 2986 2308 ei
3016 2267 3137 2322 quin
3174 2250 3311 2315 llnit,
3347 2259 3402 2306 et
3449 2251 3616 2306 vitam

2035 2360 2157 2416 quae
2208 2360 2487 2415 nunquam
2513 2345 2750 2407 desinit,
2781 2346 2830 2401 ei
2878 2345 2934 2399 in
2968 2360 3132 2414 quam
3179 2344 3325 2399 cadit
3363 2342 3619 2398 interitus

2038 2447 2096 2493 et
2123 2444 2207 2493 est
2228 2439 2295 2492 ad
2330 2438 2498 2493 breve
2528 2447 2766 2507 tempus.
2795 2435 2955 2491 'l'unc
2993 2435 3161 2504 judex
3207 2444 3396 2505 aperte
3433 2442 3619 2488 osten-

2037 2527 2176 2584 dens
2228 2543 2288 2584 se
2335 2543 2459 2584 esse
2506 2529 2692 2584 animo
2757 2528 3154 2599 perturbatum,
3217 2527 3490 2597 aspiciens
3550 2526 3616 2580 ad

2039 2629 2290 2688 sanctos,
2327 2620 2597 2678 concitate
2620 2629 2679 2676 et
2707 2620 2904 2676 acerbe
2944 2619 3083 2675 dixit
3112 2636 3126 2673 :
3170 2618 3347 2673 Testis
3378 2619 3448 2673 sit
3485 2617 3616 2671 mihi

2038 2716 2215 2770 virtus
2269 2715 2636 2769 maximorum
2687 2702 2942 2777 deorum,
2978 2712 3132 2767 vobis
3184 2709 3337 2777 prius
3383 2708 3619 2763 adimam

2040 2810 2096 2865 in
2150 2809 2309 2864 malis
2354 2809 2548 2871 vitam,
2610 2808 2704 2879 qui
2745 2822 2834 2862 me
2892 2806 2986 2861 tali
3032 2803 3207 2860 milite
3255 2800 3617 2869 privaveritis.

2041 2905 2158 2958 Hoc
2187 2903 2335 2958 enim
2370 2901 2537 2957 fuerit
2561 2910 2827 2963 vestrum,
2855 2910 2911 2955 ct
2939 2916 3047 2955 non
3080 2899 3327 2955 alterius.
3356 2896 3622 2965 Martyres

2041 3006 2223 3052 autem
2279 2996 2444 3051 verba
2504 2994 2627 3064 ejus
2688 2992 3140 3056 nihilifacientes,
3199 2992 3468 3061 Exspecta
3518 3005 3620 3061 pa-

347 3056 508 3126 κρδν,
530 3050 708 3123 εἷπον,
732 3058 1053 3130 ἀνάμεινον,
1070 3063 1323 3130 ᾂικαστὰ,
1348 3064 1444 3118 καὶ
1459 3065 1527 3118 τὰ
1548 3066 1690 3119 ὅπλα
1711 3066 1809 3136 τῆς
1841 3067 1937 3121 νῦν

2042 3106 2289 3160 rumper,
2320 3050 2603 3151 dixerunt,
2633 3102 2666 3141 ο
2695 3087 2886 3157 judex,
2933 3094 2989 3141 et
3036 3085 3247 3139 videbis
3286 3083 3467 3154 qualia
3512 3085 3625 3140 sint

355 3151 669 3221 στρατείας,
702 3146 792 3208 οἶα
822 3157 1206 3226 κατανοήσεις.
1233 3157 1325 3228 Τῷ
1358 3160 1468 3229 γὰρ
1516 3160 1626 3214 τῶν
1681 3162 1935 3229 ἀγγέλων

2040 3199 2189 3236 arma
2218 3182 2385 3252 hujus
2430 3179 2663 3234 militiae.
2696 3179 2777 3234 Ad
2813 3177 3062 3234 ordinem
3105 3177 3251 3233 enim
3306 3178 3622 3249 angelorum

349 3243 598 3313 τάγματι
635 3246 727 3300 τὸν
756 3246 926 3320 ἄνδρα
969 3252 1479 3323 προσενηνόχαμεν.
1506 3254 1711 3309 Τούτου
1738 3257 1936 3328 ρηθέν-

348 3354 469 3400 τος,
509 3340 537 3392 6
568 3340 670 3410 μὲν
701 3340 916 3397 πείθειν
947 3343 1224 3416 ἐπεχείρει
1260 3346 1386 3410 τοὺς
1429 3348 1619 3418 ἁγίους
1648 3350 1937 3406 συνθέσθαι

352 3435 424 3505 τῆ
455 3433 706 3506 ἁσεὸείᾳ,
729 3439 826 3490 καὶ
857 3437 1050 3492 θυσίαν
1074 3442 1189 3504 τοῖς
1228 3441 1483 3510 ματαίοις
1539 3449 1939 3514 προσενεγκεῖν

354 3525 385 3577 6
438 3524 690 3592 μάταιος·
721 3529 769 3580 οἱ
806 3528 865 3582 δὲ
924 3530 1059 3600 μηδὲ
1102 3532 1166 3584 τὸ
1227 3531 1316 3597 οὓς
1368 3534 1506 3599 ὅλως
1561 3536 1798 3602 διδόντες
1828 3542 1942 3603 τοῖς

362 3616 532 3671 αὐτοῦ
551 3618 818 3690 ῥήμασιν,
844 3623 1219 3695 ἁνθυπὲφερον
1254 3640 1269 3655 ·
1302 3644 1321 3679 ι
1349 3627 1475 3682 Θεοὶ
1499 3628 1549 3682 οἳ
1588 3629 1679 3684 τὸν
1711 3631 1942 3702 οὐρανὸν

364 3706 461 3761 καὶ
491 3709 588 3779 τὴν
618 3712 722 3780 γῆν
745 3711 846 3766 οὐκ
873 3714 1160 3784 ἐποίησαν,
1191 3717 1601 3777 ἁπολέσθωσαν.
1630 3739 1649 3772 ι
1680 3722 1819 3777 Μεθ’
1848 3720 1942 3786 οὒς

363 3803 385 3854 5
420 3802 690 3873 μακάριος
722 3803 956 3877 Οὔαρος,
984 3806 1207 3878 μείζονα
1233 3809 1332 3880 τὴν
1370 3811 1544 3881 ὀργὴν
1582 3813 1838 3877 ἐξάπτων
1864 3815 1942 3886 τῷ

360 3896 612 3965 δικαστῇ,
640 3893 706 3949 Τί
735 3897 1039 3967 πράγματα
1071 3900 1357 3972 παρέχεις,
1389 3901 1569 3971 ἔλεγε,
1602 3906 1713 3968 τοῖς
1741 3905 1942 3974 ἁγίοις,

367 3992 529 4061 μωρὰ
545 3991 719 4060 λέγων
740 3992 835 4045 καὶ
853 3993 933 4055 είς
958 3992 1110 4048 οὐδὲν
1133 3995 1416 4066 χρήσιμα;
1451 4014 1471 4048 ι
1510 3998 1570 4052 '0
1601 3998 1710 4066 γὰρ
1733 4000 1941 4070 μωρὸς,

367 4084 529 4155 φησι,
547 4085 706 4156 μωρὰ
728 4085 978 4157 λαλήσει.
999 4105 1020 4141 ›
1046 4089 1306 4159 (Ἡσαΐας
1326 4089 1355 4141 6
1377 4089 1552 4161 μέγας
1570 4109 1650 4146 σοι
1664 4092 1824 4147 τοῦτο
1850 4094 1946 4149 καὶ

366 4179 471 4234 οὐκ
498 4179 631 4250 ἐγὼ)
665 4181 762 4235 καὶ
789 4181 963 4237 ταῦτα
993 4181 1129 4253 μηδὲ
1159 4183 1563 4257 ἀντοφθαλμεῖν
1589 4187 1799 4251 αὐτοῖς,
1834 4204 1945 4261 μη-

359 4271 419 4325 δὲ
455 4275 533 4336 είς
562 4272 755 4341 λόγους
779 4275 916 4340 ὅλως
953 4276 1090 4329 ίὲναι
1115 4275 1435 4346 δυνάμενος.

2040 3274 2321 3330 hominem
2352 3271 2701 3328 adduximus.
2728 3269 2845 3325 Hoc
2874 3269 3044 3335 dicto,
3074 3269 3163 3324 ille
3201 3269 3420 3339 quidem
3456 3284 3626 3324 cona-

2045 3367 2205 3422 batur
2243 3363 2574 3434 persuadere
2601 3362 2833 3427 sanctis,
2868 3369 2930 3416 ut
2977 3360 3387 3415 assentirentur
3433 3359 3626 3429 impiee

2043 3456 2164 3520 tati,
2215 3463 2272 3510 et
2316 3453 2483 3508 rebus
2530 3452 2692 3507 vanis
2750 3447 3018 3505 offerrent
3097 3447 3451 3511 sacrificium,
3508 3446 3627 3517 ipse

2041 3548 2204 3619 plane
2239 3558 2412 3601 vanus
2439 3552 2494 3598 et
2524 3541 2777 3598 stolidus.
2812 3540 2891 3595 Illi
2932 3548 3115 3595 autem
3153 3553 3225 3593 ne
3255 3552 3446 3593 auerm
3497 3537 3625 3607 qui-

2043 3640 2169 3696 dem
2196 3638 2317 3707 ejus
2372 3634 2556 3691 verbis
2615 3633 2952 3705 praebentes,
3002 3639 3195 3685 contra
3254 3627 3567 3684 referebant
3604 3645 3625 3682 ι

2050 3752 2070 3787 ι
2131 3731 2232 3793 Dii.
2292 3729 2384 3800 qui
2412 3729 2613 3784 cmlum
2665 3734 2723 3781 et
2774 3735 2975 3779 terram
3028 3737 3139 3776 non
3208 3720 3477 3786 fecerunt,
3531 3733 3631 3790 pe-

2046 3825 2239 3883 reant‘
2273 3827 2321 3879 li
2350 3824 2481 3880 Post
2517 3834 2656 3890 quos
2707 3819 2904 3874 beatus
2938 3816 3115 3871 Varus
3161 3812 3298 3867 iram
3334 3812 3506 3881 magis
3533 3826 3628 3864 ar-

2046 3919 2311 3985 cendens,
2339 3914 2534 3985 judici,
2565 3911 2736 3978 Quid,
2783 3910 2940 3973 dixit,
2996 3909 3204 3965 sanctis
3247 3906 3473 3961 exhibes
3508 3918 3629 3957 mo-

2046 4007 2280 4070 lestiam,
2328 4001 2494 4057 stulta
2523 4000 2737 4063 dicens,
2767 4005 2824 4052 et
2853 3997 2921 4052 ad
2966 3995 3105 4050 nihil
3142 3993 3338 4050 utilia?
3367 4011 3387 4044 ι
3420 3990 3633 4049 Stultus

2047 4109 2231 4155 autem
2262 4096 2430 4150 stulta
2456 4095 2775 4164 loquetur”.
2807 4110 2827 4144 ε
2890 4089 3140 4162 (Magnus
3191 4086 3357 4141 Isaias
3392 4084 3497 4139 hoc
3530 4083 3629 4137 tibi

2047 4192 2203 4255 dicit,
2234 4197 2291 4244 et
2320 4204 2430 4243 non
2461 4190 2583 4257 ego)
2614 4185 2777 4255 idque
2803 4198 2931 4238 cum
2964 4196 3066 4236 nec
3090 4196 3189 4236 eos
3230 4177 3450 4248 quidem
3500 4190 3633 4230 con-

2052 4296 2133 4342 tra
2166 4281 2397 4346 intueri,
2428 4294 2535 4335 nec
2566 4292 2691 4335 cum
2721 4277 2802 4332 eis
2849 4275 3077 4331 omnino
3115 4270 3370 4330 conferre
3417 4281 3630 4325 sermo-

2051 4393 2180 4434 nem
2210 4375 2370 4439 velis,
2398 4372 2482 4429 vel
2513 4371 2698 4442 potius
2722 4383 2834 4423 non
2868 4368 3064 4438 possis.

436 4456 512 4511 E'.
538 4456 756 4511 Τούτων
806 4457 1049 4522 ἀκούσας
1077 4460 1283 4522 ἐκεῖνος
1321 4460 1420 4514 ούκ
1449 4459 1531 4514 ἔτι
1561 4460 1827 4524 καθεκτὸς
1853 4459 1937 4534 ἦν,

2124 4471 2186 4527 V.
2228 4469 2354 4524 Haec
2379 4482 2502 4524 cum
2538 4466 2629 4520 ille
2660 4462 2946 4526 audiisset,
2991 4474 3103 4515 non
3147 4466 3362 4529 poterat
3400 4451 3633 4546 amplius

366 4546 505 4603 ἁλλὰ
554 4545 729 4618 θυμοῦ
760 4547 1006 4611 πλείονος
1037 4548 1328 4618 πλησθεὶς,
1373 4551 1468 4605 ἐπὶ
1498 4551 1660 4614 ξύλου
1699 4553 1799 4622 μὲν
1852 4554 1937 4608 τὸν

2043 4562 2313 4626 cohiberi,
2362 4558 2458 4614 sed
2504 4557 2712 4626 majore
2770 4554 2854 4607 ira
2916 4552 3152 4621 plenus,
3197 4548 3361 4617 jussit
3412 4544 3632 4615 quidem

365 4637 584 4710 Οὔαρον
640 4638 997 4709 μετεωρίζειν
1048 4639 1294 4694 ἐκέλευε.
1318 4642 1460 4711 Πρὸς
1491 4642 1551 4696 δὲ
1576 4645 1702 4707 τοὺς
1732 4644 1945 4713 ἁγίους,

375 4733 507 4787 Ἐὰν
535 4731 634 4803 τῆς
674 4731 851 4802 ὑμῶν,
895 4725 1069 4796 εἶπεν,
1098 4733 1404 4803 ὲνστάσεῳς
1458 4733 1700 4803 ἡττηθῶ,
1725 4735 1949 4804 ἔξαρνος

364 4826 588 4887 πάντως
628 4825 723 4878 καὶ
766 4828 870 4895 τῆς
904 4825 1012 4877 τῶν
1046 4824 1185 4878 θεῶν
1233 4824 1429 4894 ἔσομαι
1459 4825 1738 4896 λατρείας.
1762 4827 1949 4891 Ούτως

369 4918 594 4988 ἰσχυρόν
621 4935 673 4971 τι
699 4916 799 4971 καὶ¹
846 4918 1125 4988 αὐστηρὸν
1163 4921 1193 4989 ὴ
1230 4917 1482 4989 ἀλήθεια,
1526 4920 1621 4973 καὶ
1657 4918 1949 4974 ἀσθένειαν

364 5010 629 5075 πολλάκις
682 5011 964 5083 διελέγχον
1016 5011 1216 5083 ψυχῆς,
1246 5013 1433 5082 φέρειν
1475 5012 1647 5084 αὐτῆς
1678 5012 1775 5081 τὴν
1806 5016 1951 5064 ἐλευ-

366 5101 559 5173 θερίαν
593 5102 656 5155 ού
690 5102 1014 5172 δυναμένης.
1036 5104 1099 5155 Οἱ
1131 5103 1186 5155 δὲ
1220 5103 1312 5156 τοῦ
1347 5102 1584 5172 Χριστοῦ
1643 5105 1946 5175 μάρτυρες,

365 5193 678 5264 Δοκίμασόν
708 5211 801 5248 σου
836 5194 973 5257 τέως
998 5194 1097 5265 τὴν
1142 5196 1484 5267 δυναστείαν,
1509 5197 1820 5269 εἰρήκασιν,
1855 5197 1951 5250 ἐπὶ

366 5286 467 5342 τοῦ
500 5286 770 5357 παρόντος
798 5287 955 5357 ήμῶν
985 5287 1218 5358 ἀδελφοῦ
1239 5304 1253 5318 ο
1281 5290 1374 5342 καὶ
1400 5288 1515 5356 εἴγε
1546 5289 1738 5343 τούτου
1771 5290 1953 5360 κρείτ-

368 5396 481 5433 των
507 5379 702 5450 ὀφθῇς,
756 5380 879 5434 τότε
911 5380 1051 5450 τάχα
1086 5384 1179 5435 καὶ
1228 5382 1314 5449 ἐφ’
1364 5381 1516 5451 ἡμᾶς
1572 5383 1827 5453 χρηστῶν
1852 5383 1954 5436 οὐκ

375 5472 707 5544 ἁμοιρήσεις
746 5472 999 5528 ἐλπίδων.
1051 5474 1195 5542 Πρδς
1246 5474 1422 5529 ταῦτα
1458 5477 1486 5527 ὁ
1531 5475 1796 5544 δικαστὴς
1840 5478 1955 5537 τοῖς

378 5563 480 5635 μὶν
511 5564 693 5631 ἁγίοις
742 5564 813 5619 τὰ
858 5564 1222 5637 χαλεπώτατα
1273 5565 1604 5638 ἀπειλήσας,
1645 5568 1739 5621 τοῦ
1794 5568 1953 5632 ξύλου

2046 4658 2244 4713 Varum
2299 4652 2353 4704 in
2404 4649 2551 4718 ligno
2597 4644 2887 4699 sublimem
2936 4640 3144 4696 extolli.
3179 4638 3396 4692 Sanctis
3448 4643 3629 4688 autem

2043 4746 2182 4804 dixit
2213 4762 2227 4798 :
2255 4744 2309 4799 Si
2346 4742 2501 4796 fuero
2532 4754 2564 4794 a
2591 4746 2771 4791 vestra
2804 4742 3095 4803 superatus
3138 4728 3444 4785 constantia
3465 4770 3480 4792 ,
3514 4726 3631 4781 cul-

2048 4851 2161 4893 tum
2194 4848 2413 4906 quoque
2440 4831 2667 4887 deorum
2716 4823 2944 4881 omnino
2994 4822 3295 4893 abnegabo.
3342 4820 3493 4875 Adeo
3547 4834 3633 4874 res

2047 4929 2224 4982 valida
2275 4934 2332 4979 et
2371 4921 2514 4978 acris
2567 4928 2652 4975 est
2713 4915 2939 4979 veritas,
2996 4922 3052 4968 et
3083 4928 3206 4982 quas
3253 4926 3398 4981 smpe
3457 4911 3636 4980 arguit

2049 5019 2219 5076 animi
2273 5013 2729 5075 imbecillitatem,
2784 5007 2878 5078 qui
2933 5021 3044 5060 non
3085 5011 3266 5074 potest
3313 5002 3434 5069 ejus
3492 5002 3633 5056 ferre

2048 5114 2378 5170 libertatem.
2409 5104 2612 5163 Christi
2645 5110 2827 5157 autem
2863 5108 3127 5167 martyres
3152 5132 3167 5157 ,
3211 5093 3474 5164 Experire
3497 5133 3511 5154 ,
3550 5092 3633 5147 di-

2053 5212 2272 5268 xerunt,
2304 5202 2359 5257 in
2393 5201 2498 5254 hoc
2540 5205 2730 5252 nostro
2771 5192 2935 5248 fratre
2976 5188 3105 5258 quid
3144 5188 3357 5257 possis;
3393 5197 3448 5240 et
3491 5185 3534 5239 si
3566 5199 3634 5239 eo

2056 5299 2225 5354 fueris
2264 5292 2515 5365 superior
2563 5287 2835 5351 fortassis,
2876 5294 2937 5339 ut
2981 5296 3193 5353 speras,
3236 5279 3289 5333 in
3343 5278 3503 5333 nobis
3546 5292 3635 5330 res

2052 5403 2270 5462 quoque
2305 5394 2451 5441 recte
2494 5380 2773 5438 succedet.
2805 5378 2889 5434 Ad
2931 5378 3046 5432 haec
3086 5374 3252 5446 judex
3279 5387 3401 5425 cum
3429 5369 3634 5462 sanctis

2052 5460 2273 5551 quidem
2309 5481 2452 5530 esset
2475 5473 2712 5528 minatus
2743 5466 3085 5539 gravissima,
3116 5464 3273 5534 jubet
3313 5462 3367 5515 in
3412 5460 3633 5530 cippum

2056 5572 2178 5627 duci
2229 5578 2560 5639 martyrem:
2616 5573 2671 5619 et
2712 5561 2937 5633 perinde
2985 5573 3049 5612 ac
3087 5558 3133 5612 si
3157 5555 3493 5612 existimaret
3526 5569 3635 5606 non

378 5657 775 5730 κατενεχθῆναι
830 5658 1155 5730 προστάττει
1180 5658 1271 5712 τὸν
1298 5658 1573 5729 μάρτυρα·
1609 5662 1704 5714 καὶ
1760 5660 1950 5734 ὥσπερ
2005 5666 2118 5734 οὐχ·
2156 5661 2347 5731 ἱκανὴν
2397 5658 2647 5729 νομίσας,
2696 5655 2835 5737 ξτρδς
2858 5652 3096 5707 τοιῡῦτον
3117 5650 3333 5720 εὐγενὲς
3364 5649 3635 5720 φράνημαι

453 5798 695 5855 'Jerem.
737 5816 791 5866 τ,
832 5802 912 5856 ll.
992 5801 1138 5857 ’lsa.
1171 5817 1342 5862 nm.
1377 5802 1429 5855 6.

2335 771 2430 826 llle
2456 773 2682 843 quidem
2722 774 2833 845 jam
2863 775 2959 831 diu
2995 776 3195 833 abhinc
3242 793 3308 831 ex
3348 778 3453 833 hac
3493 778 3603 832 vita
3713 770 3722 782 ’
