4110 6472
557 432 696 494 114⁸1

1842 431 2126 495 MENSIS
2144 486 2149 489 ι
2165 431 2531 494 OCTOBER.

3703 430 3842 500 1H8

557 545 813 601 sutlicere
848 543 952 600 hoc
1011 545 1338 616 supplicium
1371 548 1632 606 adversus
1667 558 1777 606 tam
1821 564 2145 620 generosum

2264 550 2347 603 ιαὶ
2380 546 2738 619 παρασκευὴν
2766 547 2946 619 ψυχῆς
2984 548 3085 621 τὴν
3115 548 3337 603 κόλασιν
3386 550 3619 618 ταύτην,
3650 551 3846 618 ἱμᾶσιν

553 648 611 694 et
645 647 753 693 tam
789 637 930 691 bene
960 636 1286 693 instructum
1314 640 1578 709 animum,
1603 642 1768 712 jussit
1800 654 1857 697 ut
1885 652 2143 697 extensus

557 729 713 790 loris,
770 730 826 782 in
879 737 1022 783 terra
1072 730 1379 786 cmderetur
1434 735 1750 800 crudeliter,
1801 734 2000 790 deinde
2046 748 2145 804 per

558 834 794 894 quatuor
845 824 991 879 viros
1041 833 1314 890 tractum,
1362 829 1559 884 validis
1609 829 1774 884 clavis
1833 828 2042 884 conteri
2091 836 2146 883 et

559 918 1048 999 confringi.‘Forti
1081 936 1210 991 ergo
1250 929 1307 976 et
1333 936 1598 993 generoso
1630 923 1813 976 animo
1848 922 1963 976 lucc
2007 922 2147 975 mala

557 1010 742 1065 ferens
803 1012 1041 1073 athleta.
1095 1012 1163 1067 ad
1212 1022 1433 1068 sanctos
1490 1015 1747 1070 omnibus
1799 1013 2147 1069 audientibus

561 1117 863 1158 conversus
897 1122 909 1157 :
939 1104 1254 1159 Benedicite
1278 1104 1480 1161 famulo
1503 1115 1706 1170 vestro,
1737 1106 1910 1161 sancti
1941 1114 2145 1175 patres,

561 1194 761 1265 inquit,
804 1195 1135 1250 benedicite.
1191 1195 1416 1266 Rogate,
1454 1205 1518 1251 ut
1566 1196 1698 1251 mihi
1751 1197 1897 1253 vires
1950 1196 2151 1252 conﬁr-

563 1293 785 1339 mentur
830 1300 859 1339 a
903 1283 1156 1347 Domino,
1210 1294 1267 1339 et
1314 1298 1402 1339 me
1435 1284 1551 1354 ejus
1599 1286 1821 1340 dextera
1864 1286 2150 1356 suscipiat.

560 1373 729 1429 Novit
754 1374 902 1430 enim
934 1374 1229 1430 humanam
1267 1376 1718 1442 imbecillitatem,
1752 1378 1843 1446 qui
1887 1393 2006 1433 eam
2037 1377 2153 1446 ipse

562 1478 782 1533 quoque
812 1474 1025 1535 gestare
1051 1467 1244 1532 voluit,
1271 1475 1326 1523 et
1365 1467 1503 1523 dixit
1539 1487 1553 1522 :
1591 1487 1612 1521 ι
1645 1467 1885 1539 Spiritus
1928 1468 2152 1539 quidem

566 1564 851 1624 promptus
899 1566 1005 1623 est,
1053 1572 1184 1612 caro
1223 1567 1407 1613 autem
1446 1559 1659 1614 inﬁrma
1685 1561 1727 1615 ⁸.
1770 1579 1789 1612 ι
1818 1560 2001 1615 Sancti
2050 1560 2154 1631 igi-

568 1653 682 1705 tur.
731 1660 860 1699 cum
909 1647 1098 1702 oculos
1155 1648 1211 1702 in
1269 1650 1472 1704 omium
1528 1650 1920 1714 sustulissent,
1987 1650 2151 1714 Deus,

566 1734 845 1802 dixerunt,
875 1736 1017 1793 Deus
1045 1738 1330 1805 virtutum,
1358 1741 1472 1810 ipse
1499 1741 1713 1797 emittet
1754 1742 1850 1797 tibi
1900 1742 2154 1798 virtutem

569 1843 636 1880 ex
666 1826 798 1892 alto,
827 1838 884 1883 et
914 1829 1079 1900 capiti
1111 1841 1203 1886 tuo
1234 1832 1477 1903 imponet
1511 1833 1718 1904 galeam
1746 1835 1959 1898 salutis,
2005 1846 2059 1890 et
2098 1845 2152 1892 te

570 1916 762 1972 induet
791 1918 1133 1975 vestimentis
1177 1920 1425 1975 ultionis.
1466 1920 1659 1976 Manus
1704 1921 1851 1976 illius
1880 1920 2157 1990 :defendet

569 2017 644 2070 te,
683 2016 738 2062 et
763 2008 1045 2064 brachium
1081 2020 1133 2065 te
1161 2012 1561 2077 corroborabit,
1601 2020 1659 2067 et
1698 2013 1984 2082 praeclaras
2015 2013 2156 2084 pra:-

500 2146 501 2151 η
569 2099 721 2165 bebjt
746 2101 999 2157 victorias
1036 2113 1225 2159 contra
1263 2105 1656 2159 adversarium.
1684 2124 1703 2157 ι
1737 2105 1982 2177 Exsurge
2006 2121 2158 2177 ergo,

572 2206 825 2262 exsurge,
855 2193 1081 2247 induere
1138 2193 1461 2250 fortitudine
1501 2196 1716 2251 brachii
1767 2197 1843 2251 tui
1903 2196 1947 2261 ‘,
1983 2215 2002 2248 ο
2057 2197 2159 2251 hoc

574 2282 795 2339 discens
824 2298 854 2338 a
888 2283 1072 2339 divina
1106 2285 1411 2356 Scriptura,
1447 2297 1504 2343 et
1542 2289 1724 2356 sciens
1756 2289 1934 2358 qualis
1959 2289 2028 2344 ab
2051 2290 2161 2344 alto

572 2371 717 2425 adsit
755 2372 917 2428 nobis
949 2373 1185 2444 adjutor,
1214 2385 1270 2430 et
1296 2375 1534 2444 qualium
1572 2377 1843 2432 bonorum
1879 2378 2162 2449 perceptio

574 2476 674 2516 eos
722 2473 929 2527 manet,
982 2465 1072 2534 qui
1121 2476 1344 2536 propter
1389 2466 1539 2522 illum
1582 2469 1700 2525 hac
1746 2470 1857 2540 pati
1910 2471 2164 2526 lubenter

576 2549 891 2606 voluerunt.
930 2552 1131 2624 Martyr
1165 2563 1350 2609 autem
1399 2557 1602 2613 Christi
1636 2573 1761 2613 cum
1803 2559 2013 2615 interea
2040 2575 2166 2616 ver-

575 2643 884 2708 beraretur,
925 2654 981 2700 ct
1013 2647 1419 2716 quodammodo
1467 2650 1698 2706 sentiret
1734 2666 1958 2706 manum
2002 2665 2162 2722 opem

574 2751 608 2789 c
637 2738 777 2791 coelo
805 2736 1098 2804 ferentem,
1141 2740 1195 2793 in
1238 2740 1603 2798 exsultatione
1630 2743 1829 2799 anima.-
1870 2745 2163 2799 dixitsan-

577 2826 682 2883 ctis
711 2846 724 2880 :
748 2826 910 2883 Nulla
933 2838 1155 2899 propter
1183 2847 1271 2886 me
1298 2833 1518 2889 tristitia
1551 2835 1749 2891 subeat
1767 2836 1931 2892 corda
1958 2848 2157 2892 vestra.

577 2918 720 2975 Ecce
757 2921 905 2975 eiiim
942 2932 1138 2976 vestra:
1178 2938 1391 2992 preces,
1435 2941 1558 2995 quae
1603 2927 1713 2981 Deo
1749 2937 2164 2996 persuaserunt,

576 3026 769 3079 aspera
809 3021 1073 3067 tormenta
1108 3014 1269 3083 plana
1319 3014 1622 3072 eliecerunt
1667 3028 1723 3073 et
1768 3018 1930 3086 levia,
1964 3028 2020 3074 et
2051 3034 2169 3074 moo

576 3105 790 3161 lestiam
843 3118 1128 3163 mutarunt
1181 3109 1237 3163 in
1283 3110 1698 3178 recreationem,
1761 3116 1900 3169 adeo
1964 3121 2170 3168 utnec

578 3197 766 3269 plagas
796 3198 1015 3267 quidem
1044 3201 1298 3257 sentiam.

648 3308 744 3364 Vl.
775 3308 907 3365 Post
937 3309 1053 3366 haec
1088 3327 1278 3367 rursus
1307 3329 1592 3387 aggressus
1625 3325 1708 3372 est
1756 3328 2020 3388 tyrannus
2046 3337 2168 3391 per-

538 3454 549 3466 .
578 3399 835 3463 suadere,
870 3409 926 3456 et
951 3402 1211 3457 athletam
1240 3407 1518 3462 attrahere
1547 3407 1612 3462 ad
1662 3410 1992 3480 negandum,
2026 3413 2168 3470 bona

577 3492 628 3546 ei
668 3493 953 3561 pollicens,
985 3503 1040 3548 et
1075 3495 1269 3551 horum
1302 3497 1568 3567 ipsorum,
1597 3516 1718 3568 quae
1742 3503 2023 3570 sustinuit,
2055 3513 2171 3560 tor-

579 3594 913 3650 mentorum,
955 3602 1068 3641 non
1104 3588 1160 3642 in
1186 3588 1363 3653 illum,
1396 3590 1492 3645 sed
1517 3592 1571 3645 in
1601 3592 1737 3647 alios
1776 3594 1983 3651 Christi
2022 3613 2169 3652 mar-

581 3687 727 3747 tyres
752 3678 966 3747 culpam
996 3680 1306 3735 conferens.
1335 3683 1630 3751 Postquam
1662 3695 1844 3742 autem
1882 3689 2015 3744 vidit
2052 3706 2173 3746 san-

579 3778 728 3823 ctum
754 3770 943 3825 callida
975 3772 1120 3826 illius
1161 3772 1381 3828 inventa
1412 3775 1647 3845 amplius
1695 3778 2038 3847 irridentem,
2091 3784 2169 3839 ira

583 3862 754 3933 magis
799 3877 1083 3931 accensus,
1133 3865 1291 3936 jubet
1334 3864 1538 3922 Varum
1585 3885 1774 3926 rursus
1814 3875 2076 3942 suSpendi
2115 3876 2171 3931 in

584 3955 733 4025 ligno
773 3966 1094 4027 comparato
1152 3959 1219 4014 ad
1275 3958 1659 4031 torquendum,
1712 3972 1769 4018 et
1818 3979 1943 4021 eum
1978 3966 2173 4025 ferreis

580 4050 819 4119 discerpi
854 4050 1091 4121 ungulis.
1119 4053 1256 4107 Cum
1299 4063 1479 4108 autem
1522 4057 1769 4127 martyri,
1818 4057 1948 4112 dum
1999 4061 2174 4115 caede-

585 4145 737 4190 retur
768 4152 989 4206 corpus,
1032 4139 1282 4208 plurimm
1319 4156 1514 4195 carnes
1553 4142 1607 4196 in
1642 4151 1842 4198 terram
1888 4146 2170 4217 caderent,

583 4238 644 4283 et
667 4229 816 4284 illius
841 4232 1129 4300 ;sanguine
1159 4233 1336 4286 solum
1378 4245 1785 4301 cruentaretur,
1833 4237 2012 4295 bonus
2050 4243 2174 4310 qui-

2244 640 2417 712 ὠμοῖς
2454 639 2557 711 ἔφη
2587 641 2729 694 κατὰ
2762 641 2867 711 γῆς
2905 639 3140 695 ταθέντα
3184 641 3572 710 μαστίζεσθαι,
3602 635 3734 695 εἶτα
3756 641 3847 694 διὰ

2245 733 2529 805 τεσσάρων
2563 733 2852 803 ἑλκόμενον
2886 732 3145 804 ῥοπάλοις
3171 733 3351 801 ἁδροίς
3381 732 3726 786 συνθλᾶσθσιι
3752 733 3850 785 καὶ

2248 823 2698 895 κατατρίϐεσθαι.
2739 826 3010 889 Γενναίως
3038 820 3132 878 οὖν
3161 825 3228 879 τά
3259 825 3412 878 δεινὰ
3451 823 3637 877 ταῦτα
3661 823 3849 894 φέρων

2246 919 2274 970 6
2299 915 2531 987 ἀθλητὴς
2564 917 2699 987 πρὸς
2724 917 2849 980 τοὺς
2877 917 3067 984 ἁγίους
3084 917 3148 977 ¹ὲν
3179 917 3401 988 ἐπηκόῳ
3435 915 3669 969 πάντων
3720 916 3851 967 ἑπι-

2250 1010 2529 1079 στραφεῖς,
2549 1007 2890 1079 Εὑλογήσατε
2903 1008 2994 1060 τὸν
3007 1007 3196 1061 δοῦλον
3217 1007 3248 1060 ὑ
3255 1007 3393 1074 μῶν,
3411 1006 3661 1076 πατέρες
3676 1005 3848 1074 ἆγιοι,
3868 1008 3883 1066 ,’

2250 1099 2436 1169 φησὶν,
2469 1098 2824 1166 εὐλογήσατε·
2850 1098 3082 1164 εὔξασθε
3108 1100 3261 1167 παρά
3287 1097 3494 1168 Κυρίου
3522 1098 3851 1166 ὲνδυναμω-

2250 1188 2410 1258 θῆναι
2460 1207 2527 1257 με
2582 1189 2677 1242 καὶ
2709 1189 3092 1244 ἀντιλαϐέσθαι
3132 1206 3233 1259 μου
3284 1188 3383 1261 τὴν
3413 1188 3585 1243 αὑτοῦ
3645 1188 3851 1255 δεξιάν.

2252 1278 2376 1334 Οἷδε
2423 1279 2533 1350 γὰρ
2569 1280 2732 1344 αὐτὸς
2789 1282 2889 1352 τὴν
2951 1281 3305 1353 ἀνθρωπίνην
3358 1280 3857 1341 ἀσθένειαν,ὁκαὶ

2253 1371 2481 1442 φορέσαι
2510 1372 2714 1444 ταύτην
2730 1370 3188 1442 καταδεξάμενος,
3203 1372 3297 1425 καὶ
3312 1369 3486 1425 εἰπὼν
3503 1372 3593 1424 ὅτι
3626 1370 3735 1423 (Τὸ
3758 1371 3857 1440 μὲν

2254 1461 2474 1534 πνεῦμα
2490 1463 2790 1533 πρόθυμον,
2814 1464 2846 1534 ἡ
2872 1463 2928 1517 δὲ
2948 1463 3085 1535 σάρξ
3100 1463 3352 1535 ἀσθενής.
3376 1482 3394 1514 ι
3419 1464 3485 1517 Οἱ
3506 1463 3570 1516 δὲ
3588 1463 3766 1527 ἅγιοι,
3790 1463 3856 1515 τά

2253 1555 2479 1625 ὄμματα
2507 1557 2586 1619 είς
2610 1555 2878 1624 οὐρανοὺς
2893 1554 3299 1618 ἀνατείναντες.
3336 1556 3394 1609 Ὀ
3417 1555 3582 1620 Θεὸς,
3613 1550 3799 1617 εἶπον,
3822 1555 3849 1606 6

2257 1646 2390 1709 Θεὸς
2419 1647 2531 1700 τῶν
2562 1645 2870 1716 δυνάμεων,
2898 1645 3062 1710 αὐτὸς
3113 1645 3468 1711 ὲξαποστελεῖ
3499 1662 3590 1699 σοι
3621 1645 3853 1715 δύναμιν

2259 1738 2318 1804 ἐξ
2352 1738 2540 1808 ὕψους,
2574 1740 2671 1794 καὶ
2708 1739 2997 1811 περιθήσει
3028 1740 3123 1792 ἐπὶ
3168 1739 3272 1809 τὴν
3323 1738 3578 1808 κεφαλήν
3626 1755 3725 1791 σου
3759 1753 3857 1789 πε-

2261 1832 2622 1902 ρικεφαλαίαν
2657 1831 3067 1903 σωτηρίου,καὶ
3105 1832 3327 1902 ἱμάτιον
3370 1831 3726 1902 ἐκδικήσεως
3763 1845 3855 1882 πε-

2265 1924 2481 1995 ριδαλεῖ
2508 1941 2589 1978 σε.
2637 1923 2703 1977 Ἦ
2730 1924 2851 1994 χεὶρ
2886 1922 3096 1976 ἐκείνου
3130 1922 3601 1994 συναπιλήψεταί
3630 1938 3738 1984 σοι,
3764 1920 3856 1974 καὶ

2257 2018 2285 2069 6
2321 2014 2564 2086 βραχίων
2622 2014 2979 2084 κατισχύσει,
3011 2012 3242 2083 λαμπρά
3270 2029 3327 2065 τε
3380 2011 3675 2082 παράσχοι
3722 2009 3857 2064 κατὰ

2256 2104 2351 2157 τοῦ
2369 2103 2750 2173 ἀντικειμένου
2768 2103 2835 2155 τὰ
2849 2104 3165 2173 νικητήρια.
3177 2121 3195 2154 ι
3218 2100 3533 2171 Ἑξεγείρου
3548 2097 3856 2170 τοιγαροῦν,

2261 2193 2561 2263 ὲξεγείρου,
2578 2194 2795 2247 ἔνδυσαι
2811 2193 2908 2263 τὴν
2928 2193 3084 2263 ἰσχὺν
3104 2192 3199 2246 τοῦ
3223 2192 3515 2263 βραχίονός
3542 2207 3642 2244 σου
3665 2210 3684 2242 ι
3714 2190 3856 2261 παρὰ

2260 2288 2361 2357 τῆς
2413 2286 2567 2350 θείας
2612 2285 2775 2340 τοῦτο
2803 2286 3037 2357 Γραφῆς
3091 2286 3513 2356 διδασκόμενος,
3552 2284 3651 2338 καὶ
3682 2282 3854 2347 εἰδὼς,

2261 2376 2373 2442 οἷος
2407 2382 2538 2452 ἡμῖν
2565 2379 2774 2433 ἄνωθεν
2808 2379 3148 2449 παρίσταται
3182 2376 3399 2448 βοηθὸς,
3432 2378 3540 2431 καὶ
3571 2376 3703 2430 οἴων
3725 2376 3853 2443 ἀγα-

2264 2473 2374 2527 θῶν
2428 2472 2728 2534 ἀπόλαυσις
2785 2468 3074 2540 περιμένει
3119 2468 3243 2530 τοὺς
3299 2468 3367 2520 δι’
3419 2468 3642 2521 ἐκεῖνον
3691 2464 3853 2519 ταῦτα

2264 2566 2496 2633 πάσχειν
2533 2561 2981 2633 προῃρημένους.
3015 2559 3076 2612 '0
3109 2560 3165 2614 δὲ
3202 2557 3295 2612 τοῦ
3348 2556 3601 2629 Χριστοῦ
3655 2557 3852 2628 μάρτυς

2266 2662 2323 2713 ὲν
2351 2659 2593 2730 τοσούτῳ
2620 2657 2980 2727 τυπτόμενος,
3002 2654 3099 2708 καὶ
3128 2653 3320 2724 ὥσπερ
3352 2653 3689 2724 αἰσθόμενος
3724 2651 3853 2705 ἄνω-

2267 2756 2362 2810 θεν
2390 2751 2571 2825 χειρὸς
2612 2747 3035 2818 ὲπιὸοηθούσης,
3067 2750 3124 2803 ὲν
3158 2747 3480 2815 ἀγαλλιάσει
3537 2744 3719 2817 ψυχῆς
3757 2743 3852 2812 ἔφη

2270 2846 2406 2919 πρὸς
2430 2846 2554 2908 τοὺς
2585 2842 2773 2912 ἁγίους
2798 2857 2814 2874 ο
2836 2840 3097 2912 Μηδεμία
3121 2838 3267 2908 λύπη
3311 2839 3407 2899 τὰς
3435 2836 3606 2906 ὑμῶν
3634 2838 3851 2905 ὑποτρε-

2269 2941 2412 3011 χὲτω
2464 2936 2712 3007 καρδίας,
2771 2932 2933 3004 χάριν
2968 2932 3125 3003 ἡμῶν
3151 2945 3171 2961 ⁶
3200 2930 3308 2985 ἰδοὺ
3353 2930 3458 3000 γὰρ
3492 2930 3536 2999 ἠ
3585 2925 3853 2992 θεοπειθὴς

2271 3032 2428 3102 ὑμῶν
2456 3028 2612 3100 εὐχὴ,
2650 3027 2712 3080 τὸ
2752 3026 2928 3096 τραχῦ
2958 3025 3066 3079 τῶν
3118 3024 3366 3094 βασάνων
3397 3022 3479 3084 είς
3521 3022 3741 3091 ὁμαλὸν,
3778 3019 3849 3081 είς

2270 3126 2334 3178 τὸ
2391 3121 2598 3177 λυποῦν
2652 3121 2734 3183 είς
2787 3119 2975 3173 ἄνεσιν
3032 3116 3428 3186 μετεσκεύασε,
3460 3115 3562 3170 καὶ
3613 3112 3850 3169 τοσοῦτον

2193 3252 2244 3316 c
2271 3219 2381 3287 ὅσῳ
2424 3216 2555 3286 μηδὲ
2594 3214 2819 3283 πληγῶν
2851 3213 3000 3283 ἡμᾶς
3032 3209 3493 3315 ὲπαισθάνεσθαι.

2348 3306 2535 3375 πετο
2586 3305 2727 3375 μετὰ
2764 3303 2939 3358 ταῦτα
2998 3301 3206 3357 πείθειν
3236 3303 3264 3353 ὁ
3288 3299 3559 3371 τύραννος
3590 3296 3847 3367 ἐπεχείρει

2277 3398 2461 3464 πάλιν,
2514 3397 2610 3450 καὶ
2641 3396 2779 3466 πρὸς
2814 3395 3044 3467 ἄρνησιν
3088 3387 3236 3447 εἷλκε
3263 3393 3354 3445 τὸν
3387 3390 3650 3460 ἀθλητὴν,
3685 3387 3846 3456 ἀγαθά

2279 3487 2737 3559 ὑπισχνούμενος,
2766 3485 2862 3569 καὶ
2892 3484 3076 3539 αὐτῶν
3111 3477 3187 3537 ὧν
3236 3484 3366 3553 ἄχρι
3404 3480 3503 3534 τοῦ
3529 3480 3623 3533 νῦν
3657 3477 3844 3546 ὑπέστη

2280 3582 2549 3652 βασάνων,
2582 3581 2684 3633 οὐκ
2720 3581 2950 3644 ἐκεῖνον,
2974 3578 3108 3633 ἀλλὰ
3141 3577 3268 3640 τοὺς
3300 3575 3393 3628 τοῦ
3444 3571 3686 3644 Χριστοῦ
3715 3571 3845 3639 μάρσ

2277 3689 2450 3743 τυρας
2480 3669 2829 3740 αἰτιώμενος.
2856 3670 2951 3732 Ὠς
2976 3669 3031 3722 δὲ
3050 3668 3200 3739 ἑώρα
3221 3670 3314 3721 τὸν
3343 3665 3505 3733 ἅγιον
3532 3661 3846 3732 διαγελῶντα

2284 3762 2486 3833 μᾶλλον
2518 3761 2683 3815 αὐτὸν
2711 3760 2815 3829 τῆς
2844 3759 3089 3823 ἐπινοίας
3143 3760 3238 3813 καὶ
3267 3756 3364 3811 τοῦ
3399 3758 3749 3826 σοφίσματος,
3776 3750 3845 3803 ἔτι

2280 3853 2507 3907 πλείονα
2534 3852 2627 3906 τὸν
2648 3852 2823 3922 θυμὸν
2857 3850 3163 3913 ἐκκαύσας,
3200 3847 3281 3920 τῷ
3331 3844 3680 3916 κολαστηρίῳ
3720 3840 3844 3908 ξύλῳ

2281 3948 2379 4000 καὶ
2430 3942 2586 4010 αὖθις
2636 3943 3010 4016 άναρτηθῆναι
3069 3942 3287 3995 κελεύει
3346 3940 3436 3993 τδν
3494 3938 3718 4007 Οὔαρον,
3762 3931 3843 3985 καὶ

2279 4035 2428 4102 ὄνυξι
2489 4037 2728 4107 σιδηροῖς
2753 4032 3198 4101 καταξαίνεσθαι.
3239 4030 3391 4084 Ἐπεὶ
3423 4027 3483 4081 δὲ
3530 4026 3603 4097 τῷ
3635 4024 3845 4095 μάρτυρι

2280 4131 2600 4201 ξαινομένου
2634 4129 2730 4183 τοῦ
2784 4127 3062 4198 σώματος,
3098 4124 3156 4178 αἱ
3207 4123 3455 4185 πλείονες
3495 4119 3602 4174 τῶν
3651 4111 3842 4183 σαρκῶν

2282 4226 2362 4288 είς
2388 4225 2493 4295 γῆν
2522 4222 2954 4294 ἀπερρίπτοντο,
2976 4220 3069 4273 καὶ
3092 4217 3169 4289 τῷ
3187 4216 3399 4271 ἐκεῖθεν
3438 4214 3630 4284 αἵματι
3649 4208 3705 4261 τὸ
3733 4205 3840 4258 ἐδα-

2283 4336 2382 4388 φος
2446 4316 2804 4385 ἐφοινίσσετο,
2835 4316 2863 4368 ὁ
2898 4312 2998 4375 μὲν
3049 4310 3287 4383 χρηστὸς
3334 4306 3551 4376 Οὔαρος
3608 4303 3679 4364 ὡς
3708 4297 3839 4352 οὐδὲν

2283 4413 2510 4481 πάσχων
2541 4411 2750 4479 ἦρεμος
2783 4403 2871 4478 ἦν·
2899 4405 3107 4475 ἔπασχε
3142 4403 3199 4457 δὲ
3242 4404 3354 4464 τοῖς
3386 4400 3563 4467 ἁγίοις
3607 4388 3827 4481 δεινῶςθ

586 4320 712 4373 dem
745 4319 941 4386 Varus,
973 4331 1230 4390 tanquam
1286 4323 1421 4377 nihil
1476 4326 1708 4393 patiens,
1759 4335 1878 4382 erat
1906 4328 2170 4397 quietus:

586 4412 793 4465 sanctis
832 4420 1011 4466 autem
1042 4413 1276 4484 graviter
1306 4415 1537 4472 aﬂ'ectus
1566 4427 1686 4473 erat
1710 4419 1949 4485 animus,
1982 4432 2036 4476 et
2075 4438 2173 4479 eo-

589 4500 714 4554 i'um
742 4501 953 4556 viscera
997 4503 1346 4560 laniabantur
1377 4517 1603 4576 propter
1636 4509 1807 4564 animi
1850 4513 2164 4567 consensio-

2280 4478 2452 4573 ψυχῆ,
2479 4478 2675 4554 itaita
2707 4498 2995 4567 σπλάγχνα
3064 4494 3271 4549 τούτων
3326 4491 3589 4546 ὲκόπτετο
3631 4482 3732 4576 διὰ,
3758 4478 3834 4530 τὸν

589 4606 740 4646 nem.
763 4590 881 4646 Non
904 4592 1141 4648 ferentes
1173 4594 1354 4665 itaque
1378 4574 1579 4666 iudicis
1601 4599 2008 4655 crudelitatem:
2033 4600 2164 4668 Quid

2279 4596 2574 4669 ὁμόψυχον.
2615 4591 2833 4663 Ἀμέλει
2886 4591 2983 4644 καὶ
3015 4590 3115 4659 τὴν
3140 4587 3403 4657 ὠμότητα
3447 4585 3523 4654 μὴ
3560 4574 3836 4686 ενεγκὸνξες

590 4693 720 4735 vero
768 4696 880 4736 non
924 4682 1203 4753 intelligis,
1242 4684 1517 4755 inquiunt,
1564 4702 1597 4742 ο
1643 4697 1722 4755 tu,
1764 4691 1848 4744 vel
1883 4689 2015 4746 feris
2043 4692 2164 4762 ipsi:

2277 4690 2372 4746 τοῦ
2389 4687 2670 4751 δικαστοῦ,
2689 4686 2754 4739 Τί
2771 4685 2828 4738 δὲ
2841 4684 2902 4738 οὐ
2924 4683 3132 4752 συνίης,
3149 4677 3322 4751 εἶπον,
3339 4680 3432 4732 κα⁸ι
3450 4675 3647 4746 θηρίων
3660 4675 3830 4723 αὑτων,

589 4772 878 4842 agrestior,
912 4773 1056 4841 quod
1096 4781 1153 4828 et
1192 4773 1398 4843 lapides
1437 4783 1493 4831 et
1538 4775 1747 4832 ferrum
1780 4794 1943 4849 passa
1970 4791 2164 4845 essent,

2278 4780 2607 4853 άγριώτερε,
2629 4781 2712 4831 ὅτι
2743 4778 2840 4851 καὶ
2882 4776 3018 4828 λίθοι
3039 4776 3135 4828 καὶ
3170 4773 3390 4843 σίδηρος
3420 4767 3617 4866 ἔπαθον
3723 4770 3830 4866 vos:

592 4879 851 4936 percussa
898 4865 1103 4920 toties?
1131 4866 1252 4935 Ipse
1288 4877 1471 4922 autem
1511 4884 1581 4924 ne
1625 4872 1705 4927 sic
1753 4872 1973 4941 quidem
2005 4874 2164 4943 potuit

2279 4872 2418 4927 αῦτα
2463 4866 2862 4941 πληττόμενόι;
2908 4866 3083 4928 Αὐτὸς
3113 4865 3170 4918 δὲ
3208 4867 3304 4917 καὶ
3354 4860 3525 4923 οὕτως
3559 4853 3828 4950 apsumi):

594 4933 816 5020 molliri,
848 4964 905 5009 et
931 4969 1051 5009 eam
1087 4933 1202 5010 rem
1229 4957 1634 5026 quodammodo
1672 4933 1867 5016 habuit
1898 4933 2136 5021 ludibrio
2163 4988 2164 4991 η

2278 4959 2368 5034 ἦν,
2421 4964 2516 5017 καὶ
2561 4933 2757 5029 ’ὥσπερ
2813 4933 2893 5021 είς
2936 4957 3135 5028 χλεύην
3187 4954 3249 5007 τὸ
3308 4954 3538 5025 πρᾶγμα
3565 4933 3826 5034 τιθεὶς,ζο

592 5048 873 5112 Christus,
929 5048 1213 5118 inquiens,
1268 5061 1448 5106 vester
1499 5053 1756 5118 accedat,
1806 5054 2092 5125 ipsumque
2151 5071 2181 5110 a

594 5141 734 5196 meis
756 5140 952 5196 liberet
977 5141 1230 5196 manibus
1260 5158 1278 5198 :
1314 5145 1569 5200 nesciens
1608 5146 1831 5209 stultus,
1882 5146 2027 5217 quod
2075 5149 2189 5203 haec

599 5232 746 5288 ferre
777 5247 935 5302 posse
983 5248 1182 5303 magno
1235 5243 1292 5289 et
1338 5235 1464 5290 forti
1520 5237 1731 5305 animo,
1805 5239 2190 5311 signiﬁcabant

600 5325 753 5379 illum
802 5324 1024 5381 aﬂ‘uisse
1063 5336 1123 5382 et
1174 5327 1456 5395 liberasse,
1489 5338 1545 5385 et
1573 5346 1732 5387 suum
1762 5348 1941 5387 rorem
1972 5334 2190 5390 dedisse

598 5415 849 5473 dolorum
879 5420 1224 5476 medicinam.
1253 5421 1451 5477 Beatus
1481 5421 1663 5479 autem
1707 5425 1818 5490 ille,
1859 5428 2022 5482 etiam
2051 5426 2180 5482 dum

601 5508 1022 5586 discerperetur,
1062 5512 1262 5577 Nolim,
1298 5513 1496 5584 inquit,
1556 5512 1774 5569 liberari
1802 5515 1872 5570 ab
1905 5516 2012 5581 his,
2061 5532 2183 5586 qua:

602 5584 673 5655 uti
704 5610 919 5673 tempus
949 5606 1169 5673 durant,
1201 5606 1506 5671 tormentis,
1543 5605 1638 5661 sed
1676 5606 1747 5660 ab
1790 5606 1856 5663 iis
1908 5621 2029 5676 qua:
2073 5584 2185 5662 ina-

2283 5054 2540 5125 Χριστδὲν
2595 5054 2782 5128 φησὶν,
2808 5051 2837 5103 ὁ
2867 5050 3133 5120 ὑμέτερος
3163 5044 3476 5117 παρελθὼν,
3533 5040 3634 5093 τῶν

2284 5113 2449 5201 αύτὶν
2502 5113 2782 5211 seen-seen;
2828 5113 3056 5214 xstpt'iw,
3083 5141 3158 5213 μὴ
3190 5113 3348 5201 εἰδὼς
3383 5140 3411 5190 6
3437 5136 3665 5201 ἀνόητος,
3688 5121 3749 5182 ὡς
3764 5113 3816 5214 Eb

2286 5238 2461 5293 ταῦτα
2518 5203 2779 5292 δύνασθαι
2829 5203 3048 5305 ἰρέρειν
3083 5203 3488 5301 ’μεγαλοψύχως
3540 5203 3822 5321 λδήλιωις

2288 5333 2371 5387 ὃτι
2407 5332 2502 5385 καὶ
2536 5330 2720 5401 παρῆν
2763 5332 2971 5390 ἐκεῖνος
3021 5328 3119 5380 καὶ
3153 5320 3424 5398 ὲξῃρείτο,
3468 5319 3559 5375 καὶ
3601 5313 3689 5382 τὴν
3717 5321 3809 5401 ﬁl?

2290 5424 2457 5479 αὐτοῦ
2485 5395 2686 5494 δρόσον.
2717 5423 2855 5493 ῐαμα
2888 5420 3062 5475 ἐδίδου
3102 5395 3476 5473 τῶν-νόδυνῶν.
3515 5414 3572 5507 ίί)
3598 5408 3649 5507 δε

2297 5534 2410 5588 ριος
2437 5518 2532 5570 καὶ
2560 5514 2839 5586 ξεόμενος,
2863 5514 2953 5585 Μή
2978 5530 3069 5582 μοι
3091 5511 3322 5582 γένοιτο,
3345 5509 3469 5576 ἔφη,
3488 5504 3587 5559 τῶν
3618 5499 3825 5590 βασάνων

2295 5587 2685 5679 ἀπαλλαγῆναι
2745 5607 2858 5661 τῶν
2917 5603 3275 5678 προσκαίρων
3328 5601 3545 5657 τούτων,
3585 5587 3708 5647 ἀλλὰ
3740 5593 3825 5636 των

685 5854 919 5914 ⁸Μιιιιὶι.
956 5875 1103 5928 xxw,
1139 5859 1226 5913 «il.
1340 5859 1357 5888 ⁸
1382 5857 1483 5913 lsa.
1524 5873 1595 5925 ιι,
1627 5856 1679 5909 9.
