4110 6432
263 375 405 438 1119

1478 383 1945 445 MARTYRIUM
1990 386 2051 451 S.
2087 390 2293 450 VARI.

3389 394 3531 459 1150

256 490 544 561 μενουσῶν
573 493 601 544 ό
629 490 761 559 ἐμὸς
784 491 1021 560 ἐξέλοιτό
1052 512 1118 565 με
1146 497 1480 569 Χριστὸς,σὶ
1521 499 1578 553 δὲ
1617 501 1712 554 καὶ
1741 500 1841 573 τὴν
1866 542 1876 562 ε

1983 515 2118 572 ent;
2156 521 2310 562 meus
2357 523 2442 564 me
2470 508 2719 565 Christus
2763 510 3102 577 liberaverit,
3152 520 3205 568 te
3249 521 3437 571 autem
3483 513 3540 568 et

256 591 365 655 σὴν
394 584 655 654 ὠμότητα
682 585 961 648 τοιαύταις
993 587 1161 653 ἀξίως
1195 594 1538 661 κατακρινεῖ.

328 677 404 731 Ζ’.
431 675 633 730 Τοῦτον
685 678 1050 748 ἀμειϐόμενος
1100 682 1249 751 ἔργῳ
1300 682 1586 752 τὸνλόγον
1636 686 1664 737 ό
1696 684 1849 740 δικα-

261 766 395 836 στὴς
427 766 555 828 τεὺς
588 765 863 835 ξυστῆρας
885 767 1030 821 κατά
1068 768 1175 822 τῶν
1195 768 1289 822 τοῦ
1315 769 1847 843 μάρτυροςέπέφερε

263 859 612 930 σπλάγχνων,
632 861 862 929 ὐράτω,
888 859 1081 927 λέγων,
1107 860 1211 929 πρὸ
1229 861 1338 914 τῶν
1359 861 1653 933 ὀφθαλμῶν
1675 868 1703 918 ὀ
1722 882 1853 918 κατ-

264 954 472 1021 άρατος
506 950 760 1021 καθάπερ
823 952 1164 1023 ὖδωραύτοῦ
1216 957 1564 1025 προχεόμενα
1605 956 1675 1009 τὰ
1711 956 1855 1010 ἐνδό-

263 1043 417 1099 σθια.
461 1042 625 1095 Ἀλλά
673 1044 764 1096 τὸν
795 1044 889 1097 τοῦ
944 1045 1186 1114 Χριστοῦ
1219 1047 1476 1119 μάρτυρα.
1524 1048 1646 1101 οὐδὲ
1689 1046 1853 1120 ήτῆς

264 1137 505 1208 βασάνου
539 1137 744 1210 ταύτης
806 1142 1074 1211 πικρότης
1125 1141 1370 1195 ἐνδοῦναί
1395 1160 1449 1196 τι
1486 1141 1580 1195 τοῦ
1621 1143 1856 1212 πάσχειν

262 1230 357 1285 δά
413 1231 653 1300 Χριστὸν
711 1234 1148 1301 παρεσκεύασεν,
1179 1234 1240 1286 οὐ
1304 1234 1458 1304 ῥῆμα
1515 1232 1856 1302 φθέγξασθαι

264 1323 635 1390 ἀγεννέςωῦκ
676 1325 806 1378 ἄλλο
845 1341 897 1378 τι
950 1326 1148 1398 μικρὸν
1200 1326 1234 1398 ἢ
1301 1328 1490 1398 μεῖζον
1534 1326 1858 1391 ύποσταλεὶς

265 1414 431 1483 ἔργον
456 1414 818 1484 ἐνδείξασθαι,
840 1419 890 1470 εί
918 1419 992 1488 μὴ
1025 1417 1121 1470 καὶ
1153 1418 1379 1487 μείζονα
1418 1419 1622 1489 μᾶλλον
1653 1421 1747 1472 τὸν
1777 1421 1857 1482 είς

266 1504 510 1574 Χριστὸν
538 1505 840 1574 ἀνέφλεγεν
872 1508 1071 1576 ἐρωτα,
1101 1509 1196 1561 καὶ
1238 1509 1377 1578 πρὸς
1403 1511 1501 1572 τὰς
1524 1510 1861 1581 δριμυτέρας

265 1595 383 1647 τῶν
441 1596 718 1649 κολάσεων
777 1598 1135 1668 δριμυτέραις
1186 1600 1277 1653 τὸν
1331 1600 1597 1672 δικαστὴν
1646 1602 1861 1673 βάλλειν

269 1685 452 1741 ἐποίει
497 1691 619 1752 ταῖς
677 1691 1027 1760 ἀποκρίσεσι.
1068 1691 1140 1744 Σὺ
1197 1693 1296 1761 μὲν
1328 1694 1459 1763 γὰρ,
1485 1693 1616 1764 ἔφη,
1656 1694 1862 1765 πονηρέ

272 1781 536 1853 πονηρῶν
591 1782 869 1853 δαιμόνων
918 1784 1164 1856 ύπουργὲ
1221 1786 1315 1838 καὶ
1363 1786 1863 1857 μισάνθρωπε,καὶ

268 1873 395 1925 λίαν
424 1875 536 1935 τοῖς
565 1873 791 1939 ἀγαθοῖς
823 1873 1194 1939 ἀντικείμενε,
1238 1874 1547 1944 ἐξενεγκεῖν
1600 1878 1731 1941 ῖσως
1776 1877 1865 1930 δυ·
1894 1858 1937 1913 Β

271 1966 415 2037 νήσῃ
466 1982 568 2035 μου
602 1966 669 2019 τὰ
692 1964 939 2019 ἐνδόσθια
978 1984 992 1999 ’
1019 1968 1054 2036 ἠ
1103 1967 1159 2021 δέ
1205 1967 1306 2037 τῆς
1354 1968 1493 2038 ἐμῆς
1524 1968 1752 2039 καρδίας
1783 1968 1864 2030 είς

272 2058 515 2128 Χριστὸν
567 2057 753 2122 πίστις
802 2056 1002 2122 ἄσυλος
1054 2058 1209 2113 ἔσται
1246 2059 1341 2112 καὶ
1393 2059 1864 2130 ἀναφαίρετος.οί

274 2150 334 2203 δέ
365 2148 534 2217 ἀγιοι,
577 2149 644 2203 τά
689 2148 780 2202 τοῦ
815 2149 1091 2221 μάρτυρος
1122 2151 1406 2221 σπλάγχνα
1459 2151 1774 2224 ῥηγνύμενά
1806 2169 1866 2205 τε

275 2238 376 2291 καὶ
406 2239 485 2302 εἰς
511 2240 613 2308 γῆν
639 2237 784 2293 οὕτω
812 2239 1247 2310 διασπειρόμενα
1297 2240 1654 2312 θεασάμενοι,
1679 2243 1870 2312 φιλάν-

274 2328 501 2400 θρωπόν
546 2345 599 2381 τι
650 2327 746 2382 καὶ
802 2327 925 2383 λίαν
977 2329 1285 2401 περιπαθὲς
1333 2331 1714 2403 δακρύσαντες
1772 2335 1867 2386 τὸν

273 2419 536 2492 Χριστὸν,
571 2419 713 2489 ὑπὲρ
741 2415 801 2475 οὖ
821 2420 994 2476 ταῦτα
1013 2421 1245 2493 ἔπασχε,
1279 2421 1473 2494 βοηθὸν
1491 2424 1740 2478 ἐκάλουν.
1772 2422 1866 2490 Οἷς

275 2511 553 2567 ἐπιϐαλὼν
578 2511 677 2576 τὰς
713 2511 868 2581 ὄψεις
905 2514 932 2565 ό
960 2511 1246 2583 δικαστὴς,
1293 2513 1392 2566 καὶ
1441 2513 1502 2567 τὺ
1531 2514 1634 2586 τῆς
1679 2516 1871 2585 φιλαν-

277 2604 533 2677 θρωπίας
561 2604 593 2677 ἢ
625 2604 983 2675 φιλαδελφίας
1022 2604 1224 2676 μᾶλλον
1274 2607 1399 2661 ίδὼν
1455 2605 1748 2676 σύμΰολον.
1801 2607 1869 2661 τὰ

278 2700 341 2752 ἐν
368 2697 667 2767 ὀφθαλμοῖς
698 2697 935 2770 δάκρυα,
958 2701 1051 2752 καὶ
1081 2693 1169 2752 οἷά
1198 2716 1343 2763 τινος
1365 2698 1624 2768 πλησθεὶς
1646 2699 1866 2770 ἡδονῆς,

281 2788 557 2861 ’Ἦττησθε
583 2792 821 2855 πάντως,
848 2787 970 2845 εἷπε
992 2790 1133 2862 μετα
1151 2791 1303 2863 βοῆς,
1331 2792 1592 2864 ἥττησθε.
1620 2794 1729 2846 Καὶ
1748 2792 1871 2846 τού-

277 2897 379 2937 του
400 2883 598 2954 δεῖγμα
619 2885 651 2954 ἡ
675 2882 845 2951 πολλὴ
869 2881 1009 2952 αὕτη
1037 2887 1310 2954 κατήφεια
1336 2885 1428 2937 καὶ
1452 2884 1522 2938 τὰ
1546 2885 1777 2956 δάκρυα.
1805 2886 1870 2939 Et

282 2979 396 3050 γὰρ
422 2977 675 3048 ἠδύνατο,
697 2981 884 3049 φησὶν,
916 2980 944 3032 ὁ
973 2979 1244 3049 ὑμέτερος
1273 2978 1408 3043 Θεὸς
1432 2978 1530 3051 τὴν
1567 2979 1874 3049 μυθευομέ-

286 3088 390 3141 νην
420 3070 627 3144 ταύτην
662 3072 795 3141 ὑμῖν
839 3071 1108 3127 ἀθάνατον
1152 3072 1301 3144 ζωὴν
1334 3073 1669 3143 παρασχεῖν,
1723 3073 1872 3137 τίνος

1948 608 2094 653 tuam
2131 600 2510 656 crudelitatem
2546 603 2747 657 talibus
2771 603 2967 659 merito
2998 604 3409 660 condemnabit.

2021 693 2130 747 Vll.
2159 692 2309 749 llanc
2333 693 2497 764 iudex
2536 694 2654 762 ipso
2687 695 2832 750 facto
2878 695 3152 751 ulciscens
3204 696 3537 759 orationem,

1949 784 2005 839 in
2059 786 2267 840 viscera
2326 786 2585 856 martyris
2643 786 2829 841 intulit
2887 787 3259 843 novaculam:
3318 785 3534 853 Videat,

1949 877 2158 942 dicens,
2196 878 2562 933 exsecrandus
2610 888 2737 934 ante
2771 880 2980 944 oculos,
3024 888 3282 947 tanquam
3319 894 3541 948 aquam,

1952 986 2049 1025 sua
2082 969 2284 1024 eﬂ‘undi
2323 970 2605 1026 intestina.
2667 968 2773 1026 Sed
2822 987 2893 1024 ne
2940 970 3103 1036 huius
3137 970 3358 1041 quidem
3416 979 3535 1024 tor-

1954 1062 2123 1117 menti
2157 1062 2427 1116 acerbitas
2471 1061 2671 1124 ell‘ecit,
2719 1071 2779 1117 ut
2827 1061 3028 1116 Christi
3077 1071 3282 1132 martyr
3320 1060 3528 1129 aliquid

1955 1155 2258 1209 remitteret
2292 1153 2361 1209 de
2396 1168 2492 1208 sua
2530 1154 2584 1208 in
2618 1154 2878 1224 patiendo
2900 1169 2997 1224 pro
3044 1153 3260 1210 Christo
3285 1166 3543 1208 consan-

1958 1243 2054 1309 tia,
2101 1259 2205 1299 nec
2263 1253 2322 1299 ut
2368 1244 2531 1299 molle
2580 1256 2672 1299 aut
2721 1243 2977 1315 ignavum
3035 1243 3250 1313 aliquod
3315 1244 3538 1297 verbum

1956 1335 2292 1405 loqueretur,
2324 1336 2408 1391 vel
2437 1335 2655 1406 aliquod
2683 1351 2907 1405 parvum
2954 1344 3049 1391 aut
3076 1351 3330 1406 magnum
3361 1343 3542 1389 osten-

1960 1428 2133 1493 deret,
2180 1443 2289 1499 quo
2341 1428 2677 1500 signiﬁcaret
2721 1443 2781 1483 se
2828 1427 3069 1483 cedere:
3121 1428 3230 1482 imo
3283 1427 3542 1495 majorem

1960 1536 2203 1575 amorem
2261 1521 2312 1575 ei
2374 1521 2428 1575 in
2480 1520 2764 1577 Christum
2821 1519 3104 1580 accendit,
3178 1528 3233 1573 et
3280 1517 3547 1572 adversus

1962 1628 2158 1684 graves
2185 1613 2465 1667 cruciatus
2493 1611 2625 1667 fecit
2653 1627 2778 1668 eum
2808 1610 2971 1666 ferire
2993 1610 3232 1679 judicent
3269 1607 3551 1676 responsis

1962 1705 2324 1777 gravioribus.
2374 1704 2532 1768 Nam,
2586 1701 2665 1756 Τιι
2696 1702 2937 1773 quidem,
2993 1700 3190 1770 inquit,
3249 1715 3282 1754 ο
3321 1697 3554 1767 maligne

1964 1797 2230 1851 malorum
2275 1794 2584 1850 dmtnonum
2635 1790 2982 1857 administer,
3040 1798 3094 1844 et
3138 1788 3312 1843 hostis
3370 1787 3555 1841 homi-

1965 1904 2122 1949 num,
2152 1894 2207 1942 et
2239 1886 2333 1956 qui
2378 1885 2536 1941 bonis
2580 1884 2756 1941 valide
2795 1882 3124 1946 adversaris,
3172 1895 3294 1935 mea
3323 1881 3555 1934 fortasse

1968 1980 2227 2036 intestina
2284 1979 2520 2033 educere
2569 1976 2792 2046 poteris,
2848 1975 2954 2030 mei
3001 1984 3182 2029 autem
3255 1971 3437 2026 cordis
3497 1972 3553 2025 in

1966 2071 2244 2125 Christum
2304 2068 2437 2122 ﬁdes
2498 2067 2634 2121 mihi
2693 2066 2829 2136 eripi
2898 2080 3009 2120 non
3085 2064 3308 2135 poterit.
3367 2063 3556 2118 Sancti

1966 2170 2148 2216 autem
2181 2174 2305 2215 cum
2349 2159 2617 2214 vidissent
2656 2156 2916 2212 intestina
2963 2155 3218 2226 martyris
3264 2154 3556 2223 disrumpi,

1970 2262 2027 2310 et
2067 2269 2167 2325 per
2217 2262 2418 2307 terram
2470 2249 2750 2321 dispergi,
2811 2257 3002 2304 tenere
3065 2257 3120 2303 et
3171 2247 3561 2302 miserabiliter

1969 2346 2184 2410 ﬂentes,
2216 2343 2421 2400 Christi
2451 2342 2781 2397 invocabant
2828 2339 3116 2406 auxilium,
3151 2354 3254 2409 pro
3288 2354 3398 2408 quo
3440 2340 3559 2394 haec

1969 2437 2299 2508 patiebatur.
2331 2434 2389 2488 In
2420 2447 2558 2503 quos
2603 2447 2729 2488 cum
2778 2417 2945 2499 jude'x
2988 2429 3316 2500 coniecisset
3346 2428 3559 2487 oculos.

1969 2539 2025 2585 et
2077 2524 2456 2592 humanitatis,
2547 2530 2642 2579 aut
2691 2520 2875 2593 potius
2936 2522 3142 2575 amoris
3217 2520 3274 2575 in
3335 2519 3558 2575 fratrem

1972 2621 2187 2690 signum
2241 2616 2468 2671 vidisset
2523 2615 2822 2684 lacrymas,
2874 2625 2997 2680 qua:
3049 2620 3209 2667 erant
3261 2612 3317 2666 in
3361 2610 3562 2672 oculis,

1971 2710 2142 2768 veluti
2201 2708 2437 2780 quadam
2500 2704 2742 2775 repletus
2814 2702 3049 2759 laetitia:
3106 2700 3362 2771 Superati
3427 2701 3563 2755 estis

1971 2802 2194 2858 omnino
2221 2838 2237 2863 ,
2280 2797 2520 2868 superati
2559 2797 2731 2861 estis,
2785 2795 2964 2864 inquit
3002 2792 3336 2849 vociferans.
3387 2789 3565 2859 llujus

1971 2905 2161 2951 autem
2181 2891 2444 2948 indicium
2470 2898 2552 2945 est
2581 2891 2700 2944 haec
2731 2903 2925 2959 magna
2953 2886 3172 2942 tristitia
3200 2894 3255 2940 et
3283 2884 3562 2954 lacrymze.

1973 2989 2032 3046 Si
2072 2987 2219 3043 enim
2268 2992 2473 3054 posset.
2530 2983 2732 3051 inquit,
2785 2989 2966 3035 vester
2996 2977 3139 3035 Deus
3182 2979 3348 3041 hanc,
3397 2990 3564 3045 quam

1973 3094 2074 3137 vos
2127 3075 2363 3148 ﬁngitis,
2423 3073 2794 3128 immortalem
2854 3070 3023 3124 vitam
3088 3067 3247 3122 vobis
3297 3065 3563 3135 praebere,

284 3166 448 3237 χάριν
480 3164 621 3217 οὕτω
657 3165 750 3218 τδν
800 3165 987 3229 κακῶς
1038 3164 1413 3235 ἀπολούμενον
1465 3165 1683 3236 ἑταῖρον
1711 3165 1870 3236 ὑμῶν

1978 3187 2208 3246 quanam
2240 3173 2305 3225 de
2335 3182 2498 3224 causa
2528 3164 2785 3238 lugeretis
2804 3162 3063 3225 amicum,
3093 3159 3186 3229 qui
3222 3158 3378 3213 vobis
3423 3154 3569 3211 male

284 3255 568 3311 ἐπενθεῖῒε
592 3274 607 3324 ;
632 3259 695 3311 υἱ
721 3257 780 3312 δὲ
804 3257 941 3327 πρὸς
975 3257 1138 3311 αὐτόν
1172 3275 1186 3290 ο
1206 3257 1272 3311 ’11
1299 3256 1408 3311 τῶν
1459 3258 1712 3328 δακρύων
1733 3257 1874 3331 αὕτη

1979 3263 2164 3339 perit?
2189 3263 2269 3319 llli
2298 3271 2480 3316 autem
2515 3260 2565 3315 ei
2601 3259 2899 3314 dixerunt:
2940 3253 3067 3308 llaec
3094 3260 3248 3324 gutta
3294 3250 3567 3321 lacryma-

287 3347 506 3418 σταγὼν
524 3349 623 3421 τὴν
652 3349 889 3420 φυσικὴν
923 3348 1118 3420 μηνύει
1162 3348 1534 3420 συμπάθειαν.
1573 3349 1735 3405 Ἐπεὶ
1777 3351 1876 3406 οὑκ

1984 3375 2106 3415 rum
2141 3355 2448 3413 naturalem
2502 3350 2773 3423 signiﬁcat
2821 3344 3378 3404 commiserationem.
3429 3339 3565 3393 Nam
3610 3410 3618 3416 _

286 3444 355 3500 ἀν
396 3459 525 3496 ποτε
548 3444 707 3515 ἡμεῖς
724 3441 920 3513 γνώμῃ
939 3442 1031 3495 τὸν
1050 3441 1281 3511 ἀδελφὸν
1302 3442 1632 3514 κλαύσωμεν
1650 3443 1878 3513 τοιούτῳ

287 3536 633 3591 τελευτῶντα
655 3535 893 3606 θανάτῳ*
928 3535 1130 3605 μᾶλλον
1160 3537 1272 3604 γὰρ
1295 3535 1386 3588 καὶ
1413 3535 1685 3607 μακάριον
1715 3537 1880 3589 αὑτὸν

288 3628 386 3684 ιιυῦ
420 3629 607 3691 τέλους
640 3627 925 3698 ἡγούμεθα
979 3626 1078 3679 καὶ
1137 3623 1432 3695 ζηλοῦμεν,
1494 3626 1672 3694 ὅτιτῇ
1715 3641 1882 3695 πρνισ-

292 3721 474 3792 καίρῳ
526 3723 701 3791 ταύτῃ
758 3718 979 3787 βασάνῳ
1036 3717 1137 3782 τὴν
1171 3717 1251 3780 εἰς
1285 3716 1373 3769 ἀεὶ
1424 3714 1697 3785 μένουσαν
1729 3714 1882 3783 βασι-

291 3812 447 3867 λείαν
485 3808 1003 3883 ἐπραγματεύσατο.
1036 3810 1113 3861 Οὐ
1141 3808 1330 3862 τοῦτον
1359 3805 1477 3873 οὖν,
1523 3807 1715 3878 ὥσπερ
1739 3809 1878 3879 ἔφη-

296 3924 427 3975 μεν,
457 3906 596 3962 ἀλλὰ
636 3906 698 3960 σὲ
737 3903 942 3975 μᾶλλον
985 3900 1295 3973 θρηνοῦμεν
1327 3899 1430 3971 τῆς
1460 3900 1758 3964 ἀπωλείας,
1786 3900 1880 3953 καὶ

292 3995 372 4055 ὧν
408 3999 623 4070 μέλλεις
667 3999 1031 4067 κληρονομεῖν
1059 3991 1316 4066 χαλεπῶν
1352 3992 1702 4046 ἀντιδόσεων.
1748 3993 1883 4062 Χρι-

295 4092 429 4151 στοῦ
458 4093 568 4165 γὰρ
596 4092 759 4162 νόμος
786 4093 881 4146 καὶ
903 4089 1044 4160 ὑπὲρ
1068 4086 1224 4157 ὑμῶν
1242 4084 1506 4155 δακρύειν
1529 4082 1638 4136 τῶν
1667 4083 1879 4154 ἐχθρῶν

295 4188 377 4260 τῷ
401 4187 500 4257 τῆς
541 4187 763 4256 ἀγάπης
814 4183 962 4254 μόνῳ
1001 4184 1098 4237 καὶ
1130 4183 1230 4252 τῆς
1272 4179 1665 4254 χρηστότητος.

371 4281 454 4335 H’.
509 4279 596 4332 Ἐν
630 4279 741 4347 ὃσῳ
776 4278 833 4330 δὲ
861 4276 1035 4330 ταῦτα
1075 4275 1318 4343 ἐλέγετο,
1370 4273 1497 4336 τοὺς
1545 4271 1644 4342 μὲν
1692 4266 1882 4336 ἁγίους

297 4373 399 4429 καὶ
415 4366 574 4434 αὖθις
603 4370 663 4423 τὸ
689 4369 1068 4437 δεσμωτήριον
1097 4366 1414 4437 ὑπεδέχετο,
1437 4364 1541 4426 ἕως
1572 4365 1600 4416 ὁ
1622 4360 1883 4430 δικαστὴς

302 4464 570 4527 σκέψαιτο
640 4462 825 4523 ποίαις
869 4458 979 4512 τῶν
1014 4457 1290 4511 κολάσεων
1330 4457 1530 4518 αὐτοὺς
1559 4455 1880 4526 παραδόσει.

1980 3465 2086 3507 nos
2132 3458 2319 3505 nostra
2369 3443 2644 3501 sententia
2692 3453 2975 3509 nunquam
3019 3434 3406 3490 deﬂeverimus
3458 3430 3570 3485 fra-

1984 3553 2142 3609 trem,
2201 3540 2295 3610 qui
2335 3537 2429 3594 tali
2478 3543 2656 3591 morte
2707 3531 2925 3589 decedit
2962 3548 2976 3583 :
3014 3531 3127 3583 imo
3166 3541 3298 3582 vero
3345 3531 3570 3594 propter

1983 3633 2148 3689 talem
2195 3630 2482 3686 decessum
2515 3640 2643 3680 eum
2685 3623 2906 3678 beatum
2947 3618 3221 3683 ducimus,
3255 3623 3313 3670 et
3350 3614 3567 3669 felicem

1980 3737 2262 3783 vocamus,
2290 3719 2437 3791 quod
2467 3718 2592 3784 hoc,
2632 3714 2779 3784 quod
2799 3721 2885 3769 est
2921 3711 2988 3766 ad
3017 3722 3234 3779 tempus
3269 3713 3567 3763 tormento,

1982 3814 2139 3878 illud,
2164 3811 2309 3882 quod
2336 3824 2553 3879 semper
2586 3813 2794 3871 manet,
2828 3818 3057 3873 regnum
3088 3797 3421 3855 conciliavit.
3448 3792 3566 3847 Non

1985 3906 2131 3960 hunc
2168 3916 2319 3972 ergo,
2360 3908 2421 3953 ut
2450 3897 2711 3960 diximus,
2736 3893 2833 3950 sed
2883 3903 3036 3947 tuum
3079 3889 3261 3958 potius
3307 3882 3574 3940 deﬂemus

1983 3995 2286 4054 interitum,
2317 4001 2372 4045 et
2402 3986 2586 4059 gravia
2616 3985 2781 4050 mala,
2811 3998 2933 4053 qua:
2977 3981 3071 4036 tibi
3117 3987 3247 4033 sunt
3273 3985 3570 4031 eventura.

1982 4087 2184 4144 Christi
2216 4082 2363 4138 enim
2391 4081 2476 4136 lex
2510 4077 2787 4148 nosjubet
2838 4075 2968 4129 ﬂere
3012 4073 3178 4127 etiam
3223 4084 3323 4141 pro
3370 4067 3576 4123 nostris

1982 4176 2244 4241 inimicis,
2274 4170 2708 4240 charitatis'lege
2737 4177 2793 4223 et
2820 4164 3193 4236 benignitatis.

2057 4266 2194 4322 Vill.
2230 4265 2453 4321 Interim
2482 4271 2666 4318 autem
2715 4261 2845 4315 dum
2905 4261 3019 4312 haac
3065 4256 3408 4319 dicebantur,
3450 4267 3579 4306 san-

1985 4372 2105 4419 etos
2126 4362 2348 4432 quidem
2377 4373 2568 4413 rursus
2600 4353 2821 4424 excepit
2861 4367 3072 4413 carcer,
3106 4350 3287 4405 donec
3326 4345 3580 4403 conside-

1986 4465 2134 4511 raret
2189 4453 2379 4523 iudex,
2434 4450 2766 4520 quibusnam
2823 4459 2924 4501 eos
2981 4442 3221 4497 traderet
3271 4437 3575 4508 suppliciis.

310 4559 374 4611 Ὃ
407 4557 464 4611 δέ
497 4557 768 4625 μακάριος
800 4550 1014 4621 Οῠαρος
1044 4549 1140 4603 ἐπὶ
1180 4549 1274 4604 τοῦ
1307 4547 1467 4615 ξύλῡυ
1502 4544 1638 4618 ἦρτο
1680 4548 1775 4601 καὶ
1805 4546 1876 4598 ἔτι

1992 4549 2189 4602 Beatus
2222 4554 2405 4600 autem
2439 4540 2614 4594 Varus
2663 4535 2918 4592 sublimis
2964 4534 3147 4588 adhuc
3199 4531 3471 4602 pendebat
3524 4528 3578 4582 in

305 4648 604 4719 μετέωρος,
636 4644 778 4699 οὕτω
809 4639 1172 4714 προσταχθὲν,
1205 4639 1367 4709 ἄχρις
1396 4637 1508 4708 ἀφή
1545 4654 1629 4691 σοι
1663 4637 1757 4690 καὶ
1790 4635 1887 4707 τὴν

302 4739 509 4810 ψυχήν.
551 4738 640 4801 Ὠς
690 4730 752 4791 οὗ
789 4736 914 4797 τοὺς
953 4733 1142 4802 ἁγίους
1186 4732 1292 4785 ὑπὸ
1329 4732 1547 4801 δεσμοῖς
1582 4731 1675 4783 καὶ
1725 4745 1891 4798 φρου-

309 4836 433 4906 ραῖς
470 4832 605 4901 πρὸς
642 4829 743 4901 τὴν
764 4829 988 4899 εἱρκτὴν
1017 4823 1321 4895 ἀγομένους
1349 4822 1631 4884 ἐθεάσατο,
1676 4820 1886 4890 μεγάλῃ

304 4929 374 5000 τῇ
411 4928 590 4997 φωνῇ,
610 4923 896 4994 Θαρσεῖτε,
913 4917 1055 4984 εἷπε,
1092 4918 1328 4987 πατέρες
1362 4915 1512 4986 ἐμοὶ,
1542 4915 1888 4987 θαρσεῖτε....

306 5019 461 5075 οὐδὲν
500 5016 613 5086 ἐγὼ
645 5015 935 5085 λογίζομαι
969 5012 1066 5076 τὰς
1095 5012 1441 5079 ἐπαγομένας
1477 5025 1567 5077 μοι
1596 5004 1891 5077 τιμωρίας,

307 5110 451 5165 ἀλλά
482 5126 549 5181 με
579 5107 658 5178 τῷ
698 5107 815 5178 ἐμῷ
871 5103 1094 5176 Χριστῷ
1138 5101 1451 5173 παράθεσθε
1502 5102 1598 5154 καὶ
1651 5098 1892 5167 Σωτῆρι,

307 5205 408 5259 καὶ
441 5201 722 5264 πεποιθὼς
766 5198 1108 5270 πορεύσομαι
1155 5195 1292 5266 πρὸς
1329 5194 1495 5249 αὐτὸν
1540 5193 1661 5255 ταῖς
1696 5189 1896 5261 ὑμετὲ-

222 5335 236 5341 -
310 5314 440 5371 ραις
471 5296 661 5366 εὐχαῖς
692 5292 1125 5366 φρουρούμενος,
1158 5289 1251 5344 ἐπὶ
1284 5287 1446 5341 πέντε
1480 5285 1611 5355 γοῦν
1637 5284 1807 5355 ὥραις
1828 5285 1892 5355 τῇ

312 5392 536 5462 βασάνῳ
583 5387 1023 5457 ἐγκαρτερήσας,
1080 5385 1139 5436 ἐν
1170 5382 1394 5451 -είρήνῃ
1447 5379 1508 5432 τὸ
1553 5376 1775 5446 πνεῦμα
1819 5375 1896 5444 τῷ

309 5483 573 5539 δεδωκότι
614 5481 735 5552 Θεῷ
781 5477 1071 5550 παρέθετο.
1108 5476 1232 5529 Ἔτι
1262 5475 1319 5528 δὲ
1354 5473 1454 5543 ζῇν
1502 5470 1670 5525 αὐτὸν
1708 5469 1758 5522 οἱ
1804 5469 1899 5520 ἐπὶ

309 5578 424 5631 τῶν
478 5576 730 5648 βασάνων
788 5574 1046 5643 οἰόμενοι,
1099 5569 1221 5623 ούδέ
1273 5568 1336 5621 τὸ
1383 5564 1570 5619 λοιπὸν
1616 5562 1898 5631 μεθίεσαν,

313 5667 454 5723 ἀλλά
514 5666 772 5738 κοράκων
829 5665 1033 5734 τρόπον
1084 5660 1179 5716 καὶ
1234 5658 1373 5730 μετά
1409 5658 1640 5713 θάνατον
1684 5654 1899 5726 ἣκιζον,

318 5762 451 5815 ἐπεὶ
482 5761 541 5816 δέ
587 5762 682 5815 καὶ
725 5760 911 5820 αὐτοῖς
942 5756 1039 5810 καὶ
1068 5753 1145 5824 τῷ
1182 5752 1430 5823 τυράννῳ
1473 5746 1774 5817 διεγνὼσθη
1818 5747 1901 5800 ὅτι

319 5852 534 5926 Οὔαρος
581 5851 831 5922 τέθνηκε,
879 5850 968 5903 τὶν
1032 5844 1222 5916 νεκρὶν
1245 5839 1669 5913 καταγαγέντες,
1694 5837 1783 5893 καὶ
1816 5838 1902 5892 διὰ

1996 4639 2143 4709 ligno
2177 4653 2191 4691 :
2225 4634 2306 4689 sic
2329 4630 2477 4688 enim
2516 4629 2732 4697 jussum
2786 4626 2965 4679 fuerat
3011 4630 3072 4676 ut
3104 4628 3370 4684 maneret,
3404 4619 3582 4673 donec

1996 4731 2271 4786 emitteret
2315 4724 2573 4779 animam.
2620 4717 2916 4785 Postquam
2950 4722 3145 4768 autem
3192 4710 3330 4767 vidit
3361 4718 3583 4765 sanctos

1997 4823 2238 4884 vinctos,
2290 4823 2346 4871 et
2389 4827 2514 4869 cum
2577 4808 2902 4866 custodibus
2956 4805 3084 4862 duci
3141 4804 3196 4858 in
3259 4816 3580 4866 carcerem,

1999 4928 2195 4983 magna
2243 4924 2422 4966 voce:
2482 4907 2635 4962 Bono
2684 4904 2893 4969 animo,
2947 4900 3151 4971 inquit,
3210 4910 3397 4970 patres
3450 4896 3582 4961 mei,

1998 5008 2143 5063 bono
2169 5004 2353 5059 animo
2385 5009 2560 5057 estote
2587 5015 2603 5052 :
2633 5010 2734 5069 ego
2760 4994 2909 5050 enim
2937 4991 3243 5048 nihilil‘acio
3288 5004 3410 5061 qua:
3443 4987 3578 5044 mihi

2002 5098 2309 5155 inferuntur
2366 5091 2654 5164 supplicia,
2702 5089 2798 5147 sed
2851 5103 2941 5143 me
2990 5101 3113 5142 meo
3166 5084 3388 5140 Christo
3431 5099 3585 5138 com-

2002 5191 2279 5258 mendate,
2331 5199 2388 5244 et
2437 5185 2728 5248 Salvatori,
2781 5190 2839 5237 et
2891 5178 3231 5236 conﬁdenter
3281 5176 3349 5231 ad
3399 5176 3580 5246 ipsum

2002 5287 2196 5341 vadam
2253 5292 2562 5338 vestrarum
2621 5276 2932 5331 orationum
2998 5270 3244 5326 munitus
3302 5266 3580 5338 praesidio.

2002 5381 2141 5436 Cum
2171 5390 2301 5442 ergo
2348 5374 2592 5444 quinque
2646 5369 2800 5425 horis
2828 5382 2888 5422 se
2945 5363 3162 5420 fortiter
3213 5361 3476 5433 gessisset
3529 5359 3580 5409 in

2008 5471 2112 5526 hoc
2161 5474 2459 5526 tormento.
2508 5464 2562 5517 in
2611 5475 2745 5532 pace
2790 5458 3042 5529 spiritum
3106 5453 3217 5508 Deo
3266 5446 3579 5505 committit.

2009 5563 2140 5617 Eum
2172 5570 2357 5617 autem
2404 5557 2584 5613 adhuc
2635 5553 2824 5608 vivere
2875 5556 3130 5620 putantes
3170 5544 3265 5615 qui
3313 5547 3585 5612 praeerant

2009 5652 2320 5718 tormentis,
2360 5663 2431 5705 ne
2489 5647 2558 5703 de
2612 5653 2810 5700 caetero
2855 5638 3077 5710 quidem
3136 5638 3442 5693 cessarunt,
3488 5628 3583 5683 sed

2011 5748 2184 5802 instar
2215 5755 2505 5801 corvorum
2551 5734 2879 5805 torquebant
2927 5728 3091 5785 etiam
3154 5733 3279 5798 post
3324 5728 3583 5777 mortem.

2009 5844 2300 5902 Postquam
2328 5850 2455 5894 vero
2484 5833 2551 5889 ab
2578 5829 2714 5889 ipsis
2734 5824 3008 5892 cognitum
3037 5819 3159 5884 fuit,
3197 5825 3250 5874 et
3272 5829 3300 5870 a
3335 5823 3586 5876 tyranno.
