4110 6434
617 423 754 490 1151

1919 409 2205 474 MENSIS
2246 409 2614 472 OCTOBER.

3747 406 3873 473 1152

616 557 890 602 mortuum
917 560 1037 599 esse
1074 543 1294 608 Varum,
1327 555 1526 610 corpus
1555 537 1947 606 deposuerunt,
1981 539 2037 585 et
2075 544 2198 583 cum

2315 531 2476 599 μέσου
2524 532 2618 585 τοῦ
2679 531 2871 593 ἄστεος
2911 529 3316 597 ἐφελκύσαντες
3361 570 3374 594 ,
3425 529 3581 582 κυσὶν
3627 530 3676 581 οἱ
3722 529 3877 592 κύνες

617 653 715 708 per
769 637 1002 691 mediam
1054 635 1346 688 traxissent
1392 631 1690 690 civitatem,
1749 625 1978 680 canibus
2030 635 2195 676 canes

616 728 957 784 exedendum
1018 725 1378 781 tradiderunt.
1439 725 1613 790 Atque
1641 716 1814 771 Varus
1859 715 2078 785 quidem
2113 723 2197 766 ta-

619 823 723 874 lem
799 828 856 875 et
906 828 1012 872 tam
1071 817 1294 870 felicem
1364 811 1575 867 invenit
1635 809 1864 864 exitum.
1926 803 2198 858 Postridie

616 921 798 965 autem
844 925 966 964 cum
1001 907 1273 963 sistendos
1311 913 1573 975 martyres
1608 908 1855 957 curasset
1903 897 2196 968 parricida,

618 1018 796 1072 neque
845 1011 1028 1071 posset
1070 999 1396 1070 persuadere
1457 995 1696 1067 tvolebat
1746 992 1914 1054 enim,
1962 999 2014 1044 et
2049 987 2196 1043 omni

618 1111 721 1164 ope
753 1093 1121 1148 contendebat
1148 1089 1388 1158 conspici
1421 1089 1594 1142 victor
1617 1086 1668 1139 in
1700 1081 2079 1154 persuadendo
2113 1081 2198 1138 iis.

618 1184 711 1253 qui
753 1191 909 1236 erant
939 1191 1046 1235 lam
1078 1179 1436 1244 constantes),
1470 1185 1594 1244 post
1623 1174 1789 1228 multa
1823 1181 1875 1226 ct
1900 1171 2046 1224 varia
2070 1183 2199 1238 snp-

619 1276 779 1346 plicia
820 1289 914 1328 eos
945 1273 1296 1334 condemnat,
1342 1279 1401 1323 ut
1444 1267 1623 1339 gladio
1669 1275 1899 1318 mortem
1946 1262 2199 1316 subeant.

621 1363 945 1435 Martyribus
973 1372 1155 1416 autem
1188 1361 1311 1414 laeto
1353 1367 1408 1413 et
1437 1357 1601 1411 alacri
1638 1355 1820 1409 animo
1855 1367 2205 1408 consumma-

620 1458 712 1522 tis,
765 1473 890 1511 cum
942 1468 1125 1509 sacras
1179 1467 1370 1507 eorum
1421 1449 1682 1518 reliquias
1751 1455 1916 1500 noctu
1982 1445 2202 1514 quidam

621 1549 918 1603 Christiani
969 1545 1342 1610 sustulissent,
1387 1543 1440 1596 in
1482 1541 1679 1612 insigni
1726 1539 1844 1594 loco
1879 1545 2068 1592 sancte
2117 1535 2210 1600 de_

624 1649 946 1710 posuerunt.

697 1729 787 1784 IX.
826 1728 1083 1794 Quadam
1113 1736 1294 1780 autem
1331 1723 1527 1778 mulier
1565 1738 1630 1776 ex
1691 1721 1758 1776 iis
1810 1737 1930 1791 quae
1976 1721 2029 1776 in
2091 1721 2207 1776 solo

626 1817 736 1874 Deo
775 1834 925 1886 spem
965 1824 1278 1887 posuerant,
1331 1823 1448 1869 orta
1501 1814 1556 1866 in
1616 1811 1926 1873 Palmstina,
1980 1812 2205 1866 nomine

622 1912 931 1979 Cleopatra,
955 1925 1076 1979 quae
1114 1924 1283 1978 prope
1318 1907 1527 1967 aderat.
1549 1922 1673 1961 cum
1729 1907 2034 1960 decertaret
2067 1921 2209 1958 mar-

625 2015 708 2075 tyr
742 2004 932 2066 Varus,
976 2011 1032 2056 et
1093 2001 1308 2055 videbat
1350 1998 1545 2053 acerba
1603 1997 1692 2051 illa
1743 2005 2038 2059 tormenta,
2088 2013 2211 2066 quae

626 2093 852 2148 suberat
905 2100 1128 2160 propter
1185 2089 1486 2150 Christum,
1549 2095 1606 2141 et
1659 2087 1713 2139 in
1779 2086 1945 2140 corde
1990 2101 2208 2156 gravem

628 2185 840 2254 plagam
883 2181 1210 2251 accipiebat,
1251 2189 1305 2234 et
1338 2195 1528 2249 magna
1560 2177 1895 2232 adiciebatur
1938 2177 2208 2242 molestia,

629 2278 909 2344 Deumque
952 2273 1290 2337 obsecrabat,
1321 2271 1530 2339 jejunio
1576 2286 1778 2325 vacans
1839 2280 1894 2324 et
1951 2269 2211 2334 orationi,

630 2377 691 2421 ut
725 2382 877 2421 suam
906 2367 1152 2419 visitaret
1179 2363 1554 2417 hmreditatem
1584 2361 1650 2414 ad
1685 2360 1951 2415 malorum
1986 2376 2212 2415 revoca-

631 2459 873 2513 tioncm:
907 2457 1052 2526 Ipsa,
1084 2455 1326 2524 inquam,
1356 2468 1481 2506 cum
1529 2468 1686 2508 suum
1732 2452 1925 2517 lilium,
1965 2453 2055 2520 qui
2097 2452 2212 2521 pri-

633 2559 776 2597 mam
811 2543 1002 2612 agebat
1027 2551 1262 2604 aetatem,
1297 2551 1461 2595 noctu
1492 2556 1615 2594 cum
1651 2539 1772 2594 aliis
1801 2541 2212 2609 assumpsisset,

634 2648 691 2693 et
720 2639 959 2691 venisset
1019 2636 1071 2689 in
1108 2636 1284 2689 locum
1325 2634 1376 2686 in
1421 2648 1529 2702 quo
1564 2632 1777 2699 jacebat
1827 2646 2025 2701 corpus
2068 2646 2215 2684 mar-

635 2727 786 2798 tyris.
821 2726 872 2779 id
906 2725 1065 2787 tollit,
1119 2739 1181 2778 ac
1239 2722 1496 2793 pretiosis
1550 2722 1706 2774 unxit
1755 2721 2110 2786 aromatibus,
2161 2728 2218 2772 et

634 2817 935 2885 splendidis
963 2815 1141 2869 induit
1188 2813 1450 2868 vestibus.
1503 2812 1572 2866 Et
1614 2810 1872 2880 quoniam
1919 2811 2217 2866 vehemens

633 2920 752 2961 erat
809 2905 1005 2960 ﬂuctus
1063 2903 1354 2973 impietatis
1417 2903 1681 2956 adversus
1741 2901 2120 2964 Christianos,
2162 2911 2216 2956 et

633 2998 814 3067 gravia
855 3005 986 3050 tunc
1035 2993 1203 3062 capiti
1247 2993 1633 3056 imminebant,
1677 2993 1876 3046 timens
1921 2992 1976 3046 in
2028 3002 2217 3062 aperto

634 3088 927 3142 ostendere
961 3088 1242 3156 pietatem,
1279 3101 1404 3139 cum
1439 3087 1540 3138 sub
1569 3100 1728 3139 suum
1761 3085 1963 3139 lectum
2004 3086 2216 3140 tulisset

2301 624 2470 695 βορὰν
2505 623 2834 695 παρέδοσαν.
2879 622 2938 674 Ὀ
2977 623 3076 692 μὲν
3105 618 3197 676 οὖν
3224 622 3438 692 Οὔαρος
3461 619 3704 674 τοιιοῦτον
3759 615 3878 689 εὗρε

2299 718 2362 770 τὸ
2408 717 2582 782 τέλος,
2631 715 2724 769 καὶ
2761 714 2904 769 οὕτω
2957 714 3155 784 κομιδῆ
3215 714 3507 784 μακάριον,
3547 716 3618 783 τῇ
3669 713 3727 766 δὲ
3764 713 3883 782 ἑξῆς

2302 811 2428 869 τοὺς
2471 808 2760 877 μάρτυρας
2792 809 2820 860 ὁ
2854 808 3140 876 μιαιφόνος
3195 805 3694 875 παραστησόμενος
3721 844 3736 866 ,
3769 805 3887 856 ἐπεὶ

2307 901 2384 971 μὴ
2422 901 2631 954 πείθειν
2665 894 2774 962 οἷός
2802 917 2861 952 τε
2895 895 2964 970 ἦν
2984 913 3000 930 ’
3037 897 3292 951 ἐϐούλετο
3315 897 3426 968 γὰρ
3455 895 3550 949 καὶ
3582 898 3695 949 πᾶν
3723 896 3887 946 ἐποίει

2305 993 2532 1062 νικητὴς
2565 991 2898 1062 ὀφθῆναι,τῷ
2930 990 3259 1060 μεταπεῖσαι
3283 990 3410 1052 τοὺς
3442 988 3586 1041 οὕτω
3619 987 3889 1055 βεϐαίους,

2309 1087 2450 1156 μετὰ
2505 1085 2706 1148 πολλὰς
2763 1086 2855 1138 καὶ
2912 1084 3170 1147 ποικίλας
3205 1083 3303 1145 τὰς
3335 1082 3635 1152 τιμωρίας,
3691 1079 3890 1132 τὸνδιὰ

2314 1177 2503 1244 ξίφους
2532 1175 2711 1228 αὑτῶν
2738 1174 2968 1228 θάνατον
2994 1175 3340 1241 κατακρίνει,
3377 1173 3472 1227 καὶ
3499 1172 3566 1241 δὴ
3602 1172 3718 1224 τῶν
3763 1187 3890 1241 μαρ-

2312 1265 2494 1337 τύρων
2551 1265 2640 1334 ὑφ’
2692 1267 2855 1336 ἡδονῇ
2907 1266 3004 1318 καὶ
3036 1262 3327 1334 προθυμίᾳ
3361 1263 3789 1328 τελειωθέντων,
3829 1264 3889 1314 τὰ

2309 1359 2432 1429 ἱερὰ
2479 1357 2686 1411 τούτων
2725 1357 2956 1427 λείψανα
3019 1357 3213 1420 νυκτὸς
3247 1355 3571 1427 Χριστιανοί
3615 1373 3765 1420 τινες
3803 1356 3890 1424 ὑφ-

2310 1449 2580 1520 ελόμενοι,
2609 1448 2776 1511 ὁσίως
2806 1449 2863 1501 ἐν
2898 1449 3158 1519 ἐπισήμῳ
3195 1447 3488 1502 κατέθεντο
3523 1447 3705 1517 τόπῳ.

2382 1722 2459 1776 Θ’.
2514 1720 2654 1792 Γυνὴ
2707 1719 2765 1773 δέ
2812 1735 2896 1783 τις
2940 1719 3050 1773 τῶν
3099 1719 3190 1772 ἐπὶ
3239 1718 3387 1789 μόνῳ
3419 1715 3544 1782 Θεῷ
3575 1717 3676 1787 τὴν
3709 1716 3886 1770 ἐλπίδα

2311 1813 2552 1883 θεμένων
2573 1813 2670 1882 τῆς
2692 1807 3082 1878 Παλαιστηνῶν
3099 1809 3398 1878 ὁρμωμένη
3425 1807 3554 1876 γῆς,
3573 1806 3887 1877 Κλεοπάτρα

2311 1906 2484 1976 ταύτῃ
2528 1904 2588 1957 τὸ
2639 1905 2829 1973 ὄνομα,
2875 1899 3169 1962 ἀθλοῦντος
3213 1899 3307 1953 τοῦ
3341 1900 3628 1971 μάρτυρος
3661 1899 3886 1969 Ούὰρου,

2312 1997 2477 2063 ἐγγύς
2507 2013 2610 2048 που
2652 1994 2930 2066 παροῦσα,
2969 1991 3190 2056 καὶτὰς
3230 1992 3436 2062 πικρὰς
3478 1991 3704 2052 ἐκείνας
3736 1989 3889 2059 βασά-

2313 2103 2462 2151 νους,
2507 2083 2573 2146 ἃς
2615 2085 2822 2152 ὑπέστη
2853 2083 2941 2136 διὰ
2987 2081 3224 2150 Χριστὸν
3258 2081 3565 2152 βλέπουσα,
3603 2081 3810 2151 βαρέως
3835 2097 3885 2132 τε

2312 2177 2413 2248 τὴν
2447 2176 2678 2246 καρδίαν
2710 2175 2997 2238 ἐτύπτετο,
3021 2174 3116 2228 καὶ
3145 2173 3323 2242 δεινῆς
3357 2171 3675 2242 ἐπληροῦτο
3703 2172 3884 2239 λύπης,

2313 2269 2564 2338 ἐλιπάρει
2621 2283 2681 2320 τε
2737 2265 2799 2318 τὸ
2850 2265 3025 2331 Θεῖον,
3077 2264 3299 2335 νηστείᾳ
3353 2263 3766 2334 προστετηκυῖα
3805 2264 3887 2316 καὶ

2312 2362 2616 2432 προσευχῇ.
2669 2359 2762 2412 τὸν
2821 2356 2990 2411 αὑτοῦ
3052 2357 3256 2427 κλῆρον
3301 2356 3392 2410 ἐπ’
3443 2357 3747 2428 ἀνακλήσει
3792 2354 3889 2408 τῶν

2315 2451 2501 2506 κακῶν
2541 2449 2967 2518 ἐπισκέψασθαι.
3007 2447 3154 2516 Αὕτη
3183 2447 3276 2500 τὸν
3303 2449 3504 2500 οἰκεῖον
3535 2447 3723 2514 παῖδα,
3754 2447 3887 2517 πρώ-

2311 2561 2412 2612 την
2457 2541 2658 2610 ἄγοντα
2685 2540 2783 2610 τὴν
2809 2540 3054 2610 ἠλικίαν,
3095 2538 3215 2609 μεθ’
3244 2539 3447 2609 ἐτέρων
3473 2537 3702 2609 νύκτωρ
3729 2555 3888 2606 παρα-

2313 2635 2580 2699 λαϐοῦσα,
2637 2635 2760 2687 ὅποι
2798 2650 2857 2685 τε
2896 2635 2924 2686 ὁ
2959 2631 3156 2702 νεκρὸς
3202 2630 3298 2684 τοῦ
3347 2631 3638 2702 μάρτυρος
3682 2631 3887 2703 εῤῥιπτο

2316 2725 2708 2781 καταλαϐοῦσα
2744 2742 2758 2789 ;
2790 2725 2984 2778 τοῦτον
3031 2725 3366 2794 ἀναιρεῖται,
3417 2723 3688 2793 ἀρῶμασί
3719 2741 3775 2775 τι
3807 2739 3887 2775 που

2315 2818 2560 2871 λυτελέσι
2589 2817 2868 2886 μυρίσασα
2894 2815 2989 2869 καὶ
3014 2815 3296 2886 λαμπραῖς
3317 2813 3507 2885 ἐσθῆσι
3542 2814 3888 2885 περιϐαλοῦσα

2315 2910 2412 2962 καὶ
2466 2910 2698 2976 ἐπείπερ
2729 2909 2755 2960 ὀ
2785 2907 2885 2975 τῆς
2937 2907 3198 2969 ἀσεϐείας
3249 2905 3460 2960 κλύδων
3506 2907 3761 2976 ἐκράτει,
3806 2909 3886 2958 καὶ

2317 3001 2460 3070 ὑπὲρ
2494 2999 2743 3067 κεφαλῆς
2777 2999 2945 3070 ἤρετο
2993 2997 3064 3050 τὰ
3109 2997 3258 3051 δεινὰ
3294 3001 3350 3053 ἐν
3382 3001 3613 3071 φανερῷ
3641 2999 3884 3053 δεδοικυῖα

2318 3092 2658 3161 προαγαγεῖν
2684 3089 2780 3159 τὴν
2811 3088 3095 3142 εὐσέϐειαν
3121 3128 3136 3153 ,
3188 3089 3293 3142 ὑπὸ
3320 3090 3417 3160 τὴν
3457 3091 3629 3159 αὐτῆς
3678 3091 3850 3156 κλίνην
3869 3127 3883 3152 ,

636 3190 896 3249 quantum
926 3188 1084 3232 terrae
1111 3177 1432 3238 snllieicbat.
1470 3191 1595 3230 eum
1625 3178 1853 3246 deponit
1895 3185 2212 3233 reverenter

2322 3183 2430 3251 γῆν
2464 3183 2588 3234 ὅσον
2620 3180 2824 3251 ἀρκοῦν
2864 3175 2931 3250 ἦν
2985 3181 3362 3250 ἑκφορήσασα,
3401 3182 3717 3251 σεϐασμίως
3742 3179 3885 3232 aut»

639 3271 946 3326 accendens
975 3269 1172 3331 lucem,
1210 3278 1265 3323 et
1290 3267 1580 3336 sumtibus,
1617 3277 1671 3322 ut
1716 3269 1915 3337 potuit,
1949 3269 1998 3323 ei
2039 3270 2218 3325 hono-

637 3378 754 3417 rem
809 3362 1074 3415 tribuens.
1135 3359 1474 3414 Procedente
1541 3369 1722 3414 autem
1793 3370 2040 3430 tempore
2094 3378 2217 3417 cum

641 3456 911 3512 idolorum
945 3462 1312 3508 marcesceret
1337 3452 1622 3521 impietas,
1657 3452 1807 3507 venit
1828 3453 1877 3506 ei
1907 3454 1958 3508 in
1985 3465 2218 3510 mentem

640 3548 869 3601 alienam
906 3546 1180 3600 dimittere
1233 3544 1536 3613 regionem,
1587 3553 1643 3598 ct
1673 3544 1850 3599 redire
1881 3545 1934 3598 in
1964 3546 2216 3616 patriam.

639 3639 776 3693 Cum
805 3650 986 3692 autem
1018 3653 1126 3692 non
1160 3647 1346 3707 posset
1387 3653 1586 3707 corpus
1620 3639 1914 3696 transferre
1947 3642 2218 3713 martyris,

639 3730 745 3786 nisi
782 3731 834 3784 id
881 3731 1033 3799 prius
1077 3729 1411 3795 significaret
1452 3730 1700 3799 praesidi,
1754 3733 1918 3788 rebus
1965 3735 2221 3789 omnibus

641 3822 756 3876 suis
787 3823 926 3876 bene
970 3821 1313 3890 compositis,
1370 3835 1468 3889 per
1527 3821 1819 3890 quemdam
1860 3838 1924 3878 ex
1984 3823 2073 3889 iis,
2127 3825 2219 3896 qui

639 3911 866 3982 ascripti
928 3921 1083 3965 erant
1113 3911 1166 3964 in
1215 3925 1500 3964 numerum
1543 3919 1844 3974 oratorum,
1895 3915 2106 3970 accedit
2154 3917 2221 3971 ad

643 4003 748 4057 loci
775 4001 1081 4070 pratsidem,
1105 4007 1161 4052 et
1185 4014 1310 4054 eum
1336 4000 1582 4068 pecuniis
1613 4001 1937 4071 aggrediens
1961 4004 2218 4072 rogabat,

643 4105 704 4148 ut
735 4079 836 4147 sibi
868 4108 1068 4161 corpus
1095 4089 1372 4145 mortuum
1414 4090 1611 4145 elIerre
1654 4093 2000 4148 concederet.
2035 4093 2223 4160 Quod-

644 4199 767 4241 nam
821 4193 1003 4238 autem
1071 4191 1218 4237 esset
1275 4197 1520 4250 corpus,
1590 4191 1646 4235 et
1711 4184 1966 4252 quisnam
2027 4187 2222 4241 modus

643 4275 836 4331 mortis
901 4273 1216 4342 explicans,
1287 4273 1502 4326 dicebat
1568 4287 1728 4326 suum
1796 4274 2076 4340 maritum,
2129 4253 2220 4347 qui

643 4367 850 4437 primas
896 4365 1211 4418 obtinuerat
1261 4372 1444 4429 partes
1501 4363 1556 4415 in
1605 4363 1872 4427 exercitu,
1931 4367 2211 4439 multaque

643 4461 905 4532 praeclara
993 4464 1047 4511 et
1129 4455 1359 4526 insignia
1425 4464 1624 4525 tropaea
1697 4458 1958 4513 adversus
2034 4462 2222 4518 hostes

2326 3272 2671 3342 κατατίθησι,
2707 3270 2824 3339 φῶς
2855 3288 2914 3323 τε
2949 3270 3217 3325 ἄσϐεστον
3256 3273 3402 3342 αύτῷ
3433 3273 3772 3341 ὑφάπτουσα,
3803 3272 3883 3324 καὶ

2324 3363 2687 3432 θυμιάμασιν,
2714 3362 2787 3424 ὡς
2817 3356 2954 3431 εἶχε,
2981 3363 3228 3431 νέμουσα
3273 3363 3372 3433 τὴν
3406 3366 3601 3435 τιμήν.
3633 3363 3812 3434 Χρόνῳ
3836 3362 3881 3414 δὲ

2323 3457 2553 3526 ὕστερον
2595 3457 2693 3527 τῆς
2733 3455 3020 3525 είδωλικῆς
3071 3454 3332 3520 ἀσεϐείας
3380 3454 3882 3527 ἀπομαραινομένης

2324 3549 2451 3602 νοῦν
2483 3548 2608 3618 ἔσχε
2664 3546 2762 3618 τὴν
2803 3547 3094 3616 ἀλλοτρίαν
3119 3549 3342 3614 ἀφεῖναι
3383 3548 3482 3601 καὶ
3517 3548 3615 3616 τῆς
3650 3545 3882 3616 πατρίδος

2323 3638 2479 3703 αὖθις
2507 3639 2759 3707 γενέσθαι
2783 3653 2798 3670 ο
2835 3638 2959 3690 ἐπεὶ
2993 3638 3048 3690 δὲ
3075 3638 3172 3708 οὑχ
3225 3639 3314 3692 οἶα
3349 3656 3410 3692 τε
3438 3635 3508 3710 ἦν
3539 3639 3633 3694 καὶ
3668 3639 3756 3691 τὸν
3802 3652 3882 3688 νει

2324 3731 2456 3801 κρδν
2511 3729 2881 3799 μετακομίσαι
2939 3727 3033 3782 τοῦ
3090 3729 3394 3801 μάρτυρος,
3443 3731 3495 3782 εί
3533 3731 3608 3800 μὴ
3640 3729 3882 3799 πρότερον

2323 3821 2586 3890 γνωρίσοι
2630 3819 2710 3889 τῷ
2745 3819 2995 3888 ἡγεμόνι,
3028 3819 3095 3872 τὰ
3142 3819 3266 3872 κατ’
3307 3819 3471 3872 αὑτὸν
3515 3819 3574 3872 εὖ
3617 3820 3781 3872 πάντα
3807 3815 3882 3869 θε-

2327 3913 2488 3984 μένη,
2514 3912 2603 3965 διά
2641 3928 2786 3975 τινος
2809 3913 2917 3965 τῶν
2945 3913 3001 3963 ἐν
3031 3913 3140 3974 τοῖς
3173 3914 3399 3984 ῥήτορσι
3434 3913 3785 3984 γραμμένων,
3813 3907 3879 3977 τῷ
3953 3973 3957 3976 ι

2319 4003 2414 4055 ἐπὶ
2465 4001 2560 4056 τοῦ
2633 4003 2804 4055 τόπου
2873 4001 3262 4071 ἡγεμονεύοντι
3301 4005 3632 4074 προσφοιτᾷ,
3672 4002 3759 4055 καὶ
3801 3999 3877 4051 τὸν

2323 4094 2492 4165 ἄνδρα
2523 4094 2806 4164 χρήμασιν
2840 4093 3170 4158 ὑπελθοῦσα,
3204 4094 3372 4146 ἐδεῖτο
3399 4095 3540 4165 αὑτῇ
3573 4091 3876 4164 χαρίσασθαι

2321 4188 2421 4256 τὴν
2451 4187 2546 4240 τοῦ
2574 4185 2769 4254 νεκροῦ
2800 4187 3068 4256 ἐκφοράν.
3097 4187 3193 4251 Τίς
3223 4187 3278 4240 δὲ
3313 4191 3340 4241 ὁ
3373 4188 3571 4257 νεκρὸς
3624 4187 3715 4240 καὶ
3747 4187 3874 4246 ὅστις

2321 4277 2364 4328 δ’
2406 4277 2606 4344 τρόπος
2650 4276 2750 4344 τῆς
2795 4275 3054 4344 τελευτῆς
3096 4276 3504 4347 ἐρμηνεύουσα,
3556 4278 3646 4331 τὸν
3699 4278 3874 4331 οἰκεῖον

2323 4366 2564 4434 ἔφασκεν
2593 4367 2784 4435 ἄνδρα,
2816 4367 2908 4420 τὸν
2936 4369 2996 4420 ἐν
3020 4369 3084 4439 τῇ
3117 4370 3379 4440 στρατεία
3411 4371 3477 4423 τὰ
3514 4370 3698 4440 πρῶτα
3728 4368 3874 4420 διενε-

2322 4458 2544 4522 γκόντα,
2571 4459 2634 4510 λα
2644 4459 2801 4529 μττρὰ
2825 4475 2885 4511 τε
2921 4460 3016 4512 καὶ
3051 4460 3330 4530 περιφανῆ
3358 4460 3639 4525 πολλάκις,
3663 4459 3724 4513 τὰ
3747 4455 3868 4508 κατᾶ

642 4560 911 4616 erexerat,
967 4565 1093 4604 cum
1145 4549 1199 4602 in
1258 4563 1353 4604 eos
1406 4549 1572 4602 multa
1637 4559 1860 4605 strenue
1908 4561 1962 4606 et
2007 4553 2212 4610 fortiter

2325 4550 2433 4601 τῶν
2473 4549 2752 4618 πολεμίων
2783 4551 3063 4620 στήσαντα
3112 4551 3371 4621 τρόπαια,
3415 4553 3510 4605 καὶ
3544 4551 3744 4611 πολλοῖς
3771 4548 3866 4607 τοῖς

641 4645 925 4717 gessisset,
959 4657 1021 4696 ex
1070 4642 1174 4695 hac
1223 4639 1335 4693 vita
1391 4641 1714 4706 excessisse,
1754 4657 1823 4696 ne
1878 4645 2218 4713 sepulturam

641 4735 861 4806 quidem
895 4748 1057 4803 quam
1096 4747 1194 4801 par
1214 4741 1351 4797 crat,
1381 4743 1760 4788 consecutum.
1793 4733 1988 4803 Hujus,
2025 4737 2218 4806 inquit,

641 4843 742 4898 ego
772 4841 974 4894 corpus
1008 4825 1163 4879 valde
1188 4825 1382 4878 studeo
1417 4824 1471 4877 in
1503 4840 1658 4878 suam
1709 4826 2009 4881 transferre
2038 4831 2220 4899 regio-

641 4935 789 4974 nem.
833 4917 994 4971 Cedit
1038 4917 1220 4985 itaque
1267 4917 1562 4985 provinciae
1601 4933 1805 4984 przeses
1853 4919 2127 4988 petitioni,
2165 4930 2220 4975 ct

641 5009 914 5080 permittit
951 5009 1000 5062 ei
1045 5006 1226 5060 facere
1266 5007 1434 5074 'quod
1495 5007 1825 5076 postulabat.
1888 5009 1979 5061 llla
2031 5019 2215 5064 autem

641 5102 725 5155 sui
767 5100 985 5168 quidem
1025 5099 1203 5152 mariti
1257 5113 1483 5166 corpus,
1533 5099 1632 5166 qui
1688 5099 1740 5150 in
1793 5099 1967 5154 aliena
2002 5101 2220 5171 regione

639 5192 732 5245 diu
768 5201 893 5244 ante
917 5205 946 5244 e
978 5191 1116 5244 vivis
1141 5200 1473 5255 excesserat,
1506 5191 1879 5260 [monumento
1923 5194 2216 5248 mandave-

641 5290 747 5345 rat,
777 5283 832 5336 in
858 5282 913 5337 id
946 5282 1147 5351 injecto
1177 5281 1422 5351 pulvere.

710 5462 776 5515 Χ.
819 5461 955 5515 Cum
981 5461 1148 5530 igitur
1184 5459 1436 5530 martyris
1471 5475 1668 5529 corpus
1699 5459 2032 5521 sustulisset,
2080 5471 2128 5514 et
2163 5461 2212 5514 id

639 5570 830 5609 rursus
866 5555 1132 5616 tinxisset,
1165 5562 1221 5607 et
1249 5553 1589 5622 Splendidius
1615 5553 2035 5622 composuisset,
2058 5561 2111 5606 et
2147 5570 2215 5606 ne

640 5648 744 5700 hoc
799 5646 1149 5700 Christianus
1197 5646 1467 5714 quispiam
1523 5645 1663 5700 scire
1724 5655 1930 5714 posset,
1985 5644 2039 5697 in
2089 5661 2211 5700 arca

641 5738 887 5806 oleagina
946 5738 1328 5806 imposuisset,
1378 5749 1431 5792 et
1476 5738 1849 5792 abscondisset
1905 5739 2050 5804 (nam
2098 5737 2212 5805 pri-

646 5838 792 5878 mum
831 5827 1046 5894 quidem
1096 5826 1317 5882 timebat
1367 5828 1603 5896 gentium
1653 5827 1953 5892 insaniam,
2011 5825 2207 5883 deinde

2325 4642 2447 4694 κατ’
2497 4640 2676 4694 αὑτῶν
2731 4641 3294 4707 ἐγκαλλωπισάμενον
3360 4644 3735 4713 ἀριστεύμασι,
3788 4639 3864 4690 τὸν

2325 4733 2438 4803 βίον
2479 4731 2582 4784 ὦδε
2615 4731 2958 4802 μεταλαχεῖν,
3011 4733 3149 4804 μηδὲ
3177 4735 3277 4802 τῆς
3314 4736 3489 4803 ταφῆς
3517 4731 3862 4805 προσηκούπς

2323 4823 2641 4888 ἀξιωθέντα.
2665 4823 2890 4889 Τούτου,
2919 4826 3076 4894 φησὶ,
3109 4827 3201 4880 τδν
3236 4829 3428 4898 νεκρὸν
3462 4827 3574 4894 ἐγὼ
3600 4828 3682 4879 διὰ
3722 4841 3859 4875 σπου·

2320 4916 2418 4984 δῆς
2447 4915 2571 4985 ἄρτι
2597 4914 2815 4983 τίθεμαι
2833 4916 2968 4986 πρὸς
2986 4915 3085 4986 τὴν
3101 4917 3312 4971 οἰκείαν
3340 4919 3700 4987 μετενεγκεῖν.
3725 4914 3857 4967 Είκει

2320 5005 2612 5074 τοιγαροῦν
2638 5008 2665 5058 ὁ
2693 5007 2793 5075 τῆς
2820 5007 3090 5077 ἐπαρχίας
3113 5010 3336 5077 ἡγεμὼν
3366 5011 3503 5082 πρὸς
3531 5012 3628 5076 τὴν
3651 5009 3852 5073 αἴτησιν,

2322 5098 2416 5150 καὶ
2448 5099 2711 5167 πράττειν
2735 5099 2875 5169 αὑτῇ
2901 5099 2960 5151 τὸ
2991 5105 3401 5171 παριστάμενον
3440 5101 3724 5171 ἐπιτρέπει·
3751 5097 3777 5160 ἠ
3804 5093 3851 5143 δὲ

2319 5191 2410 5242 τδν
2443 5191 2539 5257 μὲν
2569 5191 2664 5243 τοῦ
2693 5193 2891 5260 ἑαυτῆς
2922 5192 3114 5257 ἀνδρὸς
3146 5194 3341 5263 νεκρὸν
3387 5195 3476 5247 τὸν
3510 5194 3620 5262 βίον
3659 5186 3856 5242 ἐπάλλο-

2318 5283 2382 5334 δα
2394 5283 2492 5350 πῆς
2520 5282 2699 5348 πολλῷ
2723 5283 2988 5351 πρότερον
3009 5284 3413 5349 καταλύσαντος
3443 5287 3677 5356 μνήματι
3705 5293 3856 5346 παρα-

2319 5373 2543 5425 δεδώκει
2576 5374 2726 5425 κόνιν
2763 5373 3028 5427 ἐπιϐαλοῦ
3041 5392 3132 5427 σα.

2392 5463 2444 5517 ι’.
2483 5464 2585 5516 Τὸν
2612 5464 2667 5517 δὲ
2692 5465 2784 5518 τοῦ
2819 5471 3100 5536 μάρτυρος
3135 5466 3261 5536 ἄρτι
3284 5467 3574 5537 ἀνελομένη
3611 5459 3853 5534 μυρίσαπά

2317 5573 2376 5608 τε
2410 5555 2583 5620 αὖθις,
2634 5557 2994 5628 λαμπρότερα
3026 5576 3086 5612 τε
3126 5560 3506 5630 περιϐαλοῦσα,
3548 5559 3640 5610 καὶ
3683 5557 3748 5617 ὡς
3801 5551 3852 5603 ἃν

2322 5648 2506 5715 μήτινι
2555 5643 2716 5698 τοῦτο
2765 5647 2956 5715 μαθεῖν
2987 5646 3222 5716 ὑπάρξοι
3264 5643 3620 5718 Χριστιανῶν,
3647 5647 3701 5696 ἐν
3742 5640 3857 5707 τύλῃ

2317 5739 2478 5808 ἐρέας
2511 5738 2778 5808 ἐνθεμένη
2812 5739 2907 5792 καὶ⁴
2938 5739 3306 5810 ὑποκρύσξασα
3333 5782 3344 5804 ,
3379 5737 3560 5791 ἐδεδίει
3600 5736 3702 5804 γὰρ
3738 5733 3856 5799 πρό·

2318 5849 2474 5903 τερον
2511 5831 2605 5901 μὲν
2641 5832 2747 5885 τῶν
2780 5831 3109 5904 ὶλληνιστὼν
3143 5832 3237 5901 τὴν
3271 5832 3481 5901 μανίαν,
3525 5831 3662 5898 {is-.5!
3701 5827 3855 5878 ταῦτα
