4110 6470
292 410 435 472 1153

1532 405 1998 469 MARTYRIUM
2040 408 2098 469 S.
2142 409 2350 469 VARI.

3418 411 3440 477 1
3454 417 3553 480 154

284 527 348 579 δὲ
397 524 578 594 πολλῷ
625 524 785 580 πλέον
815 527 925 580 τῶν
965 525 1206 580 εὐσεϐῶν
1233 526 1332 595 τὴν
1365 526 1698 597 θερμότητα,
1743 527 1873 582 πάν-

1982 533 2189 588 antem,
2241 535 2293 579 et
2334 525 2504 580 multo
2555 526 2725 596 magis
2767 525 2981 597 piorum
3037 527 3330 596 fervorem,
3375 535 3558 588 omni-

285 637 402 672 των
427 618 504 682 ώς
546 623 606 672 τὸ
638 619 786 682 είκδς
830 619 991 690 ἔργον
1038 620 1196 674 τοῦτο
1228 620 1650 674 σπουδαιότατον
1681 638 1870 673 ποιου-

292 711 476 780 μένων
511 711 853 781 άναιρεῖσθαι
889 710 997 764 τῶν
1027 712 1166 783 ὑπὲρ
1205 711 1444 782 Χριστοῦ
1476 713 1760 766 παθόντων
1803 712 1870 764 τὰ

285 801 548 871 λείψανα,
581 801 789 856 τούτων
833 799 927 855 οὖν
957 802 1033 864 ὡς
1069 802 1266 873 ἣδιστα
1293 803 1424 873 περὶ
1458 801 1636 857 ταῦτα
1681 803 1871 855 διαπο-

287 892 590 961 νουμένων,
643 893 824 962 ἐκείνη
873 893 972 961 τὴν
1024 893 1388 965 Παλαιστίνην
1433 893 1868 964 καταλαμϐάνει.

287 980 469 1034 Αὐτοῦ
503 981 556 1033 δὲ
595 984 860 1051 γενομένη
904 981 1041 1034 κατά
1090 998 1211 1034 τινα
1253 981 1448 1050 κώμην
1477 981 1628 1051 παρὰ
1657 980 1734 1050 τῷ
1763 979 1871 1031 Θα-

287 1070 480 1139 εωρίῳ
524 1071 807 1140 κειμένην,
843 1070 1012 1140 Ἐδρα
1046 1070 1102 1123 δὲ
1145 1072 1559 1141 κατωνόμαστο,
1609 1072 1672 1123 τὸ
1725 1069 1870 1122 θεῖον

289 1164 456 1234 σῶμα
519 1161 611 1215 τοῦ
664 1165 939 1234 μάρτυρος
995 1163 1392 1227 κατατίθεται,
1461 1162 1751 1232 λαμπάδας
1810 1177 1869 1212 τε

289 1256 640 1323 ὑφάπτουσα,
675 1256 772 1308 καὶ
806 1255 977 1308 πολλὰ
1010 1255 1118 1308 τῶν
1166 1255 1416 1324 εὐόσμων
1462 1255 1720 1315 καίουσα,
1777 1254 1870 1305 καὶ

283 1347 378 1398 διά
417 1345 586 1414 τιμῆς
639 1348 820 1416 πάσης
873 1347 1101 1414 ἄγουσα,
1163 1340 1236 1409 ὦς
1279 1342 1372 1399 οὖν
1404 1346 1538 1398 πολύ
1574 1363 1626 1398 τι
1666 1345 1871 1415 πλῆθος

245 1448 248 1450 ’
280 1438 592 1508 ἀνθρώπων
639 1434 772 1507 ἧκον
823 1440 917 1493 ἐπὶ
954 1440 1053 1511 τὴν
1094 1439 1251 1509 σορὸν
1281 1439 1447 1508 ἑώρα,
1478 1441 1725 1509 πανταχῆ
1764 1438 1870 1508 γάρ

283 1528 391 1599 ἤδη
435 1528 595 1580 τοῦτο
636 1528 979 1598 διαϐεϐόητο,
1017 1530 1110 1582 καὶ
1139 1529 1348 1591 πάντας
1379 1531 1411 1598 ἡ
1444 1529 1588 1599 ὀσμὴ
1632 1529 1741 1582 τῶν
1773 1530 1869 1582 αὑ-

283 1618 384 1671 τοῦ
416 1619 656 1688 χαρίτων
697 1619 863 1685 ὀξέως
904 1620 1116 1686 ἐκάλει,
1149 1621 1244 1674 καὶ
1273 1620 1365 1686 οὒς
1400 1621 1612 1692 χαλεπή
1645 1638 1728 1683 τις
1750 1623 1872 1673 επι-

285 1709 534 1762 πεσοῦσα
569 1710 724 1773 νόσος
766 1711 975 1776 ἐπίεζε,
1017 1712 1115 1766 καὶΙ
1158 1711 1248 1776 οὓς
1285 1713 1524 1783 πονηροῦ
1559 1712 1871 1781 πνεύματος

286 1803 540 1871 συνεῖχεν
574 1802 847 1872 ἐνέργεια,
887 1804 1090 1866 πάντες
1117 1803 1226 1874 γὰρ
1253 1805 1318 1875 τῇ
1351 1803 1448 1873 τῆς
1481 1803 1640 1874 σοροῦ
1695 1820 1872 1873 σιτροσ⁴

284 1891 500 1945 ιλεύσει
527 1892 636 1945 τῶν
683 1893 1049 1964 ἐνοχλούντων
1083 1895 1245 1958 εὐθὺς
1290 1895 1721 1966 ἀπηλλάττοντο,
1755 1895 1873 1948 δέον

285 1983 446 2055 ᾠήθη
481 1985 574 2038 καὶ
597 1985 727 2038 ναὸν
759 1987 970 2057 ἐγείραι
1015 1986 1093 2057 τῷ
1139 1989 1377 2061 μάρτυρι
1407 1988 1603 2042 σεπτὸν
1640 1989 1675 2059 ἠ
1722 1987 1873 2057 φιλό-

289 2089 530 2144 μαρτυς,
570 2075 691 2130 ἐπεὶ
740 2075 795 2130 δὲ
838 2079 1015 2147 εἴχετο
1053 2078 1153 2148 τῆς
1208 2078 1518 2148 οἰκοδομῆς,
1564 2078 1872 2142 πολυτελῶς

289 2163 438 2231 ἄγαν
496 2167 587 2218 καὶ
623 2167 942 2238 φιλοτίμως,
992 2169 1160 2222 ποίων
1195 2170 1294 2240 μὲν
1324 2170 1585 2240 χαρίτων,
1628 2171 1788 2231 ποίας
1816 2169 1873 2222 δὲ

289 2257 395 2309 σὺν
475 2257 634 2329 ἡδονῇ
706 2259 857 2330 ὥράς
917 2260 1100 2333 ἐκείνῃ
1157 2261 1619 2332 προσμειδιώσης,
1695 2261 1872 2332 χαρᾶς

284 2347 544 2416 ἔμπλεως
575 2351 869 2422 γενομένη,
912 2351 1093 2422 χαίρει
1145 2351 1255 2423 γὰρ
1313 2351 1459 2423 ψυχὴ
1511 2352 1679 2406 καλοῦ
1728 2353 1869 2424 πρά-

282 2455 499 2506 γματος
528 2441 956 2511 έπιμελουμένη,
978 2441 1137 2496 τοῦτο
1191 2445 1312 2513 μὲν,
1341 2444 1424 2498 ὅτι
1459 2445 1694 2514 φύσειτὸ
1729 2449 1870 2514 ἁγα-

284 2533 384 2585 θδν
420 2534 594 2602 χαρᾶς
622 2533 884 2604 πρόξενον
915 2538 1028 2598 τοῖς
1063 2535 1456 2606 ἐργαζομένοις
1486 2538 1572 2592 διὰ
1618 2541 1717 2610 τὴν
1762 2541 1868 2594 ἀπὸ

284 2623 385 2677 τοῦ
419 2625 723 2689 συνειδότος
772 2626 1168 2699 πληροφορίαν,
1217 2630 1374 2682 τοῦτο
1417 2629 1473 2682 δὲ
1508 2633 1602 2684 καὶ
1639 2631 1726 2685 διὰ
1770 2632 1870 2702 τὴν

286 2713 657 2788 ἐλπιζομένην
691 2719 981 2785 ἀντίδοσιν,
1020 2721 1202 2789 χαρᾶς
1231 2719 1324 2774 οὖν
1353 2720 1727 2792 πληρωθεῖσα,
1758 2727 1870 2787 τοῖς

287 2809 560 2876 κρατοῦσι
596 2811 856 2881 χρήματα
899 2811 1108 2882 πέμπει
1130 2813 1297 2884 τιμῆς
1315 2814 1547 2880 ἀξιῶσαι
1580 2815 1671 2868 τὸν
1703 2817 1869 2869 παῖδα

284 2900 391 2968 τῆς
419 2903 550 2970 παρ’
576 2903 758 2966 αὐτοῖς
779 2904 1126 2974 αίτουμένης,
1171 2906 1265 2958 καὶ
1297 2907 1635 2978 παραχρῆμα
1662 2907 1868 2977 βασιλι-

283 2992 392 3048 καὶ
442 2995 574 3067 παρ’
631 2995 767 3066 αὐτῇ
802 2995 1087 3063 συλλαϐαὶ,
1141 2997 1458 3068 βεϐαιοῦσαι
1500 2999 1577 3069 τῷ
1624 3000 1771 3052 παιδὶ
1811 3001 1870 3054 τὸ

287 3085 534 3156 ἀξίωμα.

1977 615 2100 678 bus,
2140 625 2199 667 ut
2231 630 2328 683 par
2363 625 2504 678 erat,
2555 616 2792 672 maximo
2836 618 3018 673 studio
3070 620 3558 688 contendentibus,

1977 722 2046 759 ne
2079 707 2402 762 tollerentur
2435 709 2678 776 reliquite
2711 726 2927 776 eorum,
2961 712 3051 782 qui
3082 714 3224 782 passi
3263 722 3430 768 erant
3456 730 3556 783 pro

1975 796 2240 867 Christo),
2278 800 2429 853 venit
2459 801 2511 854 in
2554 799 2916 856 Palaestinam.
2939 804 3075 857 Cum
3121 805 3230 859 illic
3263 805 3455 859 fuisset
3500 807 3557 860 in

1975 888 2207 956 quodam
2236 890 2356 944 vico
2395 891 2488 957 qui
2548 892 2689 946 situs
2729 902 2846 947 erat
2883 894 3037 963 juxta
3069 895 3426 958 Thaborium,
3464 893 3555 950 cui

1975 994 2175 1034 nomen
2208 989 2324 1034 erat
2348 981 2509 1044 Edra,
2545 982 2769 1051 deponit
2799 983 3042 1037 divinum
3091 1000 3293 1053 corpus
3342 993 3555 1054 marty-

1975 1070 2087 1132 ris.
2151 1072 2538 1141 lampadesque
2601 1073 2943 1139 accendens,
3024 1085 3081 1128 et
3151 1088 3320 1129 urens
3382 1075 3554 1129 multa

1975 1162 2266 1229 odorifera,
2327 1164 2379 1218 id
2427 1165 2666 1219 habebat
2725 1164 2777 1218 in
2851 1163 3000 1220 omni
3063 1164 3292 1220 honore.
3359 1164 3552 1220 Postea

1977 1254 2166 1307 videns
2196 1270 2444 1326 magnam
2482 1255 2766 1312 hominum
2794 1255 3203 1310 multitudinem
3236 1255 3550 1311 venientem

1973 1348 2039 1401 ad
2081 1349 2315 1401 loculum
2371 1348 2528 1418 (erat
2581 1348 2730 1404 enim
2780 1347 2828 1402 is
2865 1347 2976 1418 jam
3011 1347 3255 1401 omnium
3301 1362 3556 1402 sermone

1973 1438 2300 1500 celebratus,
2361 1449 2417 1492 et
2464 1441 2603 1494 odor
2659 1440 2779 1506 ejus
2836 1438 3130 1508 gratiarum
3195 1453 3388 1493 omnes
3442 1439 3553 1492 cito

1976 1531 2222 1596 vocabat,
2278 1538 2384 1584 tam
2429 1530 2520 1600 qui
2561 1531 2708 1602 gravi
2744 1530 2928 1599 aliquo
2963 1530 3152 1584 morbo
3202 1529 3553 1596 laborabant,

1974 1639 2136 1692 quam
2190 1639 2340 1696 quos
2387 1625 2609 1694 maligni
2672 1623 2896 1692 spiritus
2959 1623 3187 1678 vexabat
3249 1623 3496 1692 operatio
3531 1637 3550 1676 :

1974 1730 2164 1769 omnes
2204 1715 2350 1768 enim
2386 1731 2484 1785 per
2513 1730 2797 1771 accessum
2831 1713 2900 1770 ad
2932 1713 3194 1778 loculum,
3235 1729 3359 1770 mox
3419 1714 3558 1770 libe-

1977 1805 2236 1860 rabantur
2295 1805 2362 1859 ab
2422 1805 2488 1859 iis
2535 1821 2656 1874 qua:
2710 1805 2792 1861 eis
2850 1805 3152 1861 molestiam
3197 1803 3553 1876 aflerebant),

1978 1896 2310 1950 existimavit
2369 1906 2624 1967 oportere
2689 1898 2917 1968 martyri
2983 1895 3246 1966 templum
3312 1897 3554 1952 excitare

1977 1989 2371 2054 venerandum,
2403 1989 2601 2042 mulier
2627 2003 2818 2043 amans
2850 1997 3168 2058 martyrum.
3201 1988 3336 2042 Cum
3365 1999 3551 2042 autem

1977 2094 2174 2147 magno
2240 2087 2492 2148 sumptu,
2551 2087 2607 2133 et
2663 2094 2860 2150 magna
2917 2080 3275 2134 contentione
3335 2089 3554 2148 urgeret

1975 2169 2395 2223 aediﬁcationem
2450 2168 2798 2238 (quibusnam
2831 2171 3052 2239 quidem
3076 2171 3286 2240 gratiis,
3318 2185 3550 2239 quanam

1975 2269 2156 2314 autem
2189 2276 2312 2314 cum
2345 2261 2642 2331 voluptate,
2679 2261 2949 2332 elegantia
2979 2272 3033 2316 et
3082 2261 3266 2330 specie
3304 2261 3412 2315 illic
3443 2277 3551 2314 non

1974 2351 2306 2420 arridente)
2371 2351 2484 2420 ipsa
2547 2351 2744 2407 referta
2830 2353 3038 2407 laetitiae
3102 2355 3358 2422 (laetatur
3407 2352 3551 2407 enim

1975 2445 2178 2511 anima,
2210 2444 2288 2500 rei
2317 2443 2559 2514 pulchrae
2585 2459 2771 2499 curam
2806 2459 3022 2516 gerens,
3057 2445 3255 2514 partim
3306 2444 3553 2514 quidem,

1972 2538 2119 2608 quod
2154 2538 2298 2592 bono
2345 2545 2537 2590 natura
2573 2537 2644 2590 sit
2688 2537 2940 2598 insitum,
2977 2547 3036 2589 ut
3069 2536 3158 2601 iis,
3192 2535 3284 2605 qui
3333 2535 3386 2590 id
3417 2551 3556 2605 0pc-

1975 2637 2182 2692 rantur,
2241 2627 2504 2680 conciliet
2566 2626 2850 2699 lwtitiunt;
2910 2627 3105 2696 partim
3156 2635 3336 2680 autem
3389 2631 3552 2680 et'am

1974 2727 2196 2790 propter
2256 2734 2416 2781 eam,
2475 2734 2595 2788 qua:
2653 2728 2938 2788 speratur,
2979 2717 3552 2783 remunerationem),

1974 2813 2264 2881 pecuniam
2298 2811 2463 2869 mittit
2520 2812 2586 2865 ad
2644 2828 2764 2873 eos,
2810 2812 2902 2880 qui
2945 2826 3125 2864 rerum
3176 2809 3553 2879 potiebantur,

1970 2913 2164 2968 petens
2195 2912 2253 2956 ut
2294 2903 2501 2958 honore
2533 2917 2693 2956 suum
2727 2903 3086 2972 dignarentur
3115 2901 3306 2954 ﬁlium.
3353 2901 3548 2955 Statim

1972 3007 2155 3048 antem
2200 2995 2264 3048 ad
2324 3010 2443 3048 eam
2493 3003 2620 3048 sunt
2665 2992 2847 3048 missa:
2907 2993 3098 3047 littera:
3153 2991 3547 3062 ituperatoria‘,

1972 3087 2292 3156 dignitatem
2321 3087 2430 3140 ﬁlio
2456 3086 2780 3139 tribuentes.

361 3179 466 3235 lA'.
508 3182 569 3234 Ἠ
589 3182 644 3236 δὲ
672 3183 812 3248 τέως
850 3187 950 3255 μὲν
998 3187 1238 3258 ἀναϐολῇ
1281 3189 1340 3241 τὺ
1386 3189 1621 3260 πρᾶγμα
1656 3188 1863 3252 δίδωσι,

2039 3179 2130 3234 XI.
2168 3179 2262 3232 llla
2286 3192 2417 3231 vero
2445 3191 2559 3230 rem
2592 3176 2815 3245 quidem
2857 3173 3040 3229 diﬁ‘ert
3063 3171 3304 3235 interim,
3344 3181 3403 3226 ut
3432 3187 3554 3242 quas

287 3274 426 3344 περὶ
477 3275 574 3346 τὴν
641 3277 933 3350 οἰκοδομὴν
987 3280 1373 3349 ἐμμελέστατα
1425 3281 1865 3351 διαπονουμένη,

284 3368 416 3420 ἐπεὶ
442 3367 499 3421 δὲ
531 3368 599 3422 τά
630 3367 724 3422 τοῦ
761 3369 888 3423 ναοῦ
919 3371 1094 3442 πέρας
1126 3368 1262 3441 εἶχε,
1295 3374 1487 3436 καὶείς
1515 3371 1683 3442 τιμὴν
1716 3366 1872 3435 οὗτος

285 3460 541 3530 εἱστήκει
580 3459 659 3528 τῷ
697 3460 958 3531 μάρτυρι,
981 3461 1244 3530 συγκαλεί
1279 3461 1378 3532 μὲν
1409 3463 1534 3526 τοὺς
1568 3464 1663 3532 τῆς
1697 3465 1872 3532 ἐπαρ-

287 3550 422 3621 χίας
454 3552 787 3615 ἐπισκόπους
821 3554 916 3606 καὶ
937 3553 1367 3623 πρεσϐυτέρους,
1400 3554 1495 3607 ἐπὶ
1523 3557 1588 3624 τῇ
1617 3553 1712 3608 τοῦ
1739 3553 1870 3608 ναοῦ

290 3641 657 3710 καθιερώσει.
690 3642 967 3711 Συγκαλεί
995 3643 1052 3696 δὲ
1085 3645 1178 3697 καὶ
1208 3645 1322 3696 ὅσοι
1347 3644 1458 3697 τῶν
1496 3643 1751 3713 μοναχῶν
1779 3644 1873 3696 ἐπὶ

291 3730 372 3800 τῷ
405 3733 528 3783 κατ’
558 3733 759 3804 ἀρετὴν
793 3733 894 3805 βίῳ
924 3734 1249 3804 διέλαμπον,
1303 3736 1398 3787 καὶ
1449 3735 1549 3805 τῆς
1601 3735 1762 3806 σοροῦ
1811 3734 1874 3787 τὸ

296 3824 447 3892 ἱερὸν
501 3823 659 3895 σῶμα
710 3825 803 3878 τοῦ
857 3826 1134 3896 μάρτυρος
1178 3827 1543 3896 ὲκκομίσασα,
1603 3823 1874 3895 λαμπρῶς

290 3916 390 3966 ἐπὶ
420 3915 742 3979 πολυτέλοῦς
776 3917 1038 3973 κατέθετο
1070 3916 1282 3986 κλίνης,
1318 3915 1556 3984 ἐπέθηκέ
1587 3931 1645 3968 τε
1679 3915 1775 3968 καὶ
1806 3915 1874 3984 ἣν

297 4008 328 4057 ὁ
384 4010 514 4071 παῖς
544 4008 795 4080 χλαμύδα
837 4011 932 4062 καλ⁵
975 4009 1154 4080 ζώνην
1191 4008 1404 4062 ὲνδύναι
1434 4008 1527 4061 τοῦ
1564 4007 1874 4078 ἀξιώματος

289 4099 540 4170 ἔμελλεν,
587 4101 949 4172 εὑλογηθῆναί
1011 4117 1072 4154 τε
1131 4099 1350 4169 πρῶτον
1398 4099 1551 4171 παρὰ
1601 4099 1712 4151 τῶν
1757 4100 1875 4150 ἐκεῖ

295 4193 688 4259 συνελθόντων,
725 4189 826 4247 εἷθ’
854 4192 1025 4256 οὕτως
1063 4190 1490 4262 περιϐαλλέσθω
1523 4189 1718 4242 τοῦτον
1741 4190 1871 4242 ἐκά-

293 4301 432 4356 τερα
490 4285 934 4354 παρεσκεύασεν,
982 4284 1176 4337 ἔπειτα
1237 4282 1511 4351 πάννυχον
1563 4280 1876 4349 δοξολογίαν

292 4377 436 4448 ὁμοῦ
475 4379 550 4448 τῷ
589 4378 753 4433 παντὶ
787 4376 981 4449 πλήθει
1012 4378 1389 4448 ποιησαμένη,
1426 4375 1566 4444 αὐτῆ
1618 4391 1676 4428 τε
1714 4377 1807 4428 καὶ
1849 4377 1876 4427 ὁ

293 4471 427 4531 παῖς
479 4469 806 4533 ὑπελθόντες
843 4469 1052 4540 πρῶτοι
1099 4470 1159 4520 τὸ
1201 4467 1362 4538 σῶμα
1409 4466 1501 4519 τοῦ
1569 4466 1867 4536 μάρτυρος,

297 4562 400 4614 καὶ
440 4561 600 4615 τοῦτο
650 4562 1140 4624 διαϐαστάσαντες,
1189 4561 1248 4612 ὲν
1291 4559 1371 4630 τῷ
1415 4558 1510 4611 τοῦ
1559 4556 1690 4610 ναοῦ
1740 4555 1870 4626 ἱερῷ

297 4652 674 4726 θυσιαστηρίῳ
705 4654 862 4723 ίερῶς
885 4653 1292 4716 κατατίθενται,
1321 4651 1388 4704 τά
1412 4652 1457 4703 δ’
1489 4649 1584 4702 ἐπὶ
1607 4648 1816 4709 τούτοις
1841 4648 1875 4715 ἡ

298 4745 638 4816 φιλόμαρτυς
693 4745 1053 4816 Κλεοπάτρα,
1105 4741 1477 4812 προσκειμένη
1519 4739 1739 4809 Θερμῶς
1781 4739 1878 4790 καὶ

295 4839 634 4909 δακρύουσα,
657 4837 737 4909 τῷ
759 4838 910 4891 παιδί
935 4855 994 4890 τε
1021 4838 1118 4891 καὶ
1150 4837 1319 4905 ἑαυτῇ
1347 4833 1414 4884 τὰ
1446 4831 1626 4900 ἀγαθά
1666 4828 1878 4892 πιστῶς

297 4926 424 4995 ᾔτει
481 4926 631 4996 παρὰ
682 4926 776 4978 τοῦ
844 4926 1144 4997 μάρτυρος,
1196 4925 1256 4977 ὲν
1301 4922 1477 4992 τούτῳ
1532 4920 1589 4974 δὲ
1641 4919 1749 4989 ἄρα
1776 4918 1878 4987 τῆς

299 5017 454 5080 θείας
495 5016 840 5086 λειτουργίας
887 5018 1046 5089 ἱερῶς
1088 5015 1456 5086 τελεσθείσης,
1511 5011 1734 5082 ποικίλῃ
1779 5011 1879 5082 μὲν

299 5107 401 5159 καὶ
439 5106 669 5177 λαμπρᾷ
716 5110 784 5179 ἐζ,
817 5108 1064 5179 τραπέζῃ
1094 5107 1222 5170 τοῦς
1264 5111 1380 5160 ἐκεῖ
1412 5104 1762 5167 συνελθόντας
1798 5105 1879 5156 εί-

304 5196 455 5262 στία,
498 5199 568 5252 τά
619 5198 676 5250 δὲ
720 5200 850 5270 περὶ
894 5200 993 5269 τὴν
1043 5199 1319 5254 διακονίαν
1350 5197 1555 5267 ταύτην
1583 5197 1661 5267 τῷ
1688 5211 1748 5248 τε
1778 5194 1880 5263 υἱῷ

305 5291 403 5344 καὶ
432 5291 600 5362 ἑαυτῇ
637 5291 891 5344 ἀνετίθει.
919 5286 1026 5343 Ἦν
1051 5291 1108 5342 δὲ
1137 5287 1592 5360 παρηγγελμένον
1623 5285 1701 5356 τῷ
1729 5285 1881 5338 παιδὶ

304 5383 460 5453 παρὰ
490 5383 588 5453 τῆς
615 5382 846 5453 μητέρος
880 5379 1000 5452 μηδ’
1031 5379 1259 5433 ὁποσοῦν
1295 5378 1507 5450 βρωτοῦ
1540 5393 1685 5439 τινος
1720 5375 1754 5445 ἢ
1783 5390 1879 5427 ποο

303 5475 403 5528 τοῦ
435 5476 702 5544 πρότερον
733 5470 1085 5543 μεταλαϐεῖν,
1121 5471 1250 5541 πρὶν
1294 5470 1352 5523 δὲ
1382 5468 1453 5521 τὰ
1500 5467 1598 5537 τῆς
1650 5467 1883 5535 εὐωχίας

306 5569 389 5629 είς
417 5568 590 5636 πέρας
621 5565 818 5621 ἐλθεῖν.
847 5563 1008 5618 υῦτω
1027 5565 1135 5617 τῶν
1161 5564 1290 5633 περὶ
1316 5560 1414 5630 τὴν
1445 5560 1681 5629 εὐωχίαν
1708 5559 1883 5628 πέρας

308 5661 565 5728 ἐχόντων,
597 5659 696 5728 τῆς
742 5658 957 5727 ἡμέρας
985 5673 1046 5710 τε
1079 5657 1177 5726 ἤδη
1211 5655 1495 5722 κλινάσης,
1528 5652 1664 5704 ἀλλὰ
1697 5651 1759 5703 τὸ
1788 5649 1884 5703 νῦν

310 5751 650 5823 ῥηθήσεσθαι
717 5749 912 5819 μέλλον
964 5748 1316 5819 μικροψύχων
1363 5745 1462 5816 μὲν
1509 5743 1734 5813 ταράξει
1789 5741 1885 5794 καὶ

305 5847 478 5905 ἀκοὰς
511 5845 605 5898 καὶ
633 5844 831 5912 ψυχάς,
866 5843 975 5897 τῶν
1001 5841 1056 5894 δὲ
1084 5841 1469 5910 Θεοῦ-τρόπους
1499 5840 1624 5893 ὅσον
1655 5834 1876 5902 ἐφικτὸν

1973 3273 2026 3327 in
2053 3270 2372 3327 aediﬁcando
2403 3268 2674 3322 laboraret
2709 3264 3146 3334 diligentissime.
3187 3265 3322 3318 Cum
3369 3273 3552 3317 autem

1973 3365 2186 3420 ﬁnitum
2215 3372 2361 3418 esset
2397 3361 2681 3430 templum,
2713 3359 2874 3428 idque
2907 3365 3079 3412 staret
3109 3363 3452 3410 exstructum
3496 3355 3550 3409 in

1975 3459 2243 3513 honorem
2297 3455 2571 3522 martyris,
2644 3457 2909 3504 convocat
2966 3447 3185 3516 quidem
3259 3447 3556 3514 provincia:

1973 3549 2261 3618 episcopos
2295 3552 2349 3597 et
2376 3541 2726 3612 presbyteros
2748 3539 2814 3591 ad
2846 3535 3028 3604 templi
3060 3533 3550 3589 consecrationem.

1973 3639 2251 3694 Convocat
2277 3645 2459 3689 autem
2493 3631 2797 3686 monachos
2839 3629 3026 3690 etiam,
3062 3625 3154 3695 qui
3199 3625 3403 3679 virtute
3466 3638 3557 3678 re-

1979 3728 2368 3801 Spleudebant.
2392 3724 2458 3778 Et
2486 3739 2612 3779 cum
2659 3738 2689 3777 e
2718 3721 2899 3776 loculo
2927 3734 3142 3773 sacrum
3183 3730 3378 3786 corpus
3413 3730 3559 3769 mar-

1976 3823 2111 3894 tyris
2162 3819 2485 3881 extulisset,
2545 3815 2598 3870 id
2651 3814 2707 3867 in
2766 3813 3058 3881 magniﬁco
3107 3810 3248 3864 lecto
3297 3808 3557 3878 pratclare

1975 3914 2250 3986 deposuit.
2303 3908 2569 3980 Imposuit
2634 3907 2798 3961 etiam
2853 3903 3196 3974 clamydem,
3251 3909 3307 3954 et
3364 3914 3556 3954 zonam

1977 4004 2274 4076 dignitatis,
2307 4015 2468 4070 quam
2494 3998 2639 4051 ﬁlius
2681 4011 2815 4050 suus
2852 4004 2970 4048 erat
3016 3992 3335 4057 induturus,
3369 3990 3559 4044 volens

1976 4108 2037 4154 ut
2069 4098 2303 4169 primunt
2337 4092 2795 4148 benedicerentur
2820 4087 2887 4140 ab
2937 4087 3020 4152 iis,
3068 4086 3160 4155 qui
3193 4085 3322 4140 illuc
3365 4099 3560 4140 conve-

1976 4197 2194 4253 nerant,
2225 4186 2422 4241 deinde
2445 4191 2738 4249 utrumque
2770 4172 3043 4233 indueret.
3085 4176 3274 4244 Itaque
3309 4190 3430 4228 eum
3460 4188 3559 4242 per

1977 4295 2194 4339 noctem
2237 4278 2398 4333 simul
2432 4289 2560 4329 cum
2601 4282 2716 4327 toto
2760 4270 2960 4340 populo
3014 4268 3236 4323 fecisset
3287 4265 3558 4337 glorifica-

1979 4377 2204 4435 tionem,
2235 4371 2352 4440 ipsa
2376 4379 2431 4423 et
2464 4367 2607 4421 ﬁlius
2641 4363 2805 4420 simul
2836 4363 3134 4416 subeuntes
3169 4358 3325 4428 primi
3357 4372 3560 4426 corpus

1980 4463 2258 4535 martyris,
2290 4468 2344 4515 et
2383 4459 2438 4512 id
2475 4457 2736 4518 ferentes,
2787 4459 3135 4526 sacrosancte
3182 4448 3464 4517 deponunt
3499 4446 3557 4501 in

1978 4573 2131 4613 saera
2162 4569 2253 4608 ara
2282 4549 2487 4615 templi.
2513 4545 2641 4599 Post
2667 4543 2782 4596 hrec
2820 4554 3000 4594 autem
3033 4554 3222 4594 amans
3252 4549 3552 4607 martyrum

1977 4654 2290 4717 Cleopatra,
2325 4639 2581 4692 ardenter
2607 4635 2818 4686 instans
2841 4641 2897 4685 et
2940 4633 3272 4699 lacrymans,
3311 4627 3420 4681 lilio
3460 4643 3562 4680 suo

1978 4752 2034 4796 et
2065 4737 2171 4795 sibi
2206 4736 2345 4789 bona
2387 4727 2620 4782 ﬁdeliter
2666 4724 2887 4792 petebat
2938 4736 2968 4772 a
3025 4730 3283 4789 martyre.
3333 4717 3556 4771 lnterirn

1979 4841 2159 4887 autern
2185 4825 2373 4882 divino
2399 4817 2709 4873 ministerio
2755 4821 3104 4868 sacrosancte
3132 4821 3376 4880 peracto,
3407 4810 3557 4863 varia

1979 4924 2201 4996 quidem
2225 4927 2280 4974 et
2309 4911 2590 4985 splendida
2638 4919 2836 4962 mensa
2891 4903 3103 4971 accepit
3141 4917 3282 4996 eos,-
3306 4900 3400 4971 qui
3435 4900 3563 4996 illuc

1981 4993 2376 5072 convenerant.
2411 5006 2542 5071 Quae
2566 5008 2751 5055 autem
2777 4996 3125 5065 pertinebant
3155 4994 3222 5048 ad
3240 4993 3372 5047 -hoc
3401 4993 3563 5046 mini-

1982 5101 2230 5164 sterium,
2259 5097 2370 5152 ﬁlio
2400 5103 2455 5148 et
2486 5090 2592 5146 sibi
2637 5085 2972 5156 imponebat.
3027 5081 3162 5137 Filio
3203 5097 3338 5136 vero
3378 5091 3556 5140 mater

1977 5194 2254 5264 jusserat,
2319 5193 2378 5240 ut
2428 5197 2532 5237 nec
2589 5178 2807 5240 cibum,
2871 5189 2976 5228 nec
3030 5183 3216 5242 potum
3281 5180 3558 5235 sumeret,

1982 5259 2298 5354 priusquam
2334 5274 2554 5329 ﬁnitum
2595 5275 2744 5324 esset
2779 5264 3111 5320 convivium.
3139 5260 3371 5354 _Deinde
3407 5259 3560 5354 ﬁnito

1983 5349 2256 5437 convivio,
2312 5377 2366 5423 et
2417 5365 2504 5420 die
2555 5363 2667 5432 jam
2713 5359 3011 5415 inclinante
3091 5352 3239 5422 (Sed
3286 5353 3363 5421 id,
3414 5349 3560 5420 quod

1984 5481 2132 5522 nunc
2160 5461 2448 5518 dicendum
2485 5463 2590 5518 est,
2623 5447 2867 5505 turbabit
2895 5447 3111 5516 quidem
3139 5459 3301 5497 aures
3352 5454 3407 5496 et
3440 5442 3559 5495 ani-

1987 5575 2107 5615 mos
2157 5567 2349 5612 eorum
2399 5551 2487 5618 qui
2553 5554 2679 5600 sunt
2749 5539 2930 5612 pusilli
2988 5547 3044 5591 et
3099 5534 3294 5606 abiecti
3350 5532 3559 5588 animi:

1986 5665 2177 5706 eorum
2222 5655 2427 5707 autem,
2476 5640 2590 5709 qui,
2639 5633 2816 5704 quoad
2874 5632 2992 5700 ejus
3045 5629 3158 5682 ﬁeri
3188 5636 3415 5699 ,poteSI,
3468 5622 3562 5676 Dei

1988 5740 2206 5797 tnodum
2235 5741 2454 5792 norunt.
2490 5739 2544 5784 ct
2573 5742 2780 5797 magna:
2801 5724 2943 5777 illius
2967 5718 3242 5790 sapientia:
3267 5714 3558 5786 providen-

1985 5833 2113 5888 tiam
2143 5825 2540 5887 admirabilem,
2571 5824 2740 5886 magis
2767 5816 3003 5872 movebit
3035 5813 3268 5874 linguam
3296 5817 3361 5862 ad
3393 5809 3565 5861 ben...
