  <div class='ocr_page' id='page_1' title='image "/cluster/home/n/w/nwhite01/storage/ocr_20150623/115:no.2/coo.31924054870195/585.png"; bbox 0 0 4110 6440; ppageno 0'>
   <div class='ocr_carea' id='block_1_1' title="bbox 593 401 730 467">
    <p class='ocr_par' dir='ltr' id='par_1_1' title="bbox 593 401 730 467">
     <span class='ocr_line' id='line_1_1' title="bbox 593 401 730 467; baseline -0.029 0"><span class='ocrx_word' id='word_1_1' title='bbox 593 401 730 467; x_wconf 65' lang='lat'><strong>1135</strong></span> 
     </span>
    </p>
   </div>
   <div class='ocr_carea' id='block_1_2' title="bbox 1880 387 2567 453">
    <p class='ocr_par' dir='ltr' id='par_1_2' title="bbox 1880 387 2567 453">
     <span class='ocr_line' id='line_1_2' title="bbox 1880 387 2567 453; baseline -0.009 0"><span class='ocrx_word' id='word_1_2' title='bbox 1880 391 2161 453; x_wconf 74' lang='lat' dir='ltr'><strong>MENSIS</strong></span> <span class='ocrx_word' id='word_1_3' title='bbox 2198 387 2567 450; x_wconf 76' lang='lat' dir='ltr'><strong>OCTOBEB.</strong></span> 
     </span>
    </p>
   </div>
   <div class='ocr_carea' id='block_1_3' title="bbox 3724 382 3871 450">
    <p class='ocr_par' dir='ltr' id='par_1_3' title="bbox 3724 382 3871 450">
     <span class='ocr_line' id='line_1_3' title="bbox 3724 382 3871 450; baseline -0.02 -1"><span class='ocrx_word' id='word_1_4' title='bbox 3724 382 3871 450; x_wconf 72' lang='lat'><strong>1156</strong></span> 
     </span>
    </p>
   </div>
   <div class='ocr_carea' id='block_1_4' title="bbox 588 499 2169 586">
    <p class='ocr_par' dir='ltr' id='par_1_4' title="bbox 588 499 2169 569">
     <span class='ocr_line' id='line_1_4' title="bbox 588 499 2169 569; baseline -0.006 -6"><span class='ocrx_word' id='word_1_5' title='bbox 588 510 902 569; x_wconf 77' lang='lat' dir='ltr'><strong>dicendum,</strong></span> <span class='ocrx_word' id='word_1_6' title='bbox 928 512 981 558; x_wconf 87' lang='lat' dir='ltr'><strong>et</strong></span> <span class='ocrx_word' id='word_1_7' title='bbox 1015 502 1213 557; x_wconf 83' lang='lat' dir='ltr'><strong>faclum</strong></span> <span class='ocrx_word' id='word_1_8' title='bbox 1238 499 1635 556; x_wconf 80' lang='lat' dir='ltr'><strong>admittendum</strong></span> <span class='ocrx_word' id='word_1_9' title='bbox 1665 508 1880 569; x_wconf 83' lang='lat' dir='ltr'><strong>propter</strong></span> <span class='ocrx_word' id='word_1_10' title='bbox 1899 515 2039 564; x_wconf 86' lang='lat' dir='ltr'><strong>eam,</strong></span> <span class='ocrx_word' id='word_1_11' title='bbox 2059 512 2169 568; x_wconf 69' lang='lat' dir='ltr'><strong>qua</strong></span> 
     </span>
    </p>
   </div>
   <div class='ocr_carea' id='block_1_5' title="bbox 2272 499 3874 586">
    <p class='ocr_par' dir='ltr' id='par_1_5' title="bbox 2282 513 3874 586">
     <span class='ocr_line' id='line_1_5' title="bbox 2282 513 3874 586; baseline -0.001 -16"><span class='ocrx_word' id='word_1_12' title='bbox 2282 517 2523 583; x_wconf 74' lang='grc' dir='ltr'>εἰδότων,</span> <span class='ocrx_word' id='word_1_13' title='bbox 2571 516 2795 586; x_wconf 79' lang='grc' dir='ltr'>καὶτῆς</span> <span class='ocrx_word' id='word_1_14' title='bbox 2832 513 3074 586; x_wconf 70' lang='grc' dir='ltr'>μεγάλης</span> <span class='ocrx_word' id='word_1_15' title='bbox 3117 513 3329 567; x_wconf 81' lang='grc' dir='ltr'>ἐκείνου</span> <span class='ocrx_word' id='word_1_16' title='bbox 3381 514 3573 585; x_wconf 77' lang='grc' dir='ltr'><strong>σοφίας</strong></span> <span class='ocrx_word' id='word_1_17' title='bbox 3626 513 3874 582; x_wconf 72' lang='grc' dir='ltr'>παραδό-</span> 
     </span>
    </p>
   </div>
   <div class='ocr_carea' id='block_1_6' title="bbox 589 589 2169 679">
    <p class='ocr_par' dir='ltr' id='par_1_6' title="bbox 589 589 2169 663">
     <span class='ocr_line' id='line_1_6' title="bbox 589 589 2169 663; baseline -0.005 -10"><span class='ocrx_word' id='word_1_18' title='bbox 589 615 657 655; x_wconf 79' lang='lat' dir='ltr'><strong>ex</strong></span> <span class='ocrx_word' id='word_1_19' title='bbox 687 613 753 653; x_wconf 89' lang='lat' dir='ltr'><strong>eo</strong></span> <span class='ocrx_word' id='word_1_20' title='bbox 782 595 984 658; x_wconf 87' lang='lat' dir='ltr'><strong>evenit,</strong></span> <span class='ocrx_word' id='word_1_21' title='bbox 1018 593 1503 663; x_wconf 87' lang='lat' dir='ltr'><strong>utilitatem),puer</strong></span> <span class='ocrx_word' id='word_1_22' title='bbox 1527 589 1774 645; x_wconf 81' lang='lat' dir='ltr'><strong>defessus</strong></span> <span class='ocrx_word' id='word_1_23' title='bbox 1809 590 1863 644; x_wconf 92' lang='lat' dir='ltr'><strong>in</strong></span> <span class='ocrx_word' id='word_1_24' title='bbox 1897 606 1997 646; x_wconf 89' lang='lat' dir='ltr'><strong>suo</strong></span> <span class='ocrx_word' id='word_1_25' title='bbox 2036 590 2169 645; x_wconf 82' lang='lat' dir='ltr'><strong>lecto</strong></span> 
     </span>
    </p>
   </div>
   <div class='ocr_carea' id='block_1_7' title="bbox 2272 589 3876 679">
    <p class='ocr_par' dir='ltr' id='par_1_7' title="bbox 2281 605 3876 679">
     <span class='ocr_line' id='line_1_7' title="bbox 2281 605 3876 679; baseline -0.001 -18"><span class='ocrx_word' id='word_1_26' title='bbox 2281 608 2407 675; x_wconf 83' lang='grc' dir='ltr'>ξους</span> <span class='ocrx_word' id='word_1_27' title='bbox 2454 608 2792 679; x_wconf 80' lang='grc' dir='ltr'>οἰκονομίας,</span> <span class='ocrx_word' id='word_1_28' title='bbox 2838 610 3050 679; x_wconf 79' lang='grc' dir='ltr'><strong>κινήσει</strong></span> <span class='ocrx_word' id='word_1_29' title='bbox 3102 605 3306 676; x_wconf 78' lang='grc' dir='ltr'>μᾶλλον</span> <span class='ocrx_word' id='word_1_30' title='bbox 3354 607 3456 678; x_wconf 84' lang='grc' dir='ltr'><strong>τὴν</strong></span> <span class='ocrx_word' id='word_1_31' title='bbox 3493 606 3745 677; x_wconf 76' lang='grc' dir='ltr'>γλῶτταν</span> <span class='ocrx_word' id='word_1_32' title='bbox 3789 608 3876 670; x_wconf 73' lang='grc' dir='ltr'><strong>τίς</strong></span> 
     </span>
    </p>
   </div>
   <div class='ocr_carea' id='block_1_8' title="bbox 590 681 2176 751">
    <p class='ocr_par' dir='ltr' id='par_1_8' title="bbox 590 681 2176 751">
     <span class='ocr_line' id='line_1_8' title="bbox 590 681 2176 751; baseline -0.006 -5"><span class='ocrx_word' id='word_1_33' title='bbox 590 690 1141 746; x_wconf 80' lang='lat' dir='ltr'><strong>recumbebat:mater</strong></span> <span class='ocrx_word' id='word_1_34' title='bbox 1162 695 1342 740; x_wconf 87' lang='lat' dir='ltr'><strong>autem</strong></span> <span class='ocrx_word' id='word_1_35' title='bbox 1362 684 1465 739; x_wconf 82' lang='lat' dir='ltr'><strong>ﬁlii</strong></span> <span class='ocrx_word' id='word_1_36' title='bbox 1480 683 1720 739; x_wconf 79' lang='lat' dir='ltr'><strong>osculata</strong></span> <span class='ocrx_word' id='word_1_37' title='bbox 1742 683 1961 739; x_wconf 88' lang='lat' dir='ltr'><strong>oculos:</strong></span> <span class='ocrx_word' id='word_1_38' title='bbox 1981 681 2176 751; x_wconf 85' lang='lat' dir='ltr'><strong>Surge,</strong></span> 
     </span>
    </p>
   </div>
   <div class='ocr_carea' id='block_1_9' title="bbox 2278 688 3879 769">
    <p class='ocr_par' dir='ltr' id='par_1_9' title="bbox 2278 688 3879 769">
     <span class='ocr_line' id='line_1_9' title="bbox 2278 688 3879 769; baseline -0.002 -16"><span class='ocrx_word' id='word_1_39' title='bbox 2278 699 2557 769; x_wconf 78' lang='grc' dir='ltr'><strong>εὐφημίαν</strong></span> <span class='ocrx_word' id='word_1_40' title='bbox 2577 735 2594 763; x_wconf 83' lang='grc'><strong>,</strong></span> <span class='ocrx_word' id='word_1_41' title='bbox 2633 700 2730 753; x_wconf 76' lang='grc' dir='ltr'><strong>καὶ</strong></span> <span class='ocrx_word' id='word_1_42' title='bbox 2755 699 2816 753; x_wconf 74' lang='grc' dir='ltr'>τὸ</span> <span class='ocrx_word' id='word_1_43' title='bbox 2843 699 3065 767; x_wconf 74' lang='grc' dir='ltr'>γεγονὸς</span> <span class='ocrx_word' id='word_1_44' title='bbox 3106 688 3463 762; x_wconf 63' lang='grc' dir='ltr'>ἀποδέξονται</span> <span class='ocrx_word' id='word_1_45' title='bbox 3508 697 3607 767; x_wconf 84' lang='grc' dir='ltr'>τῆς</span> <span class='ocrx_word' id='word_1_46' title='bbox 3634 696 3775 768; x_wconf 76' lang='grc' dir='ltr'>πρὸς</span> <span class='ocrx_word' id='word_1_47' title='bbox 3808 695 3879 750; x_wconf 71' lang='grc' dir='ltr'><strong>τὸ</strong></span> 
     </span>
    </p>
   </div>
   <div class='ocr_carea' id='block_1_10' title="bbox 588 775 2169 862">
    <p class='ocr_par' dir='ltr' id='par_1_10' title="bbox 588 775 2169 846">
     <span class='ocr_line' id='line_1_10' title="bbox 588 775 2169 846; baseline -0.005 -10"><span class='ocrx_word' id='word_1_48' title='bbox 588 783 685 846; x_wconf 83' lang='lat' dir='ltr'><strong>ﬁli,</strong></span> <span class='ocrx_word' id='word_1_49' title='bbox 732 781 962 843; x_wconf 89' lang='lat' dir='ltr'><strong>dicebat,</strong></span> <span class='ocrx_word' id='word_1_50' title='bbox 993 787 1046 833; x_wconf 86' lang='lat' dir='ltr'><strong>et</strong></span> <span class='ocrx_word' id='word_1_51' title='bbox 1094 793 1220 832; x_wconf 84' lang='lat' dir='ltr'><strong>cum</strong></span> <span class='ocrx_word' id='word_1_52' title='bbox 1254 788 1428 832; x_wconf 90' lang='lat' dir='ltr'><strong>matre</strong></span> <span class='ocrx_word' id='word_1_53' title='bbox 1464 777 1644 831; x_wconf 81' lang='lat' dir='ltr'><strong>cibum</strong></span> <span class='ocrx_word' id='word_1_54' title='bbox 1684 790 1857 831; x_wconf 86' lang='lat' dir='ltr'><strong>sume.</strong></span> <span class='ocrx_word' id='word_1_55' title='bbox 1891 775 2169 839; x_wconf 79' lang='lat' dir='ltr'><strong>Quomodo</strong></span> 
     </span>
    </p>
   </div>
   <div class='ocr_carea' id='block_1_11' title="bbox 2272 775 3875 862">
    <p class='ocr_par' dir='ltr' id='par_1_11' title="bbox 2278 783 3875 862">
     <span class='ocr_line' id='line_1_11' title="bbox 2278 783 3875 862; baseline -0.003 -19"><span class='ocrx_word' id='word_1_56' title='bbox 2278 791 2563 861; x_wconf 79' lang='grc' dir='ltr'><strong>συμφέρον</strong></span> <span class='ocrx_word' id='word_1_57' title='bbox 2597 791 2902 854; x_wconf 77' lang='grc' dir='ltr'>ἐκϐάσεως.</span> <span class='ocrx_word' id='word_1_58' title='bbox 2935 790 3073 862; x_wconf 73' lang='grc' dir='ltr'>Ἤδη</span> <span class='ocrx_word' id='word_1_59' title='bbox 3125 788 3258 856; x_wconf 86' lang='grc' dir='ltr'>γοῦν</span> <span class='ocrx_word' id='word_1_60' title='bbox 3309 787 3445 859; x_wconf 76' lang='grc' dir='ltr'>πρὸς</span> <span class='ocrx_word' id='word_1_61' title='bbox 3494 785 3738 856; x_wconf 72' lang='grc' dir='ltr'>ἑσπέραν</span> <span class='ocrx_word' id='word_1_62' title='bbox 3766 783 3875 852; x_wconf 83' lang='grc' dir='ltr'>ὣν,</span> 
     </span>
    </p>
   </div>
   <div class='ocr_carea' id='block_1_12' title="bbox 590 861 2174 938">
    <p class='ocr_par' dir='ltr' id='par_1_12' title="bbox 590 861 2174 938">
     <span class='ocr_line' id='line_1_12' title="bbox 590 861 2174 938; baseline -0.005 -13"><span class='ocrx_word' id='word_1_63' title='bbox 590 872 735 926; x_wconf 88' lang='lat' dir='ltr'><strong>enim</strong></span> <span class='ocrx_word' id='word_1_64' title='bbox 764 871 982 925; x_wconf 81' lang='lat' dir='ltr'><strong>defesso</strong></span> <span class='ocrx_word' id='word_1_65' title='bbox 1009 878 1063 923; x_wconf 82' lang='lat' dir='ltr'><strong>ct</strong></span> <span class='ocrx_word' id='word_1_66' title='bbox 1082 870 1271 938; x_wconf 81' lang='lat' dir='ltr'><strong>jejuno</strong></span> <span class='ocrx_word' id='word_1_67' title='bbox 1294 867 1458 921; x_wconf 81' lang='lat' dir='ltr'><strong>fuerit</strong></span> <span class='ocrx_word' id='word_1_68' title='bbox 1480 880 1705 920; x_wconf 90' lang='lat' dir='ltr'><strong>somnus</strong></span> <span class='ocrx_word' id='word_1_69' title='bbox 1736 863 2015 933; x_wconf 86' lang='lat' dir='ltr'><strong>jucundus</strong></span> <span class='ocrx_word' id='word_1_70' title='bbox 2037 862 2060 915; x_wconf 77' lang='grc'><strong>1</strong></span> <span class='ocrx_word' id='word_1_71' title='bbox 2083 861 2174 917; x_wconf 91' lang='lat' dir='ltr'><strong>llle</strong></span> 
     </span>
    </p>
   </div>
   <div class='ocr_carea' id='block_1_13' title="bbox 587 955 2164 1018">
    <p class='ocr_par' dir='ltr' id='par_1_13' title="bbox 587 955 2164 1018">
     <span class='ocr_line' id='line_1_13' title="bbox 587 955 2164 1018; baseline -0.006 -2"><span class='ocrx_word' id='word_1_72' title='bbox 587 975 767 1017; x_wconf 82' lang='lat' dir='ltr'><strong>autem</strong></span> <span class='ocrx_word' id='word_1_73' title='bbox 795 977 918 1016; x_wconf 83' lang='lat' dir='ltr'><strong>cum</strong></span> <span class='ocrx_word' id='word_1_74' title='bbox 944 976 974 1015; x_wconf 91' lang='lat' dir='ltr'><strong>a</strong></span> <span class='ocrx_word' id='word_1_75' title='bbox 1010 960 1319 1014; x_wconf 75' lang='lat' dir='ltr'><strong>vehementi</strong></span> <span class='ocrx_word' id='word_1_76' title='bbox 1342 967 1398 1013; x_wconf 90' lang='lat' dir='ltr'><strong>et</strong></span> <span class='ocrx_word' id='word_1_77' title='bbox 1427 965 1585 1011; x_wconf 86' lang='lat' dir='ltr'><strong>acuta</strong></span> <span class='ocrx_word' id='word_1_78' title='bbox 1617 957 1767 1010; x_wconf 81' lang='lat' dir='ltr'><strong>febre</strong></span> <span class='ocrx_word' id='word_1_79' title='bbox 1800 955 2164 1018; x_wconf 83' lang='lat' dir='ltr'><strong>detineretur,</strong></span> 
     </span>
    </p>
   </div>
   <div class='ocr_carea' id='block_1_14' title="bbox 588 1045 2165 1121">
    <p class='ocr_par' dir='ltr' id='par_1_14' title="bbox 588 1045 2165 1121">
     <span class='ocr_line' id='line_1_14' title="bbox 588 1045 2165 1121; baseline -0.006 -14"><span class='ocrx_word' id='word_1_80' title='bbox 588 1068 656 1107; x_wconf 91' lang='lat' dir='ltr'><strong>ne</strong></span> <span class='ocrx_word' id='word_1_81' title='bbox 686 1053 848 1107; x_wconf 75' lang='lat' dir='ltr'><strong>matri</strong></span> <span class='ocrx_word' id='word_1_82' title='bbox 889 1052 1110 1121; x_wconf 88' lang='lat' dir='ltr'><strong>quidem</strong></span> <span class='ocrx_word' id='word_1_83' title='bbox 1141 1057 1357 1120; x_wconf 84' lang='lat' dir='ltr'><strong>poterat</strong></span> <span class='ocrx_word' id='word_1_84' title='bbox 1385 1047 1738 1117; x_wconf 86' lang='lat' dir='ltr'><strong>respondere.</strong></span> <span class='ocrx_word' id='word_1_85' title='bbox 1772 1045 1910 1100; x_wconf 90' lang='lat' dir='ltr'><strong>Tum</strong></span> <span class='ocrx_word' id='word_1_86' title='bbox 1948 1055 2120 1099; x_wconf 81' lang='lat' dir='ltr'><strong>mater</strong></span> <span class='ocrx_word' id='word_1_87' title='bbox 2149 1060 2165 1097; x_wconf 91' lang='lat'><strong>:</strong></span> 
     </span>
    </p>
   </div>
   <div class='ocr_carea' id='block_1_15' title="bbox 586 1135 2167 1214">
    <p class='ocr_par' dir='ltr' id='par_1_15' title="bbox 586 1135 2167 1214">
     <span class='ocr_line' id='line_1_15' title="bbox 586 1135 2167 1214; baseline -0.008 -13"><span class='ocrx_word' id='word_1_88' title='bbox 586 1148 776 1209; x_wconf 76' lang='lat' dir='ltr'><strong>Certe,</strong></span> <span class='ocrx_word' id='word_1_89' title='bbox 806 1143 1004 1214; x_wconf 86' lang='lat' dir='ltr'><strong>inquit,</strong></span> <span class='ocrx_word' id='word_1_90' title='bbox 1053 1157 1157 1199; x_wconf 82' lang='lat' dir='ltr'><strong>nec</strong></span> <span class='ocrx_word' id='word_1_91' title='bbox 1202 1156 1303 1211; x_wconf 83' lang='lat' dir='ltr'><strong>ego</strong></span> <span class='ocrx_word' id='word_1_92' title='bbox 1333 1140 1551 1210; x_wconf 84' lang='lat' dir='ltr'><strong>quidem</strong></span> <span class='ocrx_word' id='word_1_93' title='bbox 1594 1140 1799 1201; x_wconf 81' lang='lat' dir='ltr'><strong>cibum,</strong></span> <span class='ocrx_word' id='word_1_94' title='bbox 1841 1148 1934 1192; x_wconf 88' lang='lat' dir='ltr'><strong>aut</strong></span> <span class='ocrx_word' id='word_1_95' title='bbox 1965 1135 2167 1205; x_wconf 88' lang='lat' dir='ltr'><strong>aliquid</strong></span> 
     </span>
    </p>
   </div>
   <div class='ocr_carea' id='block_1_16' title="bbox 587 1228 2171 1307">
    <p class='ocr_par' dir='ltr' id='par_1_16' title="bbox 587 1228 2171 1307">
     <span class='ocr_line' id='line_1_16' title="bbox 587 1228 2171 1307; baseline -0.006 -15"><span class='ocrx_word' id='word_1_96' title='bbox 587 1237 733 1292; x_wconf 84' lang='lat' dir='ltr'><strong>aliud</strong></span> <span class='ocrx_word' id='word_1_97' title='bbox 765 1235 1014 1307; x_wconf 82' lang='lat' dir='ltr'><strong>gustabo,</strong></span> <span class='ocrx_word' id='word_1_98' title='bbox 1050 1235 1149 1289; x_wconf 90' lang='lat' dir='ltr'><strong>nisi</strong></span> <span class='ocrx_word' id='word_1_99' title='bbox 1181 1235 1334 1303; x_wconf 82' lang='lat' dir='ltr'><strong>prius</strong></span> <span class='ocrx_word' id='word_1_100' title='bbox 1369 1230 1708 1295; x_wconf 78' lang='lat' dir='ltr'><strong>intellexero,</strong></span> <span class='ocrx_word' id='word_1_101' title='bbox 1743 1229 2018 1299; x_wconf 90' lang='lat' dir='ltr'><strong>quomodo</strong></span> <span class='ocrx_word' id='word_1_102' title='bbox 2050 1228 2171 1282; x_wconf 69' lang='grc' dir='ltr'><strong>11ωο</strong></span> 
     </span>
    </p>
   </div>
   <div class='ocr_carea' id='block_1_17' title="bbox 590 1319 2173 1392">
    <p class='ocr_par' dir='ltr' id='par_1_17' title="bbox 590 1319 2173 1392">
     <span class='ocr_line' id='line_1_17' title="bbox 590 1319 2173 1392; baseline -0.006 -10"><span class='ocrx_word' id='word_1_103' title='bbox 590 1342 678 1382; x_wconf 86' lang='lat' dir='ltr'><strong>res</strong></span> <span class='ocrx_word' id='word_1_104' title='bbox 721 1326 969 1381; x_wconf 79' lang='lat' dir='ltr'><strong>evenerit</strong></span> <span class='ocrx_word' id='word_1_105' title='bbox 1000 1324 1131 1381; x_wconf 83' lang='lat' dir='ltr'><strong>ﬁlio.</strong></span> <span class='ocrx_word' id='word_1_106' title='bbox 1175 1324 1235 1378; x_wconf 81' lang='lat' dir='ltr'><strong>Ei</strong></span> <span class='ocrx_word' id='word_1_107' title='bbox 1288 1322 1454 1392; x_wconf 81' lang='lat' dir='ltr'><strong>igitur</strong></span> <span class='ocrx_word' id='word_1_108' title='bbox 1504 1321 1750 1375; x_wconf 86' lang='lat' dir='ltr'><strong>assidens</strong></span> <span class='ocrx_word' id='word_1_109' title='bbox 1793 1319 2080 1381; x_wconf 89' lang='lat' dir='ltr'><strong>insomnis,</strong></span> <span class='ocrx_word' id='word_1_110' title='bbox 2117 1328 2173 1375; x_wconf 87' lang='lat' dir='ltr'><strong>et</strong></span> 
     </span>
    </p>
   </div>
   <div class='ocr_carea' id='block_1_18' title="bbox 587 1410 2172 1485">
    <p class='ocr_par' dir='ltr' id='par_1_18' title="bbox 587 1410 2172 1485">
     <span class='ocr_line' id='line_1_18' title="bbox 587 1410 2172 1485; baseline -0.006 -11"><span class='ocrx_word' id='word_1_111' title='bbox 587 1420 762 1474; x_wconf 87' lang='lat' dir='ltr'><strong>morbi</strong></span> <span class='ocrx_word' id='word_1_112' title='bbox 802 1417 1078 1479; x_wconf 86' lang='lat' dir='ltr'><strong>ardorem,</strong></span> <span class='ocrx_word' id='word_1_113' title='bbox 1117 1425 1178 1469; x_wconf 88' lang='lat' dir='ltr'><strong>ut</strong></span> <span class='ocrx_word' id='word_1_114' title='bbox 1215 1425 1443 1485; x_wconf 85' lang='lat' dir='ltr'><strong>poterat,</strong></span> <span class='ocrx_word' id='word_1_115' title='bbox 1471 1413 1819 1483; x_wconf 79' lang='lat' dir='ltr'><strong>refrigerans.</strong></span> <span class='ocrx_word' id='word_1_116' title='bbox 1867 1417 1963 1464; x_wconf 85' lang='lat' dir='ltr'><strong>aut</strong></span> <span class='ocrx_word' id='word_1_117' title='bbox 1991 1410 2172 1479; x_wconf 90' lang='lat' dir='ltr'><strong>potius</strong></span> 
     </span>
    </p>
   </div>
   <div class='ocr_carea' id='block_1_19' title="bbox 588 1503 2172 1581">
    <p class='ocr_par' dir='ltr' id='par_1_19' title="bbox 588 1503 2172 1581">
     <span class='ocr_line' id='line_1_19' title="bbox 588 1503 2172 1581; baseline -0.005 -16"><span class='ocrx_word' id='word_1_118' title='bbox 588 1511 692 1565; x_wconf 86' lang='lat' dir='ltr'><strong>sihi</strong></span> <span class='ocrx_word' id='word_1_119' title='bbox 723 1512 901 1581; x_wconf 85' lang='lat' dir='ltr'><strong>ignem</strong></span> <span class='ocrx_word' id='word_1_120' title='bbox 941 1508 1250 1562; x_wconf 79' lang='lat' dir='ltr'><strong>accendens</strong></span> <span class='ocrx_word' id='word_1_121' title='bbox 1292 1522 1324 1560; x_wconf 89' lang='lat' dir='ltr'><strong>e</strong></span> <span class='ocrx_word' id='word_1_122' title='bbox 1368 1506 1691 1566; x_wconf 81' lang='lat' dir='ltr'><strong>visceribus,</strong></span> <span class='ocrx_word' id='word_1_123' title='bbox 1748 1505 1893 1559; x_wconf 91' lang='lat' dir='ltr'><strong>circa</strong></span> <span class='ocrx_word' id='word_1_124' title='bbox 1937 1503 2172 1558; x_wconf 89' lang='lat' dir='ltr'><strong>mediam</strong></span> 
     </span>
    </p>
   </div>
   <div class='ocr_carea' id='block_1_20' title="bbox 589 1592 2174 1669">
    <p class='ocr_par' dir='ltr' id='par_1_20' title="bbox 589 1592 2174 1669">
     <span class='ocr_line' id='line_1_20' title="bbox 589 1592 2174 1669; baseline -0.005 -14"><span class='ocrx_word' id='word_1_125' title='bbox 589 1611 804 1655; x_wconf 84' lang='lat' dir='ltr'><strong>noctem</strong></span> <span class='ocrx_word' id='word_1_126' title='bbox 872 1600 1091 1669; x_wconf 81' lang='lat' dir='ltr'><strong>(qualia</strong></span> <span class='ocrx_word' id='word_1_127' title='bbox 1148 1607 1276 1651; x_wconf 86' lang='lat' dir='ltr'><strong>sunt</strong></span> <span class='ocrx_word' id='word_1_128' title='bbox 1333 1596 1426 1652; x_wconf 89' lang='lat' dir='ltr'><strong>Dei</strong></span> <span class='ocrx_word' id='word_1_129' title='bbox 1485 1596 1766 1666; x_wconf 85' lang='lat' dir='ltr'><strong>judicia!)</strong></span> <span class='ocrx_word' id='word_1_130' title='bbox 1821 1593 1959 1647; x_wconf 85' lang='lat' dir='ltr'><strong>vidit</strong></span> <span class='ocrx_word' id='word_1_131' title='bbox 2005 1592 2174 1647; x_wconf 83' lang='lat' dir='ltr'><strong>tilium</strong></span> 
     </span>
    </p>
   </div>
   <div class='ocr_carea' id='block_1_21' title="bbox 587 1688 1860 1758">
    <p class='ocr_par' dir='ltr' id='par_1_21' title="bbox 587 1688 1860 1758">
     <span class='ocr_line' id='line_1_21' title="bbox 587 1688 1860 1758; baseline -0.006 -12"><span class='ocrx_word' id='word_1_132' title='bbox 587 1693 777 1746; x_wconf 89' lang='lat' dir='ltr'><strong>morbo</strong></span> <span class='ocrx_word' id='word_1_133' title='bbox 805 1691 1137 1751; x_wconf 80' lang='lat' dir='ltr'><strong>confectum,</strong></span> <span class='ocrx_word' id='word_1_134' title='bbox 1166 1698 1223 1743; x_wconf 92' lang='lat' dir='ltr'><strong>et</strong></span> <span class='ocrx_word' id='word_1_135' title='bbox 1242 1688 1518 1758; x_wconf 70' lang='lat' dir='ltr'><strong>iacentem</strong></span> <span class='ocrx_word' id='word_1_136' title='bbox 1560 1694 1860 1740; x_wconf 91' lang='lat' dir='ltr'><strong>mortuum.</strong></span> 
     </span>
    </p>
   </div>
   <div class='ocr_carea' id='block_1_22' title="bbox 2275 878 3875 951">
    <p class='ocr_par' dir='ltr' id='par_1_22' title="bbox 2275 878 3875 951">
     <span class='ocr_line' id='line_1_22' title="bbox 2275 878 3875 951; baseline -0.004 -16"><span class='ocrx_word' id='word_1_137' title='bbox 2275 884 2589 947; x_wconf 76' lang='grc' dir='ltr'><strong>κατάκοπος</strong></span> <span class='ocrx_word' id='word_1_138' title='bbox 2615 884 2644 935; x_wconf 78' lang='grc' dir='ltr'>ὁ</span> <span class='ocrx_word' id='word_1_139' title='bbox 2696 886 2823 947; x_wconf 84' lang='grc' dir='ltr'>παῖς</span> <span class='ocrx_word' id='word_1_140' title='bbox 2866 882 3111 950; x_wconf 86' lang='grc' dir='ltr'>γεγονὼς</span> <span class='ocrx_word' id='word_1_141' title='bbox 3160 884 3229 951; x_wconf 84' lang='grc' dir='ltr'>τῇ</span> <span class='ocrx_word' id='word_1_142' title='bbox 3271 878 3468 933; x_wconf 82' lang='grc' dir='ltr'>ἑαυτοῦ</span> <span class='ocrx_word' id='word_1_143' title='bbox 3500 879 3657 949; x_wconf 80' lang='grc' dir='ltr'><strong>κοίτῃ</strong></span> <span class='ocrx_word' id='word_1_144' title='bbox 3691 894 3875 947; x_wconf 86' lang='grc' dir='ltr'>προσ-</span> 
     </span>
    </p>
   </div>
   <div class='ocr_carea' id='block_1_23' title="bbox 2272 969 3876 1046">
    <p class='ocr_par' dir='ltr' id='par_1_23' title="bbox 2272 969 3876 1046">
     <span class='ocr_line' id='line_1_23' title="bbox 2272 969 3876 1046; baseline -0.003 -20"><span class='ocrx_word' id='word_1_145' title='bbox 2272 974 2584 1027; x_wconf 83' lang='grc' dir='ltr'>ανεκλίνετο</span> <span class='ocrx_word' id='word_1_146' title='bbox 2619 991 2636 1006; x_wconf 90' lang='grc'><strong>·</strong></span> <span class='ocrx_word' id='word_1_147' title='bbox 2672 976 2705 1045; x_wconf 85' lang='grc' dir='ltr'><strong>ή</strong></span> <span class='ocrx_word' id='word_1_148' title='bbox 2751 975 2808 1028; x_wconf 79' lang='grc' dir='ltr'>δὲ</span> <span class='ocrx_word' id='word_1_149' title='bbox 2842 977 3021 1046; x_wconf 82' lang='grc' dir='ltr'><strong>μήτηρ</strong></span> <span class='ocrx_word' id='word_1_150' title='bbox 3071 971 3368 1043; x_wconf 78' lang='grc' dir='ltr'>προσφῦσα</span> <span class='ocrx_word' id='word_1_151' title='bbox 3399 972 3512 1033; x_wconf 90' lang='grc' dir='ltr'>τοῖς</span> <span class='ocrx_word' id='word_1_152' title='bbox 3539 969 3634 1022; x_wconf 85' lang='grc' dir='ltr'><strong>τοῦ</strong></span> <span class='ocrx_word' id='word_1_153' title='bbox 3672 969 3876 1033; x_wconf 69' lang='grc' dir='ltr'>παιδὸς</span> 
     </span>
    </p>
   </div>
   <div class='ocr_carea' id='block_1_24' title="bbox 2265 1062 3875 1136">
    <p class='ocr_par' dir='ltr' id='par_1_24' title="bbox 2265 1062 3875 1136">
     <span class='ocr_line' id='line_1_24' title="bbox 2265 1062 3875 1136; baseline -0.002 -18"><span class='ocrx_word' id='word_1_154' title='bbox 2265 1065 2588 1136; x_wconf 78' lang='grc' dir='ltr'>ὀφθαλμοῖς,</span> <span class='ocrx_word' id='word_1_155' title='bbox 2606 1065 2909 1132; x_wconf 76' lang='grc' dir='ltr'>Ἀνίστασο,</span> <span class='ocrx_word' id='word_1_156' title='bbox 2928 1067 3140 1131; x_wconf 83' lang='grc' dir='ltr'>τέκνον,</span> <span class='ocrx_word' id='word_1_157' title='bbox 3156 1064 3333 1133; x_wconf 76' lang='grc' dir='ltr'>ἔλεγε,</span> <span class='ocrx_word' id='word_1_158' title='bbox 3353 1064 3447 1117; x_wconf 76' lang='grc' dir='ltr'><strong>καὶ</strong></span> <span class='ocrx_word' id='word_1_159' title='bbox 3465 1062 3562 1115; x_wconf 83' lang='grc' dir='ltr'><strong>σὺν</strong></span> <span class='ocrx_word' id='word_1_160' title='bbox 3577 1065 3642 1133; x_wconf 80' lang='grc' dir='ltr'><strong>τῇ</strong></span> <span class='ocrx_word' id='word_1_161' title='bbox 3667 1062 3875 1132; x_wconf 76' lang='grc' dir='ltr'>μητέρι</span> 
     </span>
    </p>
   </div>
   <div class='ocr_carea' id='block_1_25' title="bbox 2268 1155 3876 1228">
    <p class='ocr_par' dir='ltr' id='par_1_25' title="bbox 2268 1155 3876 1228">
     <span class='ocr_line' id='line_1_25' title="bbox 2268 1155 3876 1228; baseline -0.001 -20"><span class='ocrx_word' id='word_1_162' title='bbox 2268 1156 2515 1210; x_wconf 85' lang='grc' dir='ltr'>κοινώνει</span> <span class='ocrx_word' id='word_1_163' title='bbox 2569 1158 2776 1228; x_wconf 75' lang='grc' dir='ltr'>τροφῆς</span> <span class='ocrx_word' id='word_1_164' title='bbox 2803 1174 2819 1190; x_wconf 89' lang='grc'><strong>·</strong></span> <span class='ocrx_word' id='word_1_165' title='bbox 2850 1158 2968 1222; x_wconf 87' lang='grc' dir='ltr'><strong>πῶς</strong></span> <span class='ocrx_word' id='word_1_166' title='bbox 3021 1159 3134 1228; x_wconf 84' lang='grc' dir='ltr'><strong>γάρ</strong></span> <span class='ocrx_word' id='word_1_167' title='bbox 3172 1157 3240 1210; x_wconf 81' lang='grc' dir='ltr'>ἂν</span> <span class='ocrx_word' id='word_1_168' title='bbox 3274 1156 3440 1218; x_wconf 85' lang='grc' dir='ltr'>ῦπνος</span> <span class='ocrx_word' id='word_1_169' title='bbox 3472 1155 3602 1226; x_wconf 72' lang='grc' dir='ltr'>ἡδὺς</span> <span class='ocrx_word' id='word_1_170' title='bbox 3652 1171 3876 1224; x_wconf 79' lang='grc' dir='ltr'><strong>κεκμη⁸</strong></span> 
     </span>
    </p>
   </div>
   <div class='ocr_carea' id='block_1_26' title="bbox 2272 1246 3873 1321">
    <p class='ocr_par' dir='ltr' id='par_1_26' title="bbox 2272 1246 3873 1321">
     <span class='ocr_line' id='line_1_26' title="bbox 2272 1246 3873 1321; baseline -0.002 -21"><span class='ocrx_word' id='word_1_171' title='bbox 2272 1249 2390 1302; x_wconf 88' lang='grc' dir='ltr'>κότι</span> <span class='ocrx_word' id='word_1_172' title='bbox 2416 1250 2510 1303; x_wconf 79' lang='grc' dir='ltr'><strong>καὶ</strong></span> <span class='ocrx_word' id='word_1_173' title='bbox 2533 1250 2705 1321; x_wconf 85' lang='grc' dir='ltr'>ἀσίτῳ</span> <span class='ocrx_word' id='word_1_174' title='bbox 2725 1253 2953 1318; x_wconf 82' lang='grc' dir='ltr'>γένοιτο,</span> <span class='ocrx_word' id='word_1_175' title='bbox 2984 1252 3012 1303; x_wconf 87' lang='grc' dir='ltr'><strong>ὁ</strong></span> <span class='ocrx_word' id='word_1_176' title='bbox 3033 1250 3112 1316; x_wconf 84' lang='grc' dir='ltr'>δὲ,</span> <span class='ocrx_word' id='word_1_177' title='bbox 3129 1249 3319 1319; x_wconf 77' lang='grc' dir='ltr'>λάϐρῳ</span> <span class='ocrx_word' id='word_1_178' title='bbox 3346 1266 3403 1301; x_wconf 86' lang='grc' dir='ltr'>τε</span> <span class='ocrx_word' id='word_1_179' title='bbox 3435 1250 3527 1300; x_wconf 74' lang='grc' dir='ltr'><strong>καὶ</strong></span> <span class='ocrx_word' id='word_1_180' title='bbox 3545 1246 3661 1312; x_wconf 76' lang='grc' dir='ltr'>ὀξεῖ</span> <span class='ocrx_word' id='word_1_181' title='bbox 3694 1260 3873 1316; x_wconf 77' lang='grc' dir='ltr'>πυρε-</span> 
     </span>
    </p>
   </div>
   <div class='ocr_carea' id='block_1_27' title="bbox 2269 1338 3872 1413">
    <p class='ocr_par' dir='ltr' id='par_1_27' title="bbox 2269 1338 3872 1413">
     <span class='ocr_line' id='line_1_27' title="bbox 2269 1338 3872 1413; baseline -0.002 -19"><span class='ocrx_word' id='word_1_182' title='bbox 2269 1339 2349 1410; x_wconf 80' lang='grc' dir='ltr'><strong>τῷ</strong></span> <span class='ocrx_word' id='word_1_183' title='bbox 2385 1342 2620 1413; x_wconf 84' lang='grc' dir='ltr'>κάτοχος</span> <span class='ocrx_word' id='word_1_184' title='bbox 2663 1341 2761 1406; x_wconf 82' lang='grc' dir='ltr'>ὣν,</span> <span class='ocrx_word' id='word_1_185' title='bbox 2789 1343 2911 1397; x_wconf 82' lang='grc' dir='ltr'>οὐδὲ</span> <span class='ocrx_word' id='word_1_186' title='bbox 2947 1343 3106 1411; x_wconf 78' lang='grc' dir='ltr'>λόγον</span> <span class='ocrx_word' id='word_1_187' title='bbox 3136 1343 3263 1413; x_wconf 78' lang='grc' dir='ltr'>ἔσχε</span> <span class='ocrx_word' id='word_1_188' title='bbox 3290 1345 3359 1413; x_wconf 82' lang='grc' dir='ltr'><strong>τῇ</strong></span> <span class='ocrx_word' id='word_1_189' title='bbox 3398 1341 3598 1410; x_wconf 83' lang='grc' dir='ltr'><strong>μητέρι</strong></span> <span class='ocrx_word' id='word_1_190' title='bbox 3628 1338 3872 1406; x_wconf 83' lang='grc' dir='ltr'>ἀποκρί-</span> 
     </span>
    </p>
   </div>
   <div class='ocr_carea' id='block_1_28' title="bbox 2270 1429 3870 1507">
    <p class='ocr_par' dir='ltr' id='par_1_28' title="bbox 2270 1429 3870 1507">
     <span class='ocr_line' id='line_1_28' title="bbox 2270 1429 3870 1507; baseline -0.004 -21"><span class='ocrx_word' id='word_1_191' title='bbox 2270 1433 2485 1499; x_wconf 83' lang='grc' dir='ltr'>νασθαι,</span> <span class='ocrx_word' id='word_1_192' title='bbox 2507 1439 2599 1487; x_wconf 77' lang='grc' dir='ltr'><strong>καὶ</strong></span> <span class='ocrx_word' id='word_1_193' title='bbox 2618 1435 2756 1506; x_wconf 77' lang='grc' dir='ltr'>αὑτὴ</span> <span class='ocrx_word' id='word_1_194' title='bbox 2782 1452 2797 1466; x_wconf 93' lang='grc'><strong>·</strong></span> <span class='ocrx_word' id='word_1_195' title='bbox 2824 1437 2893 1488; x_wconf 84' lang='grc' dir='ltr'>Ἦ</span> <span class='ocrx_word' id='word_1_196' title='bbox 2930 1436 3059 1507; x_wconf 82' lang='grc' dir='ltr'>μὴν,</span> <span class='ocrx_word' id='word_1_197' title='bbox 3089 1435 3218 1505; x_wconf 74' lang='grc' dir='ltr'>ἔφη,</span> <span class='ocrx_word' id='word_1_198' title='bbox 3243 1432 3364 1486; x_wconf 79' lang='grc' dir='ltr'><strong>οὐδὲ</strong></span> <span class='ocrx_word' id='word_1_199' title='bbox 3390 1429 3502 1501; x_wconf 75' lang='grc' dir='ltr'>ἐγὼ</span> <span class='ocrx_word' id='word_1_200' title='bbox 3526 1429 3739 1500; x_wconf 79' lang='grc' dir='ltr'>τροφῆς</span> <span class='ocrx_word' id='word_1_201' title='bbox 3769 1429 3870 1481; x_wconf 69' lang='grc' dir='ltr'><strong>οἰ-</strong></span> 
     </span>
    </p>
   </div>
   <div class='ocr_carea' id='block_1_29' title="bbox 2270 1517 3867 1596">
    <p class='ocr_par' dir='ltr' id='par_1_29' title="bbox 2270 1517 3867 1596">
     <span class='ocr_line' id='line_1_29' title="bbox 2270 1517 3867 1596; baseline -0.003 -22"><span class='ocrx_word' id='word_1_202' title='bbox 2270 1522 2330 1575; x_wconf 79' lang='grc' dir='ltr'><strong><em>δὲ</em></strong></span> <span class='ocrx_word' id='word_1_203' title='bbox 2385 1540 2531 1586; x_wconf 90' lang='grc' dir='ltr'>τινος</span> <span class='ocrx_word' id='word_1_204' title='bbox 2587 1525 2993 1596; x_wconf 80' lang='grc' dir='ltr'>ἀπογεύσομαι,</span> <span class='ocrx_word' id='word_1_205' title='bbox 3056 1527 3104 1578; x_wconf 88' lang='grc' dir='ltr'><strong>εί</strong></span> <span class='ocrx_word' id='word_1_206' title='bbox 3167 1524 3247 1594; x_wconf 79' lang='grc' dir='ltr'>μὴ</span> <span class='ocrx_word' id='word_1_207' title='bbox 3294 1524 3564 1593; x_wconf 68' lang='grc' dir='ltr'>πρότερον</span> <span class='ocrx_word' id='word_1_208' title='bbox 3604 1520 3735 1590; x_wconf 78' lang='grc' dir='ltr'>περὶ</span> <span class='ocrx_word' id='word_1_209' title='bbox 3765 1517 3867 1571; x_wconf 83' lang='grc' dir='ltr'><strong>τοῦ</strong></span> 
     </span>
    </p>
   </div>
   <div class='ocr_carea' id='block_1_30' title="bbox 2272 1610 3870 1689">
    <p class='ocr_par' dir='ltr' id='par_1_30' title="bbox 2272 1610 3870 1689">
     <span class='ocr_line' id='line_1_30' title="bbox 2272 1610 3870 1689; baseline -0.002 -22"><span class='ocrx_word' id='word_1_210' title='bbox 2272 1616 2622 1685; x_wconf 81' lang='grc' dir='ltr'>πράγματος,</span> <span class='ocrx_word' id='word_1_211' title='bbox 2648 1619 2797 1681; x_wconf 85' lang='grc' dir='ltr'>ὅπως</span> <span class='ocrx_word' id='word_1_212' title='bbox 2827 1618 2893 1673; x_wconf 78' lang='grc' dir='ltr'>ἂν</span> <span class='ocrx_word' id='word_1_213' title='bbox 2911 1617 3091 1689; x_wconf 73' lang='grc' dir='ltr'>ἀποϐῇ</span> <span class='ocrx_word' id='word_1_214' title='bbox 3121 1617 3197 1687; x_wconf 80' lang='grc' dir='ltr'><strong>τῷ</strong></span> <span class='ocrx_word' id='word_1_215' title='bbox 3229 1615 3332 1686; x_wconf 86' lang='grc' dir='ltr'>υἱῷ</span> <span class='ocrx_word' id='word_1_216' title='bbox 3358 1615 3609 1684; x_wconf 77' lang='grc' dir='ltr'><strong>μάθοιμι,</strong></span> <span class='ocrx_word' id='word_1_217' title='bbox 3647 1613 3741 1666; x_wconf 77' lang='grc' dir='ltr'><strong>καὶ</strong></span> <span class='ocrx_word' id='word_1_218' title='bbox 3766 1610 3870 1680; x_wconf 65' lang='lat'><strong>6&#39;7;-</strong></span> 
     </span>
    </p>
   </div>
   <div class='ocr_carea' id='block_1_31' title="bbox 2272 1706 3866 1782">
    <p class='ocr_par' dir='ltr' id='par_1_31' title="bbox 2272 1706 3866 1782">
     <span class='ocr_line' id='line_1_31' title="bbox 2272 1706 3866 1782; baseline -0.004 -21"><span class='ocrx_word' id='word_1_219' title='bbox 2272 1724 2341 1762; x_wconf 87' lang='grc' dir='ltr'><strong>τα</strong></span> <span class='ocrx_word' id='word_1_220' title='bbox 2371 1710 2813 1782; x_wconf 83' lang='grc' dir='ltr'>παρακαθημένη</span> <span class='ocrx_word' id='word_1_221' title='bbox 2843 1710 2922 1781; x_wconf 82' lang='grc' dir='ltr'>τῷ</span> <span class='ocrx_word' id='word_1_222' title='bbox 2955 1710 3107 1763; x_wconf 78' lang='grc' dir='ltr'>παιδὶ</span> <span class='ocrx_word' id='word_1_223' title='bbox 3140 1712 3369 1774; x_wconf 77' lang='grc' dir='ltr'>ἄϋπνος,</span> <span class='ocrx_word' id='word_1_224' title='bbox 3410 1707 3624 1760; x_wconf 77' lang='grc' dir='ltr'>καὶτὸν</span> <span class='ocrx_word' id='word_1_225' title='bbox 3657 1706 3724 1756; x_wconf 80' lang='grc' dir='ltr'>ὲκ</span> <span class='ocrx_word' id='word_1_226' title='bbox 3760 1706 3866 1769; x_wconf 66' lang='grc' dir='ltr'>τῆς</span> 
     </span>
    </p>
   </div>
   <div class='ocr_carea' id='block_1_32' title="bbox 586 1790 3865 1874">
    <p class='ocr_par' dir='ltr' id='par_1_32' title="bbox 586 1790 3865 1874">
     <span class='ocr_line' id='line_1_32' title="bbox 586 1790 3865 1874; baseline -0.002 -19"><span class='ocrx_word' id='word_1_227' title='bbox 586 1801 741 1855; x_wconf 76' lang='grc' dir='ltr'>νόσου</span> <span class='ocrx_word' id='word_1_228' title='bbox 796 1797 1057 1869; x_wconf 80' lang='grc' dir='ltr'><strong>φλογμὸν,</strong></span> <span class='ocrx_word' id='word_1_229' title='bbox 1113 1796 1302 1868; x_wconf 82' lang='grc' dir='ltr'>ὥσπερ</span> <span class='ocrx_word' id='word_1_230' title='bbox 1360 1793 1427 1868; x_wconf 77' lang='grc' dir='ltr'>ἦν</span> <span class='ocrx_word' id='word_1_231' title='bbox 1491 1794 1715 1848; x_wconf 83' lang='grc' dir='ltr'>δυνατὸν</span> <span class='ocrx_word' id='word_1_232' title='bbox 1764 1790 2136 1863; x_wconf 70' lang='grc' dir='ltr'>ἀναψύχουσα,</span> <span class='ocrx_word' id='word_1_233' title='bbox 2187 1795 2221 1868; x_wconf 75' lang='grc' dir='ltr'>ἢ</span> <span class='ocrx_word' id='word_1_234' title='bbox 2283 1800 2488 1870; x_wconf 81' lang='grc' dir='ltr'>μᾶλλον</span> <span class='ocrx_word' id='word_1_235' title='bbox 2540 1804 2708 1874; x_wconf 80' lang='grc' dir='ltr'>ἑαυτῇ</span> <span class='ocrx_word' id='word_1_236' title='bbox 2745 1803 2806 1856; x_wconf 85' lang='grc' dir='ltr'><strong>τὸ</strong></span> <span class='ocrx_word' id='word_1_237' title='bbox 2854 1802 2965 1873; x_wconf 85' lang='grc' dir='ltr'><strong>πῦρ</strong></span> <span class='ocrx_word' id='word_1_238' title='bbox 3003 1801 3165 1857; x_wconf 81' lang='grc' dir='ltr'>πλέον</span> <span class='ocrx_word' id='word_1_239' title='bbox 3226 1802 3336 1855; x_wconf 78' lang='grc' dir='ltr'><strong>ἀπὸ</strong></span> <span class='ocrx_word' id='word_1_240' title='bbox 3380 1800 3487 1854; x_wconf 85' lang='grc' dir='ltr'><strong>τῶν</strong></span> <span class='ocrx_word' id='word_1_241' title='bbox 3534 1798 3865 1868; x_wconf 77' lang='grc' dir='ltr'><strong>σπλάγχνων</strong></span> 
     </span>
    </p>
   </div>
   <div class='ocr_carea' id='block_1_33' title="bbox 584 1881 3865 1967">
    <p class='ocr_par' dir='ltr' id='par_1_33' title="bbox 584 1881 3865 1967">
     <span class='ocr_line' id='line_1_33' title="bbox 584 1881 3865 1967; baseline -0.002 -14"><span class='ocrx_word' id='word_1_242' title='bbox 584 1895 924 1967; x_wconf 70' lang='grc' dir='ltr'>ἀνάπτουσαι</span> <span class='ocrx_word' id='word_1_243' title='bbox 985 1892 1114 1963; x_wconf 72' lang='grc' dir='ltr'>περὶ</span> <span class='ocrx_word' id='word_1_244' title='bbox 1163 1892 1336 1962; x_wconf 84' lang='grc' dir='ltr'>μέσας</span> <span class='ocrx_word' id='word_1_245' title='bbox 1378 1888 1582 1951; x_wconf 77' lang='grc' dir='ltr'>νύκτας</span> <span class='ocrx_word' id='word_1_246' title='bbox 1636 1881 1746 1958; x_wconf 75' lang='grc' dir='ltr'><strong>(οἷα</strong></span> <span class='ocrx_word' id='word_1_247' title='bbox 1780 1887 1847 1940; x_wconf 87' lang='grc' dir='ltr'><strong>τά</strong></span> <span class='ocrx_word' id='word_1_248' title='bbox 1892 1886 1987 1939; x_wconf 83' lang='grc' dir='ltr'>τοῦ</span> <span class='ocrx_word' id='word_1_249' title='bbox 2025 1887 2161 1942; x_wconf 79' lang='grc' dir='ltr'>Θεοῦ</span> <span class='ocrx_word' id='word_1_250' title='bbox 2202 1894 2540 1964; x_wconf 72' lang='grc' dir='ltr'>κρέμαται),</span> <span class='ocrx_word' id='word_1_251' title='bbox 2572 1896 2679 1966; x_wconf 78' lang='grc' dir='ltr'>ὁρᾶ</span> <span class='ocrx_word' id='word_1_252' title='bbox 2712 1894 2803 1948; x_wconf 79' lang='grc' dir='ltr'><strong>τὸν</strong></span> <span class='ocrx_word' id='word_1_253' title='bbox 2851 1896 3018 1949; x_wconf 84' lang='grc' dir='ltr'>παῖδα</span> <span class='ocrx_word' id='word_1_254' title='bbox 3068 1896 3134 1966; x_wconf 80' lang='grc' dir='ltr'>τῇ</span> <span class='ocrx_word' id='word_1_255' title='bbox 3191 1896 3333 1965; x_wconf 81' lang='grc' dir='ltr'>νόσῳ</span> <span class='ocrx_word' id='word_1_256' title='bbox 3391 1892 3865 1963; x_wconf 81' lang='grc' dir='ltr'>κατεργασθέντα,</span> 
     </span>
    </p>
   </div>
   <div class='ocr_carea' id='block_1_34' title="bbox 585 1975 1907 2050">
    <p class='ocr_par' dir='ltr' id='par_1_34' title="bbox 585 1975 1907 2050">
     <span class='ocr_line' id='line_1_34' title="bbox 585 1975 1907 2050; baseline -0.005 -12"><span class='ocrx_word' id='word_1_257' title='bbox 585 1987 678 2038; x_wconf 75' lang='grc' dir='ltr'><strong>καὶ</strong></span> <span class='ocrx_word' id='word_1_258' title='bbox 709 1982 906 2049; x_wconf 78' lang='grc' dir='ltr'>νεκρὸν</span> <span class='ocrx_word' id='word_1_259' title='bbox 936 1980 1152 2050; x_wconf 71' lang='grc' dir='ltr'>ἄφωνον</span> <span class='ocrx_word' id='word_1_260' title='bbox 1181 1996 1240 2031; x_wconf 86' lang='grc' dir='ltr'><strong>τε</strong></span> <span class='ocrx_word' id='word_1_261' title='bbox 1264 1978 1363 2032; x_wconf 71' lang='grc' dir='ltr'>καὶ</span> <span class='ocrx_word' id='word_1_262' title='bbox 1389 1979 1596 2032; x_wconf 77' lang='grc' dir='ltr'>ἄπνουν</span> <span class='ocrx_word' id='word_1_263' title='bbox 1631 1975 1907 2048; x_wconf 85' lang='grc' dir='ltr'>κείμενον.</span> 
     </span>
    </p>
   </div>
   <div class='ocr_carea' id='block_1_35' title="bbox 655 2070 2169 2152">
    <p class='ocr_par' dir='ltr' id='par_1_35' title="bbox 655 2070 2162 2145">
     <span class='ocr_line' id='line_1_35' title="bbox 655 2070 2162 2145; baseline -0.005 -12"><span class='ocrx_word' id='word_1_264' title='bbox 655 2077 773 2134; x_wconf 74' lang='lat' dir='ltr'><strong>XII.</strong></span> <span class='ocrx_word' id='word_1_265' title='bbox 813 2076 950 2130; x_wconf 89' lang='lat' dir='ltr'><strong>Cum</strong></span> <span class='ocrx_word' id='word_1_266' title='bbox 983 2089 1112 2145; x_wconf 83' lang='lat' dir='ltr'><strong>ergo</strong></span> <span class='ocrx_word' id='word_1_267' title='bbox 1144 2075 1402 2128; x_wconf 87' lang='lat' dir='ltr'><strong>acerbum</strong></span> <span class='ocrx_word' id='word_1_268' title='bbox 1431 2072 1577 2125; x_wconf 90' lang='lat' dir='ltr'><strong>hunc</strong></span> <span class='ocrx_word' id='word_1_269' title='bbox 1620 2070 1844 2125; x_wconf 83' lang='lat' dir='ltr'><strong>vidisset</strong></span> <span class='ocrx_word' id='word_1_270' title='bbox 1882 2080 2162 2138; x_wconf 83' lang='lat' dir='ltr'><strong>eventum,</strong></span> 
     </span>
    </p>
   </div>
   <div class='ocr_carea' id='block_1_36' title="bbox 2272 2070 3862 2152">
    <p class='ocr_par' dir='ltr' id='par_1_36' title="bbox 2343 2073 3862 2152">
     <span class='ocr_line' id='line_1_36' title="bbox 2343 2073 3862 2152; baseline 0.003 -23"><span class='ocrx_word' id='word_1_271' title='bbox 2343 2073 2423 2129; x_wconf 76' lang='grc'><strong>111⁸</strong></span> <span class='ocrx_word' id='word_1_272' title='bbox 2431 2117 2444 2131; x_wconf 93' lang='grc'><strong>.</strong></span> <span class='ocrx_word' id='word_1_273' title='bbox 2477 2074 2588 2129; x_wconf 88' lang='grc' dir='ltr'>Τοῦ</span> <span class='ocrx_word' id='word_1_274' title='bbox 2605 2075 2738 2145; x_wconf 89' lang='grc' dir='ltr'>γοῦν</span> <span class='ocrx_word' id='word_1_275' title='bbox 2768 2075 2971 2147; x_wconf 81' lang='grc' dir='ltr'>πικροῦ</span> <span class='ocrx_word' id='word_1_276' title='bbox 2999 2074 3190 2130; x_wconf 89' lang='grc' dir='ltr'>τούτου</span> <span class='ocrx_word' id='word_1_277' title='bbox 3212 2074 3492 2146; x_wconf 80' lang='grc' dir='ltr'>δράματος</span> <span class='ocrx_word' id='word_1_278' title='bbox 3532 2077 3862 2152; x_wconf 74' lang='grc' dir='ltr'><strong>αἰσθομένη,</strong></span> 
     </span>
    </p>
   </div>
   <div class='ocr_carea' id='block_1_37' title="bbox 587 2162 2170 2240">
    <p class='ocr_par' dir='ltr' id='par_1_37' title="bbox 587 2162 2170 2240">
     <span class='ocr_line' id='line_1_37' title="bbox 587 2162 2170 2240; baseline -0.003 -17"><span class='ocrx_word' id='word_1_279' title='bbox 587 2170 824 2240; x_wconf 88' lang='lat' dir='ltr'><strong>primum</strong></span> <span class='ocrx_word' id='word_1_280' title='bbox 885 2168 1108 2236; x_wconf 86' lang='lat' dir='ltr'><strong>quidem</strong></span> <span class='ocrx_word' id='word_1_281' title='bbox 1161 2164 1403 2234; x_wconf 73' lang='lat' dir='ltr'><strong>caligatis</strong></span> <span class='ocrx_word' id='word_1_282' title='bbox 1464 2162 1616 2217; x_wconf 83' lang='lat' dir='ltr'><strong>humi</strong></span> <span class='ocrx_word' id='word_1_283' title='bbox 1663 2162 1890 2229; x_wconf 87' lang='lat' dir='ltr'><strong>decidit,</strong></span> <span class='ocrx_word' id='word_1_284' title='bbox 1938 2175 2170 2234; x_wconf 87' lang='lat' dir='ltr'><strong>eamque</strong></span> 
     </span>
    </p>
   </div>
   <div class='ocr_carea' id='block_1_38' title="bbox 584 2256 2172 2328">
    <p class='ocr_par' dir='ltr' id='par_1_38' title="bbox 584 2256 2172 2328">
     <span class='ocr_line' id='line_1_38' title="bbox 584 2256 2172 2328; baseline -0.003 -10"><span class='ocrx_word' id='word_1_285' title='bbox 584 2266 766 2319; x_wconf 83' lang='lat' dir='ltr'><strong>statim</strong></span> <span class='ocrx_word' id='word_1_286' title='bbox 806 2279 911 2318; x_wconf 79' lang='lat' dir='ltr'><strong>vox</strong></span> <span class='ocrx_word' id='word_1_287' title='bbox 943 2260 1161 2323; x_wconf 81' lang='lat' dir='ltr'><strong>defecit,</strong></span> <span class='ocrx_word' id='word_1_288' title='bbox 1214 2274 1338 2313; x_wconf 90' lang='lat' dir='ltr'><strong>cum</strong></span> <span class='ocrx_word' id='word_1_289' title='bbox 1387 2258 1716 2328; x_wconf 83' lang='lat' dir='ltr'><strong>repentinus</strong></span> <span class='ocrx_word' id='word_1_290' title='bbox 1766 2256 1923 2312; x_wconf 87' lang='lat' dir='ltr'><strong>dolor</strong></span> <span class='ocrx_word' id='word_1_291' title='bbox 1974 2259 2172 2313; x_wconf 83' lang='lat' dir='ltr'><strong>fuisset</strong></span> 
     </span>
    </p>
   </div>
   <div class='ocr_carea' id='block_1_39' title="bbox 585 2349 2174 2429">
    <p class='ocr_par' dir='ltr' id='par_1_39' title="bbox 585 2349 2174 2429">
     <span class='ocr_line' id='line_1_39' title="bbox 585 2349 2174 2429; baseline -0.004 -18"><span class='ocrx_word' id='word_1_292' title='bbox 585 2357 787 2429; x_wconf 74' lang='lat' dir='ltr'><strong>lingua:</strong></span> <span class='ocrx_word' id='word_1_293' title='bbox 816 2356 988 2411; x_wconf 89' lang='lat' dir='ltr'><strong>instar</strong></span> <span class='ocrx_word' id='word_1_294' title='bbox 1018 2351 1239 2406; x_wconf 84' lang='lat' dir='ltr'><strong>vinculi.</strong></span> <span class='ocrx_word' id='word_1_295' title='bbox 1268 2350 1374 2405; x_wconf 89' lang='lat' dir='ltr'><strong>Sed</strong></span> <span class='ocrx_word' id='word_1_296' title='bbox 1401 2365 1524 2403; x_wconf 88' lang='lat' dir='ltr'><strong>cum</strong></span> <span class='ocrx_word' id='word_1_297' title='bbox 1558 2363 1747 2418; x_wconf 91' lang='lat' dir='ltr'><strong>parum</strong></span> <span class='ocrx_word' id='word_1_298' title='bbox 1779 2349 1847 2403; x_wconf 89' lang='lat' dir='ltr'><strong>ad</strong></span> <span class='ocrx_word' id='word_1_299' title='bbox 1886 2364 1945 2404; x_wconf 93' lang='lat' dir='ltr'><strong>se</strong></span> <span class='ocrx_word' id='word_1_300' title='bbox 1973 2350 2174 2405; x_wconf 85' lang='lat' dir='ltr'><strong>rediis-</strong></span> 
     </span>
    </p>
   </div>
   <div class='ocr_carea' id='block_1_40' title="bbox 588 2439 2172 2514">
    <p class='ocr_par' dir='ltr' id='par_1_40' title="bbox 588 2439 2172 2514">
     <span class='ocr_line' id='line_1_40' title="bbox 588 2439 2172 2514; baseline -0.005 -11"><span class='ocrx_word' id='word_1_301' title='bbox 588 2458 697 2514; x_wconf 88' lang='lat' dir='ltr'><strong>set,</strong></span> <span class='ocrx_word' id='word_1_302' title='bbox 730 2459 786 2502; x_wconf 93' lang='lat' dir='ltr'><strong>et</strong></span> <span class='ocrx_word' id='word_1_303' title='bbox 830 2442 1081 2501; x_wconf 85' lang='lat' dir='ltr'><strong>nonnihil</strong></span> <span class='ocrx_word' id='word_1_304' title='bbox 1121 2442 1483 2513; x_wconf 53' lang='lat' dir='ltr'><strong>,resipuisset,</strong></span> <span class='ocrx_word' id='word_1_305' title='bbox 1526 2439 1769 2495; x_wconf 87' lang='lat' dir='ltr'><strong>humeris</strong></span> <span class='ocrx_word' id='word_1_306' title='bbox 1797 2440 1989 2495; x_wconf 89' lang='lat' dir='ltr'><strong>tollens</strong></span> <span class='ocrx_word' id='word_1_307' title='bbox 2024 2455 2172 2496; x_wconf 92' lang='lat' dir='ltr'><strong>mor-</strong></span> 
     </span>
    </p>
   </div>
   <div class='ocr_carea' id='block_1_41' title="bbox 590 2531 2175 2607">
    <p class='ocr_par' dir='ltr' id='par_1_41' title="bbox 590 2531 2175 2607">
     <span class='ocr_line' id='line_1_41' title="bbox 590 2531 2175 2607; baseline -0.004 -14"><span class='ocrx_word' id='word_1_308' title='bbox 590 2548 745 2594; x_wconf 91' lang='lat' dir='ltr'><strong>tuum</strong></span> <span class='ocrx_word' id='word_1_309' title='bbox 776 2552 973 2607; x_wconf 89' lang='lat' dir='ltr'><strong>corpus</strong></span> <span class='ocrx_word' id='word_1_310' title='bbox 1003 2536 1120 2599; x_wconf 88' lang='lat' dir='ltr'><strong>lilii,</strong></span> <span class='ocrx_word' id='word_1_311' title='bbox 1151 2542 1206 2587; x_wconf 90' lang='lat' dir='ltr'><strong>et</strong></span> <span class='ocrx_word' id='word_1_312' title='bbox 1244 2533 1312 2587; x_wconf 90' lang='lat' dir='ltr'><strong>ad</strong></span> <span class='ocrx_word' id='word_1_313' title='bbox 1342 2547 1550 2588; x_wconf 86' lang='lat' dir='ltr'><strong>sacram</strong></span> <span class='ocrx_word' id='word_1_314' title='bbox 1588 2531 1641 2586; x_wconf 91' lang='lat' dir='ltr'><strong>id</strong></span> <span class='ocrx_word' id='word_1_315' title='bbox 1672 2546 1825 2585; x_wconf 91' lang='lat' dir='ltr'><strong>aram</strong></span> <span class='ocrx_word' id='word_1_316' title='bbox 1866 2531 2066 2598; x_wconf 85' lang='lat' dir='ltr'><strong>ferens,</strong></span> <span class='ocrx_word' id='word_1_317' title='bbox 2099 2532 2175 2587; x_wconf 89' lang='lat' dir='ltr'><strong>ibi</strong></span> 
     </span>
    </p>
   </div>
   <div class='ocr_carea' id='block_1_42' title="bbox 590 2622 2171 2700">
    <p class='ocr_par' dir='ltr' id='par_1_42' title="bbox 590 2622 2171 2700">
     <span class='ocr_line' id='line_1_42' title="bbox 590 2622 2171 2700; baseline -0.005 -16"><span class='ocrx_word' id='word_1_318' title='bbox 590 2630 835 2700; x_wconf 86' lang='lat' dir='ltr'><strong>deponit,</strong></span> <span class='ocrx_word' id='word_1_319' title='bbox 863 2638 918 2683; x_wconf 90' lang='lat' dir='ltr'><strong>et</strong></span> <span class='ocrx_word' id='word_1_320' title='bbox 958 2627 1183 2698; x_wconf 85' lang='lat' dir='ltr'><strong>capillos</strong></span> <span class='ocrx_word' id='word_1_321' title='bbox 1213 2626 1441 2689; x_wconf 87' lang='lat' dir='ltr'><strong>vellens,</strong></span> <span class='ocrx_word' id='word_1_322' title='bbox 1474 2625 1621 2696; x_wconf 89' lang='lat' dir='ltr'><strong>luget</strong></span> <span class='ocrx_word' id='word_1_323' title='bbox 1652 2623 1823 2678; x_wconf 81' lang='lat' dir='ltr'><strong>lilium</strong></span> <span class='ocrx_word' id='word_1_324' title='bbox 1867 2640 1882 2680; x_wconf 88' lang='lat'><strong>:</strong></span> <span class='ocrx_word' id='word_1_325' title='bbox 1924 2622 2171 2688; x_wconf 89' lang='lat' dir='ltr'><strong>Perdidi,</strong></span> 
     </span>
    </p>
   </div>
   <div class='ocr_carea' id='block_1_43' title="bbox 588 2713 2173 2786">
    <p class='ocr_par' dir='ltr' id='par_1_43' title="bbox 588 2713 2173 2786">
     <span class='ocr_line' id='line_1_43' title="bbox 588 2713 2173 2786; baseline -0.004 -11"><span class='ocrx_word' id='word_1_326' title='bbox 588 2721 801 2783; x_wconf 86' lang='lat' dir='ltr'><strong>dicens,</strong></span> <span class='ocrx_word' id='word_1_327' title='bbox 855 2736 888 2774; x_wconf 96' lang='lat' dir='ltr'><strong>o</strong></span> <span class='ocrx_word' id='word_1_328' title='bbox 932 2719 1043 2783; x_wconf 81' lang='grc'><strong>1111,</strong></span> <span class='ocrx_word' id='word_1_329' title='bbox 1074 2733 1275 2781; x_wconf 90' lang='lat' dir='ltr'><strong>meam,</strong></span> <span class='ocrx_word' id='word_1_330' title='bbox 1337 2730 1459 2786; x_wconf 75' lang='lat' dir='ltr'><strong>qua:</strong></span> <span class='ocrx_word' id='word_1_331' title='bbox 1507 2716 1560 2769; x_wconf 92' lang='lat' dir='ltr'><strong>in</strong></span> <span class='ocrx_word' id='word_1_332' title='bbox 1613 2724 1665 2770; x_wconf 90' lang='lat' dir='ltr'><strong>te</strong></span> <span class='ocrx_word' id='word_1_333' title='bbox 1720 2713 1986 2769; x_wconf 80' lang='lat' dir='ltr'><strong>collocata</strong></span> <span class='ocrx_word' id='word_1_334' title='bbox 2030 2723 2173 2779; x_wconf 82' lang='lat' dir='ltr'><strong>erat,</strong></span> 
     </span>
    </p>
   </div>
   <div class='ocr_carea' id='block_1_44' title="bbox 590 2804 2172 2881">
    <p class='ocr_par' dir='ltr' id='par_1_44' title="bbox 590 2804 2172 2881">
     <span class='ocr_line' id='line_1_44' title="bbox 590 2804 2172 2881; baseline -0.004 -16"><span class='ocrx_word' id='word_1_335' title='bbox 590 2826 765 2881; x_wconf 77' lang='lat' dir='ltr'><strong>spem.</strong></span> <span class='ocrx_word' id='word_1_336' title='bbox 800 2809 898 2865; x_wconf 78' lang='lat' dir='ltr'><strong>Hei</strong></span> <span class='ocrx_word' id='word_1_337' title='bbox 933 2810 1084 2863; x_wconf 87' lang='lat' dir='ltr'><strong>mihi!</strong></span> <span class='ocrx_word' id='word_1_338' title='bbox 1123 2824 1156 2861; x_wconf 90' lang='grc'><strong>0</strong></span> <span class='ocrx_word' id='word_1_339' title='bbox 1199 2808 1295 2872; x_wconf 87' lang='grc'><strong>1111,</strong></span> <span class='ocrx_word' id='word_1_340' title='bbox 1329 2807 1413 2862; x_wconf 86' lang='lat' dir='ltr'><strong>hei</strong></span> <span class='ocrx_word' id='word_1_341' title='bbox 1455 2806 1609 2859; x_wconf 89' lang='lat' dir='ltr'><strong>mihi!</strong></span> <span class='ocrx_word' id='word_1_342' title='bbox 1645 2821 1678 2860; x_wconf 94' lang='grc'><strong>0</strong></span> <span class='ocrx_word' id='word_1_343' title='bbox 1714 2805 1880 2860; x_wconf 88' lang='lat' dir='ltr'><strong>chare</strong></span> <span class='ocrx_word' id='word_1_344' title='bbox 1926 2804 2047 2871; x_wconf 86' lang='lat' dir='ltr'><strong>ﬂos,</strong></span> <span class='ocrx_word' id='word_1_345' title='bbox 2081 2806 2172 2876; x_wconf 89' lang='lat' dir='ltr'><strong>qui</strong></span> 
     </span>
    </p>
   </div>
   <div class='ocr_carea' id='block_1_45' title="bbox 589 2895 2173 2975">
    <p class='ocr_par' dir='ltr' id='par_1_45' title="bbox 589 2895 2173 2975">
     <span class='ocr_line' id='line_1_45' title="bbox 589 2895 2173 2975; baseline -0.005 -18"><span class='ocrx_word' id='word_1_346' title='bbox 589 2904 669 2957; x_wconf 81' lang='lat' dir='ltr'><strong>sic</strong></span> <span class='ocrx_word' id='word_1_347' title='bbox 692 2912 819 2957; x_wconf 84' lang='lat' dir='ltr'><strong>ante</strong></span> <span class='ocrx_word' id='word_1_348' title='bbox 852 2898 1387 2975; x_wconf 83' lang='lat' dir='ltr'><strong>tempusmarcuisti</strong></span> <span class='ocrx_word' id='word_1_349' title='bbox 1419 2897 1838 2953; x_wconf 82' lang='lat' dir='ltr'><strong>miserabiliter!</strong></span> <span class='ocrx_word' id='word_1_350' title='bbox 1888 2895 1986 2951; x_wconf 83' lang='lat' dir='ltr'><strong>Hei</strong></span> <span class='ocrx_word' id='word_1_351' title='bbox 2015 2895 2173 2962; x_wconf 90' lang='grc'><strong>1111111,</strong></span> 
     </span>
    </p>
   </div>
   <div class='ocr_carea' id='block_1_46' title="bbox 590 2990 2176 3063">
    <p class='ocr_par' dir='ltr' id='par_1_46' title="bbox 590 2990 2176 3063">
     <span class='ocr_line' id='line_1_46' title="bbox 590 2990 2176 3063; baseline -0.003 -16"><span class='ocrx_word' id='word_1_352' title='bbox 590 3003 746 3047; x_wconf 79' lang='lat' dir='ltr'><strong>tuom</strong></span> <span class='ocrx_word' id='word_1_353' title='bbox 784 3007 886 3063; x_wconf 86' lang='lat' dir='ltr'><strong>ego</strong></span> <span class='ocrx_word' id='word_1_354' title='bbox 917 2992 1080 3046; x_wconf 83' lang='lat' dir='ltr'><strong>linem</strong></span> <span class='ocrx_word' id='word_1_355' title='bbox 1115 2990 1298 3054; x_wconf 86' lang='lat' dir='ltr'><strong>video,</strong></span> <span class='ocrx_word' id='word_1_356' title='bbox 1356 3003 1477 3057; x_wconf 80' lang='lat' dir='ltr'><strong>quae</strong></span> <span class='ocrx_word' id='word_1_357' title='bbox 1530 2992 1815 3057; x_wconf 88' lang='lat' dir='ltr'><strong>sperabam</strong></span> <span class='ocrx_word' id='word_1_358' title='bbox 1862 3003 1983 3043; x_wconf 85' lang='lat' dir='ltr'><strong>esse</strong></span> <span class='ocrx_word' id='word_1_359' title='bbox 2036 3003 2069 3042; x_wconf 91' lang='lat' dir='ltr'><strong>a</strong></span> <span class='ocrx_word' id='word_1_360' title='bbox 2122 2999 2176 3042; x_wconf 88' lang='lat' dir='ltr'><strong>te</strong></span> 
     </span>
    </p>
   </div>
   <div class='ocr_carea' id='block_1_47' title="bbox 590 3080 2174 3143">
    <p class='ocr_par' dir='ltr' id='par_1_47' title="bbox 590 3080 2174 3143">
     <span class='ocr_line' id='line_1_47' title="bbox 590 3080 2174 3143; baseline -0.002 -7"><span class='ocrx_word' id='word_1_361' title='bbox 590 3084 839 3138; x_wconf 84' lang='lat' dir='ltr'><strong>alendam</strong></span> <span class='ocrx_word' id='word_1_362' title='bbox 880 3084 937 3136; x_wconf 90' lang='lat' dir='ltr'><strong>in</strong></span> <span class='ocrx_word' id='word_1_363' title='bbox 983 3083 1299 3137; x_wconf 82' lang='lat' dir='ltr'><strong>senectute!</strong></span> <span class='ocrx_word' id='word_1_364' title='bbox 1336 3080 1519 3135; x_wconf 81' lang='lat' dir='ltr'><strong>Talem</strong></span> <span class='ocrx_word' id='word_1_365' title='bbox 1558 3094 1734 3143; x_wconf 90' lang='lat' dir='ltr'><strong>nunc,</strong></span> <span class='ocrx_word' id='word_1_366' title='bbox 1768 3095 1801 3134; x_wconf 91' lang='grc' dir='ltr'><strong>ο</strong></span> <span class='ocrx_word' id='word_1_367' title='bbox 1830 3080 2174 3143; x_wconf 86' lang='lat' dir='ltr'><strong>charissime,</strong></span> 
     </span>
    </p>
   </div>
   <div class='ocr_carea' id='block_1_48' title="bbox 592 3168 2176 3240">
    <p class='ocr_par' dir='ltr' id='par_1_48' title="bbox 592 3168 2176 3240">
     <span class='ocr_line' id='line_1_48' title="bbox 592 3168 2176 3240; baseline -0.002 -12"><span class='ocrx_word' id='word_1_368' title='bbox 592 3175 975 3228; x_wconf 87' lang='lat' dir='ltr'><strong>alimentorum</strong></span> <span class='ocrx_word' id='word_1_369' title='bbox 1007 3173 1141 3226; x_wconf 76' lang='lat' dir='ltr'><strong>mihi</strong></span> <span class='ocrx_word' id='word_1_370' title='bbox 1174 3174 1349 3226; x_wconf 83' lang='lat' dir='ltr'><strong>vicem</strong></span> <span class='ocrx_word' id='word_1_371' title='bbox 1381 3171 1596 3226; x_wconf 88' lang='lat' dir='ltr'><strong>reddis!</strong></span> <span class='ocrx_word' id='word_1_372' title='bbox 1631 3168 1789 3225; x_wconf 81' lang='lat' dir='ltr'><strong>Tales</strong></span> <span class='ocrx_word' id='word_1_373' title='bbox 1837 3186 1937 3240; x_wconf 87' lang='lat' dir='ltr'><strong>ego</strong></span> <span class='ocrx_word' id='word_1_374' title='bbox 1977 3171 2176 3225; x_wconf 86' lang='lat' dir='ltr'><strong>misera</strong></span> 
     </span>
    </p>
   </div>
   <div class='ocr_carea' id='block_1_49' title="bbox 594 3261 2175 3333">
    <p class='ocr_par' dir='ltr' id='par_1_49' title="bbox 594 3261 2175 3333">
     <span class='ocr_line' id='line_1_49' title="bbox 594 3261 2175 3333; baseline -0.002 -16"><span class='ocrx_word' id='word_1_375' title='bbox 594 3264 708 3332; x_wconf 88' lang='lat' dir='ltr'><strong>spei</strong></span> <span class='ocrx_word' id='word_1_376' title='bbox 738 3278 871 3317; x_wconf 71' lang='lat' dir='ltr'><strong>meae</strong></span> <span class='ocrx_word' id='word_1_377' title='bbox 895 3263 1089 3333; x_wconf 83' lang='lat' dir='ltr'><strong>colligo</strong></span> <span class='ocrx_word' id='word_1_378' title='bbox 1118 3262 1357 3318; x_wconf 83' lang='lat' dir='ltr'><strong>fructus!</strong></span> <span class='ocrx_word' id='word_1_379' title='bbox 1398 3263 1517 3327; x_wconf 84' lang='lat' dir='ltr'><strong>Quo</strong></span> <span class='ocrx_word' id='word_1_380' title='bbox 1553 3276 1669 3326; x_wconf 86' lang='lat' dir='ltr'><strong>ore,</strong></span> <span class='ocrx_word' id='word_1_381' title='bbox 1702 3276 1936 3331; x_wconf 88' lang='lat' dir='ltr'><strong>quanam</strong></span> <span class='ocrx_word' id='word_1_382' title='bbox 1968 3261 2175 3332; x_wconf 82' lang='lat' dir='ltr'><strong>lingua,</strong></span> 
     </span>
    </p>
   </div>
   <div class='ocr_carea' id='block_1_50' title="bbox 592 3355 2169 3425">
    <p class='ocr_par' dir='ltr' id='par_1_50' title="bbox 592 3355 2169 3425">
     <span class='ocr_line' id='line_1_50' title="bbox 592 3355 2169 3425; baseline -0.001 -17"><span class='ocrx_word' id='word_1_383' title='bbox 592 3355 792 3425; x_wconf 88' lang='lat' dir='ltr'><strong>quibus</strong></span> <span class='ocrx_word' id='word_1_384' title='bbox 819 3356 1032 3409; x_wconf 81' lang='lat' dir='ltr'><strong>deﬂebo</strong></span> <span class='ocrx_word' id='word_1_385' title='bbox 1060 3355 1272 3410; x_wconf 82' lang='lat' dir='ltr'><strong>oculis!</strong></span> <span class='ocrx_word' id='word_1_386' title='bbox 1310 3355 1527 3409; x_wconf 87' lang='lat' dir='ltr'><strong>Utinam</strong></span> <span class='ocrx_word' id='word_1_387' title='bbox 1553 3369 1729 3407; x_wconf 87' lang='lat' dir='ltr'><strong>meam</strong></span> <span class='ocrx_word' id='word_1_388' title='bbox 1767 3368 1865 3422; x_wconf 90' lang='lat' dir='ltr'><strong>pro</strong></span> <span class='ocrx_word' id='word_1_389' title='bbox 1896 3363 1985 3407; x_wconf 89' lang='lat' dir='ltr'><strong>tua</strong></span> <span class='ocrx_word' id='word_1_390' title='bbox 2018 3369 2169 3407; x_wconf 90' lang='lat' dir='ltr'><strong>mor-</strong></span> 
     </span>
    </p>
   </div>
   <div class='ocr_carea' id='block_1_51' title="bbox 2274 2168 3860 2240">
    <p class='ocr_par' dir='ltr' id='par_1_51' title="bbox 2274 2168 3860 2240">
     <span class='ocr_line' id='line_1_51' title="bbox 2274 2168 3860 2240; baseline 0.003 -20"><span class='ocrx_word' id='word_1_391' title='bbox 2274 2169 2470 2240; x_wconf 83' lang='grc' dir='ltr'>πρῶτα</span> <span class='ocrx_word' id='word_1_392' title='bbox 2509 2168 2609 2239; x_wconf 82' lang='grc' dir='ltr'>μὲν</span> <span class='ocrx_word' id='word_1_393' title='bbox 2642 2169 2746 2221; x_wconf 80' lang='grc' dir='ltr'>ὑπὸ</span> <span class='ocrx_word' id='word_1_394' title='bbox 2777 2168 2982 2236; x_wconf 72' lang='grc' dir='ltr'>ἰλίγγου</span> <span class='ocrx_word' id='word_1_395' title='bbox 3014 2168 3155 2238; x_wconf 84' lang='grc' dir='ltr'>πρὸς</span> <span class='ocrx_word' id='word_1_396' title='bbox 3197 2168 3301 2236; x_wconf 78' lang='grc' dir='ltr'>γῆν</span> <span class='ocrx_word' id='word_1_397' title='bbox 3333 2169 3692 2233; x_wconf 86' lang='grc' dir='ltr'>καταπίπτει,</span> <span class='ocrx_word' id='word_1_398' title='bbox 3760 2173 3860 2225; x_wconf 74' lang='grc' dir='ltr'><strong>καὶ</strong></span> 
     </span>
    </p>
   </div>
   <div class='ocr_carea' id='block_1_52' title="bbox 2271 2260 3862 2336">
    <p class='ocr_par' dir='ltr' id='par_1_52' title="bbox 2271 2260 3862 2336">
     <span class='ocr_line' id='line_1_52' title="bbox 2271 2260 3862 2336; baseline 0.001 -22"><span class='ocrx_word' id='word_1_399' title='bbox 2271 2261 2444 2330; x_wconf 82' lang='grc' dir='ltr'>αὐτὴν</span> <span class='ocrx_word' id='word_1_400' title='bbox 2474 2263 2579 2331; x_wconf 84' lang='grc' dir='ltr'><strong>πρὸ</strong></span> <span class='ocrx_word' id='word_1_401' title='bbox 2602 2263 2699 2329; x_wconf 81' lang='grc' dir='ltr'><strong>τῆς</strong></span> <span class='ocrx_word' id='word_1_402' title='bbox 2724 2260 2900 2331; x_wconf 78' lang='grc' dir='ltr'>ψυχῆς</span> <span class='ocrx_word' id='word_1_403' title='bbox 2923 2261 3192 2314; x_wconf 77' lang='grc' dir='ltr'>ἀπέλιπεν</span> <span class='ocrx_word' id='word_1_404' title='bbox 3218 2262 3253 2332; x_wconf 81' lang='grc' dir='ltr'><strong>ἠ</strong></span> <span class='ocrx_word' id='word_1_405' title='bbox 3289 2262 3466 2332; x_wconf 84' lang='grc' dir='ltr'>φωνή.</span> <span class='ocrx_word' id='word_1_406' title='bbox 3493 2262 3607 2333; x_wconf 86' lang='grc' dir='ltr'><strong>Τῆς</strong></span> <span class='ocrx_word' id='word_1_407' title='bbox 3649 2262 3862 2336; x_wconf 82' lang='grc' dir='ltr'>ἀθρόας</span> 
     </span>
    </p>
   </div>
   <div class='ocr_carea' id='block_1_53' title="bbox 2272 2351 3863 2426">
    <p class='ocr_par' dir='ltr' id='par_1_53' title="bbox 2272 2351 3863 2426">
     <span class='ocr_line' id='line_1_53' title="bbox 2272 2351 3863 2426; baseline 0.003 -21"><span class='ocrx_word' id='word_1_408' title='bbox 2272 2351 2452 2426; x_wconf 80' lang='grc' dir='ltr'>λύπης</span> <span class='ocrx_word' id='word_1_409' title='bbox 2489 2354 2612 2405; x_wconf 80' lang='grc' dir='ltr'>ἀντὶ</span> <span class='ocrx_word' id='word_1_410' title='bbox 2654 2352 2874 2423; x_wconf 86' lang='grc' dir='ltr'>δεσμῶν</span> <span class='ocrx_word' id='word_1_411' title='bbox 2907 2356 2974 2424; x_wconf 82' lang='grc' dir='ltr'><strong>τῇ</strong></span> <span class='ocrx_word' id='word_1_412' title='bbox 3025 2351 3240 2424; x_wconf 82' lang='grc' dir='ltr'><strong>γλώττῃ</strong></span> <span class='ocrx_word' id='word_1_413' title='bbox 3290 2356 3693 2425; x_wconf 80' lang='grc' dir='ltr'>γεγενημένης,</span> <span class='ocrx_word' id='word_1_414' title='bbox 3741 2354 3863 2411; x_wconf 84' lang='grc' dir='ltr'>εἶτα</span> 
     </span>
    </p>
   </div>
   <div class='ocr_carea' id='block_1_54' title="bbox 2274 2444 3861 2517">
    <p class='ocr_par' dir='ltr' id='par_1_54' title="bbox 2274 2444 3861 2517">
     <span class='ocr_line' id='line_1_54' title="bbox 2274 2444 3861 2517; baseline 0.004 -20"><span class='ocrx_word' id='word_1_415' title='bbox 2274 2446 2469 2515; x_wconf 84' lang='grc' dir='ltr'>μικρὸν</span> <span class='ocrx_word' id='word_1_416' title='bbox 2495 2444 2886 2512; x_wconf 81' lang='grc' dir='ltr'>ἀνενεγκοῦσα,</span> <span class='ocrx_word' id='word_1_417' title='bbox 2925 2444 3021 2497; x_wconf 81' lang='grc' dir='ltr'>καὶ</span> <span class='ocrx_word' id='word_1_418' title='bbox 3041 2445 3222 2512; x_wconf 86' lang='grc' dir='ltr'>ὀλίγου</span> <span class='ocrx_word' id='word_1_419' title='bbox 3258 2456 3310 2497; x_wconf 87' lang='grc' dir='ltr'>τι</span> <span class='ocrx_word' id='word_1_420' title='bbox 3367 2447 3719 2517; x_wconf 73' lang='grc' dir='ltr'>ἀνανήψασα,</span> <span class='ocrx_word' id='word_1_421' title='bbox 3766 2451 3861 2504; x_wconf 71' lang='grc' dir='ltr'>τὸν</span> 
     </span>
    </p>
   </div>
   <div class='ocr_carea' id='block_1_55' title="bbox 2273 2534 3861 2608">
    <p class='ocr_par' dir='ltr' id='par_1_55' title="bbox 2273 2534 3861 2608">
     <span class='ocr_line' id='line_1_55' title="bbox 2273 2534 3861 2608; baseline 0.004 -22"><span class='ocrx_word' id='word_1_422' title='bbox 2273 2536 2368 2588; x_wconf 88' lang='grc' dir='ltr'><strong>τοῦ</strong></span> <span class='ocrx_word' id='word_1_423' title='bbox 2409 2536 2599 2598; x_wconf 76' lang='grc' dir='ltr'>παιδὸς</span> <span class='ocrx_word' id='word_1_424' title='bbox 2654 2535 2848 2605; x_wconf 78' lang='grc' dir='ltr'>νεκρὸν</span> <span class='ocrx_word' id='word_1_425' title='bbox 2911 2536 3006 2589; x_wconf 74' lang='grc' dir='ltr'><strong>ἐπὶ</strong></span> <span class='ocrx_word' id='word_1_426' title='bbox 3054 2534 3165 2588; x_wconf 88' lang='grc' dir='ltr'><strong>τῶν</strong></span> <span class='ocrx_word' id='word_1_427' title='bbox 3217 2534 3387 2602; x_wconf 79' lang='grc' dir='ltr'>ὤμων</span> <span class='ocrx_word' id='word_1_428' title='bbox 3446 2538 3746 2608; x_wconf 79' lang='grc' dir='ltr'>ἀνελομένη</span> <span class='ocrx_word' id='word_1_429' title='bbox 3800 2538 3861 2592; x_wconf 77' lang='grc' dir='ltr'><strong>δν</strong></span> 
     </span>
    </p>
   </div>
   <div class='ocr_carea' id='block_1_56' title="bbox 2275 2624 3861 2699">
    <p class='ocr_par' dir='ltr' id='par_1_56' title="bbox 2275 2624 3861 2699">
     <span class='ocr_line' id='line_1_56' title="bbox 2275 2624 3861 2699; baseline 0.002 -21"><span class='ocrx_word' id='word_1_430' title='bbox 2275 2625 2527 2696; x_wconf 78' lang='grc' dir='ltr'><strong>ἐδείματο</strong></span> <span class='ocrx_word' id='word_1_431' title='bbox 2556 2624 2637 2695; x_wconf 78' lang='grc' dir='ltr'><strong>τῷ</strong></span> <span class='ocrx_word' id='word_1_432' title='bbox 2672 2627 2912 2696; x_wconf 77' lang='grc' dir='ltr'><strong>μάρτυρι</strong></span> <span class='ocrx_word' id='word_1_433' title='bbox 2951 2625 3370 2695; x_wconf 76' lang='grc' dir='ltr'>καταλαμῦάνει</span> <span class='ocrx_word' id='word_1_434' title='bbox 3417 2626 3565 2690; x_wconf 66' lang='grc' dir='ltr'>ναὸν,</span> <span class='ocrx_word' id='word_1_435' title='bbox 3610 2627 3686 2697; x_wconf 83' lang='grc' dir='ltr'>τῷ</span> <span class='ocrx_word' id='word_1_436' title='bbox 3729 2629 3861 2699; x_wconf 82' lang='grc' dir='ltr'>ίερῷ</span> 
     </span>
    </p>
   </div>
   <div class='ocr_carea' id='block_1_57' title="bbox 2274 2715 3865 2786">
    <p class='ocr_par' dir='ltr' id='par_1_57' title="bbox 2274 2715 3865 2786">
     <span class='ocr_line' id='line_1_57' title="bbox 2274 2715 3865 2786; baseline 0.002 -17"><span class='ocrx_word' id='word_1_437' title='bbox 2274 2732 2336 2769; x_wconf 87' lang='grc' dir='ltr'><strong>τε</strong></span> <span class='ocrx_word' id='word_1_438' title='bbox 2377 2715 2570 2770; x_wconf 87' lang='grc' dir='ltr'>τοῦτον</span> <span class='ocrx_word' id='word_1_439' title='bbox 2636 2715 3014 2786; x_wconf 82' lang='grc' dir='ltr'>θυσιαστηρίῳ</span> <span class='ocrx_word' id='word_1_440' title='bbox 3061 2717 3307 2785; x_wconf 83' lang='grc' dir='ltr'>φέρουσα</span> <span class='ocrx_word' id='word_1_441' title='bbox 3344 2718 3731 2786; x_wconf 81' lang='grc' dir='ltr'>παρατίθεται,</span> <span class='ocrx_word' id='word_1_442' title='bbox 3766 2723 3865 2772; x_wconf 76' lang='grc' dir='ltr'>καὶ</span> 
     </span>
    </p>
   </div>
   <div class='ocr_carea' id='block_1_58' title="bbox 2276 2807 3864 2881">
    <p class='ocr_par' dir='ltr' id='par_1_58' title="bbox 2276 2807 3864 2881">
     <span class='ocr_line' id='line_1_58' title="bbox 2276 2807 3864 2881; baseline -0.001 -18"><span class='ocrx_word' id='word_1_443' title='bbox 2276 2810 2385 2863; x_wconf 86' lang='grc' dir='ltr'><strong>τῶν</strong></span> <span class='ocrx_word' id='word_1_444' title='bbox 2416 2807 2622 2881; x_wconf 82' lang='grc' dir='ltr'>τριχῶν</span> <span class='ocrx_word' id='word_1_445' title='bbox 2648 2809 2950 2881; x_wconf 75' lang='grc' dir='ltr'>λαόομένη,</span> <span class='ocrx_word' id='word_1_446' title='bbox 3009 2811 3150 2879; x_wconf 81' lang='grc' dir='ltr'>πρὸς</span> <span class='ocrx_word' id='word_1_447' title='bbox 3192 2809 3286 2862; x_wconf 79' lang='grc' dir='ltr'><strong>τὸν</strong></span> <span class='ocrx_word' id='word_1_448' title='bbox 3328 2808 3494 2863; x_wconf 84' lang='grc' dir='ltr'>παῖδα</span> <span class='ocrx_word' id='word_1_449' title='bbox 3535 2810 3864 2879; x_wconf 63' lang='grc' dir='ltr'>ἀνῴμωξεν,</span> 
     </span>
    </p>
   </div>
   <div class='ocr_carea' id='block_1_59' title="bbox 2288 2894 3864 2968">
    <p class='ocr_par' dir='ltr' id='par_1_59' title="bbox 2288 2894 3864 2968">
     <span class='ocr_line' id='line_1_59' title="bbox 2288 2894 3864 2968; baseline 0.002 -18"><span class='ocrx_word' id='word_1_450' title='bbox 2288 2894 2567 2959; x_wconf 83' lang='grc' dir='ltr'>Ἀπώλεάς</span> <span class='ocrx_word' id='word_1_451' title='bbox 2590 2898 2980 2968; x_wconf 82' lang='grc' dir='ltr'>μου,λέγουσα,</span> <span class='ocrx_word' id='word_1_452' title='bbox 3000 2898 3098 2959; x_wconf 70' lang='grc' dir='ltr'>τὰς</span> <span class='ocrx_word' id='word_1_453' title='bbox 3124 2897 3219 2949; x_wconf 76' lang='grc' dir='ltr'><strong>ἐπὶ</strong></span> <span class='ocrx_word' id='word_1_454' title='bbox 3237 2897 3340 2963; x_wconf 72' lang='grc' dir='ltr'>σοὶ,</span> <span class='ocrx_word' id='word_1_455' title='bbox 3366 2897 3579 2964; x_wconf 81' lang='grc' dir='ltr'>τέκνον,</span> <span class='ocrx_word' id='word_1_456' title='bbox 3614 2899 3864 2963; x_wconf 73' lang='grc' dir='ltr'>ἑλπίδαςο</span> 
     </span>
    </p>
   </div>
   <div class='ocr_carea' id='block_1_60' title="bbox 2276 2982 3865 3063">
    <p class='ocr_par' dir='ltr' id='par_1_60' title="bbox 2276 2982 3865 3063">
     <span class='ocr_line' id='line_1_60' title="bbox 2276 2982 3865 3063; baseline 0.001 -20"><span class='ocrx_word' id='word_1_457' title='bbox 2276 2989 2444 3059; x_wconf 80' lang='grc' dir='ltr'>οἴμοι,</span> <span class='ocrx_word' id='word_1_458' title='bbox 2476 2982 2521 3043; x_wconf 84' lang='grc' dir='ltr'><strong>ὧ</strong></span> <span class='ocrx_word' id='word_1_459' title='bbox 2550 2991 2672 3056; x_wconf 80' lang='grc' dir='ltr'>παῖ,</span> <span class='ocrx_word' id='word_1_460' title='bbox 2694 2988 2839 3058; x_wconf 80' lang='grc' dir='ltr'>οίμοι</span> <span class='ocrx_word' id='word_1_461' title='bbox 2870 2988 3022 3058; x_wconf 80' lang='grc' dir='ltr'>φίλον</span> <span class='ocrx_word' id='word_1_462' title='bbox 3047 2989 3225 3052; x_wconf 76' lang='grc' dir='ltr'>ἄνθος,</span> <span class='ocrx_word' id='word_1_463' title='bbox 3252 2990 3359 3060; x_wconf 70' lang='grc' dir='ltr'><strong>πρὸ</strong></span> <span class='ocrx_word' id='word_1_464' title='bbox 3379 2991 3476 3060; x_wconf 81' lang='grc' dir='ltr'>τῆς</span> <span class='ocrx_word' id='word_1_465' title='bbox 3502 2989 3650 3063; x_wconf 82' lang='grc' dir='ltr'>ῶρας</span> <span class='ocrx_word' id='word_1_466' title='bbox 3680 2991 3865 3055; x_wconf 74' lang='grc' dir='ltr'>οὕτως</span> 
     </span>
    </p>
   </div>
   <div class='ocr_carea' id='block_1_61' title="bbox 2277 3078 3865 3151">
    <p class='ocr_par' dir='ltr' id='par_1_61' title="bbox 2277 3078 3865 3151">
     <span class='ocr_line' id='line_1_61' title="bbox 2277 3078 3865 3151; baseline 0.003 -18"><span class='ocrx_word' id='word_1_467' title='bbox 2277 3078 2528 3143; x_wconf 69' lang='grc' dir='ltr'>ἐλεεινῶς</span> <span class='ocrx_word' id='word_1_468' title='bbox 2552 3080 2964 3149; x_wconf 68' lang='grc' dir='ltr'>ἀπομαρανθείς</span> <span class='ocrx_word' id='word_1_469' title='bbox 2994 3083 3006 3134; x_wconf 85' lang='grc'><strong>1</strong></span> <span class='ocrx_word' id='word_1_470' title='bbox 3048 3081 3155 3135; x_wconf 64' lang='grc' dir='ltr'>Φεῦ</span> <span class='ocrx_word' id='word_1_471' title='bbox 3186 3084 3200 3137; x_wconf 89' lang='grc'><strong>1</strong></span> <span class='ocrx_word' id='word_1_472' title='bbox 3241 3084 3323 3136; x_wconf 79' lang='grc' dir='ltr'>ὅτι</span> <span class='ocrx_word' id='word_1_473' title='bbox 3354 3083 3416 3135; x_wconf 74' lang='grc' dir='ltr'>τὸ</span> <span class='ocrx_word' id='word_1_474' title='bbox 3439 3086 3529 3136; x_wconf 83' lang='grc' dir='ltr'><strong>σὸν</strong></span> <span class='ocrx_word' id='word_1_475' title='bbox 3564 3083 3675 3151; x_wconf 71' lang='grc' dir='ltr'><strong>ἐγὼ</strong></span> <span class='ocrx_word' id='word_1_476' title='bbox 3702 3084 3865 3148; x_wconf 76' lang='grc' dir='ltr'>τέλος</span> 
     </span>
    </p>
   </div>
   <div class='ocr_carea' id='block_1_62' title="bbox 2277 3171 3861 3247">
    <p class='ocr_par' dir='ltr' id='par_1_62' title="bbox 2277 3171 3861 3247">
     <span class='ocr_line' id='line_1_62' title="bbox 2277 3171 3861 3247; baseline 0.002 -21"><span class='ocrx_word' id='word_1_477' title='bbox 2277 3171 2412 3242; x_wconf 75' lang='grc' dir='ltr'>ὁρῶ,</span> <span class='ocrx_word' id='word_1_478' title='bbox 2462 3173 2585 3242; x_wconf 75' lang='grc' dir='ltr'>ἥτις</span> <span class='ocrx_word' id='word_1_479' title='bbox 2610 3171 2717 3225; x_wconf 71' lang='grc' dir='ltr'>ὑπὸ</span> <span class='ocrx_word' id='word_1_480' title='bbox 2752 3172 2837 3225; x_wconf 77' lang='grc' dir='ltr'><strong>σοὶ</strong></span> <span class='ocrx_word' id='word_1_481' title='bbox 2864 3173 3066 3241; x_wconf 79' lang='grc' dir='ltr'>μᾶλλον</span> <span class='ocrx_word' id='word_1_482' title='bbox 3096 3176 3192 3227; x_wconf 80' lang='grc' dir='ltr'>καὶ</span> <span class='ocrx_word' id='word_1_483' title='bbox 3217 3176 3340 3238; x_wconf 83' lang='grc' dir='ltr'>ταῖς</span> <span class='ocrx_word' id='word_1_484' title='bbox 3382 3176 3502 3237; x_wconf 88' lang='grc' dir='ltr'>σαῖς</span> <span class='ocrx_word' id='word_1_485' title='bbox 3527 3176 3710 3229; x_wconf 71' lang='grc' dir='ltr'>ἐλπίσι</span> <span class='ocrx_word' id='word_1_486' title='bbox 3753 3194 3861 3247; x_wconf 81' lang='grc' dir='ltr'>γη-</span> 
     </span>
    </p>
   </div>
   <div class='ocr_carea' id='block_1_63' title="bbox 2284 3260 3851 3334">
    <p class='ocr_par' dir='ltr' id='par_1_63' title="bbox 2284 3260 3851 3334">
     <span class='ocr_line' id='line_1_63' title="bbox 2284 3260 3851 3334; baseline 0.002 -19"><span class='ocrx_word' id='word_1_487' title='bbox 2284 3260 2783 3334; x_wconf 82' lang='grc' dir='ltr'>ροτροφηθήσεσθαι</span> <span class='ocrx_word' id='word_1_488' title='bbox 2810 3263 3058 3333; x_wconf 75' lang='grc' dir='ltr'>ἧλπιζον,</span> <span class='ocrx_word' id='word_1_489' title='bbox 3088 3263 3313 3317; x_wconf 88' lang='grc' dir='ltr'>τοιαῦτά</span> <span class='ocrx_word' id='word_1_490' title='bbox 3342 3281 3432 3334; x_wconf 88' lang='grc' dir='ltr'><strong>μοι</strong></span> <span class='ocrx_word' id='word_1_491' title='bbox 3458 3263 3554 3317; x_wconf 91' lang='grc' dir='ltr'><strong>νῦν</strong></span> <span class='ocrx_word' id='word_1_492' title='bbox 3587 3266 3851 3332; x_wconf 71' lang='grc' dir='ltr'>ἐκτίνεις,</span> 
     </span>
    </p>
   </div>
   <div class='ocr_carea' id='block_1_64' title="bbox 2282 3352 3867 3427">
    <p class='ocr_par' dir='ltr' id='par_1_64' title="bbox 2282 3352 3867 3427">
     <span class='ocr_line' id='line_1_64' title="bbox 2282 3352 3867 3427; baseline 0.003 -20"><span class='ocrx_word' id='word_1_493' title='bbox 2282 3355 2310 3407; x_wconf 84' lang='grc'>6</span> <span class='ocrx_word' id='word_1_494' title='bbox 2327 3353 2603 3420; x_wconf 85' lang='grc' dir='ltr'>φίλτατος,</span> <span class='ocrx_word' id='word_1_495' title='bbox 2626 3352 2694 3406; x_wconf 72' lang='grc' dir='ltr'>τὰ</span> <span class='ocrx_word' id='word_1_496' title='bbox 2715 3356 2938 3425; x_wconf 75' lang='grc' dir='ltr'>τροφεῖα</span> <span class='ocrx_word' id='word_1_497' title='bbox 2960 3371 2977 3422; x_wconf 87' lang='lat'><strong>;</strong></span> <span class='ocrx_word' id='word_1_498' title='bbox 3008 3356 3298 3419; x_wconf 80' lang='grc' dir='ltr'>Τοιούτους</span> <span class='ocrx_word' id='word_1_499' title='bbox 3328 3358 3359 3427; x_wconf 80' lang='grc' dir='ltr'><strong>ἡ</strong></span> <span class='ocrx_word' id='word_1_500' title='bbox 3383 3355 3594 3410; x_wconf 82' lang='grc' dir='ltr'>δειλαία</span> <span class='ocrx_word' id='word_1_501' title='bbox 3630 3357 3743 3410; x_wconf 84' lang='grc' dir='ltr'><strong>τῶν</strong></span> <span class='ocrx_word' id='word_1_502' title='bbox 3772 3358 3832 3411; x_wconf 75' lang='grc' dir='ltr'><strong>ιλ</strong></span> <span class='ocrx_word' id='word_1_503' title='bbox 3848 3386 3867 3399; x_wconf 75' lang='grc' dir='ltr'><strong>ο</strong></span> 
     </span>
    </p>
   </div>
   <div class='ocr_carea' id='block_1_65' title="bbox 591 3441 2169 3518">
    <p class='ocr_par' dir='ltr' id='par_1_65' title="bbox 591 3445 2169 3515">
     <span class='ocr_line' id='line_1_65' title="bbox 591 3445 2169 3515; baseline -0.001 -14"><span class='ocrx_word' id='word_1_504' title='bbox 591 3457 701 3503; x_wconf 87' lang='lat' dir='ltr'><strong>tem</strong></span> <span class='ocrx_word' id='word_1_505' title='bbox 741 3447 1097 3515; x_wconf 80' lang='lat' dir='ltr'><strong>aspexissem,</strong></span> <span class='ocrx_word' id='word_1_506' title='bbox 1128 3457 1184 3501; x_wconf 89' lang='lat' dir='ltr'><strong>et</strong></span> <span class='ocrx_word' id='word_1_507' title='bbox 1217 3445 1311 3500; x_wconf 89' lang='lat' dir='ltr'><strong>lilii</strong></span> <span class='ocrx_word' id='word_1_508' title='bbox 1340 3445 1471 3499; x_wconf 88' lang='lat' dir='ltr'><strong>mihi</strong></span> <span class='ocrx_word' id='word_1_509' title='bbox 1499 3445 1682 3500; x_wconf 87' lang='lat' dir='ltr'><strong>charis</strong></span> <span class='ocrx_word' id='word_1_510' title='bbox 1724 3445 1977 3500; x_wconf 89' lang='lat' dir='ltr'><strong>manibus</strong></span> <span class='ocrx_word' id='word_1_511' title='bbox 2019 3461 2169 3499; x_wconf 85' lang='lat' dir='ltr'><strong>man-</strong></span> 
     </span>
    </p>
   </div>
   <div class='ocr_carea' id='block_1_66' title="bbox 2272 3441 3857 3518">
    <p class='ocr_par' dir='ltr' id='par_1_66' title="bbox 2280 3441 3857 3518">
     <span class='ocr_line' id='line_1_66' title="bbox 2280 3441 3857 3518; baseline 0.002 -21"><span class='ocrx_word' id='word_1_512' title='bbox 2280 3443 2449 3497; x_wconf 88' lang='grc' dir='ltr'>πίδων</span> <span class='ocrx_word' id='word_1_513' title='bbox 2479 3441 2593 3511; x_wconf 83' lang='grc' dir='ltr'><strong>ἐγὼ</strong></span> <span class='ocrx_word' id='word_1_514' title='bbox 2615 3442 2890 3513; x_wconf 71' lang='grc' dir='ltr'>δρέπομαι</span> <span class='ocrx_word' id='word_1_515' title='bbox 2942 3446 3067 3509; x_wconf 82' lang='grc' dir='ltr'>τοὺς</span> <span class='ocrx_word' id='word_1_516' title='bbox 3095 3447 3341 3515; x_wconf 80' lang='grc' dir='ltr'>καρπούς</span> <span class='ocrx_word' id='word_1_517' title='bbox 3370 3463 3385 3514; x_wconf 90' lang='lat'><strong>;</strong></span> <span class='ocrx_word' id='word_1_518' title='bbox 3421 3447 3567 3518; x_wconf 82' lang='grc' dir='ltr'>Ποίῳ</span> <span class='ocrx_word' id='word_1_519' title='bbox 3599 3451 3857 3516; x_wconf 81' lang='grc' dir='ltr'>στόματι,</span> 
     </span>
    </p>
   </div>
   <div class='ocr_carea' id='block_1_67' title="bbox 590 3535 2163 3606">
    <p class='ocr_par' dir='ltr' id='par_1_67' title="bbox 590 3535 2163 3606">
     <span class='ocr_line' id='line_1_67' title="bbox 590 3535 2163 3606; baseline -0.001 -14"><span class='ocrx_word' id='word_1_520' title='bbox 590 3537 717 3592; x_wconf 85' lang='lat' dir='ltr'><strong>data</strong></span> <span class='ocrx_word' id='word_1_521' title='bbox 755 3553 930 3593; x_wconf 87' lang='lat' dir='ltr'><strong>essem</strong></span> <span class='ocrx_word' id='word_1_522' title='bbox 986 3538 1353 3593; x_wconf 74' lang='lat' dir='ltr'><strong>nranimento!</strong></span> <span class='ocrx_word' id='word_1_523' title='bbox 1386 3535 1603 3591; x_wconf 88' lang='lat' dir='ltr'><strong>Utinam</strong></span> <span class='ocrx_word' id='word_1_524' title='bbox 1649 3536 1767 3606; x_wconf 87' lang='lat' dir='ltr'><strong>ipsa</strong></span> <span class='ocrx_word' id='word_1_525' title='bbox 1800 3535 1896 3591; x_wconf 87' lang='lat' dir='ltr'><strong>tibi</strong></span> <span class='ocrx_word' id='word_1_526' title='bbox 1925 3536 2163 3606; x_wconf 88' lang='lat' dir='ltr'><strong>jacerem</strong></span> 
     </span>
    </p>
   </div>
   <div class='ocr_carea' id='block_1_68' title="bbox 590 3629 2163 3699">
    <p class='ocr_par' dir='ltr' id='par_1_68' title="bbox 590 3629 2163 3699">
     <span class='ocr_line' id='line_1_68' title="bbox 590 3629 2163 3699; baseline 0.001 -16"><span class='ocrx_word' id='word_1_527' title='bbox 590 3631 773 3699; x_wconf 90' lang='lat' dir='ltr'><strong>potius</strong></span> <span class='ocrx_word' id='word_1_528' title='bbox 810 3638 1046 3695; x_wconf 85' lang='lat' dir='ltr'><strong>mortua,</strong></span> <span class='ocrx_word' id='word_1_529' title='bbox 1090 3636 1147 3683; x_wconf 88' lang='lat' dir='ltr'><strong>et</strong></span> <span class='ocrx_word' id='word_1_530' title='bbox 1189 3630 1487 3683; x_wconf 88' lang='lat' dir='ltr'><strong>honorarer</strong></span> <span class='ocrx_word' id='word_1_531' title='bbox 1529 3639 1622 3684; x_wconf 92' lang='lat' dir='ltr'><strong>tuo</strong></span> <span class='ocrx_word' id='word_1_532' title='bbox 1677 3643 1935 3699; x_wconf 89' lang='lat' dir='ltr'><strong>processu</strong></span> <span class='ocrx_word' id='word_1_533' title='bbox 1971 3629 2036 3683; x_wconf 88' lang='lat' dir='ltr'><strong>ad</strong></span> <span class='ocrx_word' id='word_1_534' title='bbox 2072 3643 2163 3684; x_wconf 87' lang='lat' dir='ltr'><strong>se-</strong></span> 
     </span>
    </p>
   </div>
   <div class='ocr_carea' id='block_1_69' title="bbox 592 3717 2168 3791">
    <p class='ocr_par' dir='ltr' id='par_1_69' title="bbox 592 3717 2168 3791">
     <span class='ocr_line' id='line_1_69' title="bbox 592 3717 2168 3791; baseline 0.001 -19"><span class='ocrx_word' id='word_1_535' title='bbox 592 3721 878 3790; x_wconf 82' lang='lat' dir='ltr'><strong>pulcrum!</strong></span> <span class='ocrx_word' id='word_1_536' title='bbox 917 3721 1009 3776; x_wconf 91' lang='lat' dir='ltr'><strong>Sic</strong></span> <span class='ocrx_word' id='word_1_537' title='bbox 1061 3721 1207 3775; x_wconf 91' lang='lat' dir='ltr'><strong>enim</strong></span> <span class='ocrx_word' id='word_1_538' title='bbox 1256 3736 1356 3791; x_wconf 90' lang='lat' dir='ltr'><strong>ego</strong></span> <span class='ocrx_word' id='word_1_539' title='bbox 1407 3734 1585 3775; x_wconf 91' lang='lat' dir='ltr'><strong>essem</strong></span> <span class='ocrx_word' id='word_1_540' title='bbox 1644 3720 1796 3775; x_wconf 77' lang='lat' dir='ltr'><strong>felix.</strong></span> <span class='ocrx_word' id='word_1_541' title='bbox 1848 3717 1940 3776; x_wconf 88' lang='lat' dir='ltr'><strong>Sic</strong></span> <span class='ocrx_word' id='word_1_542' title='bbox 1979 3720 2034 3774; x_wconf 90' lang='lat' dir='ltr'><strong>in</strong></span> <span class='ocrx_word' id='word_1_543' title='bbox 2080 3735 2168 3774; x_wconf 79' lang='lat' dir='ltr'><strong>me</strong></span> 
     </span>
    </p>
   </div>
   <div class='ocr_carea' id='block_1_70' title="bbox 592 3812 1827 3883">
    <p class='ocr_par' dir='ltr' id='par_1_70' title="bbox 592 3812 1827 3883">
     <span class='ocr_line' id='line_1_70' title="bbox 592 3812 1827 3883; baseline 0.002 -18"><span class='ocrx_word' id='word_1_544' title='bbox 592 3814 782 3881; x_wconf 90' lang='lat' dir='ltr'><strong>utique</strong></span> <span class='ocrx_word' id='word_1_545' title='bbox 817 3822 1140 3867; x_wconf 86' lang='lat' dir='ltr'><strong>conservata</strong></span> <span class='ocrx_word' id='word_1_546' title='bbox 1173 3822 1318 3867; x_wconf 88' lang='lat' dir='ltr'><strong>esset</strong></span> <span class='ocrx_word' id='word_1_547' title='bbox 1351 3812 1437 3867; x_wconf 80' lang='lat' dir='ltr'><strong>lex</strong></span> <span class='ocrx_word' id='word_1_548' title='bbox 1473 3823 1709 3883; x_wconf 87' lang='lat' dir='ltr'><strong>patrum.</strong></span> <span class='ocrx_word' id='word_1_549' title='bbox 1816 3848 1827 3859; x_wconf 58' lang='grc' dir='ltr'>π</span> 
     </span>
    </p>
   </div>
   <div class='ocr_carea' id='block_1_71' title="bbox 2276 3533 3859 3609">
    <p class='ocr_par' dir='ltr' id='par_1_71' title="bbox 2276 3533 3859 3609">
     <span class='ocr_line' id='line_1_71' title="bbox 2276 3533 3859 3609; baseline 0.003 -21"><span class='ocrx_word' id='word_1_550' title='bbox 2276 3534 2403 3605; x_wconf 77' lang='grc' dir='ltr'>ποίᾳ</span> <span class='ocrx_word' id='word_1_551' title='bbox 2429 3534 2652 3609; x_wconf 74' lang='grc' dir='ltr'>γλώσσῃ</span> <span class='ocrx_word' id='word_1_552' title='bbox 2695 3533 2766 3588; x_wconf 82' lang='grc' dir='ltr'><strong>τὰ</strong></span> <span class='ocrx_word' id='word_1_553' title='bbox 2791 3535 2858 3588; x_wconf 81' lang='grc' dir='ltr'><strong>σὰ</strong></span> <span class='ocrx_word' id='word_1_554' title='bbox 2888 3533 3224 3607; x_wconf 80' lang='grc' dir='ltr'><strong>φθέγξομαι,</strong></span> <span class='ocrx_word' id='word_1_555' title='bbox 3256 3540 3430 3601; x_wconf 86' lang='grc' dir='ltr'>ποίοις</span> <span class='ocrx_word' id='word_1_556' title='bbox 3454 3538 3698 3607; x_wconf 73' lang='grc' dir='ltr'>ὄμμασιν</span> <span class='ocrx_word' id='word_1_557' title='bbox 3719 3540 3859 3591; x_wconf 79' lang='grc' dir='ltr'>ἀνα-</span> 
     </span>
    </p>
   </div>
   <div class='ocr_carea' id='block_1_72' title="bbox 2277 3625 3862 3697">
    <p class='ocr_par' dir='ltr' id='par_1_72' title="bbox 2277 3625 3862 3697">
     <span class='ocr_line' id='line_1_72' title="bbox 2277 3625 3862 3697; baseline 0.003 -18"><span class='ocrx_word' id='word_1_558' title='bbox 2277 3625 2587 3695; x_wconf 80' lang='grc' dir='ltr'>κλαύσομαι</span> <span class='ocrx_word' id='word_1_559' title='bbox 2614 3641 2632 3692; x_wconf 87' lang='lat'><strong>;</strong></span> <span class='ocrx_word' id='word_1_560' title='bbox 2674 3625 2907 3693; x_wconf 84' lang='grc' dir='ltr'>Ὄφελον</span> <span class='ocrx_word' id='word_1_561' title='bbox 2931 3626 3024 3679; x_wconf 77' lang='grc' dir='ltr'>τὸν</span> <span class='ocrx_word' id='word_1_562' title='bbox 3051 3627 3183 3697; x_wconf 74' lang='grc' dir='ltr'>ἐμὸν</span> <span class='ocrx_word' id='word_1_563' title='bbox 3217 3627 3447 3681; x_wconf 80' lang='grc' dir='ltr'>θάνατον</span> <span class='ocrx_word' id='word_1_564' title='bbox 3478 3630 3707 3695; x_wconf 66' lang='grc' dir='ltr'>ἐπεῖδον,</span> <span class='ocrx_word' id='word_1_565' title='bbox 3760 3630 3862 3683; x_wconf 80' lang='grc' dir='ltr'>καὶ</span> 
     </span>
    </p>
   </div>
   <div class='ocr_carea' id='block_1_73' title="bbox 2275 3718 3859 3792">
    <p class='ocr_par' dir='ltr' id='par_1_73' title="bbox 2275 3718 3859 3792">
     <span class='ocr_line' id='line_1_73' title="bbox 2275 3718 3859 3792; baseline 0.003 -21"><span class='ocrx_word' id='word_1_566' title='bbox 2275 3720 2397 3781; x_wconf 85' lang='grc' dir='ltr'>ταῖς</span> <span class='ocrx_word' id='word_1_567' title='bbox 2431 3718 2528 3772; x_wconf 88' lang='grc' dir='ltr'><strong>τοῦ</strong></span> <span class='ocrx_word' id='word_1_568' title='bbox 2554 3719 2746 3781; x_wconf 72' lang='grc' dir='ltr'>παιδὸς</span> <span class='ocrx_word' id='word_1_569' title='bbox 2777 3718 2904 3789; x_wconf 71' lang='grc' dir='ltr'><strong>ἐμοὶ</strong></span> <span class='ocrx_word' id='word_1_570' title='bbox 2935 3719 3116 3788; x_wconf 82' lang='grc' dir='ltr'>φίλαις</span> <span class='ocrx_word' id='word_1_571' title='bbox 3143 3723 3302 3791; x_wconf 83' lang='grc' dir='ltr'>χερσὶ</span> <span class='ocrx_word' id='word_1_572' title='bbox 3332 3719 3409 3790; x_wconf 82' lang='grc' dir='ltr'>τῷ</span> <span class='ocrx_word' id='word_1_573' title='bbox 3438 3723 3683 3792; x_wconf 81' lang='grc' dir='ltr'>μνήματι</span> <span class='ocrx_word' id='word_1_574' title='bbox 3704 3738 3859 3791; x_wconf 81' lang='grc' dir='ltr'>παρ-</span> 
     </span>
    </p>
   </div>
   <div class='ocr_carea' id='block_1_74' title="bbox 2278 3809 3859 3885">
    <p class='ocr_par' dir='ltr' id='par_1_74' title="bbox 2278 3809 3859 3885">
     <span class='ocr_line' id='line_1_74' title="bbox 2278 3809 3859 3885; baseline 0.005 -24"><span class='ocrx_word' id='word_1_575' title='bbox 2278 3809 2490 3879; x_wconf 79' lang='grc' dir='ltr'>σδόθην.</span> <span class='ocrx_word' id='word_1_576' title='bbox 2527 3809 2765 3878; x_wconf 77' lang='grc' dir='ltr'>Ὄφελον</span> <span class='ocrx_word' id='word_1_577' title='bbox 2819 3811 2961 3880; x_wconf 82' lang='grc' dir='ltr'>αὐτή</span> <span class='ocrx_word' id='word_1_578' title='bbox 3016 3828 3099 3865; x_wconf 90' lang='grc' dir='ltr'><strong>σοι</strong></span> <span class='ocrx_word' id='word_1_579' title='bbox 3145 3812 3486 3884; x_wconf 85' lang='grc' dir='ltr'>προεκείμην</span> <span class='ocrx_word' id='word_1_580' title='bbox 3519 3814 3720 3885; x_wconf 79' lang='grc' dir='ltr'>μᾶλλον</span> <span class='ocrx_word' id='word_1_581' title='bbox 3767 3831 3859 3868; x_wconf 80' lang='grc' dir='ltr'>νι-</span> 
     </span>
    </p>
   </div>
   <div class='ocr_carea' id='block_1_75' title="bbox 595 3897 3852 3978">
    <p class='ocr_par' dir='ltr' id='par_1_75' title="bbox 595 3897 3852 3978">
     <span class='ocr_line' id='line_1_75' title="bbox 595 3897 3852 3978; baseline 0.003 -27"><span class='ocrx_word' id='word_1_582' title='bbox 595 3902 704 3970; x_wconf 73' lang='grc' dir='ltr'>κρέι</span> <span class='ocrx_word' id='word_1_583' title='bbox 726 3903 845 3964; x_wconf 81' lang='grc' dir='ltr'>ταῖς</span> <span class='ocrx_word' id='word_1_584' title='bbox 897 3903 1017 3963; x_wconf 85' lang='grc' dir='ltr'>σαῖς</span> <span class='ocrx_word' id='word_1_585' title='bbox 1068 3902 1160 3955; x_wconf 75' lang='grc' dir='ltr'><strong>ἐπὶ</strong></span> <span class='ocrx_word' id='word_1_586' title='bbox 1197 3901 1289 3953; x_wconf 80' lang='grc' dir='ltr'><strong>τὸν</strong></span> <span class='ocrx_word' id='word_1_587' title='bbox 1333 3901 1508 3968; x_wconf 85' lang='grc' dir='ltr'>τάφον</span> <span class='ocrx_word' id='word_1_588' title='bbox 1540 3902 1824 3971; x_wconf 79' lang='grc' dir='ltr'>τιμωμένη</span> <span class='ocrx_word' id='word_1_589' title='bbox 1860 3901 2141 3972; x_wconf 70' lang='grc' dir='ltr'>προόδοις·</span> <span class='ocrx_word' id='word_1_590' title='bbox 2181 3899 2326 3954; x_wconf 82' lang='grc' dir='ltr'>οῦτω</span> <span class='ocrx_word' id='word_1_591' title='bbox 2376 3904 2485 3970; x_wconf 73' lang='grc' dir='ltr'>γὰρ</span> <span class='ocrx_word' id='word_1_592' title='bbox 2524 3897 2594 3973; x_wconf 75' lang='grc' dir='ltr'><strong>ἦν</strong></span> <span class='ocrx_word' id='word_1_593' title='bbox 2636 3900 2915 3971; x_wconf 83' lang='grc' dir='ltr'>εὐδαίμων</span> <span class='ocrx_word' id='word_1_594' title='bbox 2961 3902 3073 3973; x_wconf 73' lang='grc' dir='ltr'><strong>ἐγώ</strong></span> <span class='ocrx_word' id='word_1_595' title='bbox 3101 3919 3117 3933; x_wconf 75' lang='grc' dir='ltr'><strong>ο</strong></span> <span class='ocrx_word' id='word_1_596' title='bbox 3152 3903 3331 3970; x_wconf 79' lang='grc' dir='ltr'>οὕτως</span> <span class='ocrx_word' id='word_1_597' title='bbox 3353 3906 3420 3960; x_wconf 75' lang='grc' dir='ltr'><strong>ἂν</strong></span> <span class='ocrx_word' id='word_1_598' title='bbox 3445 3906 3534 3957; x_wconf 84' lang='grc' dir='ltr'><strong>ἐπ’</strong></span> <span class='ocrx_word' id='word_1_599' title='bbox 3584 3907 3708 3976; x_wconf 70' lang='grc' dir='ltr'><strong>ἐμοὶ</strong></span> <span class='ocrx_word' id='word_1_600' title='bbox 3752 3907 3852 3978; x_wconf 69' lang='grc' dir='ltr'><strong>δή-</strong></span> 
     </span>
    </p>
   </div>
   <div class='ocr_carea' id='block_1_76' title="bbox 596 3991 1787 4061">
    <p class='ocr_par' dir='ltr' id='par_1_76' title="bbox 596 3991 1787 4061">
     <span class='ocr_line' id='line_1_76' title="bbox 596 3991 1787 4061; baseline 0.001 -15"><span class='ocrx_word' id='word_1_601' title='bbox 596 3993 800 4046; x_wconf 86' lang='grc' dir='ltr'>πουθεν</span> <span class='ocrx_word' id='word_1_602' title='bbox 842 3992 870 4042; x_wconf 86' lang='grc' dir='ltr'><strong>ὁ</strong></span> <span class='ocrx_word' id='word_1_603' title='bbox 906 3991 1013 4044; x_wconf 89' lang='grc' dir='ltr'>τῶν</span> <span class='ocrx_word' id='word_1_604' title='bbox 1043 3991 1297 4060; x_wconf 74' lang='grc' dir='ltr'>πατέρων</span> <span class='ocrx_word' id='word_1_605' title='bbox 1332 3992 1578 4060; x_wconf 78' lang='grc' dir='ltr'>ἐτηρεῖτο</span> <span class='ocrx_word' id='word_1_606' title='bbox 1601 3991 1787 4061; x_wconf 87' lang='grc' dir='ltr'>νόμος.</span> 
     </span>
    </p>
   </div>
   <div class='ocr_carea' id='block_1_77' title="bbox 660 4082 2167 4156">
    <p class='ocr_par' dir='ltr' id='par_1_77' title="bbox 660 4082 2167 4156">
     <span class='ocr_line' id='line_1_77' title="bbox 660 4082 2167 4156; baseline 0.001 -19"><span class='ocrx_word' id='word_1_607' title='bbox 660 4083 806 4138; x_wconf 83' lang='grc' dir='ltr'><strong>Χ111.</strong></span> <span class='ocrx_word' id='word_1_608' title='bbox 847 4083 940 4138; x_wconf 88' lang='lat' dir='ltr'><strong>Sic</strong></span> <span class='ocrx_word' id='word_1_609' title='bbox 969 4082 1216 4144; x_wconf 86' lang='lat' dir='ltr'><strong>dicebat,</strong></span> <span class='ocrx_word' id='word_1_610' title='bbox 1249 4090 1305 4136; x_wconf 90' lang='lat' dir='ltr'><strong>et</strong></span> <span class='ocrx_word' id='word_1_611' title='bbox 1336 4083 1629 4151; x_wconf 84' lang='lat' dir='ltr'><strong>procidens</strong></span> <span class='ocrx_word' id='word_1_612' title='bbox 1685 4099 1877 4139; x_wconf 87' lang='lat' dir='ltr'><strong>rursus</strong></span> <span class='ocrx_word' id='word_1_613' title='bbox 1922 4085 2167 4156; x_wconf 67' lang='lat' dir='ltr'><strong>lugebat,</strong></span> 
     </span>
    </p>
   </div>
   <div class='ocr_carea' id='block_1_78' title="bbox 592 4172 2169 4244">
    <p class='ocr_par' dir='ltr' id='par_1_78' title="bbox 592 4172 2169 4244">
     <span class='ocr_line' id='line_1_78' title="bbox 592 4172 2169 4244; baseline 0.001 -15"><span class='ocrx_word' id='word_1_614' title='bbox 592 4185 650 4229; x_wconf 87' lang='lat' dir='ltr'><strong>et</strong></span> <span class='ocrx_word' id='word_1_615' title='bbox 678 4183 937 4243; x_wconf 85' lang='lat' dir='ltr'><strong>tanquam</strong></span> <span class='ocrx_word' id='word_1_616' title='bbox 973 4172 1157 4227; x_wconf 88' lang='lat' dir='ltr'><strong>adhuc</strong></span> <span class='ocrx_word' id='word_1_617' title='bbox 1184 4172 1491 4227; x_wconf 87' lang='lat' dir='ltr'><strong>animatum</strong></span> <span class='ocrx_word' id='word_1_618' title='bbox 1541 4174 1921 4242; x_wconf 86' lang='lat' dir='ltr'><strong>alloquebatur</strong></span> <span class='ocrx_word' id='word_1_619' title='bbox 1965 4191 2169 4244; x_wconf 83' lang='lat' dir='ltr'><strong>corpus</strong></span> 
     </span>
    </p>
   </div>
   <div class='ocr_carea' id='block_1_79' title="bbox 592 4264 2166 4335">
    <p class='ocr_par' dir='ltr' id='par_1_79' title="bbox 592 4264 2166 4335">
     <span class='ocr_line' id='line_1_79' title="bbox 592 4264 2166 4335; baseline 0 -16"><span class='ocrx_word' id='word_1_620' title='bbox 592 4264 890 4335; x_wconf 85' lang='lat' dir='ltr'><strong>martyris:</strong></span> <span class='ocrx_word' id='word_1_621' title='bbox 957 4264 1241 4327; x_wconf 85' lang='lat' dir='ltr'><strong>Quodnam</strong></span> <span class='ocrx_word' id='word_1_622' title='bbox 1298 4273 1541 4328; x_wconf 90' lang='lat' dir='ltr'><strong>tantum,</strong></span> <span class='ocrx_word' id='word_1_623' title='bbox 1600 4264 1810 4328; x_wconf 87' lang='lat' dir='ltr'><strong>dicens,</strong></span> <span class='ocrx_word' id='word_1_624' title='bbox 1870 4278 1905 4320; x_wconf 90' lang='lat' dir='ltr'><strong>o</strong></span> <span class='ocrx_word' id='word_1_625' title='bbox 1964 4264 2166 4321; x_wconf 86' lang='lat' dir='ltr'><strong>Christi</strong></span> 
     </span>
    </p>
   </div>
   <div class='ocr_carea' id='block_1_80' title="bbox 594 4352 2166 4425">
    <p class='ocr_par' dir='ltr' id='par_1_80' title="bbox 594 4352 2166 4425">
     <span class='ocr_line' id='line_1_80' title="bbox 594 4352 2166 4425; baseline 0 -17"><span class='ocrx_word' id='word_1_626' title='bbox 594 4365 819 4425; x_wconf 82' lang='lat' dir='ltr'><strong>martyr,</strong></span> <span class='ocrx_word' id='word_1_627' title='bbox 851 4354 1074 4408; x_wconf 88' lang='lat' dir='ltr'><strong>sceleris</strong></span> <span class='ocrx_word' id='word_1_628' title='bbox 1104 4352 1449 4413; x_wconf 84' lang='lat' dir='ltr'><strong>admisimus,</strong></span> <span class='ocrx_word' id='word_1_629' title='bbox 1488 4352 1634 4407; x_wconf 89' lang='lat' dir='ltr'><strong>utin</strong></span> <span class='ocrx_word' id='word_1_630' title='bbox 1668 4354 1811 4409; x_wconf 84' lang='lat' dir='ltr'><strong>hanc</strong></span> <span class='ocrx_word' id='word_1_631' title='bbox 1858 4364 1968 4409; x_wconf 87' lang='lat' dir='ltr'><strong>tam</strong></span> <span class='ocrx_word' id='word_1_632' title='bbox 2008 4369 2166 4411; x_wconf 83' lang='lat' dir='ltr'><strong>acer-</strong></span> 
     </span>
    </p>
   </div>
   <div class='ocr_carea' id='block_1_81' title="bbox 593 4444 2168 4512">
    <p class='ocr_par' dir='ltr' id='par_1_81' title="bbox 593 4444 2168 4512">
     <span class='ocr_line' id='line_1_81' title="bbox 593 4444 2168 4512; baseline 0 -12"><span class='ocrx_word' id='word_1_633' title='bbox 593 4448 718 4502; x_wconf 88' lang='lat' dir='ltr'><strong>bam</strong></span> <span class='ocrx_word' id='word_1_634' title='bbox 778 4446 1145 4500; x_wconf 90' lang='lat' dir='ltr'><strong>incideremus</strong></span> <span class='ocrx_word' id='word_1_635' title='bbox 1187 4444 1595 4499; x_wconf 76' lang='lat' dir='ltr'><strong>calamitatem?</strong></span> <span class='ocrx_word' id='word_1_636' title='bbox 1645 4445 1805 4512; x_wconf 86' lang='lat' dir='ltr'><strong>Non,</strong></span> <span class='ocrx_word' id='word_1_637' title='bbox 1856 4446 2054 4501; x_wconf 90' lang='lat' dir='ltr'><strong>marito</strong></span> <span class='ocrx_word' id='word_1_638' title='bbox 2111 4448 2168 4502; x_wconf 89' lang='lat' dir='ltr'><strong>in</strong></span> 
     </span>
    </p>
   </div>
   <div class='ocr_carea' id='block_1_82' title="bbox 589 4537 2170 4609">
    <p class='ocr_par' dir='ltr' id='par_1_82' title="bbox 589 4537 2170 4609">
     <span class='ocr_line' id='line_1_82' title="bbox 589 4537 2170 4609; baseline -0.001 -16"><span class='ocrx_word' id='word_1_639' title='bbox 589 4549 814 4594; x_wconf 69' lang='lat' dir='ltr'><strong>externa</strong></span> <span class='ocrx_word' id='word_1_640' title='bbox 848 4539 1070 4609; x_wconf 86' lang='lat' dir='ltr'><strong>regione</strong></span> <span class='ocrx_word' id='word_1_641' title='bbox 1106 4537 1313 4603; x_wconf 86' lang='lat' dir='ltr'><strong>relicto,</strong></span> <span class='ocrx_word' id='word_1_642' title='bbox 1346 4537 1519 4607; x_wconf 90' lang='lat' dir='ltr'><strong>pluris</strong></span> <span class='ocrx_word' id='word_1_643' title='bbox 1549 4540 1713 4607; x_wconf 70' lang='lat' dir='ltr'><strong>quani</strong></span> <span class='ocrx_word' id='word_1_644' title='bbox 1747 4539 1955 4608; x_wconf 87' lang='lat' dir='ltr'><strong>reliqua</strong></span> <span class='ocrx_word' id='word_1_645' title='bbox 1985 4538 2170 4593; x_wconf 88' lang='lat' dir='ltr'><strong>omnia</strong></span> 
     </span>
    </p>
   </div>
   <div class='ocr_carea' id='block_1_83' title="bbox 591 4627 2170 4700">
    <p class='ocr_par' dir='ltr' id='par_1_83' title="bbox 591 4627 2170 4700">
     <span class='ocr_line' id='line_1_83' title="bbox 591 4627 2170 4700; baseline 0 -16"><span class='ocrx_word' id='word_1_646' title='bbox 591 4631 693 4685; x_wconf 84' lang='lat' dir='ltr'><strong>feci</strong></span> <span class='ocrx_word' id='word_1_647' title='bbox 727 4641 881 4685; x_wconf 90' lang='lat' dir='ltr'><strong>tuum</strong></span> <span class='ocrx_word' id='word_1_648' title='bbox 930 4639 1220 4700; x_wconf 79' lang='lat' dir='ltr'><strong>exportare</strong></span> <span class='ocrx_word' id='word_1_649' title='bbox 1253 4629 1486 4700; x_wconf 85' lang='lat' dir='ltr'><strong>corpus?</strong></span> <span class='ocrx_word' id='word_1_650' title='bbox 1532 4627 1649 4683; x_wconf 85' lang='lat' dir='ltr'><strong>Non</strong></span> <span class='ocrx_word' id='word_1_651' title='bbox 1695 4630 1764 4685; x_wconf 90' lang='lat' dir='ltr'><strong>ab</strong></span> <span class='ocrx_word' id='word_1_652' title='bbox 1801 4631 1933 4699; x_wconf 87' lang='lat' dir='ltr'><strong>ipsis</strong></span> <span class='ocrx_word' id='word_1_653' title='bbox 1975 4630 2170 4684; x_wconf 84' lang='lat' dir='ltr'><strong>funda-</strong></span> 
     </span>
    </p>
   </div>
   <div class='ocr_carea' id='block_1_84' title="bbox 2351 4084 3852 4154">
    <p class='ocr_par' dir='ltr' id='par_1_84' title="bbox 2351 4084 3852 4154">
     <span class='ocr_line' id='line_1_84' title="bbox 2351 4084 3852 4154; baseline 0.005 -16"><span class='ocrx_word' id='word_1_654' title='bbox 2351 4085 2451 4139; x_wconf 86' lang='lat' dir='ltr'><strong>lI&quot;.</strong></span> <span class='ocrx_word' id='word_1_655' title='bbox 2487 4084 2676 4149; x_wconf 75' lang='grc' dir='ltr'>Οὕτως</span> <span class='ocrx_word' id='word_1_656' title='bbox 2710 4086 2886 4154; x_wconf 76' lang='grc' dir='ltr'>ἔλεγε,</span> <span class='ocrx_word' id='word_1_657' title='bbox 2917 4087 3009 4141; x_wconf 79' lang='grc' dir='ltr'>καὶ</span> <span class='ocrx_word' id='word_1_658' title='bbox 3030 4088 3414 4143; x_wconf 78' lang='grc' dir='ltr'>καταπεσοῦσα</span> <span class='ocrx_word' id='word_1_659' title='bbox 3444 4089 3605 4145; x_wconf 70' lang='grc' dir='ltr'>πάλιν</span> <span class='ocrx_word' id='word_1_660' title='bbox 3639 4090 3852 4154; x_wconf 79' lang='grc' dir='ltr'>ἔστενε.</span> 
     </span>
    </p>
   </div>
   <div class='ocr_carea' id='block_1_85' title="bbox 2276 4177 3855 4252">
    <p class='ocr_par' dir='ltr' id='par_1_85' title="bbox 2276 4177 3855 4252">
     <span class='ocr_line' id='line_1_85' title="bbox 2276 4177 3855 4252; baseline 0.004 -20"><span class='ocrx_word' id='word_1_661' title='bbox 2276 4179 2371 4232; x_wconf 77' lang='grc' dir='ltr'>καὶ</span> <span class='ocrx_word' id='word_1_662' title='bbox 2391 4177 2468 4240; x_wconf 84' lang='grc' dir='ltr'><strong>ὡς</strong></span> <span class='ocrx_word' id='word_1_663' title='bbox 2497 4178 2728 4249; x_wconf 63' lang='grc' dir='ltr'>ἐμψύχῳ</span> <span class='ocrx_word' id='word_1_664' title='bbox 2773 4179 2857 4232; x_wconf 78' lang='grc' dir='ltr'>ἐτι</span> <span class='ocrx_word' id='word_1_665' title='bbox 2880 4178 2958 4250; x_wconf 81' lang='grc' dir='ltr'><strong>τῷ</strong></span> <span class='ocrx_word' id='word_1_666' title='bbox 2999 4178 3092 4232; x_wconf 90' lang='grc' dir='ltr'><strong>τοῦ</strong></span> <span class='ocrx_word' id='word_1_667' title='bbox 3125 4180 3397 4250; x_wconf 72' lang='grc' dir='ltr'>μάρτυρος</span> <span class='ocrx_word' id='word_1_668' title='bbox 3425 4181 3638 4252; x_wconf 86' lang='grc' dir='ltr'>σώματι</span> <span class='ocrx_word' id='word_1_669' title='bbox 3678 4184 3855 4238; x_wconf 78' lang='grc' dir='ltr'>διελέο</span> 
     </span>
    </p>
   </div>
   <div class='ocr_carea' id='block_1_86' title="bbox 2273 4265 3858 4346">
    <p class='ocr_par' dir='ltr' id='par_1_86' title="bbox 2273 4265 3858 4346">
     <span class='ocr_line' id='line_1_86' title="bbox 2273 4265 3858 4346; baseline 0.006 -25"><span class='ocrx_word' id='word_1_670' title='bbox 2273 4285 2424 4338; x_wconf 66' lang='grc' dir='ltr'>γετω</span> <span class='ocrx_word' id='word_1_671' title='bbox 2447 4270 2513 4323; x_wconf 81' lang='grc' dir='ltr'>Τί</span> <span class='ocrx_word' id='word_1_672' title='bbox 2530 4269 2870 4340; x_wconf 84' lang='grc' dir='ltr'>τηλικοῦτον,</span> <span class='ocrx_word' id='word_1_673' title='bbox 2890 4265 2935 4323; x_wconf 77' lang='grc' dir='ltr'>ὦ</span> <span class='ocrx_word' id='word_1_674' title='bbox 2955 4270 3047 4323; x_wconf 89' lang='grc' dir='ltr'><strong>τοῦ</strong></span> <span class='ocrx_word' id='word_1_675' title='bbox 3063 4270 3302 4340; x_wconf 82' lang='grc' dir='ltr'>Χριστοῦ</span> <span class='ocrx_word' id='word_1_676' title='bbox 3332 4273 3563 4343; x_wconf 86' lang='grc' dir='ltr'>μάρτυς,</span> <span class='ocrx_word' id='word_1_677' title='bbox 3587 4275 3858 4346; x_wconf 72' lang='grc' dir='ltr'>ἠδικήκα-</span> 
     </span>
    </p>
   </div>
   <div class='ocr_carea' id='block_1_87' title="bbox 2274 4360 3850 4439">
    <p class='ocr_par' dir='ltr' id='par_1_87' title="bbox 2274 4360 3850 4439">
     <span class='ocr_line' id='line_1_87' title="bbox 2274 4360 3850 4439; baseline 0.003 -25"><span class='ocrx_word' id='word_1_678' title='bbox 2274 4377 2378 4429; x_wconf 74' lang='grc' dir='ltr'><strong>μεν</strong></span> <span class='ocrx_word' id='word_1_679' title='bbox 2398 4360 2656 4428; x_wconf 68' lang='grc' dir='ltr'>λέγουσα,</span> <span class='ocrx_word' id='word_1_680' title='bbox 2685 4361 2762 4424; x_wconf 79' lang='grc' dir='ltr'>ὡς</span> <span class='ocrx_word' id='word_1_681' title='bbox 2787 4363 2960 4433; x_wconf 73' lang='grc' dir='ltr'>πικρᾷ</span> <span class='ocrx_word' id='word_1_682' title='bbox 2975 4362 3201 4432; x_wconf 80' lang='grc' dir='ltr'>τοιαύτῃ</span> <span class='ocrx_word' id='word_1_683' title='bbox 3225 4369 3545 4434; x_wconf 81' lang='grc' dir='ltr'>περιπεσεῖν</span> <span class='ocrx_word' id='word_1_684' title='bbox 3570 4370 3850 4439; x_wconf 70' lang='grc' dir='ltr'>συμφορᾷ,</span> 
     </span>
    </p>
   </div>
   <div class='ocr_carea' id='block_1_88' title="bbox 2267 4453 3853 4531">
    <p class='ocr_par' dir='ltr' id='par_1_88' title="bbox 2267 4453 3853 4531">
     <span class='ocr_line' id='line_1_88' title="bbox 2267 4453 3853 4531; baseline 0.006 -26"><span class='ocrx_word' id='word_1_685' title='bbox 2267 4453 2369 4505; x_wconf 71' lang='grc' dir='ltr'><strong>οὐκ</strong></span> <span class='ocrx_word' id='word_1_686' title='bbox 2424 4454 2481 4505; x_wconf 81' lang='grc' dir='ltr'>ὲν</span> <span class='ocrx_word' id='word_1_687' title='bbox 2508 4453 2767 4524; x_wconf 78' lang='grc' dir='ltr'>ἀλλοτρίᾳ</span> <span class='ocrx_word' id='word_1_688' title='bbox 2815 4454 2908 4507; x_wconf 75' lang='grc' dir='ltr'>τὸν</span> <span class='ocrx_word' id='word_1_689' title='bbox 2955 4457 3128 4526; x_wconf 78' lang='grc' dir='ltr'>ἄνδρα</span> <span class='ocrx_word' id='word_1_690' title='bbox 3174 4457 3574 4524; x_wconf 79' lang='grc' dir='ltr'>καταλιποῦσα,</span> <span class='ocrx_word' id='word_1_691' title='bbox 3601 4460 3702 4531; x_wconf 81' lang='grc' dir='ltr'>τὴν</span> <span class='ocrx_word' id='word_1_692' title='bbox 3756 4461 3853 4515; x_wconf 81' lang='grc' dir='ltr'><strong>τοῦ</strong></span> 
     </span>
    </p>
   </div>
   <div class='ocr_carea' id='block_1_89' title="bbox 2271 4540 3850 4617">
    <p class='ocr_par' dir='ltr' id='par_1_89' title="bbox 2271 4540 3850 4617">
     <span class='ocr_line' id='line_1_89' title="bbox 2271 4540 3850 4617; baseline 0.005 -24"><span class='ocrx_word' id='word_1_693' title='bbox 2271 4540 2529 4611; x_wconf 85' lang='grc' dir='ltr'>σώματος</span> <span class='ocrx_word' id='word_1_694' title='bbox 2569 4543 2815 4611; x_wconf 68' lang='grc' dir='ltr'>ἐκφορὰν</span> <span class='ocrx_word' id='word_1_695' title='bbox 2872 4543 3005 4614; x_wconf 77' lang='grc' dir='ltr'>περὶ</span> <span class='ocrx_word' id='word_1_696' title='bbox 3046 4545 3248 4607; x_wconf 79' lang='grc' dir='ltr'>παντὸς</span> <span class='ocrx_word' id='word_1_697' title='bbox 3290 4546 3499 4617; x_wconf 70' lang='grc' dir='ltr'>ἐθέμην</span> <span class='ocrx_word' id='word_1_698' title='bbox 3545 4548 3642 4602; x_wconf 85' lang='grc' dir='ltr'><strong>τοῦ</strong></span> <span class='ocrx_word' id='word_1_699' title='bbox 3706 4551 3850 4617; x_wconf 74' lang='lat' dir='ltr'><strong>cro-3;</strong></span> 
     </span>
    </p>
   </div>
   <div class='ocr_carea' id='block_1_90' title="bbox 2273 4633 3849 4708">
    <p class='ocr_par' dir='ltr' id='par_1_90' title="bbox 2273 4633 3849 4708">
     <span class='ocr_line' id='line_1_90' title="bbox 2273 4633 3849 4708; baseline 0.005 -22"><span class='ocrx_word' id='word_1_700' title='bbox 2273 4635 2387 4686; x_wconf 84' lang='grc' dir='ltr'>Ούκ</span> <span class='ocrx_word' id='word_1_701' title='bbox 2430 4633 2491 4698; x_wconf 77' lang='grc' dir='ltr'>ἐξ</span> <span class='ocrx_word' id='word_1_702' title='bbox 2511 4633 2689 4687; x_wconf 80' lang='grc' dir='ltr'>αὐτῶν</span> <span class='ocrx_word' id='word_1_703' title='bbox 2738 4634 3020 4704; x_wconf 83' lang='grc' dir='ltr'>κρηπίδων</span> <span class='ocrx_word' id='word_1_704' title='bbox 3066 4636 3373 4706; x_wconf 63' lang='lat' dir='ltr'><strong>taude</strong></span> <span class='ocrx_word' id='word_1_705' title='bbox 3402 4654 3497 4691; x_wconf 89' lang='grc' dir='ltr'><strong>σου</strong></span> <span class='ocrx_word' id='word_1_706' title='bbox 3535 4638 3630 4693; x_wconf 84' lang='grc' dir='ltr'><strong>τδν</strong></span> <span class='ocrx_word' id='word_1_707' title='bbox 3659 4641 3791 4694; x_wconf 85' lang='grc' dir='ltr'>ναόν</span> <span class='ocrx_word' id='word_1_708' title='bbox 3833 4658 3849 4708; x_wconf 88' lang='lat'><strong>;</strong></span> 
     </span>
    </p>
   </div>
   <div class='ocr_carea' id='block_1_91' title="bbox 594 4693 2169 4804">
    <p class='ocr_par' dir='ltr' id='par_1_91' title="bbox 594 4693 2165 4791">
     <span class='ocr_line' id='line_1_91' title="bbox 594 4693 2165 4791; baseline 0.001 -16"><span class='ocrx_word' id='word_1_709' title='bbox 594 4722 793 4776; x_wconf 89' lang='lat' dir='ltr'><strong>mentis</strong></span> <span class='ocrx_word' id='word_1_710' title='bbox 832 4722 929 4775; x_wconf 88' lang='lat' dir='ltr'><strong>tibi</strong></span> <span class='ocrx_word' id='word_1_711' title='bbox 959 4693 1218 4791; x_wconf 70' lang='lat' dir='ltr'><strong>templum</strong></span> <span class='ocrx_word' id='word_1_712' title='bbox 1249 4693 1538 4775; x_wconf 76' lang='lat' dir='ltr'><strong>exstruxi?</strong></span> <span class='ocrx_word' id='word_1_713' title='bbox 1575 4719 1713 4786; x_wconf 85' lang='lat' dir='ltr'><strong>Non,</strong></span> <span class='ocrx_word' id='word_1_714' title='bbox 1746 4719 1792 4774; x_wconf 90' lang='lat' dir='ltr'><strong>si</strong></span> <span class='ocrx_word' id='word_1_715' title='bbox 1823 4693 1969 4774; x_wconf 70' lang='grc'><strong>1111111</strong></span> <span class='ocrx_word' id='word_1_716' title='bbox 1998 4721 2165 4777; x_wconf 88' lang='lat' dir='ltr'><strong>aliud.</strong></span> 
     </span>
    </p>
   </div>
   <div class='ocr_carea' id='block_1_92' title="bbox 2272 4693 3852 4804">
    <p class='ocr_par' dir='ltr' id='par_1_92' title="bbox 2273 4693 3852 4804">
     <span class='ocr_line' id='line_1_92' title="bbox 2273 4693 3852 4804; baseline 0.006 -25"><span class='ocrx_word' id='word_1_717' title='bbox 2273 4726 2414 4791; x_wconf 79' lang='grc' dir='ltr'>Οὐκ,</span> <span class='ocrx_word' id='word_1_718' title='bbox 2441 4693 2490 4777; x_wconf 77' lang='grc' dir='ltr'><strong>εί</strong></span> <span class='ocrx_word' id='word_1_719' title='bbox 2534 4728 2609 4796; x_wconf 83' lang='grc' dir='ltr'><strong>μή</strong></span> <span class='ocrx_word' id='word_1_720' title='bbox 2640 4742 2694 4778; x_wconf 92' lang='grc' dir='ltr'><strong>τι</strong></span> <span class='ocrx_word' id='word_1_721' title='bbox 2727 4693 2876 4793; x_wconf 77' lang='grc' dir='ltr'>ἄλλο,</span> <span class='ocrx_word' id='word_1_722' title='bbox 2901 4728 3001 4797; x_wconf 72' lang='grc' dir='ltr'>τὴν</span> <span class='ocrx_word' id='word_1_723' title='bbox 3032 4727 3164 4795; x_wconf 89' lang='grc' dir='ltr'>γοῦν</span> <span class='ocrx_word' id='word_1_724' title='bbox 3180 4693 3300 4783; x_wconf 58' lang='grc' dir='ltr'><strong>⁵ιίιαιέὺ</strong></span> <span class='ocrx_word' id='word_1_725' title='bbox 3325 4693 3523 4800; x_wconf 76' lang='grc' dir='ltr'><strong>¹ψυχῆς</strong></span> <span class='ocrx_word' id='word_1_726' title='bbox 3552 4693 3852 4804; x_wconf 67' lang='grc' dir='ltr'>εἰσήνεγκέ</span> 
     </span>
    </p>
   </div>
   <div class='ocr_carea' id='block_1_93' title="bbox 589 4809 2171 4881">
    <p class='ocr_par' dir='ltr' id='par_1_93' title="bbox 589 4809 2171 4881">
     <span class='ocr_line' id='line_1_93' title="bbox 589 4809 2171 4881; baseline 0 -14"><span class='ocrx_word' id='word_1_727' title='bbox 589 4814 683 4867; x_wconf 75' lang='lat' dir='ltr'><strong>tibi</strong></span> <span class='ocrx_word' id='word_1_728' title='bbox 720 4813 891 4868; x_wconf 88' lang='lat' dir='ltr'><strong>obtuli</strong></span> <span class='ocrx_word' id='word_1_729' title='bbox 938 4827 1119 4867; x_wconf 91' lang='lat' dir='ltr'><strong>meum</strong></span> <span class='ocrx_word' id='word_1_730' title='bbox 1176 4812 1341 4866; x_wconf 89' lang='lat' dir='ltr'><strong>animi</strong></span> <span class='ocrx_word' id='word_1_731' title='bbox 1386 4812 1762 4881; x_wconf 85' lang='lat' dir='ltr'><strong>propositum?</strong></span> <span class='ocrx_word' id='word_1_732' title='bbox 1802 4809 1945 4877; x_wconf 83' lang='lat' dir='ltr'><strong>Quid</strong></span> <span class='ocrx_word' id='word_1_733' title='bbox 1992 4820 2171 4867; x_wconf 85' lang='lat' dir='ltr'><strong>autem</strong></span> 
     </span>
    </p>
   </div>
   <div class='ocr_carea' id='block_1_94' title="bbox 595 4901 2166 4974">
    <p class='ocr_par' dir='ltr' id='par_1_94' title="bbox 595 4901 2166 4974">
     <span class='ocr_line' id='line_1_94' title="bbox 595 4901 2166 4974; baseline 0.002 -21"><span class='ocrx_word' id='word_1_734' title='bbox 595 4904 710 4957; x_wconf 79' lang='lat' dir='ltr'><strong>haec</strong></span> <span class='ocrx_word' id='word_1_735' title='bbox 762 4902 863 4957; x_wconf 86' lang='lat' dir='ltr'><strong>sibi</strong></span> <span class='ocrx_word' id='word_1_736' title='bbox 925 4901 1153 4958; x_wconf 78' lang='lat' dir='ltr'><strong>volunt?</strong></span> <span class='ocrx_word' id='word_1_737' title='bbox 1202 4902 1344 4969; x_wconf 74' lang='lat' dir='ltr'><strong>Non,</strong></span> <span class='ocrx_word' id='word_1_738' title='bbox 1387 4905 1534 4974; x_wconf 91' lang='lat' dir='ltr'><strong>quod</strong></span> <span class='ocrx_word' id='word_1_739' title='bbox 1592 4920 1691 4973; x_wconf 90' lang='lat' dir='ltr'><strong>pro</strong></span> <span class='ocrx_word' id='word_1_740' title='bbox 1742 4905 1810 4958; x_wconf 89' lang='lat' dir='ltr'><strong>iis</strong></span> <span class='ocrx_word' id='word_1_741' title='bbox 1862 4904 2166 4974; x_wconf 81' lang='lat' dir='ltr'><strong>petebatur,</strong></span> 
     </span>
    </p>
   </div>
   <div class='ocr_carea' id='block_1_95' title="bbox 587 4976 2167 5063">
    <p class='ocr_par' dir='ltr' id='par_1_95' title="bbox 587 4976 2167 5063">
     <span class='ocr_line' id='line_1_95' title="bbox 587 4976 2167 5063; baseline 0.002 -18"><span class='ocrx_word' id='word_1_742' title='bbox 587 4991 787 5046; x_wconf 84' lang='lat' dir='ltr'><strong>bonum</strong></span> <span class='ocrx_word' id='word_1_743' title='bbox 837 4976 980 5058; x_wconf 53' lang='lat' dir='ltr'><strong>erat,</strong></span> <span class='ocrx_word' id='word_1_744' title='bbox 1028 4993 1174 5048; x_wconf 87' lang='lat' dir='ltr'><strong>salus</strong></span> <span class='ocrx_word' id='word_1_745' title='bbox 1220 4994 1353 5048; x_wconf 83' lang='lat' dir='ltr'><strong>lilii?</strong></span> <span class='ocrx_word' id='word_1_746' title='bbox 1398 4994 1540 5060; x_wconf 85' lang='lat' dir='ltr'><strong>Non,</strong></span> <span class='ocrx_word' id='word_1_747' title='bbox 1593 5005 1653 5048; x_wconf 92' lang='lat' dir='ltr'><strong>ut</strong></span> <span class='ocrx_word' id='word_1_748' title='bbox 1699 5010 1874 5063; x_wconf 90' lang='lat' dir='ltr'><strong>usque</strong></span> <span class='ocrx_word' id='word_1_749' title='bbox 1907 4996 1974 5048; x_wconf 89' lang='lat' dir='ltr'><strong>ad</strong></span> <span class='ocrx_word' id='word_1_750' title='bbox 2009 5009 2167 5048; x_wconf 83' lang='lat' dir='ltr'><strong>sene-</strong></span> 
     </span>
    </p>
   </div>
   <div class='ocr_carea' id='block_1_96' title="bbox 588 5083 2163 5153">
    <p class='ocr_par' dir='ltr' id='par_1_96' title="bbox 588 5083 2163 5153">
     <span class='ocr_line' id='line_1_96' title="bbox 588 5083 2163 5153; baseline 0.002 -17"><span class='ocrx_word' id='word_1_751' title='bbox 588 5093 790 5137; x_wconf 81' lang='lat' dir='ltr'><strong>ctutem</strong></span> <span class='ocrx_word' id='word_1_752' title='bbox 826 5084 989 5138; x_wconf 84' lang='lat' dir='ltr'><strong>simul</strong></span> <span class='ocrx_word' id='word_1_753' title='bbox 1042 5095 1289 5140; x_wconf 83' lang='lat' dir='ltr'><strong>maneret</strong></span> <span class='ocrx_word' id='word_1_754' title='bbox 1331 5099 1454 5140; x_wconf 86' lang='lat' dir='ltr'><strong>cum</strong></span> <span class='ocrx_word' id='word_1_755' title='bbox 1508 5083 1771 5153; x_wconf 79' lang='lat' dir='ltr'><strong>parente?</strong></span> <span class='ocrx_word' id='word_1_756' title='bbox 1807 5083 1901 5139; x_wconf 77' lang='grc' dir='ltr'><strong>11θὶ</strong></span> <span class='ocrx_word' id='word_1_757' title='bbox 1946 5085 2163 5139; x_wconf 80' lang='grc'><strong>1111111111</strong></span> 
     </span>
    </p>
   </div>
   <div class='ocr_carea' id='block_1_97' title="bbox 588 5173 2169 5244">
    <p class='ocr_par' dir='ltr' id='par_1_97' title="bbox 588 5173 2169 5244">
     <span class='ocr_line' id='line_1_97' title="bbox 588 5173 2169 5244; baseline 0.003 -18"><span class='ocrx_word' id='word_1_758' title='bbox 588 5182 788 5243; x_wconf 85' lang='lat' dir='ltr'><strong>quanta</strong></span> <span class='ocrx_word' id='word_1_759' title='bbox 819 5187 916 5242; x_wconf 78' lang='lat' dir='ltr'><strong>Spe</strong></span> <span class='ocrx_word' id='word_1_760' title='bbox 948 5173 1159 5229; x_wconf 89' lang='lat' dir='ltr'><strong>decidi!</strong></span> <span class='ocrx_word' id='word_1_761' title='bbox 1194 5190 1294 5244; x_wconf 89' lang='lat' dir='ltr'><strong>pro</strong></span> <span class='ocrx_word' id='word_1_762' title='bbox 1316 5175 1568 5244; x_wconf 88' lang='lat' dir='ltr'><strong>qualibus</strong></span> <span class='ocrx_word' id='word_1_763' title='bbox 1596 5174 1776 5242; x_wconf 87' lang='lat' dir='ltr'><strong>qualia</strong></span> <span class='ocrx_word' id='word_1_764' title='bbox 1808 5176 1951 5230; x_wconf 85' lang='lat' dir='ltr'><strong>vidi!</strong></span> <span class='ocrx_word' id='word_1_765' title='bbox 1983 5174 2113 5239; x_wconf 87' lang='lat' dir='ltr'><strong>Sed,</strong></span> <span class='ocrx_word' id='word_1_766' title='bbox 2135 5191 2169 5230; x_wconf 90' lang='grc' dir='ltr'>ο</span> 
     </span>
    </p>
   </div>
   <div class='ocr_carea' id='block_1_98' title="bbox 588 5265 2167 5337">
    <p class='ocr_par' dir='ltr' id='par_1_98' title="bbox 588 5265 2167 5337">
     <span class='ocr_line' id='line_1_98' title="bbox 588 5265 2167 5337; baseline 0.001 -17"><span class='ocrx_word' id='word_1_767' title='bbox 588 5275 790 5336; x_wconf 82' lang='lat' dir='ltr'><strong>martyr</strong></span> <span class='ocrx_word' id='word_1_768' title='bbox 816 5265 1040 5330; x_wconf 85' lang='lat' dir='ltr'><strong>Christi,</strong></span> <span class='ocrx_word' id='word_1_769' title='bbox 1075 5267 1158 5322; x_wconf 81' lang='lat' dir='ltr'><strong>vel</strong></span> <span class='ocrx_word' id='word_1_770' title='bbox 1198 5268 1330 5321; x_wconf 90' lang='lat' dir='ltr'><strong>mihi</strong></span> <span class='ocrx_word' id='word_1_771' title='bbox 1383 5268 1553 5322; x_wconf 83' lang='lat' dir='ltr'><strong>filium</strong></span> <span class='ocrx_word' id='word_1_772' title='bbox 1583 5267 1751 5322; x_wconf 91' lang='lat' dir='ltr'><strong>redde</strong></span> <span class='ocrx_word' id='word_1_773' title='bbox 1795 5269 2167 5337; x_wconf 79' lang='lat' dir='ltr'><strong>superstitem,</strong></span> 
     </span>
    </p>
   </div>
   <div class='ocr_carea' id='block_1_99' title="bbox 589 5356 2167 5425">
    <p class='ocr_par' dir='ltr' id='par_1_99' title="bbox 589 5356 2167 5425">
     <span class='ocr_line' id='line_1_99' title="bbox 589 5356 2167 5425; baseline 0 -14"><span class='ocrx_word' id='word_1_774' title='bbox 589 5358 735 5411; x_wconf 86' lang='lat' dir='ltr'><strong>sicut</strong></span> <span class='ocrx_word' id='word_1_775' title='bbox 764 5356 994 5413; x_wconf 65' lang='lat' dir='ltr'><strong>Elismus</strong></span> <span class='ocrx_word' id='word_1_776' title='bbox 1028 5357 1379 5425; x_wconf 81' lang='lat' dir='ltr'><strong>Sunamitidi,</strong></span> <span class='ocrx_word' id='word_1_777' title='bbox 1415 5358 1505 5416; x_wconf 88' lang='lat' dir='ltr'><strong>vel</strong></span> <span class='ocrx_word' id='word_1_778' title='bbox 1540 5374 1611 5413; x_wconf 89' lang='lat' dir='ltr'><strong>ne</strong></span> <span class='ocrx_word' id='word_1_779' title='bbox 1647 5359 1781 5413; x_wconf 86' lang='lat' dir='ltr'><strong>mihi</strong></span> <span class='ocrx_word' id='word_1_780' title='bbox 1814 5367 2043 5412; x_wconf 86' lang='lat' dir='ltr'><strong>mortem</strong></span> <span class='ocrx_word' id='word_1_781' title='bbox 2081 5359 2167 5412; x_wconf 85' lang='lat' dir='ltr'><strong>in-</strong></span> 
     </span>
    </p>
   </div>
   <div class='ocr_carea' id='block_1_100' title="bbox 589 5450 2168 5521">
    <p class='ocr_par' dir='ltr' id='par_1_100' title="bbox 589 5450 2168 5521">
     <span class='ocr_line' id='line_1_100' title="bbox 589 5450 2168 5521; baseline 0.003 -18"><span class='ocrx_word' id='word_1_782' title='bbox 589 5451 778 5504; x_wconf 85' lang='lat' dir='ltr'><strong>videas</strong></span> <span class='ocrx_word' id='word_1_783' title='bbox 816 5450 1039 5517; x_wconf 88' lang='lat' dir='ltr'><strong>utilem,</strong></span> <span class='ocrx_word' id='word_1_784' title='bbox 1082 5452 1177 5506; x_wconf 90' lang='lat' dir='ltr'><strong>sed</strong></span> <span class='ocrx_word' id='word_1_785' title='bbox 1239 5466 1360 5521; x_wconf 65' lang='lat' dir='ltr'><strong>quae</strong></span> <span class='ocrx_word' id='word_1_786' title='bbox 1405 5460 1514 5505; x_wconf 91' lang='lat' dir='ltr'><strong>tam</strong></span> <span class='ocrx_word' id='word_1_787' title='bbox 1567 5451 1859 5507; x_wconf 86' lang='lat' dir='ltr'><strong>infeliciter</strong></span> <span class='ocrx_word' id='word_1_788' title='bbox 1889 5456 2077 5521; x_wconf 89' lang='lat' dir='ltr'><strong>peperi</strong></span> <span class='ocrx_word' id='word_1_789' title='bbox 2111 5458 2168 5507; x_wconf 86' lang='lat' dir='ltr'><strong>et</strong></span> 
     </span>
    </p>
   </div>
   <div class='ocr_carea' id='block_1_101' title="bbox 585 5542 2159 5610">
    <p class='ocr_par' dir='ltr' id='par_1_101' title="bbox 585 5542 2159 5610">
     <span class='ocr_line' id='line_1_101' title="bbox 585 5542 2159 5610; baseline 0.001 -14"><span class='ocrx_word' id='word_1_790' title='bbox 585 5544 737 5610; x_wconf 85' lang='lat' dir='ltr'><strong>alui,</strong></span> <span class='ocrx_word' id='word_1_791' title='bbox 785 5542 870 5598; x_wconf 84' lang='lat' dir='ltr'><strong>fac</strong></span> <span class='ocrx_word' id='word_1_792' title='bbox 922 5558 1011 5599; x_wconf 91' lang='lat' dir='ltr'><strong>me</strong></span> <span class='ocrx_word' id='word_1_793' title='bbox 1060 5545 1224 5599; x_wconf 88' lang='lat' dir='ltr'><strong>etiam</strong></span> <span class='ocrx_word' id='word_1_794' title='bbox 1281 5544 1506 5598; x_wconf 86' lang='lat' dir='ltr'><strong>interire</strong></span> <span class='ocrx_word' id='word_1_795' title='bbox 1555 5559 1679 5598; x_wconf 90' lang='lat' dir='ltr'><strong>cum</strong></span> <span class='ocrx_word' id='word_1_796' title='bbox 1739 5545 1874 5599; x_wconf 82' lang='lat' dir='ltr'><strong>lilio.</strong></span> <span class='ocrx_word' id='word_1_797' title='bbox 1937 5542 2159 5600; x_wconf 89' lang='lat' dir='ltr'><strong>Interim</strong></span> 
     </span>
    </p>
   </div>
   <div class='ocr_carea' id='block_1_102' title="bbox 587 5630 2158 5703">
    <p class='ocr_par' dir='ltr' id='par_1_102' title="bbox 587 5630 2158 5703">
     <span class='ocr_line' id='line_1_102' title="bbox 587 5630 2158 5703; baseline 0.001 -18"><span class='ocrx_word' id='word_1_798' title='bbox 587 5642 769 5687; x_wconf 87' lang='lat' dir='ltr'><strong>autem</strong></span> <span class='ocrx_word' id='word_1_799' title='bbox 800 5633 928 5687; x_wconf 87' lang='lat' dir='ltr'><strong>dum</strong></span> <span class='ocrx_word' id='word_1_800' title='bbox 960 5632 1250 5703; x_wconf 87' lang='lat' dir='ltr'><strong>Cleopatra</strong></span> <span class='ocrx_word' id='word_1_801' title='bbox 1278 5631 1446 5686; x_wconf 80' lang='lat' dir='ltr'><strong>filium</strong></span> <span class='ocrx_word' id='word_1_802' title='bbox 1473 5633 1669 5686; x_wconf 84' lang='lat' dir='ltr'><strong>acerbe</strong></span> <span class='ocrx_word' id='word_1_803' title='bbox 1691 5630 1931 5695; x_wconf 78' lang='lat' dir='ltr'><strong>deﬁeret,</strong></span> <span class='ocrx_word' id='word_1_804' title='bbox 1959 5640 2015 5686; x_wconf 84' lang='lat' dir='ltr'><strong>et</strong></span> <span class='ocrx_word' id='word_1_805' title='bbox 2042 5646 2158 5697; x_wconf 86' lang='lat' dir='ltr'><strong>eos,</strong></span> 
     </span>
    </p>
   </div>
   <div class='ocr_carea' id='block_1_103' title="bbox 589 5722 2160 5793">
    <p class='ocr_par' dir='ltr' id='par_1_103' title="bbox 589 5722 2160 5793">
     <span class='ocr_line' id='line_1_103' title="bbox 589 5722 2160 5793; baseline 0.001 -19"><span class='ocrx_word' id='word_1_806' title='bbox 589 5723 681 5789; x_wconf 88' lang='lat' dir='ltr'><strong>qui</strong></span> <span class='ocrx_word' id='word_1_807' title='bbox 713 5722 957 5786; x_wconf 82' lang='lat' dir='ltr'><strong>aderant,</strong></span> <span class='ocrx_word' id='word_1_808' title='bbox 972 5734 1235 5789; x_wconf 89' lang='lat' dir='ltr'><strong>moveret,</strong></span> <span class='ocrx_word' id='word_1_809' title='bbox 1261 5733 1319 5777; x_wconf 92' lang='lat' dir='ltr'><strong>ut</strong></span> <span class='ocrx_word' id='word_1_810' title='bbox 1345 5734 1399 5778; x_wconf 91' lang='lat' dir='ltr'><strong>et</strong></span> <span class='ocrx_word' id='word_1_811' title='bbox 1420 5723 1541 5793; x_wconf 88' lang='lat' dir='ltr'><strong>ejus</strong></span> <span class='ocrx_word' id='word_1_812' title='bbox 1559 5737 1716 5777; x_wconf 89' lang='lat' dir='ltr'><strong>casus</strong></span> <span class='ocrx_word' id='word_1_813' title='bbox 1745 5722 2160 5785; x_wconf 85' lang='lat' dir='ltr'><strong>misererentur,</strong></span> 
     </span>
    </p>
   </div>
   <div class='ocr_carea' id='block_1_104' title="bbox 590 5808 2162 5891">
    <p class='ocr_par' dir='ltr' id='par_1_104' title="bbox 590 5808 2162 5891">
     <span class='ocr_line' id='line_1_104' title="bbox 590 5808 2162 5891; baseline 0.004 -31"><span class='ocrx_word' id='word_1_814' title='bbox 590 5817 646 5860; x_wconf 80' lang='lat' dir='ltr'><strong>et</strong></span> <span class='ocrx_word' id='word_1_815' title='bbox 680 5808 1001 5876; x_wconf 83' lang='lat' dir='ltr'><strong>profundam</strong></span> <span class='ocrx_word' id='word_1_816' title='bbox 1042 5813 1136 5869; x_wconf 85' lang='lat' dir='ltr'><strong>Dei</strong></span> <span class='ocrx_word' id='word_1_817' title='bbox 1164 5812 1497 5885; x_wconf 70' lang='lat' dir='ltr'><strong>iudiciorum</strong></span> <span class='ocrx_word' id='word_1_818' title='bbox 1529 5812 1783 5891; x_wconf 24' lang='lat' dir='ltr'><strong>abyssum.</strong></span> <span class='ocrx_word' id='word_1_819' title='bbox 1820 5814 2162 5870; x_wconf 84' lang='lat' dir='ltr'><strong>admiraren-</strong></span> 
     </span>
    </p>
   </div>
   <div class='ocr_carea' id='block_1_105' title="bbox 2270 4817 3852 4887">
    <p class='ocr_par' dir='ltr' id='par_1_105' title="bbox 2270 4817 3852 4887">
     <span class='ocr_line' id='line_1_105' title="bbox 2270 4817 3852 4887; baseline 0.008 -19"><span class='ocrx_word' id='word_1_820' title='bbox 2270 4817 2572 4887; x_wconf 85' lang='grc' dir='ltr'>πρόθεσιν;</span> <span class='ocrx_word' id='word_1_821' title='bbox 2630 4818 2697 4871; x_wconf 87' lang='grc' dir='ltr'>Τί</span> <span class='ocrx_word' id='word_1_822' title='bbox 2751 4817 2808 4870; x_wconf 79' lang='grc' dir='ltr'>δέ</span> <span class='ocrx_word' id='word_1_823' title='bbox 2842 4834 2935 4887; x_wconf 91' lang='grc' dir='ltr'>μοι</span> <span class='ocrx_word' id='word_1_824' title='bbox 2965 4818 3138 4871; x_wconf 86' lang='grc' dir='ltr'>ταῦτα</span> <span class='ocrx_word' id='word_1_825' title='bbox 3197 4819 3471 4887; x_wconf 66' lang='grc' dir='ltr'>ἐϐούλετο,</span> <span class='ocrx_word' id='word_1_826' title='bbox 3499 4822 3566 4874; x_wconf 90' lang='grc' dir='ltr'><strong>Τί</strong></span> <span class='ocrx_word' id='word_1_827' title='bbox 3611 4825 3675 4876; x_wconf 78' lang='grc' dir='ltr'><strong>τὺ</strong></span> <span class='ocrx_word' id='word_1_828' title='bbox 3734 4827 3852 4879; x_wconf 75' lang='grc' dir='ltr'>ἀντ’</span> 
     </span>
    </p>
   </div>
   <div class='ocr_carea' id='block_1_106' title="bbox 2267 4907 3850 4988">
    <p class='ocr_par' dir='ltr' id='par_1_106' title="bbox 2267 4907 3850 4988">
     <span class='ocr_line' id='line_1_106' title="bbox 2267 4907 3850 4988; baseline 0.006 -26"><span class='ocrx_word' id='word_1_829' title='bbox 2267 4907 2433 4962; x_wconf 80' lang='grc' dir='ltr'>αὐτοῦ</span> <span class='ocrx_word' id='word_1_830' title='bbox 2466 4907 2788 4979; x_wconf 84' lang='grc' dir='ltr'>αίτούμενον</span> <span class='ocrx_word' id='word_1_831' title='bbox 2821 4910 3053 4978; x_wconf 85' lang='grc' dir='ltr'>ἀγαθὸν,</span> <span class='ocrx_word' id='word_1_832' title='bbox 3092 4912 3191 4981; x_wconf 83' lang='grc' dir='ltr'><strong>οὐχ</strong></span> <span class='ocrx_word' id='word_1_833' title='bbox 3235 4913 3267 4982; x_wconf 73' lang='grc' dir='ltr'><strong>ἡ</strong></span> <span class='ocrx_word' id='word_1_834' title='bbox 3298 4912 3395 4966; x_wconf 88' lang='grc' dir='ltr'>τοῦ</span> <span class='ocrx_word' id='word_1_835' title='bbox 3432 4915 3621 4979; x_wconf 69' lang='grc' dir='ltr'>παιδδς</span> <span class='ocrx_word' id='word_1_836' title='bbox 3671 4934 3850 4988; x_wconf 75' lang='grc' dir='ltr'>σωτη-</span> 
     </span>
    </p>
   </div>
   <div class='ocr_carea' id='block_1_107' title="bbox 2265 4999 3846 5080">
    <p class='ocr_par' dir='ltr' id='par_1_107' title="bbox 2265 4999 3846 5080">
     <span class='ocr_line' id='line_1_107' title="bbox 2265 4999 3846 5080; baseline 0.007 -30"><span class='ocrx_word' id='word_1_837' title='bbox 2265 4999 2389 5069; x_wconf 87' lang='grc' dir='ltr'>ρία;</span> <span class='ocrx_word' id='word_1_838' title='bbox 2419 4999 2495 5053; x_wconf 77' lang='grc' dir='ltr'>Οὐ</span> <span class='ocrx_word' id='word_1_839' title='bbox 2530 5000 2591 5053; x_wconf 81' lang='grc' dir='ltr'>τὸ</span> <span class='ocrx_word' id='word_1_840' title='bbox 2625 5000 2791 5076; x_wconf 75' lang='grc' dir='ltr'>μέχρι</span> <span class='ocrx_word' id='word_1_841' title='bbox 2835 5002 3024 5071; x_wconf 84' lang='grc' dir='ltr'>γήρως</span> <span class='ocrx_word' id='word_1_842' title='bbox 3051 5003 3147 5055; x_wconf 80' lang='grc' dir='ltr'>καὶ</span> <span class='ocrx_word' id='word_1_843' title='bbox 3190 5005 3483 5074; x_wconf 75' lang='grc' dir='ltr'>πρεσϐείου</span> <span class='ocrx_word' id='word_1_844' title='bbox 3514 5009 3581 5076; x_wconf 85' lang='grc' dir='ltr'>τῇ</span> <span class='ocrx_word' id='word_1_845' title='bbox 3609 5008 3846 5080; x_wconf 78' lang='grc' dir='ltr'>τεκούσῃ</span> 
     </span>
    </p>
   </div>
   <div class='ocr_carea' id='block_1_108' title="bbox 2266 5091 3841 5165">
    <p class='ocr_par' dir='ltr' id='par_1_108' title="bbox 2266 5091 3841 5165">
     <span class='ocr_line' id='line_1_108' title="bbox 2266 5091 3841 5165; baseline 0.006 -24"><span class='ocrx_word' id='word_1_846' title='bbox 2266 5092 2760 5160; x_wconf 85' lang='grc' dir='ltr'>σομπαραμεῖναι;</span> <span class='ocrx_word' id='word_1_847' title='bbox 2801 5091 2909 5144; x_wconf 64' lang='grc' dir='ltr'><strong>1Ινεῦ</strong></span> <span class='ocrx_word' id='word_1_848' title='bbox 2949 5093 3081 5146; x_wconf 80' lang='grc' dir='ltr'>σίων</span> <span class='ocrx_word' id='word_1_849' title='bbox 3114 5096 3358 5165; x_wconf 78' lang='grc' dir='ltr'>ἑσφὰλην</span> <span class='ocrx_word' id='word_1_850' title='bbox 3416 5096 3530 5149; x_wconf 84' lang='grc' dir='ltr'><strong>τῶν</strong></span> <span class='ocrx_word' id='word_1_851' title='bbox 3585 5097 3841 5160; x_wconf 69' lang='grc' dir='ltr'>ἐλπίδων,</span> 
     </span>
    </p>
   </div>
   <div class='ocr_carea' id='block_1_109' title="bbox 2263 5175 3847 5260">
    <p class='ocr_par' dir='ltr' id='par_1_109' title="bbox 2263 5175 3847 5260">
     <span class='ocr_line' id='line_1_109' title="bbox 2263 5175 3847 5260; baseline 0.006 -27"><span class='ocrx_word' id='word_1_852' title='bbox 2263 5175 2353 5233; x_wconf 79' lang='grc' dir='ltr'>οἷα</span> <span class='ocrx_word' id='word_1_853' title='bbox 2372 5180 2489 5235; x_wconf 80' lang='grc' dir='ltr'>ἀνθ’</span> <span class='ocrx_word' id='word_1_854' title='bbox 2514 5183 2647 5236; x_wconf 79' lang='grc' dir='ltr'>σῖων</span> <span class='ocrx_word' id='word_1_855' title='bbox 2677 5180 2818 5235; x_wconf 74' lang='grc' dir='ltr'>εἶδον</span> <span class='ocrx_word' id='word_1_856' title='bbox 2844 5183 2978 5251; x_wconf 78' lang='grc' dir='ltr'><strong>ἐγώ.</strong></span> <span class='ocrx_word' id='word_1_857' title='bbox 3027 5185 3195 5253; x_wconf 81' lang='grc' dir='ltr'>’Δλλ“,</span> <span class='ocrx_word' id='word_1_858' title='bbox 3231 5187 3262 5239; x_wconf 76' lang='grc' dir='ltr'><strong>ὁ</strong></span> <span class='ocrx_word' id='word_1_859' title='bbox 3289 5185 3385 5240; x_wconf 84' lang='grc' dir='ltr'><strong>τοῦ</strong></span> <span class='ocrx_word' id='word_1_860' title='bbox 3416 5188 3656 5259; x_wconf 77' lang='grc' dir='ltr'>Χριστοῦ</span> <span class='ocrx_word' id='word_1_861' title='bbox 3699 5190 3847 5260; x_wconf 68' lang='grc' dir='ltr'>μάρ-</span> 
     </span>
    </p>
   </div>
   <div class='ocr_carea' id='block_1_110' title="bbox 2262 5272 3848 5343">
    <p class='ocr_par' dir='ltr' id='par_1_110' title="bbox 2262 5272 3848 5343">
     <span class='ocr_line' id='line_1_110' title="bbox 2262 5272 3848 5343; baseline 0.008 -21"><span class='ocrx_word' id='word_1_862' title='bbox 2262 5288 2380 5337; x_wconf 89' lang='grc' dir='ltr'>τυς,</span> <span class='ocrx_word' id='word_1_863' title='bbox 2410 5272 2447 5343; x_wconf 77' lang='grc' dir='ltr'><strong>ἡ</strong></span> <span class='ocrx_word' id='word_1_864' title='bbox 2500 5288 2593 5343; x_wconf 82' lang='grc' dir='ltr'>μοι</span> <span class='ocrx_word' id='word_1_865' title='bbox 2628 5273 2721 5326; x_wconf 76' lang='grc' dir='ltr'><strong>τὸν</strong></span> <span class='ocrx_word' id='word_1_866' title='bbox 2775 5275 2940 5328; x_wconf 79' lang='grc' dir='ltr'>παῖδα</span> <span class='ocrx_word' id='word_1_867' title='bbox 2971 5277 3118 5329; x_wconf 85' lang='grc' dir='ltr'><strong>κατά</strong></span> <span class='ocrx_word' id='word_1_868' title='bbox 3156 5275 3252 5330; x_wconf 75' lang='grc' dir='ltr'>τὸν</span> <span class='ocrx_word' id='word_1_869' title='bbox 3296 5277 3603 5332; x_wconf 85' lang='grc' dir='ltr'>Ἐλισσαῖον</span> <span class='ocrx_word' id='word_1_870' title='bbox 3650 5281 3848 5342; x_wconf 73' lang='grc' dir='ltr'>ἀνάδος</span> 
     </span>
    </p>
   </div>
   <div class='ocr_carea' id='block_1_111' title="bbox 2263 5364 3847 5442">
    <p class='ocr_par' dir='ltr' id='par_1_111' title="bbox 2263 5364 3847 5442">
     <span class='ocr_line' id='line_1_111' title="bbox 2263 5364 3847 5442; baseline 0.006 -26"><span class='ocrx_word' id='word_1_871' title='bbox 2263 5364 2527 5433; x_wconf 85' lang='grc' dir='ltr'>περιόντα</span> <span class='ocrx_word' id='word_1_872' title='bbox 2569 5367 2635 5435; x_wconf 80' lang='grc' dir='ltr'>τῇ</span> <span class='ocrx_word' id='word_1_873' title='bbox 2670 5364 3047 5433; x_wconf 78' lang='grc' dir='ltr'>Σουναμίτιδι,</span> <span class='ocrx_word' id='word_1_874' title='bbox 3086 5366 3121 5437; x_wconf 79' lang='grc' dir='ltr'>ἢ</span> <span class='ocrx_word' id='word_1_875' title='bbox 3160 5366 3395 5422; x_wconf 81' lang='grc' dir='ltr'>θανάτου</span> <span class='ocrx_word' id='word_1_876' title='bbox 3453 5371 3532 5438; x_wconf 79' lang='grc' dir='ltr'><strong>μὴ</strong></span> <span class='ocrx_word' id='word_1_877' title='bbox 3570 5370 3847 5442; x_wconf 76' lang='grc' dir='ltr'>φθονήσῃς</span> 
     </span>
    </p>
   </div>
   <div class='ocr_carea' id='block_1_112' title="bbox 2262 5453 3844 5529">
    <p class='ocr_par' dir='ltr' id='par_1_112' title="bbox 2262 5453 3844 5529">
     <span class='ocr_line' id='line_1_112' title="bbox 2262 5453 3844 5529; baseline 0.007 -24"><span class='ocrx_word' id='word_1_878' title='bbox 2262 5453 2598 5519; x_wconf 83' lang='grc' dir='ltr'>λυσιτελοῦς,</span> <span class='ocrx_word' id='word_1_879' title='bbox 2649 5456 2785 5509; x_wconf 79' lang='grc' dir='ltr'>ἀλλὰ</span> <span class='ocrx_word' id='word_1_880' title='bbox 2828 5457 2928 5527; x_wconf 85' lang='grc' dir='ltr'>τὴν</span> <span class='ocrx_word' id='word_1_881' title='bbox 2966 5456 3112 5510; x_wconf 77' lang='grc' dir='ltr'>οὕτω</span> <span class='ocrx_word' id='word_1_882' title='bbox 3150 5460 3244 5511; x_wconf 74' lang='grc' dir='ltr'>καὶ</span> <span class='ocrx_word' id='word_1_883' title='bbox 3267 5458 3546 5529; x_wconf 86' lang='grc' dir='ltr'>δυστυχῶς</span> <span class='ocrx_word' id='word_1_884' title='bbox 3576 5461 3844 5516; x_wconf 84' lang='grc' dir='ltr'>τεκοῦσαν</span> 
     </span>
    </p>
   </div>
   <div class='ocr_carea' id='block_1_113' title="bbox 2268 5544 3843 5626">
    <p class='ocr_par' dir='ltr' id='par_1_113' title="bbox 2268 5544 3843 5626">
     <span class='ocr_line' id='line_1_113' title="bbox 2268 5544 3843 5626; baseline 0.008 -29"><span class='ocrx_word' id='word_1_885' title='bbox 2268 5548 2363 5598; x_wconf 74' lang='grc' dir='ltr'><strong>καὶ</strong></span> <span class='ocrx_word' id='word_1_886' title='bbox 2393 5544 2748 5617; x_wconf 77' lang='grc' dir='ltr'>θρεψαμένην</span> <span class='ocrx_word' id='word_1_887' title='bbox 2795 5548 2919 5618; x_wconf 79' lang='grc' dir='ltr'>ἐμὲ,</span> <span class='ocrx_word' id='word_1_888' title='bbox 2957 5549 3304 5620; x_wconf 83' lang='grc' dir='ltr'>συνοίχεσθαι</span> <span class='ocrx_word' id='word_1_889' title='bbox 3342 5552 3422 5613; x_wconf 84' lang='grc' dir='ltr'><strong>τῶ</strong></span> <span class='ocrx_word' id='word_1_890' title='bbox 3463 5555 3618 5607; x_wconf 76' lang='grc' dir='ltr'>παιδὶ</span> <span class='ocrx_word' id='word_1_891' title='bbox 3665 5571 3843 5626; x_wconf 80' lang='grc' dir='ltr'>παρα-</span> 
     </span>
    </p>
   </div>
   <div class='ocr_carea' id='block_1_114' title="bbox 2270 5636 3848 5715">
    <p class='ocr_par' dir='ltr' id='par_1_114' title="bbox 2270 5636 3848 5715">
     <span class='ocr_line' id='line_1_114' title="bbox 2270 5636 3848 5715; baseline 0.006 -25"><span class='ocrx_word' id='word_1_892' title='bbox 2270 5636 2559 5691; x_wconf 85' lang='grc' dir='ltr'>σκεύασον.</span> <span class='ocrx_word' id='word_1_893' title='bbox 2604 5638 2695 5691; x_wconf 84' lang='grc' dir='ltr'><strong>Ἐν</strong></span> <span class='ocrx_word' id='word_1_894' title='bbox 2725 5641 2900 5710; x_wconf 84' lang='grc' dir='ltr'>τούτῳ</span> <span class='ocrx_word' id='word_1_895' title='bbox 2937 5640 3031 5694; x_wconf 80' lang='grc' dir='ltr'><strong>τὸν</strong></span> <span class='ocrx_word' id='word_1_896' title='bbox 3072 5642 3234 5705; x_wconf 83' lang='grc' dir='ltr'>παῖδα</span> <span class='ocrx_word' id='word_1_897' title='bbox 3281 5645 3496 5715; x_wconf 85' lang='grc' dir='ltr'>πικρῶς</span> <span class='ocrx_word' id='word_1_898' title='bbox 3548 5646 3848 5699; x_wconf 80' lang='grc' dir='ltr'>ἀνακλαιο·</span> 
     </span>
    </p>
   </div>
   <div class='ocr_carea' id='block_1_115' title="bbox 2274 5726 3851 5804">
    <p class='ocr_par' dir='ltr' id='par_1_115' title="bbox 2274 5726 3851 5804">
     <span class='ocr_line' id='line_1_115' title="bbox 2274 5726 3851 5804; baseline 0.004 -25"><span class='ocrx_word' id='word_1_899' title='bbox 2274 5727 2445 5796; x_wconf 83' lang='grc' dir='ltr'>μένης</span> <span class='ocrx_word' id='word_1_900' title='bbox 2501 5726 2604 5797; x_wconf 81' lang='grc' dir='ltr'>τῆς</span> <span class='ocrx_word' id='word_1_901' title='bbox 2661 5728 3051 5801; x_wconf 78' lang='grc' dir='ltr'>Κλεοπάτρας,</span> <span class='ocrx_word' id='word_1_902' title='bbox 3087 5733 3181 5787; x_wconf 69' lang='grc' dir='ltr'>καὶ</span> <span class='ocrx_word' id='word_1_903' title='bbox 3236 5729 3360 5796; x_wconf 76' lang='grc' dir='ltr'>τοὺς</span> <span class='ocrx_word' id='word_1_904' title='bbox 3396 5734 3673 5804; x_wconf 71' lang='grc' dir='ltr'>παρόντας</span> <span class='ocrx_word' id='word_1_905' title='bbox 3726 5735 3851 5787; x_wconf 83' lang='grc' dir='ltr'>λίαν</span> 
     </span>
    </p>
   </div>
   <div class='ocr_carea' id='block_1_116' title="bbox 2273 5819 3860 5897">
    <p class='ocr_par' dir='ltr' id='par_1_116' title="bbox 2273 5819 3860 5897">
     <span class='ocr_line' id='line_1_116' title="bbox 2273 5819 3860 5897; baseline 0.007 -26"><span class='ocrx_word' id='word_1_906' title='bbox 2273 5819 2603 5887; x_wconf 82' lang='grc' dir='ltr'>περιπαθεῖς</span> <span class='ocrx_word' id='word_1_907' title='bbox 2649 5825 3006 5893; x_wconf 83' lang='grc' dir='ltr'>ποιουμένης,</span> <span class='ocrx_word' id='word_1_908' title='bbox 3065 5824 3287 5887; x_wconf 65' lang='grc' dir='ltr'>ὡςκαὶ</span> <span class='ocrx_word' id='word_1_909' title='bbox 3338 5827 3512 5897; x_wconf 81' lang='grc' dir='ltr'>αὐτῆς</span> <span class='ocrx_word' id='word_1_910' title='bbox 3566 5826 3745 5881; x_wconf 69' lang='grc' dir='ltr'>ἐλεεῖν</span> <span class='ocrx_word' id='word_1_911' title='bbox 3792 5826 3860 5881; x_wconf 62' lang='grc' dir='ltr'>τὸ</span> 
     </span>
    </p>
   </div>
  </div>
