4110 6428
291 370 422 436 1157

1514 378 1613 436 UA
1627 375 1978 437 RTYRIUM
2011 374 2072 436 S.
2115 376 2322 436 νΑιιι.

3423 380 3561 443 1158

283 491 488 556 πάθος,
517 490 610 544 καὶ
643 489 740 558 τὴν
791 490 990 563 πολλὴν
1030 493 1267 547 ἄϐυσσον
1312 493 1420 564 τῶν
1451 494 1544 546 τοῦ
1588 492 1722 546 Θ;οὖ
1759 511 1881 564 κρι-

1991 500 2098 551 tur,
2132 504 2360 546 somnus
2392 489 2469 544 illi
2505 504 2698 560 parum
2734 489 3028 560 obrepens,
3070 506 3189 545 eam
3239 491 3367 546 fecit
3410 494 3565 562 quie-

289 582 482 652 μάτων
540 581 868 650 θαυμάξεω,
927 584 1122 654 μικρὸν
1169 585 1339 656 αὐτὴν
1393 583 1559 647 ὕπνος
1625 585 1872 638 ὑπελθὼν

287 674 579 736 ἁνέτταισε,
616 677 710 726 καὶ
743 677 920 728 πάντα
963 672 1030 746 ἦν
1059 679 1086 730 ό
1113 680 1242 737 παῖς
1269 679 1407 748 αὐτῇ
1441 678 1632 748 φανεὶς
1655 680 1752 731 σὺν
1791 677 1872 746 τῷ

295 765 559 834 μάρτυρι.
597 767 987 837 Παρεστηκότα
1025 787 1083 820 τε
1137 769 1245 838 γὰρ
1289 770 1465 822 ἐδόκει
1503 768 1751 838 βλέπτειν
1787 769 1876 821 τὸν

289 855 560 926 ἀθλητήν,
603 855 698 908 καὶ
737 855 813 919 ὡς
849 858 964 910 υἱὸν
998 859 1128 910 ῐδιον
1157 859 1246 912 τὸν
1279 861 1445 928 αὐτῆς
1479 861 1593 912 υἱὸν
1621 861 1872 928 ἐγκεκολ-

293 950 638 1019 πωμένον,ή
693 949 931 1020 ἀναϐολὴ
961 950 1015 1002 δὲ
1070 952 1402 1020 ἀμφοτέροις
1449 950 1510 1018 ἐξ
1559 952 1877 1021 ὑπερφυοῦς

293 1039 435 1107 ἄγαν
458 1041 552 1092 καὶ
584 1039 1007 1110 ὑπερλάμπρουο
1048 1044 1306 1111 στέφανοί
1338 1061 1396 1096 τε
1429 1046 1526 1107 τὰς
1555 1047 1735 1098 αὐτῶν
1757 1046 1878 1098 ἑκό-

298 1146 474 1196 σμουν
532 1130 728 1200 ἥδιστα
783 1129 1048 1198 κεφαλάς.
1116 1133 1225 1185 Καὶ
1278 1135 1324 1185 oi
1396 1135 1674 1201 στέφανοι,
1735 1134 1878 1186 θεῖον

297 1221 483 1274 αὐτῶν
539 1218 696 1283 εἶπες
732 1221 794 1273 τὸ
840 1221 1058 1287 κάλλος,
1118 1226 1212 1277 καὶ
1250 1225 1452 1295 ἥκιστα
1508 1227 1729 1299 γλώσσῃ
1783 1231 1882 1299 ρη-

297 1311 412 1366 τόν.

375 1401 470 1455 ΙΔ’.
502 1401 612 1454 Καὶ
647 1403 788 1456 ἱνατί
819 1405 894 1473 μὴ
925 1403 1154 1475 χαίρεις,
1184 1399 1229 1458 ὧ
1264 1405 1444 1473 γύναι,
1474 1406 1652 1473 λέγειν
1686 1409 1712 1460 ὀ
1740 1407 1880 1475 μάρ-

299 1510 400 1558 τυς
459 1493 646 1563 ἐῴκει,
694 1495 827 1550 ἁλλὰ
858 1514 952 1549 σου
987 1498 1131 1568 λύπη
1181 1501 1329 1569 δεινὴ
1369 1500 1598 1552 διέσεισε
1626 1499 1725 1570 τὴν
1755 1517 1884 1569 καρ-

299 1587 422 1640 δίαν
467 1602 480 1616 ·
529 1590 602 1654 μὴ
645 1587 764 1656 γὰρ,
809 1587 984 1651 οὕτως
1015 1590 1288 1659 ἀγνώμων
1336 1589 1468 1658 ἐγὼ,
1524 1591 1619 1643 καὶ
1655 1590 1883 1661 μηδενὸς

303 1674 416 1726 τῶν
446 1675 550 1726 ὑπὸ
588 1678 682 1728 σοῦ
709 1680 1018 1747 γενομένων
1051 1681 1203 1750 ἥκων
1251 1681 1330 1744 είς
1364 1679 1638 1751 αἴσθησιν,
1691 1680 1724 1750 ἢ
1782 1682 1881 1742 τὰς

305 1763 448 1836 ὑπὲρ
501 1765 681 1818 αὐτῶν
725 1769 964 1835 ἀμοιϐὰς
1018 1771 1314 1841 φιλοτίμως
1350 1773 1450 1824 οὐκ
1519 1772 1878 1836 ἀποδέδωκα;

303 1856 416 1925 Οὐχ
459 1852 593 1928 ὁρᾷς
623 1858 740 1921 οἵας
771 1859 896 1922 όσὸς
924 1865 1052 1926 παῖς
1080 1863 1307 1932 ἠξίωται
1339 1864 1536 1933 δόξης;
1573 1865 1677 1918 Οἴα
1718 1865 1877 1934 χάρις
1917 1844 1956 1896 Β

302 1945 612 2016 ἀστράπτει
647 1953 779 2018 περὶ
807 1951 974 2004 αὐτόν
1003 1969 1018 2018 ;
1065 1955 1130 2004 Τί
1158 1949 1250 2007 οὖν
1275 1955 1334 2007 οὐ
1369 1956 1676 2024 τὸστυγνὸν
1720 1955 1879 2008 τοῦτο

301 2037 562 2104 λιποῦσα,
593 2040 685 2092 καὶ
727 2041 865 2111 αὐτὴ
921 2046 1264 2112 μεταχωρεῖς
1319 2044 1456 2114 πρὸς
1513 2045 1575 2096 τὸ
1621 2043 1881 2114 εὔθυμον.

332 2129 481 2195 AM‘,
511 2130 557 2182 εί
583 2130 752 2194 δοκεῖ,
786 2133 1064 2200 ὲγγισάτω
1088 2136 1180 2188 καὶ
1204 2135 1285 2187 ἔτι
1335 2134 1536 2204 μᾶλλον
1556 2137 1585 2188 ὁ
1605 2137 1753 2200 παῖς,
1788 2135 1880 2187 καί

308 2236 394 2273 σοι
421 2221 542 2274 κατ’
576 2221 891 2292 ὀφθαλμοὺς
918 2223 1167 2296 ἀκριϐῶς
1215 2224 1480 2293 γενέσθω,
1508 2225 1596 2278 ἵνα
1620 2227 1714 2277 καὶ
1743 2226 1881 2295 αὑτὴ

304 2313 488 2377 καλῶς
515 2314 622 2383 ἄρα
667 2314 861 2383 μάθοις
889 2317 957 2368 τὰ
1005 2316 1126 2370 κατ’
1155 2318 1337 2371 αὐτόν.
1393 2316 1580 2379 Οὕτως
1623 2318 1752 2385 ἔφη,
1788 2318 1884 2369 καὶ

303 2406 468 2477 ὶῲκει
495 2410 586 2459 τὶν
619 2407 784 2460 παῖδα
819 2407 1024 2472 καλεῖν,
1060 2408 1242 2473 Γενοῦ,
1279 2409 1472 2476 λέγων,
1512 2404 1556 2462 ὦ
1581 2413 1700 2475 παῖ,
1733 2410 1884 2477 παρὰ

306 2502 376 2570 τῇ
412 2500 631 2569 μητέρι,
661 2500 731 2552 τά
762 2516 818 2552 τε
851 2500 992 2554 ἄλλα
1029 2505 1124 2552 καὶ
1156 2499 1222 2552 ἵν’
1250 2499 1438 2573 ὥσπερ
1469 2501 1612 2568 ἔχεις
1671 2502 1881 2570 ὀφθεὶς,

303 2594 709 2662 παρηγορήσης
744 2593 877 2662 αὐτῇ
929 2593 989 2644 τὸ
1034 2591 1372 2664 πολύδακρν.
1441 2594 1500 2645 '0
1525 2593 1580 2646 δὲ
1627 2597 1756 2656 παῖς
1793 2595 1884 2646 ἐπὶ

313 2681 518 2752 μᾶλλον
553 2683 645 2736 τοῦ
703 2685 980 2753 μάρτυρος
1032 2684 1232 2754 εἴχετο,
1274 2685 1349 2754 μὴ
1397 2685 1686 2737 ἀπολιπεῖν
1721 2685 1884 2738 αὑτὸν

309 2773 470 2839 ὅλως,
509 2775 641 2844 μηδὲ
671 2777 966 2844 ἀφικέσθαι
992 2777 1125 2846 πρὸς
1150 2775 1247 2846 τὴν
1281 2777 1493 2848 μητέρα
1527 2777 1588 2828 τὸ
1623 2778 1884 2847 παράπαν

312 2864 656 2937 βουλόμενον.
674 2866 836 2932 Ἀλλ’,
865 2867 1076 2933 Ἄπιθι,
1105 2869 1276 2938 μῆτερ
1296 2867 1424 2938 ἐμὴ,
1448 2868 1604 2923 ἄπιθι
1622 2867 1756 2937 πρὸς
1785 2869 1885 2922 αὑ-

304 2955 431 3027 τὴν,
470 2956 657 3025 ἔλεγεν
686 2958 1020 3023 ἀντιτείνων,
1045 2959 1130 3026 ἐφ’
1167 2959 1365 3027 ἑαυτῆς
1389 2960 1883 3028 μένουσα,.καίτοίς

306 3048 528 3119 θρήνοις
556 3050 764 3112 τούτοις
793 3050 946 3103 οὐδὲν
975 3052 1320 3120 προσέχουσα
1340 3065 1356 3081 ο
1375 3053 1430 3102 ἐν
1462 3051 1561 3121 ἴσῳ
1584 3053 1692 3121 γὰρ
1716 3053 1881 3122 ἠγοῦ-

312 3159 413 3210 μαι
462 3141 662 3195 ἄτοπον
709 3138 876 3207 εἶναι,
929 3141 1073 3212 ζωῆς
1132 3141 1464 3206 ἀλλάξασθαι
1511 3143 1742 3196 θάνατον
1791 3145 1883 3196 καὶ
1911 3173 1952 3229 C

309 3232 512 3302 λύπην,
554 3233 750 3303 ἡδονῆς
778 3234 1043 3302 ἀλήκτου,
1076 3234 1170 3286 καὶ
1199 3235 1402 3296 παντὸς
1461 3234 1685 3298 αἰῶνος,
1738 3235 1884 3306 ζωὴν

312 3327 655 3398 πρόσκαιρον
701 3327 1063 3396 προτιμῆσαι.
1107 3325 1328 3379 Τούτων
1380 3327 1534 3394 παρὰ
1561 3327 1655 3380 τοῦ
1694 3317 1886 3391 παιδὸς

307 3421 341 3488 ἡ
385 3422 570 3489 μήτηρ
602 3416 914 3482 ἀκούσασα,
961 3416 1056 3470 καὶ
1104 3417 1214 3470 τῶν
1244 3417 1457 3488 θρήνων
1505 3417 1694 3487 ὥσπερ
1725 3420 1887 3471 ἐκλα-

307 3510 539 3579 θομένη,
595 3509 1012 3578 προσληφθῆναι
1071 3512 1166 3562 καὶ
1227 3509 1394 3578 αὐτὴν
1434 3509 1511 3577 τῷ
1563 3509 1735 3574 παιδὶ,
1791 3511 1886 3562 καὶ

255 3598 260 3602 ’
311 3600 736 3671 παρακληθῆναι
787 3601 924 3669 πρὸς
963 3603 1031 3656 τὰ
1096 3599 1373 3672 ὁρώμενα,
1433 3602 1670 3671 ίσχυρῶς
1713 3601 1885 3654 ἐδεῖτο

307 3694 406 3747 τοῦ
441 3696 744 3764 μάρτυρος,
802 3695 894 3747 καὶ
922 3695 981 3753 ὃς
1019 3695 1119 3762 τῆς
1177 3693 1271 3744 ἐπὶ
1332 3693 1614 3764 σωτηρίαν
1646 3693 1887 3763 ἀγούσης

307 3789 403 3840 ἐπὶ
425 3787 586 3840 πλέον
615 3789 753 3856 αὐτῇ
791 3787 1012 3857 ἔχεσθαι
1043 3789 1301 3857 παρῃνει,
1333 3799 1430 3840 και
1474 3787 1622 3850 τέλος
1660 3789 1886 3857 είρήνην

307 3878 434 3941 δοὺς
459 3879 595 3949 πρὸς
625 3879 724 3942 τὰς
753 3879 960 3941 οίκείας
992 3880 1130 3948 μετά
1159 3879 1254 3931 τοῦ
1287 3880 1476 3942 παιδὸς
1511 3879 1752 3950 ἐχώρουν
1771 3879 1887 3934 δια-

308 3972 525 4044 τριϐάς,
560 3975 655 4026 καὶ
699 3972 808 4026 τῶν
837 3971 1134 4043 ὀφθαλμῶν
1156 3975 1372 4044 ἐκείνης
1411 3974 1706 4026 διίσταντο.

385 4148 488 4203 1Ε⁹.
535 4147 600 4200 Ἥ
634 4148 688 4200 δὲ
715 4148 918 4210 εὐθέως
949 4147 1330 4201 διυπνισθεῖσα
1389 4149 1487 4202 καὶ
1527 4149 1659 4220 πρὸς
1690 4150 1888 4219 ἑαυτὴν

309 4240 656 4310 ὲπανήξασα,
697 4241 818 4303 οἵας
854 4241 948 4294 ἐπὶ
976 4243 1042 4310 τῇ
1097 4239 1192 4292 τοῦ
1229 4241 1508 4312 μάρτυρός
1552 4258 1612 4293 τε
1647 4243 1744 4295 καὶ
1793 4240 1887 4294 τοῦ

309 4332 502 4396 παιδὸς
567 4333 862 4404 παρουσία,
920 4332 1016 4402 τῆς
1090 4333 1354 4403 εὐθυμίας
1422 4333 1722 4398 ἀπέλαυσε,
1777 4335 1890 4396 τοῖς

310 4426 583 4496 παροῦσιν
610 4427 683 4490 ὠς
715 4427 906 4496 ἥδιστα
937 4425 1163 4496 διεξήει,
1206 4426 1302 4479 καὶ
1347 4425 1534 4495 θαῦμα
1569 4427 1666 4489 τὰς
1715 4427 1887 4480 ἀπάν·

1979 597 2136 638 scerc
2168 597 2180 634 :
2214 593 2264 636 et
2298 582 2442 636 lilius
2488 583 2537 636 ei
2581 582 2807 637 omnino
2841 583 3095 652 apparuit
3141 599 3263 637 cum
3308 594 3567 655 martyre.

1977 671 2112 725 Nam
2146 682 2201 727 et
2233 683 2500 728 astantem
2536 674 2824 728 videbatur
2855 675 3054 728 intueri
3099 673 3395 739 athletam,
3447 677 3568 746 ejus

1980 765 2150 819 lilium
2195 781 2296 820 suo
2337 769 2484 827 sinu,
2522 775 2780 834 tanquam
2834 767 3136 836 proprium,
3188 768 3570 836 complecten-

1982 866 2112 910 tem.
2149 855 2396 910 Amictus
2431 863 2615 909 autem
2670 864 2787 909 erat
2834 857 3083 924 utrisque
3140 857 3564 926 pulcherrimus.

1981 957 2038 1004 et
2079 949 2578 1019 Splendidissimus,
2613 957 2670 1002 et
2714 962 2930 1002 corona:
2963 964 3150 1002 eorum
3199 950 3374 1018 capita
3408 965 3560 1004 orna-

1981 1044 2113 1097 bant
2158 1041 2501 1096 suavissime.
2552 1040 2890 1095 Coronarum
2943 1049 3124 1095 autem
3169 1041 3403 1096 dixisses
3446 1057 3568 1096 esse

1982 1135 2218 1188 divinam
2253 1134 2570 1202 quamdam,
2609 1141 2666 1186 et
2703 1149 2822 1202 quae
2851 1132 3033 1204 lingua
3073 1148 3181 1188 non
3235 1143 3418 1204 potest
3467 1149 3568 1188 et-

1983 1226 2165 1296 primi,
2210 1225 2699 1296 pulchritudinem.

2055 1407 2194 1462 XIV.
2232 1407 2533 1462 Videbatur
2579 1415 2762 1460 autem
2818 1417 3022 1474 martYr
3048 1407 3230 1462 dicere
3264 1407 3413 1462 :Cur
3455 1423 3566 1461 non

1982 1501 2205 1561 laetaris,
2233 1501 2503 1565 omnlier,
2534 1501 2628 1554 sed
2669 1509 2795 1554 tuus
2841 1499 3020 1568 gravis
3063 1499 3240 1552 luctus
3281 1515 3375 1553 cor
3415 1510 3568 1553 tuum

1983 1594 2214 1650 aﬂlixit?
2239 1592 2376 1648 Num
2411 1608 2534 1647 sum
2565 1594 2704 1648 adeo
2732 1594 3001 1663 ingratus,
3035 1601 3094 1645 ut
3128 1591 3221 1661 qui
3269 1591 3405 1644 nihil
3442 1607 3569 1645 sen-

1989 1688 2152 1743 serim
2200 1702 2414 1748 eorum,
2450 1702 2571 1755 quae
2626 1702 2655 1740 a
2698 1697 2748 1740 te
2799 1685 2939 1740 facta
2986 1684 3158 1760 sunt?
3199 1681 3339 1736 Num
3373 1699 3472 1753 pro
3505 1683 3570 1737 iis

1987 1796 2097 1834 non
2141 1795 2266 1834 sum
2327 1788 2379 1833 te
2439 1779 2697 1848 praet-lare
2750 1774 3168 1842 remuneratus?
3237 1773 3351 1828 Non
3418 1775 3570 1829 vides

1985 1873 2198 1942 qualem
2245 1871 2468 1942 gloriam
2525 1871 2596 1924 sit
2639 1880 2767 1924 tuus
2803 1871 2944 1923 [ilius
2992 1869 3358 1923 consecutus?
3391 1868 3568 1935 qualis

1983 1979 2106 2018 eum
2137 1961 2518 2031 circnml'ulget
2549 1961 2756 2028 gratia?
2785 1960 2895 2015 Cur
2925 1977 3032 2014 non
3065 1977 3214 2033 ergo,
3254 1963 3353 2016 hac
3379 1960 3567 2014 relicta

1985 2054 2220 2118 tristitia,
2255 2054 2454 2106 transis
2507 2053 2573 2105 ad
2625 2053 2789 2105 animi
2842 2055 3332 2124 tranquillitatem?
3375 2055 3478 2108 Sed
3519 2053 3564 2106 si

1983 2148 2231 2212 videtur,
2277 2146 2386 2201 tuis
2429 2146 2604 2200 oculis
2644 2145 2821 2214 magis
2872 2149 3273 2216 appropinquet
3321 2149 3484 2212 ﬁlius,
3513 2156 3569 2199 et

1984 2255 2106 2293 eum
2136 2238 2426 2308 diligenter
2477 2238 2874 2306 contemplare,
2919 2249 2976 2292 ut
3005 2239 3120 2307 ipsa
3151 2255 3368 2309 quoque
3421 2249 3570 2293 recte

1987 2326 2288 2397 intelligas,
2344 2326 2623 2394 quomodo
2675 2326 2720 2380 is
2771 2342 2829 2381 se
2890 2328 3108 2381 habeat.
3173 2327 3263 2382 Sic
3305 2329 3463 2394 dixit,
3513 2337 3570 2382 et

1987 2419 2135 2471 visus
2160 2427 2243 2470 est
2271 2431 2466 2470 vocare
2493 2431 2721 2486 puerum
2757 2434 2771 2470 :
2804 2417 3041 2484 Accede,
3073 2433 3105 2472 ο
3140 2434 3296 2487 puer,
3337 2419 3403 2473 ad
3454 2435 3572 2473 ma-

1987 2521 2148 2576 trem,
2183 2519 2242 2564 ut
2274 2524 2397 2562 cum
2429 2523 2492 2563 ea
2541 2509 2758 2570 viderit,
2811 2511 3084 2579 quomodo
3129 2519 3180 2564 te
3231 2511 3458 2576 habeas,
3508 2519 3567 2564 tu

1986 2603 2106 2671 ejus
2139 2603 2339 2655 multas
2370 2601 2669 2656 consoleris
2695 2599 2980 2671 lacrymas.
3010 2601 3151 2655 Puer
3174 2611 3359 2656 autem
3395 2602 3572 2669 magis

1987 2695 2296 2749 adhaerebat
2323 2693 2566 2762 martyri,
2601 2693 2791 2747 nolens
2823 2708 2948 2746 eum
2977 2695 3204 2748 omnino
3233 2695 3566 2764 relinquere,

1987 2801 2090 2840 nec
2120 2785 2308 2840 volens
2342 2785 2568 2838 omnino
2607 2783 2796 2838 venire
2836 2785 2902 2838 ad
2952 2794 3180 2838 matrem
3219 2803 3231 2838 :
3268 2785 3386 2850 sed,
3440 2786 3566 2845 Abi,

1988 2882 2160 2930 mater
2190 2890 2332 2940 mea,
2363 2874 2473 2938 abi,
2520 2873 2734 2928 dicebat
2783 2874 3088 2928 resistens:
3115 2875 3254 2941 apud
3291 2884 3341 2929 le
3382 2891 3564 2941 mane,

1989 2973 2043 3018 et
2066 2963 2289 3017 minime
2319 2971 2369 3016 te
2393 2963 2562 3016 dedas
2587 2962 2672 3015 his
2707 2961 2972 3017 luctibus.
3008 2961 3165 3016 Malle
3211 2963 3356 3016 enim
3401 2964 3566 3017 vitam

1989 3063 2264 3116 vestram,
2316 3066 2481 3121 quam
2529 3053 2673 3106 hanc
2725 3061 2995 3112 mortem,
3053 3066 3208 3120 teque
3262 3051 3567 3106 absurdum

1991 3145 2268 3210 existimo,
2312 3153 2475 3214 atque
2524 3143 2766 3197 dolorem
2809 3143 3064 3211 praeferre
3108 3142 3398 3210 voluptati,
3446 3157 3570 3212 quae

1987 3254 2096 3294 non
2127 3238 2350 3301 desinit,
2385 3247 2439 3292 et
2477 3237 2644 3291 vitam
2688 3235 2932 3300 brevem,
2967 3244 3020 3288 et
3049 3250 3169 3304 quae
3198 3244 3280 3289 est
3314 3235 3380 3288 ad
3428 3243 3570 3290 tem-

1986 3343 2109 3400 pus,
2139 3343 2256 3384 δινο
2280 3327 2636 3396 sempiterno.
2680 3325 2806 3380 Haec
2831 3341 2955 3380 cum
2998 3336 3174 3378 mater
3197 3323 3495 3378 audivisset
3537 3343 3568 3380 a

1987 3421 2118 3484 lilio,
2155 3426 2378 3474 etesset
2417 3419 2580 3472 veluti
2609 3418 2777 3472 oblita
2816 3406 3302 3478 lamentationem,
3347 3425 3405 3469 ut
3447 3415 3567 3484 ipsa

1986 3525 2202 3582 quoque
2235 3519 2614 3566 assumeretur
2641 3508 2708 3562 ad
2743 3509 2938 3568 ﬁlium,
2967 3517 3022 3561 et
3057 3523 3119 3561 ex
3164 3507 3251 3572 iis,
3288 3523 3409 3576 qua:
3447 3525 3570 3564 cer-

1987 3606 2280 3661 nebantur,
2339 3600 2614 3669 acciperet
2672 3599 3145 3663 consolationem,
3209 3599 3571 3654 vehementer

1988 3694 2213 3763 rogabat
2243 3702 2559 3761 martyrem.
2606 3689 2699 3744 Ille
2735 3699 2918 3743 autent
2966 3690 3250 3757 suadebat,
3294 3700 3352 3745 ut
3399 3691 3572 3762 magis

1987 3800 2106 3839 eam
2131 3783 2270 3837 viam
2303 3790 2647 3850 sequeretur,
2688 3795 2808 3850 quae
2838 3780 2990 3834 ducit
3019 3781 3085 3834 ad
3129 3782 3381 3835 salutem.
3419 3780 3568 3834 Tan-

1988 3873 2112 3928 dem
2148 3882 2355 3934 autem,
2404 3870 2523 3924 data
2575 3884 2731 3939 pace,
2785 3869 2922 3922 abiit
2999 3869 3086 3921 ille
3132 3885 3253 3922 cum
3301 3885 3472 3939 puero
3499 3874 3570 3924 ad

1990 3982 2142 4021 suam
2175 3963 2563 4019 habitationem
2596 3979 2614 4017 :
2649 3969 2706 4016 et
2745 3969 2975 4032 uterque
3013 3960 3267 4016 discessit
3309 3963 3377 4014 ab
3423 3961 3571 4016 illius

1989 4057 2180 4113 oculis.

2059 4147 2176 4202 XV.
2222 4147 2310 4202 Illa
2351 4157 2532 4202 autem
2584 4146 2771 4202 statim
2813 4156 3152 4216 experrecta,
3184 4154 3240 4200 et
3280 4145 3348 4200 ad
3395 4161 3456 4200 se
3481 4161 3571 4200 re-

1990 4258 2174 4304 versa,
2204 4251 2462 4312 quantam
2497 4242 2568 4295 ob
2601 4240 2852 4308 martyris
2877 4249 2932 4294 et
2959 4239 3053 4294 lilii
3079 4239 3372 4294 adventum
3415 4254 3574 4292 asse-

1991 4347 2116 4391 cuta
2156 4346 2303 4392 esset
2343 4336 2512 4390 animi
2551 4335 3000 4404 tranquillitatem
3048 4349 3111 4389 ac
3152 4333 3418 4396 laetitiam,
3447 4349 3576 4386 nar-

1995 4429 2134 4483 ravit
2163 4429 2228 4484 iis
2271 4430 2362 4498 qui
2391 4429 2638 4483 aderant.
2674 4425 2929 4481 Omnium
2959 4438 3141 4482 autem
3168 4427 3382 4481 animos
3419 4427 3572 4479 inva-

309 4535 422 4572 των
461 4517 574 4589 εἶχε
616 4520 816 4591 ψυχὰς,
841 4519 918 4589 τῷ
948 4519 1242 4590 παραδόξῳ
1267 4519 1364 4587 τῆς
1392 4518 1720 4589 διηγήσεως,
1757 4514 1887 4571 Εἶτα

1996 4523 2066 4577 sit
2107 4521 2394 4575 admiratio
2433 4520 2504 4573 ob
2543 4519 2944 4576 admirabilem.
2999 4529 3054 4572 et
3093 4534 3212 4586 qua:
3256 4518 3569 4586 opinionem

311 4614 409 4663 καὶ
445 4613 508 4663 τὸ
563 4610 659 4663 τοῦ
721 4610 910 4673 παιδὸς
949 4613 982 4680 ἡ
1043 4609 1339 4680 μακαρίτις
1405 4610 1656 4662 ποθεινὸν
1713 4611 1891 4661 ἐκεῖνο

313 4705 610 4774 σωμάτιον,
635 4703 890 4775 λαμπρὰ,
926 4700 1264 4771 ἀλειψαμένη
1325 4702 1420 4752 καὶ
1493 4699 1888 4768 περιϐαλοῦσα,

311 4796 392 4867 τῷ
433 4799 674 4867 μάρτυρι
722 4795 1111 4864 παρατίθεται,
1182 4793 1453 4862 πάννυχον
1515 4807 1575 4843 τε
1625 4793 1722 4844 σὺν
1775 4793 1891 4853 τοῖς

312 4891 658 4959 προσήκουσι
684 4888 779 4940 καὶ
811 4886 985 4949 ἄλλως
1019 4885 1348 4954 ἐπιτηδείοις
1387 4884 1486 4952 τὴν
1536 4881 1892 4952 εὐχαριστίαν

315 4983 689 5054 ποιησαμένη,
722 4981 859 5050 πρὸς
891 4981 948 5034 δὲ
999 4981 1094 5033 καὶ
1123 4980 1222 5048 τὴν
1253 4979 1520 5048 μυστικὴν
1556 4974 1886 5046 ἱερουργίαν,

316 5076 376 5129 ὲν
406 5068 451 5142 ᾧ
487 5072 812 5143 τελεσθῆναι
844 5072 952 5124 ἔδει
989 5072 1274 5135 τελέσασα,
1313 5070 1406 5121 ἐπὶ
1463 5067 1659 5137 δαψιλῆ
1707 5081 1892 5134 παρα-

312 5165 474 5221 καλεῖ
519 5165 587 5219 τὰ
613 5164 828 5228 δεῖπνα,
860 5164 986 5226 τοὺς
1025 5161 1134 5216 τῶν
1177 5163 1340 5233 ἱερῶν
1372 5161 1557 5230 ὓμνων
1597 5161 1736 5228 αὐτῇ
1776 5174 1889 5210 κοι-

310 5261 691 5330 νωνήσαντας,
753 5250 870 5309 Εἴθ’
901 5255 1073 5319 οὕτως
1142 5253 1329 5325 μακρά
1383 5253 1460 5322 τῷ
1514 5252 1614 5322 βΐῳ
1680 5252 1891 5320 χαίρειν

309 5352 564 5415 εἰποῦσα,
592 5354 671 5413 εἱς
703 5349 935 5411 ἀσύλους
962 5365 1019 5400 τε
1043 5346 1374 5416 θησαυροὺς,
1393 5345 1490 5407 τὰς
1509 5345 1618 5396 τῶν
1639 5343 1892 5413 πενήτων

312 5449 463 5518 φημὶ
505 5449 786 5518 γαστέρας
828 5446 920 5498 τὸν
951 5441 1180 5494 πλοῦτον
1224 5439 1399 5506 αὐτῆς
1435 5436 1610 5490 πάντα
1655 5431 1892 5486 καταθε-

313 5544 482 5615 μένη,
514 5544 608 5595 καὶ
645 5539 794 5594 λιτὸν
834 5537 1034 5591 ἐνδῦσα
1094 5533 1320 5604 χιτῶνα,
1359 5529 1436 5602 τῷ
1468 5531 1623 5599 τάφῳ
1655 5526 1891 5598 διηκόνει

312 5635 411 5687 τοῦ
436 5635 741 5705 μάρτυρος,
778 5631 921 5684 οὕτω
960 5645 1020 5682 τε
1067 5627 1350 5697 νηστείαις
1409 5623 1745 5693 σχολάζουσα
1799 5618 1892 5673 καὶ

313 5729 650 5799 προσευχαῖς
674 5721 764 5798 ἦν,
797 5725 893 5778 καὶ
947 5722 1038 5775 τὸν
1091 5721 1240 5783 ἐντὸς
1277 5716 1532 5771 τοσοῦτον
1583 5712 1893 5783 ἑκαθήρατο

317 5821 631 5892 ἄνθρωπον,
681 5821 792 5889 ὅσῳ
825 5819 918 5871 καὶ
957 5815 1079 5870 καθ’
1104 5813 1343 5883 ἑκάστην
1373 5812 1512 5882 αὐτῇ
1543 5809 1741 5880 κυρίαν
1786 5805 1892 5860 τῶν

1993 4609 2306 4679 superabat,
2334 4606 2726 4659 narrationem.
2767 4604 2974 4659 Deinde
3007 4620 3129 4658 cum
3168 4605 3262 4658 lilii
3295 4606 3376 4659 sui
3419 4605 3570 4658 desi-

1993 4695 2234 4751 derabile
2283 4695 2414 4749 illud
2484 4695 2870 4762 corpusculum
2930 4695 3085 4747 beata
3142 4695 3230 4747 illa
3287 4695 3572 4763 splendide

1995 4788 2241 4842 unxisset
2289 4795 2345 4840 et
2372 4785 2792 4854 composuisset,
2842 4785 2894 4838 id
2938 4785 3284 4839 commendat
3321 4791 3566 4857 martyri,

1993 4892 2105 4937 tota
2133 4891 2294 4935 nocte
2319 4896 2442 4935 cum
2471 4877 2910 4948 consanguineis,
2931 4890 2984 4932 ct
3002 4880 3068 4932 iis
3086 4880 3175 4948 qui
3208 4880 3273 4934 ad
3300 4896 3418 4934 eam
3443 4883 3572 4935 atti-

1993 4975 2218 5040 nebant,
2251 4972 2456 5027 faciens
2486 4971 2784 5043 gratiarum
2811 4971 3106 5025 actionem.
3150 4970 3358 5026 Deinde
3399 4974 3564 5028 etiam

1993 5080 2116 5118 cum
2151 5065 2436 5134 mysticum
2483 5068 2728 5115 curasset
2771 5060 3139 5139 peragendum
3188 5061 3516 5116 sacriﬁcium
3547 5099 3566 5126 ,

1994 5158 2048 5210 in
2077 5171 2184 5226 quo
2215 5170 2333 5209 eam
2387 5153 2672 5223 oportebat
2720 5151 2947 5216 initiari,
2990 5151 3057 5204 ad
3110 5152 3309 5206 lautam
3369 5154 3568 5210 invitat

1994 5262 2206 5304 contam
2241 5263 2358 5310 eos,
2393 5246 2488 5316 qui
2520 5261 2801 5300 sacrorum
2843 5245 3166 5315 hymnorum
3194 5245 3411 5301 fuerant
3437 5264 3560 5302 cum

1993 5357 2058 5396 ea
2122 5341 2438 5411 participes.
2491 5338 2692 5393 Deinde
2745 5353 2870 5392 Cum
2923 5342 3002 5392 sic
3061 5339 3322 5393 mundum
3384 5340 3570 5394 valere

1991 5436 2264 5504 jussisset,
2299 5442 2354 5486 et
2400 5431 2452 5484 in
2491 5430 2796 5491 thesauros,
2836 5430 2930 5499 qui
2978 5444 3086 5483 non
3138 5437 3374 5499 possunt
3405 5430 3570 5499 eripi,

1997 5529 2050 5581 in
2077 5540 2400 5596 pauperum,
2427 5524 2672 5592 inquam,
2712 5534 2952 5586 ventres,
2985 5538 3177 5576 omnes
3207 5537 3334 5576 suas
3373 5531 3574 5576 contu-

1994 5618 2147 5672 lisset
2173 5616 2411 5680 divitias,
2444 5623 2498 5668 et
2531 5629 2589 5667 se
2621 5613 2769 5668 tenui
2791 5613 3058 5667 induisset
3089 5612 3293 5679 tunica,
3319 5611 3573 5680 sepulcro

1996 5710 2342 5764 ministrabat
2393 5705 2677 5778 martyris;
2743 5714 2801 5758 et
2849 5704 2928 5760 sic
2979 5705 3204 5776 jejuniis
3266 5717 3466 5757 vacans
3519 5711 3574 5756 et

1997 5801 2364 5869 roationibus,
2401 5799 2676 5855 internum
2725 5806 2938 5854 tantum
2975 5797 3239 5870 purgabat
3271 5794 3573 5859 hominem,
