4110 6438
530 373 666 436 1159

1807 363 2087 418 ΒΗ*ΒὼΙὸ
2123 361 2490 419 HUIUBEH.

3653 359 3792 425 1160

529 498 588 541 ut
613 482 840 553 singulis
867 479 1158 536 Dominicis
1196 477 1244 532 ei
1278 486 1479 546 martyr
1513 485 1803 544 appareret
1842 490 1966 528 cum
1995 474 2104 527 lilio

2217 471 2431 542 ἡμερῶν
2463 469 2553 521 τὸν
2612 467 2870 539 μάρτυρα
2931 466 3026 518 τοῦ
3083 466 3269 528 παιδὸς
3308 465 3364 519 ἐν
3416 468 3579 540 ὁμοίᾳ
3625 463 3663 542 ἦ
3697 472 3803 527 καὶ

527 579 584 630 in
623 576 840 635 eodem,
885 573 938 626 in
992 586 1100 640 quo
1150 569 1340 639 prius,
1391 566 1629 629 amictu,
1688 566 1806 635 ejus
1862 563 2106 618 dolorem

2217 563 2475 632 πρότερον
2530 557 2859 613 ἐπίστασθαι
2892 561 2957 629 τῇ
2991 558 3254 628 ἀναϐολῇ,
3303 559 3458 626 παρὰ
3491 560 3679 632 ψυχὴν
3723 564 3799 634 τῇ

531 669 902 724 consolantes.
946 663 1188 733 Septimo
1243 672 1424 716 autem
1472 675 1616 714 anno
1662 675 1776 713 suae
1817 658 1870 712 in
1915 657 2112 710 melius

531 763 652 813 vita:
699 756 1034 821 mutationis,
1080 771 1201 808 cum
1237 755 1397 824 plena
1431 760 1577 807 esset
1618 752 1812 806 diebus
1863 751 2109 819 spiritus,

530 851 581 902 in
613 866 744 918 pace
768 848 918 917 pacis
969 847 1184 914 quidem
1232 845 1325 898 Dei
1365 843 1647 914 spiritum,
1682 857 1885 911 corpus
1931 851 2112 894 autem

529 941 875 995 commendat
907 939 1039 1001 tilio,
1085 947 1142 991 ut
1186 951 1324 1006 quos
1355 951 1459 990 una
1491 935 1728 990 habebat
1761 935 1978 996 domus,
2017 947 2114 987 eos

529 1030 688 1084 etiam
747 1045 890 1083 unus
942 1028 1200 1083 conderet
1244 1027 1480 1089 loculus,
1535 1033 1590 1079 et
1629 1039 1698 1079 ne
1738 1024 1855 1093 ipse
1892 1021 2110 1090 quidem

530 1119 813 1172 amborum
860 1117 1039 1185 pulvis
1099 1116 1526 1186 disjungeretur.
1571 1113 1704 1168 Cum
1763 1112 1964 1182 quibus
2023 1111 2115 1165 det

529 1225 746 1278 quoque
775 1209 934 1262 nobis
970 1207 1112 1261 Deus
1147 1221 1272 1261 esse
1303 1207 1478 1276 partis
1517 1220 1730 1264 eorum,
1768 1203 1859 1272 qui
1891 1217 2114 1256 servan-

532 1310 641 1365 tur,
667 1312 716 1355 et
746 1301 927 1355 videre
957 1299 1235 1370 regionem
1262 1299 1560 1352 viventium
1599 1313 1610 1347 :
1648 1295 1902 1365 quoniam
1930 1295 2103 1362 ipsum

532 1393 688 1446 decet
719 1393 899 1446 omnis
929 1391 1098 1462 gloria
1139 1402 1193 1446 et
1238 1390 1484 1444 adoratio
1539 1403 1684 1444 nunc
1731 1396 1795 1440 et
1815 1399 2028 1454 semper
2053 1395 2105 1438 et

533 1485 587 1536 in
631 1484 826 1539 sa‘cula
873 1485 1215 1538 saeculorum.
1247 1485 1439 1538 Amen.

1391 1760 2042 1771 -——~—-————-—————-——-—

549 1741 1390 1774 W

2054 1759 2381 1770 _————-——

2209 651 2358 724 λύπῃ
2395 652 2657 730 διδόντας,
2689 650 2810 710 ἔτος
2849 648 3083 718 ἕϐδομον
3119 647 3178 711 ἐξ
3215 649 3344 702 ὅτου
3375 649 3444 702 τὰ
3483 651 3584 721 τῆς
3623 668 3806 722 μετα-

2209 744 2371 811 ϐολῆς
2406 743 2538 812 πρὸς
2560 741 2622 794 τὸ
2659 741 2898 810 βέλτιον,
2931 742 3024 793 καὶ
3059 741 3273 810 πλήρης
3305 743 3531 813 ἡμερῶν
3566 744 3677 798 τῶν
3694 741 3801 799 τοῦ

2215 835 2534 905 [It-stipam;
2557 833 2854 904 γενομένη,
2887 835 2944 886 ὲν
2962 834 3178 904 εἰρήνῃ,
3205 833 3282 902 τῷ
3302 833 3404 902 μὲν
3435 835 3535 904 τῆς
3563 836 3802 907 εἰρήνης

2213 925 2331 995 Θεῷ
2364 926 2423 978 τὸ
2455 924 2694 994 πνεῦμα,
2725 923 2786 975 τὸ
2811 923 2970 992 σῶμα
3005 921 3064 975 δὲ
3097 921 3175 992 τῷ
3212 922 3369 976 παιδὶ
3405 924 3799 995 παρατίθεται,

2215 1019 2280 1071 ἶν’
2313 1017 2405 1081 οὓς
2479 1017 2574 1088 μία
2627 1011 2774 1086 εἶχεν
2827 1015 3007 1094 οἰκία,
3069 1015 3292 1079 τούτους
3347 1016 3444 1069 καὶ
3498 1016 3600 1087 μία
3635 1016 3806 1089 σορὸς

2212 1108 2500 1175 πιστετ-θῆ,
2557 1107 2650 1160 καὶ
2685 1097 2826 1176 μηδὲ
2868 1106 3010 1160 αὐτὰ
3069 1106 3258 1177 διαστῇ
3313 1108 3383 1160 τὰ
3432 1107 3533 1177 τῆς
3568 1108 3807 1172 κόνεως.

2210 1199 2346 1253 Μεθ’
2373 1193 2446 1252 ὧν
2489 1197 2607 1268 δώῃ
2648 1197 2741 1250 καὶ
2783 1198 2916 1267 ἡμῖν
2946 1197 2972 1247 ὀ
2996 1196 3129 1258 Θεὸς
3154 1197 3251 1263 τῆς
3306 1195 3416 1250 τῶν
3471 1197 3808 1266 σωζομένων

2212 1290 2470 1358 γενέσθαι
2514 1289 2754 1359 μερίδος,
2791 1290 2885 1340 καὶ
2913 1287 3012 1359 τὴν
3041 1288 3150 1340 τῶν
3174 1286 3392 1350 (div-tto;
3421 1286 3604 1357 χώραν
3643 1285 3806 1350 ἰδεῖν,

2212 1383 2295 1435 ὅτι
2333 1380 2482 1450 αὐτῷ
2525 1379 2728 1450 πρέπει
2760 1380 2912 1433 πᾶσα
2934 1379 3084 1446 δόξα,
3106 1378 3240 1449 τιμὴ
3273 1379 3368 1431 καὶ
3397 1376 3803 1448 προσκύνησις,

2214 1475 2311 1527 νῦν
2361 1474 2457 1527 καὶ
2513 1472 2629 1536 ἀεὶ,
2667 1473 2763 1526 καὶ
2824 1473 2902 1535 εἰς
2959 1472 3085 1534 τοὺς
3136 1470 3337 1535 αἰῶνας
3399 1469 3508 1523 τῶν
3559 1467 3807 1524 αἰώνων.

2225 1567 2416 1636 ’Δμήν.

2391 1739 3780 1772 mm

1714 1907 2589 2026 ΜΑΡΤΥΡΙΟΝ

1283 2130 1510 2217 ΤΟΥ
1587 2128 1926 2214 ΑΓΙΟΥ
1962 2127 3047 2226 λΜΕΓΑΛΟΜΛΡΤΥΡΟΣ.

1618 2343 2697 2478 ΑΡΤΕΜΙΟΥ.

1807 2769 2536 2858 MARTYBIUM

1094 2983 1608 3104 SANCTI
1689 2989 1872 3100 ET
1960 2987 2417 3107 MAGNI
2496 2987 3243 3106 MARTYRIS

1731 3233 2600 3394 ARTEMII.

1068 3506 1262 3569 (Graece
1295 3517 1357 3555 ex
1395 3507 1508 3557 eod.
1534 3521 1626 3558 ms.
1665 3507 1805 3559 Paris
1849 3522 1900 3558 n.
1929 3509 2077 3570 “80;
2103 3509 2277 3560 Latine
2308 3511 2437 3572 apud
2459 3510 2658 3560 Surium
2686 3509 2745 3559 ad
2777 3511 2911 3560 diem
2931 3509 2993 3560 20
3018 3507 3286 3571 Octobris.)

615 3820 651 3878 I.
695 3821 822 3877 Post
878 3821 1094 3880 Domini
1145 3839 1200 3885 et
1256 3830 1584 3893 Salvatoris.
1615 3837 1790 3892 nostri
1844 3838 1902 3893 in
1953 3837 2119 3894 caelos

2300 3836 2381 3892 A'.
2428 3838 2584 3894 Μετά
2617 3837 2718 3908 τὴν
2751 3839 2846 3892 τοῦ
2883 3837 3090 3909 Κυρίου
3133 3837 3229 3890 καὶ
3255 3804 3508 3910 Σῶτῆρος
3537 3839 3695 3910 ἡμῶν
3726 3841 3806 3904 ιε,

543 3927 853 3979 ascensum,
880 3932 1004 3970 cum
1039 3919 1157 3988 ejus
1179 3921 1431 3992 discipuli
1466 3927 1771 3995 etapostoli
1799 3928 2116 3983 universum

543 4006 728 4059 urbem
780 4015 938 4062 terrae
987 4007 1279 4083 Evangelia
1331 4018 1904 4085 comprehendissent,
1960 4029 2017 4074 et
2061 4020 2116 4073 in

543 4114 732 4154 omnes
779 4100 999 4168 quidem
1049 4114 1234 4172 partes
1272 4107 1384 4176 jam
1419 4109 1710 4165 distributa
1739 4119 1885 4167 esset
1927 4111 2120 4180 przedi-

543 4190 685 4242 catio
708 4189 951 4258 pictatis,
979 4191 1025 4244 is
1064 4202 1268 4258 autem.
1303 4195 1392 4263 qui
1426 4200 1496 4250 ab
1526 4198 1683 4252 initio
1713 4200 1901 4268 generi
1944 4200 2120 4254 homi-

545 4296 672 4332 num
729 4281 1069 4347 adversatur,
1123 4284 1478 4342 intolerandis
1527 4292 1814 4345 tormentis
1859 4306 1957 4362 per
2001 4307 2116 4358 eos,

545 4370 632 4438 qui
684 4380 814 4426 tunc
878 4388 1056 4426 rerum
1112 4377 1481 4446 potiebantur,
1555 4381 1852 4451 subjicerel
1910 4384 2116 4452 ﬁdeles,

545 4462 831 4529 Oportebat
870 4465 1164 4534 aliquando
1209 4465 1558 4528 Christianos
1602 4475 1736 4529 solvi
1782 4491 1814 4530 a
1860 4479 2020 4531 malis
2066 4487 2121 4533 et

547 4553 831 4621 molestiis,
883 4564 938 4610 et
1007 4572 1128 4611 cum
1178 4561 1375 4614 acerba
1433 4563 1579 4618 nube
1637 4566 1931 4636 impietatis
1985 4569 2119 4623 solvi

547 4645 710 4698 etiam
773 4655 1150 4716 tempestatem
1200 4659 1616 4721 tormentorum,
1669 4659 1869 4725 quibus
1921 4657 2122 4714 afﬁcie-

546 4735 768 4801 bantur,
813 4744 868 4789 et
907 4737 1025 4792 sisti
1057 4739 1260 4810 virgam
1294 4754 1669 4810 peccatorum,
1707 4761 1828 4816 quae
1860 4747 2119 4802 immitte-

549 4827 705 4880 batur
737 4829 1002 4883 adversus
1026 4831 1398 4888 hereditatem
1436 4836 1740 4905 justorum.
1768 4837 1902 4893 Cum
1935 4850 2118 4895 autem

548 4919 610 4972 ad
641 4921 744 4974 hoc
773 4929 916 4976 esset
941 4937 1078 4990 opus
1106 4924 1226 4978 viro
1277 4926 1370 4995 qui
1401 4927 1630 4984 haberet
1655 4930 1922 5001 insignem
1952 4933 2120 4988 animi

549 5011 887 5064 nobilitatem
920 5052 936 5076 ,
972 5015 1096 5068 tatis
1130 5023 1311 5070 autem
1345 5029 1463 5073 erat
1483 5019 1785 5075 Constantii
1819 5032 1873 5076 et
1904 5023 2122 5079 Helenae

550 5099 715 5159 titius.
763 5099 1160 5182 tionstantinus
1210 5104 1438 5176 Magnus
1485 5111 1951 5179 cognominatus:
2002 5113 2048 5169 is
2089 5129 2119 5167 a

549 5191 723 5261 patrio
761 5193 982 5261 quidem
1023 5195 1230 5250 recedit
1273 5213 1480 5265 errore,
1531 5215 1735 5257 arcano
1782 5205 2016 5274 quodam
2063 5194 2190 5262 etC

549 5285 732 5339 divino
786 5285 1034 5352 consilio,
1087 5297 1144 5342 et
1191 5290 1402 5345 accedit
1455 5293 1522 5346 ad
1585 5295 1888 5350 veritatem.
1944 5297 2124 5351 Vincit

550 5375 718 5442 enim,
745 5385 805 5430 ut
827 5391 1019 5432 omnes
1045 5378 1247 5445 sciunt,
1276 5381 1527 5438 inimicos
1553 5399 1652 5454 per
1684 5388 1862 5442 crucis
1893 5389 1948 5441 in
1984 5389 2122 5444 ceelo

550 5469 944 5536 apparitionem
987 5487 1004 5525 :
1061 5481 1115 5526 et
1175 5472 1403 5542 Magnus
1451 5478 1634 5532 statim
1685 5479 2012 5549 appellatur,
2067 5492 2122 5536 et

550 5565 770 5628 p'ropter
799 5559 1017 5628 pietatis
1053 5563 1509 5633 magnitudinem,
1547 5577 1603 5622 et
1637 5569 1691 5621 in
1727 5571 1912 5624 hostes
1944 5573 2120 5626 victo-

551 5653 704 5705 riam.
739 5651 944 5705 Deinde
975 5655 1138 5708 etiam
1189 5670 1385 5724 magno
1414 5656 1569 5726 Regi,
1608 5667 1663 5712 et
1691 5665 1963 5715 communi
2003 5679 2120 5716 om-

554 5740 694 5792 nium
729 5741 953 5796 Domino
990 5746 1232 5801 victoria:
1267 5748 1501 5804 reddens
1542 5753 1763 5822 gratias,
1814 5754 1978 5809 mittit
2022 5771 2119 5824 per

2220 3931 2490 3998 οὐρανοὺς
2536 3932 2810 4003 ἀνάληψιν
2839 3972 2855 3999 ,
2898 3933 3007 3985 τῶν
3060 3929 3227 3985 αὑτοῦ
3293 3931 3553 4000 μαθητῶν
3602 3949 3662 3986 τε
3709 3935 3808 3986 καὶ

2221 4024 2540 4079 ἀποστόλων
2581 4026 2683 4095 τὴν
2735 4025 3065 4096 οἰκουμένην
3113 4027 3294 4078 πᾶσαν
3346 4024 3426 4094 τῷ
3479 4025 3807 4097 Εύαγγελιῳ

2221 4117 2667 4185 περιλαϐόντων,
2713 4119 2809 4171 καὶ
2855 4115 3136 4186 πανταλοῦ
3179 4115 3281 4185 μὲν
3311 4116 3651 4180 διαδοθέντος
3702 4119 3806 4188 ἥδη

2219 4207 2317 4260 τοῦ
2346 4208 2446 4278 τῆς
2479 4208 2766 4273 εὐσεϐείας
2793 4209 3152 4279 κηρύγματος
3206 4208 3302 4260 τοῦ
3339 4207 3398 4260 δὲ
3434 4209 3678 4279 ἀρχῆθεν
3713 4212 3808 4263 αν-

2219 4301 2536 4370 τικειμένου
2576 4299 2655 4368 τῷ
2685 4299 2796 4354 τῶν
2825 4299 3137 4370 ἀνθρώπων
3170 4299 3340 4368 γένει,
3375 4299 3648 4369 βασάνους
3674 4303 3810 4370 ἀφο-

2224 4393 2407 4462 ρήτοις
2433 4390 2522 4444 διὰ
2575 4391 2686 4445 τῶν
2715 4391 2835 4445 τότε
2873 4390 3222 4461 κρατούντων
3252 4391 3648 4454 ὑποϐάλλοντος
3678 4394 3806 4456 τοὺς

2220 4483 2591 4548 πιστεύοντας
2626 4484 2734 4537 ἔδει
2783 4484 2918 4537 ποτὲ
2950 4483 3109 4536 λύσιν
3147 4486 3408 4552 γενέσθαι
3455 4487 3806 4556 Χριστιανοῖς

2219 4573 2330 4626 τῶν
2391 4575 2661 4646 ἀνιαρῶν,
2728 4576 2821 4628 καὶ
2895 4576 3036 4644 μετὰ
3088 4574 3184 4628 τοῦ
3236 4575 3440 4648 πικροῦ
3472 4579 3669 4646 νέφους
3708 4577 3804 4646 τῆς

2219 4665 2478 4732 ἀσεϐείας
2518 4667 2751 4740 λυθῆναι
2783 4669 2994 4722 καὶτὸν
3048 4669 3297 4739 χειμῶνα
3335 4672 3435 4740 τῆς
3470 4671 3592 4723 κατ’
3623 4669 3808 4722 αὐτῶν

2219 4759 2514 4828 τιμωρίας,
2549 4760 2645 4813 καὶ
2669 4761 2866 4830 στῆναι
2896 4759 3096 4830 ῥάϐδον
3129 4761 3477 4829 ἁμαρτωλῶν
3505 4764 3650 4814 κατὰ
3677 4762 3810 4833 κλή-

2223 4865 2318 4919 ρου
2343 4850 2567 4906 δικαίων
2597 4854 2928 4923 ἀφιεμένην,
2965 4852 3121 4907 Ἐπεὶ
3151 4853 3208 4906 δὲ
3230 4853 3423 4924 ἀνδρὸς
3455 4855 3629 4906 ἑδεῖσο
3669 4855 3808 4923 πρὸς

2221 4943 2404 5009 τοῦτο,
2455 4945 2742 5014 περιφανῆ
2786 4946 2888 5016 τὴν
2931 4947 3031 5015 τῆς
3059 4946 3246 5015 ψυχῆς
3277 4947 3567 5014 εὐγένειαν
3603 4962 3810 5015 κεκτη-

2225 5036 2414 5107 μένου,
2454 5035 2699 5099 τοιοῡτος
2742 5036 2798 5089 δὲ
2829 5037 2859 5089 ὀ
2888 5037 3248 5098 Κώνσταντος
3296 5039 3391 5091 καὶ
3437 5036 3655 5106 Ἑλένης
3688 5036 3808 5100 υίὸς

2224 5126 2635 5185 Κωνστανττνος
2682 5125 2710 5175 ὁ
2756 5123 2946 5192 Μέγας
2995 5124 3338 5196 ἐπικληθεὶς,
3368 5124 3663 5195 ἀφίσταται
3701 5122 3806 5192 μὲν

2221 5213 2322 5284 τῆς
2358 5214 2595 5284 πατρίου
2650 5213 2861 5285 πλάνης
2901 5215 3209 5286 ἀπορρήτῳ
3257 5217 3368 5269 τινὶ
3409 5217 3504 5269 καὶ
3552 5215 3810 5287 θειοτέρα

2221 5305 2508 5374 οἰκονομίᾳ
2549 5305 2642 5357 καὶ
2669 5307 2735 5374 τῇ
2763 5304 2994 5376 ἀληθείᾳ
3031 5304 3412 5376 προστίθεται,
3439 5305 3568 5374 νικᾷ
3608 5303 3696 5371 δὲ,
3729 5304 3810 5366 ὡς

2219 5397 2424 5458 πάντες
2465 5396 2636 5463 ἴσασι,
2670 5398 2799 5459 τοὺς
2831 5397 3062 5468 ἐλθροὺς
3093 5396 3184 5451 διὰ
3230 5397 3331 5469 τῆς
3366 5399 3424 5452 ὲν
3457 5395 3677 5468 οὐρανῷ
3710 5397 3808 5450 τοῦ

2223 5487 2460 5558 σταυροῦ
2505 5491 2831 5558 ἐμφανείας,
2873 5491 2970 5543 καὶ
3014 5491 3206 5560 Μέγας
3253 5492 3416 5556 εὐθὺς
3459 5493 3524 5562 τῇ
3564 5507 3624 5543 τε
3676 5491 3808 5561 περὶ

2218 5580 2319 5649 τὴν
2370 5580 2658 5634 εὐσέϐειαν
2718 5581 3109 5653 μεγαλειότητι
3167 5583 3263 5636 καὶ
3308 5585 3376 5654 τῇ
3436 5583 3560 5634 κατ’
3620 5583 3803 5636 αὐτῶν

2219 5669 2364 5741 νίκῃ,
2402 5670 2903 5740 προσαγορεύεται,
2941 5667 3062 5725 εἶτα
3097 5677 3188 5724 καὶ
3219 5672 3294 5741 τῷ
3336 5674 3557 5742 μεγάλῳ
3586 5672 3812 5726 Βασιλεί

2217 5765 2311 5814 καὶ
2345 5763 2502 5832 κοινᾷ
2538 5765 2756 5817 πάντων
2784 5765 3036 5836 Δεσπότῃ
3070 5767 3301 5834 χάριτας
3342 5767 3438 5835 τῆς
3478 5764 3638 5835 νίκης
3679 5767 3817 5817 ἁπο-
