4110 6436
325 377 353 444 1
367 371 464 446 161

1497 365 1906 430 MARTYIUM
1942 366 2006 426 S.
2047 362 2400 425 ARTEMII.

3459 359 3601 424 1162

323 489 534 553 διδοὺς,
565 483 821 556 δόγματα
847 483 961 547 τοῖς
996 479 1105 552 πρὸ
1136 480 1229 535 τοῦ
1263 479 1579 554 βασιλεῦσιν
1607 480 1916 549 ἀντίρροπα

2021 491 2215 531 omnes
2243 481 2431 545 partes
2464 470 2616 529 orbis
2648 480 2809 529 terra:
2840 471 3084 537 decreta,
3117 483 3239 542 quae
3282 481 3442 526 erant
3470 486 3603 527 eon-

327 584 433 654 τῆς
480 578 817 649 οἰκουμένης
862 575 1142 646 πανταχοῦ
1194 574 1593 641 διαπέμπεται,
1638 572 1766 634 τοὺς
1814 570 1915 641 μὲν

324 674 438 728 τῶν
496 670 736 724 είδώλων
786 666 1177 737 καθαιρεῖσθαι
1224 666 1386 729 ναοὺς
1431 665 1526 719 καὶ
1589 663 1671 727 είς
1720 662 1916 731 ἔδαφος

325 759 838 831 καταστρέφεσθαι,
869 757 1350 829 ἀνοικοδομεῖσθαι
1388 756 1445 811 δὲ
1479 755 1645 809 πάλιν
1670 753 1759 807 ἐπ’
1791 753 1916 809 ὀνό-

328 871 463 924 ματι
494 850 730 923 Χριστοῦ
766 851 861 904 καὶ
900 849 1011 904 τῶν
1040 847 1206 902 αὐτοῦ
1250 846 1512 918 μαθητῶν
1557 846 1652 901 καὶ
1701 844 1914 916 μαρτύ-

327 965 461 1017 ρων,
500 947 689 1007 οἴκους
722 943 1050 1013 περιφανεῖς
1080 979 1095 1003 ,
1129 940 1227 995 καὶ
1271 939 1340 1003 ἃς
1376 937 1573 1010 πρώην
1600 936 1916 1007 ,ἐκκλησίας

326 1040 380 1091 oi
400 1036 689 1099 δυσσεϐεῖς
713 1034 1118 1105 κατέστρεψαν,
1145 1032 1247 1103 τὴν
1280 1030 1561 1103 προτέραν
1588 1025 1746 1093 αὖθις
1778 1031 1916 1084 ἀπο-

322 1129 633 1196 λαμϐάνειν
658 1129 1021 1198 εὐπρέπειαν.

402 1221 478 1277 θ’·
508 1223 574 1276 Τί
612 1218 709 1275 οὖν
756 1222 787 1272 ὅ
842 1222 959 1282 τοῖς
999 1220 1230 1289 ἀγαθοῖς
1265 1218 1577 1290 βασκαίνων
1616 1217 1867 1282 διάϐολος
1898 1236 1913 1284 ;

320 1319 433 1371 τούκ
464 1315 709 1384 ἐνεγκὼν
733 1314 836 1385 τὴν
865 1312 1144 1385 τοσαύτην
1174 1312 1504 1383 μεταϐολὴν,
1566 1310 1746 1374 ἄλλως
1774 1326 1833 1363 τε
1858 1310 1917 1363 δὲ

324 1412 427 1464 καὶ
463 1410 558 1464 τὸν
589 1411 720 1462 τότε
775 1407 1097 1478 κρατοῦντα
1142 1405 1322 1470 εἰδὼς,
1373 1406 1472 1475 οὐχ
1516 1400 1629 1457 οἷόν
1663 1420 1724 1457 τε
1770 1399 1915 1456 εἷναι

324 1505 471 1574 πρὸς
498 1504 603 1571 τὴν
645 1503 893 1572 ματαίαν
932 1499 1097 1553 πάλιν
1149 1500 1259 1551 τῶν
1315 1497 1556 1551 εἰδώλων
1614 1496 1917 1568 θρησκείαν

323 1596 671 1658 ἐπανελθεῖν,
700 1593 929 1649 ἄλλοθεν
958 1595 1094 1665 ἡμῖν
1120 1593 1326 1662 ἐγείρει
1363 1592 1454 1645 τὸν
1495 1591 1738 1661 πόλεμον
1762 1630 1777 1653 ,
1819 1587 1918 1643 καὶ

321 1694 392 1762 τῇ
426 1691 546 1743 κατ’
564 1686 973 1758 Ἀλεξάνδρειαν
1013 1685 1313 1757 Ἐκκλησία
1336 1684 1431 1738 τὸν
1450 1682 1918 1754 δυσσεϐἧἊρειον

323 1778 684 1851 παρενείρας,
759 1780 856 1832 καὶ
913 1775 1107 1847 ὥσπερ
1167 1777 1388 1846 ὀργάνῳ
1448 1776 1557 1827 τινὶ
1619 1777 1686 1845 τῇ
1747 1771 1914 1827 αὑτοῦ

324 1875 547 1946 γλώττῃ
587 1875 975 1945 χρησάμενος,
1011 1871 1221 1939 κτίσμα
1264 1870 1355 1925 τὸν
1388 1869 1484 1923 τοῦ
1520 1866 1657 1923 Θεοῦ
1701 1869 1913 1936 ἀνακηο

324 1970 549 2041 ρύττειν
580 1968 714 2032 Υίὸν
742 1966 942 2036 τολμᾷ,
976 1963 1074 2019 καὶ
1114 1965 1215 2034 τῆς
1246 1963 1339 2016 τοῦ
1374 1961 1510 2028 Θεοῦ
1545 1963 1641 2015 καὶ
1698 1962 1916 2031 Πατρος

318 2061 518 2124 οὐσίας
556 2058 912 2129 δογματίζειν
944 2057 1247 2126 ἀλλότριον.
1278 2055 1388 2126 Τῆς
1414 2056 1665 2126 πονηρᾶς
1695 2055 1751 2107 δὲ
1780 2054 1915 2110 ταύ-

329 2170 423 2223 εης
458 2153 682 2221 ’Δρείου
724 2151 884 2220 δόξης
915 2148 1327 2217 διαδονηθείσης
1353 2148 1415 2200 τὸ
1445 2148 1610 2219 τάχος
1637 2146 1737 2199 καὶ
1774 2149 1915 2201 ἀπο-

325 2244 678 2314 σϐεσθείσης,
704 2241 801 2296 ἆτε
834 2240 931 2295 τοῦ
965 2238 1226 2303 εὐσεϐοῦς
1261 2239 1533 2310 βασιλέως
1564 2240 1666 2309 τὴν
1707 2242 1766 2293 ἐν
1815 2237 1915 2294 Νι-

321 2338 461 2408 καίᾳ
493 2336 605 2391 τῶν
645 2335 808 2388 θείων
844 2334 1113 2404 Πατέρων
1147 2332 1632 2403 συγκροτήσαντος
1671 2330 1910 2395 σύνοδον,

323 2433 422 2484 καὶ
447 2429 613 2483 αὐτὸν
642 2429 743 2499 μὲν
772 2429 994 2496 ’Δρειον
1037 2425 1133 2479 τοῦ
1164 2426 1273 2478 τῶν
1296 2426 1487 2497 ίερέων
1507 2424 1915 2491 ἀπεληλακότος

321 2524 711 2593 συστήματος,
757 2521 852 2574 τὸν
893 2520 951 2573 δὲ
995 2519 1172 2589 ἀληθῆ
1212 2517 1346 2570 Θεὸν
1382 2516 1477 2570 καὶ
1517 2517 1724 2587 Κύριον
1754 2516 1914 2585 ἡμῶν

335 2613 548 2684 Ἰησοῦν
579 2613 818 2684 Χριστὸν
847 2611 1138 2682 ὁμοούσιον
1187 2610 1266 2681 τῷ
1299 2611 1477 2681 Πατρὶ
1507 2610 1603 2662 καὶ
1640 2610 1914 2663 συναῐδιον

321 2705 780 2778 ἀνακηρύξαντος
834 2705 912 2769 ώς
966 2705 1032 2757 τὸ
1084 2703 1380 2773 πρότερον,
1440 2699 1597 2765 αὖθις
1651 2701 1682 2753 6
1719 2701 1913 2772 ὲχθρδς

323 2798 570 2860 ἐλύσσα,
623 2795 722 2848 καὶ
765 2793 865 2864 τὴν
902 2793 1178 2866 προτέραν
1216 2790 1385 2846 αὑτοῦ
1424 2790 1726 2863 θρησκείαν
1767 2796 1917 2844 ἐπει-

322 2890 463 2961 paro
496 2887 661 2942 πάλιν
704 2886 1034 2955 ἀνακινῆσαι
1058 2927 1071 2952 ,
1131 2886 1229 2939 καὶ
1259 2886 1353 2938 τὸν
1381 2885 1551 2950 ἀξίως
1582 2884 1736 2954 αὐτῷ
1776 2884 1916 2955 πρὸς

319 2981 486 3033 τοῦτο
511 2980 937 3051 ὑπηρετήσοντα
999 2978 1123 3033 λίαν
1153 2978 1433 3048 ἐπιμελῶς
1460 2977 1765 3049 ἀνηρεύνα.
1805 2977 1914 3030 Τοῦ

321 3071 508 3125 τοίνυν
540 3071 782 3142 μεγάλου
820 3072 915 3124 καὶ
947 3067 1170 3139 πρώτου
1208 3069 1558 3140 Χριστιανῶν
1619 3068 1914 3139 βασιλέως,

1943 1840 1991 1898 Β

2018 569 2186 625 traria
2232 566 2471 623 decretis
2519 567 2765 637 priorum
2801 566 3235 635 imperatorum:
3280 579 3499 636 nempe,
3543 574 3606 623 ut

2018 659 2371 714 diruerentur
2407 658 2610 728 templa
2648 657 2939 719 idolorum,
2985 666 3040 711 et
3094 656 3341 712 funditus
3385 667 3606 713 everte-

2020 759 2255 806 rentur:
2291 750 2348 805 in
2385 750 2595 806 Christi
2628 759 2811 805 autem
2864 750 3090 805 nomine
3133 765 3324 805 rursus
3368 749 3605 805 aediﬁca-

2021 851 2232 908 rentur,
2270 851 2326 897 et
2355 843 2481 913 ejus
2505 842 2903 910 discipulorum
2933 850 2988 896 et
3019 851 3316 913 martyrum
3344 842 3491 897 aedes
3518 841 3606 897 in-

2018 935 2223 1007 signes,
2258 945 2316 991 et
2343 949 2484 1006 quas
2511 935 2666 1006 prius
2694 934 2846 1006 impii
2870 944 3187 990 everterant
3220 935 3507 1001 ecclesias,
3528 950 3607 991 ea:

2018 1040 2211 1081 rursus
2251 1025 2493 1095 priorem
2525 1026 2781 1081 decorem
2809 1025 3142 1098 reciperent.

2092 1226 2161 1284 ll.
2186 1227 2328 1295 Quid
2358 1243 2511 1304 ergo,
2536 1228 2627 1300 qui
2647 1228 2809 1285 bonis
2838 1227 3065 1293 invidet.
3088 1229 3375 1286 diabolus?
3398 1231 3515 1286 Non
3530 1228 3608 1288 fe-

2015 1336 2147 1377 rens
2178 1332 2387 1378 tantam
2419 1324 2804 1389 mutationem,
2828 1334 2883 1379 et
2909 1323 3113 1394 alioqui
3137 1324 3318 1380 sciens
3353 1324 3468 1380 ﬁeri
3493 1341 3608 1380 non

2019 1429 2205 1485 posse,
2232 1424 2291 1471 ut
2318 1415 2411 1485 qui
2435 1425 2568 1471 tunc
2599 1416 2820 1471 tenebat
2846 1416 3164 1486 imperium,
3196 1415 3402 1471 rediret
3422 1417 3489 1472 ad
3514 1431 3609 1473 va-

2018 1522 2151 1561 num
2199 1508 2405 1563 cultum
2437 1508 2881 1573 simulacrorum,
2917 1507 3143 1564 aliunde
3176 1508 3233 1563 in
3267 1524 3369 1564 nos
3400 1509 3603 1564 bellum

2019 1598 2220 1652 excitat
2245 1613 2259 1651 :
2288 1608 2344 1653 et
2374 1612 2498 1654 cum
2521 1598 2575 1653 in
2609 1598 2907 1654 Ecclesiam
2931 1598 3356 1654 Alexandrinam
3380 1599 3606 1670 impium

2021 1688 2212 1745 Arium
2248 1689 2581 1758 induxisset,
2617 1702 2673 1748 et
2708 1702 2963 1762 tanquam
3015 1694 3383 1747 instrumento
3426 1692 3610 1763 aliquo

2019 1780 2139 1851 ejus
2163 1781 2343 1855 lingua
2369 1793 2517 1838 esset
2548 1800 2702 1849 usus,
2735 1785 2902 1839 audet
2941 1784 3234 1855 prtedicare
3261 1783 3355 1839 Dei
3403 1782 3607 1839 Filium

2017 1888 2143 1929 esse
2175 1885 2442 1937 creatum,
2474 1888 2528 1929 et
2557 1875 2811 1945 dogmate
2843 1884 3106 1941 statuere,
3151 1891 3278 1932 eum
3314 1892 3441 1931 csse
3471 1876 3608 1931 alie-

2017 1980 2149 2018 num
2183 1980 2213 2019 a
2252 1963 2342 2019 Dei
2376 1975 2432 2020 et
2458 1965 2637 2019 Patris
2672 1966 2934 2021 essentia.
2970 1965 3083 2022 Hac
3106 1977 3289 2022 autem
3319 1967 3458 2023 mala
3491 1969 3607 2022 Arii

2018 2054 2282 2125 opinione
2306 2054 2414 2109 cito
2446 2056 2741 2120 exstincta,
2773 2064 2962 2127 utpote
2989 2058 3135 2127 quod
3160 2059 3284 2128 pius
3309 2058 3609 2129 imperator

2019 2145 2214 2201 Nicaeae
2243 2147 2553 2202 divinorum
2575 2145 2798 2202 Patrum
2823 2159 3213 2221 congregasset
3242 2151 3531 2221 synodum,
3553 2160 3609 2206 et

2019 2236 2198 2308 ipsum
2228 2239 2448 2308 quidem
2478 2239 2670 2294 Arium
2706 2241 2972 2297 movisset
2996 2257 3027 2296 e
3064 2251 3212 2297 ctetu
3236 2245 3607 2311 sacerdotum,

2016 2345 2209 2383 verum
2255 2341 2439 2385 autem
2491 2329 2659 2385 Deum
2709 2340 2764 2386 et
2795 2332 3089 2389 Dominum
3134 2346 3386 2390 nostrum
3419 2337 3608 2393 Jesum

2017 2421 2300 2477 Christum
2348 2423 2594 2493 ejusdem
2647 2438 2770 2479 esse
2837 2441 2962 2479 cum
3020 2426 3182 2481 Patre
3230 2431 3506 2495 essentia},
3555 2443 3612 2486 et

2020 2524 2380 2580 coaeternum,
2404 2515 2545 2570 sicut
2574 2517 2728 2586 prius
2753 2518 3143 2587 praedicasset,
3178 2518 3438 2577 inimicus
3482 2539 3608 2578 rur-

2018 2621 2114 2661 sus
2163 2607 2314 2662 rabie
2347 2606 2678 2677 agitabatur,
2711 2618 2768 2663 et
2800 2610 3040 2679 priorem
3086 2626 3239 2666 suam
3285 2614 3605 2685 religionem

2016 2713 2211 2752 rursus
2240 2700 2547 2755 conabatur
2577 2716 2821 2766 movere,
2870 2710 2927 2757 et
2978 2704 3069 2772 qui
3107 2720 3206 2774 pro
3254 2704 3521 2775 dignitate
3556 2710 3609 2761 ei

2018 2787 2099 2840 rei
2142 2786 2461 2855 inserviret,
2495 2788 2789 2860 diligenter
2841 2792 3176 2862 inquirebat.
3208 2793 3344 2849 Cum
3381 2812 3609 2868 magnus

2017 2893 2150 2951 ergo
2180 2888 2235 2935 et
2265 2881 2482 2951 primus
2504 2882 2943 2940 Christianorum
2968 2887 3291 2956 imperator,
3326 2889 3412 2957 pie
3443 2890 3609 2944 simul

2016 2979 2073 3026 et
2104 2972 2334 3041 pulchre
2377 2974 2658 3029 tricesimo
2691 2977 2935 3031 secundo
2967 2993 3112 3032 anno
3143 2978 3230 3033 sui
3272 2979 3513 3049 imperii,
3553 2980 3607 3033 in

2018 3063 2301 3132 provincia
2327 3063 2713 3136 Bithynorum,
2747 3066 2968 3135 quando
3010 3066 3418 3136 expeditionem
3452 3067 3610 3122 ince-

324 3164 573 3227 εὐσεϐῶς
606 3181 667 3216 τε
693 3163 812 3234 ἅμα
840 3164 938 3217 καὶ
970 3162 1154 3226 καλῶς
1188 3162 1332 3216 κατά
1363 3162 1426 3215 τὸ
1462 3163 1794 3231 τριακοστὸν
1818 3163 1914 3215 καὶ

2020 3155 2099 3224 pit
2124 3155 2308 3211 facere
2338 3167 2529 3211 contra
2559 3155 2775 3221 Persas,
2823 3158 3172 3228 deposuisset
3203 3161 3521 3230 imperium,
3551 3170 3609 3215 ct

319 3256 579 3328 δεύτερον
632 3255 734 3326 τῆς
783 3256 963 3326 ἀρχῆς
1016 3254 1136 3316 ἔτος
1195 3254 1304 3308 ὑπὸ
1360 3254 1462 3326 τὴν
1510 3255 1621 3308 τῶν
1665 3253 1912 3309 Βιθυνῶν

321 3348 625 3419 ἀπαρχίαν,
677 3347 843 3418 ἡνίκα
891 3348 990 3418 τῆς
1046 3346 1187 3418 πρὸς
1268 3346 1490 3417 Πέρσας
1554 3347 1914 3419 ἐκστρατείας

322 3443 631 3511 ἁπήρχετο,
660 3440 765 3510 τὴν
795 3439 1078 3509 βασιλείαν
1105 3438 1473 3509 ἀποθεμένου,
1495 3440 1915 3494 Κωνσταντίνου

323 3552 389 3587 τε
430 3535 548 3604 μετ’
575 3535 743 3587 αὑτὸν
769 3530 865 3586 τοῦ
895 3532 1115 3599 παιδὸς,
1168 3531 1270 3600 τὴν
1310 3531 1410 3585 τοῦ
1456 3534 1695 3603 πατέρος
1736 3532 1917 3603 ἀρχὴν

323 3627 746 3698 διαδεξαμένου,
777 3628 904 3679 ἐπεὶ
929 3626 987 3680 δὲ
1008 3621 1167 3689 οὗτος
1193 3626 1417 3679 ἀπέτισε
1443 3626 1503 3679 τὸ
1531 3625 1730 3697 χρεὼν,
1760 3626 1791 3677 6
1821 3626 1916 3679 τοῦ

329 3723 579 3793 μεγάλου
634 3721 1055 3775 Κωνσταντίνου
1112 3719 1436 3790 ἀδελφιδοῦς
1495 3719 1808 3786 Ἰουλιανὸς,
1858 3718 1919 3782 ὃς

328 3814 430 3866 καὶ
455 3813 811 3884 παραϐάτης,
846 3812 934 3866 διὰ
960 3811 1062 3881 τὴν
1104 3811 1200 3882 τῆς
1246 3812 1482 3882 ἀληθοῦς
1517 3811 1780 3883 ἀθέτησιν
1829 3812 1919 3865 πί-

331 3922 505 3969 στεως
558 3907 654 3959 καὶ
687 3907 825 3976 πρὸς
863 3904 931 3958 τὸ
970 3903 1292 3974 Ἑλληνικὸν
1346 3903 1513 3967 σέϐας
1586 3904 1915 3974 μετάθεσιν,

330 3997 567 4060 δικαίως
608 3997 851 4069 ἐκλήθη,
905 3997 1256 4067 τυραννικῶς
1297 3996 1409 4049 τῶν
1457 3998 1764 4069 σκήπτρων
1793 3999 1919 4051 ἐπι-

335 4090 707 4160 λαμϐάνεται.
760 4088 1110 4158 Ἀδελφιδοῦν
1156 4088 1215 4140 δὲ
1289 4088 1455 4141 αὐτὸν
1502 4090 1919 4144 Κωνσταντίνου

331 4180 492 4236 εἶπεν
520 4187 548 4236 ὁ
577 4182 761 4250 λόγος,
785 4181 909 4236 καθ’
960 4179 990 4233 6
1040 4180 1100 4247 ἐξ
1146 4179 1501 4250 ἑτερογενοῦς
1550 4181 1785 4249 ἀδελφοῦ
1822 4182 1920 4235 τοῦ

332 4278 722 4331 Κωνσταντὶου
741 4274 1006 4345 ἐτύγχανε
1029 4273 1313 4344 γεννηθείς
1339 4289 1355 4303 ο
1373 4275 1468 4327 καὶ
1500 4274 1609 4346 γὰρ
1627 4275 1688 4341 ἐξ
1703 4273 1924 4346 Ἑλένης

336 4367 441 4438 μὲν
472 4370 570 4438 τῆς
599 4367 817 4437 ἀληθῶς
846 4366 1124 4437 μακαρίας
1156 4366 1319 4430 αὐτὸς
1353 4368 1513 4436 μόνος
1567 4369 1597 4421 6
1636 4370 1928 4422 Κωνσταν-⁵

337 4460 487 4521 τίνος
532 4460 832 4527 γεγέννητο
862 4456 939 4527 τῷ
966 4458 1158 4527 πατρὶ,
1192 4459 1257 4511 εκ
1290 4456 1578 4530 Θεοδώρας
1618 4458 1677 4512 δὲ
1702 4461 1801 4531 τῇς
1829 4458 1924 4513 θυ-

2016 3248 2378 3305 Constantius
2410 3248 2555 3305 illius
2586 3251 2758 3320 patris
2789 3252 3149 3307 successisset
3180 3253 3431 3323 imperio,
3457 3264 3611 3323 post-

2018 3355 2183 3409 quam
2236 3341 2283 3396 is
2313 3357 2535 3413 quoque
2571 3343 2806 3397 exsolvit
2831 3344 3099 3410 debitum,
3123 3345 3300 3414 ipsius
3348 3344 3608 3415 patruelis

2016 3432 2293 3495 Julianus,
2341 3433 2436 3503 qui
2480 3435 2643 3489 etiam
2681 3443 3077 3506 transgressor,
3124 3446 3413 3505 propterea
3463 3442 3608 3508 quod

2019 3538 2205 3577 veram
2258 3524 2421 3577 iidem
2473 3532 2620 3578 esset
2654 3532 3001 3593 aSpernatus,
3050 3533 3106 3579 et
3143 3540 3203 3579 se
3233 3526 3299 3579 ad
3351 3526 3607 3597 gentilcm

2021 3612 2354 3670 traduxisset
2377 3615 2721 3687 religionem,
2749 3615 2876 3685 jure
2900 3615 3003 3669 fuit
3030 3617 3358 3686 appellatas,
3394 3624 3608 3688 serptra

2023 3707 2311 3777 tyrannice
2343 3707 2731 3777 apprehendit.
2763 3706 3067 3763 ConSIantii
3094 3721 3275 3764 autem
3309 3712 3610 3781 patruelem

2024 3814 2149 3851 etim
2182 3798 2443 3864 diximus,
2500 3799 2763 3868 quoniam
2804 3808 2965 3854 natus
3017 3801 3121 3855 fuit
3172 3817 3237 3856 ex
3284 3801 3607 3857 Constantii:

2022 3891 2373 3946 Constantini
2402 3891 2593 3956 fratre,
2632 3892 2837 3948 diversi
2890 3902 3071 3948 tamen
3122 3896 3359 3966 generis.
3393 3895 3610 3951 Etenim

2022 4000 2091 4041 ex
2127 4001 2258 4042 vere
2306 3986 2464 4041 beata
2502 3986 2706 4042 Helena
2738 3989 2859 4058 ipse
2898 3986 3298 4045 Constantinus
3328 3992 3479 4046 solus
3516 4008 3614 4047 na~

2024 4086 2114 4131 tus
2143 4087 2230 4133 est
2275 4078 2441 4148 patri.
2472 4078 2552 4133 Ex
2580 4077 2872 4135 Tltcodora
2917 4090 3100 4136 autem
3134 4082 3239 4136 ﬁlia
3278 4081 3611 4147 Maximiani,

2024 4170 2309 4238 quietiam
2346 4171 2527 4225 dictus
2558 4178 2642 4225 est
2689 4172 3005 4238 Herculius,
3047 4173 3101 4251 hi
3152 4183 3265 4227 tres
3312 4175 3424 4229 nati
3462 4186 3612 4233 sunt.

2036 4261 2358 4326 Dalmatius,
2388 4264 2777 4319 Anaballianus
2825 4272 2878 4319 et
2928 4264 3303 4321 Constantius.
3344 4268 3511 4321 l‘orro
3547 4284 3614 4322 ex

2026 4354 2352 4410 Constantio
2381 4353 2588 4420 Gallus,
2615 4363 2672 4411 et
2718 4356 2786 4420 is,
2837 4356 2903 4412 de
2934 4372 3044 4427 quo
3086 4357 3138 4412 in
3177 4359 3464 4427 praesentia
3501 4358 3618 4431 agi-

2030 4456 2143 4513 tur,
2164 4446 2519 4514 turpissimus
2538 4447 2810 4502 Julianus.
2838 4447 2940 4513 Qui
2966 4448 3190 4519 quidem
3218 4467 3365 4516 cum,
3395 4460 3455 4506 ut
3478 4451 3620 4505 dixi-

331 4517 555 4620 γατρδς
606 4517 960 4620 λίαξιμιανοῦ
1009 4517 1108 4604 τοῦ
1144 4517 1275 4604 γκαϊ
1337 4517 1658 4623 Ἐρκουλίου
1687 4594 1703 4619 ,
1745 4517 1916 4625 ⁵’τρεῖς

2028 4552 2172 4602 mus,
2210 4554 2280 4592 ex
2317 4539 2603 4606 tyrannide
2636 4540 2939 4610 accepisset
2993 4542 3306 4611 imperium,
3360 4544 3620 4613 gravissi-

332 4637 511 4708 ιῦτοι,
543 4643 876 4711 Δαλμάτιος,
917 4642 1337 4706 ’Δναϐαλλιανδς
1367 4645 1464 4697 καὶ
1514 4646 1922 4709 Κωνστάντιος.

346 4737 445 4789 Ἐκ
494 4736 886 4791 Κωνσταντίου
933 4735 990 4788 δὲ
1019 4735 1243 4799 Γάλλος,
1287 4737 1383 4787 καὶ
1435 4739 1465 4788 6
1524 4733 1720 4804 παρὼν
1769 4734 1925 4802 οὗτος

2027 4644 2176 4683 mutu
2206 4642 2399 4682 rursus
2424 4629 2627 4682 bellum
2654 4637 2947 4694 excitatur,
2972 4641 3028 4685 et
3054 4636 3374 4702 gravissima
3401 4649 3615 4699 earum,

2026 4735 2258 4791 quarum
2293 4734 2531 4789 unquam
2567 4722 2659 4774 [lat
2695 4722 2925 4786 mentio,
2962 4725 3139 4778 oritur
3171 4726 3507 4795 persecutio.
3582 4722 3593 4799 ξ

335 4832 620 4903 αἴσχιστος
671 4830 987 4893 Ἰουλιανός.
1052 4822 1130 4883 οὗ
1186 4844 1336 4889 τινος
1392 4828 1494 4898 τὴν
1547 4827 1846 4899 βασίλειον,
1898 4833 1973 4898 ώς
2009 4835 2247 4905 ἔφημεν,
2280 4837 2344 4888 ὲκ
2397 4836 2719 4906 τυραννίδος
2769 4837 3060 4908 είληφότος
3125 4837 3539 4913 ἀρχὴνναῦθις
3587 4844 3619 4895 6

333 4932 481 4985 κατὰ
539 4928 888 5002 Χριστιανῶν
944 4925 1367 4999 ἀναρριπίζεται
1422 4925 1700 4995 πόλεμος,
1757 4930 1853 4982 καὶ
1902 4931 2211 5003 βαρύτατος
2259 4933 2369 4985 τῶν
2410 4930 2635 4986 πώποτε
2711 4933 3211 5003 μνημονευομένων
3269 4937 3617 5006 ἁνεγείρεται

330 5026 576 5096 διωγμὸς
587 5066 600 5078 .
2332 5076 2353 5085 ,

420 5121 495 5172 Γ.
536 5120 678 5172 Καθ’
706 5117 768 5172 δν
793 5118 895 5189 ἤδη
926 5117 1120 5186 καιρὸν
1162 5117 1257 5170 καὶ
1288 5119 1315 5170 6
1344 5115 1520 5188 μέγας
1558 5117 1653 5170 καὶ
1689 5134 1916 5189 περιφα·

2103 5120 2191 5175 lll.
2231 5120 2353 5186 Quo
2381 5119 2605 5190 quidem
2636 5128 2883 5190 tempore
2912 5134 3144 5192 magnus
3164 5130 3225 5176 et
3246 5124 3451 5192 pietate
3483 5124 3619 5181 insi-

334 5218 435 5284 νὴς
469 5215 569 5284 τὴν
592 5213 899 5279 εὐσέϐειαν,
934 5213 964 5265 6
988 5212 1153 5277 θεῖος,
1191 5212 1359 5281 φημί,
1398 5211 1684 5283 Ἀρτὲμιος
1709 5214 1800 5266 τὸν
1835 5213 1916 5267 τοί

2032 5214 2175 5285 guis,
2213 5214 2452 5275 divinus,
2482 5212 2732 5282 inquam,
2768 5213 3048 5269 Artemius
3094 5213 3199 5268 fuit
3241 5217 3492 5288 martyrii
3526 5231 3618 5273 co.

341 5309 657 5380 μαρτυρίου
696 5309 964 5376 στέφανον
992 5306 1317 5377 ἀνεδήσατο.
1361 5304 1571 5369 Διδάξει
1621 5305 1679 5359 δὲ
1728 5306 1916 5379 προῖὼη

2034 5320 2169 5359 rona
2201 5304 2511 5359 redimitus.
2544 5303 2599 5359 Id
2624 5319 2757 5358 vero
2785 5305 3029 5373 apertius
3060 5305 3286 5362 docebit
3316 5308 3620 5376 procedens
3652 5348 3653 5351 η

336 5406 368 5457 6
401 5405 555 5470 λόγος
584 5402 939 5471 σαφέστερον.
984 5402 1148 5469 Ἀρτι
1180 5398 1274 5452 τοῦ
1311 5400 1547 5470 μεγάλου
1591 5400 1911 5453 Κωνσταντί

2035 5399 2230 5454 oratio.
2260 5396 2397 5451 Cum
2426 5411 2654 5468 magnus
2678 5394 3076 5453 Constantinus
3103 5398 3214 5467 jam
3239 5414 3270 5451 e
3297 5399 3407 5452 vita
3431 5412 3623 5455 exces-

338 5512 438 5549 νου
480 5496 575 5549 τον
612 5495 732 5566 βίον
758 5494 1128 5557 ἀπολιπόντος
1153 5535 1169 5560 ,
1211 5493 1286 5557 ώς
1316 5495 1344 5546 6
1374 5492 1533 5561 λόγος
1567 5492 1782 5562 φθάσας
1815 5493 1916 5563 ὲδή

2038 5492 2223 5552 sisset,
2263 5497 2322 5543 ut
2351 5498 2438 5543 est
2465 5487 2835 5558 praemissum,
2872 5488 2927 5542 in
2976 5499 3084 5543 tres
3115 5499 3299 5560 partes
3352 5491 3453 5545 fuit
3482 5491 3621 5546 diri-

338 5587 536 5653 ὶωσεν,
580 5589 662 5650 είς
713 5589 864 5657 τρεῖς
902 5584 1078 5658 ἀρχὰς
1127 5588 1160 5656 ἡ
1209 5584 1319 5638 τῶν
1373 5584 1670 5655 Ῥωμαίων
1714 5584 1916 5649 ἐξουσία

2040 5599 2159 5637 sum
2208 5583 2514 5636 Romanum
2565 5582 2879 5653 imperium,
2908 5598 3035 5638 cum
3067 5585 3185 5653 ejus
3218 5584 3311 5639 filii
3346 5585 3625 5640 Constan-

340 5679 694 5752 διεμερίσθη,
721 5678 832 5731 τῶν
871 5681 1007 5732 υἱῶν
1051 5676 1241 5742 αὐτοῦ,
1282 5676 1723 5751 Κωνσταντίνου,
1777 5678 1916 5730 Kent

2043 5676 2215 5738 tinus,
2262 5670 2640 5737 Constantius,
2674 5681 2733 5725 et
2774 5672 3047 5727 Constans
3082 5673 3133 5727 id
3169 5672 3505 5729 divisissent.
3560 5677 3626 5729 Et

348 5774 603 5829 σταντίου
656 5791 717 5827 τε
768 5775 864 5827 καὶ
902 5771 1289 5833 Κώνσταντος,
1330 5769 1534 5832 ταύτας
1577 5769 1910 5840 διελομένων

2044 5768 2220 5838 primo
2275 5766 2519 5835 quidem,
2591 5780 2791 5837 nempe
2855 5765 3240 5828 Constantino,
3312 5765 3627 5837 superiores

674 5870 944 5930 Parnm.
986 5866 1103 5928 Gn.
1133 5864 1305 5926 CXV.
3229 5858 3300 5919 37
