4110 6480
481 394 494 428 ’⁵
501 391 643 455 1⁷163

1783 380 2066 442 MENSIS
2094 378 2464 438 OCTOBEB.

3632 365 3776 433 11M

503 499 712 561 Gallia',
745 505 796 552 et
831 512 950 566 quae
993 506 1121 550 sunt
1151 496 1293 550 ultra
1325 493 1506 565 Alpes.
1558 502 1611 549 et
1646 492 1837 547 insulae
1873 490 2086 544 Britan-

2212 491 2280 542 επὶ
2329 489 2410 559 τῷ
2466 489 2564 558 μὲν
2618 486 2820 558 πρώτῳ
2871 481 3275 554 Κωνσταντίνῳ
3307 483 3363 536 al
3400 482 3514 536 ἀνω
3560 482 3784 536 Γαλλίαν

507 587 643 641 nia-.e
695 603 870 656 uxque
926 587 992 640 ad
1042 584 1356 640 Occidentis
1408 583 1685 640 Oceanum
1749 583 2082 651 obtigerunt.

507 679 795 733 Constanti
831 687 1038 741 autem,
1073 685 1131 731 ut
1169 687 1469 746 postremo,
1503 674 1725 730 inferior
1759 673 1955 734 Callia.
1989 688 2084 727 seu

457 765 471 774 ’“
513 769 686 831 Italia,
723 777 778 821 et
821 767 936 837 ipsa
969 768 1162 822 Roma.
1192 765 1550 821 Constantius
1581 775 1765 820 autem
1813 763 2089 818 secundus

511 878 575 913 ex
606 859 728 913 ﬁliis
757 859 1122 924 Constantini,
1163 858 1258 928 qui
1293 867 1422 912 tunc
1451 858 1614 912 rebus
1643 866 1874 927 praeerat
1898 853 2090 910 Orien-

513 954 600 1014 tis.
652 953 943 1006 decertans
988 952 1249 1006 adversus
1311 950 1526 1014 Persas,
1586 959 1796 1020 partem
1851 946 2090 1003 Orientis

509 1044 728 1113 accipit.
761 1055 813 1097 et
850 1043 1195 1113 Byzantium,
1228 1042 1447 1096 nomine
1483 1049 1693 1095 mutato
1729 1039 1784 1092 in
1815 1037 2087 1093 Constan-

512 1138 818 1207 tinopolim,
850 1145 905 1190 et
953 1151 1148 1189 novam
1186 1134 1438 1200 Romam,
1493 1133 1621 1187 facit
1668 1132 1908 1202 regiam;
1939 1128 2093 1184 etab

507 1231 724 1303 Illyrico
774 1243 944 1298 usque
993 1228 1059 1281 ad
1108 1226 1498 1298 Proltonlidem
1553 1239 1772 1279 omnem
1835 1232 2092 1285 tractum,

512 1322 698 1374 Asiam
737 1318 958 1384 deinde,
1010 1317 1356 1387 Syriamque,
1392 1327 1446 1370 et
1478 1316 1845 1380 Palmstinam,
1897 1324 1950 1369 ct
1980 1310 2094 1366 Me-

512 1411 895 1480 sopolutniam,
952 1419 1007 1464 et
1060 1410 1350 1480 [Egyptum
1402 1425 1702 1480 omnesque
1755 1407 1981 1472 insulas,
2045 1416 2099 1459 et

511 1517 858 1574 qureeunque
893 1501 1150 1556 Romanis
1203 1500 1489 1570 parebant,
1522 1499 1804 1570 vectigalia
1839 1513 1938 1552 suo
1971 1497 2096 1551 red-

515 1597 599 1648 dit
635 1594 886 1663 imperio.
937 1591 1162 1662 Magnus
1210 1601 1392 1646 autem
1441 1589 1742 1656 Artemius,
1783 1605 1907 1644 cum
1956 1598 2101 1643 esset

513 1687 673 1741 valde
724 1694 889 1738 notus
941 1683 1256 1754 imperatori
1297 1681 1642 1746 Conatantio,
1685 1681 1740 1735 in
1777 1681 1925 1736 omni
1961 1691 2099 1735 tem-

519 1794 673 1850 pore,
705 1790 757 1832 et
790 1779 938 1833 omni
993 1776 1216 1848 negotio
1261 1783 1526 1845 perpetuo
1563 1790 1686 1829 cum
1724 1791 1790 1829 eo
1845 1774 2099 1829 versaba-

2191 583 2286 635 καὶ
2325 581 2398 634 τὰ
2427 580 2687 634 ἐπέκεινα
2731 578 2988 632 Ἄλπεων
3032 577 3092 630 αἰ
3125 593 3184 629 τε
3224 575 3558 645 Βρετανικαὶ
3593 573 3782 642 νῆσοι,

2190 674 2286 726 καὶ
2315 673 2419 735 ἕως
2459 671 2553 724 τοῦ
2601 667 2896 739 Ἐσπερίω
2939 666 3220 730 Ὠκεανοῦ,
3252 663 3786 736 κλῆρος-ἐδόθησαν,

2190 764 2268 835 τῷ
2296 764 2354 817 δέ
2379 781 2442 832 γε
2472 761 2846 832 Κωνσταντίῳ
2872 760 3165 814 ὑπεστάτω
3192 799 3207 823 ,
3251 760 3307 811 αἱ
3342 759 3493 813 κάτω
3525 757 3787 823 Γαλλίαι,

2193 857 2366 928 ἤγουν
2395 858 2451 908 αἱ
2496 853 2721 908 ἰταλίαι
2755 854 2851 906 καὶ
2887 851 3028 921 αὐτὴ
3063 853 3097 920 ἠ
3145 848 3358 920 Ῥώμη.
3409 847 3472 902 ’0
3519 847 3576 900 δὲ
3625 850 3796 902 Κων-
3863 849 3872 858 ’

2195 946 2471 1010 στάντιος,
2523 948 2550 997 6
2598 945 2860 1013 δεύτερος
2895 944 3008 996 τῶν
3050 941 3472 995 Κωνσταντίνου
3527 940 3686 1002 υίῶν,
3733 939 3798 1001 ὃς

2194 1032 2264 1108 ἦν
2296 1037 2392 1090 ἐπὶ
2423 1038 2535 1090 τῶν
2567 1038 2668 1104 τῆς
2703 1036 2878 1106 Ἐᾠας
2907 1035 2969 1087 16
2999 1052 3058 1086 τε
3097 1034 3448 1103 πραγμάτων
3485 1032 3624 1101 πρὸς
3655 1031 3793 1094 τοὺς

2197 1133 2415 1203 Πέρσας
2455 1130 2884 1198 ἀγωνιζόμενον,
2922 1128 2984 1180 τὸ
3007 1128 3107 1197 τῆς
3143 1125 3444 1195 Ἀνατολῆς
3473 1124 3796 1188 ἀσπάζεται

2201 1226 2392 1298 μέρος,
2437 1225 2535 1276 καὶ
2589 1222 2652 1277 τὸ
2706 1221 3008 1285 Βυζάντιον
3046 1217 3458 1289 μετονομασθὲν
3506 1217 3589 1279 είς
3633 1217 3803 1268 Κων-

2200 1313 2647 1369 σταντινούπολιν
2679 1315 2774 1366 καὶ
2800 1314 2928 1366 νέαν
2943 1311 3188 1380 Ῥώμην,
3217 1310 3456 1362 ποιεῖται
3484 1305 3799 1378 βασίλειον,

2201 1408 2300 1462 καὶ
2333 1407 2404 1462 τά
2442 1408 2556 1461 ἀπὸ
2589 1404 2686 1460 τοῦ
2729 1397 3032 1476 Ἱλλυρικοῦ
3084 1403 3250 1473 μέχρι
3292 1401 3394 1470 τῆς
3429 1397 3804 1469 Προποντίδος

2199 1502 2378 1570 ὁπόσα
2414 1500 2637 1572 ὑπήκοα
2680 1498 3004 1569 Ῥωμαίοις,
3037 1497 3140 1565 τήν
3175 1512 3235 1549 τε
3269 1493 3479 1563 Συρίαν
3524 1493 3622 1546 καὶ
3681 1491 3805 1543 Πα-

2200 1593 2484 1664 λαιστίνην
2511 1593 2707 1662 αὐτὴν,
2739 1589 2836 1644 καὶ
2868 1587 3326 1656 Μεσοποταμίαν,
3365 1585 3463 1637 καὶ
3492 1583 3801 1649 Αἴγυπτον,

2205 1684 2420 1749 καὶτὰς
2451 1686 2653 1755 νήσους
2686 1682 2932 1745 ἁπάσας,
2963 1683 3030 1750 τῇ
3058 1677 3224 1732 αὑτοῦ
3261 1676 3513 1747 βασιλείᾳ
3551 1673 3646 1726 καὶ
3689 1689 3799 1726 πο-

2205 1774 2386 1846 λιτείᾳ
2411 1773 2656 1843 ὑποτελῆ
2683 1773 3034 1842 καθίστησιν.
3074 1769 3140 1848 '0_
3163 1769 3221 1823 δὲ
3253 1769 3431 1838 μέγας
3475 1766 3794 1835 ’Δρτὲμιος,

517 1881 624 1935 lur,
671 1881 730 1925 ut
762 1871 854 1942 qui
904 1879 1050 1924 esset
1088 1868 1299 1923 amicus
1347 1869 1608 1938 optimus,
1663 1875 1718 1922 et
1760 1882 1829 1922 ex
1879 1866 1971 1930 iis,
2002 1864 2096 1934 qui

2212 1870 2483 1942 γνώριμος
2529 1866 2606 1920 ὢν
2627 1867 2759 1921 εστά
2787 1866 3026 1937 μάλιστα
3049 1864 3128 1934 τῷ
3152 1862 3368 1934 βασιλεῖ
3399 1860 3807 1928 Κωνσταντίῳ,

512 1975 672 2018 erant
703 1965 905 2018 virtute
959 1973 1013 2017 et
1043 1961 1294 2017 doctrina
1319 1960 1593 2031 insignes,
1634 1968 1691 2014 et
1723 1960 1922 2014 ardens
1946 1974 2098 2014 ama—

519 2069 603 2110 tor
632 2056 752 2111 ﬁdei
788 2055 1258 2118 Christianorum,
1295 2068 1405 2124 quo
1435 2054 1662 2108 nomine
1691 2053 1812 2122 ejus
1842 2052 2100 2108 amicitia:

501 2158 571 2203 et
605 2147 990 2202 familiaritatis
1019 2145 1417 2217 agnoscebatur
1450 2145 1614 2216 longe
1640 2144 2098 2199 studiosissimus.

520 2242 649 2310 Ejus
675 2248 858 2294 autem
906 2238 1140 2309 patriam
1173 2248 1229 2293 et
1261 2252 1434 2312 genus
1485 2251 1646 2292 nemo
1682 2237 1904 2306 scriptis
1937 2252 2098 2291 man-

517 2333 687 2398 davit,
722 2330 827 2385 nisi
863 2331 1008 2401 quod
1058 2339 1178 2385 erat
1226 2345 1423 2401 magno
1471 2340 1526 2385 et
1550 2329 1743 2384 illustri
1790 2330 1910 2385 loco
1940 2339 2102 2384 natus

525 2426 606 2480 vir
650 2423 1022 2488 beatissimus,
1056 2432 1109 2477 et
1147 2438 1212 2477 ex
1247 2422 1562 2477 hominibus
1595 2438 1794 2494 genere
1825 2423 2100 2478 nobilibus

511 2531 696 2588 genus
731 2515 988 2581 ducebat,
1036 2515 1348 2585 \rirtuteque
1397 2525 1454 2570 et
1499 2515 1875 2586 magnitudine
1929 2517 2097 2569 animi

517 2616 641 2662 erat
667 2607 916 2677 insignis.
950 2605 1108 2661 Unde
1157 2608 1321 2662 etiam
1361 2608 1476 2662 haec
1505 2607 1574 2663 de
1604 2622 1672 2662 eo
1697 2609 1899 2678 scripta
1948 2619 2096 2673 sunt,

522 2701 665 2769 quod
702 2707 1014 2754 sanctarum
1052 2699 1405 2768 reliquiarum
1453 2698 1656 2754 Christi
1702 2699 2095 2769 apostolorum,

522 2792 777 2853 Andreze.
811 2792 1052 2860 inquam,
1095 2801 1153 2846 et
1195 2791 1372 2858 Lucae,
1403 2800 1460 2848 et
1491 2789 1790 2857 Timothei,
1837 2792 1956 2862 ipse
1997 2803 2100 2857 est,

523 2884 618 2953 qui
680 2900 707 2938 a
762 2882 1084 2943 Constantio
1123 2885 1311 2956 jussus
1376 2884 1479 2939 fuit
1537 2885 1715 2940 facere
1773 2885 2107 2950 exportatio-

524 2990 649 3031 nem
680 2976 782 3047 (Ι),
818 2986 875 3030 ut
907 2993 1008 3032 suo
1039 2987 1284 3047 tempore
1313 2977 1646 3050 signiﬁcabit
1671 2977 1868 3034 oratio.

2203 1964 2368 2034 συνῆν
2423 1961 2602 2031 τούτῳ
2649 1959 2946 2022 διαπαντὸς
3011 1960 3070 2010 ὲν
3128 1959 3292 2012 παντὶ
3342 1955 3524 2024 καιρῷ
3578 1971 3640 2007 τε
3699 1953 3810 2006 καὶ

2205 2054 2522 2125 πράγματι,
2567 2053 2666 2105 διτε
2706 2049 2804 2104 καὶ
2836 2049 2990 2119 φίλος
3021 2047 3100 2101 ῶν
3138 2048 3390 2119 ἄριστος,
3432 2045 3526 2098 καὶ
3562 2043 3674 2096 τῶν
3707 2039 3809 2093 ἐπ’

2203 2149 2378 2217 ἀρετῇ
2435 2145 2533 2198 καλ⁵
2585 2142 2811 2214 παιδείᾳ
2860 2141 3343 2212 λαμπρυνομένων
3388 2140 3486 2192 καὶ
3523 2138 3622 2206 τῆς
3658 2136 3809 2204 Χρι-

2206 2237 2442 2292 στιανῶν
2470 2235 2707 2296 πίστεως
2740 2235 3006 2303 διάπυρος
3039 2233 3299 2304 ἐραστής.
3333 2230 3424 2302 Τῷ
3449 2247 3532 2284 τοι
3573 2229 3670 2282 καὶ
3698 2229 3808 2296 τῆς

2209 2336 2342 2406 περὶ
2381 2336 2548 2389 αὐτὸν
2592 2334 2846 2402 ἑταιρίας
2893 2330 2994 2383 εἴτ’
3037 2329 3134 2382 οὖν
3191 2328 3412 2396 φιλίας,
3454 2324 3804 2394 σπουδαστὴς

2206 2427 2612 2499 ἀκριϐέστατος
2685 2423 3021 2496 ὲγνωρίζετο
3055 2461 3070 2486 ,
3146 2421 3411 2492 πατρίδος
3465 2418 3523 2471 δὲ
3603 2417 3808 2470 τούτου

2211 2522 2440 2591 μνήμην
2478 2520 2577 2574 καὶ
2612 2519 2773 2587 γένος
2831 2518 3009 2580 οὐδεὶς
3035 2515 3395 2585 ἀνάγραπτον
3419 2509 3804 2584 παραδέδωκε,

2207 2615 2351 2686 πλὴν
2387 2613 2620 2668 ὅτιτῶν
2670 2610 3021 2680 εὐπατριδῶν
3078 2608 3174 2662 καὶ
3227 2606 3488 2676 μεγάλων
3546 2603 3808 2672 ὑπῆρχεν

2206 2711 2235 2761 6
2261 2706 2740 2777 τρισμακάριστος
2763 2744 2780 2770 ,
2820 2703 2880 2768 ἒξ
2909 2701 3152 2771 εὐγενῶν
3192 2715 3254 2752 τε
3288 2700 3347 2752 τὸ
3402 2697 3560 2766 γένος
3604 2695 3806 2756 ἕλκων,

2212 2800 2310 2853 καὶ
2340 2800 2440 2868 τὴν
2467 2797 2728 2867 ἀνδρείαν
2762 2795 3162 2866 περίϐλεπτος,
3184 2791 3246 2856 ἐξ
3264 2785 3341 2845 ὧν
3370 2791 3468 2845 καὶ
3513 2789 3639 2843 τάδε
3673 2788 3810 2856 περὶ

2217 2890 2388 2946 αὐτοῦ
2423 2891 2876 2960 ἀναγέγραπται,
2919 2890 3003 2941 ὃτι
3033 2887 3146 2940 τῶν
3177 2885 3355 2954 ἁγίων
3394 2881 3667 2953 λειψάνων
3697 2880 3811 2932 τῶν

2211 2983 2306 3036 τοῦ
2334 2981 2577 3053 Χριστοῦ
2627 2981 2994 3047 Ἀποστόλων,
3033 2978 3286 3049 ’Δνδρέου
3317 2978 3464 3048 φημὶ
3498 2975 3593 3028 καὶ
3619 2973 3816 3027 Λουκᾶ

526 3072 622 3125 καὶ
668 3070 964 3140 Τιμοθέου,
1017 3071 1183 3132 αὐτὸς
1234 3073 1387 3124 ἐστιν
1423 3074 1451 3126 6
1486 3071 1588 3143 τὴν
1632 3071 1970 3144 ἀνακομιδὴν
2021 3071 2128 3127 ὐπδ
2185 3075 2578 3130 Κωνσταντίου
2624 3073 2963 3144 ποιήσασθαι
3015 3071 3358 3138 κελευσθεὶς,
3389 3070 3467 3135 ὡς
3495 3068 3635 3122 κατά
3680 3084 3811 3119 και-

531 3166 622 3238 ρὲν
661 3167 688 3216 6
720 3164 880 3230 λόγος
900 3164 1184 3232 γνωρίσει.

600 3253 688 3310 IV.
731 3255 868 3310 Cum
901 3270 1030 3325 ergo
1056 3266 1242 3310 essent
1272 3267 1383 3313 tres
1412 3264 1788 3331 imperatores,
1823 3277 1883 3322 ut
1905 3267 2107 3324 dictum

2287 3258 2362 3317 Δ’.
2417 3261 2508 3324 Ὠς
2546 3255 2640 3315 οὖν
2663 3261 2908 3330 εἴρηται,
2956 3259 3069 3311 τῶν
3104 3258 3373 3329 βασιλέων
3409 3260 3576 3330 τριῶν
3602 3275 3814 3328 τυγχα-

532 3357 632 3409 est,
666 3356 722 3401 et
749 3347 1126 3416 unusquisque
1148 3363 1336 3403 eorum
1364 3366 1476 3407 suae
1508 3355 1675 3424 partis
1701 3364 1911 3412 teneret
1939 3358 2116 3429 impe-

530 3440 693 3502 rium,
729 3438 938 3508 primus
958 3437 1353 3500 Constantinus
1380 3459 1410 3496 a
1434 3459 1532 3498 sua
1564 3457 1718 3515 parte
1749 3448 2038 3506 discedens
2062 3459 2116 3506 et

532 3531 704 3586 ultimi
742 3532 947 3597 fratris,
980 3549 1102 3604 qua:
1130 3535 1178 3588 ei
1224 3537 1517 3608 obtigerat,
1568 3549 1776 3609 partem
1816 3543 2113 3609 invadens,

533 3639 656 3679 cum
700 3624 792 3679 ille
848 3623 1075 3682 Romam
1123 3637 1269 3682 esset
1334 3631 1638 3701 profectus,
1697 3650 1988 3706 aggressus
2032 3650 2116 3694 est

533 3714 788 3784 quiddam
816 3717 1080 3789 injustum
1108 3719 1290 3776 facere
1317 3733 1509 3778 contra
1546 3724 1794 3792 fratrem,
1825 3731 2116 3799 ipsumque

533 3807 815 3862 absentem
860 3818 946 3863 est
993 3811 1339 3879 criminatus,
1389 3815 1534 3884 quod
1579 3831 1668 3872 res
1718 3833 1830 3873 non
1886 3819 2120 3874 fuissent

523 3910 689 3953 recto
715 3899 921 3966 divisae,
959 3911 1013 3956 et
1039 3903 1187 3972 quod
1220 3905 1457 3976 imperii,
1488 3908 1634 3976 quod
1664 3909 1730 3963 ad
1779 3910 1955 3980 ipsum
1991 3926 2114 3980 per-

539 3988 766 4053 tinebat,
793 4005 1042 4060 magnam
1069 3999 1278 4061 partem
1307 3993 1476 4048 frater
1500 4005 1839 4066 usurpasset.
1859 3997 2118 4068 Regionis

525 4086 718 4129 autem
766 4077 932 4132 duces
978 4089 1034 4134 et
1088 4083 1364 4144 custodes.
1423 4098 1561 4152 quos
1604 4084 1876 4139 Constans
1910 4088 2116 4141 consti-

528 4178 738 4234 tuerat,
771 4171 1028 4225 dixerunt
1053 4186 1112 4227 se
1143 4173 1279 4227 citra
1302 4174 1445 4228 illius
1479 4174 1810 4230 sententiam
1845 4186 1902 4230 et
1927 4179 2119 4232 volun-

524 4267 706 4314 tatem
739 4261 875 4315 nihil
917 4277 1076 4331 posse
1106 4265 1334 4318 omninu
1368 4279 1631 4321 movere:
1664 4274 1810 4320 esset
1835 4267 1981 4320 enim
2015 4267 2119 4322 im-

530 4350 709 4419 pium.
736 4350 832 4404 Ille
854 4362 1035 4405 autem
1063 4368 1121 4406 se
1145 4353 1328 4407 statim
1354 4362 1512 4423 parat
1537 4355 1606 4409 ad
1635 4355 1862 4419 bellum,
1895 4365 1950 4411 et
1970 4373 2119 4412 arma

539 4449 724 4492 movet
758 4439 1023 4495 adversus
1053 4457 1202 4504 eum,
1235 4444 1328 4509 qui
1363 4443 1565 4497 nullam
1595 4443 1804 4499 fecerat
1835 4445 2117 4516 iniuriam.

537 4529 695 4585 Cadit
725 4529 908 4600 itaque
933 4532 1329 4589 Constantinus
1362 4536 1417 4588 in
1450 4534 1590 4590 bello
1620 4551 1888 4607 pugnans,
1914 4548 1970 4593 et
1993 4556 2118 4609 par-

2220 3351 2448 3414 νόντων,
2480 3352 2576 3404 καὶ
2622 3352 2724 3420 τῆς
2767 3349 2936 3404 αὐτοῦ
2975 3351 3176 3420 μοίρας
3214 3351 3452 3404 ἑκάστου
3497 3353 3681 3403 αὐτῶν
3723 3352 3818 3420 βα-

2221 3443 2577 3507 σιλεύοντος,
2631 3447 2660 3498 6
2712 3445 2936 3515 πρῶτος
2985 3444 3171 3498 αὐτῶν
3223 3446 3645 3508 Κωνσταντῖνος
3713 3448 3816 3514 τῆς

2218 3537 2429 3600 οἰκείας
2497 3536 2719 3608 μερίδος
2778 3537 3128 3601 ἀπαναστὰς,
3198 3539 3296 3590 καὶ
3364 3539 3505 3608 πρὸς
3558 3539 3660 3608 τὴν
3710 3539 3814 3592 τοῦ

2219 3628 2453 3697 ἐσχάτου
2511 3625 2750 3695 ἁδελφοῦ
2801 3628 3163 3699 κληροδοσίαν
3211 3629 3555 3696 ἐπανελθὼν,
3597 3630 3815 3684 ἐκείνου

2221 3721 2358 3790 πρὸς
2393 3719 2491 3790 τὴν
2528 3719 2750 3790 Ῥώμην
2785 3720 3272 3790 ἀποδημήσαντος,
3303 3722 3582 3792 ἐπεχείρει
3617 3739 3668 3774 τι
3701 3724 3816 3777 τῶν

2219 3813 2426 3868 ἀδίκων
2459 3812 2604 3867 κατὰ
2632 3813 2727 3866 τοῦ
2754 3812 2994 3883 ἀδελφοῦ
3029 3814 3469 3885 διαπράξασθαι,
3509 3815 3606 3868 καὶ
3647 3816 3817 3868 αὑτὸν

2219 3906 2280 3958 οὺ
2313 3906 2561 3975 παρόντα
2587 3904 2889 3967 διίὸαλλεν,
2918 3907 2992 3968 ὡς
3015 3905 3078 3958 οὐ
3105 3906 3286 3969 καλῶς
3317 3907 3428 3961 τῶν
3462 3909 3816 3978 πραγμάτων

2219 3996 2667 4067 διανεμηθέντων
2693 4035 2708 4060 ,
2749 4002 2844 4049 καὶ
2871 3997 2954 4050 ὅτι
2999 3997 3256 4051 πλεῖστον
3305 4000 3477 4069 μέρος
3518 4001 3620 4070 τῆς
3661 4001 3814 4071 αὐτῷ

2223 4089 2612 4159 προσηκούσης
2641 4090 2817 4159 ἀρχῆς
2853 4089 3273 4159 ἐσφετερίσατο.
3303 4093 3368 4143 Ol
3398 4091 3456 4142 δὲ
3483 4091 3582 4160 τῆς
3627 4090 3814 4162 χώρας

2222 4180 2525 4251 στρατηγοί
2556 4197 2616 4234 τε
2641 4182 2737 4233 καὶ
2769 4179 3010 4249 φύλακες
3033 4221 3048 4248 ,
3097 4180 3190 4243 οὓς
3235 4183 3265 4234 6
3298 4181 3563 4244 Κώνστας
3602 4183 3813 4252 ἐχειρο-

2220 4271 2468 4340 τόνησεν,
2497 4270 2598 4323 οὐκ
2628 4269 2837 4338 ἔφασαν
2867 4270 3042 4338 χωρὶς
3087 4270 3188 4340 τῆς
3226 4271 3442 4325 ἐκείνου
3476 4269 3707 4342 γνώμης
3755 4287 3813 4322 τε

2223 4363 2318 4416 καὶ
2361 4361 2564 4432 βουλῆς
2588 4361 2858 4416 δύνασθαί
2889 4379 2943 4415 τι
2984 4363 3184 4434 μικρὸν
3217 4364 3251 4433 ἥ
3289 4365 3434 4432 μέγα
3473 4366 3811 4430 μετακινεῖν,

2222 4454 2439 4508 ἀνόσιον
2469 4453 2603 4524 γάρ,
2637 4455 2666 4506 6
2696 4454 2754 4506 δὲ
2792 4455 2998 4508 αὐτίκα
3036 4455 3174 4524 πρὸς
3207 4455 3450 4524 πόλεμον
3491 4457 3810 4518 ἀποδύεται,

2226 4549 2320 4598 καὶ
2351 4545 2493 4598 ὅπλα
2534 4547 2678 4599 κινεί
2717 4547 2861 4600 κατὰ
2892 4546 2987 4600 τοῦ
3021 4548 3187 4618 μηδὲν
3210 4549 3591 4619 ἀδικήσαντος.
3619 4549 3815 4601 [limat

541 4631 648 4676 tem
702 4623 941 4679 alienam
997 4626 1247 4696 cupiens,
1309 4641 1429 4682 eam
1480 4630 1642 4683 etiam
1698 4632 1900 4695 amisit,
1956 4648 2107 4702 quam

2233 4636 2404 4689 τοίνυν
2436 4629 2595 4700 οὗτος
2616 4639 2643 4690 6
2668 4615 3178 4702 vasuv'rivoeéx
3211 4637 3289 4709 τῷ
3316 4615 3539 4709 πολέμῳ
3574 4639 3819 4708 μαχόμε-

535 4712 681 4782 iuste
720 4713 1003 4769 ridebatur
1060 4727 1267 4772 tenere.
1322 4717 1482 4772 Unde
1518 4720 1684 4774 etiam
1721 4721 1842 4789 ejus
1893 4724 2125 4793 pepulus

537 4804 724 4860 deﬁcit
755 4805 820 4860 ad
847 4805 1225 4873 Constantem,
1256 4817 1310 4862 et
1344 4808 1397 4862 in
1429 4810 1574 4863 illius
1599 4813 1860 4882 redigitur
1887 4823 2126 4882 potesta-

542 4907 652 4949 tem
683 4896 972 4966 imperium
1003 4887 1334 4964 Occidentis,
1380 4917 1506 4955 cum
1545 4902 1612 4956 ad
1659 4901 1711 4956 id
1759 4903 1969 4956 nullum
2005 4914 2122 4958 stu-

541 4987 690 5042 dium
723 4990 1014 5059 posuisset,
1064 4992 1207 5046 Deus
1238 5008 1370 5046 vero
1403 4993 1459 5046 in
1487 4994 1636 5062 justa
1670 5003 1872 5048 statera
1902 4996 2122 5050 univero

541 5093 660 5132 sum
698 5080 1046 5149 iudicasset:
1083 5083 1175 5152 qui
1227 5085 1388 5137 etiam
1443 5099 1554 5138 non
1607 5100 1826 5138 movere
1866 5087 2128 5141 terminos

542 5177 780 5240 patrum,
833 5187 1012 5244 neque
1047 5174 1115 5229 de
1165 5176 1318 5230 sulco
1353 5177 1640 5246 propinqui
1697 5176 1902 5246 aliquid
1943 5179 2128 5232 detra-

546 5267 673 5316 here
721 5263 829 5318 lata
856 5265 972 5336 lege
1019 5267 1188 5321 semel
1220 5267 1526 5333 constituit,
1566 5283 1654 5333 ne,
1705 5269 1832 5322 dum
1883 5268 2132 5340 improbe

544 5372 603 5412 se
633 5359 772 5427 gerit
822 5360 948 5429 quis
981 5360 1033 5413 in
1072 5360 1463 5429 propinquum,
1502 5359 1823 5428 imprudens
1853 5362 2004 5431 justa
2037 5363 2130 5417 Dei

545 5463 624 5502 ira
654 5452 1068 5507 condenwetur.
1104 5450 1325 5506 Obtinet
1373 5467 1501 5522 ergo
1531 5454 1802 5508 Constans
1849 5455 2135 5524 imperium

2225 4745 2335 4792 νος,
2367 4729 2594 4799 καὶτῆς
2635 4729 2856 4799 μερίδος
2901 4730 3010 4783 τῶν
3054 4731 3358 4800 ἀλλοτρίων
3384 4730 3672 4800 ἐπιθυμῶν
3713 4748 3815 4782 καο

2225 4821 2380 4870 κεῖνα
2427 4811 2503 4872 ὧν
2562 4819 2741 4873 ἐδόκει
2792 4820 3029 4890 βεϐαίως
3077 4827 3328 4892 κρατεῖν,
3358 4821 3810 4892 προσαπώλεσεν.

2236 4909 2418 4962 Ἔνθεν
2448 4926 2530 4962 τοι
2581 4911 2676 4962 καὶ
2706 4913 2734 4963 6
2759 4911 2949 4964 τούτου
2994 4911 3121 4975 λαὸς
3175 4913 3335 4975 εὐθὺς
3366 4913 3657 4982 ἀποκρίνει
3685 4913 3820 4981 πρὸς

2223 4999 2579 5065 Κώνσταντα,
2629 5003 2723 5056 καὶ
2768 5003 2978 5069 γίνεται
3024 5004 3186 5074 ἠτῆ;
3224 5004 3496 5072 Ἐσπέρας
3545 5004 3688 5073 ἀρχὴ
3727 5001 3820 5054 ὑπ’

2229 5090 2445 5161 ἐκείνῳ,
2486 5093 2655 5161 μηδὲν
2685 5095 2810 5162 περὶ
2851 5095 3058 5165 ταύτης
3099 5097 3490 5159 σπουδάσαντι,
3533 5095 3626 5147 τοῦ
3674 5091 3812 5145 Θεοῦ

2229 5181 2286 5233 δὲ
2318 5183 2378 5235 16
2403 5184 2510 5234 πᾶν
2554 5185 2612 5235 ὲν
2647 5186 2873 5254 σταθμῷ
2908 5185 3106 5257 δικαίῳ
3139 5186 3488 5252 δικάσαντος,
3522 5187 3581 5249 ὃς
3619 5187 3712 5238 καὶ
3741 5186 3819 5256 μὴ

2231 5277 2402 5326 κινεῖν
2427 5275 2553 5345 ὅρια
2580 5276 2854 5347 πατέρων,
2889 5278 2966 5349 μὴ
2986 5278 3044 5331 δὲ
3071 5279 3170 5347 τῆς
3197 5279 3292 5331 τοῦ
3321 5279 3549 5349 πλησίον
3579 5277 3822 5339 αὖλακὸς

2232 5384 2285 5419 τι
2354 5369 2662 5437 παρασπᾷν
2736 5369 2884 5436 ἅπαξ
2954 5371 3417 5442 νενομοθέτηκεν,
3479 5371 3568 5425 ἶνα
3629 5370 3709 5440 μὴ
3750 5371 3825 5439 τῷ

2249 5458 2475 5527 πλησίον
2525 5461 2984 5530 πονηρευόμενος,
3045 5462 3225 5532 ἐαυτῷ
3286 5462 3422 5533 λάθῃ
3479 5465 3578 5533 τὴν
3606 5463 3823 5516 δικαίαν

617 5697 1051 5777 (ιγνί-ᾳοιίιοιη
1079 5701 1136 5754 S.
1177 5700 1332 5757 Lucae
1361 5715 1428 5756 ex
1471 5700 1839 5771 Metaphraste
1893 5703 1959 5758 ad
1998 5699 2061 5758 18
2097 5699 2317 5773 Octob.,
2360 5720 2482 5776 cap.
2520 5705 2593 5773 ὃς
2629 5661 2862 5776 Niceph.
2896 5706 2990 5762 lib.
3027 5722 3056 5760 χ
3099 5707 3265 5773 ωιτη
3299 5721 3421 5777 cap.
3473 5705 3530 5760 Η
3561 5722 3577 5770 ;
3621 5707 3821 5766 Baron.

546 5772 604 5828 in
635 5776 744 5823 uol.
779 5771 1006 5824 ibidem.
