4110 6446
326 375 468 439 1165

1469 374 1942 438 MARTYRIUM
1985 379 2047 441 S.
2096 381 2426 442 ARTEMII

3460 379 3598 448 1166

319 481 497 552 ὀργὴν
527 481 1070 554 καταψηφιζόμενος.
1091 482 1380 537 Βασιλεύει
1398 485 1580 537 τοίνυν
1603 488 1630 538 6
1655 486 1904 548 Κώνστας

2027 469 2191 545 totius
2211 489 2548 559 Occidentis,
2581 493 2716 551 duas
2749 503 2930 566 partes
2956 495 3012 550 in
3044 508 3206 550 unam
3238 491 3597 562 coniungens.

320 570 412 637 ἐφ’
447 569 580 638 ὅλης
623 573 723 640 τῆς
753 571 1014 641 ἑσπερίου
1045 573 1220 643 ἀρχῆς
1242 612 1258 638 ,
1297 575 1394 636 τάς
1425 573 1520 626 δύο
1549 573 1910 644 κληροδοσίας

319 665 403 725 εἰς
464 661 524 713 ἓν
586 662 855 733 συνάψας,
907 665 1002 718 καὶ
1063 667 1196 734 μίαν
1248 663 1425 736 ἀρχὴν
1477 665 1765 735 ἀμφότερα
1821 665 1910 717 θέ-

323 770 505 824 μενος.

391 843 468 898 E'.
511 847 588 898 Οὐ
626 845 795 910 πολὺς
834 847 961 919 ἐνῆν
1005 847 1228 919 καιρὸς,
1281 847 1372 901 καὶ
1437 850 1465 901 6
1515 847 1775 909 Κῶνστας
1826 847 1906 910 εἰς

320 937 549 1008 κώμους
617 939 715 993 καὶ
770 939 944 1010 μέθας
1002 940 1400 1004 ὲναποκλίνας,
1452 939 1549 993 καὶ
1583 939 1905 1001 ἀλλοκότους

320 1027 556 1098 ἔρωτας,
596 1029 858 1100 ῥᾳθύμως
884 1030 987 1102 τὴν
1017 1032 1147 1102 ὃλην
1190 1031 1367 1102 ἀρχὴν
1384 1031 1718 1095 διεπέττευε,
1772 1045 1901 1083 τοσ-

317 1121 478 1175 οῦτον
529 1121 809 1191 βασιλείας
843 1123 1074 1192 μέγεθος
1106 1122 1520 1194 ἐξορχούμενος.
1558 1119 1906 1176 Ἐπιϐουλεύ-

317 1229 439 1266 εται
469 1212 765 1284 τοιγαροῦν
789 1214 886 1266 καὶ
903 1214 1068 1278 αὐτὸς
1099 1215 1399 1286 παράτινρς
1419 1214 1528 1266 τῶν
1555 1211 1902 1282 στρατηγῶν,

320 1305 551 1374 ὀνόματι
577 1304 946 1372 Μαγνεντίου,
976 1306 1072 1359 καὶ
1107 1306 1248 1375 μετά
1276 1306 1375 1376 τῆς
1427 1305 1707 1375 βασιλείας
1733 1321 1906 1376 προσ-

316 1394 624 1448 απόλλυσιν
656 1397 753 1448 καὶ
782 1395 842 1448 τὸ
872 1394 996 1467 ζῇν.
1031 1396 1237 1450 Τούτου
1257 1396 1541 1462 πεσόντος,
1573 1399 1766 1468 κρατεῖ
1801 1396 1904 1464 τῆς

315 1487 493 1558 ἀρχῆς
518 1487 547 1540 6
577 1487 944 1556 Μαγνέντιος,
983 1489 1106 1559 μεθ’
1147 1483 1209 1544 οὗ
1249 1489 1350 1559 τῆς
1397 1490 1716 1560 τυραννίδος
1779 1507 1902 1543 συν-

318 1578 659 1633 επελάϐοντο
735 1580 1091 1644 Νεπωτιανὸς
1138 1583 1233 1636 καὶ
1293 1583 1653 1654 Βρεττανίων.
1716 1583 1902 1637 Ταῦτα

317 1668 508 1738 μαθὼν
537 1671 565 1724 6
597 1670 981 1734 Κωνστάντιος
1011 1673 1078 1725 ὲκ
1102 1672 1213 1726 τῶν
1241 1672 1342 1743 τῆς
1369 1673 1608 1743 ἀδελφῆς
1635 1673 1902 1744 γραμμά-

316 1779 448 1824 των,
513 1764 734 1833 ἀπάρας
786 1763 852 1818 ἐκ
912 1765 1014 1834 τῆς
1081 1767 1398 1838 Ἀνατολῆς,
1458 1767 1550 1822 καὶ
1606 1767 1744 1838 πρὸς
1798 1767 1899 1838 τὴν

2019 589 2073 632 et
2103 595 2166 634 ex
2203 583 2472 638 ambobus
2498 600 2667 640 unum
2702 585 2907 642 faciens
2933 587 3243 657 imperium.

2089 846 2150 899 ν.
2193 847 2309 902 Non
2340 851 2568 904 multum
2599 850 2905 910 intercessit
2939 853 3223 924 temporis,
3249 863 3304 909 et
3327 851 3597 909 Constans

2015 938 2079 990 ad
2113 943 2542 997 comessationes
2572 943 2854 1000 declinans
2880 954 2936 1000 et
2960 946 3274 1010 ebrietates,
3307 953 3360 998 et
3387 945 3596 998 alienos

2015 1041 2248 1090 amores,
2289 1029 2530 1098 segniter
2569 1030 2880 1086 universum
2903 1034 3125 1101 gerebat
3157 1031 3469 1101 imperium,
3495 1045 3596 1100 per

2016 1115 2196 1168 ludum
2225 1127 2279 1171 et
2299 1119 2642 1174 saltationem
2666 1131 2870 1176 tantam
2896 1123 3093 1178 molem
3125 1123 3424 1178 sustinens.
3451 1122 3594 1192 Ergo

2013 1205 2062 1258 ei
2095 1217 2358 1274 parantur
2388 1210 2596 1265 insidiae
2626 1228 2658 1266 a
2688 1214 2924 1283 quodam
2959 1215 3100 1270 duce
3147 1215 3438 1278 exercitus,
3487 1229 3594 1268 no~

2012 1298 2159 1354 mine
2187 1299 2516 1370 Magnentio,
2547 1313 2751 1359 etcum
2784 1306 3012 1377 imperio
3052 1309 3214 1363 simul
3246 1321 3464 1378 quoque
3505 1307 3591 1361 vi-

2013 1399 2120 1446 tam
2153 1393 2374 1449 amittit.
2418 1393 2554 1450 Cum
2608 1397 2654 1452 is
2686 1398 2995 1463 cecidisset,
3030 1399 3318 1468 imperium
3362 1407 3594 1468 occupat

2009 1479 2372 1550 Magnentius,
2404 1501 2528 1541 cum
2562 1503 2674 1558 quo
2703 1487 2866 1544 simul
2897 1489 3216 1545 invaserunt
3245 1489 3588 1562 tyrannidem

2007 1571 2346 1644 Nepotianus
2413 1587 2469 1633 et
2523 1579 2866 1637 Brettanion.
2927 1583 3053 1637 Haec
3106 1596 3230 1636 cum
3291 1580 3592 1648 accepisset

2008 1659 2362 1718 Constantius
2385 1681 2450 1720 ex
2476 1666 2673 1722 litteris
2693 1669 2898 1725 sororis
2927 1677 2981 1724 et
3013 1669 3081 1724 ab
3103 1668 3328 1724 Oriente
3348 1669 3591 1723 venisset

2008 1751 2075 1805 ad
2108 1751 2485 1818 Occidentem,
2517 1757 2659 1812 bello
2685 1773 2881 1812 manus
2901 1759 3142 1814 conserit
3174 1775 3296 1814 cum
3326 1759 3429 1813 illis
3455 1770 3506 1814 et
3533 1757 3587 1813 vi

336 1854 610 1924 Ἑσπέραν
658 1857 996 1927 γενόμενος,
1056 1859 1323 1912 συνάπτει
1376 1859 1514 1932 πρὸς
1556 1858 1904 1930 ἀμφοτέρους

2007 1841 2158 1904 vicit,
2191 1858 2315 1898 cum
2352 1845 2668 1900 Brettanion
2700 1845 2767 1900 ad
2804 1862 2927 1900 eum
2962 1847 3273 1901 defecisset.
3307 1845 3428 1912 Quo
3462 1847 3589 1915 qui-

319 1943 562 2018 πόλεμον
606 1948 700 2001 καὶ
749 1949 895 2002 κατὰ
948 1951 1156 2024 κράτος
1182 1953 1330 2024 νικᾷ,
1366 1953 1458 2006 τοῦ
1496 1953 1902 2024 Βρεττανίωνος

314 2041 457 2110 πρὸς
490 2041 656 2095 αὐτὸν
687 2041 1123 2111 ἀποκλίναντος,
1171 2045 1262 2097 ὅτε
1298 2045 1394 2098 καὶ
1429 2043 1491 2097 τὸ
1528 2045 1625 2096 τοῦ
1662 2044 1901 2116 σταυροῦ

313 2136 544 2204 σημεῖον
579 2134 837 2204 μέγιστόν
863 2152 922 2188 τε
953 2139 1048 2189 καὶ
1080 2136 1270 2200 δεινῶς
1319 2137 1556 2205 ὲκφανὲν
1599 2136 1768 2202 ἅπαν,
1825 2137 1903 2200 ὡς

313 2225 801 2296 ὑπεραστράπτειν
843 2228 921 2297 τῷ
966 2228 1405 2299 καταπληκτικῷ
1449 2227 1553 2296 τῆς
1599 2228 1798 2298 αίγλης
1839 2227 1904 2282 τὸ

314 2314 418 2384 τῆς
448 2315 669 2385 ἡμέρας
703 2315 821 2385 φῶς
851 2317 944 2369 ἐπὶ
984 2317 1095 2370 τῶν
1154 2316 1548 2388 Ἰεροσολύμων
1578 2316 1738 2388 ὤφθη
1774 2318 1902 2388 περὶ

317 2405 512 2476 τρίτην
563 2405 715 2478 ὥραν
766 2407 1006 2478 μάλιστα
1040 2409 1140 2478 τῆς
1181 2409 1398 2480 ἡμέρας
1423 2412 1522 2481 τῆς
1553 2409 1748 2480 ἑορτῆς
1800 2412 1903 2478 τῆς

310 2497 617 2568 λεγομένης
655 2499 1040 2570 Πεντηκοστῆς
1085 2501 1408 2569 ἑστηκυίας,
1437 2500 1626 2571 διῆκον
1654 2501 1763 2554 ἀπὸ
1805 2499 1899 2555 τοῦ

311 2590 556 2661 Κρανίου
587 2592 926 2662 καλουμένου
956 2593 1148 2656 τόπου,
1192 2593 1321 2662 ἄχρι
1353 2593 1447 2646 καὶ
1484 2593 1578 2646 τοῦ
1613 2593 1902 2658 Ἐλαιῶνος

313 2684 500 2754 ὅρους,
537 2683 661 2738 ὅθεν
693 2686 940 2757 ὑπῆρχεν
970 2685 997 2737 6
1021 2687 1214 2756 Σωτὴρ
1244 2686 1345 2757 τὴν
1375 2686 1648 2757 ἀνάληψιν
1671 2688 1904 2756 ποιησά-

315 2791 502 2844 μενος.
546 2778 756 2846 Κρστεί
791 2779 972 2830 τοίνυν
1010 2777 1110 2847 τῆς
1154 2777 1437 2847 βασιλείας
1495 2777 1901 2846 Κωνστάντιος,

312 2868 424 2920 τῶν
469 2868 564 2921 τοῦ
616 2871 858 2940 μεγάλου
909 2871 1328 2924 Κωνσταντίνου
1384 2871 1516 2925 υίῶν
1571 2873 1732 2943 μόνος
1765 2873 1901 2925 ὑπο-

310 2963 576 3032 λειφθείς.
616 2964 895 3027 Ἀτενίσας
926 2963 1017 3017 οὖν
1053 2965 1190 3035 πρὸς
1225 2965 1285 3018 τὸ
1317 2965 1417 3036 τῆς
1437 2965 1614 3036 ἀρχῆς
1645 2964 1900 3035 μέγεθος,

312 3055 410 3106 καὶ
448 3055 762 3122 ἰλιγγιάσας
802 3056 899 3108 ἅτε
929 3057 993 3127 δὴ
1034 3055 1323 3126 ἄνθρωπος
1353 3055 1452 3124 ὢν,
1503 3059 1599 3112 καὶ
1653 3060 1728 3132 μὴ
1761 3059 1899 3130 ἔχων

309 3150 404 3202 τ’ἰῖν
453 3154 516 3202 ἐκ
563 3149 658 3203 τοῦ
702 3150 895 3218 γένους
932 3150 1081 3219 αὐτῷ
1121 3149 1528 3214 συνασπίζοντα
1560 3165 1573 3179 ⁸
1604 3150 1728 3204 οὔτε
1784 3155 1896 3223 γάρ
1926 3192 1969 3250 c

310 3241 466 3312 αὐτῷ
495 3245 626 3304 παῖς
657 3242 924 3310 ἐγεγόνει,
960 3241 1086 3294 οὔτε
1121 3258 1204 3304 τις
1235 3243 1346 3296 τῶν
1373 3243 1622 3312 ἀδελφῶν
1675 3247 1900 3300 κατελέ-

310 3338 502 3390 λειπτο
532 3353 547 3368 °
587 3338 684 3390 καὶ
736 3337 924 3400 δείσας
961 3338 1037 3408 μή
1067 3355 1152 3402 τις
1179 3336 1329 3408 αὐτῷ
1359 3338 1522 3392 πάλιν
1554 3337 1899 3408 ἐπανασταίη

311 3430 601 3501 τύραννος,
669 3431 966 3484 σκέπτεται
1023 3431 1136 3483 τῶν
1196 3431 1476 3500 συγγενῶν
1531 3447 1654 3483 τινα
1709 3431 1898 3486 λαῦεῖν

315 3525 654 3595 σύγκληρον,
688 3525 782 3577 καὶ
809 3523 908 3594 τῆς
945 3523 1230 3594 βασιλείας
1263 3524 1640 3594 ὑπασπιστὴν,
1664 3525 1692 3577 δ
1715 3525 1780 3595 δὴ
1803 3527 1899 3578 καὶ

313 3616 613 3686 πεποίηκε,
648 3615 847 3669 Γάλλον
877 3615 968 3668 τὸν
1009 3614 1304 3668 Ἰουλιανοῠ
1359 3615 1588 3682 ἀδελφὺν
1641 3615 1898 3685 Καίσαρα

314 3709 694 3780 ποιησάμενος
727 3725 742 3740 ·
770 3707 994 3778 ἀνεψιὸς
1051 3707 1109 3760 δὲ
1166 3707 1306 3778 πρὸς
1369 3707 1575 3778 πατρὸς
1622 3707 1650 3759 6
1699 3707 1903 3770 Γάλλο;

316 3802 470 3872 αὑτῷ
505 3817 519 3831 ·
551 3801 935 3864 Κωνστάντιος
983 3799 1096 3870 γὰρ
1148 3803 1175 3853 ὁ
1219 3799 1427 3854 Γάλλου
1461 3799 1558 3853 καὶ
1603 3799 1900 3854 Ἰουλιανοῦ

315 3895 524 3966 πατὴρ,
593 3892 820 3961 ἀδελφὸς
879 3888 948 3964 ἦν
1004 3890 1422 3946 Κωνσταντίνου
1477 3890 1572 3944 τοῦ
1634 3891 1901 3960 μεγάλου.

316 3984 522 4039 Τοῦτον
549 3980 645 4039 οὖν
677 3986 734 4038 ὲν
760 3984 839 4056 τῷ
865 3983 1078 4055 Σιρμίῳ
1115 3984 1638 4055 προχειρισάμενος,
1667 3986 1908 4053 γυναῖκά

320 4095 381 4132 τε
421 4078 572 4148 αὐτῷ
615 4077 873 4146 ζεύγνυσι
918 4079 1018 4148 τὴν
1066 4075 1265 4130 ἑαυτοῦ
1313 4075 1553 4146 ἀδελφὴν
1602 4079 1900 4130 Κωνσταν-

315 4171 463 4234 τίαν,
499 4169 736 4233 πίστεως
767 4171 861 4223 καὶ
889 4169 1244 4242 βεὸαιότητος
1279 4168 1441 4240 χάριν
1463 4208 1481 4235 ,
1510 4168 1606 4223 καὶ
1633 4169 1901 4241 ἄρχοντας

315 4264 470 4335 αὺτῷ
497 4265 713 4319 δίδωσιν
745 4263 909 4326 αὐτὸς
943 4265 1295 4332 καταστήσας
1323 4278 1338 4292 ·
1371 4262 1434 4316 οὐ
1469 4263 1580 4334 γὰρ
1610 4263 1806 4333 ἐκείνῳ
1836 4283 1900 4334 γε

2006 1932 2130 1988 dem
2167 1942 2410 2006 tempore
2459 1938 2674 2007 signum
2708 1939 2886 1993 crucis
2928 1940 3246 2004 maximum,
3278 1948 3331 1994 et
3359 1939 3586 1993 mirifice

2004 2037 2296 2092 apparens,
2329 2025 2468 2079 adeo
2515 2036 2574 2080 ut
2610 2026 2916 2081 admirabili
2963 2026 3254 2094 splendore
3302 2033 3586 2094 superaret

2004 2115 2180 2169 lucem
2212 2117 2342 2179 diei,
2388 2117 2564 2171 visum
2601 2127 2685 2171 est
2733 2116 3121 2188 Hierosolymis
3170 2117 3317 2172 circa
3370 2116 3583 2170 tertiam

2004 2207 2196 2262 horam
2223 2208 2356 2273 diei,
2391 2225 2516 2264 cum
2549 2217 2697 2265 esset
2724 2210 2844 2266 dies
2869 2212 3062 2272 festus,
3089 2207 3183 2278 qui
3216 2208 3418 2264 dicitur
3442 2207 3587 2261 Pen.

2007 2310 2232 2366 tecoste,
2295 2304 2664 2373 pertingensa
2703 2303 2847 2370 loco,
2900 2304 2994 2373 qui
3043 2301 3250 2356 dicitur
3297 2299 3584 2365 Calvariae,

2003 2408 2176 2463 usque
2205 2393 2270 2447 ad
2304 2405 2545 2448 montem
2576 2395 2795 2461 Oliveti,
2823 2397 2967 2450 unde
2996 2395 3100 2450 fuit
3127 2403 3443 2465 assumptus
3484 2408 3586 2448 no-

2003 2494 2119 2540 ster
2171 2485 2445 2541 Salvator.
2505 2485 2796 2557 Imperium
2847 2500 2975 2558 ergo
3028 2495 3178 2540 tenet
3210 2485 3586 2549 Constantius,

2005 2579 2226 2633 relictus
2247 2579 2394 2633 solus
2420 2594 2485 2633 ex
2516 2579 2698 2649 magni
2728 2578 3072 2633 Constantini
3111 2577 3258 2632 ﬁliis.
3285 2576 3424 2632 Cum
3456 2593 3589 2648 ergo

2001 2671 2067 2725 ad
2101 2671 2312 2741 imperii
2347 2670 2782 2742 magnitudinem
2815 2671 3095 2726 deﬁxisset
3123 2671 3334 2732 oculos,
3364 2680 3419 2725 et
3452 2670 3586 2725 cali-

2002 2772 2202 2835 gasset,
2245 2771 2305 2817 ut
2345 2763 2437 2834 qui
2473 2773 2621 2818 esset
2647 2763 2832 2830 homo,
2877 2771 2931 2818 et
2981 2776 3091 2817 non
3125 2763 3356 2818 haberet
3393 2776 3459 2818 ex
3488 2777 3588 2818 suo

2002 2871 2225 2928 genere,
2257 2855 2349 2926 qui
2399 2871 2526 2910 eum
2555 2855 2879 2911 defenderet
2912 2855 3114 2928 (neque
3157 2857 3306 2911 enim
3334 2857 3386 2911 ei
3422 2863 3587 2911 natus

2001 2945 2181 3000 fuerat
2213 2944 2377 3005 ﬁlius,
2411 2960 2588 3014 neque
2612 2953 2950 3000 remanserat
2971 2944 3168 3015 aliquis
3191 2961 3256 3001 ex
3281 2944 3587 3013 fratribus),

2001 3047 2058 3093 et
2087 3039 2326 3102 timeret,
2357 3053 2429 3093 ne
2464 3036 2517 3091 in
2550 3051 2674 3092 eum
2706 3052 2896 3092 rursus
2931 3037 3127 3107 aliquis
3159 3037 3468 3108 insurgeret
3503 3049 3589 3109 ty-

2002 3148 2230 3196 rannus,
2262 3130 2453 3185 statuit
2490 3146 2554 3186 ex
2585 3130 2832 3201 cognatis
2866 3131 3102 3202 aliquem
3136 3131 3388 3200 accipere
3414 3132 3590 3188 cohe-

2004 3224 2214 3288 redem,
2251 3231 2306 3279 et
2339 3223 2554 3293 imperii
2607 3222 2954 3278 defensorem
2990 3240 3002 3276 :
3038 3223 3184 3292 quod
3233 3222 3402 3278 etiam
3435 3223 3586 3278 fecit.

1998 3317 2136 3372 Nam
2179 3333 2304 3371 cum
2331 3313 2546 3369 Gallum
2573 3314 2774 3369 Juliani
2806 3314 3038 3370 fratrem
3093 3313 3281 3370 Sirmti
3314 3314 3587 3371 Cmsarem

1998 3416 2240 3464 creasset
2272 3408 2414 3478 (erat
2469 3415 2652 3461 autem
2685 3407 2734 3462 ei
2773 3407 2957 3462 Gallus
2985 3409 3285 3477 patruelis:
3319 3407 3591 3463 Constan—

2000 3500 2107 3552 tius
2128 3498 2300 3561 enim,
2329 3497 2468 3551 Galli
2500 3505 2555 3551 et
2579 3497 2784 3551 Juliani
2808 3508 2981 3566 pater,
3010 3498 3179 3553 frater
3207 3498 3383 3554 fuerat
3404 3503 3586 3571 magni

1995 3588 2387 3659 Constantini),
2412 3587 2458 3642 ei
2485 3589 2577 3644 dat
2606 3605 2852 3652 uxorem,
2875 3604 3028 3644 suam
3051 3605 3296 3645 sororem
3319 3590 3591 3647 Constan-

2003 3684 2158 3748 tiam,
2192 3691 2254 3738 ut
2285 3699 2376 3738 res
2404 3692 2553 3737 esset
2583 3682 2798 3736 firmior
2829 3692 2883 3736 et
2927 3682 3160 3749 cautior,
3201 3692 3256 3738 et
3302 3683 3508 3752 praebet
3539 3685 3590 3738 ei

2001 3778 2374 3848 magistratus,
2403 3791 2540 3846 quos
2563 3777 2680 3846 ipse
2706 3774 3064 3830 constituerat
3111 3779 3245 3846 (non
3267 3777 3414 3832 enim
3439 3776 3592 3831 Gallo

2002 3871 2200 3926 licebat
2229 3869 2284 3923 id
2322 3869 2425 3924 sibi
2469 3883 2771 3930 assumere,
2801 3883 2928 3923 cum
2955 3878 3107 3924 esset
3140 3871 3367 3940 Caesar),
3400 3870 3592 3925 Domi-

2006 3962 2215 4017 tianum
2265 3960 2482 4031 quidem
2517 3968 2572 4013 et
2620 3958 2966 4012 Thalassium
3009 3958 3266 4014 emittens
3302 3959 3593 4029 praefectos

2007 4055 2328 4128 praetorios,
2366 4053 2629 4108 Montium
2661 4064 2843 4107 autem
2878 4053 3250 4124 imperatoriis
3281 4053 3591 4124 praeficiens

2009 4149 2338 4211 rationibus,
2365 4162 2529 4218 quem
2558 4144 2722 4201 etiam
2753 4146 2991 4202 solemus
3019 4161 3212 4201 vocare
3239 4156 3589 4218 quzestorem,

2009 4229 2065 4300 et
2090 4243 2251 4300 simul
2282 4257 2406 4297 eum
2435 4240 2602 4296 etiam
2639 4254 2845 4295 ornans
2872 4239 3079 4296 honore
3109 4239 3353 4298 Patricii.

314 4362 502 4429 ἀφεῖτο
555 4357 800 4430 Καίσαρι
853 4355 1004 4411 ὕντι·
1053 4355 1358 4411 Θαλάσσιον
1415 4354 1517 4426 μὲν
1566 4356 1898 4424 ἀποστείλας
1957 4360 2200 4432 ἔπαρχον
2221 4356 2599 4431 πραιτωρίων,
2645 4357 2880 4411 Μόντιον
2924 4356 2982 4410 δὲ
3013 4357 3108 4411 ἐπὶ
3154 4359 3264 4413 τῶν
3295 4361 3595 4432 βασιλικῶν

315 4449 692 4520 πραγμάτων,
725 4446 787 4500 ὃν
829 4448 927 4501 καὶ⁹
962 4445 1308 4516 κοιαίστωρα
1347 4446 1537 4499 καλεῖν
1569 4443 1712 4500 οἶδεν
1743 4449 1771 4501 6
1804 4447 1983 4518 λόγος,
2020 4449 2138 4522 ἃμα
2181 4452 2274 4505 καὶ
2303 4451 2596 4519 πατρίκιον
2630 4448 2823 4504 τοῦτον
2856 4452 3121 4522 τιμήσας.

393 4549 486 4615 ς’.
533 4546 592 4600 'O
620 4545 678 4598 δὲ
704 4544 905 4608 Γάλλος
929 4544 1006 4608 ὡς
1038 4543 1164 4597 τότε
1209 4542 1363 4614 παρά
1394 4543 1491 4597 τοῦ
1520 4545 1904 4599 Κωνσταντίου

2091 4547 2175 4602 Vl.
2237 4547 2425 4604 Gallus
2474 4557 2683 4612 autem,
2737 4557 2799 4604 ut
2850 4549 2943 4621 qui
2997 4558 3130 4606 tunc
3181 4565 3212 4606 α
3268 4551 3596 4608 Constantio

318 4638 597 4710 πεμφθεὶς
629 4640 722 4691 ἐπὶ
755 4638 852 4708 τῆς
882 4635 1079 4708 Ἐᾠας,
1113 4638 1293 4704 εἴχετο
1321 4635 1429 4688 τῶν
1452 4635 1814 4706 πραγμάτων,
1846 4637 1904 4689 ὃν

316 4730 523 4785 αὐτίκα
555 4729 821 4796 μαθόντες
845 4729 896 4780 οἱ
929 4729 1136 4798 Πέρσαι
1164 4725 1300 4796 πρὸς
1326 4726 1661 4796 Ἀντιόχειαν
1692 4728 1892 4795 ἀφικόιο

319 4841 510 4896 μενον,
551 4819 1020 4895 κατωρῤώδησαν,
1059 4821 1178 4873 νέον
1208 4836 1268 4872 τε
1311 4819 1475 4872 αὐτὸν
1506 4820 1602 4871 καὶ
1628 4819 1905 4889 θερμουρ-

318 4918 418 4986 γδν
440 4919 518 4981 εἰς
547 4918 616 4970 τὰ
646 4915 787 4988 ἔργα
824 4916 1146 4986 πυθόμενοι,
1174 4913 1271 4968 καὶ
1310 4912 1411 4966 οὐκ
1447 4911 1530 4966 ἔτι
1573 4913 1904 4983 ἐποιήσαντο

315 5011 420 5081 τὴν
457 5011 548 5063 ἐπὶ
579 5012 704 5075 τοὺς
742 5005 1049 5078 Ῥωμαίους
1082 5005 1350 5071 ἐξέλασιν,
1385 5006 1478 5058 καὶ
1529 5008 1557 5059 ό
1597 5004 1695 5074 μὲν
1734 5006 1790 5059 ὲν
1836 5007 1902 5076 τῇ

333 5103 638 5174 Ἀντιοχείᾳ
661 5102 758 5170 τῆς
793 5101 994 5170 Συρίας
1026 5096 1094 5170 ἦν
1127 5098 1203 5160 ὡς
1240 5097 1575 5168 δεδήλωται,
1608 5097 1902 5151 Κωνστάν-

316 5214 433 5260 τιος
469 5197 523 5249 δὲ
561 5200 616 5248 ὲν
645 5198 712 5268 τῇ
756 5195 997 5266 Ἑσπέρᾳ
1038 5194 1273 5262 καθίστη
1321 5191 1390 5245 τὰ
1433 5193 1760 5262 πράγματα,
1812 5193 1907 5245 καὶ

318 5288 444 5343 τότε
481 5289 546 5358 δὴ
594 5288 856 5358 μάλιστα,
912 5286 1171 5355 καθαρῶς
1217 5282 1495 5356 ἡσύχασεν
1526 5284 1560 5353 ἡ
1609 5282 1907 5353 Ῥωμαίων

319 5381 470 5452 ἀρχὴ
503 5383 640 5452 πρὸς
663 5383 990 5451 ἀμφοτέρων
1022 5377 1425 5448 φυλαττομένη.
1454 5377 1564 5430 Καὶ
1595 5375 1766 5429 ταῦτα
1809 5375 1909 5444 μὲν

321 5475 518 5529 τοῦτον
571 5475 697 5546 ἔσχε
754 5475 846 5526 τὸν
902 5474 1126 5543 τρόπον.
1173 5472 1233 5524 'O
1294 5471 1351 5524 δὲ
1402 5470 1638 5532 Γάλλος,
1675 5468 1772 5540 τὴν
1813 5466 1908 5521 τοῦ

321 5567 612 5637 Καίσαρος
663 5567 1087 5637 ἀμφιασάμενος
1137 5563 1484 5632 ἁλουργίδαρκ
1507 5564 1602 5614 καὶ
1651 5561 1751 5633 ἤδη
1801 5560 1911 5612 τῶν

322 5658 556 5727 πρώτων
577 5660 680 5728 τῆς
704 5657 982 5728 βασιλείας
1000 5657 1309 5727 ἀρξάμενος
1330 5654 1634 5708 ἐπιϐαίνειν
1658 5653 1906 5722 βαθμῶν,

317 5751 423 5805 οὐκ
447 5751 640 5819 ἔμενεν
672 5751 766 5804 ἐπὶ
804 5752 904 5821 τῆς
940 5750 1202 5818 τοιαύτης
1249 5746 1477 5816 γνώμης
1521 5746 1614 5798 καὶ
1648 5744 1906 5808 πίστεως,

325 5839 392 5913 ἧς
420 5845 558 5912 πρὸς
587 5844 678 5896 τὸν
707 5844 1090 5898 Κωνστάντιον
1124 5841 1442 5910 ἐποιήσατο,
1481 5835 1907 5906 βασιλικώτερον

2008 4639 2211 4694 missus
2245 4647 2394 4693 esset
2419 4638 2487 4691 ad
2517 4636 2824 4704 Orientem,
2849 4651 2971 4694 erat.
3022 4639 3266 4695 intentus
3306 4641 3474 4696 rebus
3499 4659 3596 4712 ge-

2009 4733 2218 4788 rendis.
2253 4731 2426 4798 Quem
2467 4747 2590 4786 cum
2640 4732 2878 4801 primum
2923 4735 3264 4802 accepissent
3292 4734 3473 4790 Persae
3500 4754 3592 4791 ve-

2007 4824 2160 4878 nisse
2193 4823 2563 4891 Antiochiam,
2599 4827 2796 4879 timore
2839 4833 2970 4880 sunt
3010 4827 3212 4892 allecti,
3262 4843 3388 4883 cum
3433 4829 3594 4884 audi-

2010 4909 2220 4964 vissent
2277 4926 2404 4966 cum
2448 4927 2568 4967 esse
2593 4913 2876 4981 juvenem,
2935 4922 2992 4970 et
3047 4915 3115 4968 ad
3177 4931 3268 4972 res
3322 4921 3591 4987 gerendas

2007 5014 2187 5054 acrem
2221 5010 2274 5054 et
2297 5001 2699 5066 vehementem,
2728 5018 2827 5057 nec
2863 5003 3113 5060 fecerunt
3131 5006 3368 5075 amplius
3393 5023 3588 5062 excur—

2009 5091 2219 5146 sionem
2261 5093 2313 5146 in
2358 5108 2518 5164 agros
2546 5095 2940 5149 Romanorum.
2975 5096 3043 5150 Et
3077 5097 3168 5151 ille
3217 5097 3436 5167 quidem
3473 5107 3591 5152 erat

2010 5183 2318 5238 Antiochiae
2363 5183 2553 5256 Syriae,
2610 5194 2671 5239 ut
2723 5194 3008 5242 ostensum
3065 5199 3183 5256 est;
3237 5189 3591 5246 Constantius

2009 5286 2194 5330 autem
2231 5291 2322 5332 res
2353 5277 2723 5334 constituebat
2760 5279 2816 5334 in
2845 5279 3143 5337 Occidente
3174 5300 3188 5336 :
3229 5295 3284 5338 et
3311 5293 3442 5339 tunc
3471 5294 3590 5341 erat

2011 5368 2248 5421 maxime
2279 5369 2529 5437 quietum
2582 5368 2950 5426 Romanorum
2997 5371 3309 5442 imperium,
3347 5383 3406 5428 ut
3441 5375 3591 5444 quod

2012 5461 2078 5514 ab
2097 5459 2342 5530 utrisque
2357 5461 2744 5517 custodiretur.
2768 5463 2837 5516 Et
2867 5464 2981 5519 haec
3004 5465 3223 5535 quidem
3243 5465 3405 5521 modo
3425 5467 3591 5521 modo

2014 5567 2074 5606 se
2114 5554 2406 5618 habebant.
2435 5551 2621 5607 Callus
2658 5563 2838 5608 autem
2878 5573 3002 5610 cum
3045 5557 3278 5615 Caasaris
3324 5561 3592 5614 induisset

2016 5659 2337 5712 purpuram,
2396 5654 2450 5697 et
2495 5645 2606 5714 jam
2687 5648 2947 5716 cmpisset
3025 5651 3326 5705 ascendere
3381 5652 3592 5719 primos

2015 5736 2214 5805 gradus
2255 5734 2488 5804 imperii,
2523 5751 2633 5790 non
2669 5739 2870 5793 mansit
2905 5741 2958 5793 in
3002 5742 3192 5795 eadem
3237 5743 3508 5796 sententia
3536 5752 3594 5798 ct

2017 5830 2140 5893 fide,
2167 5844 2328 5899 quam
2361 5828 2584 5882 dederat
2613 5830 2959 5899 Constantio,
2998 5835 3161 5890 nimis
3215 5851 3315 5904 pro
3357 5833 3592 5900 imperio
