4110 6480
322 433 469 502 1169

1463 443 1935 505 MARTYRlUM
1978 442 2042 503 S.
2088 440 2447 503 ARTEMII.

3466 429 3604 499 ll‘iO

318 553 425 622 τῆς
462 548 767 620 βασιλείας,
812 550 1107 607 ἰουλιανδν
1148 552 1243 609 τδν
1290 554 1525 622 ἀδελφὸν
1563 554 1660 608 τοῦ
1702 553 1910 607 Γάλλου

2022 551 2297 615 cietatem,
2326 551 2609 607 Julianum
2634 551 2859 606 fratrem
2905 550 3044 607 Galli
3073 564 3141 605 ex
3190 546 3338 604 lonia
3367 548 3603 603 accersi-

323 645 392 696 εκ
417 642 520 713 τῆς
563 642 769 708 Ἰωνίας
800 644 1306 716 μεταπεμψάμενος
1359 649 1419 701 ὲν
1449 650 1515 717 τῇ
1547 644 1915 709 Μεδιολάνων,

323 735 595 805 Καίσαρα
632 737 987 791 ἀναδείκνυσι
1014 776 1030 802 ,
1075 739 1171 793 καὶ
1207 738 1307 810 τὴν
1342 739 1583 810 ἀδελφὴν
1622 738 1775 810 αὐτῷ
1820 738 1919 807 τὴν

324 824 528 879 ἑαυτοῦ
594 825 819 894 Ἑλένην
873 828 956 891 είς
1001 827 1183 897 γάμον
1232 827 1453 891 ἐκδοὺς,
1508 826 1605 880 καὶ
1648 827 1720 880 τά
1748 825 1920 879 πιστὰ

333 916 474 985 πρὸς
506 916 671 971 αὐτὸν
702 918 1080 988 ποιησάμενον
1108 918 1303 973 τοῦτον
1340 920 1445 990 μὲν
1471 917 1784 989 ἐξέπεμψεν
1837 920 1920 981 είς

332 1008 433 1071 τὰς
462 1008 702 1073 Γαλλίας
725 1051 740 1075 ,
770 1009 995 1079 φύλακα
1022 1010 1127 1081 τῆς
1155 1012 1340 1066 tutas
1388 1012 1675 1082 βασιλείας
1720 1010 1920 1080 ἐσόμεν

330 1115 445 1165 νον,
476 1101 640 1163 αῢτὺς
659 1101 720 1155 δὲ
745 1102 825 1165 είς
860 1102 1159 1175 Ἰλλυριοὺς
1186 1103 1522 1174 ἀφικόμενος
1538 1107 1595 1158 ὲν
1615 1102 1692 1172 τῷ
1705 1103 1920 1176 Σιρμίῳ

326 1190 544 1259 διῆγεν.
584 1193 854 1258 Ἀκούσας
890 1194 949 1249 δὲ
984 1196 1068 1250 ὅτι
1096 1197 1146 1250 oi
1175 1196 1354 1268 πέραν
1386 1197 1606 1266 Ἴστρου
1642 1195 1919 1267 Βάρϐαροι

331 1283 624 1353 μέλλουσιν
645 1286 1066 1358 ἐπιστρατεύειν
1084 1291 1153 1360 τῇ
1183 1289 1472 1360 Ῥωμαίων
1500 1291 1669 1364 ἀρχῇ,
1697 1291 1921 1361 ἀπάρας

327 1375 441 1428 ἀπὸ
471 1375 569 1429 τοῦ
603 1378 836 1447 Σιρμίου
867 1380 944 1442 είς
996 1379 1092 1434 τὸν
1141 1382 1361 1451 Ἵστρον
1405 1382 1585 1451 διέϐη.
1633 1383 1747 1438 Καὶ
1779 1381 1920 1454 πρὸς

326 1466 469 1536 αὐτῇ
496 1468 564 1536 τῇ
611 1464 753 1538 ὄχθῃ
792 1467 991 1538 χρόνον
1015 1468 1122 1524 οὐκ
1162 1469 1346 1539 ὀλίγον
1387 1473 1644 1542 ποιήσας,
1693 1472 1818 1526 ἐπεὶ
1848 1471 1921 1526 τά

328 1557 443 1612 τῶν
473 1557 773 1629 βαρϐάρων
800 1562 1036 1631 ἠρεμεῖν
1065 1561 1350 1634 ἐμάνθανε
1380 1563 1550 1618 πάλιν
1581 1565 1876 1634 συνήματα
1897 1602 1915 1629 ,

330 1653 429 1705 ἰπὶ
457 1650 557 1724 τὴν
585 1652 813 1725 Θρᾴκην
838 1655 1075 1726 ἧλαυνεν
1104 1652 1287 1722 αὖθις.
1326 1656 1417 1723 Ὣς
1440 1657 1501 1714 δὲ
1533 1658 1596 1712 ἄν
1638 1658 1919 1730 Ὀδρυσοτς

331 1742 600 1814 ἐτύγχανε
630 1745 912 1814 γεγονὼς,
953 1747 1086 1804 ἔνθα
1121 1750 1279 1804 πόλιν
1324 1749 1528 1815 κτίσαςσ
1567 1751 1852 1822 Ἀδριανὸς
1890 1752 1920 1806 6

332 1836 594 1906 βασιλεὺς
621 1839 721 1908 τὴν
744 1838 942 1893 ἑαυτοῦ
1012 1841 1376 1897 καταλέλοιπε
1439 1843 1517 1914 τῷ
1557 1843 1710 1916 τόπῳ
1745 1859 1919 1914 προσ-

327 1926 584 1998 ηγορίαν,
608 1929 842 1983 ἐπύθετο
900 1930 1040 2002 πρός
1069 1949 1216 1996 τινος
1255 1933 1367 1989 τῶν
1402 1935 1919 2004 ἔπισκόπων,ὡςτά

333 2018 571 2089 σώματα
602 2021 711 2074 τῶν
738 2020 833 2075 τοῦ
867 2022 1112 2090 Χριστοῦ
1155 2024 1504 2093 ἀποστόλων,
1558 2026 1811 2099 Ἀνδρέου
1859 2043 1919 2082 τε

331 2117 431 2168 καὶ
492 2116 704 2180 Λουκᾶ,
758 2118 820 2170 ἐν
862 2118 1063 2190 Ἀχαΐᾳ
1114 2119 1443 2190 τεθαμμένα
1508 2121 1875 2191 τυγχάνουσιν
1902 2162 1918 2190 ,

339 2206 594 2277 ’Δνδρέου
627 2207 727 2278 μὲν
759 2212 819 2263 ἐν
857 2210 1106 2281 Πάτραις
1128 2251 1143 2277 ,
1176 2211 1367 2265 Λουκᾶ
1399 2210 1456 2264 δὲ
1489 2212 1549 2265 ἐν
1577 2211 1785 2282 Θήϐαις
1822 2212 1922 2281 τῆς

334 2299 627 2364 Βοιωτίας.
679 2302 771 2366 Ὦς
801 2299 894 2357 οὖν
924 2305 1165 2375 ἤκουσεν
1209 2308 1238 2358 6
1269 2304 1532 2375 βασιλεὺς
1561 2303 1734 2359 ταῦτα
1764 2306 1923 2360 Κων-

329 2392 608 2458 στάντιος,
650 2394 795 2466 ἥσθη
839 2411 904 2449 τε
955 2395 1033 2467 τῷ
1069 2396 1237 2468 λόγῳ,
1269 2397 1364 2451 καὶ
1407 2397 1651 2467 ὲπιμέγα
1695 2396 1919 2467 ἐϐόησε,

331 2482 433 2535 καὶ¹
483 2485 619 2554 πρὸς
687 2486 819 2549 τοὺς
903 2486 1186 2558 παρόντας
1257 2486 1417 2555 φησι,
1477 2486 1765 2541 Καλέσατέ
1829 2504 1920 2554 μοι

329 2575 426 2624 τὸν
456 2574 612 2641 φίλον
647 2576 939 2646 Ἀρτέμιον
968 2589 985 2606 ⁸
1031 2576 1130 2630 τοῦ
1160 2578 1220 2631 δὲ
1248 2579 1412 2648 τάχος
1443 2576 1919 2648 παραγενομένου,

329 2664 625 2736 Συγχαίρω
664 2682 769 2732 σοι,
801 2666 932 2738 ἔφη,
958 2667 1174 2739 ἀνδρῶν
1199 2669 1458 2724 ἁπάντων
1505 2670 1917 2738 θεοφιλέστατε.

334 2754 400 2807 '0
429 2754 484 2807 δὲ
507 2755 643 2827 πρὸς
684 2758 884 2812 αὐτόν’
916 2760 1027 2813 Καὶ
1050 2760 1170 2831 εἴης
1203 2778 1293 2832 μοι
1320 2761 1550 2832 χαίρων,
1596 2756 1643 2817 ὧ
1668 2762 1916 2832 βασιλεῦ,

323 2843 645 2909 διαπαντὸς,
695 2847 792 2899 καὶ
839 2847 913 2918 μή
945 2848 1079 2902 ποτέ
1115 2866 1177 2902 σε
1210 2850 1322 2903 τῶν
1348 2850 1615 2922 λυπηρῶν
1660 2870 1714 2906 τι
1751 2871 1920 2908 κατα-

321 2932 573 3003 λήψοιτο.
606 2937 716 2990 Καὶ
740 2940 770 2990 6
800 2936 1076 3008 βασιλεὺς,
1113 2942 1306 3010 Ζητεῖς
1342 2941 1402 2994 δέ
1431 2959 1487 2995 τι
1534 2944 1911 3013 χαριέστερον,

323 3018 372 3077 ὦ
402 3025 572 3094 φίλων
606 3027 822 3099 ἄριστε,
851 3029 951 3098 τῆς
982 3031 1095 3084 τῶν
1115 3033 1386 3101 σωμάτων
1413 3034 1525 3088 τῶν
1553 3036 1647 3089 τοῦ
1676 3036 1918 3107 Χριστοῦ

327 3118 647 3173 ἀποστόλων
678 3122 989 3190 εύρέσεως;
1038 3126 1134 3178 καὶ
1155 3127 1185 3179 6
1230 3127 1410 3196 μέγας
1444 3127 1736 3199 Ἀρτέμιος
1764 3146 1778 3159 ο
1824 3132 1919 3194 Τίς

2024 654 2137 700 tum
2169 647 2558 709 Mediolanum,
2586 656 2757 707 creat
2792 646 3101 712 Caesarem;
3157 657 3214 700 et
3266 658 3391 700 cum
3448 658 3602 698 suam

2019 752 2265 795 sororem
2298 738 2561 794 Helenam
2583 739 2636 794 ei
2657 739 2902 794 dedisset
2924 738 2983 793 in
3017 733 3607 800 matrimﬁumdide»

2019 847 2129 902 que
2167 831 2237 885 ab
2264 844 2332 886 eo
2369 841 2596 901 accepta
2627 830 2733 887 sibi
2759 831 3020 895 cavisset,
3049 844 3178 885 eum
3203 827 3427 898 quidem
3457 826 3607 883 misit

2021 922 2073 975 in
2122 918 2375 984 Galliam,
2409 919 2522 975 illic
2565 919 2811 975 futurum
2851 912 3135 978 custodem
3188 917 3423 988 imperii,
3488 915 3607 984 ipse

2019 1021 2205 1068 autem
2240 1009 2298 1065 in
2323 1010 2602 1083 lilyricum
2642 1010 2872 1067 veniens
2920 1010 3157 1083 degebat
3208 1006 3417 1065 Sirmii.
3465 1005 3604 1060 Cum

2020 1112 2206 1160 autem
2237 1104 2564 1169 audivisset,
2596 1104 2742 1173 quod
2772 1102 3023 1169 Barbari,
3050 1102 3145 1172 qui
3187 1100 3427 1173 agebant
3455 1107 3606 1154 trans

2022 1198 2354 1264 Danubium,
2381 1204 2570 1253 essent
2597 1197 2818 1251 ducturi
2867 1196 3172 1253 exercitum
3210 1202 3405 1251 contra
3438 1192 3607 1259 impe-

2021 1291 2165 1346 rium
2199 1288 2601 1356 Romanorum,
2650 1286 2856 1344 Sirmio
2896 1290 3183 1360 proiectos
3232 1286 3452 1342 transiit
3503 1287 3609 1341 Da—

2020 1382 2280 1439 nubium.
2314 1380 2452 1439 Cum
2501 1389 2689 1438 autem
2722 1380 2889 1451 longo
2925 1389 3173 1451 tempore
3202 1378 3279 1433 ibi
3315 1377 3509 1437 [uisset
3539 1379 3607 1432 ad

2021 1475 2196 1546 ipsam
2231 1474 2430 1546 ripam,
2472 1482 2528 1530 et
2573 1487 2768 1529 rursus
2798 1471 3161 1528 intellexisset
3202 1469 3606 1527 Barbarosnton

2020 1581 2147 1624 esse
2171 1581 2234 1623 se
2269 1567 2393 1623 loco
2430 1574 2700 1629 moturos,
2734 1559 3022 1635 profectus
3069 1572 3156 1618 est
3185 1563 3239 1616 in
3292 1562 3605 1616 Thraciam.

2021 1658 2319 1730 Postquam
2366 1673 2502 1714 vero
2528 1657 2631 1713 fuit
2686 1655 2831 1727 apud
2876 1654 3139 1727 ()drysos,
3186 1653 3278 1709 ubi
3312 1652 3607 1712 Adrianus.

2020 1756 2340 1807 constructa
2367 1746 2613 1813 civitate,
2645 1747 2713 1802 ei.
2732 1748 2869 1802 loco.
2900 1760 3053 1801 suam
3103 1743 3326 1814 reliquit
3371 1742 3613 1814 appella-

2021 1841 2257 1907 tionem,
2294 1838 2509 1895 audivit
2531 1854 2569 1895 ε
2612 1839 2853 1910 quodam
2881 1837 3168 1909 episcOpo,
3200 1835 3346 1907 quod
3379 1849 3609 1904 corpora

2023 1933 2229 1990 Christi
2283 1933 2662 2005 apostolorum
2747 1932 2985 1986 Andreae
3044 1941 3098 1986 et
3160 1929 3327 1986 Luca
3396 1928 3610 1998 sepulta

2021 2033 2187 2081 erant
2209 2024 2265 2079 in
2301 2025 2529 2089 Achaia,
2560 2023 2795 2079 Andrem
2826 2024 3048 2093 quidem
3084 2023 3280 2088 Patris,
3316 2023 3475 2077 Lucae
3507 2038 3608 2076 au-

2022 2124 2134 2171 tem
2187 2116 2398 2172 Thebis
2441 2116 2685 2171 Basotite.
2731 2114 3027 2185 Poanuam
3073 2123 3256 2168 autem
3317 2114 3612 2183 imperator

2026 2213 2142 2264 haec
2191 2208 2406 2263 audivit
2451 2207 2836 2272 Constantius,
2882 2216 3106 2277 propter
3162 2206 3216 2260 id
3268 2213 3349 2258 est
3400 2210 3613 2258 Ia-tatns

2023 2311 2079 2358 et
2104 2316 2304 2374 magna
2339 2314 2476 2357 voce
2514 2300 2794 2367 clamavit,
2823 2309 2879 2354 et
2914 2299 3002 2362 iis,
3021 2297 3116 2369 qui
3164 2298 3412 2363 aderant,
3437 2297 3609 2352 dixit:

2028 2394 2231 2450 Vocate
2280 2394 2418 2449 mihi
2464 2393 2694 2449 charum
2751 2392 3080 2446 Artemium.
3133 2392 3271 2445 Cum
3323 2390 3369 2444 is
3428 2397 3613 2445 autem

2023 2484 2433 2553 quamprimum
2463 2485 2709 2539 venisset
2740 2500 2755 2536 :
2789 2480 3052 2538 Gratulor
3082 2481 3202 2544 tibi,
3235 2480 3433 2549 inquit,
3467 2481 3615 2534 vimc-

2026 2596 2145 2637 rum
2172 2581 2418 2636 omnium
2451 2579 2898 2652 religiosissime,
2955 2587 3012 2633 et
3050 2592 3158 2631 una
3213 2586 3388 2633 tecum
3435 2576 3610 2631 imtor.

2025 2671 2119 2727 Ille
2152 2687 2285 2728 vero
2316 2672 2395 2728 illi
2423 2672 2565 2727 dixit
2604 2690 2618 2727 :
2649 2670 2785 2725 Mihi
2818 2678 3090 2740 perpetuo
3119 2668 3343 2732 laeteris,
3382 2684 3414 2722 ο
3437 2667 3615 2737 impe-

2027 2774 2195 2831 ratur,
2230 2780 2335 2820 nec
2375 2772 2428 2820 te
2459 2779 2702 2833 unquam
2757 2760 2965 2833 aliquid
3019 2761 3313 2816 molestum
3360 2774 3615 2830 compre-

2025 2858 2251 2912 hendat.
2314 2855 2618 2928 Imperator
2658 2864 2894 2911 autem:
2939 2853 3227 2921 Quaerisue
3281 2853 3530 2924 aliquid,
3579 2870 3613 2906 ο

2023 2952 2331 3006 amicorum
2389 2951 2615 3020 optimc,
2676 2950 2887 3020 gratius
2947 2964 3012 3004 ac
3059 2948 3364 3019 jucundius
3416 2948 3611 3001 inven-

2022 3044 2175 3098 tione
2238 3059 2532 3113 corporum
2593 3041 2800 3097 Christi
2863 3041 3237 3112 apostolorum
3270 3041 3295 3093 ?
3388 3038 3614 3108 Magnus

2025 3152 2153 3192 vero
2178 3137 2460 3191 Artemius
2504 3152 2517 3190 :
2555 3136 2823 3203 Quisnam
2855 3144 2950 3188 aut
2988 3133 3283 3194 undenam.
3323 3132 3524 3200 inquit,
3578 3149 3613 3183 o

332 3212 430 3264 καὶ
465 3211 664 3278 πόθεν,
700 3207 746 3267 ὦ
782 3214 1037 3279 δέσποτα,
1071 3220 1101 3270 ό
1122 3218 1314 3273 τοῦτον
1340 3222 1475 3290 ἡμῖν
1522 3222 1617 3274 τὸν
1644 3220 1917 3293 θησαυρὸν

2030 3227 2271 3291 domine,
2297 3237 2384 3281 est
2434 3226 2502 3288 is,
2536 3226 2627 3296 qui
2688 3225 2836 3279 hunc
2892 3224 3060 3278 hodie
3112 3224 3428 3277 thesaurum
3483 3236 3613 3290 ape-

323 3303 653 3372 φανερώσας
681 3305 783 3374 τὴν
813 3309 1088 3379 σήμερονς
1116 3313 1229 3366 Καὶ
1252 3315 1280 3366 6
1307 3314 1710 3377 Κωνστάντιοςο
1730 3317 1787 3368 '0
1814 3315 1914 3386 τῆς

338 3394 590 3462 Ἀχαΐας,
642 3396 773 3467 ἔφη,
815 3399 1140 3469 ἐπίσκοπος,
1193 3405 1223 3459 ό
1268 3404 1367 3459 νῦν
1396 3407 1677 3477 ἐφορεύων
1707 3410 1764 3462 ἐν
1804 3409 1918 3464 Πά-

325 3500 508 3555 τραις.
557 3488 700 3542 Ἀλλ’
731 3490 912 3558 ἄπιθι,
945 3493 1157 3564 ἀνδρῶν
1183 3496 1397 3566 ἄριστε,
1438 3499 1538 3550 καὶ
1563 3501 1626 3552 τὸ
1650 3500 1816 3569 τάχος
1857 3503 1915 3553 ὲν

327 3578 915 3638 Κωνσταντινουπόλει
984 3603 1078 3656 μοι
1136 3587 1241 3660 τὴν
1303 3590 1514 3645 τούτων
1568 3594 1912 3665 ἀνακομιδὴν

324 3671 580 3741 ποίησον.
654 3674 841 3730 Ταῦτα
898 3677 1144 3743 ἀκούσας
1200 3684 1354 3754 παρά
1404 3684 1501 3737 τοῦ
1564 3685 1834 3754 βασιλέως
1886 3690 1915 3742 ό

328 3764 530 3832 μέγας,
583 3767 689 3838 τὴν
731 3770 825 3823 ἐπὶ
873 3773 1002 3835 τοὺς
1057 3773 1398 3838 ἀποστόλους
1438 3777 1558 3831 ὁδὸν
1592 3780 1911 3850 ἐπορεύετο,

322 3858 392 3909 τα
420 3857 626 3913 τούτων
655 3861 1012 3932 ἀνακομίσων
1044 3865 1173 3933 ἅγια
1191 3866 1449 3937 λείψανα,
1480 3868 1519 3924 ἀ
1550 3870 1615 3940 δὴ
1648 3874 1743 3925 καὶ
1768 3874 1914 3943 μάλα

323 3951 649 4019 θαυμασίως
680 3954 1193 4026 ἀνακομισάμενος,
1241 3961 1302 4012 ιν
1331 3960 1410 4030 τῷ
1442 3965 1573 4032 παρ’
1604 3964 1775 4018 αὐτοῦ
1815 3966 1913 4021 τοῦ

330 4043 719 4101 Κωνσταντίου
751 4050 813 4102 ὲκ
835 4048 1056 4122 βάθρων
1088 4054 1502 4125 οἰκοδομηθέντι
1532 4058 1666 4126 ναῷ,
1703 4062 1801 4113 ἐπὶ
1822 4060 1913 4132 ’τῷ

324 4137 437 4190 τῶν
471 4139 791 4196 ἀποστόλων
813 4144 1064 4214 ὀνόματι,
1114 4150 1268 4218 παρὰ
1290 4149 1370 4218 τῷ
1406 4152 1500 4203 τοῦ
1532 4155 1735 4223 πατρὸς
1756 4155 1914 4226 τάφῳ

326 4230 506 4285 ταῦτα
548 4235 833 4299 κατέθετο,
891 4239 986 4291 καὶ
1019 4240 1191 4311 γέρας
1224 4257 1287 4310 γε
1332 4242 1482 4313 αὐτῷ
1521 4243 1624 4312 τῆς
1660 4245 1910 4317 λειτουρ-

328 4323 459 4389 γίας
490 4326 517 4376 6
541 4325 816 4393 βασιλεὺς,
847 4328 1150 4399 δεηθέντων
1181 4333 1292 4386 τῶν
1314 4335 1654 4402 ἐπισκόπων,
1678 4338 1778 4407 τὴν
1813 4340 1915 4409 τῆς

328 4416 613 4485 Αἰγύπτου
656 4422 933 4493 παρέσχεν
965 4425 1162 4494 ἀρχήν.
1201 4427 1458 4489 Τοιοῦτος
1511 4429 1612 4481 καὶ
1660 4432 1769 4501 πρδ
1802 4433 1913 4487 τῶν

328 4509 434 4578 τῆς
493 4515 805 4582 μαρτυρίας
860 4515 1092 4583 ἀγώνων
1148 4518 1397 4591 ὑπῆρχεν
1444 4521 1774 4592 Ἀρτέμιος,
1819 4527 1914 4578 καὶ

325 4603 472 4660 οὕτω
495 4607 649 4679 παρά
684 4610 852 4664 πᾶσιν
884 4613 1193 4682 αἰδέσιμος.

399 4698 476 4752 Θ’.
525 4701 855 4773 Ἐπορεύετο
907 4703 1006 4774 μὲν
1056 4706 1153 4758 οὖν
1196 4708 1224 4760 6
1259 4708 1435 4778 μέγας
1485 4710 1773 4780 Ἀρτέμιος
1818 4711 1919 4781 τὴν

324 4791 415 4843 ἐπ’
449 4792 754 4862 Αἴγυπτον,
781 4797 908 4868 ἄρτι
929 4798 1026 4868 τὴν
1060 4797 1153 4850 τοῦ
1177 4801 1371 4862 δουκὸς
1413 4801 1574 4865 ἀξίαν
1620 4804 1917 4873 περιϐαλόο

334 4902 518 4952 μενος.
569 4887 631 4941 Ὀ
657 4891 1045 4955 Κωνστάντιος
1073 4893 1127 4945 δὲ
1156 4892 1256 4962 τῆς
1280 4894 1918 4957 Κωνσταντινουπόλεως

325 4978 573 5050 ἀπάρας,
607 4982 709 5052 τὴν
753 4982 844 5035 ἐπὶ
878 4983 1078 5055 Συρίας
1107 4986 1349 5037 ἐποιεῖτο
1385 4986 1503 5039 ὁδὸν
1527 5027 1540 5050 ,
1573 4988 1670 5040 καὶ
1703 4987 1919 5055 φθάσας

328 5073 430 5143 τὴν
464 5073 835 5145 μεγαλόπολιν
891 5076 1264 5146 Ἀντιόχειαν,
1297 5077 1465 5132 αὐτοῦ
1499 5098 1601 5132 που
1635 5097 1913 5151 κατασκη-

328 5167 432 5228 vat,
454 5167 545 5219 τὸν
572 5166 707 5238 πρὸς
742 5168 868 5230 τοὺς
905 5170 1266 5237 Πέρσαςέτοι
1278 5171 1589 5241 μαξάμενος
1637 5171 1875 5240 πόλεμον
1901 5186 1915 5203 ·

327 5257 500 5312 αὐτοῦ
543 5260 601 5314 δὲ
663 5261 729 5330 τῇ
776 5261 932 5319 πόλει
981 5263 1425 5335 προσμένοντος,
1463 5263 1695 5333 ἀφίκετο
1734 5266 1918 5334 γράμ-

326 5369 479 5418 ματα
510 5352 648 5424 πρὸς
681 5354 848 5409 αὐτὸν
869 5395 884 5419 ,
933 5354 1204 5426 δηλοῦντα
1239 5357 1338 5428 τὴν
1378 5357 1673 5412 Ἰουλιανοῦ
1710 5360 1919 5413 ἐπανά-

327 5462 541 5503 στασιν.
578 5448 638 5500 '0
687 5446 798 5519 γὰρ
842 5450 1152 5516 Ἰουλιανὸς,
1193 5450 1266 5515 ὼς
1314 5451 1610 5519 δεδήλωταί
1665 5468 1753 5520 μοι
1812 5453 1919 5506 καὶ

330 5539 571 5610 πρόσθεν
596 5583 611 5604 ,
649 5544 742 5595 ἐπὶ
790 5545 1004 5615 φυλακῇ
1054 5545 1165 5597 τῶν
1205 5546 1510 5615 Ἐσπερίων
1544 5547 1623 5608 είς
1652 5547 1749 5608 τὰς
1782 5545 1920 5598 Γαλ-

326 5633 450 5698 λίας
479 5636 585 5688 ὑπὸ
605 5638 695 5689 τοῦ
720 5637 1098 5691 Κωνσταντὶου
1131 5639 1350 5709 Καῖσαρ
1373 5639 1736 5711 ἀποδειχθεὶς,
1753 5638 1918 5701 αὐτὸς

335 5727 621 5782 ἑπιπλεῖον
664 5729 721 5783 ἐν
757 5729 832 5799 τῷ
874 5730 969 5782 τοῦ
1026 5731 1308 5801 Καίσαρος
1352 5731 1595 5801 σχήματι
1643 5727 1784 5784 εἶναι
1837 5732 1917 5801 μὴ

330 5821 730 5894 ἀνασχόμενος,
766 5823 1005 5893 διάδημά
1048 5840 1107 5876 τε
1151 5823 1521 5896 περιτίθεται,
1556 5827 1649 5877 καὶ
1694 5822 1774 5895 τῷ
1815 5823 1918 5892 τῆς

335 5915 618 5987 βασιλείας
669 5917 859 5972 irath
927 5917 1251 5988 ἑπιφημίζει
1319 5918 1565 5988 ὀνόματι.
1656 5917 1813 5973 Ἐπεὶ
1858 5917 1914 5971 δὲ

1950 4603 2008 4659 υ.

2025 3321 2176 3377 ruit?
2212 3319 2571 3377 Constantius
2602 3328 2786 3373 autem
2819 3335 2833 3371 :
2882 3316 3122 3377 Achaiae,
3162 3314 3361 3384 inquit,
3390 3314 3611 3380 episco-

2024 3431 2150 3484 pus,
2187 3412 2282 3482 qui
2304 3428 2454 3467 nunc
2477 3410 2731 3480 praesidet
2763 3407 2962 3462 Patris.
3003 3406 3110 3460 Sed
3141 3406 3250 3469 abi,
3283 3421 3317 3457 ο
3366 3407 3609 3458 virorum

2023 3507 2326 3561 amicorum
2353 3504 2582 3573 optime.
2614 3511 2670 3557 et
2691 3516 2753 3554 ea
2772 3498 3181 3569 quamprimum
3210 3506 3435 3566 experta
3467 3496 3613 3551 Con-

2024 3596 2466 3665 stantinopolim.
2514 3595 2642 3648 llaec
2687 3607 2814 3648 cum
2873 3592 2943 3646 ab
2997 3592 3330 3661 imperatore
3378 3604 3616 3659 magnus

2022 3691 2267 3746 audisset
2301 3688 2606 3751 Artemius,
2637 3694 2789 3741 recte
2828 3685 2928 3741 ivit
2974 3684 3043 3739 ad
3078 3683 3384 3754 apostolos,
3415 3697 3612 3736 eorum

2022 3792 2253 3837 sanctas
2301 3780 2572 3835 allaturos
2628 3776 2912 3846 reliquias.
2979 3774 3127 3841 Quas
3205 3772 3439 3843 quidem.
3481 3787 3610 3826 eum

2023 3875 2179 3929 valde
2234 3871 2636 3928 admirabiliter
2677 3876 3044 3939 exportasset.
3098 3867 3154 3921 in
3174 3865 3417 3933 -templu,
3464 3863 3615 3934 quod

2022 3969 2091 4022 ab
2124 3968 2247 4036 ipso
2279 3965 2606 4022 Constantio
2651 3971 2992 4017 exstructum
3036 3972 3121 4014 est
3158 3974 3187 4012 a
3236 3957 3614 4012 fundamentis

2025 4060 2081 4115 in
2110 4059 2337 4114 nomine
2386 4056 2786 4128 apostolorum,
2847 4069 3018 4125 prope
3078 4053 3390 4123 sepulcrum
3443 4051 3613 4120 patris

2022 4170 2119 4210 eas
2168 4153 2443 4223 deposuit.
2504 4151 2565 4205 Ei
2619 4161 2800 4204 autem
2854 4151 2909 4202 in
2970 4149 3257 4218 praemium
3318 4145 3611 4201 ministerii

2023 4246 2173 4300 dedit
2209 4246 2529 4314 imperator.
2575 4241 2897 4312 rogantibus
2940 4238 3232 4309 episcOpis,
3267 4252 3470 4291 munus
3520 4250 3612 4289 rer-

2025 4338 2226 4393 ctionis
2258 4336 2496 4407 Egypti.
2530 4335 2677 4390 Talis
2710 4335 2811 4389 fuit
2836 4333 3116 4388 Artemius
3141 4331 3304 4385 etiam
3344 4338 3474 4384 ante
3493 4346 3612 4383 cer-

2028 4435 2233 4484 tamina
2270 4428 2542 4500 martyrii,
2580 4438 2634 4482 et
2668 4428 2807 4482 adeo
2840 4435 2959 4481 erat
3010 4424 3154 4496 apud
3202 4438 3399 4479 omnes
3450 4438 3615 4477 teuc-

2027 4525 2254 4580 nudus.

2098 4709 2190 4764 ΓΚ.
2220 4708 2403 4778 Atque
2433 4706 2888 4777 proﬁciscebatur
2931 4704 3154 4774 quidam
3198 4717 3434 4774 magnus
3462 4705 3615 4756 Arte.

2024 4805 2170 4858 mius
2200 4804 2253 4856 in
2293 4800 2609 4872 Egyptum,
2639 4798 2797 4855 ducis
2828 4798 2990 4853 modo
3023 4805 3278 4865 suscepta
3322 4795 3609 4865 dignitate.

2022 4895 2381 4950 Constantius
2415 4900 2599 4947 autem
2650 4889 2932 4962 profectus
2971 4887 3449 4958 Constantinopoli
3493 4898 3613 4941 ten-

2024 4991 2185 5044 debat
2214 4988 2267 5042 in
2301 4988 2509 5057 Syriam
2548 5002 2562 5040 ε
2601 4993 2653 5040 et
2685 4999 2810 5037 cum
2861 4984 2914 5037 in
2969 4997 3220 5051 magnam
3263 4983 3614 5049 pervenisset

2022 5080 2392 5143 Antiochiam,
2426 5079 2628 5133 ibi-lem
2662 5075 2774 5148 ﬁgit
2801 5075 3240 5133 tabernaculum,
3276 5074 3480 5128 bellum
3517 5091 3611 5143 pa-

2024 5193 2152 5233 rans
2180 5176 2445 5231 adversus
2476 5173 2690 5229 Persas.
2722 5171 2861 5226 Cum
2912 5170 2981 5225 ibi
3013 5178 3196 5224 autem
3252 5175 3505 5222 maneret
3554 5168 3606 5221 in

2022 5269 2264 5332 civitate,
2299 5274 2574 5322 venerunt
2602 5265 2669 5319 ad
2715 5279 2840 5317 eum
2876 5262 3093 5325 litterae,
3150 5260 3607 5317 insurrcctioncm

2021 5360 2223 5417 Iuliani
2252 5358 2645 5430 signiﬁcantes.
2696 5353 2951 5409 Julianus
2993 5352 3165 5418 enim,
3217 5362 3277 5407 ut
3317 5368 3346 5406 a
3380 5367 3469 5405 me
3495 5352 3605 5420 jam

2022 5466 2150 5511 ante
2183 5454 2285 5508 fuit
2331 5452 2691 5511 declaratum,
2739 5448 2807 5502 ad
2853 5448 3161 5503 custodiam
3197 5443 3510 5501 Occidentis
3552 5447 3609 5498 in

2022 5547 2195 5604 Gallia
2227 5546 2415 5600 Cmsar
2444 5553 2664 5599 creatus
2690 5558 2718 5595 a
2746 5538 3089 5601 Constantio,
3121 5552 3231 5592 non
3277 5537 3462 5591 ferens
3490 5552 3611 5590 aut.

2024 5642 2169 5712 plius
2200 5651 2322 5695 esse
2355 5638 2410 5691 in
2450 5637 2641 5691 habitu
2669 5634 2925 5695 Caesaris,
2953 5632 3131 5687 induit
3157 5630 3431 5686 diadema.
3460 5638 3515 5683 et
3548 5646 3609 5684 se

2024 5732 2269 5802 appellat
2296 5729 2523 5785 nomine
2552 5726 2922 5796 imperatoris.
2962 5725 3256 5793 Postquam
3279 5729 3464 5777 autem
3500 5721 3606 5777 sibi

2025 5821 2316 5892 imperium
2350 5804 2658 5889 usurpavit,
2688 5815 2832 5871 nihil
2866 5815 2978 5886 jam
3030 5827 3256 5883 parvum
3310 5812 3605 5883 cogitabat,

2027 5930 2206 5985 nequc
2238 5912 2516 5971 statuebat
2568 5909 2675 5967 sibi
2725 5908 2961 5980 amplius
3011 5922 3131 5964 esse
3189 5904 3602 5969 cunctandum;
