  <div class='ocr_page' id='page_1' title='image "/cluster/home/n/w/nwhite01/storage/ocr_20150623/115:no.2/coo.31924054870195/593.png"; bbox 0 0 4110 6438; ppageno 0'>
   <div class='ocr_carea' id='block_1_1' title="bbox 563 387 693 452">
    <p class='ocr_par' dir='ltr' id='par_1_1' title="bbox 563 387 693 452">
     <span class='ocr_line' id='line_1_1' title="bbox 563 387 693 452; baseline -0.023 0"><span class='ocrx_word' id='word_1_1' title='bbox 563 387 693 452; x_wconf 75' lang='grc'><strong>1171</strong></span> 
     </span>
    </p>
   </div>
   <div class='ocr_carea' id='block_1_2' title="bbox 1853 399 2536 468">
    <p class='ocr_par' dir='ltr' id='par_1_2' title="bbox 1853 399 2536 468">
     <span class='ocr_line' id='line_1_2' title="bbox 1853 399 2536 468; baseline 0.006 -6"><span class='ocrx_word' id='word_1_2' title='bbox 1853 401 2014 462; x_wconf 84' lang='grc' dir='ltr'><strong>ΜΕΝ</strong></span> <span class='ocrx_word' id='word_1_3' title='bbox 2020 400 2135 458; x_wconf 89' lang='lat' dir='ltr'><strong>SIS</strong></span> <span class='ocrx_word' id='word_1_4' title='bbox 2171 399 2536 468; x_wconf 83' lang='lat' dir='ltr'><strong>OCTOBER.</strong></span> 
     </span>
    </p>
   </div>
   <div class='ocr_carea' id='block_1_3' title="bbox 3691 407 3838 469">
    <p class='ocr_par' dir='ltr' id='par_1_3' title="bbox 3691 407 3838 469">
     <span class='ocr_line' id='line_1_3' title="bbox 3691 407 3838 469; baseline 0 0"><span class='ocrx_word' id='word_1_5' title='bbox 3691 407 3838 469; x_wconf 71' lang='lat'><strong>1172</strong></span> 
     </span>
    </p>
   </div>
   <div class='ocr_carea' id='block_1_4' title="bbox 560 481 2136 593">
    <p class='ocr_par' dir='ltr' id='par_1_4' title="bbox 560 481 2136 578">
     <span class='ocr_line' id='line_1_4' title="bbox 560 481 2136 578; baseline 0.01 -26"><span class='ocrx_word' id='word_1_6' title='bbox 560 501 658 554; x_wconf 88' lang='lat' dir='ltr'><strong>sed</strong></span> <span class='ocrx_word' id='word_1_7' title='bbox 692 503 884 555; x_wconf 85' lang='lat' dir='ltr'><strong>volens</strong></span> <span class='ocrx_word' id='word_1_8' title='bbox 928 519 980 555; x_wconf 80' lang='grc' dir='ltr'>,ιι</span> <span class='ocrx_word' id='word_1_9' title='bbox 1010 519 1162 558; x_wconf 88' lang='lat' dir='ltr'><strong>suam</strong></span> <span class='ocrx_word' id='word_1_10' title='bbox 1196 508 1445 577; x_wconf 77' lang='lat' dir='ltr'><strong>redigere</strong></span> <span class='ocrx_word' id='word_1_11' title='bbox 1471 481 1794 578; x_wconf 83' lang='lat' dir='ltr'><strong>potestatem</strong></span> <span class='ocrx_word' id='word_1_12' title='bbox 1834 521 2001 566; x_wconf 82' lang='lat' dir='ltr'><strong>totam</strong></span> <span class='ocrx_word' id='word_1_13' title='bbox 2033 512 2136 568; x_wconf 86' lang='lat' dir='ltr'><strong>Eu-</strong></span> 
     </span>
    </p>
   </div>
   <div class='ocr_carea' id='block_1_5' title="bbox 2238 481 3836 593">
    <p class='ocr_par' dir='ltr' id='par_1_5' title="bbox 2245 520 3836 593">
     <span class='ocr_line' id='line_1_5' title="bbox 2245 520 3836 593; baseline -0.003 -18"><span class='ocrx_word' id='word_1_14' title='bbox 2245 520 2574 575; x_wconf 76' lang='grc' dir='ltr'>ἀντελάϐετο</span> <span class='ocrx_word' id='word_1_15' title='bbox 2603 521 2717 574; x_wconf 84' lang='grc' dir='ltr'>τῶν</span> <span class='ocrx_word' id='word_1_16' title='bbox 2761 522 3130 590; x_wconf 81' lang='grc' dir='ltr'><strong>πραγμάτων,</strong></span> <span class='ocrx_word' id='word_1_17' title='bbox 3173 523 3273 575; x_wconf 86' lang='grc' dir='ltr'>οὐκ</span> <span class='ocrx_word' id='word_1_18' title='bbox 3309 520 3391 575; x_wconf 75' lang='grc' dir='ltr'>ἔτι</span> <span class='ocrx_word' id='word_1_19' title='bbox 3438 521 3640 593; x_wconf 76' lang='grc' dir='ltr'>μικρὸν</span> <span class='ocrx_word' id='word_1_20' title='bbox 3668 525 3836 577; x_wconf 69' lang='grc' dir='ltr'>οὐδὲν</span> 
     </span>
    </p>
   </div>
   <div class='ocr_carea' id='block_1_6' title="bbox 562 595 2136 672">
    <p class='ocr_par' dir='ltr' id='par_1_6' title="bbox 562 595 2136 672">
     <span class='ocr_line' id='line_1_6' title="bbox 562 595 2136 672; baseline 0.009 -28"><span class='ocrx_word' id='word_1_21' title='bbox 562 604 777 661; x_wconf 82' lang='lat' dir='ltr'><strong>repam,</strong></span> <span class='ocrx_word' id='word_1_22' title='bbox 807 608 928 662; x_wconf 68' lang='lat' dir='ltr'><strong>quae</strong></span> <span class='ocrx_word' id='word_1_23' title='bbox 971 595 1160 652; x_wconf 84' lang='lat' dir='ltr'><strong>obedit</strong></span> <span class='ocrx_word' id='word_1_24' title='bbox 1217 597 1500 663; x_wconf 76' lang='lat' dir='ltr'><strong>Romanis,</strong></span> <span class='ocrx_word' id='word_1_25' title='bbox 1554 604 1826 658; x_wconf 78' lang='lat' dir='ltr'><strong>instructo</strong></span> <span class='ocrx_word' id='word_1_26' title='bbox 1869 607 2136 672; x_wconf 74' lang='lat' dir='ltr'><strong>exercitu,</strong></span> 
     </span>
    </p>
   </div>
   <div class='ocr_carea' id='block_1_7' title="bbox 561 683 2138 758">
    <p class='ocr_par' dir='ltr' id='par_1_7' title="bbox 561 683 2138 758">
     <span class='ocr_line' id='line_1_7' title="bbox 561 683 2138 758; baseline 0.01 -20"><span class='ocrx_word' id='word_1_27' title='bbox 561 698 662 750; x_wconf 91' lang='lat' dir='ltr'><strong>per</strong></span> <span class='ocrx_word' id='word_1_28' title='bbox 706 683 1009 742; x_wconf 86' lang='lat' dir='ltr'><strong>Germanos</strong></span> <span class='ocrx_word' id='word_1_29' title='bbox 1066 691 1312 758; x_wconf 79' lang='lat' dir='ltr'><strong>perrexit</strong></span> <span class='ocrx_word' id='word_1_30' title='bbox 1378 693 1447 747; x_wconf 91' lang='lat' dir='ltr'><strong>ad</strong></span> <span class='ocrx_word' id='word_1_31' title='bbox 1509 693 1838 750; x_wconf 86' lang='lat' dir='ltr'><strong>Danubium.</strong></span> <span class='ocrx_word' id='word_1_32' title='bbox 1898 699 1968 752; x_wconf 88' lang='lat' dir='ltr'><strong>Et</strong></span> <span class='ocrx_word' id='word_1_33' title='bbox 2013 714 2138 753; x_wconf 91' lang='lat' dir='ltr'><strong>eum</strong></span> 
     </span>
    </p>
   </div>
   <div class='ocr_carea' id='block_1_8' title="bbox 562 775 2140 857">
    <p class='ocr_par' dir='ltr' id='par_1_8' title="bbox 562 775 2140 857">
     <span class='ocr_line' id='line_1_8' title="bbox 562 775 2140 857; baseline 0.011 -30"><span class='ocrx_word' id='word_1_34' title='bbox 562 775 899 831; x_wconf 87' lang='lat' dir='ltr'><strong>ulterioriem</strong></span> <span class='ocrx_word' id='word_1_35' title='bbox 931 779 1107 848; x_wconf 84' lang='lat' dir='ltr'><strong>ripam</strong></span> <span class='ocrx_word' id='word_1_36' title='bbox 1153 784 1636 852; x_wconf 88' lang='lat' dir='ltr'><strong>apprehendisset,</strong></span> <span class='ocrx_word' id='word_1_37' title='bbox 1669 804 1764 857; x_wconf 89' lang='lat' dir='ltr'><strong>per</strong></span> <span class='ocrx_word' id='word_1_38' title='bbox 1820 789 1938 843; x_wconf 85' lang='lat' dir='ltr'><strong>loca</strong></span> <span class='ocrx_word' id='word_1_39' title='bbox 1992 789 2140 845; x_wconf 89' lang='lat' dir='ltr'><strong>illius</strong></span> 
     </span>
    </p>
   </div>
   <div class='ocr_carea' id='block_1_9' title="bbox 560 868 2136 948">
    <p class='ocr_par' dir='ltr' id='par_1_9' title="bbox 560 868 2136 948">
     <span class='ocr_line' id='line_1_9' title="bbox 560 868 2136 948; baseline 0.01 -27"><span class='ocrx_word' id='word_1_40' title='bbox 560 868 800 923; x_wconf 80' lang='lat' dir='ltr'><strong>ducebat</strong></span> <span class='ocrx_word' id='word_1_41' title='bbox 830 871 1155 926; x_wconf 85' lang='lat' dir='ltr'><strong>exercitum.</strong></span> <span class='ocrx_word' id='word_1_42' title='bbox 1185 873 1384 930; x_wconf 90' lang='lat' dir='ltr'><strong>Latens</strong></span> <span class='ocrx_word' id='word_1_43' title='bbox 1416 892 1549 932; x_wconf 88' lang='lat' dir='ltr'><strong>vero</strong></span> <span class='ocrx_word' id='word_1_44' title='bbox 1590 879 1899 948; x_wconf 61' lang='lat' dir='ltr'><strong>praefectos,</strong></span> <span class='ocrx_word' id='word_1_45' title='bbox 1933 892 1989 935; x_wconf 89' lang='lat' dir='ltr'><strong>et</strong></span> <span class='ocrx_word' id='word_1_46' title='bbox 2018 879 2136 936; x_wconf 79' lang='lat' dir='ltr'><strong>Ita-</strong></span> 
     </span>
    </p>
   </div>
   <div class='ocr_carea' id='block_1_10' title="bbox 558 958 2137 1042">
    <p class='ocr_par' dir='ltr' id='par_1_10' title="bbox 558 958 2137 1042">
     <span class='ocr_line' id='line_1_10' title="bbox 558 958 2137 1042; baseline 0.01 -32"><span class='ocrx_word' id='word_1_47' title='bbox 558 959 644 1013; x_wconf 71' lang='lat' dir='ltr'><strong>lia:</strong></span> <span class='ocrx_word' id='word_1_48' title='bbox 671 958 937 1028; x_wconf 85' lang='lat' dir='ltr'><strong>Taurum,</strong></span> <span class='ocrx_word' id='word_1_49' title='bbox 977 963 1071 1032; x_wconf 89' lang='lat' dir='ltr'><strong>qui</strong></span> <span class='ocrx_word' id='word_1_50' title='bbox 1098 967 1417 1036; x_wconf 89' lang='lat' dir='ltr'><strong>vocabatur,</strong></span> <span class='ocrx_word' id='word_1_51' title='bbox 1445 981 1502 1027; x_wconf 90' lang='lat' dir='ltr'><strong>et</strong></span> <span class='ocrx_word' id='word_1_52' title='bbox 1531 972 1725 1042; x_wconf 83' lang='lat' dir='ltr'><strong>Illyrici</strong></span> <span class='ocrx_word' id='word_1_53' title='bbox 1770 971 2137 1038; x_wconf 74' lang='lat' dir='ltr'><strong>Florentium,</strong></span> 
     </span>
    </p>
   </div>
   <div class='ocr_carea' id='block_1_11' title="bbox 559 1055 2138 1126">
    <p class='ocr_par' dir='ltr' id='par_1_11' title="bbox 559 1055 2138 1126">
     <span class='ocr_line' id='line_1_11' title="bbox 559 1055 2138 1126; baseline 0.008 -20"><span class='ocrx_word' id='word_1_54' title='bbox 559 1059 846 1121; x_wconf 74' lang='lat' dir='ltr'><strong>postquam</strong></span> <span class='ocrx_word' id='word_1_55' title='bbox 873 1055 1028 1110; x_wconf 82' lang='lat' dir='ltr'><strong>venit</strong></span> <span class='ocrx_word' id='word_1_56' title='bbox 1077 1057 1147 1112; x_wconf 88' lang='lat' dir='ltr'><strong>ad</strong></span> <span class='ocrx_word' id='word_1_57' title='bbox 1196 1058 1444 1126; x_wconf 65' lang='lat' dir='ltr'><strong>Paeonas,</strong></span> <span class='ocrx_word' id='word_1_58' title='bbox 1489 1063 1764 1118; x_wconf 84' lang='lat' dir='ltr'><strong>transiens</strong></span> <span class='ocrx_word' id='word_1_59' title='bbox 1794 1064 1862 1118; x_wconf 85' lang='lat' dir='ltr'><strong>ad</strong></span> <span class='ocrx_word' id='word_1_60' title='bbox 1911 1064 2138 1119; x_wconf 85' lang='lat' dir='ltr'><strong>alteram</strong></span> 
     </span>
    </p>
   </div>
   <div class='ocr_carea' id='block_1_12' title="bbox 561 1144 2138 1225">
    <p class='ocr_par' dir='ltr' id='par_1_12' title="bbox 561 1144 2138 1225">
     <span class='ocr_line' id='line_1_12' title="bbox 561 1144 2138 1225; baseline 0.013 -33"><span class='ocrx_word' id='word_1_61' title='bbox 561 1151 769 1206; x_wconf 84' lang='lat' dir='ltr'><strong>partem</strong></span> <span class='ocrx_word' id='word_1_62' title='bbox 804 1144 980 1211; x_wconf 79' lang='lat' dir='ltr'><strong>fluvii,</strong></span> <span class='ocrx_word' id='word_1_63' title='bbox 1030 1149 1214 1203; x_wconf 83' lang='lat' dir='ltr'><strong>statim</strong></span> <span class='ocrx_word' id='word_1_64' title='bbox 1268 1159 1326 1205; x_wconf 91' lang='lat' dir='ltr'><strong>et</strong></span> <span class='ocrx_word' id='word_1_65' title='bbox 1377 1152 1692 1209; x_wconf 86' lang='lat' dir='ltr'><strong>universam</strong></span> <span class='ocrx_word' id='word_1_66' title='bbox 1743 1155 2014 1225; x_wconf 88' lang='lat' dir='ltr'><strong>Illyricam</strong></span> <span class='ocrx_word' id='word_1_67' title='bbox 2047 1166 2138 1211; x_wconf 87' lang='lat' dir='ltr'><strong>re-</strong></span> 
     </span>
    </p>
   </div>
   <div class='ocr_carea' id='block_1_13' title="bbox 558 1233 2141 1314">
    <p class='ocr_par' dir='ltr' id='par_1_13' title="bbox 558 1233 2141 1314">
     <span class='ocr_line' id='line_1_13' title="bbox 558 1233 2141 1314; baseline 0.008 -28"><span class='ocrx_word' id='word_1_68' title='bbox 558 1233 778 1303; x_wconf 74' lang='lat' dir='ltr'><strong>gionem</strong></span> <span class='ocrx_word' id='word_1_69' title='bbox 817 1237 876 1292; x_wconf 91' lang='lat' dir='ltr'><strong>in</strong></span> <span class='ocrx_word' id='word_1_70' title='bbox 909 1252 1062 1293; x_wconf 88' lang='lat' dir='ltr'><strong>suam</strong></span> <span class='ocrx_word' id='word_1_71' title='bbox 1093 1241 1308 1313; x_wconf 88' lang='lat' dir='ltr'><strong>redegit</strong></span> <span class='ocrx_word' id='word_1_72' title='bbox 1342 1251 1692 1314; x_wconf 88' lang='lat' dir='ltr'><strong>potestatem,</strong></span> <span class='ocrx_word' id='word_1_73' title='bbox 1717 1253 1774 1300; x_wconf 90' lang='lat' dir='ltr'><strong>et</strong></span> <span class='ocrx_word' id='word_1_74' title='bbox 1800 1243 2037 1311; x_wconf 90' lang='lat' dir='ltr'><strong>Italiam,</strong></span> <span class='ocrx_word' id='word_1_75' title='bbox 2082 1254 2141 1301; x_wconf 91' lang='lat' dir='ltr'><strong>et</strong></span> 
     </span>
    </p>
   </div>
   <div class='ocr_carea' id='block_1_14' title="bbox 560 1327 2132 1409">
    <p class='ocr_par' dir='ltr' id='par_1_14' title="bbox 560 1327 2132 1409">
     <span class='ocr_line' id='line_1_14' title="bbox 560 1327 2132 1409; baseline 0.01 -32"><span class='ocrx_word' id='word_1_76' title='bbox 560 1339 735 1395; x_wconf 88' lang='lat' dir='ltr'><strong>usque</strong></span> <span class='ocrx_word' id='word_1_77' title='bbox 769 1327 838 1383; x_wconf 91' lang='lat' dir='ltr'><strong>ad</strong></span> <span class='ocrx_word' id='word_1_78' title='bbox 865 1327 1149 1386; x_wconf 86' lang='lat' dir='ltr'><strong>Oceanum</strong></span> <span class='ocrx_word' id='word_1_79' title='bbox 1176 1333 1574 1392; x_wconf 81' lang='lat' dir='ltr'><strong>occidentalem</strong></span> <span class='ocrx_word' id='word_1_80' title='bbox 1605 1337 1895 1393; x_wconf 88' lang='lat' dir='ltr'><strong>universas</strong></span> <span class='ocrx_word' id='word_1_81' title='bbox 1923 1344 2132 1409; x_wconf 78' lang='lat' dir='ltr'><strong>gentes,</strong></span> 
     </span>
    </p>
   </div>
   <div class='ocr_carea' id='block_1_15' title="bbox 557 1423 1531 1494">
    <p class='ocr_par' dir='ltr' id='par_1_15' title="bbox 557 1423 1531 1494">
     <span class='ocr_line' id='line_1_15' title="bbox 557 1423 1531 1494; baseline 0.016 -26"><span class='ocrx_word' id='word_1_82' title='bbox 557 1433 679 1486; x_wconf 72' lang='lat' dir='ltr'><strong>quae</strong></span> <span class='ocrx_word' id='word_1_83' title='bbox 701 1430 864 1477; x_wconf 86' lang='lat' dir='ltr'><strong>erant</strong></span> <span class='ocrx_word' id='word_1_84' title='bbox 889 1423 1104 1494; x_wconf 88' lang='lat' dir='ltr'><strong>imperii</strong></span> <span class='ocrx_word' id='word_1_85' title='bbox 1135 1423 1531 1484; x_wconf 82' lang='lat' dir='ltr'><strong>Romanorum.</strong></span> 
     </span>
    </p>
   </div>
   <div class='ocr_carea' id='block_1_16' title="bbox 629 1682 2140 1767">
    <p class='ocr_par' dir='ltr' id='par_1_16' title="bbox 629 1682 2140 1767">
     <span class='ocr_line' id='line_1_16' title="bbox 629 1682 2140 1767; baseline 0.015 -29"><span class='ocrx_word' id='word_1_86' title='bbox 629 1682 697 1738; x_wconf 78' lang='grc' dir='ltr'>Χ.</span> <span class='ocrx_word' id='word_1_87' title='bbox 738 1685 1098 1744; x_wconf 80' lang='lat' dir='ltr'><strong>Constantius</strong></span> <span class='ocrx_word' id='word_1_88' title='bbox 1120 1701 1304 1748; x_wconf 90' lang='lat' dir='ltr'><strong>autem</strong></span> <span class='ocrx_word' id='word_1_89' title='bbox 1334 1709 1458 1749; x_wconf 93' lang='lat' dir='ltr'><strong>cum</strong></span> <span class='ocrx_word' id='word_1_90' title='bbox 1488 1698 1608 1754; x_wconf 65' lang='lat' dir='ltr'><strong>haec</strong></span> <span class='ocrx_word' id='word_1_91' title='bbox 1663 1701 1986 1767; x_wconf 83' lang='lat' dir='ltr'><strong>audivisset,</strong></span> <span class='ocrx_word' id='word_1_92' title='bbox 2036 1705 2140 1760; x_wconf 80' lang='lat' dir='ltr'><strong>fuit</strong></span> 
     </span>
    </p>
   </div>
   <div class='ocr_carea' id='block_1_17' title="bbox 557 1775 2139 1854">
    <p class='ocr_par' dir='ltr' id='par_1_17' title="bbox 557 1775 2139 1854">
     <span class='ocr_line' id='line_1_17' title="bbox 557 1775 2139 1854; baseline 0.016 -26"><span class='ocrx_word' id='word_1_93' title='bbox 557 1775 943 1841; x_wconf 87' lang='lat' dir='ltr'><strong>conturbatus,</strong></span> <span class='ocrx_word' id='word_1_94' title='bbox 983 1789 1042 1834; x_wconf 87' lang='lat' dir='ltr'><strong>ut</strong></span> <span class='ocrx_word' id='word_1_95' title='bbox 1077 1792 1161 1836; x_wconf 90' lang='lat' dir='ltr'><strong>est</strong></span> <span class='ocrx_word' id='word_1_96' title='bbox 1191 1795 1646 1854; x_wconf 84' lang='lat' dir='ltr'><strong>consentaneum,</strong></span> <span class='ocrx_word' id='word_1_97' title='bbox 1680 1801 1736 1847; x_wconf 90' lang='lat' dir='ltr'><strong>et</strong></span> <span class='ocrx_word' id='word_1_98' title='bbox 1773 1793 1843 1848; x_wconf 91' lang='lat' dir='ltr'><strong>de</strong></span> <span class='ocrx_word' id='word_1_99' title='bbox 1869 1794 2139 1852; x_wconf 86' lang='lat' dir='ltr'><strong>Constan-</strong></span> 
     </span>
    </p>
   </div>
   <div class='ocr_carea' id='block_1_18' title="bbox 558 1855 2211 1949">
    <p class='ocr_par' dir='ltr' id='par_1_18' title="bbox 558 1855 2211 1949">
     <span class='ocr_line' id='line_1_18' title="bbox 558 1855 2211 1949; baseline 0.016 -32"><span class='ocrx_word' id='word_1_100' title='bbox 558 1865 782 1934; x_wconf 90' lang='lat' dir='ltr'><strong>tiuopoli</strong></span> <span class='ocrx_word' id='word_1_101' title='bbox 811 1868 1099 1926; x_wconf 78' lang='lat' dir='ltr'><strong>admodum</strong></span> <span class='ocrx_word' id='word_1_102' title='bbox 1131 1873 1370 1942; x_wconf 91' lang='lat' dir='ltr'><strong>timens,</strong></span> <span class='ocrx_word' id='word_1_103' title='bbox 1415 1894 1486 1931; x_wconf 86' lang='lat' dir='ltr'><strong>ne</strong></span> <span class='ocrx_word' id='word_1_104' title='bbox 1521 1881 1669 1949; x_wconf 91' lang='lat' dir='ltr'><strong>quod</strong></span> <span class='ocrx_word' id='word_1_105' title='bbox 1707 1882 1798 1938; x_wconf 90' lang='lat' dir='ltr'><strong>ille</strong></span> <span class='ocrx_word' id='word_1_106' title='bbox 1829 1885 2014 1942; x_wconf 88' lang='lat' dir='ltr'><strong>animo</strong></span> <span class='ocrx_word' id='word_1_107' title='bbox 2040 1903 2135 1942; x_wconf 79' lang='grc' dir='ltr'>ω-</span> <span class='ocrx_word' id='word_1_108' title='bbox 2169 1855 2211 1912; x_wconf 70' lang='grc' dir='ltr'><strong>Β</strong></span> 
     </span>
    </p>
   </div>
   <div class='ocr_carea' id='block_1_19' title="bbox 556 1954 2132 2045">
    <p class='ocr_par' dir='ltr' id='par_1_19' title="bbox 556 1954 2132 2045">
     <span class='ocr_line' id='line_1_19' title="bbox 556 1954 2132 2045; baseline 0.018 -39"><span class='ocrx_word' id='word_1_109' title='bbox 556 1954 783 2023; x_wconf 86' lang='lat' dir='ltr'><strong>gitabat,</strong></span> <span class='ocrx_word' id='word_1_110' title='bbox 815 1973 934 2016; x_wconf 90' lang='lat' dir='ltr'><strong>eam</strong></span> <span class='ocrx_word' id='word_1_111' title='bbox 985 1963 1136 2029; x_wconf 90' lang='lat' dir='ltr'><strong>prior</strong></span> <span class='ocrx_word' id='word_1_112' title='bbox 1165 1964 1220 2018; x_wconf 90' lang='lat' dir='ltr'><strong>in</strong></span> <span class='ocrx_word' id='word_1_113' title='bbox 1267 1981 1423 2022; x_wconf 87' lang='lat' dir='ltr'><strong>suam</strong></span> <span class='ocrx_word' id='word_1_114' title='bbox 1473 1971 1748 2042; x_wconf 76' lang='lat' dir='ltr'><strong>redigeret</strong></span> <span class='ocrx_word' id='word_1_115' title='bbox 1786 1984 2132 2045; x_wconf 79' lang='lat' dir='ltr'><strong>potestatem,</strong></span> 
     </span>
    </p>
   </div>
   <div class='ocr_carea' id='block_1_20' title="bbox 554 2048 2136 2134">
    <p class='ocr_par' dir='ltr' id='par_1_20' title="bbox 554 2048 2136 2134">
     <span class='ocr_line' id='line_1_20' title="bbox 554 2048 2136 2134; baseline 0.016 -36"><span class='ocrx_word' id='word_1_116' title='bbox 554 2059 675 2100; x_wconf 89' lang='lat' dir='ltr'><strong>eam</strong></span> <span class='ocrx_word' id='word_1_117' title='bbox 709 2048 841 2104; x_wconf 86' lang='lat' dir='ltr'><strong>totis</strong></span> <span class='ocrx_word' id='word_1_118' title='bbox 868 2051 1078 2108; x_wconf 88' lang='lat' dir='ltr'><strong>viribus</strong></span> <span class='ocrx_word' id='word_1_119' title='bbox 1119 2055 1415 2113; x_wconf 76' lang='lat' dir='ltr'><strong>festinabat</strong></span> <span class='ocrx_word' id='word_1_120' title='bbox 1456 2077 1864 2134; x_wconf 70' lang='lat' dir='ltr'><strong>prmoccupare.</strong></span> <span class='ocrx_word' id='word_1_121' title='bbox 1909 2067 2136 2123; x_wconf 88' lang='lat' dir='ltr'><strong>Interim</strong></span> 
     </span>
    </p>
   </div>
   <div class='ocr_carea' id='block_1_21' title="bbox 556 2139 2136 2224">
    <p class='ocr_par' dir='ltr' id='par_1_21' title="bbox 556 2139 2136 2224">
     <span class='ocr_line' id='line_1_21' title="bbox 556 2139 2136 2224; baseline 0.016 -36"><span class='ocrx_word' id='word_1_122' title='bbox 556 2145 742 2191; x_wconf 88' lang='lat' dir='ltr'><strong>autem</strong></span> <span class='ocrx_word' id='word_1_123' title='bbox 782 2139 912 2193; x_wconf 89' lang='lat' dir='ltr'><strong>dum</strong></span> <span class='ocrx_word' id='word_1_124' title='bbox 949 2143 1018 2197; x_wconf 89' lang='lat' dir='ltr'><strong>ab</strong></span> <span class='ocrx_word' id='word_1_125' title='bbox 1047 2159 1115 2199; x_wconf 91' lang='lat' dir='ltr'><strong>eo</strong></span> <span class='ocrx_word' id='word_1_126' title='bbox 1147 2147 1505 2217; x_wconf 82' lang='lat' dir='ltr'><strong>colligebatur</strong></span> <span class='ocrx_word' id='word_1_127' title='bbox 1530 2155 1829 2219; x_wconf 76' lang='lat' dir='ltr'><strong>exercitus,</strong></span> <span class='ocrx_word' id='word_1_128' title='bbox 1857 2155 2136 2224; x_wconf 89' lang='lat' dir='ltr'><strong>dispersus</strong></span> 
     </span>
    </p>
   </div>
   <div class='ocr_carea' id='block_1_22' title="bbox 556 2230 2134 2313">
    <p class='ocr_par' dir='ltr' id='par_1_22' title="bbox 556 2230 2134 2313">
     <span class='ocr_line' id='line_1_22' title="bbox 556 2230 2134 2313; baseline 0.016 -33"><span class='ocrx_word' id='word_1_129' title='bbox 556 2244 656 2298; x_wconf 88' lang='lat' dir='ltr'><strong>per</strong></span> <span class='ocrx_word' id='word_1_130' title='bbox 687 2230 944 2290; x_wconf 84' lang='lat' dir='ltr'><strong>civitates</strong></span> <span class='ocrx_word' id='word_1_131' title='bbox 998 2233 1264 2304; x_wconf 89' lang='lat' dir='ltr'><strong>Orientis,</strong></span> <span class='ocrx_word' id='word_1_132' title='bbox 1303 2251 1358 2294; x_wconf 91' lang='lat' dir='ltr'><strong>et</strong></span> <span class='ocrx_word' id='word_1_133' title='bbox 1403 2256 1464 2296; x_wconf 90' lang='lat' dir='ltr'><strong>se</strong></span> <span class='ocrx_word' id='word_1_134' title='bbox 1533 2245 1762 2313; x_wconf 85' lang='lat' dir='ltr'><strong>parabat</strong></span> <span class='ocrx_word' id='word_1_135' title='bbox 1809 2248 1877 2303; x_wconf 90' lang='lat' dir='ltr'><strong>ad</strong></span> <span class='ocrx_word' id='word_1_136' title='bbox 1929 2258 2134 2305; x_wconf 87' lang='lat' dir='ltr'><strong>tantam</strong></span> 
     </span>
    </p>
   </div>
   <div class='ocr_carea' id='block_1_23' title="bbox 555 2319 2135 2408">
    <p class='ocr_par' dir='ltr' id='par_1_23' title="bbox 555 2319 2135 2408">
     <span class='ocr_line' id='line_1_23' title="bbox 555 2319 2135 2408; baseline 0.016 -35"><span class='ocrx_word' id='word_1_137' title='bbox 555 2319 726 2384; x_wconf 80' lang='lat' dir='ltr'><strong>viam,</strong></span> <span class='ocrx_word' id='word_1_138' title='bbox 783 2321 1056 2392; x_wconf 82' lang='lat' dir='ltr'><strong>signiﬁcat</strong></span> <span class='ocrx_word' id='word_1_139' title='bbox 1104 2329 1400 2401; x_wconf 87' lang='lat' dir='ltr'><strong>episcopis,</strong></span> <span class='ocrx_word' id='word_1_140' title='bbox 1465 2341 1524 2390; x_wconf 89' lang='lat' dir='ltr'><strong>ut.</strong></span> <span class='ocrx_word' id='word_1_141' title='bbox 1578 2352 1703 2392; x_wconf 90' lang='lat' dir='ltr'><strong>eum</strong></span> <span class='ocrx_word' id='word_1_142' title='bbox 1767 2341 2135 2408; x_wconf 70' lang='lat' dir='ltr'><strong>praecedentes</strong></span> 
     </span>
    </p>
   </div>
   <div class='ocr_carea' id='block_1_24' title="bbox 557 2410 2135 2491">
    <p class='ocr_par' dir='ltr' id='par_1_24' title="bbox 557 2410 2135 2491">
     <span class='ocr_line' id='line_1_24' title="bbox 557 2410 2135 2491; baseline 0.018 -29"><span class='ocrx_word' id='word_1_143' title='bbox 557 2410 778 2466; x_wconf 86' lang='lat' dir='ltr'><strong>veniant</strong></span> <span class='ocrx_word' id='word_1_144' title='bbox 825 2418 1228 2485; x_wconf 89' lang='lat' dir='ltr'><strong>quamprimum</strong></span> <span class='ocrx_word' id='word_1_145' title='bbox 1284 2422 1540 2480; x_wconf 69' lang='lat' dir='ltr'><strong>Nicaeam.</strong></span> <span class='ocrx_word' id='word_1_146' title='bbox 1600 2428 1728 2484; x_wconf 85' lang='lat' dir='ltr'><strong>Erat</strong></span> <span class='ocrx_word' id='word_1_147' title='bbox 1775 2432 1925 2487; x_wconf 90' lang='lat' dir='ltr'><strong>enim</strong></span> <span class='ocrx_word' id='word_1_148' title='bbox 1980 2435 2034 2488; x_wconf 93' lang='lat' dir='ltr'><strong>in</strong></span> <span class='ocrx_word' id='word_1_149' title='bbox 2073 2451 2135 2491; x_wconf 87' lang='lat' dir='ltr'><strong>ea</strong></span> 
     </span>
    </p>
   </div>
   <div class='ocr_carea' id='block_1_25' title="bbox 557 2503 2139 2592">
    <p class='ocr_par' dir='ltr' id='par_1_25' title="bbox 557 2503 2139 2592">
     <span class='ocr_line' id='line_1_25' title="bbox 557 2503 2139 2592; baseline 0.019 -41"><span class='ocrx_word' id='word_1_150' title='bbox 557 2503 854 2556; x_wconf 84' lang='lat' dir='ltr'><strong>secundam</strong></span> <span class='ocrx_word' id='word_1_151' title='bbox 885 2508 1148 2576; x_wconf 85' lang='lat' dir='ltr'><strong>synodum</strong></span> <span class='ocrx_word' id='word_1_152' title='bbox 1181 2527 1634 2584; x_wconf 80' lang='lat' dir='ltr'><strong>congregaturus,</strong></span> <span class='ocrx_word' id='word_1_153' title='bbox 1659 2520 1727 2575; x_wconf 89' lang='lat' dir='ltr'><strong>ab</strong></span> <span class='ocrx_word' id='word_1_154' title='bbox 1761 2521 1944 2592; x_wconf 86' lang='lat' dir='ltr'><strong>impiis</strong></span> <span class='ocrx_word' id='word_1_155' title='bbox 1982 2528 2139 2581; x_wconf 82' lang='lat' dir='ltr'><strong>Aria-</strong></span> 
     </span>
    </p>
   </div>
   <div class='ocr_carea' id='block_1_26' title="bbox 560 2593 2130 2684">
    <p class='ocr_par' dir='ltr' id='par_1_26' title="bbox 560 2593 2130 2684">
     <span class='ocr_line' id='line_1_26' title="bbox 560 2593 2130 2684; baseline 0.022 -42"><span class='ocrx_word' id='word_1_156' title='bbox 560 2593 646 2646; x_wconf 89' lang='lat' dir='ltr'><strong>nis</strong></span> <span class='ocrx_word' id='word_1_157' title='bbox 703 2594 969 2652; x_wconf 89' lang='lat' dir='ltr'><strong>incitatus</strong></span> <span class='ocrx_word' id='word_1_158' title='bbox 1049 2601 1314 2660; x_wconf 74' lang='lat' dir='ltr'><strong>adversus</strong></span> <span class='ocrx_word' id='word_1_159' title='bbox 1362 2610 1726 2668; x_wconf 88' lang='lat' dir='ltr'><strong>IIomousion.</strong></span> <span class='ocrx_word' id='word_1_160' title='bbox 1779 2618 1913 2672; x_wconf 79' lang='lat' dir='ltr'><strong>Cum</strong></span> <span class='ocrx_word' id='word_1_161' title='bbox 1981 2636 2130 2684; x_wconf 86' lang='lat' dir='ltr'><strong>vero.</strong></span> 
     </span>
    </p>
   </div>
   <div class='ocr_carea' id='block_1_27' title="bbox 557 2687 2136 2779">
    <p class='ocr_par' dir='ltr' id='par_1_27' title="bbox 557 2687 2136 2779">
     <span class='ocr_line' id='line_1_27' title="bbox 557 2687 2136 2779; baseline 0.021 -43"><span class='ocrx_word' id='word_1_162' title='bbox 557 2687 877 2742; x_wconf 86' lang='lat' dir='ltr'><strong>transmissa</strong></span> <span class='ocrx_word' id='word_1_163' title='bbox 923 2689 1136 2758; x_wconf 88' lang='lat' dir='ltr'><strong>Cilicia,</strong></span> <span class='ocrx_word' id='word_1_164' title='bbox 1169 2699 1408 2754; x_wconf 83' lang='lat' dir='ltr'><strong>venisset</strong></span> <span class='ocrx_word' id='word_1_165' title='bbox 1459 2703 1528 2757; x_wconf 88' lang='lat' dir='ltr'><strong>ad</strong></span> <span class='ocrx_word' id='word_1_166' title='bbox 1575 2703 1762 2776; x_wconf 80' lang='lat' dir='ltr'><strong>Mopsi,</strong></span> <span class='ocrx_word' id='word_1_167' title='bbox 1810 2711 1901 2779; x_wconf 86' lang='lat' dir='ltr'><strong>qui</strong></span> <span class='ocrx_word' id='word_1_168' title='bbox 1938 2727 2136 2767; x_wconf 81' lang='lat' dir='ltr'><strong>vocan-</strong></span> 
     </span>
    </p>
   </div>
   <div class='ocr_carea' id='block_1_28' title="bbox 559 2776 2134 2868">
    <p class='ocr_par' dir='ltr' id='par_1_28' title="bbox 559 2776 2134 2868">
     <span class='ocr_line' id='line_1_28' title="bbox 559 2776 2134 2868; baseline 0.02 -40"><span class='ocrx_word' id='word_1_169' title='bbox 559 2785 666 2840; x_wconf 88' lang='lat' dir='ltr'><strong>tur,</strong></span> <span class='ocrx_word' id='word_1_170' title='bbox 695 2776 898 2842; x_wconf 80' lang='lat' dir='ltr'><strong>fontes,</strong></span> <span class='ocrx_word' id='word_1_171' title='bbox 929 2785 1177 2850; x_wconf 61' lang='lat' dir='ltr'><strong>quaedam</strong></span> <span class='ocrx_word' id='word_1_172' title='bbox 1212 2788 1560 2849; x_wconf 85' lang='lat' dir='ltr'><strong>imbecillitas</strong></span> <span class='ocrx_word' id='word_1_173' title='bbox 1585 2796 1634 2850; x_wconf 92' lang='lat' dir='ltr'><strong>ei</strong></span> <span class='ocrx_word' id='word_1_174' title='bbox 1668 2776 1890 2867; x_wconf 64' lang='lat' dir='ltr'><strong>repente</strong></span> <span class='ocrx_word' id='word_1_175' title='bbox 1919 2803 2134 2868; x_wconf 88' lang='lat' dir='ltr'><strong>accidit,</strong></span> 
     </span>
    </p>
   </div>
   <div class='ocr_carea' id='block_1_29' title="bbox 554 2871 2134 2958">
    <p class='ocr_par' dir='ltr' id='par_1_29' title="bbox 554 2871 2134 2958">
     <span class='ocr_line' id='line_1_29' title="bbox 554 2871 2134 2958; baseline 0.02 -41"><span class='ocrx_word' id='word_1_176' title='bbox 554 2879 657 2918; x_wconf 90' lang='lat' dir='ltr'><strong>nec</strong></span> <span class='ocrx_word' id='word_1_177' title='bbox 720 2877 935 2936; x_wconf 88' lang='lat' dir='ltr'><strong>poterat</strong></span> <span class='ocrx_word' id='word_1_178' title='bbox 970 2871 1198 2930; x_wconf 90' lang='lat' dir='ltr'><strong>ulterius</strong></span> <span class='ocrx_word' id='word_1_179' title='bbox 1262 2883 1536 2952; x_wconf 75' lang='lat' dir='ltr'><strong>progredi.</strong></span> <span class='ocrx_word' id='word_1_180' title='bbox 1588 2883 1884 2958; x_wconf 86' lang='lat' dir='ltr'><strong>Postquam</strong></span> <span class='ocrx_word' id='word_1_181' title='bbox 1950 2902 2134 2948; x_wconf 85' lang='lat' dir='ltr'><strong>autem</strong></span> 
     </span>
    </p>
   </div>
   <div class='ocr_carea' id='block_1_30' title="bbox 557 2956 2136 3044">
    <p class='ocr_par' dir='ltr' id='par_1_30' title="bbox 557 2956 2136 3044">
     <span class='ocr_line' id='line_1_30' title="bbox 557 2956 2136 3044; baseline 0.022 -35"><span class='ocrx_word' id='word_1_182' title='bbox 557 2956 733 3012; x_wconf 86' lang='lat' dir='ltr'><strong>sensit</strong></span> <span class='ocrx_word' id='word_1_183' title='bbox 762 2974 821 3014; x_wconf 91' lang='lat' dir='ltr'><strong>se</strong></span> <span class='ocrx_word' id='word_1_184' title='bbox 850 2961 966 3030; x_wconf 92' lang='lat' dir='ltr'><strong>jam</strong></span> <span class='ocrx_word' id='word_1_185' title='bbox 1003 2965 1145 3020; x_wconf 89' lang='lat' dir='ltr'><strong>male</strong></span> <span class='ocrx_word' id='word_1_186' title='bbox 1197 2969 1420 3039; x_wconf 85' lang='lat' dir='ltr'><strong>habere,</strong></span> <span class='ocrx_word' id='word_1_187' title='bbox 1452 2985 1508 3030; x_wconf 91' lang='lat' dir='ltr'><strong>et</strong></span> <span class='ocrx_word' id='word_1_188' title='bbox 1554 2994 1665 3033; x_wconf 89' lang='lat' dir='ltr'><strong>non</strong></span> <span class='ocrx_word' id='word_1_189' title='bbox 1693 2981 1960 3039; x_wconf 89' lang='lat' dir='ltr'><strong>victurum</strong></span> <span class='ocrx_word' id='word_1_190' title='bbox 2014 3002 2136 3044; x_wconf 87' lang='lat' dir='ltr'><strong>esse</strong></span> 
     </span>
    </p>
   </div>
   <div class='ocr_carea' id='block_1_31' title="bbox 553 3049 2136 3134">
    <p class='ocr_par' dir='ltr' id='par_1_31' title="bbox 553 3049 2136 3134">
     <span class='ocr_line' id='line_1_31' title="bbox 553 3049 2136 3134; baseline 0.021 -34"><span class='ocrx_word' id='word_1_191' title='bbox 553 3049 810 3116; x_wconf 85' lang='lat' dir='ltr'><strong>amplius,</strong></span> <span class='ocrx_word' id='word_1_192' title='bbox 857 3054 1164 3113; x_wconf 69' lang='lat' dir='ltr'><strong>Antiochia:</strong></span> <span class='ocrx_word' id='word_1_193' title='bbox 1207 3061 1468 3134; x_wconf 87' lang='lat' dir='ltr'><strong>episcopo</strong></span> <span class='ocrx_word' id='word_1_194' title='bbox 1526 3071 1814 3127; x_wconf 89' lang='lat' dir='ltr'><strong>celerrime</strong></span> <span class='ocrx_word' id='word_1_195' title='bbox 1866 3079 2136 3133; x_wconf 83' lang='lat' dir='ltr'><strong>accersito</strong></span> 
     </span>
    </p>
   </div>
   <div class='ocr_carea' id='block_1_32' title="bbox 556 3139 2134 3238">
    <p class='ocr_par' dir='ltr' id='par_1_32' title="bbox 556 3139 2134 3238">
     <span class='ocr_line' id='line_1_32' title="bbox 556 3139 2134 3238; baseline 0.02 -45"><span class='ocrx_word' id='word_1_196' title='bbox 556 3139 784 3238; x_wconf 38' lang='lat' dir='ltr'><strong>Euaoi-o,</strong></span> <span class='ocrx_word' id='word_1_197' title='bbox 814 3146 1033 3218; x_wconf 62' lang='lat' dir='ltr'><strong>petitiut</strong></span> <span class='ocrx_word' id='word_1_198' title='bbox 1056 3149 1384 3220; x_wconf 75' lang='lat' dir='ltr'><strong>baptizatur.</strong></span> <span class='ocrx_word' id='word_1_199' title='bbox 1419 3157 1483 3212; x_wconf 86' lang='lat' dir='ltr'><strong>Et</strong></span> <span class='ocrx_word' id='word_1_200' title='bbox 1517 3174 1638 3214; x_wconf 92' lang='lat' dir='ltr'><strong>cum</strong></span> <span class='ocrx_word' id='word_1_201' title='bbox 1660 3163 2009 3236; x_wconf 79' lang='lat' dir='ltr'><strong>baptizatus,</strong></span> <span class='ocrx_word' id='word_1_202' title='bbox 2042 3185 2134 3238; x_wconf 83' lang='lat' dir='ltr'><strong>pa-</strong></span> 
     </span>
    </p>
   </div>
   <div class='ocr_carea' id='block_1_33' title="bbox 556 3233 2136 3321">
    <p class='ocr_par' dir='ltr' id='par_1_33' title="bbox 556 3233 2136 3321">
     <span class='ocr_line' id='line_1_33' title="bbox 556 3233 2136 3321; baseline 0.02 -37"><span class='ocrx_word' id='word_1_203' title='bbox 556 3247 681 3286; x_wconf 76' lang='lat' dir='ltr'><strong>rum</strong></span> <span class='ocrx_word' id='word_1_204' title='bbox 710 3233 907 3290; x_wconf 77' lang='lat' dir='ltr'><strong>fuisset</strong></span> <span class='ocrx_word' id='word_1_205' title='bbox 943 3252 1244 3309; x_wconf 87' lang='lat' dir='ltr'><strong>superstes,</strong></span> <span class='ocrx_word' id='word_1_206' title='bbox 1277 3245 1388 3302; x_wconf 85' lang='lat' dir='ltr'><strong>illic</strong></span> <span class='ocrx_word' id='word_1_207' title='bbox 1413 3267 1444 3303; x_wconf 92' lang='lat' dir='ltr'><strong>e</strong></span> <span class='ocrx_word' id='word_1_208' title='bbox 1475 3251 1585 3307; x_wconf 88' lang='lat' dir='ltr'><strong>vita</strong></span> <span class='ocrx_word' id='word_1_209' title='bbox 1616 3233 1851 3321; x_wconf 62' lang='lat' dir='ltr'><strong>escedit,</strong></span> <span class='ocrx_word' id='word_1_210' title='bbox 1883 3275 2007 3313; x_wconf 89' lang='lat' dir='ltr'><strong>eum</strong></span> <span class='ocrx_word' id='word_1_211' title='bbox 2033 3233 2136 3316; x_wconf 77' lang='lat' dir='ltr'><strong>im-</strong></span> 
     </span>
    </p>
   </div>
   <div class='ocr_carea' id='block_1_34' title="bbox 554 3329 2138 3424">
    <p class='ocr_par' dir='ltr' id='par_1_34' title="bbox 554 3329 2138 3424">
     <span class='ocr_line' id='line_1_34' title="bbox 554 3329 2138 3424; baseline 0.023 -47"><span class='ocrx_word' id='word_1_212' title='bbox 554 3337 800 3394; x_wconf 87' lang='lat' dir='ltr'><strong>perasset</strong></span> <span class='ocrx_word' id='word_1_213' title='bbox 821 3329 1062 3402; x_wconf 89' lang='lat' dir='ltr'><strong>integros</strong></span> <span class='ocrx_word' id='word_1_214' title='bbox 1088 3339 1449 3410; x_wconf 84' lang='lat' dir='ltr'><strong>quadraginta</strong></span> <span class='ocrx_word' id='word_1_215' title='bbox 1485 3361 1677 3414; x_wconf 87' lang='lat' dir='ltr'><strong>annos,</strong></span> <span class='ocrx_word' id='word_1_216' title='bbox 1708 3348 1893 3420; x_wconf 78' lang='lat' dir='ltr'><strong>viginti</strong></span> <span class='ocrx_word' id='word_1_217' title='bbox 1916 3353 2138 3424; x_wconf 85' lang='lat' dir='ltr'><strong>quidem</strong></span> 
     </span>
    </p>
   </div>
   <div class='ocr_carea' id='block_1_35' title="bbox 554 3429 1568 3509">
    <p class='ocr_par' dir='ltr' id='par_1_35' title="bbox 554 3429 1568 3509">
     <span class='ocr_line' id='line_1_35' title="bbox 554 3429 1568 3509; baseline 0.019 -34"><span class='ocrx_word' id='word_1_218' title='bbox 554 3437 679 3479; x_wconf 88' lang='lat' dir='ltr'><strong>cum</strong></span> <span class='ocrx_word' id='word_1_219' title='bbox 717 3434 891 3496; x_wconf 87' lang='lat' dir='ltr'><strong>patre,</strong></span> <span class='ocrx_word' id='word_1_220' title='bbox 927 3429 1075 3484; x_wconf 88' lang='lat' dir='ltr'><strong>solus</strong></span> <span class='ocrx_word' id='word_1_221' title='bbox 1097 3443 1279 3491; x_wconf 89' lang='lat' dir='ltr'><strong>autem</strong></span> <span class='ocrx_word' id='word_1_222' title='bbox 1309 3437 1568 3509; x_wconf 89' lang='lat' dir='ltr'><strong>reliquos.</strong></span> 
     </span>
    </p>
   </div>
   <div class='ocr_carea' id='block_1_36' title="bbox 625 3620 2136 3711">
    <p class='ocr_par' dir='ltr' id='par_1_36' title="bbox 625 3620 2136 3711">
     <span class='ocr_line' id='line_1_36' title="bbox 625 3620 2136 3711; baseline 0.02 -36"><span class='ocrx_word' id='word_1_223' title='bbox 625 3620 720 3677; x_wconf 84' lang='lat' dir='ltr'><strong>XI.</strong></span> <span class='ocrx_word' id='word_1_224' title='bbox 755 3624 891 3678; x_wconf 74' lang='lat' dir='ltr'><strong>Cum</strong></span> <span class='ocrx_word' id='word_1_225' title='bbox 935 3642 1059 3680; x_wconf 89' lang='lat' dir='ltr'><strong>eum</strong></span> <span class='ocrx_word' id='word_1_226' title='bbox 1111 3640 1294 3686; x_wconf 90' lang='lat' dir='ltr'><strong>autem</strong></span> <span class='ocrx_word' id='word_1_227' title='bbox 1356 3634 1668 3696; x_wconf 85' lang='lat' dir='ltr'><strong>deﬂevisset</strong></span> <span class='ocrx_word' id='word_1_228' title='bbox 1715 3645 2014 3711; x_wconf 77' lang='lat' dir='ltr'><strong>exercitus,</strong></span> <span class='ocrx_word' id='word_1_229' title='bbox 2080 3657 2136 3705; x_wconf 88' lang='lat' dir='ltr'><strong>et</strong></span> 
     </span>
    </p>
   </div>
   <div class='ocr_carea' id='block_1_37' title="bbox 551 3716 2138 3810">
    <p class='ocr_par' dir='ltr' id='par_1_37' title="bbox 551 3716 2138 3810">
     <span class='ocr_line' id='line_1_37' title="bbox 551 3716 2138 3810; baseline 0.018 -43"><span class='ocrx_word' id='word_1_230' title='bbox 551 3716 706 3783; x_wconf 85' lang='lat' dir='ltr'><strong>justa</strong></span> <span class='ocrx_word' id='word_1_231' title='bbox 740 3717 788 3770; x_wconf 91' lang='lat' dir='ltr'><strong>ei</strong></span> <span class='ocrx_word' id='word_1_232' title='bbox 819 3716 1068 3786; x_wconf 78' lang='lat' dir='ltr'><strong>fecisset,</strong></span> <span class='ocrx_word' id='word_1_233' title='bbox 1109 3721 1164 3775; x_wconf 90' lang='lat' dir='ltr'><strong>in</strong></span> <span class='ocrx_word' id='word_1_234' title='bbox 1209 3739 1334 3780; x_wconf 88' lang='lat' dir='ltr'><strong>arca</strong></span> <span class='ocrx_word' id='word_1_235' title='bbox 1384 3743 1713 3797; x_wconf 90' lang='lat' dir='ltr'><strong>posuerunt,</strong></span> <span class='ocrx_word' id='word_1_236' title='bbox 1763 3750 1887 3791; x_wconf 92' lang='lat' dir='ltr'><strong>cum</strong></span> <span class='ocrx_word' id='word_1_237' title='bbox 1937 3753 2138 3810; x_wconf 85' lang='lat' dir='ltr'><strong>corpus</strong></span> 
     </span>
    </p>
   </div>
   <div class='ocr_carea' id='block_1_38' title="bbox 557 3808 2136 3900">
    <p class='ocr_par' dir='ltr' id='par_1_38' title="bbox 557 3808 2136 3900">
     <span class='ocr_line' id='line_1_38' title="bbox 557 3808 2136 3900; baseline 0.018 -40"><span class='ocrx_word' id='word_1_238' title='bbox 557 3808 955 3865; x_wconf 70' lang='lat' dir='ltr'><strong>instruxissent</strong></span> <span class='ocrx_word' id='word_1_239' title='bbox 981 3811 1071 3878; x_wconf 91' lang='lat' dir='ltr'><strong>iis,</strong></span> <span class='ocrx_word' id='word_1_240' title='bbox 1093 3829 1216 3884; x_wconf 85' lang='lat' dir='ltr'><strong>quae</strong></span> <span class='ocrx_word' id='word_1_241' title='bbox 1247 3819 1426 3872; x_wconf 85' lang='lat' dir='ltr'><strong>solent</strong></span> <span class='ocrx_word' id='word_1_242' title='bbox 1455 3821 1573 3877; x_wconf 80' lang='lat' dir='ltr'><strong>ﬁeri</strong></span> <span class='ocrx_word' id='word_1_243' title='bbox 1603 3823 1671 3878; x_wconf 89' lang='lat' dir='ltr'><strong>ad</strong></span> <span class='ocrx_word' id='word_1_244' title='bbox 1704 3826 1831 3895; x_wconf 86' lang='lat' dir='ltr'><strong>hoc,</strong></span> <span class='ocrx_word' id='word_1_245' title='bbox 1861 3838 1922 3885; x_wconf 92' lang='lat' dir='ltr'><strong>ut</strong></span> <span class='ocrx_word' id='word_1_246' title='bbox 1951 3808 2136 3900; x_wconf 77' lang='lat' dir='ltr'><strong>duret,</strong></span> 
     </span>
    </p>
   </div>
   <div class='ocr_carea' id='block_1_39' title="bbox 557 3901 2137 3980">
    <p class='ocr_par' dir='ltr' id='par_1_39' title="bbox 557 3901 2137 3980">
     <span class='ocr_line' id='line_1_39' title="bbox 557 3901 2137 3980; baseline 0.018 -27"><span class='ocrx_word' id='word_1_247' title='bbox 557 3909 615 3954; x_wconf 85' lang='lat' dir='ltr'><strong>et</strong></span> <span class='ocrx_word' id='word_1_248' title='bbox 641 3916 766 3955; x_wconf 91' lang='lat' dir='ltr'><strong>cum</strong></span> <span class='ocrx_word' id='word_1_249' title='bbox 805 3901 860 3956; x_wconf 89' lang='lat' dir='ltr'><strong>in</strong></span> <span class='ocrx_word' id='word_1_250' title='bbox 888 3919 1112 3960; x_wconf 86' lang='lat' dir='ltr'><strong>currum</strong></span> <span class='ocrx_word' id='word_1_251' title='bbox 1144 3907 1565 3979; x_wconf 85' lang='lat' dir='ltr'><strong>imposuissent,</strong></span> <span class='ocrx_word' id='word_1_252' title='bbox 1596 3917 1840 3976; x_wconf 89' lang='lat' dir='ltr'><strong>tulerunt</strong></span> <span class='ocrx_word' id='word_1_253' title='bbox 1863 3921 2137 3980; x_wconf 73' lang='lat' dir='ltr'><strong>Constan-</strong></span> 
     </span>
    </p>
   </div>
   <div class='ocr_carea' id='block_1_40' title="bbox 555 3993 2140 4084">
    <p class='ocr_par' dir='ltr' id='par_1_40' title="bbox 555 3993 2140 4084">
     <span class='ocr_line' id='line_1_40' title="bbox 555 3993 2140 4084; baseline 0.016 -36"><span class='ocrx_word' id='word_1_254' title='bbox 555 3993 866 4065; x_wconf 80' lang='lat' dir='ltr'><strong>tinOpolim,</strong></span> <span class='ocrx_word' id='word_1_255' title='bbox 901 4014 1027 4054; x_wconf 87' lang='lat' dir='ltr'><strong>eum</strong></span> <span class='ocrx_word' id='word_1_256' title='bbox 1075 4002 1315 4072; x_wconf 85' lang='lat' dir='ltr'><strong>propriis</strong></span> <span class='ocrx_word' id='word_1_257' title='bbox 1354 4007 1528 4063; x_wconf 90' lang='lat' dir='ltr'><strong>armis</strong></span> <span class='ocrx_word' id='word_1_258' title='bbox 1578 4013 1958 4084; x_wconf 86' lang='lat' dir='ltr'><strong>unusquisque</strong></span> <span class='ocrx_word' id='word_1_259' title='bbox 2008 4032 2140 4073; x_wconf 84' lang='lat' dir='ltr'><strong>eum</strong></span> 
     </span>
    </p>
   </div>
   <div class='ocr_carea' id='block_1_41' title="bbox 558 4088 2136 4174">
    <p class='ocr_par' dir='ltr' id='par_1_41' title="bbox 558 4088 2136 4174">
     <span class='ocr_line' id='line_1_41' title="bbox 558 4088 2136 4174; baseline 0.012 -32"><span class='ocrx_word' id='word_1_260' title='bbox 558 4095 854 4156; x_wconf 82' lang='lat' dir='ltr'><strong>sequentes</strong></span> <span class='ocrx_word' id='word_1_261' title='bbox 907 4088 967 4143; x_wconf 91' lang='lat' dir='ltr'><strong>in</strong></span> <span class='ocrx_word' id='word_1_262' title='bbox 997 4091 1193 4146; x_wconf 85' lang='lat' dir='ltr'><strong>eodem</strong></span> <span class='ocrx_word' id='word_1_263' title='bbox 1223 4101 1447 4158; x_wconf 88' lang='lat' dir='ltr'><strong>ornatu,</strong></span> <span class='ocrx_word' id='word_1_264' title='bbox 1504 4112 1690 4166; x_wconf 88' lang='lat' dir='ltr'><strong>quem,</strong></span> <span class='ocrx_word' id='word_1_265' title='bbox 1739 4101 1869 4156; x_wconf 92' lang='lat' dir='ltr'><strong>dum</strong></span> <span class='ocrx_word' id='word_1_266' title='bbox 1909 4105 2136 4174; x_wconf 73' lang='lat' dir='ltr'><strong>viveret,</strong></span> 
     </span>
    </p>
   </div>
   <div class='ocr_carea' id='block_1_42' title="bbox 555 4178 2140 4259">
    <p class='ocr_par' dir='ltr' id='par_1_42' title="bbox 555 4178 2140 4259">
     <span class='ocr_line' id='line_1_42' title="bbox 555 4178 2140 4259; baseline 0.014 -28"><span class='ocrx_word' id='word_1_267' title='bbox 555 4178 794 4234; x_wconf 85' lang='lat' dir='ltr'><strong>habebat</strong></span> <span class='ocrx_word' id='word_1_268' title='bbox 837 4179 984 4234; x_wconf 89' lang='lat' dir='ltr'><strong>inter</strong></span> <span class='ocrx_word' id='word_1_269' title='bbox 1022 4183 1325 4253; x_wconf 85' lang='lat' dir='ltr'><strong>principes.</strong></span> <span class='ocrx_word' id='word_1_270' title='bbox 1391 4189 1572 4256; x_wconf 80' lang='lat' dir='ltr'><strong>Atque</strong></span> <span class='ocrx_word' id='word_1_271' title='bbox 1627 4189 1664 4243; x_wconf 90' lang='lat' dir='ltr'><strong>ii</strong></span> <span class='ocrx_word' id='word_1_272' title='bbox 1703 4191 1926 4259; x_wconf 82' lang='lat' dir='ltr'><strong>quidem</strong></span> <span class='ocrx_word' id='word_1_273' title='bbox 1973 4211 2140 4252; x_wconf 89' lang='lat' dir='ltr'><strong>vene-</strong></span> 
     </span>
    </p>
   </div>
   <div class='ocr_carea' id='block_1_43' title="bbox 557 4268 2140 4350">
    <p class='ocr_par' dir='ltr' id='par_1_43' title="bbox 557 4268 2140 4350">
     <span class='ocr_line' id='line_1_43' title="bbox 557 4268 2140 4350; baseline 0.014 -30"><span class='ocrx_word' id='word_1_274' title='bbox 557 4278 686 4322; x_wconf 86' lang='lat' dir='ltr'><strong>runt</strong></span> <span class='ocrx_word' id='word_1_275' title='bbox 736 4268 1293 4342; x_wconf 86' lang='lat' dir='ltr'><strong>Constantinopolim,</strong></span> <span class='ocrx_word' id='word_1_276' title='bbox 1363 4275 1626 4333; x_wconf 88' lang='lat' dir='ltr'><strong>ducentes</strong></span> <span class='ocrx_word' id='word_1_277' title='bbox 1683 4295 1904 4350; x_wconf 87' lang='lat' dir='ltr'><strong>corpus.</strong></span> <span class='ocrx_word' id='word_1_278' title='bbox 1980 4283 2140 4342; x_wconf 84' lang='lat' dir='ltr'><strong>Venit</strong></span> 
     </span>
    </p>
   </div>
   <div class='ocr_carea' id='block_1_44' title="bbox 555 4361 2138 4448">
    <p class='ocr_par' dir='ltr' id='par_1_44' title="bbox 555 4361 2138 4448">
     <span class='ocr_line' id='line_1_44' title="bbox 555 4361 2138 4448; baseline 0.013 -35"><span class='ocrx_word' id='word_1_279' title='bbox 555 4367 737 4413; x_wconf 86' lang='lat' dir='ltr'><strong>autem</strong></span> <span class='ocrx_word' id='word_1_280' title='bbox 765 4369 820 4415; x_wconf 90' lang='lat' dir='ltr'><strong>et</strong></span> <span class='ocrx_word' id='word_1_281' title='bbox 847 4361 1120 4428; x_wconf 85' lang='lat' dir='ltr'><strong>Julianus,</strong></span> <span class='ocrx_word' id='word_1_282' title='bbox 1160 4364 1517 4434; x_wconf 82' lang='lat' dir='ltr'><strong>proﬁciscens</strong></span> <span class='ocrx_word' id='word_1_283' title='bbox 1557 4385 1625 4426; x_wconf 80' lang='lat' dir='ltr'><strong>ex</strong></span> <span class='ocrx_word' id='word_1_284' title='bbox 1664 4369 1895 4442; x_wconf 78' lang='lat' dir='ltr'><strong>Illyrico,</strong></span> <span class='ocrx_word' id='word_1_285' title='bbox 1948 4387 2002 4431; x_wconf 89' lang='lat' dir='ltr'><strong>et</strong></span> <span class='ocrx_word' id='word_1_286' title='bbox 2026 4379 2138 4448; x_wconf 89' lang='lat' dir='ltr'><strong>jam</strong></span> 
     </span>
    </p>
   </div>
   <div class='ocr_carea' id='block_1_45' title="bbox 556 4451 2140 4540">
    <p class='ocr_par' dir='ltr' id='par_1_45' title="bbox 556 4451 2140 4540">
     <span class='ocr_line' id='line_1_45' title="bbox 556 4451 2140 4540; baseline 0.013 -36"><span class='ocrx_word' id='word_1_287' title='bbox 556 4451 788 4505; x_wconf 72' lang='lat' dir='ltr'><strong>ﬁrmiter</strong></span> <span class='ocrx_word' id='word_1_288' title='bbox 845 4461 1039 4508; x_wconf 90' lang='lat' dir='ltr'><strong>tenens</strong></span> <span class='ocrx_word' id='word_1_289' title='bbox 1101 4458 1413 4514; x_wconf 84' lang='lat' dir='ltr'><strong>universum</strong></span> <span class='ocrx_word' id='word_1_290' title='bbox 1467 4461 1782 4532; x_wconf 83' lang='lat' dir='ltr'><strong>imperium,</strong></span> <span class='ocrx_word' id='word_1_291' title='bbox 1832 4469 1982 4524; x_wconf 89' lang='lat' dir='ltr'><strong>nullo</strong></span> <span class='ocrx_word' id='word_1_292' title='bbox 2016 4481 2140 4540; x_wconf 86' lang='lat' dir='ltr'><strong>post</strong></span> 
     </span>
    </p>
   </div>
   <div class='ocr_carea' id='block_1_46' title="bbox 2242 612 3836 682">
    <p class='ocr_par' dir='ltr' id='par_1_46' title="bbox 2242 612 3836 682">
     <span class='ocr_line' id='line_1_46' title="bbox 2242 612 3836 682; baseline 0.003 -19"><span class='ocrx_word' id='word_1_293' title='bbox 2242 612 2444 664; x_wconf 80' lang='grc' dir='ltr'><strong>ἐνενόει</strong></span> <span class='ocrx_word' id='word_1_294' title='bbox 2476 628 2488 642; x_wconf 75' lang='grc' dir='ltr'>ο</span> <span class='ocrx_word' id='word_1_295' title='bbox 2525 613 2647 665; x_wconf 79' lang='grc' dir='ltr'>οὐδὲ</span> <span class='ocrx_word' id='word_1_296' title='bbox 2695 613 3008 682; x_wconf 78' lang='grc' dir='ltr'><strong>διαμέλλειν</strong></span> <span class='ocrx_word' id='word_1_297' title='bbox 3048 614 3318 678; x_wconf 75' lang='grc' dir='ltr'><strong>ἐγίνωσκε</strong></span> <span class='ocrx_word' id='word_1_298' title='bbox 3364 613 3498 678; x_wconf 74' lang='grc' dir='ltr'>δεῖν,</span> <span class='ocrx_word' id='word_1_299' title='bbox 3547 613 3687 668; x_wconf 73' lang='grc' dir='ltr'>ἀλλὰ</span> <span class='ocrx_word' id='word_1_300' title='bbox 3727 615 3836 682; x_wconf 83' lang='grc' dir='ltr'><strong>τὴν</strong></span> 
     </span>
    </p>
   </div>
   <div class='ocr_carea' id='block_1_47' title="bbox 2242 685 3837 776">
    <p class='ocr_par' dir='ltr' id='par_1_47' title="bbox 2242 685 3837 776">
     <span class='ocr_line' id='line_1_47' title="bbox 2242 685 3837 776; baseline 0.002 -21"><span class='ocrx_word' id='word_1_301' title='bbox 2242 703 2515 772; x_wconf 80' lang='grc' dir='ltr'><strong>Εὐρώπην</strong></span> <span class='ocrx_word' id='word_1_302' title='bbox 2553 705 2690 766; x_wconf 82' lang='grc' dir='ltr'>τέως</span> <span class='ocrx_word' id='word_1_303' title='bbox 2736 705 2831 773; x_wconf 84' lang='grc' dir='ltr'><strong>ὑφ’</strong></span> <span class='ocrx_word' id='word_1_304' title='bbox 2865 685 3047 774; x_wconf 47' lang='lat' dir='ltr'><strong>tau-ri?)</strong></span> <span class='ocrx_word' id='word_1_305' title='bbox 3105 704 3444 776; x_wconf 81' lang='grc' dir='ltr'>ποιήσασθαι</span> <span class='ocrx_word' id='word_1_306' title='bbox 3489 705 3674 759; x_wconf 81' lang='grc' dir='ltr'>πᾶσαν</span> <span class='ocrx_word' id='word_1_307' title='bbox 3704 705 3837 758; x_wconf 82' lang='grc' dir='ltr'>ἐθέ-</span> 
     </span>
    </p>
   </div>
   <div class='ocr_carea' id='block_1_48' title="bbox 2240 794 3841 870">
    <p class='ocr_par' dir='ltr' id='par_1_48' title="bbox 2240 794 3841 870">
     <span class='ocr_line' id='line_1_48' title="bbox 2240 794 3841 870; baseline 0.002 -22"><span class='ocrx_word' id='word_1_308' title='bbox 2240 794 2369 860; x_wconf 81' lang='grc' dir='ltr'>λων,</span> <span class='ocrx_word' id='word_1_309' title='bbox 2403 799 2574 866; x_wconf 72' lang='grc' dir='ltr'>ὁπόση</span> <span class='ocrx_word' id='word_1_310' title='bbox 2617 799 2915 868; x_wconf 83' lang='grc' dir='ltr'>Ῥωμαίοις</span> <span class='ocrx_word' id='word_1_311' title='bbox 2948 798 3237 862; x_wconf 81' lang='grc' dir='ltr'><strong>ὑπακούει,</strong></span> <span class='ocrx_word' id='word_1_312' title='bbox 3270 798 3351 867; x_wconf 86' lang='grc' dir='ltr'>τῷ</span> <span class='ocrx_word' id='word_1_313' title='bbox 3381 799 3598 870; x_wconf 87' lang='grc' dir='ltr'>στρατῷ</span> <span class='ocrx_word' id='word_1_314' title='bbox 3634 817 3841 852; x_wconf 82' lang='grc' dir='ltr'>συντα-</span> 
     </span>
    </p>
   </div>
   <div class='ocr_carea' id='block_1_49' title="bbox 2242 888 3835 962">
    <p class='ocr_par' dir='ltr' id='par_1_49' title="bbox 2242 888 3835 962">
     <span class='ocr_line' id='line_1_49' title="bbox 2242 888 3835 962; baseline 0.004 -21"><span class='ocrx_word' id='word_1_315' title='bbox 2242 888 2493 957; x_wconf 80' lang='grc' dir='ltr'><strong>ξάμενος,</strong></span> <span class='ocrx_word' id='word_1_316' title='bbox 2554 889 2642 943; x_wconf 84' lang='grc' dir='ltr'>διὰ</span> <span class='ocrx_word' id='word_1_317' title='bbox 2692 891 2988 960; x_wconf 76' lang='grc' dir='ltr'><strong>Γερμανῶν</strong></span> <span class='ocrx_word' id='word_1_318' title='bbox 3048 892 3141 943; x_wconf 79' lang='grc' dir='ltr'><strong>ἐπὶ</strong></span> <span class='ocrx_word' id='word_1_319' title='bbox 3187 890 3282 944; x_wconf 77' lang='grc' dir='ltr'><strong>τὸν</strong></span> <span class='ocrx_word' id='word_1_320' title='bbox 3340 892 3556 961; x_wconf 85' lang='grc' dir='ltr'>Ἴστρον</span> <span class='ocrx_word' id='word_1_321' title='bbox 3603 891 3835 962; x_wconf 86' lang='grc' dir='ltr'>ἐχώρει.</span> 
     </span>
    </p>
   </div>
   <div class='ocr_carea' id='block_1_50' title="bbox 2241 983 3840 1054">
    <p class='ocr_par' dir='ltr' id='par_1_50' title="bbox 2241 983 3840 1054">
     <span class='ocr_line' id='line_1_50' title="bbox 2241 983 3840 1054; baseline 0.001 -18"><span class='ocrx_word' id='word_1_322' title='bbox 2241 983 2353 1036; x_wconf 71' lang='grc' dir='ltr'><strong>Καὶ</strong></span> <span class='ocrx_word' id='word_1_323' title='bbox 2395 983 2498 1051; x_wconf 78' lang='grc' dir='ltr'>τῆς</span> <span class='ocrx_word' id='word_1_324' title='bbox 2531 983 2713 1054; x_wconf 83' lang='grc' dir='ltr'>πέραν</span> <span class='ocrx_word' id='word_1_325' title='bbox 2743 984 2915 1054; x_wconf 73' lang='grc' dir='ltr'>ὄχθης</span> <span class='ocrx_word' id='word_1_326' title='bbox 2940 985 3264 1053; x_wconf 80' lang='grc' dir='ltr'>λαϐόμενος.</span> <span class='ocrx_word' id='word_1_327' title='bbox 3310 983 3400 1037; x_wconf 84' lang='grc' dir='ltr'>διὰ</span> <span class='ocrx_word' id='word_1_328' title='bbox 3439 984 3551 1038; x_wconf 84' lang='grc' dir='ltr'><strong>τῶν</strong></span> <span class='ocrx_word' id='word_1_329' title='bbox 3602 985 3840 1051; x_wconf 84' lang='grc' dir='ltr'>ἐκείνης</span> 
     </span>
    </p>
   </div>
   <div class='ocr_carea' id='block_1_51' title="bbox 2241 1075 3838 1148">
    <p class='ocr_par' dir='ltr' id='par_1_51' title="bbox 2241 1075 3838 1148">
     <span class='ocr_line' id='line_1_51' title="bbox 2241 1075 3838 1148; baseline 0.001 -22"><span class='ocrx_word' id='word_1_330' title='bbox 2241 1075 2460 1144; x_wconf 79' lang='grc' dir='ltr'><strong>χωρίων</strong></span> <span class='ocrx_word' id='word_1_331' title='bbox 2489 1077 2714 1148; x_wconf 71' lang='grc' dir='ltr'>ἤλαυνε,</span> <span class='ocrx_word' id='word_1_332' title='bbox 2749 1076 2879 1141; x_wconf 76' lang='grc' dir='ltr'>τοὺς</span> <span class='ocrx_word' id='word_1_333' title='bbox 2911 1075 3194 1147; x_wconf 79' lang='grc' dir='ltr'>ὑπάρχους</span> <span class='ocrx_word' id='word_1_334' title='bbox 3216 1075 3274 1128; x_wconf 83' lang='grc' dir='ltr'>δὲ</span> <span class='ocrx_word' id='word_1_335' title='bbox 3298 1075 3572 1129; x_wconf 85' lang='grc' dir='ltr'>διαλαθὼν</span> <span class='ocrx_word' id='word_1_336' title='bbox 3593 1119 3608 1141; x_wconf 91' lang='grc'><strong>,</strong></span> <span class='ocrx_word' id='word_1_337' title='bbox 3643 1077 3742 1130; x_wconf 87' lang='grc' dir='ltr'><strong>τόν</strong></span> <span class='ocrx_word' id='word_1_338' title='bbox 3770 1093 3838 1128; x_wconf 87' lang='grc' dir='ltr'><strong>τε</strong></span> 
     </span>
    </p>
   </div>
   <div class='ocr_carea' id='block_1_52' title="bbox 2237 1167 3837 1239">
    <p class='ocr_par' dir='ltr' id='par_1_52' title="bbox 2237 1167 3837 1239">
     <span class='ocr_line' id='line_1_52' title="bbox 2237 1167 3837 1239; baseline -0.001 -19"><span class='ocrx_word' id='word_1_339' title='bbox 2237 1169 2352 1222; x_wconf 85' lang='grc' dir='ltr'><strong>τῶν</strong></span> <span class='ocrx_word' id='word_1_340' title='bbox 2385 1169 2631 1224; x_wconf 80' lang='grc' dir='ltr'>Ἰταλιῶν</span> <span class='ocrx_word' id='word_1_341' title='bbox 2661 1168 2877 1239; x_wconf 80' lang='grc' dir='ltr'><strong>Ταῦρον</strong></span> <span class='ocrx_word' id='word_1_342' title='bbox 2903 1167 3050 1222; x_wconf 77' lang='grc' dir='ltr'>οὕτω</span> <span class='ocrx_word' id='word_1_343' title='bbox 3078 1168 3438 1238; x_wconf 83' lang='grc' dir='ltr'>καλούμενον,</span> <span class='ocrx_word' id='word_1_344' title='bbox 3463 1169 3559 1220; x_wconf 75' lang='grc' dir='ltr'>καὶ</span> <span class='ocrx_word' id='word_1_345' title='bbox 3590 1168 3685 1222; x_wconf 82' lang='grc' dir='ltr'>τὸν</span> <span class='ocrx_word' id='word_1_346' title='bbox 3716 1167 3837 1222; x_wconf 82' lang='grc' dir='ltr'><strong>τῶν</strong></span> 
     </span>
    </p>
   </div>
   <div class='ocr_carea' id='block_1_53' title="bbox 2238 1258 3835 1333">
    <p class='ocr_par' dir='ltr' id='par_1_53' title="bbox 2238 1258 3835 1333">
     <span class='ocr_line' id='line_1_53' title="bbox 2238 1258 3835 1333; baseline -0.004 -16"><span class='ocrx_word' id='word_1_347' title='bbox 2238 1261 2516 1332; x_wconf 84' lang='grc' dir='ltr'>Ἰλλυριῶν</span> <span class='ocrx_word' id='word_1_348' title='bbox 2547 1262 2886 1333; x_wconf 83' lang='grc' dir='ltr'>Φλορέντιον,</span> <span class='ocrx_word' id='word_1_349' title='bbox 2926 1259 3116 1333; x_wconf 77' lang='grc' dir='ltr'>ἐπειδὴ</span> <span class='ocrx_word' id='word_1_350' title='bbox 3148 1260 3293 1313; x_wconf 82' lang='grc' dir='ltr'>κατὰ</span> <span class='ocrx_word' id='word_1_351' title='bbox 3317 1258 3578 1322; x_wconf 90' lang='grc' dir='ltr'>πλείονας</span> <span class='ocrx_word' id='word_1_352' title='bbox 3601 1259 3835 1324; x_wconf 79' lang='grc' dir='ltr'>ἐγένετο</span> 
     </span>
    </p>
   </div>
   <div class='ocr_carea' id='block_1_54' title="bbox 2238 1350 3836 1424">
    <p class='ocr_par' dir='ltr' id='par_1_54' title="bbox 2238 1350 3836 1424">
     <span class='ocr_line' id='line_1_54' title="bbox 2238 1350 3836 1424; baseline -0.001 -18"><span class='ocrx_word' id='word_1_353' title='bbox 2238 1353 2556 1424; x_wconf 75' lang='grc' dir='ltr'>διατριϐὰς,</span> <span class='ocrx_word' id='word_1_354' title='bbox 2605 1353 2700 1408; x_wconf 73' lang='grc' dir='ltr'>ἐπὶ</span> <span class='ocrx_word' id='word_1_355' title='bbox 2744 1355 2952 1424; x_wconf 81' lang='grc' dir='ltr'><strong>θάτερα</strong></span> <span class='ocrx_word' id='word_1_356' title='bbox 2981 1353 3075 1407; x_wconf 78' lang='grc' dir='ltr'>τοῦ</span> <span class='ocrx_word' id='word_1_357' title='bbox 3110 1351 3360 1422; x_wconf 86' lang='grc' dir='ltr'>ποταμοῦ</span> <span class='ocrx_word' id='word_1_358' title='bbox 3388 1351 3588 1404; x_wconf 73' lang='grc' dir='ltr'>αὐτίκα</span> <span class='ocrx_word' id='word_1_359' title='bbox 3615 1350 3742 1418; x_wconf 83' lang='grc' dir='ltr'>τήν</span> <span class='ocrx_word' id='word_1_360' title='bbox 3770 1369 3836 1404; x_wconf 79' lang='grc' dir='ltr'><strong>τε</strong></span> 
     </span>
    </p>
   </div>
   <div class='ocr_carea' id='block_1_55' title="bbox 2251 1442 3833 1516">
    <p class='ocr_par' dir='ltr' id='par_1_55' title="bbox 2251 1442 3833 1516">
     <span class='ocr_line' id='line_1_55' title="bbox 2251 1442 3833 1516; baseline -0.003 -18"><span class='ocrx_word' id='word_1_361' title='bbox 2251 1445 2514 1516; x_wconf 77' lang='grc' dir='ltr'>Ἰλλυρίδα</span> <span class='ocrx_word' id='word_1_362' title='bbox 2524 1448 2708 1502; x_wconf 81' lang='grc' dir='ltr'>πᾶσαν</span> <span class='ocrx_word' id='word_1_363' title='bbox 2728 1448 2819 1516; x_wconf 84' lang='grc' dir='ltr'><strong>ὑφ’</strong></span> <span class='ocrx_word' id='word_1_364' title='bbox 2841 1446 3019 1516; x_wconf 81' lang='grc' dir='ltr'>ἐαυτῷ</span> <span class='ocrx_word' id='word_1_365' title='bbox 3033 1447 3138 1516; x_wconf 85' lang='grc' dir='ltr'>γῆν</span> <span class='ocrx_word' id='word_1_366' title='bbox 3161 1442 3274 1515; x_wconf 76' lang='grc' dir='ltr'>εἶχε</span> <span class='ocrx_word' id='word_1_367' title='bbox 3303 1447 3402 1498; x_wconf 77' lang='grc' dir='ltr'>καὶ</span> <span class='ocrx_word' id='word_1_368' title='bbox 3429 1443 3529 1508; x_wconf 84' lang='grc' dir='ltr'>τὰς</span> <span class='ocrx_word' id='word_1_369' title='bbox 3565 1442 3833 1507; x_wconf 83' lang='grc' dir='ltr'>Ἰταλίας,</span> 
     </span>
    </p>
   </div>
   <div class='ocr_carea' id='block_1_56' title="bbox 2240 1537 3832 1612">
    <p class='ocr_par' dir='ltr' id='par_1_56' title="bbox 2240 1537 3832 1612">
     <span class='ocr_line' id='line_1_56' title="bbox 2240 1537 3832 1612; baseline -0.003 -18"><span class='ocrx_word' id='word_1_370' title='bbox 2240 1540 2336 1595; x_wconf 58' lang='grc' dir='ltr'><strong>καὶ⁵</strong></span> <span class='ocrx_word' id='word_1_371' title='bbox 2361 1541 2431 1594; x_wconf 81' lang='grc' dir='ltr'><strong>τὰ</strong></span> <span class='ocrx_word' id='word_1_372' title='bbox 2465 1541 2628 1612; x_wconf 82' lang='grc' dir='ltr'>μέχρι</span> <span class='ocrx_word' id='word_1_373' title='bbox 2669 1541 2960 1612; x_wconf 82' lang='grc' dir='ltr'>Ἐσπερίου</span> <span class='ocrx_word' id='word_1_374' title='bbox 3013 1539 3273 1595; x_wconf 80' lang='grc' dir='ltr'>Ὀκεανοῦ</span> <span class='ocrx_word' id='word_1_375' title='bbox 3325 1540 3624 1607; x_wconf 85' lang='grc' dir='ltr'>σύμπαντα</span> <span class='ocrx_word' id='word_1_376' title='bbox 3669 1537 3832 1609; x_wconf 77' lang='grc' dir='ltr'>ἔθνη,</span> 
     </span>
    </p>
   </div>
   <div class='ocr_carea' id='block_1_57' title="bbox 2237 1631 3464 1707">
    <p class='ocr_par' dir='ltr' id='par_1_57' title="bbox 2237 1631 3464 1707">
     <span class='ocr_line' id='line_1_57' title="bbox 2237 1631 3464 1707; baseline 0.002 -20"><span class='ocrx_word' id='word_1_377' title='bbox 2237 1633 2416 1688; x_wconf 80' lang='grc' dir='ltr'><strong>ὁπόσα</strong></span> <span class='ocrx_word' id='word_1_378' title='bbox 2451 1633 2553 1702; x_wconf 80' lang='grc' dir='ltr'>τῆς</span> <span class='ocrx_word' id='word_1_379' title='bbox 2589 1631 2882 1703; x_wconf 85' lang='grc' dir='ltr'>Ῥωμαίων</span> <span class='ocrx_word' id='word_1_380' title='bbox 2926 1635 3350 1705; x_wconf 84' lang='grc' dir='ltr'>ἐπικρατήσεως</span> <span class='ocrx_word' id='word_1_381' title='bbox 3374 1631 3464 1707; x_wconf 79' lang='grc' dir='ltr'>ἦν.</span> 
     </span>
    </p>
   </div>
   <div class='ocr_carea' id='block_1_58' title="bbox 2313 1724 3830 1801">
    <p class='ocr_par' dir='ltr' id='par_1_58' title="bbox 2313 1724 3830 1801">
     <span class='ocr_line' id='line_1_58' title="bbox 2313 1724 3830 1801; baseline 0.004 -23"><span class='ocrx_word' id='word_1_382' title='bbox 2313 1724 2370 1778; x_wconf 83' lang='grc' dir='ltr'>ι’.</span> <span class='ocrx_word' id='word_1_383' title='bbox 2397 1726 2456 1777; x_wconf 79' lang='grc'><strong>⁸0</strong></span> <span class='ocrx_word' id='word_1_384' title='bbox 2483 1725 2538 1778; x_wconf 83' lang='grc' dir='ltr'>δὲ</span> <span class='ocrx_word' id='word_1_385' title='bbox 2565 1727 2946 1790; x_wconf 86' lang='grc' dir='ltr'>Κωνστόιντιος</span> <span class='ocrx_word' id='word_1_386' title='bbox 2974 1725 3149 1779; x_wconf 83' lang='grc' dir='ltr'>ταῦτα</span> <span class='ocrx_word' id='word_1_387' title='bbox 3181 1728 3512 1797; x_wconf 75' lang='grc' dir='ltr'>πυθόμενος,</span> <span class='ocrx_word' id='word_1_388' title='bbox 3538 1732 3830 1801; x_wconf 76' lang='grc' dir='ltr'><strong>ἐταράχθη</strong></span> 
     </span>
    </p>
   </div>
   <div class='ocr_carea' id='block_1_59' title="bbox 2240 1810 3833 1886">
    <p class='ocr_par' dir='ltr' id='par_1_59' title="bbox 2240 1810 3833 1886">
     <span class='ocr_line' id='line_1_59' title="bbox 2240 1810 3833 1886; baseline 0.002 -16"><span class='ocrx_word' id='word_1_389' title='bbox 2240 1833 2324 1882; x_wconf 86' lang='grc' dir='ltr'><strong>τε,</strong></span> <span class='ocrx_word' id='word_1_390' title='bbox 2357 1816 2552 1886; x_wconf 77' lang='grc' dir='ltr'>ὥσπερ</span> <span class='ocrx_word' id='word_1_391' title='bbox 2580 1815 2730 1878; x_wconf 77' lang='grc' dir='ltr'>εἰκὸς</span> <span class='ocrx_word' id='word_1_392' title='bbox 2759 1810 2848 1885; x_wconf 79' lang='grc' dir='ltr'>ἦν,</span> <span class='ocrx_word' id='word_1_393' title='bbox 2880 1815 2977 1869; x_wconf 69' lang='grc' dir='ltr'>καὶ</span> <span class='ocrx_word' id='word_1_394' title='bbox 3011 1817 3142 1885; x_wconf 78' lang='grc' dir='ltr'>περὶ</span> <span class='ocrx_word' id='word_1_395' title='bbox 3183 1818 3833 1879; x_wconf 83' lang='grc' dir='ltr'>Κωνσταντινουπόλεως</span> 
     </span>
    </p>
   </div>
   <div class='ocr_carea' id='block_1_60' title="bbox 2242 1904 3833 1975">
    <p class='ocr_par' dir='ltr' id='par_1_60' title="bbox 2242 1904 3833 1975">
     <span class='ocr_line' id='line_1_60' title="bbox 2242 1904 3833 1975; baseline -0.001 -16"><span class='ocrx_word' id='word_1_396' title='bbox 2242 1905 2478 1975; x_wconf 86' lang='grc' dir='ltr'>μάλιστα</span> <span class='ocrx_word' id='word_1_397' title='bbox 2494 1905 2699 1970; x_wconf 79' lang='grc' dir='ltr'><strong>δείσας,</strong></span> <span class='ocrx_word' id='word_1_398' title='bbox 2717 1904 2813 1974; x_wconf 80' lang='grc' dir='ltr'>μὴ,</span> <span class='ocrx_word' id='word_1_399' title='bbox 2831 1905 2968 1973; x_wconf 77' lang='grc' dir='ltr'>ὅπερ</span> <span class='ocrx_word' id='word_1_400' title='bbox 2989 1905 3243 1967; x_wconf 80' lang='grc' dir='ltr'>κακεῖνος</span> <span class='ocrx_word' id='word_1_401' title='bbox 3263 1905 3540 1972; x_wconf 81' lang='grc' dir='ltr'>διενοεῖτο,</span> <span class='ocrx_word' id='word_1_402' title='bbox 3561 1905 3833 1974; x_wconf 79' lang='grc' dir='ltr'><strong>φθάσειεν</strong></span> 
     </span>
    </p>
   </div>
   <div class='ocr_carea' id='block_1_61' title="bbox 2237 1991 3833 2064">
    <p class='ocr_par' dir='ltr' id='par_1_61' title="bbox 2237 1991 3833 2064">
     <span class='ocr_line' id='line_1_61' title="bbox 2237 1991 3833 2064; baseline 0.002 -19"><span class='ocrx_word' id='word_1_403' title='bbox 2237 1993 2410 2064; x_wconf 82' lang='grc' dir='ltr'>αὐτὴν</span> <span class='ocrx_word' id='word_1_404' title='bbox 2438 1993 2529 2063; x_wconf 81' lang='grc' dir='ltr'><strong>ὑφ’</strong></span> <span class='ocrx_word' id='word_1_405' title='bbox 2561 1993 2755 2047; x_wconf 78' lang='grc' dir='ltr'>ἐαυτὸν</span> <span class='ocrx_word' id='word_1_406' title='bbox 2806 1991 3179 2060; x_wconf 80' lang='grc' dir='ltr'><strong>ποιησάμενος</strong></span> <span class='ocrx_word' id='word_1_407' title='bbox 3207 2032 3223 2057; x_wconf 95' lang='grc'><strong>,</strong></span> <span class='ocrx_word' id='word_1_408' title='bbox 3270 1993 3526 2060; x_wconf 76' lang='grc' dir='ltr'><strong>ἐπείγετο</strong></span> <span class='ocrx_word' id='word_1_409' title='bbox 3579 1994 3727 2047; x_wconf 72' lang='grc' dir='ltr'>κατὰ</span> <span class='ocrx_word' id='word_1_410' title='bbox 3761 1995 3833 2049; x_wconf 78' lang='grc' dir='ltr'>τὸ</span> 
     </span>
    </p>
   </div>
   <div class='ocr_carea' id='block_1_62' title="bbox 2236 2084 3833 2158">
    <p class='ocr_par' dir='ltr' id='par_1_62' title="bbox 2236 2084 3833 2158">
     <span class='ocr_line' id='line_1_62' title="bbox 2236 2084 3833 2158; baseline 0.001 -19"><span class='ocrx_word' id='word_1_411' title='bbox 2236 2086 2462 2141; x_wconf 83' lang='grc' dir='ltr'>δυνατὸν</span> <span class='ocrx_word' id='word_1_412' title='bbox 2495 2085 2953 2156; x_wconf 75' lang='grc' dir='ltr'>προκαταλαϐεῖν.</span> <span class='ocrx_word' id='word_1_413' title='bbox 2993 2084 3083 2138; x_wconf 83' lang='grc' dir='ltr'><strong>Ἐν</strong></span> <span class='ocrx_word' id='word_1_414' title='bbox 3110 2085 3223 2155; x_wconf 85' lang='grc' dir='ltr'>ὅσῳ</span> <span class='ocrx_word' id='word_1_415' title='bbox 3252 2085 3310 2139; x_wconf 87' lang='grc' dir='ltr'><strong>δέ</strong></span> <span class='ocrx_word' id='word_1_416' title='bbox 3351 2088 3381 2138; x_wconf 88' lang='grc' dir='ltr'><strong>ό</strong></span> <span class='ocrx_word' id='word_1_417' title='bbox 3411 2087 3639 2156; x_wconf 78' lang='grc' dir='ltr'>στρατὸς</span> <span class='ocrx_word' id='word_1_418' title='bbox 3670 2089 3833 2158; x_wconf 80' lang='grc' dir='ltr'>αὐτῷ</span> 
     </span>
    </p>
   </div>
   <div class='ocr_carea' id='block_1_63' title="bbox 2239 2177 3814 2248">
    <p class='ocr_par' dir='ltr' id='par_1_63' title="bbox 2239 2177 3814 2248">
     <span class='ocr_line' id='line_1_63' title="bbox 2239 2177 3814 2248; baseline 0.001 -16"><span class='ocrx_word' id='word_1_419' title='bbox 2239 2179 2580 2248; x_wconf 81' lang='grc' dir='ltr'>συνελέγετο,</span> <span class='ocrx_word' id='word_1_420' title='bbox 2634 2179 2780 2233; x_wconf 84' lang='grc' dir='ltr'>κατὰ</span> <span class='ocrx_word' id='word_1_421' title='bbox 2817 2178 2918 2241; x_wconf 83' lang='grc' dir='ltr'>τὰς</span> <span class='ocrx_word' id='word_1_422' title='bbox 2974 2177 3160 2242; x_wconf 85' lang='grc' dir='ltr'>πόλεις</span> <span class='ocrx_word' id='word_1_423' title='bbox 3210 2178 3311 2246; x_wconf 83' lang='grc' dir='ltr'>τῆς</span> <span class='ocrx_word' id='word_1_424' title='bbox 3362 2177 3541 2247; x_wconf 80' lang='grc' dir='ltr'>Ἐῴας</span> <span class='ocrx_word' id='word_1_425' title='bbox 3571 2180 3814 2232; x_wconf 65' lang='grc' dir='ltr'>ἐσκεδατ</span> 
     </span>
    </p>
   </div>
   <div class='ocr_carea' id='block_1_64' title="bbox 2239 2266 3831 2340">
    <p class='ocr_par' dir='ltr' id='par_1_64' title="bbox 2239 2266 3831 2340">
     <span class='ocr_line' id='line_1_64' title="bbox 2239 2266 3831 2340; baseline -0.001 -16"><span class='ocrx_word' id='word_1_426' title='bbox 2239 2271 2459 2340; x_wconf 80' lang='grc' dir='ltr'><strong>σμένος,</strong></span> <span class='ocrx_word' id='word_1_427' title='bbox 2494 2271 2588 2323; x_wconf 82' lang='grc' dir='ltr'>καὶ</span> <span class='ocrx_word' id='word_1_428' title='bbox 2613 2269 2839 2340; x_wconf 80' lang='grc' dir='ltr'>ἔμελλεν</span> <span class='ocrx_word' id='word_1_429' title='bbox 2867 2266 3234 2340; x_wconf 80' lang='grc' dir='ltr'>ἐξαρτύεσθαι</span> <span class='ocrx_word' id='word_1_430' title='bbox 3275 2269 3352 2331; x_wconf 87' lang='grc' dir='ltr'>ὡς</span> <span class='ocrx_word' id='word_1_431' title='bbox 3378 2269 3517 2338; x_wconf 82' lang='grc' dir='ltr'>πρὸς</span> <span class='ocrx_word' id='word_1_432' title='bbox 3547 2269 3831 2339; x_wconf 72' lang='grc' dir='ltr'><strong>τοσαύτην</strong></span> 
     </span>
    </p>
   </div>
   <div class='ocr_carea' id='block_1_65' title="bbox 2236 2360 3831 2431">
    <p class='ocr_par' dir='ltr' id='par_1_65' title="bbox 2236 2360 3831 2431">
     <span class='ocr_line' id='line_1_65' title="bbox 2236 2360 3831 2431; baseline -0.001 -13"><span class='ocrx_word' id='word_1_433' title='bbox 2236 2365 2379 2427; x_wconf 75' lang='grc' dir='ltr'>ὁδὸν,</span> <span class='ocrx_word' id='word_1_434' title='bbox 2435 2363 2699 2431; x_wconf 77' lang='grc' dir='ltr'>σημαίνει</span> <span class='ocrx_word' id='word_1_435' title='bbox 2726 2364 2839 2426; x_wconf 86' lang='grc' dir='ltr'>τοῖς</span> <span class='ocrx_word' id='word_1_436' title='bbox 2868 2363 3192 2424; x_wconf 71' lang='grc' dir='ltr'>ἐπισκόποις</span> <span class='ocrx_word' id='word_1_437' title='bbox 3220 2362 3300 2425; x_wconf 82' lang='grc' dir='ltr'>εἰς</span> <span class='ocrx_word' id='word_1_438' title='bbox 3330 2360 3431 2430; x_wconf 79' lang='grc' dir='ltr'>τὴν</span> <span class='ocrx_word' id='word_1_439' title='bbox 3458 2361 3695 2415; x_wconf 88' lang='grc' dir='ltr'>Νίκαιαν</span> <span class='ocrx_word' id='word_1_440' title='bbox 3727 2364 3831 2417; x_wconf 71' lang='grc' dir='ltr'><strong>αὑ-</strong></span> 
     </span>
    </p>
   </div>
   <div class='ocr_carea' id='block_1_66' title="bbox 2237 2453 3829 2525">
    <p class='ocr_par' dir='ltr' id='par_1_66' title="bbox 2237 2453 3829 2525">
     <span class='ocr_line' id='line_1_66' title="bbox 2237 2453 3829 2525; baseline -0.001 -17"><span class='ocrx_word' id='word_1_441' title='bbox 2237 2457 2330 2510; x_wconf 73' lang='grc' dir='ltr'><strong>τδν</strong></span> <span class='ocrx_word' id='word_1_442' title='bbox 2375 2456 2450 2520; x_wconf 86' lang='grc' dir='ltr'>ὡς</span> <span class='ocrx_word' id='word_1_443' title='bbox 2481 2457 2566 2509; x_wconf 81' lang='grc' dir='ltr'>ὅτι</span> <span class='ocrx_word' id='word_1_444' title='bbox 2594 2454 2827 2525; x_wconf 75' lang='grc' dir='ltr'>τάχιστα</span> <span class='ocrx_word' id='word_1_445' title='bbox 2854 2454 3089 2523; x_wconf 83' lang='grc' dir='ltr'>ὀφθῆναι</span> <span class='ocrx_word' id='word_1_446' title='bbox 3122 2453 3606 2523; x_wconf 69' lang='grc' dir='ltr'>προαφικομὲνους</span> <span class='ocrx_word' id='word_1_447' title='bbox 3633 2472 3647 2485; x_wconf 90' lang='grc'><strong>·</strong></span> <span class='ocrx_word' id='word_1_448' title='bbox 3690 2455 3829 2522; x_wconf 85' lang='grc' dir='ltr'>ἐμε-</span> 
     </span>
    </p>
   </div>
   <div class='ocr_carea' id='block_1_67' title="bbox 2237 2543 3803 2617">
    <p class='ocr_par' dir='ltr' id='par_1_67' title="bbox 2237 2543 3803 2617">
     <span class='ocr_line' id='line_1_67' title="bbox 2237 2543 3803 2617; baseline -0.003 -17"><span class='ocrx_word' id='word_1_449' title='bbox 2237 2548 2367 2601; x_wconf 78' lang='grc' dir='ltr'>λέτα</span> <span class='ocrx_word' id='word_1_450' title='bbox 2395 2548 2503 2616; x_wconf 82' lang='grc' dir='ltr'><strong>γὰρ</strong></span> <span class='ocrx_word' id='word_1_451' title='bbox 2549 2550 2606 2600; x_wconf 88' lang='grc' dir='ltr'><strong>ἐν</strong></span> <span class='ocrx_word' id='word_1_452' title='bbox 2649 2547 2786 2617; x_wconf 80' lang='grc' dir='ltr'>αὐτῇ</span> <span class='ocrx_word' id='word_1_453' title='bbox 2824 2544 3086 2613; x_wconf 78' lang='grc' dir='ltr'>δευτέραν</span> <span class='ocrx_word' id='word_1_454' title='bbox 3135 2543 3505 2612; x_wconf 83' lang='grc' dir='ltr'>συγκροτῆσαι</span> <span class='ocrx_word' id='word_1_455' title='bbox 3558 2543 3803 2607; x_wconf 69' lang='grc' dir='ltr'>σύνοδον,</span> 
     </span>
    </p>
   </div>
   <div class='ocr_carea' id='block_1_68' title="bbox 2240 2635 3812 2713">
    <p class='ocr_par' dir='ltr' id='par_1_68' title="bbox 2240 2635 3812 2713">
     <span class='ocr_line' id='line_1_68' title="bbox 2240 2635 3812 2713; baseline -0.005 -17"><span class='ocrx_word' id='word_1_456' title='bbox 2240 2643 2392 2713; x_wconf 79' lang='grc' dir='ltr'>παρὰ</span> <span class='ocrx_word' id='word_1_457' title='bbox 2421 2640 2525 2694; x_wconf 84' lang='grc' dir='ltr'>τῶν</span> <span class='ocrx_word' id='word_1_458' title='bbox 2564 2639 2843 2694; x_wconf 75' lang='grc' dir='ltr'>δυστεὸὦν</span> <span class='ocrx_word' id='word_1_459' title='bbox 2884 2637 3224 2708; x_wconf 77' lang='grc' dir='ltr'>Ἀῥρειανῶν</span> <span class='ocrx_word' id='word_1_460' title='bbox 3265 2635 3405 2688; x_wconf 75' lang='grc' dir='ltr'>κατὰ</span> <span class='ocrx_word' id='word_1_461' title='bbox 3448 2637 3542 2690; x_wconf 76' lang='grc' dir='ltr'>τοῦ</span> <span class='ocrx_word' id='word_1_462' title='bbox 3582 2636 3812 2706; x_wconf 83' lang='grc' dir='ltr'>Ὀμοου-</span> 
     </span>
    </p>
   </div>
   <div class='ocr_carea' id='block_1_69' title="bbox 2241 2728 3817 2803">
    <p class='ocr_par' dir='ltr' id='par_1_69' title="bbox 2241 2728 3817 2803">
     <span class='ocr_line' id='line_1_69' title="bbox 2241 2728 3817 2803; baseline -0.004 -16"><span class='ocrx_word' id='word_1_463' title='bbox 2241 2736 2356 2787; x_wconf 85' lang='grc' dir='ltr'>σίου</span> <span class='ocrx_word' id='word_1_464' title='bbox 2384 2731 2875 2803; x_wconf 79' lang='grc' dir='ltr'>παροτρυνόμενος.</span> <span class='ocrx_word' id='word_1_465' title='bbox 2919 2730 3071 2784; x_wconf 73' lang='grc' dir='ltr'>Ἐπεὶ</span> <span class='ocrx_word' id='word_1_466' title='bbox 3113 2731 3170 2783; x_wconf 71' lang='grc' dir='ltr'>δὲ</span> <span class='ocrx_word' id='word_1_467' title='bbox 3209 2729 3309 2800; x_wconf 74' lang='grc' dir='ltr'><strong>τὴν</strong></span> <span class='ocrx_word' id='word_1_468' title='bbox 3363 2728 3619 2783; x_wconf 77' lang='grc' dir='ltr'>Κιλικίαν</span> <span class='ocrx_word' id='word_1_469' title='bbox 3665 2729 3817 2794; x_wconf 79' lang='grc' dir='ltr'>διεξ-</span> 
     </span>
    </p>
   </div>
   <div class='ocr_carea' id='block_1_70' title="bbox 2237 2821 3804 2892">
    <p class='ocr_par' dir='ltr' id='par_1_70' title="bbox 2237 2821 3804 2892">
     <span class='ocr_line' id='line_1_70' title="bbox 2237 2821 3804 2892; baseline -0.004 -14"><span class='ocrx_word' id='word_1_470' title='bbox 2237 2823 2429 2886; x_wconf 84' lang='grc' dir='ltr'>ελθὼν,</span> <span class='ocrx_word' id='word_1_471' title='bbox 2470 2825 2550 2887; x_wconf 86' lang='grc' dir='ltr'><strong>είς</strong></span> <span class='ocrx_word' id='word_1_472' title='bbox 2587 2824 2685 2887; x_wconf 69' lang='grc' dir='ltr'>τὰς</span> <span class='ocrx_word' id='word_1_473' title='bbox 2730 2822 2921 2890; x_wconf 71' lang='grc' dir='ltr'>Μόψου</span> <span class='ocrx_word' id='word_1_474' title='bbox 2941 2821 3283 2892; x_wconf 80' lang='grc' dir='ltr'>καλουμένας</span> <span class='ocrx_word' id='word_1_475' title='bbox 3315 2823 3526 2892; x_wconf 84' lang='grc' dir='ltr'>κρήνας</span> <span class='ocrx_word' id='word_1_476' title='bbox 3549 2822 3804 2890; x_wconf 79' lang='grc' dir='ltr'>ἀφίκετο,</span> 
     </span>
    </p>
   </div>
   <div class='ocr_carea' id='block_1_71' title="bbox 2239 2913 3829 2984">
    <p class='ocr_par' dir='ltr' id='par_1_71' title="bbox 2239 2913 3829 2984">
     <span class='ocr_line' id='line_1_71' title="bbox 2239 2913 3829 2984; baseline -0.003 -14"><span class='ocrx_word' id='word_1_477' title='bbox 2239 2915 2498 2970; x_wconf 72' lang='grc' dir='ltr'>ἀσθένειά</span> <span class='ocrx_word' id='word_1_478' title='bbox 2529 2933 2616 2979; x_wconf 86' lang='grc' dir='ltr'><strong>τις</strong></span> <span class='ocrx_word' id='word_1_479' title='bbox 2667 2914 2818 2984; x_wconf 80' lang='grc' dir='ltr'>αὐτῷ</span> <span class='ocrx_word' id='word_1_480' title='bbox 2843 2914 3176 2980; x_wconf 81' lang='grc' dir='ltr'>ἐξαπιναίως</span> <span class='ocrx_word' id='word_1_481' title='bbox 3205 2913 3515 2983; x_wconf 83' lang='grc' dir='ltr'>προσέπεσε</span> <span class='ocrx_word' id='word_1_482' title='bbox 3539 2957 3552 2977; x_wconf 88' lang='grc'><strong>,</strong></span> <span class='ocrx_word' id='word_1_483' title='bbox 3590 2915 3685 2966; x_wconf 78' lang='grc' dir='ltr'>καὶ</span> <span class='ocrx_word' id='word_1_484' title='bbox 3724 2913 3829 2983; x_wconf 80' lang='grc' dir='ltr'>οὐχ</span> 
     </span>
    </p>
   </div>
   <div class='ocr_carea' id='block_1_72' title="bbox 2237 3003 3831 3078">
    <p class='ocr_par' dir='ltr' id='par_1_72' title="bbox 2237 3003 3831 3078">
     <span class='ocr_line' id='line_1_72' title="bbox 2237 3003 3831 3078; baseline -0.003 -15"><span class='ocrx_word' id='word_1_485' title='bbox 2237 3003 2349 3072; x_wconf 80' lang='grc' dir='ltr'>οἷός</span> <span class='ocrx_word' id='word_1_486' title='bbox 2384 3027 2445 3062; x_wconf 85' lang='grc' dir='ltr'><strong>τε</strong></span> <span class='ocrx_word' id='word_1_487' title='bbox 2475 3005 2540 3078; x_wconf 76' lang='grc' dir='ltr'>ἦν</span> <span class='ocrx_word' id='word_1_488' title='bbox 2565 3009 2656 3060; x_wconf 76' lang='grc' dir='ltr'>ἐπὶ</span> <span class='ocrx_word' id='word_1_489' title='bbox 2681 3007 2743 3060; x_wconf 81' lang='grc' dir='ltr'>τὸ</span> <span class='ocrx_word' id='word_1_490' title='bbox 2768 3008 2959 3078; x_wconf 78' lang='grc' dir='ltr'>πρόσω</span> <span class='ocrx_word' id='word_1_491' title='bbox 2977 3009 3197 3076; x_wconf 85' lang='grc' dir='ltr'>χωρεῖν,</span> <span class='ocrx_word' id='word_1_492' title='bbox 3250 3005 3337 3069; x_wconf 80' lang='grc' dir='ltr'>Ὠς</span> <span class='ocrx_word' id='word_1_493' title='bbox 3363 3004 3422 3059; x_wconf 86' lang='grc' dir='ltr'><strong>δέ</strong></span> <span class='ocrx_word' id='word_1_494' title='bbox 3449 3006 3646 3076; x_wconf 72' lang='grc' dir='ltr'>ᾔσθετο</span> <span class='ocrx_word' id='word_1_495' title='bbox 3684 3007 3831 3074; x_wconf 75' lang='grc' dir='ltr'>φαύ-</span> 
     </span>
    </p>
   </div>
   <div class='ocr_carea' id='block_1_73' title="bbox 2239 3097 3828 3171">
    <p class='ocr_par' dir='ltr' id='par_1_73' title="bbox 2239 3097 3828 3171">
     <span class='ocr_line' id='line_1_73' title="bbox 2239 3097 3828 3171; baseline -0.002 -17"><span class='ocrx_word' id='word_1_496' title='bbox 2239 3102 2346 3164; x_wconf 86' lang='grc' dir='ltr'><strong>λως</strong></span> <span class='ocrx_word' id='word_1_497' title='bbox 2380 3101 2519 3171; x_wconf 79' lang='grc' dir='ltr'>ἔχων</span> <span class='ocrx_word' id='word_1_498' title='bbox 2540 3100 2641 3171; x_wconf 68' lang='grc' dir='ltr'>ἤδη</span> <span class='ocrx_word' id='word_1_499' title='bbox 2675 3099 2770 3153; x_wconf 74' lang='grc' dir='ltr'>καὶ</span> <span class='ocrx_word' id='word_1_500' title='bbox 2801 3099 2900 3152; x_wconf 76' lang='grc' dir='ltr'><strong>οὐκ</strong></span> <span class='ocrx_word' id='word_1_501' title='bbox 2929 3098 2994 3152; x_wconf 82' lang='grc' dir='ltr'><strong>ἂν</strong></span> <span class='ocrx_word' id='word_1_502' title='bbox 3026 3097 3381 3167; x_wconf 83' lang='grc' dir='ltr'>βιωσόμενος,</span> <span class='ocrx_word' id='word_1_503' title='bbox 3420 3097 3520 3168; x_wconf 82' lang='grc' dir='ltr'><strong>τὴν</strong></span> <span class='ocrx_word' id='word_1_504' title='bbox 3553 3099 3828 3167; x_wconf 81' lang='grc' dir='ltr'>ταχίστην</span> 
     </span>
    </p>
   </div>
   <div class='ocr_carea' id='block_1_74' title="bbox 2159 3187 3826 3262">
    <p class='ocr_par' dir='ltr' id='par_1_74' title="bbox 2159 3187 3826 3262">
     <span class='ocr_line' id='line_1_74' title="bbox 2159 3187 3826 3262; baseline -0.004 -13"><span class='ocrx_word' id='word_1_505' title='bbox 2159 3201 2206 3260; x_wconf 83' lang='lat' dir='ltr'><strong>C.</strong></span> <span class='ocrx_word' id='word_1_506' title='bbox 2237 3195 2328 3249; x_wconf 63' lang='grc' dir='ltr'><strong>τὸν</strong></span> <span class='ocrx_word' id='word_1_507' title='bbox 2361 3191 2691 3262; x_wconf 81' lang='grc' dir='ltr'>Ἀντιοχείας</span> <span class='ocrx_word' id='word_1_508' title='bbox 2720 3191 3019 3244; x_wconf 84' lang='grc' dir='ltr'>ἐπίσκοπον</span> <span class='ocrx_word' id='word_1_509' title='bbox 3039 3187 3282 3251; x_wconf 61' lang='lat' dir='ltr'><strong>necem</strong></span> <span class='ocrx_word' id='word_1_510' title='bbox 3297 3189 3826 3258; x_wconf 81' lang='grc' dir='ltr'>μεταπεμψάμενος,</span> 
     </span>
    </p>
   </div>
   <div class='ocr_carea' id='block_1_75' title="bbox 2243 3279 3828 3352">
    <p class='ocr_par' dir='ltr' id='par_1_75' title="bbox 2243 3279 3828 3352">
     <span class='ocr_line' id='line_1_75' title="bbox 2243 3279 3828 3352; baseline -0.001 -14"><span class='ocrx_word' id='word_1_511' title='bbox 2243 3287 2508 3352; x_wconf 82' lang='grc' dir='ltr'>βαπτίσαι</span> <span class='ocrx_word' id='word_1_512' title='bbox 2555 3282 2720 3336; x_wconf 67' lang='grc' dir='ltr'>αὐτὸν</span> <span class='ocrx_word' id='word_1_513' title='bbox 2769 3284 3078 3352; x_wconf 77' lang='grc' dir='ltr'>ἐπιτρέπει,</span> <span class='ocrx_word' id='word_1_514' title='bbox 3135 3279 3232 3334; x_wconf 64' lang='lat' dir='ltr'><strong>sui</strong></span> <span class='ocrx_word' id='word_1_515' title='bbox 3290 3280 3354 3350; x_wconf 80' lang='grc' dir='ltr'>δὴ</span> <span class='ocrx_word' id='word_1_516' title='bbox 3411 3280 3828 3351; x_wconf 77' lang='grc' dir='ltr'>βαπτισάμενος</span> 
     </span>
    </p>
   </div>
   <div class='ocr_carea' id='block_1_76' title="bbox 2239 3371 3826 3447">
    <p class='ocr_par' dir='ltr' id='par_1_76' title="bbox 2239 3371 3826 3447">
     <span class='ocr_line' id='line_1_76' title="bbox 2239 3371 3826 3447; baseline -0.004 -15"><span class='ocrx_word' id='word_1_517' title='bbox 2239 3381 2337 3432; x_wconf 72' lang='grc' dir='ltr'>καὶ</span> <span class='ocrx_word' id='word_1_518' title='bbox 2365 3375 2566 3447; x_wconf 84' lang='grc' dir='ltr'>μικρὸν</span> <span class='ocrx_word' id='word_1_519' title='bbox 2588 3373 2858 3436; x_wconf 79' lang='grc' dir='ltr'>ἐπιϐιοὺς,</span> <span class='ocrx_word' id='word_1_520' title='bbox 2908 3373 3106 3427; x_wconf 82' lang='grc' dir='ltr'>αὐτόθι</span> <span class='ocrx_word' id='word_1_521' title='bbox 3141 3371 3428 3442; x_wconf 85' lang='grc' dir='ltr'>προλείπει</span> <span class='ocrx_word' id='word_1_522' title='bbox 3469 3372 3529 3425; x_wconf 79' lang='grc' dir='ltr'>τὸ</span> <span class='ocrx_word' id='word_1_523' title='bbox 3565 3372 3693 3443; x_wconf 80' lang='grc' dir='ltr'>ζῇν,</span> <span class='ocrx_word' id='word_1_524' title='bbox 3724 3373 3826 3440; x_wconf 77' lang='grc' dir='ltr'><strong>βα-</strong></span> 
     </span>
    </p>
   </div>
   <div class='ocr_carea' id='block_1_77' title="bbox 2239 3461 3825 3534">
    <p class='ocr_par' dir='ltr' id='par_1_77' title="bbox 2239 3461 3825 3534">
     <span class='ocr_line' id='line_1_77' title="bbox 2239 3461 3825 3534; baseline -0.004 -12"><span class='ocrx_word' id='word_1_525' title='bbox 2239 3467 2498 3529; x_wconf 86' lang='grc' dir='ltr'>σιλεύσας</span> <span class='ocrx_word' id='word_1_526' title='bbox 2538 3465 2608 3520; x_wconf 83' lang='grc' dir='ltr'>τὰ</span> <span class='ocrx_word' id='word_1_527' title='bbox 2653 3464 2949 3534; x_wconf 85' lang='grc' dir='ltr'>σύμπαντα</span> <span class='ocrx_word' id='word_1_528' title='bbox 2996 3463 3093 3534; x_wconf 78' lang='grc' dir='ltr'>ἔτη</span> <span class='ocrx_word' id='word_1_529' title='bbox 3123 3463 3548 3534; x_wconf 81' lang='grc' dir='ltr'>τεσσαράκοντα,</span> <span class='ocrx_word' id='word_1_530' title='bbox 3599 3463 3670 3514; x_wconf 79' lang='grc' dir='ltr'>τὰ</span> <span class='ocrx_word' id='word_1_531' title='bbox 3720 3461 3825 3532; x_wconf 72' lang='grc' dir='ltr'>μὲν</span> 
     </span>
    </p>
   </div>
   <div class='ocr_carea' id='block_1_78' title="bbox 2238 3550 3822 3622">
    <p class='ocr_par' dir='ltr' id='par_1_78' title="bbox 2238 3550 3822 3622">
     <span class='ocr_line' id='line_1_78' title="bbox 2238 3550 3822 3622; baseline -0.003 -13"><span class='ocrx_word' id='word_1_532' title='bbox 2238 3556 2418 3609; x_wconf 78' lang='grc' dir='ltr'>εἴκοσι</span> <span class='ocrx_word' id='word_1_533' title='bbox 2473 3553 2614 3622; x_wconf 83' lang='grc' dir='ltr'>μετὰ</span> <span class='ocrx_word' id='word_1_534' title='bbox 2665 3552 2761 3606; x_wconf 81' lang='grc' dir='ltr'>τοῦ</span> <span class='ocrx_word' id='word_1_535' title='bbox 2809 3553 3088 3622; x_wconf 86' lang='grc' dir='ltr'>πατέρος,</span> <span class='ocrx_word' id='word_1_536' title='bbox 3132 3553 3290 3621; x_wconf 83' lang='grc' dir='ltr'><strong>μόνος</strong></span> <span class='ocrx_word' id='word_1_537' title='bbox 3330 3551 3389 3604; x_wconf 82' lang='grc' dir='ltr'>δὲ</span> <span class='ocrx_word' id='word_1_538' title='bbox 3435 3550 3508 3604; x_wconf 82' lang='grc' dir='ltr'>τὰ</span> <span class='ocrx_word' id='word_1_539' title='bbox 3537 3550 3822 3605; x_wconf 81' lang='grc' dir='ltr'>ἐπίλοιπα.</span> 
     </span>
    </p>
   </div>
   <div class='ocr_carea' id='block_1_79' title="bbox 2310 3642 3826 3715">
    <p class='ocr_par' dir='ltr' id='par_1_79' title="bbox 2310 3642 3826 3715">
     <span class='ocr_line' id='line_1_79' title="bbox 2310 3642 3826 3715; baseline -0.003 -15"><span class='ocrx_word' id='word_1_540' title='bbox 2310 3645 2414 3701; x_wconf 76' lang='lat' dir='ltr'><strong>lA&#39;.</strong></span> <span class='ocrx_word' id='word_1_541' title='bbox 2454 3645 2627 3698; x_wconf 79' lang='grc' dir='ltr'>Αὐτὸν</span> <span class='ocrx_word' id='word_1_542' title='bbox 2671 3644 2730 3698; x_wconf 85' lang='grc' dir='ltr'><strong>δέ</strong></span> <span class='ocrx_word' id='word_1_543' title='bbox 2775 3645 2807 3715; x_wconf 77' lang='grc' dir='ltr'>ἡ</span> <span class='ocrx_word' id='word_1_544' title='bbox 2861 3643 3093 3714; x_wconf 80' lang='grc' dir='ltr'>στρατιὰ</span> <span class='ocrx_word' id='word_1_545' title='bbox 3148 3642 3552 3713; x_wconf 77' lang='grc' dir='ltr'>ὀλοφυρομένη,</span> <span class='ocrx_word' id='word_1_546' title='bbox 3606 3644 3703 3696; x_wconf 78' lang='grc' dir='ltr'>καὶ</span> <span class='ocrx_word' id='word_1_547' title='bbox 3750 3643 3826 3696; x_wconf 80' lang='grc' dir='ltr'><strong>τὰ</strong></span> 
     </span>
    </p>
   </div>
   <div class='ocr_carea' id='block_1_80' title="bbox 2239 3732 3827 3806">
    <p class='ocr_par' dir='ltr' id='par_1_80' title="bbox 2239 3732 3827 3806">
     <span class='ocr_line' id='line_1_80' title="bbox 2239 3732 3827 3806; baseline -0.003 -15"><span class='ocrx_word' id='word_1_548' title='bbox 2239 3735 2580 3806; x_wconf 78' lang='grc' dir='ltr'>νομιζόμενα</span> <span class='ocrx_word' id='word_1_549' title='bbox 2634 3733 2723 3788; x_wconf 84' lang='grc' dir='ltr'><strong>ἐπ’</strong></span> <span class='ocrx_word' id='word_1_550' title='bbox 2779 3733 2934 3805; x_wconf 86' lang='grc' dir='ltr'><strong>αὐτῷ</strong></span> <span class='ocrx_word' id='word_1_551' title='bbox 2984 3732 3277 3799; x_wconf 83' lang='grc' dir='ltr'>τελέσασα,</span> <span class='ocrx_word' id='word_1_552' title='bbox 3339 3732 3572 3804; x_wconf 79' lang='grc' dir='ltr'>λάρνακι</span> <span class='ocrx_word' id='word_1_553' title='bbox 3627 3733 3827 3788; x_wconf 85' lang='grc' dir='ltr'>τοῦτον</span> 
     </span>
    </p>
   </div>
   <div class='ocr_carea' id='block_1_81' title="bbox 2238 3825 3826 3896">
    <p class='ocr_par' dir='ltr' id='par_1_81' title="bbox 2238 3825 3826 3896">
     <span class='ocr_line' id='line_1_81' title="bbox 2238 3825 3826 3896; baseline -0.001 -14"><span class='ocrx_word' id='word_1_554' title='bbox 2238 3827 2519 3893; x_wconf 78' lang='grc' dir='ltr'>ἐνέθεσαν,</span> <span class='ocrx_word' id='word_1_555' title='bbox 2554 3828 2668 3890; x_wconf 84' lang='grc' dir='ltr'>τοῖς</span> <span class='ocrx_word' id='word_1_556' title='bbox 2699 3825 2946 3880; x_wconf 84' lang='grc' dir='ltr'>είωθόσιν</span> <span class='ocrx_word' id='word_1_557' title='bbox 2971 3826 3050 3888; x_wconf 82' lang='grc' dir='ltr'><strong>είς</strong></span> <span class='ocrx_word' id='word_1_558' title='bbox 3080 3825 3142 3878; x_wconf 82' lang='grc' dir='ltr'>τὸ</span> <span class='ocrx_word' id='word_1_559' title='bbox 3184 3825 3476 3896; x_wconf 79' lang='grc' dir='ltr'>διαρκέσαι</span> <span class='ocrx_word' id='word_1_560' title='bbox 3516 3826 3826 3880; x_wconf 76' lang='grc' dir='ltr'>σκευάσαν-</span> 
     </span>
    </p>
   </div>
   <div class='ocr_carea' id='block_1_82' title="bbox 2238 3917 3824 3990">
    <p class='ocr_par' dir='ltr' id='par_1_82' title="bbox 2238 3917 3824 3990">
     <span class='ocr_line' id='line_1_82' title="bbox 2238 3917 3824 3990; baseline -0.001 -17"><span class='ocrx_word' id='word_1_561' title='bbox 2238 3937 2330 3984; x_wconf 78' lang='grc' dir='ltr'><strong>τες</strong></span> <span class='ocrx_word' id='word_1_562' title='bbox 2354 3919 2447 3974; x_wconf 77' lang='grc' dir='ltr'>τὸν</span> <span class='ocrx_word' id='word_1_563' title='bbox 2471 3919 2693 3990; x_wconf 80' lang='grc' dir='ltr'>νεκρὸν,</span> <span class='ocrx_word' id='word_1_564' title='bbox 2730 3918 2829 3972; x_wconf 80' lang='grc' dir='ltr'><strong>καὶ</strong></span> <span class='ocrx_word' id='word_1_565' title='bbox 2861 3919 2945 3980; x_wconf 78' lang='grc' dir='ltr'>εἰς</span> <span class='ocrx_word' id='word_1_566' title='bbox 2971 3917 3190 3988; x_wconf 71' lang='grc' dir='ltr'>ἅμαξαν</span> <span class='ocrx_word' id='word_1_567' title='bbox 3216 3917 3523 3988; x_wconf 82' lang='grc' dir='ltr'>ἐνθέμενοι,</span> <span class='ocrx_word' id='word_1_568' title='bbox 3558 3918 3824 3988; x_wconf 77' lang='grc' dir='ltr'>ἐκόμιζον</span> 
     </span>
    </p>
   </div>
   <div class='ocr_carea' id='block_1_83' title="bbox 2239 4009 3827 4082">
    <p class='ocr_par' dir='ltr' id='par_1_83' title="bbox 2239 4009 3827 4082">
     <span class='ocr_line' id='line_1_83' title="bbox 2239 4009 3827 4082; baseline -0.001 -17"><span class='ocrx_word' id='word_1_569' title='bbox 2239 4014 2336 4066; x_wconf 75' lang='grc' dir='ltr'>ἐπὶ</span> <span class='ocrx_word' id='word_1_570' title='bbox 2413 4011 2512 4082; x_wconf 78' lang='grc' dir='ltr'>τὴν</span> <span class='ocrx_word' id='word_1_571' title='bbox 2585 4009 3186 4073; x_wconf 84' lang='grc' dir='ltr'>Κωνσταντινούπολιν,</span> <span class='ocrx_word' id='word_1_572' title='bbox 3259 4010 3358 4064; x_wconf 77' lang='grc' dir='ltr'><strong>σὺν</strong></span> <span class='ocrx_word' id='word_1_573' title='bbox 3416 4012 3534 4071; x_wconf 87' lang='grc' dir='ltr'>τοῖς</span> <span class='ocrx_word' id='word_1_574' title='bbox 3598 4011 3827 4072; x_wconf 82' lang='grc' dir='ltr'>οίκείοις</span> 
     </span>
    </p>
   </div>
   <div class='ocr_carea' id='block_1_84' title="bbox 2239 4101 3826 4172">
    <p class='ocr_par' dir='ltr' id='par_1_84' title="bbox 2239 4101 3826 4172">
     <span class='ocr_line' id='line_1_84' title="bbox 2239 4101 3826 4172; baseline -0.001 -14"><span class='ocrx_word' id='word_1_575' title='bbox 2239 4106 2474 4167; x_wconf 70' lang='grc' dir='ltr'>ἕκαστος</span> <span class='ocrx_word' id='word_1_576' title='bbox 2504 4103 2691 4166; x_wconf 81' lang='grc' dir='ltr'>ὅπλοις</span> <span class='ocrx_word' id='word_1_577' title='bbox 2720 4101 2872 4172; x_wconf 83' lang='grc' dir='ltr'><strong>αὐτῷ</strong></span> <span class='ocrx_word' id='word_1_578' title='bbox 2902 4101 3257 4172; x_wconf 72' lang='grc' dir='ltr'>ἐφεπόμενοι,</span> <span class='ocrx_word' id='word_1_579' title='bbox 3296 4102 3392 4156; x_wconf 76' lang='grc' dir='ltr'>καὶ</span> <span class='ocrx_word' id='word_1_580' title='bbox 3425 4103 3569 4155; x_wconf 78' lang='grc' dir='ltr'>κατὰ</span> <span class='ocrx_word' id='word_1_581' title='bbox 3598 4103 3692 4156; x_wconf 73' lang='grc' dir='ltr'><strong>τὸν</strong></span> <span class='ocrx_word' id='word_1_582' title='bbox 3729 4105 3826 4156; x_wconf 67' lang='grc' dir='ltr'><strong>αὖα</strong></span> 
     </span>
    </p>
   </div>
   <div class='ocr_carea' id='block_1_85' title="bbox 2239 4194 3828 4265">
    <p class='ocr_par' dir='ltr' id='par_1_85' title="bbox 2239 4194 3828 4265">
     <span class='ocr_line' id='line_1_85' title="bbox 2239 4194 3828 4265; baseline 0 -15"><span class='ocrx_word' id='word_1_583' title='bbox 2239 4196 2331 4250; x_wconf 76' lang='grc' dir='ltr'>τὸν</span> <span class='ocrx_word' id='word_1_584' title='bbox 2381 4197 2588 4264; x_wconf 77' lang='grc' dir='ltr'>κόσμον</span> <span class='ocrx_word' id='word_1_585' title='bbox 2625 4197 2796 4264; x_wconf 86' lang='grc' dir='ltr'>ὅνπερ</span> <span class='ocrx_word' id='word_1_586' title='bbox 2838 4194 2935 4248; x_wconf 75' lang='grc' dir='ltr'>καὶ</span> <span class='ocrx_word' id='word_1_587' title='bbox 2975 4194 3176 4257; x_wconf 80' lang='grc' dir='ltr'>ζῶντος</span> <span class='ocrx_word' id='word_1_588' title='bbox 3213 4197 3272 4247; x_wconf 87' lang='grc' dir='ltr'>ἐν</span> <span class='ocrx_word' id='word_1_589' title='bbox 3315 4197 3429 4258; x_wconf 83' lang='grc' dir='ltr'>τοῖς</span> <span class='ocrx_word' id='word_1_590' title='bbox 3462 4196 3700 4265; x_wconf 84' lang='grc' dir='ltr'>ἡγεμόσι</span> <span class='ocrx_word' id='word_1_591' title='bbox 3743 4214 3828 4250; x_wconf 86' lang='grc' dir='ltr'>τε-</span> 
     </span>
    </p>
   </div>
   <div class='ocr_carea' id='block_1_86' title="bbox 2241 4278 3828 4356">
    <p class='ocr_par' dir='ltr' id='par_1_86' title="bbox 2241 4278 3828 4356">
     <span class='ocr_line' id='line_1_86' title="bbox 2241 4278 3828 4356; baseline -0.001 -15"><span class='ocrx_word' id='word_1_592' title='bbox 2241 4289 2511 4356; x_wconf 86' lang='grc' dir='ltr'>ταγμένοι</span> <span class='ocrx_word' id='word_1_593' title='bbox 2552 4285 2873 4354; x_wconf 81' lang='grc' dir='ltr'>ἐτύγχανον.</span> <span class='ocrx_word' id='word_1_594' title='bbox 2918 4278 3083 4339; x_wconf 73' lang='grc' dir='ltr'>Οὗτοι</span> <span class='ocrx_word' id='word_1_595' title='bbox 3115 4285 3216 4355; x_wconf 79' lang='grc' dir='ltr'>μὲν</span> <span class='ocrx_word' id='word_1_596' title='bbox 3251 4285 3316 4355; x_wconf 83' lang='grc' dir='ltr'>δὴ</span> <span class='ocrx_word' id='word_1_597' title='bbox 3345 4286 3446 4354; x_wconf 82' lang='grc' dir='ltr'><strong>τὴν</strong></span> <span class='ocrx_word' id='word_1_598' title='bbox 3479 4287 3828 4340; x_wconf 80' lang='grc' dir='ltr'>Κωνσταντι-</span> 
     </span>
    </p>
   </div>
   <div class='ocr_carea' id='block_1_87' title="bbox 2241 4373 3828 4446">
    <p class='ocr_par' dir='ltr' id='par_1_87' title="bbox 2241 4373 3828 4446">
     <span class='ocr_line' id='line_1_87' title="bbox 2241 4373 3828 4446; baseline 0 -15"><span class='ocrx_word' id='word_1_599' title='bbox 2241 4375 2498 4432; x_wconf 82' lang='grc' dir='ltr'>νούπολιν</span> <span class='ocrx_word' id='word_1_600' title='bbox 2530 4373 2676 4445; x_wconf 75' lang='grc' dir='ltr'>εἶχον</span> <span class='ocrx_word' id='word_1_601' title='bbox 2711 4375 2938 4443; x_wconf 78' lang='grc' dir='ltr'>ἄγοντες</span> <span class='ocrx_word' id='word_1_602' title='bbox 2964 4375 3056 4428; x_wconf 86' lang='grc' dir='ltr'>τὸν</span> <span class='ocrx_word' id='word_1_603' title='bbox 3089 4375 3305 4446; x_wconf 71' lang='grc' dir='ltr'>νεκρὸν,</span> <span class='ocrx_word' id='word_1_604' title='bbox 3340 4376 3438 4429; x_wconf 80' lang='grc' dir='ltr'>καὶ</span> <span class='ocrx_word' id='word_1_605' title='bbox 3468 4377 3496 4428; x_wconf 84' lang='grc' dir='ltr'><strong>ὁ</strong></span> <span class='ocrx_word' id='word_1_606' title='bbox 3534 4377 3828 4442; x_wconf 79' lang='grc' dir='ltr'>Ἰουλιανὸς</span> 
     </span>
    </p>
   </div>
   <div class='ocr_carea' id='block_1_88' title="bbox 2246 4466 3828 4539">
    <p class='ocr_par' dir='ltr' id='par_1_88' title="bbox 2246 4466 3828 4539">
     <span class='ocr_line' id='line_1_88' title="bbox 2246 4466 3828 4539; baseline 0.002 -17"><span class='ocrx_word' id='word_1_607' title='bbox 2246 4469 2673 4538; x_wconf 79' lang='grc' dir='ltr'>συνομάρτησεν</span> <span class='ocrx_word' id='word_1_608' title='bbox 2715 4469 2779 4521; x_wconf 83' lang='grc' dir='ltr'><strong>ἐκ</strong></span> <span class='ocrx_word' id='word_1_609' title='bbox 2820 4467 2930 4521; x_wconf 84' lang='grc' dir='ltr'><strong>τῶν</strong></span> <span class='ocrx_word' id='word_1_610' title='bbox 2990 4466 3266 4537; x_wconf 80' lang='grc' dir='ltr'>Ἰλλυριῶν</span> <span class='ocrx_word' id='word_1_611' title='bbox 3308 4467 3672 4539; x_wconf 84' lang='grc' dir='ltr'>ἀφικόμενος,</span> <span class='ocrx_word' id='word_1_612' title='bbox 3732 4472 3828 4525; x_wconf 78' lang='grc' dir='ltr'>καὶ</span> 
     </span>
    </p>
   </div>
   <div class='ocr_carea' id='block_1_89' title="bbox 558 4545 2136 4633">
    <p class='ocr_par' dir='ltr' id='par_1_89' title="bbox 558 4546 2136 4624">
     <span class='ocr_line' id='line_1_89' title="bbox 558 4546 2136 4624; baseline 0.013 -28"><span class='ocrx_word' id='word_1_613' title='bbox 558 4552 788 4598; x_wconf 81' lang='lat' dir='ltr'><strong>umrtem</strong></span> <span class='ocrx_word' id='word_1_614' title='bbox 816 4546 1117 4603; x_wconf 82' lang='lat' dir='ltr'><strong>Constantii</strong></span> <span class='ocrx_word' id='word_1_615' title='bbox 1153 4565 1288 4605; x_wconf 92' lang='lat' dir='ltr'><strong>auso</strong></span> <span class='ocrx_word' id='word_1_616' title='bbox 1318 4551 1369 4606; x_wconf 90' lang='lat' dir='ltr'><strong>ei</strong></span> <span class='ocrx_word' id='word_1_617' title='bbox 1425 4569 1748 4624; x_wconf 86' lang='lat' dir='ltr'><strong>repugnare.</strong></span> <span class='ocrx_word' id='word_1_618' title='bbox 1780 4557 1916 4613; x_wconf 85' lang='lat' dir='ltr'><strong>Cum</strong></span> <span class='ocrx_word' id='word_1_619' title='bbox 1953 4571 2136 4617; x_wconf 90' lang='lat' dir='ltr'><strong>autem</strong></span> 
     </span>
    </p>
   </div>
   <div class='ocr_carea' id='block_1_90' title="bbox 2238 4545 3821 4633">
    <p class='ocr_par' dir='ltr' id='par_1_90' title="bbox 2241 4560 3821 4633">
     <span class='ocr_line' id='line_1_90' title="bbox 2241 4560 3821 4633; baseline 0.002 -21"><span class='ocrx_word' id='word_1_620' title='bbox 2241 4561 2342 4633; x_wconf 73' lang='grc' dir='ltr'>ἤδη</span> <span class='ocrx_word' id='word_1_621' title='bbox 2377 4561 2609 4631; x_wconf 76' lang='grc' dir='ltr'>βεϐαίως</span> <span class='ocrx_word' id='word_1_622' title='bbox 2644 4561 2784 4629; x_wconf 77' lang='grc' dir='ltr'>ἔχων</span> <span class='ocrx_word' id='word_1_623' title='bbox 2800 4560 2898 4631; x_wconf 83' lang='grc' dir='ltr'>τὴν</span> <span class='ocrx_word' id='word_1_624' title='bbox 2930 4563 3112 4614; x_wconf 83' lang='grc' dir='ltr'>πᾶσαν</span> <span class='ocrx_word' id='word_1_625' title='bbox 3135 4560 3436 4631; x_wconf 83' lang='grc' dir='ltr'>βασιλείαν,</span> <span class='ocrx_word' id='word_1_626' title='bbox 3471 4561 3686 4624; x_wconf 72' lang='grc' dir='ltr'>οὐδενὸς</span> <span class='ocrx_word' id='word_1_627' title='bbox 3727 4564 3821 4615; x_wconf 80' lang='grc' dir='ltr'><strong>αὐο</strong></span> 
     </span>
    </p>
   </div>
   <div class='ocr_carea' id='block_1_91' title="bbox 555 4641 2133 4722">
    <p class='ocr_par' dir='ltr' id='par_1_91' title="bbox 555 4641 2133 4722">
     <span class='ocr_line' id='line_1_91' title="bbox 555 4641 2133 4722; baseline 0.011 -31"><span class='ocrx_word' id='word_1_628' title='bbox 555 4641 793 4694; x_wconf 80' lang='lat' dir='ltr'><strong>ferretur</strong></span> <span class='ocrx_word' id='word_1_629' title='bbox 872 4655 1070 4710; x_wconf 85' lang='lat' dir='ltr'><strong>corpus</strong></span> <span class='ocrx_word' id='word_1_630' title='bbox 1118 4641 1173 4695; x_wconf 91' lang='lat' dir='ltr'><strong>in</strong></span> <span class='ocrx_word' id='word_1_631' title='bbox 1249 4644 1508 4713; x_wconf 90' lang='lat' dir='ltr'><strong>templum</strong></span> <span class='ocrx_word' id='word_1_632' title='bbox 1552 4645 1652 4702; x_wconf 90' lang='lat' dir='ltr'><strong>SS.</strong></span> <span class='ocrx_word' id='word_1_633' title='bbox 1705 4650 2133 4722; x_wconf 84' lang='lat' dir='ltr'><strong>Apostolorum,</strong></span> 
     </span>
    </p>
   </div>
   <div class='ocr_carea' id='block_1_92' title="bbox 557 4731 2121 4814">
    <p class='ocr_par' dir='ltr' id='par_1_92' title="bbox 557 4731 2121 4814">
     <span class='ocr_line' id='line_1_92' title="bbox 557 4731 2121 4814; baseline 0.009 -27"><span class='ocrx_word' id='word_1_634' title='bbox 557 4731 650 4787; x_wconf 76' lang='lat' dir='ltr'><strong>ubi</strong></span> <span class='ocrx_word' id='word_1_635' title='bbox 685 4746 854 4801; x_wconf 82' lang='lat' dir='ltr'><strong>prepe</strong></span> <span class='ocrx_word' id='word_1_636' title='bbox 894 4741 1104 4801; x_wconf 79' lang='lat' dir='ltr'><strong>patrem</strong></span> <span class='ocrx_word' id='word_1_637' title='bbox 1127 4747 1252 4788; x_wconf 90' lang='lat' dir='ltr'><strong>eum</strong></span> <span class='ocrx_word' id='word_1_638' title='bbox 1282 4746 1436 4792; x_wconf 88' lang='lat' dir='ltr'><strong>erant</strong></span> <span class='ocrx_word' id='word_1_639' title='bbox 1459 4739 1979 4807; x_wconf 72' lang='lat' dir='ltr'><strong>posituri,‘Julianus</strong></span> <span class='ocrx_word' id='word_1_640' title='bbox 2005 4761 2121 4814; x_wconf 78' lang='lat' dir='ltr'><strong>ipse</strong></span> 
     </span>
    </p>
   </div>
   <div class='ocr_carea' id='block_1_93' title="bbox 558 4824 2125 4894">
    <p class='ocr_par' dir='ltr' id='par_1_93' title="bbox 558 4824 2125 4894">
     <span class='ocr_line' id='line_1_93' title="bbox 558 4824 2125 4894; baseline 0.009 -18"><span class='ocrx_word' id='word_1_641' title='bbox 558 4824 897 4891; x_wconf 70' lang='lat' dir='ltr'><strong>praecedebat</strong></span> <span class='ocrx_word' id='word_1_642' title='bbox 923 4824 1143 4887; x_wconf 88' lang='lat' dir='ltr'><strong>lectum,</strong></span> <span class='ocrx_word' id='word_1_643' title='bbox 1184 4824 1346 4894; x_wconf 83' lang='lat' dir='ltr'><strong>capiti</strong></span> <span class='ocrx_word' id='word_1_644' title='bbox 1380 4827 1561 4883; x_wconf 88' lang='lat' dir='ltr'><strong>ablato</strong></span> <span class='ocrx_word' id='word_1_645' title='bbox 1595 4829 1919 4886; x_wconf 85' lang='lat' dir='ltr'><strong>diademate.</strong></span> <span class='ocrx_word' id='word_1_646' title='bbox 1968 4833 2125 4889; x_wconf 84' lang='lat' dir='ltr'><strong>Post—</strong></span> 
     </span>
    </p>
   </div>
   <div class='ocr_carea' id='block_1_94' title="bbox 556 4916 2138 4988">
    <p class='ocr_par' dir='ltr' id='par_1_94' title="bbox 556 4916 2138 4988">
     <span class='ocr_line' id='line_1_94' title="bbox 556 4916 2138 4988; baseline 0.01 -25"><span class='ocrx_word' id='word_1_647' title='bbox 556 4927 721 4979; x_wconf 84' lang='lat' dir='ltr'><strong>quam</strong></span> <span class='ocrx_word' id='word_1_648' title='bbox 757 4922 939 4967; x_wconf 80' lang='lat' dir='ltr'><strong>autem</strong></span> <span class='ocrx_word' id='word_1_649' title='bbox 975 4928 1100 4968; x_wconf 89' lang='lat' dir='ltr'><strong>eum</strong></span> <span class='ocrx_word' id='word_1_650' title='bbox 1146 4916 1503 4985; x_wconf 79' lang='lat' dir='ltr'><strong>sepelierunt,</strong></span> <span class='ocrx_word' id='word_1_651' title='bbox 1554 4920 1664 4988; x_wconf 84' lang='lat' dir='ltr'><strong>jam</strong></span> <span class='ocrx_word' id='word_1_652' title='bbox 1696 4921 1922 4976; x_wconf 89' lang='lat' dir='ltr'><strong>veniens</strong></span> <span class='ocrx_word' id='word_1_653' title='bbox 1959 4924 2012 4977; x_wconf 92' lang='lat' dir='ltr'><strong>in</strong></span> <span class='ocrx_word' id='word_1_654' title='bbox 2051 4940 2138 4979; x_wconf 90' lang='lat' dir='ltr'><strong>re-</strong></span> 
     </span>
    </p>
   </div>
   <div class='ocr_carea' id='block_1_95' title="bbox 555 5001 2134 5084">
    <p class='ocr_par' dir='ltr' id='par_1_95' title="bbox 555 5001 2134 5084">
     <span class='ocr_line' id='line_1_95' title="bbox 555 5001 2134 5084; baseline 0.008 -27"><span class='ocrx_word' id='word_1_655' title='bbox 555 5001 722 5072; x_wconf 72' lang='lat' dir='ltr'><strong>giam,</strong></span> <span class='ocrx_word' id='word_1_656' title='bbox 753 5013 880 5059; x_wconf 90' lang='lat' dir='ltr'><strong>tunc</strong></span> <span class='ocrx_word' id='word_1_657' title='bbox 907 5021 1096 5059; x_wconf 87' lang='lat' dir='ltr'><strong>rursus</strong></span> <span class='ocrx_word' id='word_1_658' title='bbox 1133 5006 1393 5074; x_wconf 89' lang='lat' dir='ltr'><strong>imposuit</strong></span> <span class='ocrx_word' id='word_1_659' title='bbox 1417 5008 1686 5074; x_wconf 84' lang='lat' dir='ltr'><strong>diadema,</strong></span> <span class='ocrx_word' id='word_1_660' title='bbox 1721 5024 1774 5066; x_wconf 88' lang='lat' dir='ltr'><strong>et</strong></span> <span class='ocrx_word' id='word_1_661' title='bbox 1819 5029 2002 5068; x_wconf 87' lang='lat' dir='ltr'><strong>rerum</strong></span> <span class='ocrx_word' id='word_1_662' title='bbox 2037 5031 2134 5084; x_wconf 84' lang='lat' dir='ltr'><strong>po-</strong></span> 
     </span>
    </p>
   </div>
   <div class='ocr_carea' id='block_1_96' title="bbox 557 5095 2134 5177">
    <p class='ocr_par' dir='ltr' id='par_1_96' title="bbox 557 5095 2134 5177">
     <span class='ocr_line' id='line_1_96' title="bbox 557 5095 2134 5177; baseline 0.01 -30"><span class='ocrx_word' id='word_1_663' title='bbox 557 5095 813 5162; x_wconf 88' lang='lat' dir='ltr'><strong>tiebatur,</strong></span> <span class='ocrx_word' id='word_1_664' title='bbox 843 5097 992 5151; x_wconf 87' lang='lat' dir='ltr'><strong>solus</strong></span> <span class='ocrx_word' id='word_1_665' title='bbox 1015 5098 1127 5167; x_wconf 87' lang='lat' dir='ltr'><strong>jam</strong></span> <span class='ocrx_word' id='word_1_666' title='bbox 1156 5097 1531 5155; x_wconf 81' lang='lat' dir='ltr'><strong>Romanorum</strong></span> <span class='ocrx_word' id='word_1_667' title='bbox 1560 5103 1876 5159; x_wconf 87' lang='lat' dir='ltr'><strong>universum</strong></span> <span class='ocrx_word' id='word_1_668' title='bbox 1905 5107 2134 5177; x_wconf 89' lang='lat' dir='ltr'><strong>adeptus</strong></span> 
     </span>
    </p>
   </div>
   <div class='ocr_carea' id='block_1_97' title="bbox 555 5187 2132 5263">
    <p class='ocr_par' dir='ltr' id='par_1_97' title="bbox 555 5187 2132 5263">
     <span class='ocr_line' id='line_1_97' title="bbox 555 5187 2132 5263; baseline 0.007 -22"><span class='ocrx_word' id='word_1_669' title='bbox 555 5187 868 5257; x_wconf 85' lang='lat' dir='ltr'><strong>imperium.</strong></span> <span class='ocrx_word' id='word_1_670' title='bbox 916 5190 1053 5244; x_wconf 86' lang='lat' dir='ltr'><strong>Cum</strong></span> <span class='ocrx_word' id='word_1_671' title='bbox 1099 5207 1227 5261; x_wconf 79' lang='lat' dir='ltr'><strong>ergo</strong></span> <span class='ocrx_word' id='word_1_672' title='bbox 1270 5193 1594 5249; x_wconf 79' lang='lat' dir='ltr'><strong>excessisset</strong></span> <span class='ocrx_word' id='word_1_673' title='bbox 1647 5195 2018 5263; x_wconf 82' lang='lat' dir='ltr'><strong>Constantius,</strong></span> <span class='ocrx_word' id='word_1_674' title='bbox 2077 5199 2132 5252; x_wconf 90' lang='lat' dir='ltr'><strong>in</strong></span> 
     </span>
    </p>
   </div>
   <div class='ocr_carea' id='block_1_98' title="bbox 553 5281 2134 5359">
    <p class='ocr_par' dir='ltr' id='par_1_98' title="bbox 553 5281 2134 5359">
     <span class='ocr_line' id='line_1_98' title="bbox 553 5281 2134 5359; baseline 0.007 -25"><span class='ocrx_word' id='word_1_675' title='bbox 553 5295 670 5340; x_wconf 85' lang='lat' dir='ltr'><strong>eos.</strong></span> <span class='ocrx_word' id='word_1_676' title='bbox 709 5281 797 5350; x_wconf 85' lang='lat' dir='ltr'><strong>qui</strong></span> <span class='ocrx_word' id='word_1_677' title='bbox 848 5283 1146 5349; x_wconf 85' lang='lat' dir='ltr'><strong>restabant,</strong></span> <span class='ocrx_word' id='word_1_678' title='bbox 1195 5293 1249 5338; x_wconf 86' lang='lat' dir='ltr'><strong>et</strong></span> <span class='ocrx_word' id='word_1_679' title='bbox 1305 5287 1540 5341; x_wconf 78' lang='lat' dir='ltr'><strong>maxime</strong></span> <span class='ocrx_word' id='word_1_680' title='bbox 1581 5287 1674 5355; x_wconf 89' lang='lat' dir='ltr'><strong>qui</strong></span> <span class='ocrx_word' id='word_1_681' title='bbox 1721 5299 1943 5359; x_wconf 89' lang='lat' dir='ltr'><strong>propter</strong></span> <span class='ocrx_word' id='word_1_682' title='bbox 1994 5291 2134 5344; x_wconf 81' lang='lat' dir='ltr'><strong>invi-</strong></span> 
     </span>
    </p>
   </div>
   <div class='ocr_carea' id='block_1_99' title="bbox 554 5375 2134 5447">
    <p class='ocr_par' dir='ltr' id='par_1_99' title="bbox 554 5375 2134 5447">
     <span class='ocr_line' id='line_1_99' title="bbox 554 5375 2134 5447; baseline 0.007 -20"><span class='ocrx_word' id='word_1_683' title='bbox 554 5375 702 5428; x_wconf 79' lang='lat' dir='ltr'><strong>diam</strong></span> <span class='ocrx_word' id='word_1_684' title='bbox 747 5375 1090 5444; x_wconf 62' lang='lat' dir='ltr'><strong>praabuerant</strong></span> <span class='ocrx_word' id='word_1_685' title='bbox 1116 5391 1336 5432; x_wconf 90' lang='lat' dir='ltr'><strong>causam</strong></span> <span class='ocrx_word' id='word_1_686' title='bbox 1367 5378 1501 5434; x_wconf 88' lang='lat' dir='ltr'><strong>Galli</strong></span> <span class='ocrx_word' id='word_1_687' title='bbox 1533 5380 1848 5447; x_wconf 88' lang='lat' dir='ltr'><strong>occisionis,</strong></span> <span class='ocrx_word' id='word_1_688' title='bbox 1897 5383 1993 5436; x_wconf 72' lang='lat' dir='ltr'><strong>ira:</strong></span> <span class='ocrx_word' id='word_1_689' title='bbox 2019 5397 2134 5438; x_wconf 74' lang='lat' dir='ltr'><strong>sua:</strong></span> 
     </span>
    </p>
   </div>
   <div class='ocr_carea' id='block_1_100' title="bbox 555 5466 2132 5545">
    <p class='ocr_par' dir='ltr' id='par_1_100' title="bbox 555 5466 2132 5545">
     <span class='ocr_line' id='line_1_100' title="bbox 555 5466 2132 5545; baseline 0.006 -25"><span class='ocrx_word' id='word_1_690' title='bbox 555 5466 828 5520; x_wconf 65' lang='lat' dir='ltr'><strong>fervorem</strong></span> <span class='ocrx_word' id='word_1_691' title='bbox 859 5468 1095 5522; x_wconf 86' lang='lat' dir='ltr'><strong>ostendit</strong></span> <span class='ocrx_word' id='word_1_692' title='bbox 1122 5466 1374 5524; x_wconf 67' lang='lat' dir='ltr'><strong>Julianus</strong></span> <span class='ocrx_word' id='word_1_693' title='bbox 1422 5469 1489 5524; x_wconf 89' lang='lat' dir='ltr'><strong>Et</strong></span> <span class='ocrx_word' id='word_1_694' title='bbox 1518 5473 1720 5526; x_wconf 88' lang='lat' dir='ltr'><strong>statim.</strong></span> <span class='ocrx_word' id='word_1_695' title='bbox 1752 5471 1987 5528; x_wconf 80' lang='lat' dir='ltr'><strong>Eusebio</strong></span> <span class='ocrx_word' id='word_1_696' title='bbox 2005 5475 2132 5545; x_wconf 89' lang='lat' dir='ltr'><strong>qui-</strong></span> 
     </span>
    </p>
   </div>
   <div class='ocr_carea' id='block_1_101' title="bbox 553 5558 2133 5629">
    <p class='ocr_par' dir='ltr' id='par_1_101' title="bbox 553 5558 2133 5629">
     <span class='ocr_line' id='line_1_101' title="bbox 553 5558 2133 5629; baseline 0.007 -20"><span class='ocrx_word' id='word_1_697' title='bbox 553 5559 678 5611; x_wconf 89' lang='lat' dir='ltr'><strong>dem</strong></span> <span class='ocrx_word' id='word_1_698' title='bbox 713 5558 1006 5628; x_wconf 61' lang='grc' dir='ltr'>ιιι-εροεὶιο</span> <span class='ocrx_word' id='word_1_699' title='bbox 1035 5569 1196 5626; x_wconf 77' lang='lat' dir='ltr'><strong>caput</strong></span> <span class='ocrx_word' id='word_1_700' title='bbox 1226 5559 1438 5624; x_wconf 89' lang='lat' dir='ltr'><strong>adimit,</strong></span> <span class='ocrx_word' id='word_1_701' title='bbox 1479 5563 1620 5629; x_wconf 83' lang='lat' dir='ltr'><strong>quod</strong></span> <span class='ocrx_word' id='word_1_702' title='bbox 1667 5563 1891 5617; x_wconf 85' lang='lat' dir='ltr'><strong>omnino</strong></span> <span class='ocrx_word' id='word_1_703' title='bbox 1918 5564 2133 5620; x_wconf 77' lang='lat' dir='ltr'><strong>videre-</strong></span> 
     </span>
    </p>
   </div>
   <div class='ocr_carea' id='block_1_102' title="bbox 557 5650 2131 5722">
    <p class='ocr_par' dir='ltr' id='par_1_102' title="bbox 557 5650 2131 5722">
     <span class='ocr_line' id='line_1_102' title="bbox 557 5650 2131 5722; baseline 0.006 -20"><span class='ocrx_word' id='word_1_704' title='bbox 557 5661 646 5704; x_wconf 88' lang='lat' dir='ltr'><strong>tur</strong></span> <span class='ocrx_word' id='word_1_705' title='bbox 674 5651 789 5704; x_wconf 79' lang='lat' dir='ltr'><strong>suis</strong></span> <span class='ocrx_word' id='word_1_706' title='bbox 818 5650 1104 5705; x_wconf 87' lang='lat' dir='ltr'><strong>calumniis</strong></span> <span class='ocrx_word' id='word_1_707' title='bbox 1129 5651 1282 5706; x_wconf 83' lang='lat' dir='ltr'><strong>Gallo</strong></span> <span class='ocrx_word' id='word_1_708' title='bbox 1310 5653 1512 5708; x_wconf 65' lang='lat' dir='ltr'><strong>eadem</strong></span> <span class='ocrx_word' id='word_1_709' title='bbox 1548 5654 1874 5722; x_wconf 86' lang='lat' dir='ltr'><strong>adornasse;</strong></span> <span class='ocrx_word' id='word_1_710' title='bbox 1905 5656 2131 5713; x_wconf 81' lang='lat' dir='ltr'><strong>Paulum</strong></span> 
     </span>
    </p>
   </div>
   <div class='ocr_carea' id='block_1_103' title="bbox 556 5741 2126 5820">
    <p class='ocr_par' dir='ltr' id='par_1_103' title="bbox 556 5741 2126 5820">
     <span class='ocr_line' id='line_1_103' title="bbox 556 5741 2126 5820; baseline 0.008 -27"><span class='ocrx_word' id='word_1_711' title='bbox 556 5751 740 5796; x_wconf 87' lang='lat' dir='ltr'><strong>autem</strong></span> <span class='ocrx_word' id='word_1_712' title='bbox 770 5741 1092 5813; x_wconf 87' lang='lat' dir='ltr'><strong>Ilispauum,</strong></span> <span class='ocrx_word' id='word_1_713' title='bbox 1122 5747 1214 5815; x_wconf 90' lang='lat' dir='ltr'><strong>qui</strong></span> <span class='ocrx_word' id='word_1_714' title='bbox 1244 5757 1362 5800; x_wconf 90' lang='lat' dir='ltr'><strong>erat</strong></span> <span class='ocrx_word' id='word_1_715' title='bbox 1395 5763 1537 5800; x_wconf 85' lang='lat' dir='ltr'><strong>unus</strong></span> <span class='ocrx_word' id='word_1_716' title='bbox 1559 5762 1623 5801; x_wconf 82' lang='lat' dir='ltr'><strong>ex</strong></span> <span class='ocrx_word' id='word_1_717' title='bbox 1661 5748 1853 5804; x_wconf 86' lang='lat' dir='ltr'><strong>scribis</strong></span> <span class='ocrx_word' id='word_1_718' title='bbox 1891 5749 2126 5820; x_wconf 84' lang='lat' dir='ltr'><strong>impera-</strong></span> 
     </span>
    </p>
   </div>
   <div class='ocr_carea' id='block_1_104' title="bbox 564 5831 2132 5909">
    <p class='ocr_par' dir='ltr' id='par_1_104' title="bbox 564 5831 2132 5909">
     <span class='ocr_line' id='line_1_104' title="bbox 564 5831 2132 5909; baseline 0.01 -24"><span class='ocrx_word' id='word_1_719' title='bbox 564 5831 720 5896; x_wconf 82' lang='lat' dir='ltr'><strong>toris,</strong></span> <span class='ocrx_word' id='word_1_720' title='bbox 758 5834 919 5890; x_wconf 85' lang='lat' dir='ltr'><strong>ttadit</strong></span> <span class='ocrx_word' id='word_1_721' title='bbox 970 5835 1100 5909; x_wconf 76' lang='lat' dir='ltr'><strong>igni,</strong></span> <span class='ocrx_word' id='word_1_722' title='bbox 1135 5837 1309 5907; x_wconf 84' lang='lat' dir='ltr'><strong>utqui</strong></span> <span class='ocrx_word' id='word_1_723' title='bbox 1358 5838 1410 5893; x_wconf 89' lang='lat' dir='ltr'><strong>in</strong></span> <span class='ocrx_word' id='word_1_724' title='bbox 1446 5837 1661 5896; x_wconf 82' lang='lat' dir='ltr'><strong>Gallum</strong></span> <span class='ocrx_word' id='word_1_725' title='bbox 1706 5839 1880 5897; x_wconf 80' lang='lat' dir='ltr'><strong>fuerat</strong></span> <span class='ocrx_word' id='word_1_726' title='bbox 1940 5845 2132 5902; x_wconf 81' lang='lat' dir='ltr'><strong>acerbe</strong></span> 
     </span>
    </p>
   </div>
   <div class='ocr_carea' id='block_1_105' title="bbox 2240 4649 3822 4723">
    <p class='ocr_par' dir='ltr' id='par_1_105' title="bbox 2240 4649 3822 4723">
     <span class='ocr_line' id='line_1_105' title="bbox 2240 4649 3822 4723; baseline 0.003 -19"><span class='ocrx_word' id='word_1_727' title='bbox 2240 4653 2332 4705; x_wconf 78' lang='grc' dir='ltr'>τὸν</span> <span class='ocrx_word' id='word_1_728' title='bbox 2379 4652 2518 4721; x_wconf 85' lang='grc' dir='ltr'>μετὰ</span> <span class='ocrx_word' id='word_1_729' title='bbox 2568 4649 2660 4704; x_wconf 80' lang='grc' dir='ltr'><strong>τὸν</strong></span> <span class='ocrx_word' id='word_1_730' title='bbox 2713 4653 3098 4706; x_wconf 82' lang='grc' dir='ltr'>Κωνσταντίου</span> <span class='ocrx_word' id='word_1_731' title='bbox 3143 4652 3376 4706; x_wconf 81' lang='grc' dir='ltr'>θάνατον</span> <span class='ocrx_word' id='word_1_732' title='bbox 3422 4654 3822 4723; x_wconf 84' lang='grc' dir='ltr'>ἐναντιωθῆναι</span> 
     </span>
    </p>
   </div>
   <div class='ocr_carea' id='block_1_106' title="bbox 2238 4739 3813 4810">
    <p class='ocr_par' dir='ltr' id='par_1_106' title="bbox 2238 4739 3813 4810">
     <span class='ocr_line' id='line_1_106' title="bbox 2238 4739 3813 4810; baseline 0.001 -17"><span class='ocrx_word' id='word_1_733' title='bbox 2238 4741 2637 4810; x_wconf 83' lang='grc' dir='ltr'>τολμήσαντος.</span> <span class='ocrx_word' id='word_1_734' title='bbox 2686 4739 3056 4810; x_wconf 78' lang='grc' dir='ltr'>κομιζομένου</span> <span class='ocrx_word' id='word_1_735' title='bbox 3103 4739 3161 4792; x_wconf 78' lang='grc' dir='ltr'>δὲ</span> <span class='ocrx_word' id='word_1_736' title='bbox 3211 4741 3307 4794; x_wconf 82' lang='grc' dir='ltr'>τοῦ</span> <span class='ocrx_word' id='word_1_737' title='bbox 3365 4739 3563 4809; x_wconf 76' lang='grc' dir='ltr'>νεκροῦ</span> <span class='ocrx_word' id='word_1_738' title='bbox 3596 4742 3690 4793; x_wconf 70' lang='grc' dir='ltr'>ἐπὶ</span> <span class='ocrx_word' id='word_1_739' title='bbox 3722 4743 3813 4795; x_wconf 70' lang='grc' dir='ltr'>τὸν</span> 
     </span>
    </p>
   </div>
   <div class='ocr_carea' id='block_1_107' title="bbox 2239 4831 3797 4905">
    <p class='ocr_par' dir='ltr' id='par_1_107' title="bbox 2239 4831 3797 4905">
     <span class='ocr_line' id='line_1_107' title="bbox 2239 4831 3797 4905; baseline -0.003 -21"><span class='ocrx_word' id='word_1_740' title='bbox 2239 4833 2377 4886; x_wconf 88' lang='grc' dir='ltr'>νεὼν</span> <span class='ocrx_word' id='word_1_741' title='bbox 2416 4833 2523 4885; x_wconf 82' lang='grc' dir='ltr'>τῶν</span> <span class='ocrx_word' id='word_1_742' title='bbox 2561 4833 2925 4898; x_wconf 60' lang='grc' dir='ltr'>Ἀποστόλωκ),</span> <span class='ocrx_word' id='word_1_743' title='bbox 2961 4831 3048 4885; x_wconf 82' lang='grc' dir='ltr'>ἵνα</span> <span class='ocrx_word' id='word_1_744' title='bbox 3101 4849 3206 4905; x_wconf 85' lang='grc' dir='ltr'><strong>περ</strong></span> <span class='ocrx_word' id='word_1_745' title='bbox 3254 4834 3417 4885; x_wconf 70' lang='grc' dir='ltr'>αὑτὸν</span> <span class='ocrx_word' id='word_1_746' title='bbox 3465 4835 3797 4902; x_wconf 73' lang='grc' dir='ltr'>καταθήσειν</span> 
     </span>
    </p>
   </div>
   <div class='ocr_carea' id='block_1_108' title="bbox 2240 4923 3820 4994">
    <p class='ocr_par' dir='ltr' id='par_1_108' title="bbox 2240 4923 3820 4994">
     <span class='ocr_line' id='line_1_108' title="bbox 2240 4923 3820 4994; baseline 0.001 -18"><span class='ocrx_word' id='word_1_747' title='bbox 2240 4924 2470 4994; x_wconf 83' lang='grc' dir='ltr'>πλησίον</span> <span class='ocrx_word' id='word_1_748' title='bbox 2529 4923 2624 4976; x_wconf 73' lang='grc' dir='ltr'>τοῦ</span> <span class='ocrx_word' id='word_1_749' title='bbox 2682 4925 2890 4993; x_wconf 72' lang='grc' dir='ltr'>πατρὸς</span> <span class='ocrx_word' id='word_1_750' title='bbox 2945 4923 3199 4994; x_wconf 81' lang='grc' dir='ltr'>ἔμελλον,</span> <span class='ocrx_word' id='word_1_751' title='bbox 3254 4923 3416 4987; x_wconf 73' lang='grc' dir='ltr'>αὐτὸς</span> <span class='ocrx_word' id='word_1_752' title='bbox 3473 4926 3664 4994; x_wconf 77' lang='grc' dir='ltr'>ἡγεῖτο</span> <span class='ocrx_word' id='word_1_753' title='bbox 3723 4923 3820 4990; x_wconf 75' lang='grc' dir='ltr'>τῆς</span> 
     </span>
    </p>
   </div>
   <div class='ocr_carea' id='block_1_109' title="bbox 2238 5014 3819 5084">
    <p class='ocr_par' dir='ltr' id='par_1_109' title="bbox 2238 5014 3819 5084">
     <span class='ocr_line' id='line_1_109' title="bbox 2238 5014 3819 5084; baseline -0.003 -16"><span class='ocrx_word' id='word_1_754' title='bbox 2238 5016 2428 5083; x_wconf 76' lang='grc' dir='ltr'>κλίνης</span> <span class='ocrx_word' id='word_1_755' title='bbox 2487 5017 2514 5066; x_wconf 89' lang='grc' dir='ltr'><strong>ό</strong></span> <span class='ocrx_word' id='word_1_756' title='bbox 2591 5014 2898 5076; x_wconf 73' lang='grc' dir='ltr'>Ἰουλιανὸς,</span> <span class='ocrx_word' id='word_1_757' title='bbox 2969 5015 3031 5067; x_wconf 85' lang='grc' dir='ltr'>τὸ</span> <span class='ocrx_word' id='word_1_758' title='bbox 3109 5015 3350 5084; x_wconf 77' lang='grc' dir='ltr'>διάδημα</span> <span class='ocrx_word' id='word_1_759' title='bbox 3421 5018 3521 5084; x_wconf 77' lang='grc' dir='ltr'>τῆς</span> <span class='ocrx_word' id='word_1_760' title='bbox 3579 5017 3819 5084; x_wconf 74' lang='grc' dir='ltr'>κεφαλῆς</span> 
     </span>
    </p>
   </div>
   <div class='ocr_carea' id='block_1_110' title="bbox 2239 5105 3808 5176">
    <p class='ocr_par' dir='ltr' id='par_1_110' title="bbox 2239 5105 3808 5176">
     <span class='ocr_line' id='line_1_110' title="bbox 2239 5105 3808 5176; baseline -0.003 -16"><span class='ocrx_word' id='word_1_761' title='bbox 2239 5109 2528 5175; x_wconf 74' lang='grc' dir='ltr'>περιελων.</span> <span class='ocrx_word' id='word_1_762' title='bbox 2565 5109 2718 5160; x_wconf 81' lang='grc' dir='ltr'>Ἐπεὶ</span> <span class='ocrx_word' id='word_1_763' title='bbox 2760 5109 2816 5160; x_wconf 84' lang='grc' dir='ltr'><strong>δέ</strong></span> <span class='ocrx_word' id='word_1_764' title='bbox 2861 5105 3069 5176; x_wconf 76' lang='grc' dir='ltr'>ἔθαψαν</span> <span class='ocrx_word' id='word_1_765' title='bbox 3120 5107 3307 5174; x_wconf 73' lang='grc' dir='ltr'>αὐτὸν,</span> <span class='ocrx_word' id='word_1_766' title='bbox 3339 5108 3437 5160; x_wconf 75' lang='grc' dir='ltr'>ἐπὶ</span> <span class='ocrx_word' id='word_1_767' title='bbox 3470 5107 3540 5160; x_wconf 82' lang='grc' dir='ltr'><strong>τὰ</strong></span> <span class='ocrx_word' id='word_1_768' title='bbox 3571 5107 3808 5176; x_wconf 75' lang='grc' dir='ltr'>βασίλεια</span> 
     </span>
    </p>
   </div>
   <div class='ocr_carea' id='block_1_111' title="bbox 2236 5195 3808 5270">
    <p class='ocr_par' dir='ltr' id='par_1_111' title="bbox 2236 5195 3808 5270">
     <span class='ocr_line' id='line_1_111' title="bbox 2236 5195 3808 5270; baseline 0 -19"><span class='ocrx_word' id='word_1_769' title='bbox 2236 5201 2336 5270; x_wconf 77' lang='grc' dir='ltr'>ἤδη</span> <span class='ocrx_word' id='word_1_770' title='bbox 2369 5198 2871 5268; x_wconf 74' lang='grc' dir='ltr'>ἀπαλλαττόμενος,</span> <span class='ocrx_word' id='word_1_771' title='bbox 2903 5202 2962 5252; x_wconf 76' lang='grc' dir='ltr'><strong>τό</strong></span> <span class='ocrx_word' id='word_1_772' title='bbox 2990 5215 3051 5252; x_wconf 88' lang='grc' dir='ltr'>τε</span> <span class='ocrx_word' id='word_1_773' title='bbox 3085 5199 3325 5268; x_wconf 79' lang='grc' dir='ltr'>διάδημα</span> <span class='ocrx_word' id='word_1_774' title='bbox 3360 5195 3517 5262; x_wconf 78' lang='grc' dir='ltr'>αὖθις</span> <span class='ocrx_word' id='word_1_775' title='bbox 3567 5197 3808 5251; x_wconf 76' lang='grc' dir='ltr'>ἐπέθετο.</span> 
     </span>
    </p>
   </div>
   <div class='ocr_carea' id='block_1_112' title="bbox 2239 5286 3817 5361">
    <p class='ocr_par' dir='ltr' id='par_1_112' title="bbox 2239 5286 3817 5361">
     <span class='ocr_line' id='line_1_112' title="bbox 2239 5286 3817 5361; baseline 0.001 -19"><span class='ocrx_word' id='word_1_776' title='bbox 2239 5291 2350 5342; x_wconf 74' lang='grc' dir='ltr'><strong>Καὶ</strong></span> <span class='ocrx_word' id='word_1_777' title='bbox 2378 5290 2488 5343; x_wconf 84' lang='grc' dir='ltr'>τῶν</span> <span class='ocrx_word' id='word_1_778' title='bbox 2532 5292 2877 5361; x_wconf 84' lang='grc' dir='ltr'>πραγμάτων</span> <span class='ocrx_word' id='word_1_779' title='bbox 2927 5289 3207 5360; x_wconf 76' lang='grc' dir='ltr'>ἐγκρατὴς</span> <span class='ocrx_word' id='word_1_780' title='bbox 3240 5286 3328 5360; x_wconf 77' lang='grc' dir='ltr'>ἦν,</span> <span class='ocrx_word' id='word_1_781' title='bbox 3367 5290 3525 5358; x_wconf 83' lang='grc' dir='ltr'>μόνος</span> <span class='ocrx_word' id='word_1_782' title='bbox 3561 5290 3662 5360; x_wconf 66' lang='grc' dir='ltr'>ἤδη</span> <span class='ocrx_word' id='word_1_783' title='bbox 3717 5289 3817 5354; x_wconf 74' lang='grc' dir='ltr'>τὴν</span> 
     </span>
    </p>
   </div>
   <div class='ocr_carea' id='block_1_113' title="bbox 2251 5379 3825 5450">
    <p class='ocr_par' dir='ltr' id='par_1_113' title="bbox 2251 5379 3825 5450">
     <span class='ocr_line' id='line_1_113' title="bbox 2251 5379 3825 5450; baseline 0 -16"><span class='ocrx_word' id='word_1_784' title='bbox 2251 5381 2540 5449; x_wconf 86' lang='grc' dir='ltr'>Ῥωμαίων</span> <span class='ocrx_word' id='word_1_785' title='bbox 2576 5381 2705 5448; x_wconf 79' lang='grc' dir='ltr'>ὅλην</span> <span class='ocrx_word' id='word_1_786' title='bbox 2734 5379 3012 5450; x_wconf 79' lang='grc' dir='ltr'>βασιλείαν</span> <span class='ocrx_word' id='word_1_787' title='bbox 3043 5379 3495 5445; x_wconf 74' lang='grc' dir='ltr'>ὑποζωσάμενος.</span> <span class='ocrx_word' id='word_1_788' title='bbox 3542 5383 3698 5433; x_wconf 66' lang='grc' dir='ltr'><strong>Ἐπεὶ</strong></span> <span class='ocrx_word' id='word_1_789' title='bbox 3729 5380 3825 5435; x_wconf 81' lang='grc' dir='ltr'>οὖν</span> 
     </span>
    </p>
   </div>
   <div class='ocr_carea' id='block_1_114' title="bbox 2237 5469 3826 5544">
    <p class='ocr_par' dir='ltr' id='par_1_114' title="bbox 2237 5469 3826 5544">
     <span class='ocr_line' id='line_1_114' title="bbox 2237 5469 3826 5544; baseline 0 -18"><span class='ocrx_word' id='word_1_790' title='bbox 2237 5475 2264 5526; x_wconf 86' lang='grc' dir='ltr'>ὁ</span> <span class='ocrx_word' id='word_1_791' title='bbox 2305 5474 2684 5536; x_wconf 76' lang='grc' dir='ltr'>Κωνστοὶντιος</span> <span class='ocrx_word' id='word_1_792' title='bbox 2720 5476 2786 5527; x_wconf 85' lang='grc' dir='ltr'><strong>ἐκ</strong></span> <span class='ocrx_word' id='word_1_793' title='bbox 2826 5473 3006 5526; x_wconf 86' lang='grc' dir='ltr'>ποδὼν</span> <span class='ocrx_word' id='word_1_794' title='bbox 3037 5469 3128 5544; x_wconf 79' lang='grc' dir='ltr'><strong>ἦν,</strong></span> <span class='ocrx_word' id='word_1_795' title='bbox 3170 5477 3252 5537; x_wconf 87' lang='grc' dir='ltr'>εἰς</span> <span class='ocrx_word' id='word_1_796' title='bbox 3291 5477 3417 5536; x_wconf 52' lang='grc' dir='ltr'>τοὶς</span> <span class='ocrx_word' id='word_1_797' title='bbox 3449 5475 3826 5544; x_wconf 76' lang='grc' dir='ltr'>ὑπολειπομέ-</span> 
     </span>
    </p>
   </div>
   <div class='ocr_carea' id='block_1_115' title="bbox 2238 5566 3825 5637">
    <p class='ocr_par' dir='ltr' id='par_1_115' title="bbox 2238 5566 3825 5637">
     <span class='ocr_line' id='line_1_115' title="bbox 2238 5566 3825 5637; baseline 0.001 -18"><span class='ocrx_word' id='word_1_798' title='bbox 2238 5586 2359 5629; x_wconf 72' lang='grc' dir='ltr'>νους</span> <span class='ocrx_word' id='word_1_799' title='bbox 2390 5568 2482 5620; x_wconf 75' lang='grc' dir='ltr'>καὶ</span> <span class='ocrx_word' id='word_1_800' title='bbox 2519 5568 2750 5636; x_wconf 80' lang='grc' dir='ltr'>μάλιστα</span> <span class='ocrx_word' id='word_1_801' title='bbox 2789 5566 2868 5637; x_wconf 78' lang='grc' dir='ltr'>τῷ</span> <span class='ocrx_word' id='word_1_802' title='bbox 2896 5567 3078 5636; x_wconf 79' lang='grc' dir='ltr'>φθόνῳ</span> <span class='ocrx_word' id='word_1_803' title='bbox 3121 5569 3219 5637; x_wconf 78' lang='grc' dir='ltr'>τὴν</span> <span class='ocrx_word' id='word_1_804' title='bbox 3247 5568 3428 5620; x_wconf 71' lang='grc' dir='ltr'>αἰτίαν</span> <span class='ocrx_word' id='word_1_805' title='bbox 3465 5573 3825 5637; x_wconf 71' lang='grc' dir='ltr'>παρασχομέ-</span> 
     </span>
    </p>
   </div>
   <div class='ocr_carea' id='block_1_116' title="bbox 2240 5658 3820 5729">
    <p class='ocr_par' dir='ltr' id='par_1_116' title="bbox 2240 5658 3820 5729">
     <span class='ocr_line' id='line_1_116' title="bbox 2240 5658 3820 5729; baseline 0 -18"><span class='ocrx_word' id='word_1_806' title='bbox 2240 5677 2363 5722; x_wconf 81' lang='grc' dir='ltr'>νους</span> <span class='ocrx_word' id='word_1_807' title='bbox 2397 5663 2496 5729; x_wconf 78' lang='grc' dir='ltr'>τῆς</span> <span class='ocrx_word' id='word_1_808' title='bbox 2535 5660 2868 5728; x_wconf 77' lang='grc' dir='ltr'>ἀναιρέσεως</span> <span class='ocrx_word' id='word_1_809' title='bbox 2919 5659 3146 5721; x_wconf 77' lang='grc' dir='ltr'>Γάλλου,</span> <span class='ocrx_word' id='word_1_810' title='bbox 3202 5659 3437 5728; x_wconf 59' lang='grc' dir='ltr'>ἁνεψυχε</span> <span class='ocrx_word' id='word_1_811' title='bbox 3472 5662 3531 5711; x_wconf 55' lang='lat' dir='ltr'><strong>ea</strong></span> <span class='ocrx_word' id='word_1_812' title='bbox 3563 5658 3693 5722; x_wconf 74' lang='grc' dir='ltr'>ζέον</span> <span class='ocrx_word' id='word_1_813' title='bbox 3724 5666 3820 5726; x_wconf 75' lang='grc' dir='ltr'>τῆς</span> 
     </span>
    </p>
   </div>
   <div class='ocr_carea' id='block_1_117' title="bbox 2238 5750 3828 5821">
    <p class='ocr_par' dir='ltr' id='par_1_117' title="bbox 2238 5750 3828 5821">
     <span class='ocr_line' id='line_1_117' title="bbox 2238 5750 3828 5821; baseline 0.001 -17"><span class='ocrx_word' id='word_1_814' title='bbox 2238 5753 2409 5821; x_wconf 77' lang='grc' dir='ltr'>ὀργῆς</span> <span class='ocrx_word' id='word_1_815' title='bbox 2467 5750 2776 5815; x_wconf 73' lang='grc' dir='ltr'>Ἰουλιανὸς,</span> <span class='ocrx_word' id='word_1_816' title='bbox 2834 5752 2927 5803; x_wconf 66' lang='grc' dir='ltr'>καὶ</span> <span class='ocrx_word' id='word_1_817' title='bbox 2991 5751 3191 5804; x_wconf 77' lang='grc' dir='ltr'>αὐτίκα</span> <span class='ocrx_word' id='word_1_818' title='bbox 3254 5750 3515 5802; x_wconf 75' lang='grc' dir='ltr'>Εὖσέὃιον</span> <span class='ocrx_word' id='word_1_819' title='bbox 3569 5752 3672 5819; x_wconf 78' lang='grc' dir='ltr'>μὲν</span> <span class='ocrx_word' id='word_1_820' title='bbox 3731 5756 3828 5807; x_wconf 66' lang='grc' dir='ltr'>τῖον</span> 
     </span>
    </p>
   </div>
   <div class='ocr_carea' id='block_1_118' title="bbox 2240 5842 3826 5915">
    <p class='ocr_par' dir='ltr' id='par_1_118' title="bbox 2240 5842 3826 5915">
     <span class='ocr_line' id='line_1_118' title="bbox 2240 5842 3826 5915; baseline -0.001 -15"><span class='ocrx_word' id='word_1_821' title='bbox 2240 5844 2611 5913; x_wconf 68' lang='grc' dir='ltr'>Πραιπόσιτον</span> <span class='ocrx_word' id='word_1_822' title='bbox 2667 5844 2763 5914; x_wconf 78' lang='grc' dir='ltr'>τῆς</span> <span class='ocrx_word' id='word_1_823' title='bbox 2825 5843 3066 5912; x_wconf 65' lang='grc' dir='ltr'>κεφαλῆς</span> <span class='ocrx_word' id='word_1_824' title='bbox 3119 5844 3475 5910; x_wconf 70' lang='grc' dir='ltr'>ἀφαιρεῖται,</span> <span class='ocrx_word' id='word_1_825' title='bbox 3528 5842 3666 5898; x_wconf 73' lang='grc' dir='ltr'>διότι</span> <span class='ocrx_word' id='word_1_826' title='bbox 3720 5847 3826 5915; x_wconf 61' lang='grc' dir='ltr'><strong>την</strong></span> 
     </span>
    </p>
   </div>
  </div>
