4110 6458
316 429 459 498 11⁵73
1479 434 1943 498 MABTYRIUM

2046 483 2061 499 .
2104 438 2459 502 ARTEMII.
3459 427 3598 494 11Ἶὲ

311 547 490 621 ἀρχῆν
517 545 776 617 ἐφαίνετο
802 545 870 600 ἐκ
895 545 1008 600 τῶν
1027 546 1198 602 αὐτοῦ
1228 547 1524 612 διαϐολῶν,
1569 549 1663 602 τὸν
1691 549 1908 603 ἅπαντα
1938 597 1943 610 ,

2046 563 2286 609 avectus.
2336 551 2541 608 Ambos
2587 549 3268 621 namque'Chulcedonem
3320 545 3492 610 misit,
3543 556 3599 602 ct

310 643 390 712 τῷ
418 639 611 710 Γάλλῳ
660 639 822 708 φόνον
868 639 1376 712 συγκειρασάμενος
1407 657 1422 673 ο
1468 641 1683 695 Παῦλον
1721 641 1777 695 δὲ
1812 641 1904 696 τὸν

2050 641 2118 696 lic
2149 655 2445 713 utrumque
2476 658 2578 699 suo
2603 643 2788 698 atfecit
2812 641 3098 713 supplicio.
3129 638 3405 695 lnterfecit
3431 639 3598 695 etiam

313 731 529 788 Σπανδν
583 733 665 794 εἰς
717 731 847 794 τοὺς
909 731 1268 800 ὑπογραφέας
1323 732 1418 785 τοῦ
1484 731 1754 802 βασιλέως
1816 750 1907 786 τε-

2046 737 2380 793 ἱευᾱειιῑῑυιιι
2439 736 2632 792 ducem
2680 737 2954 792 exercitus
2997 733 3215 798 Africa,
3240 743 3293 789 et
3332 731 3600 803 quosdam

311 825 536 889 λοῦντα,
577 824 718 894 πυρὶ¹
764 823 1162 895 παραδίδωσιν,
1221 823 1298 888 ὡς
1323 825 1495 879 πολλὰ
1538 825 1603 894 δὴ
1645 824 1794 896 μάλα
1826 824 1908 896 τῷ

2046 830 2167 894 lios,
2207 828 2302 899 qui
2332 829 2382 886 ei
2417 829 2835 884 insultaverant.
2871 827 2979 883 Sed
3025 841 3121 882 eos
3167 826 3388 897 quidem
3417 825 3602 896 puniit

315 918 510 988 Γάλλῳ
539 917 1051 986 ἐμπικρανάμενον.
1101 914 1345 982 Τούτους
1391 917 1491 988 μὲν
1537 915 1632 971 οὖν
1665 918 1909 990 ἀμφοτέ-

2046 938 2112 978 er
2168 922 2412 990 litteras;
2470 922 2674 978 Christi
2720 931 2900 977 autem
2953 931 3245 991 martyrem
3302 928 3358 974 et
3405 917 3606 974 fortem

321 1027 450 1082 pou;
486 1009 568 1071 εἰς
600 1008 702 1080 τὴν
735 1008 1060 1078 Χαλκηδόνα
1081 1008 1402 1078 διαπέμψας
1426 1049 1439 1073 ,
1473 1010 1591 1063 ἐκεῖ
1621 1012 1686 1081 τῇ
1720 1011 1913 1082 οἰκείᾳ

2049 1017 2276 1072 thletam
2303 1016 2631 1084 Artemium,
2658 1015 2775 1087 ipse
2810 1031 2910 1085 per
2939 1029 2999 1069 se
3028 1011 3332 1069 Antiochia:
3361 1026 3623 1083 praesens-

317 1099 444 1169 δίκῃ
481 1097 683 1164 ὑπάγει
743 1099 1055 1169 ἑκάτερον,
1108 1099 1290 1152 ἀνεῖλε
1345 1099 1401 1152 δὲ
1451 1101 1548 1154 καὶ
1581 1101 1913 1155 Γαυδέντιον

2046 1118 2341 1164 trementem
2377 1117 2603 1180 propter
2627 1107 2832 1166 Christi
2857 1105 3266 1162 confessionem
3299 1105 3606 1160 inhumane

331 1188 648 1262 στρατηγὸν
669 1189 773 1259 τῆς
807 1189 1088 1261 Ἀφρικῆς
1114 1230 1131 1258 ,
1167 1192 1262 1245 καὶ
1292 1190 1490 1256 ἄλλους
1529 1193 1681 1256 τινας
1725 1192 1914 1246 ὀπόσοι

2046 1201 2220 1264 puniit,
2276 1210 2333 1256 et
2365 1217 2452 1267 ea,
2488 1215 2653 1271 quam
2712 1199 2972 1265 habebat,
3021 1198 3260 1269 privavit
3308 1205 3603 1270 potestate,

317 1299 374 1336 τι
399 1284 482 1346 είς
511 1282 676 1336 αύτδν
707 1284 1184 1355 πεπαρῳνήκεσαν
1207 1300 1221 1313 ·
1263 1283 1400 1338 ἀλλὰ
1430 1283 1658 1349 τούτους
1685 1284 1785 1354 μέν
1828 1285 1918 1338 διὰ

2046 1309 2130 1349 non
2164 1292 2347 1348 ferens
2374 1293 2495 1363 ejus
2526 1291 2742 1348 dicendi
2773 1291 3084 1348 liberta-tem
3115 1301 3172 1347 et
3215 1290 3603 1346 constantiam.

320 1374 679 1446 γραμμάτων
707 1375 959 1441 ἐκόλασε,
999 1375 1093 1429 τὸν
1141 1376 1200 1430 δέ
1255 1376 1350 1430 τοῦ
1377 1376 1618 1448 Χριστοῦ
1662 1377 1920 1448 μάρτυρα

321 1467 419 1520 καὶ
467 1468 716 1534 γενναῖον
767 1465 1010 1539 ἀθλητὴν
1053 1467 1341 1540 Ἀρτέμιον
1412 1470 1576 1532 αὐτὸς
1621 1469 1691 1522 δι’
1720 1467 1920 1522 ἑαυτοῦ

327 1561 392 1613 ἐν
416 1558 727 1630 Ἀντιοχείᾳ
770 1557 967 1629 παρὼν
1015 1559 1113 1614 καὶ
1145 1562 1391 1633 παρόντα
1420 1561 1509 1616 διὰ
1538 1562 1639 1630 τὴν
1673 1564 1754 1626 εἰς
1783 1563 1922 1632 Χρι-

327 1651 454 1704 om
483 1651 805 1722 ὁμολογίαν,
836 1651 1225 1722 ἀπανθρώπως
1248 1653 1497 1720 ἐκόλασε,
1524 1653 1619 1708 καὶ
1646 1654 1745 1725 τῆς
1767 1671 1922 1725 παρ-

327 1743 501 1812 ούσης
555 1742 720 1796 αὐτὸν
753 1743 1158 1814 άπεγύμνωσεν
1189 1745 1464 1810 ἐξουσίας,
1503 1745 1579 1816 μὴ
1617 1746 1801 1816 φέρων
1825 1745 1925 1816 τὴν

328 1833 500 1888 αὑτοῦ
536 1834 856 1906 παρρησίαν
891 1840 985 1890 καὶ
1030 1836 1306 1892 ἔνστασιν.
1363 1838 1424 1891 '0
1459 1838 1568 1907 γάρ
1612 1836 1920 1902 Ἰουλιανὸς,

327 1925 404 1987 ῶς
430 1925 748 1995 δεδήλωται,
780 1928 879 1998 τὴν
900 1928 1012 1982 τῶν
1051 1929 1343 1999 Ῥωμαίων
1373 1929 1740 2001 περιθέμενος
1771 1930 1925 2000 βασι-

329 2016 504 2084 λείαν,
539 2017 841 2084 ἐσπούδαζε
872 2020 1112 2090 μάλιστα
1153 2021 1245 2074 τὸν
1290 2021 1654 2092 Ἐλληνισμὸν
1695 2022 1928 2093 ἐπανορ-

335 2106 491 2162 θοῦν.
526 2109 823 2180 Πανταχοῦ
854 2113 1040 2165 τοίνυν
1071 2114 1385 2184 γράμματα
1428 2113 1884 2183 διαπεμπόμενος
1909 2155 1924 2179 ,

331 2200 557 2256 ἐκέλευε
613 2202 684 2256 τὰ
731 2203 942 2259 τούτων
991 2207 1199 2276 τεμένη
1249 2206 1505 2270 καὶτοὺς
1548 2208 1769 2279 βωμοὺς
1828 2208 1925 2262 ἀν-

2019 1383 2270 1440 J-ulianus
2308 1384 2477 1449 enim,
2511 1399 2660 1449 cum,
2693 1393 2762 1439 ut
2783 1390 3065 1439 ostensum
3091 1391 3198 1447 est,
3229 1383 3610 1436 Romanorum

2024 1486 2343 1547 usurpasset
2390 1477 2706 1548 imperium,
2756 1475 2996 1530 maxime
3064 1473 3318 1530 studebat
3365 1473 3610 1544 gentium

2023 1583 2268 1624 errorem
2303 1569 2356 1622 in
2384 1582 2545 1622 suum
2575 1568 2754 1623 locum
2784 1565 3098 1621 restituere.
3129 1564 3185 1619 In
3213 1578 3406 1619 omnes
3430 1563 3616 1633 itaque

2025 1670 2206 1730 partes
2242 1659 2472 1715 m’ttens
2510 1659 2724 1715 litteras
2766 1658 2994 1729 iubebat
3041 1657 3268 1712 deorum
3325 1654 3526 1726 templa
3559 1664 3615 1708 et

2027 1752 2218 1806 altaria
2247 1762 2501 1822 prompto
2531 1761 2589 1806 et
2630 1750 2796 1805 alacri
2846 1749 3017 1805 animi
3074 1749 3256 1804 studio
3295 1747 3523 1811 exstrui,
3561 1755 3615 1801 et

2029 1859 2382 1914 quoscunque
2422 1843 2632 1899 reditus
2685 1858 2917 1912 magnus
2939 1841 3337 1898 Constantinus
3367 1839 3618 1896 attribuit

2027 1936 2302 2003 ecclesiis,
2335 1945 2391 1992 et
2421 1937 2542 2008 ejus
2567 1935 2709 1990 Illius
2746 1933 3122 1998 Constantius,
3163 1948 3260 1988 eos
3289 1931 3516 1999 ademit,
3560 1942 3617 1986 et

2026 2023 2246 2094 templis
2271 2022 2618 2078 consecravit
2651 2020 2945 2086 idolorum,
2975 2034 3075 2090 pro
3118 2018 3415 2090 episcopis,
3463 2032 3617 2088 pres-

2027 2115 2232 2187 byteris
2256 2123 2312 2169 ct
2340 2113 2616 2177 diaconis,
2662 2111 3014 2167 constituens
3057 2110 3314 2173 aedituos,
3365 2120 3620 2177 asperso-

2027 2223 2136 2270 res,
2186 2206 2466 2262 sacriﬁcos
2495 2213 2552 2259 et
2595 2204 2979 2274 canephoros,
3025 2210 3081 2256 et
3111 2213 3452 2271 quaecunque
3512 2211 3620 2251 no-

341 2294 536 2365 ιστᾷν,
577 2295 718 2364 μετὰ
754 2295 960 2366 πολλῆς
1001 2297 1136 2368 ὅσης
1165 2297 1266 2366 τῆς
1297 2298 1534 2367 σπουδῆς
1573 2317 1632 2352 τε
1663 2302 1757 2353 καὶ
1791 2317 1930 2370 προ-

2046 2301 2175 2355 uina
2224 2315 2384 2370 nugm
2420 2299 2716 2370 imponunt
2756 2295 3066 2367 gentilium.
3116 2293 3243 2349 Haec
3291 2291 3510 2362 quidem
3567 2296 3626 2344 et

332 2384 562 2454 θυμίας,
604 2387 701 2440 καὶ
736 2387 872 2450 ὅσας
912 2391 940 2442 ό
985 2388 1164 2459 μέγας
1211 2391 1631 2456 Κωνσταντῐνος
1665 2394 1789 2456 ταῖς
1833 2394 1927 2445 ἐκ·

2046 2391 2137 2445 alia
2178 2391 2384 2446 ﬁebant
2413 2386 2914 2457 Constantinopoli.

335 2473 594 2546 κλησίαις
645 2477 950 2549 προσόδους
1006 2478 1301 2549 ἀπένειμε,
1358 2479 1454 2533 καὶ
1492 2480 1522 2533 ὀ
1558 2477 1753 2534 τούτου
1834 2480 1951 2544 υἱὸς
2014 2480 2414 2546 Κωνστάντιος,
2479 2480 2690 2540 ταύτας
2743 2476 2984 2546 ἀφελὼν,
3040 2476 3158 2538 τοῖς
3209 2474 3320 2528 τῶν
3377 2469 3630 2526 εἰδώλων

333 2572 487 2632 ναοῖς
511 2569 841 2642 άφιέρωσεν,
872 2570 991 2624 ἀντ’
1015 2571 1336 2625 ἐπισκόπων
1380 2574 1473 2625 καὶ
1526 2571 1923 2643 πρεσϐυτέρων
1986 2576 2084 2628 καὶ
2116 2573 2384 2628 διακόνων
2431 2571 2786 2640 καταστήσας
2834 2569 3126 2639 ζακόρους,
3163 2567 3260 2620 καὶ
3292 2565 3625 2635 νεωκόρους,

338 2662 438 2716 καὶ
483 2662 709 2733 ῥάντας,
744 2663 842 2716 καὶ
876 2661 1044 2728 θύτας
1066 2703 1083 2729 ,
1146 2664 1243 2718 καὶ
1272 2665 1623 2734 κανηφόρους
1645 2705 1660 2731 ,
1691 2664 1786 2718 καὶ
1813 2665 1946 2729 ὅσας
1976 2668 2005 2718 ὁ
2059 2666 2344 2737 ἐλληνικδς
2381 2663 2542 2727 ὕθλος
2580 2661 2904 2734 ἐπιφημίξει
2958 2660 3377 2731 προσωνυμίας.
3422 2657 3617 2714 ταῦτα.

341 2755 446 2826 μὲν
482 2755 578 2809 καὶ
610 2755 779 2826 ἐτερα
823 2753 1183 2826 διεπράττετο
1219 2756 1364 2810 κατὰ
1407 2755 1513 2827 τὴν
1567 2758 2174 2813 Κωνσταντινούπολιν.

419 2849 519 2904 IB'.
541 2850 701 2904 Μετὰ
732 2850 791 2904 δέ
814 2850 991 2905 ταῦτα
1025 2849 1265 2922 μητέρος
1301 2849 1470 2904 αὑτοῦ
1511 2850 1741 2920 ἀδελφὸν
1768 2850 1930 2923 ἔχων,

2110 2853 2227 2909 XII.
2261 2853 2392 2909 Post
2425 2854 2544 2908 haec
2593 2861 2776 2907 autem
2821 2865 2945 2905 cum
2999 2848 3191 2904 matris
3236 2860 3351 2901 suae
3402 2843 3626 2900 haberet

341 2942 638 2997 Ἰουλιανδν
669 2944 938 3014 τοῦνομα,
983 2943 1084 3016 τὴν
1128 2943 1224 2999 τοῦ
1277 2944 1720 3015 Χριστιανισμοῦ
1747 2945 1934 2998 πίστιν

2046 2945 2290 3011 fratrem,
2322 2947 2542 3001 nomine
2578 2945 2876 3008 lulianum,
2926 2941 3018 3010 qui
3057 2950 3117 2995 ut
3159 2939 3235 2992 illi
3287 2936 3627 3008 gratificare-

341 3035 437 3089 διὰ
494 3037 595 3108 τὴν
636 3035 851 3090 ἐκείνου
907 3039 1068 3108 χάριν
1116 3037 1552 3108 ἐξομοσάμενον,
1589 3039 1686 3091 καὶ
1727 3039 1934 3108 πολλὴν

2046 3049 2153 3106 tur,
2182 3039 2589 3096 Christianismi
2649 3039 2808 3094 [idem
2863 3035 3234 3106 abiuraverat,
3293 3042 3349 3087 et
3397 3048 3496 3102 pro
3543 3047 3630 3086 er-

346 3127 492 3198 ύπέρ
545 3127 642 3181 τοῦ
688 3129 1058 3199 Ἑλληνισμοῦ
1099 3129 1414 3201 προθυμίαν
1457 3127 1934 3200 ἐπιδεικνύμενον,

2046 3150 2170 3190 rore
2233 3134 2479 3206 gentium
2540 3131 2862 3188 ostendebat
2941 3136 3254 3200 promptum
3322 3134 3378 3179 et
3452 3123 3638 3178 alacre

343 3218 588 3290 ἄρχοντα
613 3219 710 3290 τῆς
743 3219 888 3291 ἐῴας
939 3220 1000 3274 ὃν
1053 3221 1284 3276 καλοῦσι
1339 3222 1562 3292 κόμητα
1601 3221 1938 3291 ἐξέπεμψεν,

2046 3227 2211 3282 animi
2257 3227 2525 3294 studium,
2579 3224 2764 3280 emisit
2824 3220 3066 3277 Orientis
3125 3228 3411 3280 rectorem,
3469 3229 3635 3285 quem

345 3310 759 3379 ἐντειλάμενος,
810 3312 881 3365 τὰ
936 3312 1037 3382 μὲν
1091 3313 1202 3367 τῶν
1245 3312 1558 3382 ἐκκλησιῶν
1635 3314 1942 3385 πράγματα

349 3400 561 3456 κακοῦν
601 3419 661 3456 τε
707 3403 804 3456 καὶ
857 3403 1231 3476 διαφθείρειν,
1279 3404 1561 3476 πανταχοῦ
1591 3404 1650 3458 δὲ
1707 3406 1804 3459 καὶ
1855 3406 1944 3459 διὰ

351 3495 535 3565 πάσης
568 3494 712 3560 ἰδέας
729 3496 822 3550 τὸν
857 3496 1219 3567 Ἐλληνισμδν
1249 3496 1438 3564 αὔξειν
1465 3515 1525 3550 τε
1548 3499 1644 3551 καὶ
1666 3497 1942 3570 ἐπαίρειν.

364 3585 426 3638 '0
453 3585 511 3640 δέ
533 3588 879 3658 ἀφικόμενος
905 3590 964 3644 ἐν
995 3588 1298 3662 Ἀντιοχείᾳ
1315 3593 1578 3660 ἐπειρᾶτο
1598 3591 1801 3662 μείζων
1836 3590 1945 3645 τῶν

351 3679 764 3748 ἐντεταλμένων
789 3683 904 3744 τοῖς
953 3680 1139 3753 ἔργοις
1172 3683 1484 3752 φαίνεσθαι,
1517 3683 1614 3738 καὶ
1659 3684 1724 3754 δὴ
1770 3699 1945 3754 προσ-

351 3772 679 3842 αφαιρεῖται
727 3771 832 3841 μὲν
897 3773 1093 3828 πασῶν
1127 3775 1238 3829 τῶν
1272 3775 1587 3848 ἐκκλησιῶν
1625 3778 1848 3833 ἅπαντα
1875 3777 1946 3832 τὰ

355 3864 642 3937 κειμήλια,
673 3866 778 3920 ὅσα
794 3866 853 3920 ἐν
875 3867 1104 3938 ἀργύρῳ
1133 3885 1193 3922 τε
1219 3868 1314 3923 καὶ
1345 3869 1536 3940 χρυσῷ
1569 3869 1667 3923 καὶ
1693 3871 1948 3941 σηρικοῖς

355 3959 648 4029 ὑφάσμασι
675 3959 924 4027 διετέλει,
958 3961 1245 4016 ἀποκλείει
1279 3959 1338 4017 δέ
1368 3963 1465 4018 καὶ
1498 3963 1598 4027 τὰς
1629 3962 1945 4034 ἐκκλησίας,

355 4051 452 4105 τοῦ
496 4051 571 4122 μή
641 4069 767 4108 τινα
819 4054 1103 4126 εἰσφοιτᾷν
1147 4056 1206 4108 ἐν
1257 4055 1455 4119 αὑταῖς
1511 4055 1683 4126 εύχῆς
1735 4053 1946 4120 ἕνεκα,

358 4146 585 4215 κλεῖθρα
629 4146 726 4200 καὶ
770 4149 1026 4218 μυχχοὺς
1068 4150 1182 4210 τοῖς
1214 4147 1453 4200 πυλῶσιν
1477 4146 1777 4200 ἐπιϐαλών.
1832 4145 1948 4200 Καὶ

357 4236 533 4291 ταῦτα
565 4238 670 4308 μὲν
720 4238 866 4293 κατὰ
912 4239 1011 4310 τὴν
1037 4239 1316 4310 Ἀντιόχου
1364 4240 1523 4294 πόλιν
1552 4256 1566 4270 ·
1608 4240 1637 4293 ό
1660 4241 1759 4308 τῆς
1793 4239 1952 4292 Ἀνα-

355 4325 522 4394 στολῆς
581 4325 768 4397 ἄρχων
819 4328 1128 4398 εἰργάζετο,
1187 4330 1216 4380 ὁ
1257 4329 1316 4382 δέ
1360 4327 1613 4398 βασιλεὺς
1640 4327 1949 4394 Ἰουλιανὸς,

360 4416 444 4469 ἐτι
490 4418 634 4472 κατὰ
662 4417 762 4490 τὴν
787 4419 1372 4474 Κωνσταντινούπολιν
1407 4419 1610 4474 διεῖλκέ
1651 4437 1775 4473 τινα
1824 4422 1953 4492 χρό-

362 4527 478 4574 νον,
499 4508 569 4563 τὰ
588 4511 647 4563 ἐν
667 4509 843 4582 ταύτῃ
869 4511 1172 4580 κρατύνας,
1198 4515 1278 4576 είς
1301 4514 1440 4582 ὅπερ
1470 4511 1688 4583 ἐνόμιζε
1715 4515 1954 4585 μάλιστα

2045 3327 2245 3374 vocant
2274 3317 2552 3379 comitem,
2579 3315 2781 3387 jubens
2811 3323 2974 3370 utres
3003 3310 3221 3382 quidem
3275 3306 3634 3364 ecclesiarum

2045 3420 2271 3466 vexaret
2303 3419 2360 3466 et
2386 3410 2663 3480 perderet,
2695 3407 2899 3476 ubique
2923 3414 3104 3460 autem
3144 3411 3200 3456 et
3241 3400 3391 3456 omni
3424 3398 3638 3452 ratione

2045 3517 2290 3558 errorem
2321 3502 2567 3572 gentium
2604 3507 2832 3571 augeret
2858 3505 2915 3552 et
2963 3495 3270 3551 extolleret.
3323 3491 3418 3545 Ille
3471 3489 3637 3560 igitur

2046 3610 2170 3651 cum
2196 3593 2441 3650 venisset
2474 3591 2849 3656 Antiochiam,
2900 3588 3206 3643 conabatur
3243 3583 3423 3654 reipsa
3476 3582 3634 3652 plura

2048 3695 2328 3758 praestare,
2393 3700 2556 3755 quam
2605 3683 2654 3739 ei
2719 3682 2898 3738 fuerat
2944 3681 3292 3750 imperatum.
3341 3676 3409 3730 Et
3459 3673 3636 3729 eccle-

2048 3781 2146 3834 siis
2175 3777 2395 3849 quidem
2429 3777 2608 3833 aufert
2637 3787 2984 3846 qmecunque
3033 3769 3312 3825 habebant
3366 3765 3630 3838 pretiosa,

2049 3881 2158 3926 tam
2190 3872 2244 3926 in
2279 3880 2504 3944 argento
2538 3879 2590 3927 et
2615 3885 2769 3934 auro,
2808 3882 2972 3938 quam
3008 3867 3065 3920 in
3116 3863 3310 3920 sericis
3342 3861 3637 3919 vestimen-

2050 3965 2138 4020 tis.
2173 3963 2500 4030 Quinetiam
2542 3963 2746 4019 claudit
2773 3959 3055 4021 ecclesias,
3095 3972 3167 4012 ne
3191 3957 3314 4028 quis
3336 3956 3390 4010 in
3426 3969 3520 4010 eas
3545 3954 3633 4009 in-

2051 4057 2370 4130 grederetur
2429 4055 2693 4126 precandi
2751 4068 2938 4117 causa,
2988 4051 3243 4107 claustris
3295 4057 3351 4104 et
3387 4047 3653 4103 vectibus.

2048 4153 2232 4226 januis
2255 4153 2541 4223 impositis.
2573 4151 2639 4205 Et
2667 4152 2786 4206 haec
2813 4149 3036 4220 quidem
3061 4145 3369 4202 Antiochia:
3401 4145 3653 4200 faciebat

2054 4259 2239 4301 comes
2287 4242 2554 4298 Orientis.
2612 4243 2912 4312 Imperator
2964 4249 3147 4294 autem
3195 4237 3447 4294 Julianus
3491 4239 3637 4291 Conv

2057 4333 2414 4406 stantinopoli
2454 4335 2681 4404 aliquod
2709 4335 2891 4390 adhuc
2931 4331 3252 4388 morabatur
3287 4339 3525 4401 tempus,
3552 4344 3644 4384 res

2055 4429 2388 4486 confirmans
2413 4437 2466 4483 et
2499 4429 2885 4492 corroborans,
2920 4435 3084 4498 prout
3121 4424 3171 4480 ei
3214 4424 3453 4478 maxime
3475 4437 3642 4491 expc.

2056 4519 2174 4575 dire
2209 4519 2491 4575 videbatur
2513 4517 2746 4588 imperio
2779 4535 2793 4571 :
2824 4524 2879 4572 et
2928 4526 2988 4571 ut
3034 4531 3194 4570 error
3235 4513 3479 4586 gentium
3528 4527 3644 4566 ma.

359 4606 427 4682 τῇ
460 4602 711 4674 βασιλεία
724 4603 1049 4675 συμφέρειν,
1075 4605 1171 4658 καὶ
1199 4605 1330 4668 ὅπος
1357 4607 1384 4659 ό
1421 4605 1776 4677 Ἑλληνισμὸς
1803 4607 1943 4677 αύτῷ

2058 4612 2256 4681 gnifice
2319 4609 2714 4673 extolleretur,
2782 4608 3141 4663 considerans
3211 4613 3267 4660 et
3320 4618 3641 4674 procurans.

363 4698 506 4768 πρὸς
573 4699 636 4752 τὺ
699 4697 1122 4769 μεγαλειότερον
1180 4699 1385 4770 ἐξαρθῇ
1454 4699 1679 4752 σκοπῶν
1737 4716 1795 4750 τε
1859 4701 1951 4751 καὶ

367 4792 920 4864 πραγματευόμενος.
957 4791 1133 4862 ’Ἄρας
1161 4786 1254 4844 οῦν
1284 4794 1348 4844 ἐκ
1379 4791 1476 4860 τῆς
1510 4793 1953 4844 Κωνσταντινουο

366 4886 578 4949 πόλεως
611 4885 710 4938 σὺν
735 4885 901 4938 παντὶ
948 4883 1027 4954 τῷ
1075 4883 1296 4957 στρατῷ
1342 4884 1441 4958 τὴν
1482 4884 1576 4936 ἐπὶ
1605 4883 1705 4951 τῆς
1753 4883 1953 4954 Συρίας

362 4982 610 5034 ἐποιεῖτο
635 4978 776 5032 ὀδόν.

443 5071 538 5126 II".
567 5071 809 5126 Διελθὼν
823 5070 1008 5125 τοίνυν
1030 5071 1252 5126 ἃπασαν
1283 5069 1381 5141 τὴν
1405 5070 1677 5138 Φρυγίαν,
1698 5069 1794 5122 καὶ
1818 5067 1958 5137 πρὸς

365 5165 465 5235 τὴν
493 5165 731 5236 ἐσχάτην
757 5165 931 5234 αὐτῆς
955 5165 1113 5218 πόλιν
1137 5164 1198 5218 τὸ
1219 5164 1558 5228 καλούμενον
1575 5161 1793 5216 Ἰκόνιον
1819 5176 1956 5214 κατ-

366 5257 640 5328 αντήσας,
717 5259 960 5322 ἐξέκλινε
996 5257 1095 5330 τὴν
1151 5259 1427 5328 Ἶσαυρίαν
1471 5252 1958 5317 καταλιιιιὼνηΚοιῖ⁵

366 5354 461 5402 τὸν
497 5349 795 5421 λεγόμενον
821 5351 1039 5422 Ταῦρον
1075 5349 1435 5422 ύπεραναϐὰς
1473 5365 1487 5378 ·
1533 5345 1699 5418 ἦλθεν
1728 5347 1820 5400 ἐπὶ
1856 5346 1958 5409 τὰς

369 5442 559 5506 πόλεις
589 5441 693 5511 τῆς
720 5441 998 5509 Κιλικίας,
1035 5442 1128 5495 καὶ
1167 5441 1244 5512 τῷ
1292 5439 1522 5509 σταθμῷ
1563 5437 1958 5508 προσπελάσας

369 5533 450 5602 τῷ
481 5534 542 5586 ἐν
575 5533 735 5603 Ἰσσῷ
767 5532 936 5587 αὐτοῦ
970 5551 1075 5586 που
1103 5535 1447 5602 κατασκηνοί
1468 5571 1483 5596 ,
1533 5532 1626 5584 τὸν
1671 5532 1734 5583 ἐκ
1772 5531 1960 5583 Μακε-

370 5626 552 5689 δονίας
603 5625 957 5694 Ἀλέξανδρον
991 5625 1372 5697 μιμησάμενος
1409 5640 1424 5656 ⁶
1466 5624 1656 5676 αὐτόθι
1704 5623 1814 5691 γὰρ
1862 5623 1960 5676 κὰ-

372 5720 550 5780 κείνος
584 5719 643 5771 ἐν
682 5718 838 5788 Ἰσσῷ
889 5717 980 5770 τὸν
1018 5718 1149 5785 πρὸς
1178 5719 1404 5788 Δαρεῖον
1428 5717 1518 5768 τὸν
1555 5715 1960 5786 Περσῶνβασι-

373 5809 472 5864 λέα
503 5810 872 5881 συνεκρότησε
904 5809 1160 5879 πόλεμον,
1191 5813 1284 5861 καὶ
1317 5805 1506 5862 τοῦτον
1531 5808 1784 5878 νικήσας,
1845 5808 1964 5859 ἐπί-

378 5918 555 5973 σημον
605 5901 694 5956 τὸν
748 5903 913 5958 τόπον
949 5901 1283 5971 εἰργάσατοο
1327 5900 1538 5955 ἐκεῖθεν
1592 5900 1682 5954 Iba.
1728 5898 1960 5954 ἰσσικὸν

2057 4702 2249 4755 Postea
2287 4705 2443 4754 vero
2489 4699 2777 4754 discedens
2815 4697 3296 4765 ConstantinOpoli
3350 4710 3474 4750 cum
3519 4693 3645 4747 uni-

2058 4805 2216 4846 verso
2254 4789 2522 4853 exercitu,
2562 4789 2666 4842 iter
2689 4787 2920 4843 faciebat
2955 4789 3011 4842 in
3038 4785 3274 4858 Syriam.

2128 5063 2273 5120 χιιι.
2322 5062 2459 5117 Cum
2505 5061 2688 5130 itaque
2735 5060 3046 5115 universam
3100 5056 3434 5126 pervasisset
3478 5056 3647 5128 Pliry-

2058 5157 2221 5227 giam,
2250 5164 2306 5210 et
2341 5154 2409 5209 ad
2440 5155 2560 5224 ejus
2601 5151 2846 5208 ultimam
2881 5150 3122 5206 venisset
3179 5149 3482 5212 civitatem,
3523 5163 3645 5217 quae

2061 5259 2288 5306 vocatur
2313 5247 2578 5312 Iconium,
2607 5245 2904 5301 declinavit
2932 5243 3122 5298 relicta
3161 5243 3390 5297 Isauria.
3418 5243 3484 5297 Et
3517 5257 3643 5296 cum

2062 5342 2328 5405 Taurum,
2354 5341 2445 5410 qui
2471 5339 2694 5402 dicitur,
2728 5344 3064 5408 superasset,
3099 5334 3254 5389 venit
3296 5334 3362 5387 ad
3396 5332 3652 5387 civitates

2061 5435 2285 5491 Ciliciae.
2323 5433 2463 5489 Cum
2495 5446 2625 5487 vero
2675 5430 3003 5485 accessisset
3050 5427 3117 5482 ad
3161 5427 3477 5489 stationem,
3525 5441 3648 5492 quze

2063 5539 2149 5584 est
2178 5531 2232 5583 in
2265 5527 2396 5589 Isso,
2427 5525 2537 5580 illic
2564 5530 3002 5586 castrametatur,
3033 5517 3385 5574 Macedonem
3418 5517 3649 5571 Alexan-

2065 5624 2222 5679 drum
2253 5621 2521 5675 imitatus.
2567 5616 2702 5672 Nam
2747 5617 2838 5670 ille
2874 5631 3093 5685 quoque
3123 5613 3174 5667 in
3228 5611 3340 5667 Isso
3373 5625 3499 5666 cum
3544 5609 3652 5664 Da-

2067 5712 2150 5766 rio
2183 5726 2307 5780 rcge
2343 5709 2632 5762 Persarum
2683 5704 2960 5762 commisit
3008 5702 3281 5774 prtelium.
3330 5699 3450 5765 Quo
3480 5699 3645 5763 victo,

2068 5804 2246 5857 locum
2281 5799 2520 5855 reddidit
2552 5797 2841 5869 insignem.
2897 5797 3048 5850 Illinc
3101 5795 3283 5849 sinum
3347 5790 3651 5846 transmisit

2069 5896 2318 5961 lssicum,
2346 5900 2401 5948 et
2433 5891 2578 5947 venit
2613 5890 2980 5956 Antiochiam,
3015 5889 3146 5942 iram
3197 5884 3412 5952 spirans
3454 5883 3650 5938 adver-
