4132 6446
443 389 584 454 1179

1713 381 1996 443 ΜΕΝὸιὸ
2032 380 2398 444 OCTOBEB.

3586 381 3726 454 1180

449 515 536 553 cur
555 501 586 551 ii
620 497 820 562 verbis,
849 515 971 568 qua:
1007 516 1037 553 a
1069 499 1220 554 vobis
1249 500 1471 570 quidem
1505 500 1558 554 in
1587 501 1798 554 honore
1828 499 2025 554 haben-

2145 500 2367 570 σαπρῶν
2389 517 2448 553 τε
2476 501 2570 553 καὶ
2599 501 2875 554 ὀδωδότων
2895 499 3099 572 Ἑρμοῦ
3134 501 3420 570 ῥημάτων,
3451 499 3560 556 τῶν
3593 500 3730 572 παρ’

449 607 556 656 tur,
585 592 696 658 jam
727 601 909 647 autem
942 593 1035 648 diu
1065 602 1194 646 ante
1226 600 1560 662 putruerunt
1587 603 1642 648 et
1667 592 2025 648 eiliuxerunt‘:

2140 589 2272 660 ύμῖν
2319 594 2690 662 τιμωμένων,
2731 594 2832 664 ήδη
2877 592 2988 662 πρὸ
3022 591 3222 646 πολλοῦ
3268 593 3590 663 σεσηπότων
3627 594 3728 647 καὶ

446 679 638 750 Neque
671 683 818 736 enim
851 682 918 738 de
948 683 1088 738 vivis
1113 683 1192 738 fas
1216 694 1301 763 est
1333 700 1525 756 rogare
1555 695 1802 740 mortuos
1830 685 1918 747 iis,
1941 683 2034 752 qui

447 790 512 828 ex
545 774 746 829 divinis
776 776 1011 846 eloquiis
1039 777 1244 832 habent
1291 793 1450 834 veros
1489 788 1778 850 martyres,
1809 777 1900 848 qui
1934 777 2033 832 ad-

443 876 670 923 ventum
701 868 903 923 Christi
939 879 997 924 et
1029 869 1371 926 divinitatem
1401 871 1864 942 praanuntiarunt.

512 1045 679 1101 XVII.
721 1047 1055 1122 Pythagoras
1102 1062 1310 1118 autem,
1341 1055 1435 1122 qui
1485 1067 1647 1110 serue
1699 1055 1898 1111 Italicae
1931 1054 2032 1112 fuit

438 1146 632 1192 auctor
661 1148 715 1194 et
749 1141 1030 1212 princeps,
1061 1145 1192 1213 quid
1245 1163 1501 1217 magnum
1544 1157 1600 1202 et
1645 1148 2026 1202 admirandum

439 1226 592 1290 fecit,
622 1236 706 1282 ter
736 1229 789 1283 in
826 1232 989 1286 vitam
1023 1233 1323 1302 productus
1345 1237 1368 1290 ?
1389 1235 1472 1291 An
1505 1237 1650 1306 quod
1673 1253 1797 1292 cum
1831 1237 2028 1293 fuisset

438 1315 726 1388 Olympiae,
757 1327 817 1373 ut
840 1337 938 1376 vos
961 1323 1164 1388 dicitis,
1200 1341 1430 1381 aureum
1459 1343 1620 1382 suum
1647 1325 1827 1384 femur
1847 1338 2030 1383 osten-

439 1410 519 1464 dit
554 1411 962 1470 Hellanodicis?
1007 1415 1100 1471 Vel
1134 1417 1282 1487 quod
1325 1418 1668 1490 mugientem
1713 1419 1907 1476 bovem
1939 1436 2030 1474 sa-

439 1502 824 1563 crificaturus:
865 1506 1064 1574 Habet,
1095 1509 1294 1581 inquit,
1326 1513 1565 1568 animam
1591 1515 1690 1568 viri
1727 1514 1859 1568 mihi
1890 1515 2028 1570 arni-

439 1595 671 1665 eissimi,
716 1609 772 1655 et
819 1617 918 1672 per
965 1605 1233 1672 mugitum
1281 1621 1368 1662 me
1410 1607 1611 1664 salutat
1657 1607 1886 1665 infelix?
1919 1609 2024 1663 Sen

438 1690 585 1756 quod
637 1695 897 1762 aquilam,
935 1713 1059 1765 (ιυεε
1108 1699 1341 1754 sublime
1371 1700 1605 1767 volabat,
1639 1718 1738 1772 per
1772 1703 2026 1757 incanta-

441 1783 646 1838 tiomm
676 1787 806 1843 fecit
835 1789 1032 1844 cadere
1062 1791 1116 1844 in
1145 1794 1389 1846 terram?
1419 1793 1544 1849 Haec
1573 1795 1838 1851 miracula
1869 1795 2022 1858 fecit,

2139 681 2606 754 ἀπερῤυηκότων;
2672 685 2794 739 ούδέ
2843 684 2955 755 γὰρ
2989 686 3139 738 ὅσιον
3180 685 3308 755 ’περὶ
3346 683 3457 737 τῶν
3501 685 3730 748 ζώντων

2136 775 2353 846 ἐρωτᾷν
2387 777 2516 837 τοὺς
2541 779 2795 846 νεκροὺς,
2827 777 3145 848 ἔχοντας’ἑκ
3176 777 3288 828 τῶν
3319 775 3599 844 θεοσόφων
3627 777 3724 829 λο-

2135 869 2274 933 γίων
2304 869 2435 932 τοὺς
2471 867 2700 936 ἀληθεῖς
2744 869 3030 938 μάρτυρας
3055 910 3070 932 ,
3127 869 3178 922 οἶ
3215 868 3314 938 τὴν
3344 868 3440 921 τοῦ
3480 867 3728 938 Χριστοῦ

2135 961 2441 1031 παρουσίαν
2476 979 2535 1014 τε
2571 961 2670 1014 καὶ
2709 960 2944 1031 θεότητα
2986 959 3497 1028 προκατήγγειλαν.

2209 1051 2309 1107 ῙΖ’.
2346 1053 2676 1124 Πυθαγόρας
2703 1052 2761 1106 δὲ
2786 1053 2816 1106 ό
2840 1052 2943 1119 τῆς
2983 1050 3255 1119 Ἰταλικῆς
3296 1051 3580 1121 κατάρξας
3633 1051 3714 1104 αἶ-

2135 1147 2342 1216 ρέσεως
2387 1146 2442 1199 τί
2495 1149 2638 1216 μέγα
2683 1147 2780 1200 καὶ
2817 1144 3138 1215 θαυμαστὸν
3186 1146 3246 1198 ἐν
3280 1144 3360 1212 τῷ
3422 1143 3521 1213 βίῳ
3555 1159 3732 1214 προσ-

2135 1237 2448 1307 παραχθεὶς
2480 1236 2886 1308 ἀπειργάσατο,
2941 1236 2975 1306 ἢ
3007 1237 3094 1288 ὅτι
3136 1239 3196 1287 ἐν
3245 1234 3522 1303 Ὀλυμπίᾳ
3566 1233 3729 1303 γενό-

2140 1345 2328 1398 μενος,
2359 1329 2436 1393 ὡς
2483 1331 2645 1400 ὑμεῖς
2695 1342 2856 1398 φατε,
2883 1329 3122 1402 χρυσοῦν
3167 1330 3259 1382 τὸν
3306 1327 3504 1380 ἑαυτοῦ
3543 1327 3727 1397 μηρὸν

2129 1427 2244 1487 τοῖς
2274 1424 2682 1489 Ἑλλανοδίκαις
2711 1425 3000 1492 ύπέδειξες
3033 1425 3130 1478 καὶ
3161 1424 3292 1495 βοῦν
3327 1421 3556 1477 θύεσθαι
3594 1419 3732 1490 μέλ-

2128 1516 2291 1570 λοντα
2327 1518 2718 1588 μυκησάμενον
2744 1535 2760 1552 ο
2811 1519 3048 1590 Ἀνδρδς,
3085 1517 3216 1589 ἔφη,
3235 1517 3416 1587 ψυχὴν
3447 1517 3572 1585 ἐμοὶ
3603 1513 3733 1584 φιλ“’

2128 1612 2298 1666 τάτου
2327 1611 2618 1682 κέκτηται,
2659 1615 2758 1668 καὶ
2795 1611 2885 1667 διά
2940 1613 3034 1667 τοῦ
3077 1613 3405 1683 μυκήματος
3451 1626 3732 1681 προσαγο-

2131 1702 2286 1772 ρεύει
2317 1719 2386 1772 με
2422 1705 2451 1756 ό
2491 1702 2864 1774 ταλαίπωρος,
2887 1702 2986 1758 καὶ
3018 1702 3181 1758 ἀετὸν
3216 1704 3276 1756 ἐν
3319 1701 3448 1770 ὕψει
3479 1718 3730 1754 καταπε-

2132 1795 2363 1866 τόμενον
2388 1797 2458 1851 δι’
2495 1797 2712 1870 ἐπῳδῆς
2743 1799 3086 1851 καταπεσεῖν
3127 1796 3220 1848 ἐπὶ
3255 1795 3360 1865 γῆς
3402 1793 3675 1864 πεποίηκε
3705 1811 3721 1857 ;

439 1893 564 1930 cutn
593 1887 740 1933 esset
785 1878 1045 1953 Olympiae
1077 1893 1159 1939 ter
1187 1886 1408 1956 genitus
1436 1886 1789 1959 Pythagoras,
1830 1891 2025 1945 insano

2137 1889 2328 1944 Ταῦτα
2367 1890 2396 1943 ό
2419 1890 2541 1961 τρὶς
2562 1889 2849 1960 γεννηθεὶς
2879 1887 3327 1958 ἐθαυματούργει
3358 1887 3418 1941 ἐν
3447 1886 3730 1956 Ὀλυμπίᾳ

441 1967 625 2037 gloriae
652 1986 838 2028 amore
870 1985 1084 2045 captus,
1121 1988 1177 2032 et
1213 1978 1426 2034 visione
1453 1982 1570 2037 haec
1609 1985 2029 2054 apprehendens

443 2070 526 2114 ter
559 2061 768 2131 infelix,
797 2067 889 2136 qui
918 2070 1341 2137 quaternionem
1390 2072 1776 2142 jusjurandum
1820 2078 2030 2132 constio

441 2155 646 2219 luebat,
680 2167 733 2211 et
762 2175 886 2213 ettm
921 2161 1142 2217 dicebat
1170 2163 1374 2218 fontem
1413 2176 1638 2222 αξιοι-ηαξ
1667 2183 1901 2236 natura‘,
1934 2173 2028 2242 qui

439 2247 593 2303 fabas
620 2249 835 2305 colebat
887 2263 1112 2323 propter
1159 2272 1294 2325 quas
1331 2259 1518 2327 periit,
1554 2275 1678 2314 cum
1709 2262 1825 2316 suis
1866 2255 2026 2320 fami-

440 2338 666 2394 liaribus
688 2342 852 2397 simul
875 2347 1134 2412 expulsus
1155 2363 1183 2400 a
1217 2349 1554 2405 Tarentinis.
1586 2353 1724 2406 Nam
1751 2369 1873 2407 cum
1905 2355 2027 2409 nol-

437 2429 512 2484 let
548 2432 762 2488 calcare
790 2437 988 2502 locum,
1020 2439 1210 2508 inzquo
1241 2441 1376 2498 faba:
1413 2453 1572 2499 erant
1606 2445 1888 2514 dispersae,
1925 2448 2028 2504 ibi-

436 2521 562 2574 dem
592 2524 925 2580 interficitur
975 2544 1099 2583 cum
1133 2529 1497 2588 familiaribus
1531 2543 1587 2590 et
1618 2535 1926 2606 discipulis,
1971 2550 2029 2594 et

437 2621 782 2677 consumitur
818 2625 887 2680 ab
935 2626 1195 2684 inimicis.
1233 2629 1460 2686 Theano
1505 2642 1690 2689 autem
1737 2636 1855 2705 ejus
1888 2652 2028 2692 uxor

435 2715 493 2760 et
536 2707 824 2780 discipula.
873 2731 999 2770 cum
1053 2719 1224 2774 nollet
1269 2721 1454 2777 dicere
1501 2739 1748 2793 causam,
1799 2736 2028 2796 propter

436 2814 600 2867 quam
637 2803 756 2858 faba
790 2823 899 2862 non
933 2821 1253 2879 vescuntur,
1307 2814 1423 2885 ipsa
1471 2831 1714 2886 quoque,
1757 2818 1803 2872 ei
1839 2818 2024 2889 lingua

438 2902 741 2962 amputata,
783 2898 1094 2967 perimitur.

506 3075 694 3132 XVIII.
743 3078 873 3135 Haac
893 3091 1025 3136 sunt
1061 3086 1374 3154 sapientum
1421 3088 1876 3158 philosophorum
1915 3090 2025 3160 pri~

2134 1985 2443 2052 γενόμενος,
2485 1982 2798 2054 δοξομανῶν
2830 1982 2926 2036 καὶ
2977 1981 3455 2052 φαντασιούμενος
3493 1982 3520 2033 ὁ
3561 1997 3728 2048 τρ-σ-

2132 2070 2343 2141 ἅθλιος,
2377 2079 2404 2128 ὁ
2429 2076 2530 2146 τὴν
2557 2077 2868 2145 τετρακτὺν
2896 2076 3062 2143 ὅρκον
3099 2073 3387 2144 τιθέμενος
3455 2073 3550 2125 καὶ
3589 2072 3727 2125 ταί-

2132 2186 2236 2237 την
2277 2170 2504 2237 φάσκων
2540 2170 2728 2238 πηγὴν
2791 2167 3022 2221 ἀεννάου
3065 2167 3305 2235 φύσεως,
3355 2169 3382 2220 ό
3412 2165 3535 2228 τοὺς
3583 2165 3725 2218 κυά-

2136 2278 2274 2330 μους
2303 2261 2623 2330 σεϐόμενος,
2665 2262 2733 2315 δι’
2765 2259 2861 2324 οὓς
2901 2259 3154 2314 ἀπώλετο
3204 2261 3343 2330 μετά
3399 2259 3508 2314 τῶν
3551 2257 3723 2312 αὑτοῦ

2132 2353 2410 2422 ἑταίρων,
2458 2353 2568 2408 ὑπὸ
2613 2354 2726 2408 τῶν
2771 2354 3129 2424 Ταραντίνων
3195 2351 3665 2418 συνελαυνόμενος
3701 2365 3718 2382 ⁶

2135 2447 2211 2515 μὴ
2265 2443 2597 2515 βουλόμενος
2638 2446 2751 2516 γάρ
2796 2445 2890 2498 τὸν
2939 2446 3105 2500 τόπον
3153 2445 3426 2513 πατῆσαι,
3469 2445 3527 2496 ἐν
3665 2443 3718 2494 oi

2133 2536 2338 2606 κύαμοι
2389 2537 2730 2608 ἐσπαρμένοι
2793 2537 3119 2608 ἐτύγχανον,
3183 2535 3354 2590 αὐτοῦ
3399 2535 3540 2605 μετά
3603 2534 3720 2587 τῶν

2130 2628 2369 2698 ἑταίρων
2427 2627 2524 2683 καὶ
2585 2628 2848 2699 μαθητῶν
2893 2628 3340 2696 κατασφάττεται
3373 2669 3388 2690 ,
3448 2625 3543 2678 καὶ
3604 2625 3718 2676 τῶν

2131 2720 2342 2790 ἐχθρῶν
2380 2721 2594 2790 γίνεται
2635 2722 3038 2792 παρανάλωμα.
3095 2720 3288 2774 Θεανὼ
3333 2719 3390 2772 δὲ
3431 2720 3460 2788 ἡ
3512 2717 3713 2772 τούτου

2128 2811 2345 2882 γαμετὴ
2377 2815 2473 2867 καὶ
2507 2813 2824 2885 μαθήτρια,
2855 2813 2934 2883 μή
2986 2812 3224 2866 θέλουσα
3250 2811 3346 2881 τὴν
3381 2810 3566 2863 αἰτίαν
3587 2826 3721 2862 κατ-

2129 2906 2310 2958 ειπεῖν
2363 2904 2432 2958 δι’
2474 2906 2541 2975 ήν
2569 2904 2660 2960 τὸν
2689 2903 2906 2975 κύαμον
2929 2904 3032 2957 οὐκ
3055 2902 3321 2964 ἐσθίουσι,
3345 2901 3446 2972 τὴν
3467 2901 3720 2970 γλῶτταν

2129 2996 2470 3067 ἐκτμηθεῐσα
2494 2996 2795 3066 πρότερον,
2828 2998 2923 3050 καὶ
2940 2996 3081 3066 αὐτὴ
3135 2994 3608 3065 προσαπόλλυται.

2202 3083 2311 3141 lH'.
2354 3084 2548 3140 Ταῦτα
2579 3086 2690 3139 τῶν
2726 3083 2913 3154 σοφῶν
2957 3085 3272 3154 φιλοσόφων
3319 3082 3391 3136 τὰ
3443 3084 3723 3153 προτερή-

438 3166 652 3237 vilegia,
686 3169 780 3239 qui
824 3170 909 3226 bis
943 3183 1000 3228 et
1051 3181 1135 3228 ter
1184 3185 1313 3231 sunt
1357 3178 1549 3246 geniti,
1586 3189 1647 3234 ut
1679 3181 1797 3250 ipse
1834 3182 2018 3238 dixisti

2134 3197 2302 3249 ματα,
2336 3180 2446 3234 τῶν
2481 3179 2564 3242 δίς
2586 3179 2686 3233 καὶ
2714 3180 2836 3250 τρὶς
2863 3179 3237 3248 γεννηθέντων
3258 3179 3335 3242 ῶς
3361 3176 3524 3240 αύτδς
3585 3177 3722 3247 ἐρη-

436 3260 698 3314 oratorie.
763 3262 855 3316 Illa
912 3271 1095 3320 autem
1155 3268 1414 3324 suntmei
1469 3269 1675 3328 Citriin
1738 3271 2022 3342 miracula,

439 3361 666 3420 propter
695 3357 914 3423 generis
943 3355 1170 3412 humani
1215 3359 1445 3415 salutem
1488 3372 1546 3417 et
1593 3363 2018 3421 restitutionem.

439 3442 502 3498 Et
535 3443 866 3516 Pythagoras
896 3449 1114 3518 quidem
1147 3459 1204 3506 et
1232 3451 1536 3509 Mercurius
1582 3453 1871 3510 hominum
1898 3457 2022 3512 ani-

437 3549 553 3588 mas
583 3535 866 3592 deducunt
909 3540 978 3595 ad
1021 3541 1352 3610 profundum
1398 3542 1721 3610 inferorum,
1757 3547 2022 3616 quasdam

434 3643 626 3682 earnm
656 3629 1165 3702 transmigrationes
1193 3643 1247 3688 et
1279 3635 1649 3691 traductiones
1672 3638 2024 3694 introducen-

439 3730 542 3784 tes,
575 3720 870 3790 aliquando
901 3723 1120 3794 quidem
1153 3725 1210 3780 in
1249 3726 1510 3782 animalia
1554 3729 1786 3785 rationis
1830 3745 2025 3802 exper-

437 3811 506 3864 tia
565 3821 621 3866 et
643 3813 846 3870 bestias
874 3829 969 3870 eas
1003 3817 1390 3872 traducentes:
1425 3818 1717 3890 aliquando
1754 3831 1936 3877 autem
1966 3823 2022 3878 in

437 3902 613 3970 pisces
637 3911 693 3958 et
716 3906 960 3973 plantas;
992 3915 1046 3960 et
1076 3905 1211 3962 alias
1236 3907 1500 3976 quasdam
1532 3910 1910 3968 revocationes
1966 3923 2023 3969 et

435 3996 675 4052 ambitus
719 3998 1010 4070 ﬁngentes.
1042 3998 1298 4056 Christus
1339 4010 1548 4068 autem,
1592 4013 1653 4058 ut
1687 4003 1830 4060 Deus
1861 4021 2024 4062 verus

433 4098 494 4144 et
523 4097 784 4156 aeternus,
830 4105 955 4145 cum
991 4092 1231 4147 animam
1278 4092 1502 4150 fecisset
1547 4094 1934 4164 immortalem,
1967 4107 2025 4153 et

438 4184 576 4239 senii
611 4190 890 4252 expertem
931 4183 1138 4250 divino,
1171 4183 1266 4254 qui
1293 4183 1398 4240 fuit
1421 4185 1491 4240 ab
1521 4186 1704 4251 initio,
1741 4189 1940 4258 spiritu
1969 4201 2028 4246 et

437 4274 828 4340 insufflatione,
860 4275 1082 4345 quando
1109 4275 1410 4332 fabricatus
1444 4277 1547 4332 fuit
1570 4277 1812 4347 primum
1846 4281 2026 4339 homi-

439 4384 565 4424 nem
593 4370 677 4438 (ιιι
718 4369 914 4432 divini,
965 4380 1020 4423 et
1053 4383 1194 4438 quos
1244 4385 1408 4426 nemo
1452 4381 1634 4442 potest
1678 4375 2022 4446 calumniari,

439 4460 688 4517 referunt
712 4459 834 4516 libri
863 4458 1072 4526 Mosis),
1101 4473 1224 4515 eam
1259 4477 1450 4518 rursus
1470 4479 1571 4534 per
1599 4464 2022 4524 inobedientiam

441 4552 668 4622 lapsam,
706 4560 761 4607 ct
788 4551 1168 4623 deceptionem
1190 4554 1487 4624 serpentis,
1514 4557 1607 4626 qui
1637 4557 1798 4614 affert
1826 4561 2025 4617 animis

442 4645 692 4710 exitium,
725 4646 840 4715 ipse
865 4646 1094 4701 veniens
1116 4646 1173 4701 in
1201 4656 1428 4715 terram,
1456 4658 1512 4704 et
1541 4648 1594 4704 in
1621 4666 1686 4706 ea
1719 4655 1945 4722 degens,
1971 4665 2027 4710 et

442 4739 584 4794 viam
615 4738 807 4794 salutis
834 4738 995 4795 nobis
1023 4740 1342 4808 ostendens,
1376 4757 1474 4812 per
1491 4742 1822 4814 baptismum
1852 4756 1908 4802 et
1937 4762 2023 4802 re-

440 4830 836 4885 surrectionem
861 4844 893 4883 a
918 4830 1152 4886 mortuis
1177 4831 1246 4886 ab
1266 4831 1465 4890 inferis
1493 4835 1712 4891 reduxit
1734 4838 1802 4892 ad
1830 4838 2020 4898 caelos.

442 4922 506 4976 Et
535 4937 723 4977 rursus
748 4921 975 4976 veniens
999 4923 1067 4978 ad
1093 4923 1451 4990 iudicandum
1485 4925 1638 4983 vivos
1661 4939 1719 4985 et
1751 4940 2017 4998 mortuos,

439 5011 606 5066 faciet
633 5025 859 5082 surgere
891 5021 1221 5081 corpora,,et
1238 5013 1538 5086 conjunget
1568 5018 1685 5074 suis
1713 5021 2026 5089 animabus,

438 5115 494 5160 et
530 5105 722 5161 reddet
750 5105 1049 5165 unicuique
1086 5105 1394 5162 secundum
1429 5123 1529 5166 sua
1559 5127 1727 5182 opera
1754 5115 1793 5171 ¹.

512 5399 652 5454 XIX.
696 5401 823 5458 Haec
855 5419 979 5460 cum
1010 5417 1214 5479 martyr
1238 5408 1431 5464 fuisset
1457 5411 1892 5483 philosophatus,
1919 5415 2022 5469 ini-

441 5506 582 5560 quus
596 5490 848 5548 Julianus
873 5513 885 5549 :
917 5494 1342 5569 Videte,inquit,
1364 5502 1465 5556 viri
1496 5501 1726 5558 Romani
1746 5515 1804 5560 et
1824 5506 2018 5572 Graci,

442 5577 594 5636 hunc
619 5581 946 5639 sceleratum
977 5595 1033 5641 et
1083 5590 1478 5646 exsecrandum
1516 5591 1815 5662 hominem,
1849 5612 2022 5666 quan-

443 5681 525 5727 tas
565 5688 632 5728 ex
663 5673 865 5732 Graecis
910 5678 1212 5750 disciplinis
1261 5683 1452 5740 effudit
1485 5701 1650 5757 nugas
1691 5687 1744 5743 in
1776 5697 2018 5745 nostram

519 5833 599 5886 ³1.
635 5835 762 5894 Cor.
799 5860 848 5901 ι’,
888 5843 966 5896 10.

2125 3272 2422 3341 τόρευσας,
2455 3273 2692 3326 κάκεῖνα
2743 3271 2840 3326 τοῦ
2884 3271 3023 3342 ἐμοῦ
3060 3269 3305 3342 Χριστοῦ
3336 3269 3429 3323 ἐπὶ
3469 3267 3724 3338 σωτηρίᾳ

2126 3364 2222 3417 καὶ
2241 3363 2544 3434 ἀνακλήσει
2567 3364 2662 3419 τοῦ
2698 3364 2808 3418 τῶν
2851 3363 3160 3435 ἀνθρώπων
3202 3362 3397 3434 γένους
3418 3363 3486 3416 τά
3513 3378 3716 3435 τερατ-

2123 3457 2480 3528 ουργήματα,
2553 3457 2666 3512 Καὶ
2707 3457 3035 3528 Πυθαγόρας
3071 3457 3172 3526 μὲν
3220 3457 3316 3510 καὶ
3353 3453 3564 3526 Ἐρμῆς
3613 3453 3720 3516 τὰς

2128 3551 2240 3604 τῶν
2270 3549 2369 3604 ἀνθ
2384 3549 2587 3621 ρώπων
2608 3549 2792 3620 ψυχὰς
2847 3551 2928 3614 είς
2957 3549 3050 3604 τὸν
3085 3548 3216 3621 ᾅδου
3260 3548 3516 3618 πυθμένα
3546 3549 3726 3601 κατά-

2133 3661 2321 3714 γουσι,
2361 3643 2820 3716 μετεμψυχώσεις
2859 3643 2922 3714 δή
2969 3660 3130 3707 τινας
3170 3643 3266 3697 καὶ
3297 3643 3716 3713 μεταγγισμοὺς

2128 3739 2591 3809 παρεισάγοντες,
2623 3735 2758 3790 ποτὲ
2793 3737 2894 3806 μὲν
2919 3739 3001 3800 εἰς
3032 3737 3205 3804 ἄλογα
3241 3735 3360 3799 ζῶα
3396 3736 3494 3788 καὶ
3547 3733 3717 3805 θηρία

2125 3831 2330 3894 ταύτας
2360 3827 2860 3900 μεταϐιϐάζοντες,
2897 3829 3029 3883 ποτὲ
3051 3830 3110 3882 δὲ
3143 3832 3224 3892 εἰς
3260 3829 3416 3899 ἰχθῦς
3441 3829 3537 3880 καὶ
3567 3828 3718 3897 φυτά

2129 3928 2224 3982 καὶ
2282 3926 2456 3989 ἄλλας
2510 3925 2670 3989 τινάς
2724 3924 3210 3995 ἐπανακυκλήσεις
3269 3923 3368 3978 καὶ
3426 3922 3720 3994 περιόδους

2127 4019 2524 4084 κατασπῶντες
2583 4020 2760 4084 αύτάς
2814 4020 2912 4074 καὶ
2970 4017 3470 4091 ἀπορραπίξοντες.
3552 4016 3612 4071 Ὀ
3660 4017 3720 4069 δὲ

2127 4112 2388 4184 Χριστὸς,
2420 4112 2550 4167 καθ’
2585 4112 2613 4165 ὃ
2638 4112 2773 4176 Θεὸς
2804 4113 3071 4182 ὑπάρχων
3103 4111 3314 4183 ἀληθὴς
3344 4111 3441 4165 καὶ
3471 4110 3720 4176 αἰώνιος,

2128 4205 2401 4260 ἀθάνατον
2469 4205 2645 4277 αὐτὴν
2700 4205 2797 4260 καὶ
2863 4207 3060 4276 ἀγήρω
3142 4204 3572 4266 κατασκευάσας
3640 4202 3722 4272 τῷ

2128 4299 2392 4368 ἀπαρχῆς
2447 4295 2730 4366 πνεύματι
2785 4295 2914 4367 θείῳ
2965 4297 3061 4349 καὶ
3111 4298 3503 4367 ἐμφυσήματι,
3553 4295 3720 4364 ἡνίκα

2128 4390 2219 4442 τὸν
2256 4389 2479 4459 πρῶτον
2511 4387 2958 4460 ἐδημιούργησεν
3007 4388 3323 4458 ἄνθρωπον,
3357 4391 3434 4452 ὡς
3476 4390 3534 4441 αί
3572 4389 3721 4442 θεῖαι

2129 4480 2230 4533 καὶ
2285 4479 2602 4550 ἀδιάϐλητοι
2661 4477 2756 4532 τοῦ
2807 4480 3057 4544 Μωσέως
3109 4479 3287 4548 βίϐλοι
3335 4479 3669 4547 διασαφοῦσι
3703 4519 3718 4542 ,

2130 4573 2410 4627 πεσοῦσαν
2438 4571 2603 4627 πάλιν
2629 4570 2720 4626 διὰ
2747 4573 2854 4642 τῆς
2885 4572 3183 4641 παρακοῆς
3224 4571 3324 4624 καὶ
3359 4573 3462 4640 τῆς
3500 4570 3722 4639 ἀπάτης

2126 4668 2220 4720 τοῦ
2255 4665 2609 4737 ψυχοφθόρου
2654 4665 2954 4736 δράκοντος
2989 4662 3163 4718 ἐλθὼν
3202 4664 3298 4717 ἐπὶ
3351 4664 3456 4734 γῆς
3485 4665 3584 4716 καὶ
3623 4679 3722 4715 πο-

2125 4761 2523 4828 λιτευσάμενος
2584 4759 2682 4813 καὶ
2749 4757 3044 4824 ὑποδείξας
3093 4759 3226 4828 ἡμῖν
3259 4758 3380 4811 ὁδὸν
3436 4756 3719 4827 σωτηρίας

2124 4854 2214 4907 διὰ
2237 4853 2331 4906 τοῦ
2365 4852 2746 4924 βαπτίσματος
2779 4852 2875 4906 καὶ
2901 4852 3002 4924 τῆς
3034 4852 3099 4904 ἐκ
3129 4851 3344 4922 νεκρῶν
3379 4848 3550 4904 αὐτοῦ
3585 4850 3719 4904 ἀνα-

2126 4945 2394 5012 στάσεως,
2439 4946 2504 4999 ἐκ
2529 4945 2652 5014 ςτῶν
2695 4943 2794 4998 τοῦ
2842 4943 2972 5016 ᾅδου
3005 4943 3306 5014 πυθμένων
3337 4944 3418 5006 εἰς
3447 4941 3717 5011 οὐρανοὺς

2124 5040 2334 5111 ταύτην
2385 5040 2735 5110 ἐπανήγαγε,
2793 5039 2892 5092 καὶ
2951 5038 3118 5093 πάλιν
3172 5037 3474 5108 ἐρχόμενος
3528 5037 3716 5106 κρῖναι

2125 5131 2340 5197 ζῶντας
2386 5130 2484 5184 καὶΙ
2521 5129 2774 5199 νεκροὺς,
2803 5127 3250 5198 ἐξαναστήσειτά
3293 5126 3552 5194 σώματα,
3613 5125 3709 5177 καί

2126 5225 2356 5294 συνάψει
2380 5227 2504 5288 ταῖς
2532 5223 2750 5278 ἑαυτῶν
2777 5223 2982 5294 ψυχαῖς
3004 5265 3019 5288 ,
3067 5223 3164 5276 κα)⁸
3189 5220 3463 5275 ἀποδώσει
3494 5217 3714 5286 ἑκάστῳ

2127 5317 2270 5369 κατά
2303 5315 2371 5369 τά
2398 5315 2538 5386 ἐργα
2570 5313 2764 5369 αὑτοῦ.

2191 5409 2277 5462 ΙΘ.
2307 5407 2498 5462 Ταῦτα
2520 5408 2620 5462 τοῦ
2655 5407 2936 5478 μάρτυρος
2974 5407 3471 5476 φιλοσοφήσαντος,
3522 5406 3551 5456 ό
3599 5419 3709 5456 παο

2125 5502 2360 5571 ράνομος
2403 5499 2690 5564 Ἰουλιανός
2725 5517 2740 5532 ο
2786 5501 3009 5570 Ὁρᾶτε,
3037 5500 3163 5570 ἔφη,
3198 5500 3396 5571 ἄνδρες
3440 5498 3713 5566 Ῥωμαῖοι

2122 5594 2510 5665 καὶἚλληνες,
2531 5594 2746 5648 τουτονὶ
2768 5593 2863 5647 τὸν
2898 5593 3244 5665 παλαμναῖον
3272 5592 3368 5646 καὶ
3397 5592 3706 5661 ἀλιτήριον,

2126 5691 2288 5743 πόσον
2322 5689 2382 5742 ἐκ
2415 5687 2520 5742 τῶν
2552 5686 2849 5760 mme
2883 5686 3228 5758 μαθημάτων
3270 5684 3415 5740 κατά
3446 5685 3545 5755 τῆς
3569 5685 3714 5756 ἠμε-
