4132 6442
409 406 541 462 lilii

1545 402 2012 464 MARTYRIUM
2078 404 2140 464 S.
2184 403 2542 464 ARTEllll.

3540 399 3679 466 1182

415 515 575 583 τέρας
613 512 915 586 θρησκείας
947 513 1348 568 κατεσκέδασεν
1379 513 1568 582 ὖθλονς
1603 515 1698 569 Mi
1725 513 1818 567 τόν
1865 514 1991 584 ἐμοὶ

2125 515 2435 585 eligionem.
2465 514 2568 568 Per
2597 516 2767 570 solem
2813 514 2944 569 mihi
2979 513 3387 577 charissimum,
3420 527 3531 567 non
3563 527 3681 566 am-

409 602 882 672 προσψιλέστατον
938 603 1140 674 ἣλιον,
1197 605 1298 658 οὐκ
1356 605 1556 675 ἔμασιν
1608 604 1872 673 ἀνέξομαι
1934 603 1994 655 τὸ

419 697 772 770 Χριστιανῶν
805 697 1119 752 ἀθεώτατον
1147 698 1579 754 ὲκπαιδεύεσθαι
1628 701 1806 766 γένος.
1860 699 1994 752 Ἰδοὺ

414 792 526 862 γὰρ
564 791 665 860 τῆς
704 792 858 862 ίερᾶς
890 792 1142 856 παιδείας
1176 794 1272 846 καὶ
1315 787 1470 857 οὗτος
1502 795 1530 845 ό
1572 792 1722 847 κύων
1754 791 1994 862 μεταλα-

417 885 550 956 χὼν,
573 887 678 939 κᾶν
713 886 815 938 οὐκ
841 887 1060 948 εὐθείας
1089 887 1187 940 καὶ
1218 887 1446 958 ὁμαλῆς,
1476 887 1594 941 ἀλλ’
1620 890 1770 956 ὅμως
1795 887 2000 956 πολλήν

415 992 538 1029 τινα
565 975 661 1028 καὶ
684 977 899 1046 ἀτερπῆ
927 977 1058 1046 περὶ
1087 977 1187 1046 τὴν
1218 977 1467 1048 ἱστορίαν
1493 977 1840 1048 μωρολογίαν
1867 993 2000 1030 κατ-

419 1067 562 1136 έχεε.
605 1065 794 1120 Ταῦτα
830 1068 1025 1132 εἰπὼν,
1092 1067 1307 1120 κελεύει
1349 1069 1442 1122 τὸν
1475 1070 1732 1140 μάρτυρα
1765 1071 1877 1131 τοῖς
1905 1069 2000 1137 δη-

423 1156 568 1226 μίοις
602 1155 982 1227 παραδοθῆναι
1035 1157 1134 1210 καὶ
1164 1157 1494 1226 μαστιγοῦν,
1537 1157 1666 1230 ἄχρι
1717 1158 1816 1212 καὶ
1877 1176 2005 1211 πεν-

419 1248 696 1301 τακοσίων
737 1247 989 1318 πληγῶν.
1038 1249 1101 1303 Οί
1159 1249 1219 1302 δὲ
1275 1249 1554 1314 λαϐόντες,
1608 1250 1799 1321 ᾔκιζον
1833 1253 1999 1303 ἀπαν-

423 1337 663 1409 θρώπως
680 1341 802 1403 ταῖς
825 1339 1069 1410 μάστιξι,
1099 1341 1196 1395 καὶ
1224 1343 1252 1396 ό
1279 1342 1460 1414 κήρυξ
1481 1342 1612 1397 ἐϐόα
1636 1357 1653 1375 ·
1683 1343 1916 1412 Ποίησον
1946 1343 2005 1394 τὸ

423 1430 518 1484 τοῦ
551 1430 820 1499 βασιλέως
849 1432 1085 1502 θέλημα,
1121 1432 1331 1487 παῦσαι
1353 1435 1464 1487 τῶν
1501 1436 1878 1504 μωρολογιῶν,
1909 1435 2006 1488 καὶ

424 1523 794 1594 ἀπαλλαγήσῃ
846 1523 958 1578 τῶν
1015 1525 1358 1589 κολαζόντων
1419 1543 1501 1578 σε.
1565 1527 1624 1581 '0
1677 1526 1734 1580 δὲ
1793 1528 2006 1596 μάρτυς

426 1615 723 1687 ἐκαρτέρει
769 1617 1155 1687 τυπτόμενος,
1197 1617 1420 1671 σιωπῶν
1487 1619 1585 1672 καὶ
1644 1619 1812 1688 μηδὲν
1870 1620 2009 1682 ὅλως

425 1707 826 1778 φθεγγόμενος.
891 1709 1179 1774 Ἀτενίσας
1222 1710 1279 1764 δὲ
1307 1711 1446 1782 πρὸς
1491 1710 1584 1764 τὸν
1620 1710 1714 1765 τοῦ
1766 1710 2006 1782 Χριστοῦ

431 1798 684 1870 μάρτυρα
721 1799 1030 1870 Μακάριόν,
1072 1801 1210 1870 φησὶ
1241 1801 1379 1870 πρὸς
1411 1801 1605 1854 αὐτόν·
1638 1802 1711 1855 Σὺ
1748 1800 1806 1855 δὲ
1841 1802 1897 1855 τί
1925 1800 2010 1854 λέ-

426 1908 546 1959 γεις
580 1893 711 1960 περὶ
736 1890 990 1956 σεαυτοῦ,
1013 1891 1280 1962 δυστυχὲς
1315 1893 1630 1962 ἀνθρώπιον
1661 1908 1677 1959 ;
1711 1894 2006 1964 Μακάριος

425 1985 555 2052 ἔφη,
591 1984 663 2034 Σὺ
689 1977 742 2038 εἷ
763 1983 1040 2053 δυστυχὴς
1065 1983 1145 2053 τῷ
1177 1983 1292 2036 δντι
1327 1984 1424 2037 καὶ
1457 1983 1679 2038 πάντων
1705 1985 2012 2055 ἀνθρώπων

429 2074 790 2139 ἀθλιώτατος,
821 2073 934 2142 ἐγὼ
961 2074 1018 2127 δὲ
1049 2074 1324 2146 μακάριος
1348 2074 1588 2145 ἀληθῶς,
1611 2075 2014 2146 συμφωνοῦσαν

429 2168 569 2237 ἔχων
603 2170 716 2230 τοῖς
749 2166 1042 2236 πράγμασι
1077 2167 1173 2220 καὶ
1224 2167 1322 2237 τὴν
1358 2169 1778 2238 προσωνυμίαν,
1807 2170 1892 2222 ὅτι
1923 2169 2014 2222 τὸν

432 2259 666 2330 Χριστὸν
691 2259 970 2328 ὁμολογῶν
996 2259 1308 2329 προσκυνῶ,
1341 2259 1504 2322 αὐτὸς
1527 2259 1584 2313 δὲ
1618 2259 1808 2314 τοῦτον
1838 2261 2018 2333 ἀπηρ-

432 2355 602 2424 νήσω,
635 2351 859 2421 δαίμοσι
891 2349 1086 2419 καὶτῷ
1118 2350 1356 2422 διαϐόλῳ
1391 2351 1848 2422 προσκολληθεὶς,
1877 2353 2016 2405 οἶσε

435 2444 530 2496 καὶ
563 2442 623 2494 οὐ
651 2440 878 2493 θέλοντα
909 2441 987 2508 τῷ
1017 2441 1226 2512 αἰωνίῳ
1257 2442 1394 2510 πυρὶ
1421 2443 1878 2513 παραπέμψουσι.
1909 2445 2018 2498 Καὶ

432 2541 462 2592 ό
481 2537 808 2606 παραϐάτης
827 2551 840 2565 °
864 2530 979 2590 Οἷδ’
1003 2536 1086 2589 ὅτι
1131 2538 1395 2608 θανατᾷς,
1441 2536 1598 2608 φησὶ,
1643 2539 1741 2592 καὶ
1769 2537 1904 2606 πρὸς
1929 2539 2021 2609 ὀρ-

433 2631 538 2700 γὴν
579 2629 804 2698 κινῆσαί
837 2646 902 2698 με
929 2628 1204 2693 σπεύδεις,
1236 2629 1321 2683 ἶνα
1350 2628 1545 2683 θᾶττον
1580 2628 1907 2694 ὲξαναλὼσω
1935 2648 2018 2686 σε.

447 2721 588 2774 Ἀλλ’
623 2721 721 2790 οὐχ
753 2721 828 2784 ὼς
850 2720 1016 2784 αὐτὸς
1045 2722 1282 2791 ἤλπισας
1309 2721 1482 2784 οὕτως
1517 2721 1670 2776 ἔσται
1702 2739 1804 2788 σοι.

507 2816 592 2867 Κ’.
625 2813 773 2883 Πλὴν
817 2813 956 2870 ἀλλὰ
1003 2813 1163 2866 τοῦτο
1210 2814 1430 2884 πρῶτον
1479 2813 1803 2885 ἀπόκριναι.
1863 2815 1920 2868 τί
1964 2815 2026 2869 τὸ

433 2905 593 2971 δόξαν
629 2907 782 2978 ὑμῖν,
815 2901 860 2961 ὦ
888 2907 1210 2978 κατάρατοι,
1238 2908 1321 2961 ὅτι
1347 2905 1424 2978 μὴ
1453 2907 1512 2960 δὲ
1540 2909 1670 2977 μιᾶς
1700 2925 1848 2972 τινος
1871 2909 2023 2976 ἐξου-

438 2999 528 3052 σία
560 2998 692 3069 ὐμῖν
720 2999 1132 3068 ὲντειλαμένης,
1158 2999 1320 3052 παντὶ
1349 2998 1445 3052 καὶ
1470 2999 1749 3070 πανταχοῦ
1801 3001 2016 3072 δ;ατρέ-

438 3108 644 3161 χοντες,
677 3091 778 3154 τὰς
807 3090 916 3144 τῶν
951 3091 1206 3161 μεγάλων
1243 3091 1382 3144 θεῶν
1421 3093 1656 3163 σπονδάς
1689 3111 1749 3147 τε
1800 3095 1896 3149 καὶ
1925 3094 2022 3146 θυ-

441 3185 564 3246 σίας
599 3184 934 3253 ἀνατρέπειν
964 3182 1321 3249 σπουδάζετε,
1366 3185 1717 3246 διδάσκοντες
1752 3189 1882 3251 τοὺς
1930 3189 2024 3240 ἀνα
2053 3194 2096 3252 C

438 3278 715 3347 θρώπους,
752 3276 980 3340 τούτους
1017 3275 1092 3347 μὴ
1149 3272 1288 3330 εἶναι
1334 3276 1518 3342 Θεοὺς,
1561 3277 1635 3350 μὴ
1673 3279 1731 3332 δὲ
1770 3281 2028 3352 σωτῆρας

439 3376 539 3444 τῆς
577 3373 931 3444 οίκουμένης,
991 3371 1088 3426 καὶ
1125 3371 1220 3425 τοῦ
1270 3372 1620 3443 ἀνθρωπείου
1665 3373 1858 3441 γένους
1894 3392 2027 3445 προ-

440 3466 637 3535 νοητάς
685 3483 745 3518 τε
784 3466 879 3520 καὶ
927 3465 1258 3536 κηδεμόνας,
1311 3464 1475 3536 οὒςή
1535 3465 1631 3519 ἀπ’
1673 3466 1872 3529 αίῶνος
1934 3468 2028 3519 καὶ

441 3558 650 3611 ἄνωθεν
706 3558 1202 3628 πατροπαράδοτος
1260 3557 1370 3610 τῶν
1418 3557 1726 3628 ἀνθρώπων
1767 3559 2028 3629 συνήθεια

441 3651 625 3704 σέϐειν
653 3667 713 3703 τε
747 3651 841 3703 καὶ
890 3652 1220 3719 προσκυνεῖν
1263 3648 1634 3718 παραδέδωκε,
1677 3649 1771 3704 τὸν
1799 3651 1854 3704 δὲ
1893 3650 2028 3718 Χρι-

443 3744 570 3795 στὸν
615 3741 745 3812 χθὲς
795 3739 890 3793 τοῦ
925 3737 1068 3795 εἶναι
1109 3740 1418 3811 ἀρξάμενον
1454 3741 1548 3794 καὶ
1605 3741 1666 3794 οὗ
1719 3742 2028 3811 προπολλοῦ

441 3839 544 3908 τῆς
575 3835 852 3907 ἡμετέρας
881 3836 1096 3904 γενεᾶς,
1141 3835 1274 3888 Θεὸν
1308 3833 1638 3905 προαιὼνιον
1669 3837 1764 3888 καὶ
1800 3836 2032 3906 βασιλέα

444 3931 552 3983 τῶν
600 3929 737 3983 ὅλων
792 3929 1223 3998 ἀνακηρύττετε.
1261 3928 1371 3980 Καὶ
1393 3930 1420 3981 ὁ
1444 3929 1732 3996 Μακάριος
1755 3946 1767 3960 ο
1795 3930 1910 3982 Οὐκ
1942 3931 2034 4001 ἡρ-

445 4023 646 4094 κέσθης
665 4025 784 4082 ταῖς
809 4019 1064 4090 Εὖγενίου
1097 4022 1287 4089 σοφαῖς
1310 4019 1670 4084 ἀποδείξεσιν,
1687 4021 2028 4092 ἀνομώτατε;

450 4115 588 4181 πλὴν
623 4113 785 4178 κάγώ
831 4129 912 4165 σοι
971 4112 1296 4181 ὁμοτρόπως
1356 4112 1510 4182 αὐτῷ
1561 4112 1658 4176 τὰς
1709 4114 2034 4184 ἀποκρίσεις

447 4209 766 4276 ποιήσομαι,
790 4205 872 4258 ὅτι
901 4203 1139 4275 Χριστὸς
1169 4202 1228 4255 ὃν
1253 4203 1341 4255 διὰ
1361 4204 1600 4271 γέλωτος
1625 4203 1690 4256 σὺ
1717 4205 1810 4258 καὶ
1837 4204 2034 4276 χλεύης

447 4300 598 4368 ποιῇ,
627 4297 790 4359 αὐτὸς
816 4297 930 4360 τοῖς
955 4295 1110 4359 ἰδίοις
1126 4296 1316 4365 εἴρηκε
1345 4295 1638 4366 μαθηταῖς,
1663 4297 2033 4367 Πορευθέντες

450 4393 529 4451 εἱς
592 4389 684 4441 τὸν
753 4388 958 4457 κόσμον
999 4386 1238 4450 ἅπαντα,
1301 4385 1684 4456 μαθητεύσατε
1737 4387 1914 4441 πάντα
1965 4387 2035 4439 τὰ

448 4479 602 4547 ἔθνη,
639 4477 999 4549 βαπτίζοντες
1032 4478 1235 4540 αὐτοὺς
1263 4478 1343 4539 είς
1376 4477 1437 4530 τὸ
1467 4477 1641 4549 ὄνομα
1669 4477 1765 4531 τοῦ
1792 4479 2031 4550 Πατρός,

451 4573 547 4624 καὶ
581 4571 674 4625 τοῦ
705 4571 862 4636 Υίοῦ,
896 4571 993 4624 καὶ
1021 4571 1116 4624 τοῦ
1130 4571 1286 4638 ἁγίου
1315 4570 1658 4640 Πνεύματος,
1691 4569 2034 4634 διδάσκοντες

451 4665 650 4727 αὐτοὺς
674 4665 866 4732 τηρεῖν
909 4663 1087 4716 πάντα
1121 4661 1224 4714 ὃσα
1278 4659 1638 4731 ἐνετειλάμην
1674 4661 1828 4729 ὑμῖν,
1861 4661 1910 4714 οἳ
1945 4663 2042 4713 καὶ

455 4756 836 4826 πορευθέντες,
887 4754 1063 4808 ταῦτα
1114 4752 1386 4819 ἐδίδαξαν,
1419 4752 1653 4822 φεύγειν
1701 4771 1765 4826 τε
1795 4754 1904 4806 ἀπὸ
1933 4753 2042 4805 τῶν

458 4850 706 4917 ματαίων
738 4847 996 4908 είδώλων,
1031 4845 1126 4898 καὶ
1158 4845 1512 4915 ἐπιστρέφειν
1539 4844 1632 4894 ἐπὶ
1677 4844 1813 4896 Θεὸν
1837 4843 2039 4907 ζῶντα,

454 4943 510 5004 ὃς
539 4941 725 4994 ἔκτισε
764 4941 857 4995 τὸν
887 4941 1119 5011 οὐρανὸν
1154 4939 1253 4992 καὶ
1305 4939 1406 5006 τὴν
1434 4936 1563 5006 γῆν,
1594 4938 1645 4988 οί
1687 4935 1745 4987 δὲ
1799 4935 1911 4988 θεοί
1946 4951 2042 4987 σου

456 5032 551 5096 οὓς
578 5033 742 5096 αὐτὸς
773 5035 1126 5103 προσκυνεῖς,
1152 5032 1428 5100 δαιμόνων
1459 5029 1566 5081 εἰσὶ
1603 5027 1904 5097 πλάσματα
1949 5027 2044 5080 καὶ

461 5125 649 5194 μύθων
697 5129 1003 5204 εύρέματα,
1040 5128 1134 5183 καὶ
1168 5125 1482 5194 διαϐολικῆς
1533 5122 1815 5194 ἐνεργείας
1847 5138 2044 5191 κυοφο-

464 5225 710 5294 ρήματα.
746 5223 911 5291 Λέγει
940 5221 1053 5291 γὰρ
1105 5221 1234 5289 περὶ
1269 5217 1451 5272 αὐτῶν
1480 5218 1512 5285 ἠ
1546 5216 1793 5286 ἡμετέρα
1827 5215 2042 5287 Γραφὴ,

2040 1845 2087 1904 Β

2100 605 2238 675 plius
2273 606 2444 660 feram
2472 605 2678 662 Graecis
2703 605 3010 676 disciplinis
3041 605 3254 660 institui
3304 603 3542 660 maxime
3574 604 3678 656 ini-

2101 700 2250 768 pium
2280 713 2451 769 genus
2484 697 2948 753 Christianorum.
3000 695 3138 752 Ecce
3187 695 3334 749 enim
3369 709 3539 749 sacrae
3583 693 3682 748 do-

2100 793 2292 848 ctrinae
2314 793 2492 866 aliqua
2531 807 2595 846 cx
2628 804 2782 862 parte
2813 791 3044 847 effectus
3078 791 3354 861 particeps
3379 788 3472 844 hic
3501 787 3674 848 canis,

2103 885 2230 938 licet
2255 899 2362 938 non
2393 892 2559 947 recte,
2590 884 2787 938 multas
2807 892 2986 938 tamen
3017 892 3070 938 et
3099 881 3426 952 injucundas
3449 879 3682 948 ineptias

2105 975 2298 1030 effudit
2341 977 2487 1031 circa
2536 973 2842 1028 historiam.
2895 973 3022 1028 Haec
3059 991 3183 1031 cum
3235 973 3486 1034 dixisset,
3527 970 3683 1039 jubet

2105 1077 2397 1139 martyrem
2429 1068 2568 1120 tradi
2607 1067 2912 1130 lictoribus,
2942 1076 2996 1122 et
3029 1066 3205 1138 ﬂagris
3232 1065 3364 1120 credi
3407 1063 3474 1117 ad
3517 1061 3682 1130 quin-

2105 1165 2291 1228 gentas
2315 1173 2486 1226 usque
2510 1157 2712 1228 plagas.
2740 1158 2818 1211 illi
2843 1167 3023 1211 autem
3053 1171 3176 1210 cum
3201 1163 3482 1224 acceptum
3503 1147 3685 1218 ﬂagris

2107 1249 2385 1304 cadebant
2413 1248 2734 1303 inhumane.
2770 1249 2836 1302 Et
2868 1262 3046 1319 ρηοοο
3071 1246 3376 1302 clamabat:
3411 1242 3518 1296 Fac
3542 1240 3687 1308 quod

2109 1341 2224 1396 vult
2274 1341 2611 1410 imperator:
2641 1341 2833 1395 desine
2863 1341 3028 1395 stulta
3080 1339 3248 1408 loqui,
3286 1346 3342 1392 et
3373 1332 3692 1388 liberabcris

2110 1436 2179 1490 ab
2211 1437 2298 1499 iis,
2331 1436 2422 1505 qui
2462 1445 2516 1490 te
2564 1435 2818 1504 puniunt.
2849 1431 3048 1501 Martyr
3073 1440 3256 1486 autem
3307 1426 3522 1482 fortiter
3555 1424 3692 1478 tole-

2111 1529 2286 1593 rabat,
2315 1527 2447 1582 dum
2497 1526 2901 1589 verberaretur,
2952 1531 3163 1589 tacens,
3205 1529 3262 1576 et
3303 1520 3442 1572 nihil
3469 1517 3694 1570 omnino

2112 1621 2361 1690 loquens.
2396 1619 2454 1674 In
2489 1619 2708 1673 beatum
2745 1633 2874 1672 vero
2900 1615 3197 1670 Macarium
3233 1611 3423 1666 oculos
3453 1607 3696 1676 deligens

2114 1712 2436 1781 imperator,
2463 1710 2515 1766 ei
2545 1709 2716 1764 dicit:
2746 1709 2826 1762 Tu
2856 1717 3038 1762 autem
3075 1705 3206 1776 quid
3245 1704 3382 1758 dicis
3403 1702 3469 1757 de
3494 1700 3694 1769 teipse,

2117 1802 2300 1856 infelix
2333 1799 2698 1855 homuncule?
2724 1798 2924 1853 Beatus
2959 1806 3144 1850 autem
3177 1794 3313 1849 dixit
3340 1800 3584 1861 martyr:
3613 1787 3695 1842 Tu

2115 1910 2176 1950 es
2203 1908 2390 1948 revera
2415 1891 2625 1959 infelix,
2650 1900 2704 1945 et
2732 1889 2978 1944 omnium
3005 1887 3288 1942 hominum
3316 1883 3658 1937 miserrimus
3683 1896 3698 1932 :

2115 2001 2216 2057 ego
2247 1993 2430 2039 autem
2473 1997 2602 2038 vere
2639 1981 2857 2044 beatus,
2891 1981 3100 2036 habens
3147 1976 3568 2048 appellationem
3619 1973 3699 2025 rei

2114 2077 2555 2140 convenientem,
2583 2073 2841 2143 quoniam
2871 2071 3151 2126 Christum
3177 2068 3446 2125 confitens
3491 2065 3700 2118 adoro:

2116 2170 2233 2240 ipse
2261 2178 2442 2222 autem
2485 2181 2610 2220 eum
2652 2163 2885 2234 negasti,
2919 2160 3264 2216 dmmonibus
3308 2157 3595 2212 adlimrens
3651 2160 3706 2204 et

2117 2260 2357 2324 diabolo,
2407 2261 2501 2328 qui
2533 2267 2585 2312 te
2614 2257 2701 2312 vel
2751 2255 2984 2309 invitum
3027 2253 3398 2308 transmittent
3427 2248 3492 2302 ad
3527 2247 3704 2317 ignem

2117 2367 2407 2410 aeternum.
2439 2351 2840 2419 Transgressor
2889 2358 3072 2401 autem
3101 2343 3348 2399 Julianus
3376 2359 3389 2394 :
3438 2340 3592 2403 Scio,
3621 2339 3706 2391 in-

2119 2447 2257 2517 quit,
2293 2455 2345 2499 te
2367 2452 2598 2498 mortem
2619 2453 2841 2510 cupere,
2871 2447 2926 2492 et
2957 2437 3176 2492 studere
3204 2449 3292 2488 me
3323 2433 3388 2486 ad
3422 2431 3556 2484 iram
3589 2444 3706 2482 ino—

2119 2555 2275 2603 vere,
2323 2546 2385 2591 ut
2431 2545 2485 2591 te
2528 2535 2639 2591 cito
2667 2545 3012 2590 consumam.
3069 2529 3269 2584 Verum
3310 2541 3418 2579 non
3459 2524 3530 2577 ita
3578 2521 3706 2584 erit,

2124 2643 2184 2688 ut
2215 2629 2466 2702 sperasti.

2193 2835 2314 2891 XX.
2355 2835 2464 2890 Sed
2511 2833 2616 2889 hoc
2647 2831 2782 2886 mihi
2831 2829 3065 2901 primum
3105 2822 3396 2894 responde,
3448 2815 3710 2886 quidnam

2125 2931 2278 2987 vobis
2308 2929 2484 2983 visum
2509 2927 2600 2992 sit,
2635 2941 2669 2980 o
2700 2919 3042 2985 exsecrandi,
3072 2917 3250 2987 quod,
3295 2926 3420 2967 cum
3438 2909 3588 2964 nulla
3620 2922 3713 2958 vn-

2125 3023 2212 3078 bis
2257 3020 2488 3092 jusserit
2521 3026 2786 3089 potestas,
2822 3027 3016 3068 omnes
3047 3019 3234 3081 partes
3273 3007 3566 3064 obeuntes,
3598 3013 3714 3053 ma-

2129 3129 2360 3188 gnorum
2407 3112 2636 3168 deorum
2675 3106 2911 3162 studetis
2949 3110 3202 3159 evertere
3248 3096 3510 3152 libamina
3545 3100 3712 3160 atque

2131 3184 2417 3268 sacrificia,
2462 3204 2724 3258 docentes
2775 3196 3053 3260 homines,
3090 3208 3188 3247 eos
3237 3205 3348 3244 nou
3391 3201 3512 3241 esse
3558 3184 3711 3242 deos,

2131 3312 2308 3368 neque
2343 3303 2654 3351 servatores
2685 3291 2836 3347 orbis
2872 3298 3056 3350 terrae,
3093 3299 3196 3340 nec
3246 3277 3472 3336 humani
3500 3273 3716 3368 generis

2130 3362 2319 3442 curam
2353 3400 2562 3455 gcrere,
2589 3397 2728 3452 quos
2754 3380 2821 3434 ab
2847 3393 2965 3431 aevo
2996 3385 3052 3431 et
3079 3372 3264 3428 multis
3300 3379 3447 3424 retro
3472 3362 3716 3424 maculis,

2131 3495 2160 3532 a
2212 3454 2458 3547 patribus
2512 3474 2637 3528 data
2687 3471 2976 3526 hominum
3031 3462 3399 3525 consuetudo,
3456 3454 3716 3511 colendos

2133 3545 2353 3623 tradidit
2395 3574 2450 3618 et
2496 3562 2840 3618 adoraudos:
2873 3558 3152 3616 Christum
3202 3561 3409 3617 autem,
3455 3547 3549 3619 qui
3598 3545 3716 3600 heri

2131 3659 2300 3727 cmpit
2331 3671 2479 3719 esse,
2527 3663 2584 3709 et
2627 3668 2738 3706 non
2781 3653 3012 3706 multum
3044 3656 3173 3702 ante
3205 3655 3448 3699 nostram
3475 3647 3717 3702 aetatem,

2133 3752 2302 3807 Deum
2331 3758 2458 3802 ante
2492 3746 2711 3810 saecula,
2754 3755 2809 3798 et
2849 3743 3051 3812 Regem
3086 3739 3473 3792 universorum
3514 3729 3716 3801 pradi-

2131 3846 2288 3900 catis.
2321 3839 2592 3896 Macarius
2634 3846 2816 3891 autem
2844 3853 2858 3889 :
2893 3834 3010 3888 Non
3040 3831 3138 3888 tibi
3182 3829 3544 3886 suﬂ‘ecerunt,
3578 3838 3613 3877 o
3638 3821 3721 3874 vir

2134 3935 2498 4005 iniquissime,
2551 3929 2829 4000 sapientes
2889 3924 3123 3995 Eugenii
3193 3914 3717 3977 demonstrationes,

2133 4029 2280 4100 quod
2319 4027 2506 4084 eadem
2537 4033 2594 4079 et
2631 4023 2700 4078 de
2736 4021 2927 4078 iisdem
2977 4031 3198 4087 semper
3231 4009 3571 4081 interrogas?
3599 4005 3720 4060 Ca:-

2137 4098 2313 4178 tcrum
2345 4136 2445 4191 ego
2472 4132 2691 4189 quoque
2717 4116 2812 4170 tibi
2845 4114 3037 4169 eodem
3089 4109 3274 4173 modo,
3311 4121 3422 4176 quo
3447 4104 3562 4173 ipse
3589 4098 3721 4154 red—

2135 4217 2259 4271 dam
2296 4225 2598 4283 responsa:
2632 4206 2790 4273 Quod
2821 4204 3095 4265 Christus,
3141 4212 3304 4268 quem
3341 4206 3392 4250 tu
3427 4191 3625 4247 irrides
3656 4204 3722 4283 ac

2137 4282 2451 4369 ludiﬁcaris,
2477 4303 2612 4371 iipse
2651 4297 2764 4353 suis
2796 4295 2935 4352 dixit
2963 4291 3243 4361 discipulis
3284 4307 3299 4344 :
3341 4305 3359 4339 ι
3400 4284 3608 4371 Euntes
3661 4282 3718 4371 in

2140 4392 2404 4447 mundum
2439 4367 2797 4446 universum,
2829 4383 3032 4436 docete
3069 4391 3264 4432 omnes
3288 4383 3499 4443 gentes,
3550 4367 3724 4438 bapti-

2140 4493 2330 4539 zantes
2359 4495 2456 4536 eos
2488 4481 2543 4533 in
2595 4475 2821 4531 nomine
2866 4472 3069 4534 Patris,
3095 4480 3152 4524 et
3182 4467 3327 4530 Filii,
3376 4473 3435 4521 et
3481 4463 3724 4532 Spiritus

2139 4575 2336 4639 sancti,
2396 4572 2660 4626 docentes
2714 4581 2811 4621 eos
2871 4579 3096 4619 servare
3146 4559 3329 4616 omnia
3383 4567 3724 4626 qua-cunque

2139 4662 2398 4720 mandavi
2447 4659 2601 4714 vobis
2626 4661 2669 4712 '.
2706 4676 2724 4708 ι
2760 4654 2864 4722 Qui
2896 4656 3059 4708 etiam
3109 4649 3338 4723 profecti
3374 4649 3486 4702 limo
3520 4646 3726 4699 docue-

2142 4765 2292 4822 runt,
2321 4753 2510 4824 fugere
2545 4765 2683 4804 vana
2715 4748 3031 4811 simulacra,
3061 4755 3118 4800 et
3147 4741 3400 4798 converti
3432 4740 3498 4794 ad
3552 4738 3724 4791 Deum

2141 4849 2350 4906 vivum,
2397 4843 2490 4910 qui
2528 4839 2736 4896 creavit
2790 4838 2992 4893 ctelum
3051 4846 3106 4890 et
3166 4845 3391 4890 terram.
3424 4831 3507 4885 Dii
3543 4838 3726 4882 autem

2145 4941 2248 5004 tui,
2279 4951 2416 5006 quos
2447 4935 2565 5004 ipse
2595 4932 2815 4994 adoras,
2852 4939 2984 4984 sunt
3018 4929 3276 4996 ﬁgmenta
3308 4926 3644 4983 daemonum,
3674 4930 3732 4975 ct

2143 5033 2369 5087 inventa
2414 5026 2726 5082 fabularum
2753 5021 3151 5090 diabolicaeque
3179 5017 3323 5074 fetus
3364 5013 3728 5086 operationis.

2143 5125 2222 5180 De
2250 5124 2318 5178 iis
2349 5121 2498 5176 enim
2534 5119 2668 5174 dicit
2694 5125 2884 5170 nostra
2921 5113 3206 5183 Scriptura
3237 5128 3250 5164 :
3295 5129 3315 5162 ι
3355 5108 3459 5173 Dii,
3492 5106 3587 5176 qui
3619 5121 3732 5161 cm-

2143 5219 2254 5271 lum
2297 5225 2353 5269 et
2397 5223 2593 5266 terram
2633 5224 2743 5264 non
2779 5210 3048 5268 fecerunt,
3081 5209 3307 5272 pereant
3348 5201 3388 5254 ³.
3428 5218 3447 5250 ι
3485 5197 3597 5252 Nec
3628 5197 3735 5252 hoc

613 5316 662 5370 οἳ
697 5314 788 5369 τδν
825 5313 1056 5386 οὐρανὸν
1088 5315 1184 5366 καὶ
1213 5311 1315 5383 τὴν
1347 5313 1452 5380 γῆν
1485 5309 1585 5362 οὐκ
1619 5308 1882 5378 ἐποίησαν
1911 5309 2019 5362 ἀπο

2146 5309 2346 5372 solum,
2379 5304 2474 5359 sed
2501 5303 2606 5357 alia
2636 5316 2855 5371 quoque
2892 5299 2978 5353 lex
3013 5293 3372 5362 imperatoria
3400 5307 3430 5344 a
3454 5290 3730 5344 Constans

462 5409 765 5461 λέσθωσαν.
801 5406 876 5460 Οὐ
915 5405 1076 5476 μόνον
1105 5403 1184 5466 δὲ,
1219 5402 1355 5456 ἀλλὰ
1381 5401 1476 5455 καὶ
1507 5401 1670 5471 νόμος
1698 5401 1897 5462 αὐτοὺς
1925 5400 2046 5453 ἓτε-

468 5515 559 5566 ρος
593 5497 899 5569 βασιλικὸς,
925 5499 954 5553 ό
985 5496 1136 5568 παρὰ
1188 5494 1604 5549 Κωνσταντίνου
1633 5492 1728 5546 τοῦ
1766 5491 1862 5545 σοῦ
1907 5509 2041 5561 συγο

536 5635 777 5702 '.llatth.
812 5651 1002 5700 xxviii,
1037 5634 1122 5701 19,
1154 5633 1244 5689 ‘20.
1358 5635 1376 5664 '
1401 5632 1518 5688 Jer.
1551 5651 1606 5698 κ,
1645 5633 1730 5688 Η.

2157 5402 2271 5454 tino
2308 5406 2400 5450 tuo
2426 5401 2656 5464 cognato
2682 5392 2812 5455 lata,
2838 5404 2934 5445 eos
2966 5385 3187 5456 expellit
3210 5385 3278 5438 ab
3310 5380 3652 5441 adoratione,
3677 5386 3734 5434 et

2158 5489 2411 5548 dissolvit
2443 5500 2632 5545 eorum
2659 5484 2838 5540 cultus
2861 5482 2920 5536 ἰ
2953 5481 3044 5552 qui
3074 5494 3195 5534 cum
3224 5477 3280 5531 in
3311 5473 3590 5530 Christum
3615 5484 3737 5525 cre-

540 5758 614 5826 υ)
651 5755 825 5822 Hujus
855 5755 1016 5826 legis1
1054 5753 1136 5807 vel
1165 5755 1344 5826 potius
1393 5753 1583 5807 harum
1629 5750 1808 5823 legum
1845 5749 2092 5805 meminit
2123 5746 2322 5802 Euseb.
2371 5745 2463 5800 lib.
2523 5761 2561 5797 ιι
2596 5741 2728 5795 Vitae
2767 5733 3109 5794 Constantini
3157 5747 3277 5801 cap.
3315 5727 3402 5792 45,
3444 5725 3512 5786 44
3560 5723 3652 5790 65.
3683 5728 3737 5779 et

469 5823 562 5884 lib.
598 5843 668 5893 iv,
697 5843 816 5897 (ειη).
850 5823 954 5892 25';
987 5823 1185 5879 Baron.
1218 5824 1308 5880 52.
