4110 6440
418 367 562 437 1183

1694 365 1978 429 MENSIS
2015 365 2381 429 OCTOBER.

3564 347 3708 419 1184

412 482 671 549 didisset,
699 483 972 540 idolorum
1009 483 1210 554 templa
1237 479 1434 540 evertit
1458 479 1661 545 omnia,
1690 490 1753 537 et
1777 495 1903 550 qute
1924 495 2006 536 eis

2126 478 2303 549 (ενοῦς
2354 474 2623 541 ἐκτεθεὶς,
2656 471 2917 529 ἐκϐάλλει
2968 469 3069 541 τῆς
3108 464 3555 542 προσκυνήσεως,
3605 465 3706 518 καὶ

408 577 744 643 ollertmtur,
778 577 1042 633 sacriﬁcia
1068 585 1259 646 aperte
1285 575 1418 630 fecit
1438 589 1679 630 cessare.
1703 573 1843 640 Quid
1871 588 2003 643 ergo

412 670 542 724 mali
575 671 828 727 facimus.
873 685 907 723 ο
956 667 1282 738 imperator,
1317 669 1362 722 si
1392 684 1513 737 quae
1549 668 1693 721 Deus
1734 667 1914 734 jussit,
1948 674 2007 721 et

2104 572 2368 627 καταλύει
2406 569 2587 624 αὐτῶν
2619 568 2688 622 τά
2742 565 3097 634 σεϐάσματα,
3122 560 3181 625 ὃς
3207 560 3287 623 είς
3313 557 3552 630 Χριστὸν
3606 573 3707 610 πι-

2107 665 2364 728 στεύσας.
2390 664 2459 718 τὰ
2492 662 2601 715 τῶν
2632 659 2871 715 εἰδώλων
2899 656 3102 728 τεμένη
3128 652 3308 709 πάντα
3337 649 3704 719 κατέστρεψε,

413 777 643 831 magnus
673 761 866 816 statuit
892 761 1211 830 imperator,
1239 776 1546 822 servamus,
1570 769 1627 815 et
1662 759 1913 827 homines
1935 758 2002 813 ad

2126 761 2199 813 ιαὶ
2262 756 2362 818 τὰς
2416 752 2843 824 προσαγομένας
2907 747 3101 810 Θυσίας
3169 745 3356 809 αὐτοῖς
3403 740 3708 812 διαρρήδην

411 868 481 908 ca
511 854 795 907 hortamur
824 871 839 907 :
863 869 984 922 quae
1010 864 1195 909 autem
1229 864 1501 911 veterum.
1532 864 1592 907 ut
1621 852 1831 917 dixisti,
1858 852 2005 906 viro-

412 960 537 999 rum
573 946 881 1011 ignorantia
912 962 978 1001 ex
1000 947 1308 1001 daemonum
1330 946 1545 1001 invenit
1569 945 2000 1010 machinatione,

414 1035 820 1101 interdicimus,
854 1046 907 1092 ct
947 1040 1126 1093 modis
1155 1039 1415 1094 omnibus
1446 1037 1842 1108 prohibemus?

2103 849 2438 905 κατέπαυσε.
2473 846 2536 898 Τί
2566 845 2746 900 τοίνυν
2776 840 3091 910 ἀδικοῦμεν,
3134 832 3180 892 ὧ
3216 833 3462 907 βασιλεύ,
3492 833 3529 887 ἃ
3568 832 3710 895 Θεὸς

2111 938 2438 1012 προσέταξε,
2466 939 2563 992 καὶ
2603 934 2860 1007 βασιλεὺς
2908 933 3085 1004 μέγας
3119 926 3518 999 νενομοθέτηκε
3567 941 3711 994 κρα-

2115 1032 2389 1094 τύνοντες,
2424 1030 2520 1085 καὶ
2558 1028 2741 1081 σέϐειν
2770 1028 2896 1089 τοὺς
2929 1023 3256 1090 ἀνθρώπους
3290 1019 3712 1088 ὑποτιθέμενοι,

412 1128 451 1182 ἃ
477 1130 535 1183 δὲ
560 1133 592 1199 ή
625 1132 735 1184 τῶν
784 1132 1051 1196 παλαιῶν.
1081 1133 1157 1195 ὥς
1191 1132 1352 1203 ἔφης.
1396 1132 1606 1204 ἀνδρῶν
1633 1132 1792 1188 ἄνοια
1814 1132 1878 1186 ὲκ
1925 1129 2027 1201 τῆς
2063 1127 2175 1182 τῶν
2206 1125 2478 1196 δαιμόνων
2508 1121 2709 1194 ἐφεῦρε
2758 1138 2874 1192 μηχ
2895 1116 3220 1189 ανουργίας,
3267 1109 3717 1184 ἀπαγορεύοντες

412 1243 477 1279 τε
524 1228 620 1279 καὶ
649 1229 788 1281 πᾶσι
817 1229 1047 1297 τρόποις
1074 1228 1495 1293 διακωλύοντες.

485 1318 631 1374 XXI.
674 1319 1073 1389 Transgressor
1089 1332 1272 1378 autem
1289 1322 1544 1378 Julianus
1566 1364 1582 1391 ,
1606 1322 1717 1378 Sed
1736 1322 2008 1379 Constan-

416 1413 589 1476 tinus,
638 1414 843 1479 inquit,
876 1431 1004 1470 eum
1051 1416 1360 1471 miserrime
1404 1418 1656 1486 quaedam
1689 1417 2009 1470 innovasset

414 1515 639 1576 propter
660 1507 709 1561 ei
742 1517 891 1577 grata
923 1515 1154 1576 scelera,
1182 1509 1385 1564 d‘l‘ecit
1412 1525 1443 1564 a
1471 1511 1599 1573 diis,
1667 1511 1933 1578 deceptus
1974 1523 2007 1564 a

416 1597 572 1651 vobis
594 1595 853 1661 Galilasis,
887 1606 944 1654 ut
969 1599 1062 1668 qni
1093 1610 1239 1655 esset
1267 1601 1416 1655 nulla
1439 1600 1691 1657 doctrina
1723 1602 2004 1671 praeditus,

418 1696 478 1743 et
509 1702 612 1743 nec
664 1688 951 1754 Romanis,
998 1705 1101 1744 nec
1131 1692 1341 1747 Graecis
1398 1692 1610 1764 legibus
1656 1709 1721 1748 ac
1759 1693 2007 1748 moribus

418 1777 799 1833 conﬁrmatus.
850 1778 961 1849 Ego
1004 1789 1209 1844 autem,
1242 1797 1276 1835 0
1308 1781 1497 1851 impie,
1531 1781 1628 1850 qui
1663 1780 1887 1850 perveni
1938 1779 2006 1835 ad
2042 1818 2086 1877 Β

422 1885 701 1923 summum
739 1869 943 1926 Graiae
978 1879 1036 1926 et
1071 1870 1331 1926 Romana:
1361 1872 1706 1935 eruditionis,
1739 1881 1797 1927 et
1827 1873 1881 1925 in
1915 1888 2009 1927 ve-

421 1968 599 2014 terum
626 1961 865 2014 virorum
894 1962 1187 2028 theOIOgia,
1223 1962 1495 2028 Mercurii,
1532 1964 1777 2031 inquam,
1805 1961 2011 2031 Orphei

420 2060 479 2105 et
522 2050 769 2106 Platonis
803 2068 924 2107 sum
960 2055 1315 2116 exercitatus,
1348 2064 1405 2108 et
1432 2054 1487 2108 in
1518 2052 1764 2109 Judaicis
1794 2069 2016 2122 quoque

421 2140 713 2206 scripturis
763 2156 876 2195 non
930 2157 1122 2211 parum
1171 2154 1448 2207 versatus,
1503 2154 1716 2199 vestras
1745 2144 1906 2198 nihili
1940 2144 2019 2198 l‘a—

423 2233 580 2287 ciens
629 2234 952 2302 praestigias,
982 2235 1153 2303 jubeo
1185 2235 1439 2290 homines
1475 2236 1657 2291 redire
1698 2236 1767 2291 ad
1807 2251 2017 2291 morem

423 2332 482 2379 et
505 2325 709 2379 cultum
741 2342 769 2379 a
807 2327 1055 2394 patribus
1083 2328 1369 2391 traditum,
1410 2336 1467 2382 et
1499 2328 1942 2400 antiquissimum
1966 2339 2022 2386 et

424 2417 604 2486 pium,
662 2418 897 2474 multum
947 2420 1133 2476 valere
1173 2422 1376 2492 iubens
1425 2421 1619 2477 inanes
1669 2422 2018 2479 indoctorum

424 2510 735 2580 Opiniones.
775 2512 883 2567 Sed
911 2512 1002 2570 hic
1026 2528 1245 2583 quoque
1275 2522 1429 2569 veste
1456 2522 1712 2579 eruatur,
1745 2525 1803 2569 es
1836 2514 2021 2587 ﬂagel-

426 2603 601 2658 lorum
626 2603 791 2659 faciat
810 2605 1134 2675 periculum,
1157 2615 1214 2660 ut
1231 2621 1299 2661 ex
1319 2607 1423 2662 hac
1445 2605 1673 2667 eﬂ'ectus
1692 2606 2019 2673 modestior,

424 2695 512 2750 vel
560 2696 767 2751 invitus
807 2699 1015 2752 nostris
1045 2711 1104 2752 se
1142 2697 1429 2753 submittat
1467 2697 1700 2769 legibus.

2184 1314 2294 1367 ΚΡ.
2352 1312 2462 1366 Καὶ
2489 1313 2519 1365 ὁ
2560 1306 2889 1380 παραϐάτης
2916 1324 2931 1339 ⁸
2976 1302 3139 1360 Ἀλλὰ
3162 1304 3598 1371 Κωνσταντῖνος,
3638 1302 3723 1355 οἱ·

2114 1408 2392 1479 κτρότστα
2422 1404 2776 1472 νεωτερίσας,
2806 1401 2896 1455 διά
2924 1401 3028 1463 τὰς
3056 1398 3220 1468 φίλας
3246 1397 3398 1464 αὑτῷ
3424 1390 3759 1467 ἀνοσιουρ-’

2113 1501 2243 1569 γίας
2297 1501 2511 1569 ἀπέστη
2547 1498 2657 1550 τῶν
2695 1496 2859 1561 θεῶν,
2913 1492 3003 1563 ὑφ’
3040 1491 3197 1563 ἡμῶν
3246 1490 3356 1545 τῶν
3411 1488 3721 1542 Γαλιλαίων

2115 1589 2501 1659 ἐξαπατηθεὶς,
2528 1588 2627 1643 ἀτε
2656 1587 2720 1657 δὴ
2753 1586 2849 1640 καὶ
2884 1584 3133 1644 παιδείας
3159 1581 3449 1652 ἀμέτοχος,
3480 1580 3577 1634 καὶ
3602 1580 3724 1648 μή-

2113 1701 2173 1737 τε
2204 1685 2322 1743 τοῖς
2361 1682 2691 1751 Ῥωμαϊκοῖς
2722 1676 3085 1749 ὲμπεδωθεὶς.
3123 1676 3263 1744 μήτε
3295 1675 3409 1735 τοῖς
3471 1671 3724 1740 Ἐλληνι-

2115 1775 2231 1835 κοῖς
2259 1772 2446 1840 νόμοις
2474 1769 2568 1823 καὶ
2592 1769 2794 1832 ἔθεσιν,
2822 1767 2933 1835 ἐγὼ
2949 1767 3031 1833 δὲ,
3056 1759 3102 1817 ὦ
3123 1765 3331 1827 ἀνόσιε,
3357 1761 3722 1832 τῆςἘλληνι-

2114 1867 2216 1934 κῆς
2251 1880 2311 1917 τε
2351 1864 2445 1917 καὶ
2483 1862 2803 1930 Ῥωμαῖκῆς
2863 1859 3118 1921 παιδείας
3159 1857 3338 1921 ἄκρας
3371 1853 3724 1922 ἐπειλημμέ·

2114 1974 2224 2020 νος.
2262 1959 2357 2009 καὶ
2395 1955 2492 2016 τὰς
2524 1953 2633 2006 τῶν
2660 1952 2908 2007 παλαιῶν
2939 1952 3153 2022 ἀνδρῶν
3189 1948 3470 2011 θεολογίας
3505 1944 3721 2018 Ἑρμοῦ

2114 2047 2175 2100 τέ
2212 2064 2355 2115 φημι
2392 2048 2485 2098 καὶ
2538 2045 2785 2115 Ὀρφέως
2836 2043 2933 2097 καὶ
2977 2042 3289 2103 Πλάτωνος,
3315 2039 3721 2108 ἐξησκημένος,

2116 2140 2216 2207 οὐχ
2247 2139 2453 2208 ἥκιστα
2481 2137 2539 2190 δὲ
2580 2138 2674 2190 καὶ
2707 2138 2829 2199 ταῖς
2867 2135 3190 2195 Ὶουδαῖκαίς
3219 2134 3463 2201 γραφαῖς
3502 2129 3723 2201 ὡμιλη-

2122 2230 2254 2293 κὼς,
2285 2232 2379 2282 καὶ
2408 2229 2508 2300 τὴν
2538 2228 2747 2281 τούτων
2784 2225 3074 2297 τερθρείαν
3110 2223 3507 2295 ἑξουθενηκὼς,
3554 2222 3721 2276 πάλιν

2123 2322 2218 2375 ἐπὶ
2248 2320 2309 2374 τὸ
2345 2320 2844 2391 πατροπαράδοτον
2875 2321 2968 2373 καὶ
2994 2317 3359 2387 ἀρχαιότατον
3401 2316 3496 2369 καὶ
3538 2313 3723 2383 Θεοφι-

2121 2416 2212 2479 λὲς
2246 2415 2377 2476 τοὺς
2420 2413 2742 2482 ἀνθρώπους
2769 2412 2890 2474 ἔθος
2942 2429 3002 2465 τε
3032 2412 3127 2466 καὶ
3181 2409 3346 2472 σέϐας
3396 2408 3723 2479 ἀνατρέχειν

2120 2507 2534 2575 διακελεύομαι,
2573 2505 2765 2576 μακρά
2789 2504 2999 2575 χαίρειν
3051 2501 3223 2557 εἰπὼν
3262 2502 3384 2565 ταῖς
3417 2499 3526 2554 τῶν
3549 2500 3725 2551 ἀπαι-

2119 2601 2324 2656 δεύτων
2353 2600 2714 2669 κενολογὶαις,
2748 2599 2887 2655 ἀλλ’.
2928 2595 3369 2666 ἀπογυμνούσθω
3437 2595 3533 2649 καὶ
3559 2586 3721 2653 οὗτος

2130 2695 2233 2765 τῆς
2265 2696 2585 2765 ἀμπεχόνης
2634 2696 2730 2748 καὶ
2765 2694 2865 2762 τῆς
2911 2693 3023 2748 τῶν
3069 2691 3351 2760 μαστίγων
3416 2689 3615 2756 πείρας
3660 2686 3721 2737 έν

428 2788 654 2858 μεθέξει
695 2788 957 2857 γινέσθω,
1006 2789 1083 2855 ὡς
1128 2790 1196 2846 ἂν
1243 2794 1311 2846 ὲκ
1346 2789 1540 2847 τούτου
1581 2788 2026 2863 σωφρονέστερος
2084 2784 2350 2856 γεγονὼς,
2397 2789 2513 2850 τοῖς
2558 2783 2855 2856 ἡμετέροις
2913 2783 3100 2853 νόμοις
3144 2780 3236 2837 καὶ
3272 2781 3347 2852 μὴ
3385 2778 3719 2851 βουλόμενος

427 2880 752 2952 ὑποκύψειε.

498 2972 664 3029 XXII.
707 2974 845 3030 Cum
892 2976 946 3031 hi
993 2993 1124 3048 ergo
1172 2979 1468 3034 inhumane
1515 2968 1918 3045 cruciarentur,
1956 2987 2014 3034 et

424 3064 769 3131 gravissimis
808 3066 1161 3123 adicerentur
1195 3070 1538 3131 verberibus,
1582 3073 1778 3126 beatus
1810 3079 1864 3125 et
1894 3070 2017 3139 pius

428 3154 731 3218 Artemius,
769 3158 887 3226 qui,
920 3168 978 3213 ut
1016 3160 1165 3226 prius
1210 3171 1295 3215 est
1340 3169 1646 3225 ostensum,
1679 3163 1789 3215 dux
1821 3172 1878 3216 et
1907 3171 2021 3216 Au-

428 3244 659 3312 gustalis
701 3246 921 3317 Egypti
976 3248 1077 3302 fuit
1123 3266 1153 3304 a
1199 3249 1523 3306 Constantio
1576 3252 1930 3317 constitutus,
1969 3260 2024 3305 et

428 3346 717 3404 propterea
744 3338 887 3406 quod
910 3354 970 3394 se
1001 3349 1149 3394 recte
1180 3349 1237 3395 et
1260 3342 1469 3412 integre
1500 3353 1719 3413 gereret
1749 3343 1802 3397 in
1839 3343 2020 3398 admi-

428 3426 780 3493 nistratione,
818 3444 1001 3484 rerum
1048 3447 1268 3501 quoque
1300 3434 1473 3504 Syria:
1513 3444 1801 3505 acceperat
1827 3451 2025 3504 procu-

431 3521 725 3585 rationem,
758 3530 1049 3592 postquam
1076 3525 1286 3580 audivit
1319 3526 1609 3596 imperium
1637 3535 1824 3582 tenere
1853 3526 2025 3583 Julia-

432 3627 587 3677 num,
623 3621 680 3667 et
715 3614 781 3668 ad
812 3614 1024 3669 bellum
1054 3616 1332 3673 Persicum
1366 3634 1684 3689 properare,
1717 3629 1772 3673 et
1809 3620 2026 3689 accepit

429 3704 665 3769 litteras,
710 3720 835 3773 quae
873 3706 1165 3776 jubebant,
1213 3716 1272 3763 ut
1319 3725 1441 3765 cum
1496 3718 1610 3766 toto
1663 3712 1906 3768 exercitu
1954 3711 2023 3768 ad

432 3789 822 3860 imperatorem
871 3794 1181 3861 accederet,
1235 3796 1350 3866 ipse
1405 3814 1624 3869 quoque
1673 3801 2024 3857 Antiochiam

433 3882 605 3947 venit,
653 3891 712 3936 ut
752 3884 940 3953 jussus
985 3886 1182 3953 fuerat,
1219 3897 1273 3942 et
1314 3904 1438 3944 cum
1484 3906 1575 3953 eo,
1611 3907 1736 3948 cum
1783 3910 1893 3963 quo
1926 3912 2024 3966 par

432 3983 572 4038 erat,
640 3975 851 4030 honore
909 3986 965 4032 et
1033 3978 1363 4035 satellitibus
1421 3982 1630 4038 adstitit
1683 3986 2022 4056 imperatori,

433 4068 657 4136 quando
703 4068 771 4124 de
819 4072 1146 4143 martyribus
1192 4075 1431 4131 habebat
1482 4079 1866 4146 quaestionem.
1901 4084 2026 4137 Haec

432 4167 618 4214 autem
655 4160 871 4225 videns,
898 4173 952 4216 et
979 4164 1147 4218 corde
1177 4175 1476 4232 sauciatus,
1510 4179 1566 4223 et
1589 4184 1648 4224 se
1675 4171 1880 4226 erroris
1905 4188 2027 4228 esse

435 4250 806 4315 defensorem.
847 4254 889 4308 si
920 4256 1119 4311 tacitus
1161 4271 1248 4319 ea.
1279 4274 1400 4329 qua:
1437 4259 1658 4328 ﬁebant,
1697 4264 2024 4333 praeteriret,

436 4341 759 4409 arbitratus,
790 4343 963 4401 libere
992 4347 1060 4402 de
1101 4347 1306 4417 pietate
1350 4350 1599 4421 loquitur
1629 4368 1694 4407 ac
1738 4371 1869 4411 vera
1899 4357 2026 4411 reli-

435 4431 619 4504 sione,
654 4443 709 4487 et
739 4434 875 4489 dicit
903 4437 950 4490 ei
978 4452 994 4492 :
1025 4435 1069 4490 Ο
1093 4437 1413 4508 imperator,
1442 4457 1543 4496 cur
1564 4443 1702 4499 adeo
1728 4445 2027 4503 inhumane

440 4532 667 4594 torques
695 4524 841 4580 viros
867 4537 1086 4584 sanctos
1143 4540 1202 4586 et
1242 4531 1352 4589 Deo
1381 4546 1754 4601 consecratos,
1789 4547 1845 4593 et
1876 4542 2024 4611 cegis

440 4613 601 4666 ﬁdem
640 4629 794 4670 suam
831 4616 1144 4688 abnegare?
1171 4618 1325 4676 Scias
1353 4628 1406 4676 te
1437 4638 1657 4693 quoque
1693 4624 1871 4694 ipsum
1902 4641 2027 4681 esse

440 4704 737 4771 hominem,
781 4707 1079 4764 obnoxium
1111 4710 1304 4767 iisdem
1333 4712 1741 4782 aﬂ‘ectionibus,
1780 4725 1833 4771 et
1861 4706 2027 4786 parti-

437 4798 612 4865 cipem
634 4799 880 4867 ejusdem
900 4809 1131 4866 naturae,
1156 4812 1212 4858 et
1238 4805 1556 4861 earumdem
1583 4810 2022 4878 perpessionum,

440 4890 654 4945 etiamsi
686 4900 738 4945 te
766 4890 911 4946 Deus
942 4894 1149 4948 creavit
1171 4896 1579 4966 imperatorem,
1609 4901 1654 4955 si
1678 4903 1839 4955 modo
1863 4918 1892 4955 a
1920 4902 2030 4957 Deo

439 4984 698 5053 accepisti
737 4984 1047 5053 imperium,
1075 4997 1133 5040 et
1162 5002 1272 5042 non
1307 4988 1488 5057 potius
1522 4991 1696 5045 malus
1719 4993 1931 5048 dmmon
1974 5004 2025 5050 te

440 5078 707 5129 adversus
753 5092 857 5130 nos
911 5078 1141 5146 petitum
1186 5081 1421 5150 accepit,
1459 5091 1518 5137 ut
1564 5083 1771 5138 crihret
1823 5086 2028 5142 Christi

442 5167 684 5220 triticum
730 5175 785 5220 et
832 5169 1234 5238 superseminet
1273 5171 1505 5227 zizania.
1562 5173 1670 5228 Sed
1723 5184 1807 5230 est
1857 5192 2032 5233 vanus

442 5264 563 5330 ejus
591 5274 839 5320 conatus.
867 5264 987 5321 Non
1014 5276 1144 5321 sunt
1179 5268 1325 5322 enim
1353 5269 1405 5323 ei
1438 5270 1602 5335 vires,
1648 5279 1708 5324 ut
1737 5281 1921 5327 antea.
1954 5272 2030 5327 Ex

443 5373 555 5430 quo
587 5359 734 5412 enim
760 5358 916 5414 venit
941 5359 1215 5425 Christus,
1250 5371 1303 5416 et
1344 5361 1446 5416 lixa
1473 5377 1559 5419 est
1596 5381 1756 5428 crux,
1792 5376 1846 5420 et
1877 5368 1929 5420 in
1966 5382 2031 5421 ea

439 5449 548 5505 fuit
578 5448 834 5506 Christus
870 5450 923 5506 in
968 5450 1140 5505 altum
1178 5452 1446 5517 sublatus,
1481 5454 1680 5508 cecidit
1711 5456 2021 5511 «lminonum

443 5542 788 5611 arrogantia,
851 5549 908 5597 et
941 5553 1071 5597 sunt
1113 5544 1452 5614 contemptui
1484 5545 1682 5600 habitu:
1721 5563 1912 5602 eorum
1941 5564 2030 5602 ar-

450 5644 551 5688 tes.
581 5632 662 5688 Ne
682 5634 886 5690 fallaris
907 5649 1057 5707 ergo,
1081 5651 1116 5691 ο
1142 5635 1461 5706 imperator,
1486 5653 1663 5708 neque
1690 5638 2034 5695 dmmunibus

445 5724 783 5795 gratificans,
814 5728 1148 5800 aggredieris
1177 5731 1432 5801 persequi
1479 5748 1654 5803 genus
1685 5732 2031 5789 Christiano-

454 5830 576 5870 rum
602 5831 618 5871 :
649 5819 742 5875 scd
773 5819 922 5878 disce
955 5819 1160 5878 Christi
1181 5823 1440 5881 virtutem
1468 5839 1589 5883 esse
1618 5827 1766 5882 omni
1793 5842 1853 5881 ex
1878 5836 2032 5897 parte

2060 4487 2106 4541 D

2189 2972 2331 3027 KB'.
2359 2971 2580 3025 Τούτων
2619 2970 2804 3024 τοίνυν
2844 2967 3234 3035 ἀπανθρώπως
3280 2966 3720 3036 τιμωρουμένων

2122 3066 2402 3133 αἰκισμοῖς
2459 3081 2520 3115 τε
2586 3061 2917 3133 βαρυτάτοις
3000 3061 3408 3130 ἀλγυνομένων,
3464 3060 3493 3112 ό
3535 3059 3724 3128 μακά-

2133 3175 2248 3226 ριος
2274 3156 2371 3208 καὶ
2405 3154 2637 3225 εὐσεϐὴς
2672 3154 2983 3224 Ἀρτέμιος,
3016 3153 3093 3215 ὡς
3125 3150 3549 3220 προδεδήλωται,
3582 3148 3731 3214 Acili

2128 3247 2225 3300 καὶ
2255 3243 2663 3313 Αύγουστάλιος
2715 3243 2820 3297 ὑπὸ
2858 3242 3245 3296 Κωνσταντίου
3302 3243 3403 3312 τῆς
3433 3240 3721 3306 Αἰγύπτου

2126 3334 2519 3399 κατασταθεὶς,
2543 3333 2639 3388 καὶ
2668 3331 2759 3387 διὰ
2790 3333 2889 3405 τὴν
2936 3332 3105 3403 ὀρθὴν
3137 3331 3307 3386 αὑτοῦ
3362 3332 3456 3385 καὶ
3479 3329 3724 3399 ἀμώμη-

2123 3447 2216 3484 τον
2247 3427 2471 3493 πρᾶξιν,
2520 3425 2832 3495 ἐπιτροπὴν
2882 3423 3070 3478 λαϐὼν
3105 3424 3204 3477 καὶ
3234 3422 3344 3475 τῶν
3372 3424 3471 3493 τῆς
3512 3421 3731 3492 Συρίας,

2128 3517 2511 3587 ἐπιμελεῖσθαι
2574 3516 2945 3586 πραγμάτων,
3007 3513 3252 3577 ἀκούσας
3306 3514 3391 3568 ὅτι
3432 3513 3727 3577 Ἰουλιανὸς

2128 3608 2508 3679 βεϐασίλευκε,
2560 3606 2826 3679 καὶπρὸς
2859 3608 2951 3660 τὸν
3005 3609 3278 3676 Περσικὸν
3327 3607 3726 3674 κατεπείγεται

2128 3699 2391 3769 πόλεμον,
2424 3699 2732 3769 γράμματα
2791 3695 3087 3767 δεξάμενος
3114 3699 3183 3753 τά
3232 3698 3728 3770 παρακελευόμενα

2130 3793 2272 3864 μετά
2333 3793 2539 3856 παντὸς
2604 3791 2697 3845 τοῦ
2763 3790 3181 3862 στρατεύματος
3238 3794 3319 3855 εἰς
3392 3792 3731 3861 Ἀντιόχειαν

2128 3887 2401 3957 ἀπαντᾷν,
2443 3883 2586 3941 κατά
2614 3887 2676 3937 τὸ
2706 3883 3000 3938 κελευσθὲν
3053 3886 3150 3938 καὶ¹
3188 3884 3351 3947 αὐτὸς
3389 3886 3472 3947 είς
3520 3884 3732 3937 Ἀντιόο

2129 3996 2284 4050 χειαν
2317 3979 2677 4046 παρεγένετο,
2714 3978 2811 4030 καὶ
2844 3978 2984 4047 μετά
3014 3978 3113 4047 τῆς
3145 3976 3539 4048 προσηκούσης
3568 3976 3728 4047 αὐτῷ

2128 4071 2299 4142 τιμῆς
2340 4088 2397 4125 τε
2432 4072 2529 4124 καὶ⁹
2581 4069 2916 4142 δορυφορίας
2975 4070 3339 4141 παρειστήκει
3379 4070 3458 4140 τῷ
3490 4069 3729 4139 βασιλεῖ,

2130 4165 2220 4216 ὅτε
2252 4163 2346 4216 καὶ
2374 4162 2475 4233 τὴν
2507 4161 2615 4216 τῶν
2644 4162 2818 4231 ἁγίων
2850 4161 3151 4241 μαρτύρων
3185 4164 3425 4217 ἐποιεῖτο
3448 4162 3727 4228 ἐξέτασιν.

2129 4254 2241 4308 Καὶ
2275 4254 2341 4324 δὴ
2366 4254 2540 4308 ταῦτα
2577 4253 2742 4327 ὁρῶν,
2777 4253 3011 4325 πληγεὶς
3036 4271 3098 4308 τε
3123 4255 3223 4325 τὴν
3248 4254 3498 4326 καρδίαν,
3531 4256 3626 4309 καὶ
3651 4255 3733 4320 ὡς

2132 4347 2433 4417 συνήγορος
2467 4342 2607 4401 εἶναι
2631 4349 2699 4417 τῇ
2725 4349 2905 4418 πλάνῃ
2936 4346 3166 4417 νομίσας
3196 4351 3246 4401 εἰ
3271 4348 3497 4401 σιωπῶν
3521 4348 3723 4420 παρέλο

2135 4438 2219 4491 θοι
2244 4437 2311 4492 τὰ
2337 4438 2626 4507 γινόμενα,
2679 4438 3122 4510 παρρησιάζεται
3153 4440 3253 4507 τὴν
3302 4440 3605 4506 εὐσέϐειαν,
3634 4440 3733 4493 καί

2142 4547 2274 4601 φησι
2304 4530 2441 4601 πρὸς
2465 4531 2650 4596 αὐτὸν,
2685 4526 2757 4583 τΩ
2788 4529 3035 4600 βασιλεῦ,
3062 4531 3208 4584 διατί
3233 4531 3409 4595 οὕτως
3438 4532 3735 4601 ἀπανθρώ-

2136 4641 2251 4687 πω,
2286 4623 2485 4691 ἄνδρας
2519 4623 2708 4693 ἁγίους
2742 4624 2836 4679 καὶ
2857 4625 2979 4698 Θεῷ
3017 4626 3437 4695 ἀφιερωμένους
3467 4625 3727 4689 αίκίζεις.

2136 4716 2231 4769 καὶ
2246 4716 2579 4782 ἀναγκάζεις
2598 4716 2861 4787 ἐξάρνους
2876 4717 3133 4785 γενέσθαι
3150 4719 3247 4788 τῆς
3261 4718 3445 4770 αὐτῶν
3464 4718 3725 4783 πίστεω;;

2139 4808 2252 4861 ἴσθι
2279 4807 2574 4878 τοιγαροῦν
2602 4810 2682 4861 ὅτι
2711 4810 2806 4862 καὶ
2835 4810 3000 4872 αὐτὸς
3033 4810 3325 4880 ἄνθρωπος
3358 4805 3412 4863 εἴ
3460 4811 3732 4878 ὁμοιοπαο

2139 4898 2261 4969 θὴς,
2315 4899 2411 4952 καὶ
2449 4900 2550 4969 τῆς
2599 4899 2771 4968 αὐτῆς
2817 4899 3034 4968 φύσεως
3089 4904 3185 4954 καὶ
3228 4901 3340 4953 τῶν
3385 4902 3729 4970 παθημάτων

2140 4989 2522 5061 μετεσχηκὼς,
2556 4990 2648 5044 καὶ
2675 4992 2724 5043 εἰ
2753 4989 2890 5054 Θεός
2926 5008 2985 5043 σε
3024 4990 3244 5061 βασιλέα
3292 4992 3653 5062 κατέστησεν,
3680 4993 3730 5043 εἰ

2138 5083 2247 5153 ἄρα
2296 5100 2358 5151 γε
2384 5084 2479 5137 καὶ
2508 5088 2572 5137 ἐκ
2627 5083 2764 5137 Θεοῦ
2791 5085 2853 5139 τὸ
2905 5084 3177 5155 βασίλειον
3217 5085 3467 5154 εἴληφας,
3506 5086 3599 5139 καὶ
3650 5083 3727 5153 μὴ

2140 5175 2378 5245 πονηρὸς
2406 5176 2641 5247 δαίμων,
2690 5177 2880 5248 ὥσπερ
2927 5178 3019 5230 τὸν
3060 5176 3181 5230 Ἰὼϐ
3230 5177 3515 5249 πρότερον,
3554 5176 3730 5238 οὕτως

2138 5270 2234 5322 καὶ
2252 5269 2310 5322 σὲ
2342 5270 2464 5322 καθ’
2485 5269 2643 5340 ήμῶν
2669 5270 3098 5340 ἐξαιτησάμενος
3122 5271 3365 5342 εἴληφεν,
3397 5271 3486 5325 ἵνα
3506 5272 3728 5341 σινιάσῃ

2138 5361 2229 5413 τὸν
2260 5362 2353 5413 τοῦ
2385 5360 2622 5432 Χριστοῦ
2658 5364 2825 5424 σῖτον,
2854 5364 2950 5415 καὶ
2978 5363 3281 5435 ἐπισπείρῃ
3315 5364 3558 5429 ζιζάνια.
3583 5364 3728 5417 Ἀλλ’

2139 5453 2219 5516 είς
2253 5453 2429 5523 μάτην
2464 5453 2629 5507 αὐτοῦ
2678 5454 2738 5507 τὸ
2758 5455 3085 5525 ἐγχείρημα.
3134 5458 3246 5509 Οὔκ
3281 5456 3360 5508 ἔτι
3390 5457 3499 5526 γάρ
3534 5457 3712 5526 αὑτῷ,

2146 5546 2300 5617 ἰσχὺς
2330 5546 2403 5609 ὡς
2454 5550 2548 5600 καὶ
2583 5547 2849 5618 πρότερον
2880 5564 2892 5577 ·
2923 5549 3017 5617 ἀφ’
3057 5544 3117 5603 οὗ
3148 5552 3256 5621 γὰρ
3304 5546 3431 5622 ἦλθε
3467 5552 3735 5620 Χριστὸς,

2142 5640 2237 5693 καὶ
2272 5640 2558 5709 κατεπάγη
2608 5643 2843 5711 σταυρζς
2886 5644 2980 5695 καὶ
3020 5643 3208 5714 ὑψώθη
3240 5644 3282 5695 Χ
3293 5644 3471 5713 ριστὺς
3504 5646 3563 5696 ἐν
3584 5646 3743 5715 αὑτῷ

2145 5731 2439 5786 πέπτωκεν
2472 5735 2503 5801 ή
2544 5732 2654 5786 τῶν
2690 5733 2962 5805 δαιμόνων
2995 5734 3198 5805 ὀφρῦς,
3249 5735 3739 5805 καὶκαταπεφρό-

2145 5840 2299 5892 νηται
2325 5823 2392 5878 τὰ
2425 5826 2631 5881 τούτων
2668 5828 3037 5898 τεχνάσματα.
3073 5828 3161 5899 Μή
3197 5824 3291 5881 οὖν
3325 5827 3543 5896 άπατττθ,
3567 5829 3734 5899 βασι-
