4132 6452
405 398 541 464 ιιιτ

1690 384 1972 445 MENSIS
2010 384 2377 446 OCTOBEB.

3531 381 3672 447 1188

402 513 580 582 capi-ta
632 515 819 562 nostra
848 504 891 564 ⁸.
924 522 941 555 ι
983 501 1172 556 Restat
1214 513 1346 568 ergo
1391 507 1448 551 nt
1501 505 1842 550 transeamus
1887 512 1983 566 per

2104 514 2218 560 τους
2251 497 2348 549 ἐπὶ
2372 494 2470 556 τὰς
2492 495 2731 565 κεφαλὰς
2758 497 2940 568 ἡμων.
2966 495 3223 566 Λείψεται
3249 489 3343 550 οὗν
3359 495 3420 550 τὸ
3438 496 3674 551 διελθεῖν

403 607 583 675 ignem
631 611 685 654 et
725 613 944 668 aquam,
999 603 1057 648 nt
1104 607 1206 646 nos
1257 593 1456 645 educas
1507 590 1559 641 in
1616 588 1974 658 refrigerium.

403 694 665 750 Precibus
703 701 887 742 autem
921 686 1106 748 finitis,
1147 684 1310 737 veluti
1350 698 1535 735 secum
1584 681 1836 748 loquens,
1869 695 1979 732 ina-

403 799 544 856 gnus
573 783 708 836 dixit
736 779 1013 833 Artemius
1037 795 1051 830 :
1077 776 1309 838 Artemi,
1349 789 1477 827 ecce
1501 773 1701 826 tlliristi
1727 773 1981 842 stigmata

403 877 458 928 in
485 884 578 928 tuo
608 885 840 940 corpore
869 876 996 923 sunt
1030 865 1335 933 insculpta:
1361 873 1578 933 oportet
1607 863 1791 931 itaque
1817 872 1868 915 te
1888 877 1984 930 pro

405 967 496 1020 illo
520 965 688 1034 ipsam
709 975 928 1032 quoque
952 958 1287 1028 profundere
1311 955 1567 1008 animam.
1597 955 1661 1006 Et
1683 951 1979 1021 adjiciens:

404 1059 522 1128 Ago
557 1056 651 1110 tibi
703 1054 927 1126 gratias,
981 1050 1228 1111 Domine,
1265 1048 1502 1109 dicebat,
1539 1047 1686 1116 quod
1738 1045 1832 1099 tibi
1871 1043 1984 1112 pla-

405 1149 602 1211 cuerit,
634 1154 696 1199 ut
729 1160 830 1215 ego
865 1141 1221 1214 gloriﬁcarer,
1251 1138 1526 1208 susceptis
1555 1153 1653 1207 pro
1682 1148 1732 1191 te
1764 1150 1986 1206 perpes-

405 1237 672 1300 sionibus,
721 1246 776 1288 et
824 1249 912 1287 me
959 1231 1348 1287 connumerari
1396 1230 1448 1282 in
1479 1227 1709 1283 chorum
1763 1237 1983 1281 tuorum

405 1343 746 1384 sanctorum.
810 1324 943 1388 Sed,
993 1340 1026 1378 o
1075 1323 1310 1394 benigne
1365 1321 1612 1384 Domine,
1664 1332 1986 1373 consumma

406 1435 631 1475 cursum
666 1434 846 1472 meum
876 1418 931 1471 in
961 1427 1048 1470 tua
1083 1415 1452 1473 confessione.
1476 1423 1532 1467 et
1561 1427 1628 1466 ne
1660 1426 1746 1465 me
1773 1409 1988 1480 judices

411 1516 514 1568 hoc
544 1523 726 1582 cmpto
778 1511 1085 1580 indignum.
1120 1509 1232 1579 Ego
1263 1509 1410 1562 enim
1444 1521 1530 1560 me
1579 1517 1749 1560 totum
1782 1501 1988 1558 contuli

411 1606 479 1659 ad
509 1613 630 1659 tuas
668 1604 1066 1658 miserationes.
1101 1599 1224 1655 ll.ec
1257 1613 1381 1654 cum
1411 1598 1554 1668 apud
1587 1612 1647 1652 se
1684 1607 1830 1650 esset
1862 1608 1990 1664 pre-

411 1708 593 1760 catus,
620 1695 768 1749 venit
821 1693 874 1746 in
909 1693 1214 1747 custodiam
1246 1706 1372 1746 cum
1421 1690 1626 1744 sam-tis
1662 1689 1990 1759 martyribus

412 1789 655 1859 Eugenio
687 1799 743 1841 et
775 1785 1032 1847 Macario,
1062 1794 1117 1838 et
1149 1783 1438 1837 traduntur
1470 1779 1683 1836 custodi
1705 1781 1941 1835 carceris
1969 1797 1985 1834 :

2083 593 2234 660 ἡμᾶς
2270 587 2359 641 διὰ
2394 589 2564 659 πυρός
2591 606 2650 643 τε
2707 588 2800 642 καὶ
2833 589 3048 654 ὓδατος,
3075 590 3225 652 ὅπως
3255 589 3336 653 εἰς
3383 588 3674 660 ἀναψυχὴν

2082 681 2360 756 ἐξαγάγῃς
2388 685 2550 754 ἡμᾶς.
2585 683 2696 735 Καὶ
2724 682 2822 750 τῆς
2851 680 3021 751 εὐχῆς
3047 679 3450 752 πληρωθείσης,
3476 680 3669 750 ὥσπερ

2082 775 2463 846 διαλεγόμενος
2507 775 2687 844 ἐαυτῷ
2737 775 2841 843 ἔφη
2871 775 2900 826 6
2951 774 3126 844 μέγας
3186 775 3506 845 Ἀρτὲμιος·
3539 777 3669 842 ’Δρ-

2081 871 2262 937 τέμιε,
2323 871 2430 922 ἰδοὺ
2460 868 2530 921 τὰ
2592 869 2870 936 στίγματα
2923 865 3018 919 τοῦ
3062 866 3302 936 Χριστοῦ
3337 867 3415 937 τῷ
3454 865 3672 936 σώματί

2087 973 2182 1010 σου
2208 959 2574 1028 κεχάρακται,
2616 958 2698 1010 δεῖ
2737 953 2831 1010 οὖν
2872 958 2968 1010 καὶ
3006 957 3181 1027 αὐτὴν
3213 957 3478 1026 προέσθαι
3522 958 3670 1027 ὑπὲρ

2087 1047 2258 1100 αὑτοῦ
2311 1048 2411 1118 τὴν
2467 1049 2666 1118 ψυχὴν,
2718 1049 2811 1101 καὶ
2874 1047 3151 1118 προσθεὶς,
3197 1048 3528 1117 Εὑχαριστῶ
3558 1065 3669 1112 σο’,

2090 1138 2284 1209 Κύριε,
2345 1138 2552 1205 ἔλεγεν,
2601 1140 2682 1192 ὅτι
2728 1139 2838 1203 τοῖς
2873 1139 3014 1208 ὑπὲρ
3048 1137 3144 1191 σοῦ
3183 1138 3255 1208 μέ
3291 1139 3488 1191 πάθεσι
3514 1138 3674 1202 δοξα-

2091 1229 2284 1299 σθῆναι
2313 1229 2634 1296 εὐδόκησας,
2661 1230 2755 1282 καὶ
2786 1228 2861 1298 τῷ
2895 1229 3044 1299 χορῷ
3069 1228 3180 1282 τῶν
3208 1228 3385 1297 ἁγίων
3413 1245 3508 1280 σου
3543 1245 3643 1282 συν

2087 1321 2430 1391 ηρίθμησας,
2489 1321 2652 1385 ἀλλὰ,
2682 1321 3038 1390 φιλάνθρωπε
3082 1321 3352 1382 Δέσποτα,
3383 1319 3681 1372 τελείωσὸν

2095 1428 2194 1481 μου
2221 1412 2312 1463 τὸν
2333 1411 2564 1480 ’δρόμον
2593 1415 2651 1466 ἐν
2685 1415 2750 1483 τῇ
2789 1412 3050 1482 ὁμολογίᾳ
3083 1427 3200 1473 σου,
3227 1411 3324 1463 καὶ
3354 1411 3430 1480 μὴ
3453 1411 3680 1477 ἀνάξιόν

2094 1520 2160 1570 με
2194 1504 2389 1574 κρίνῃς
2421 1505 2516 1556 τοῦ
2546 1505 2973 1575 ἐγχειρήματος.
3013 1503 3121 1555 Καὶ
3155 1501 3332 1555 ταῦτα
3367 1504 3506 1573 πρὸς
3533 1504 3677 1556 ἐαυ·

2091 1597 2183 1650 τὸν
2213 1597 2538 1664 εὐξάμενος,
2577 1597 2771 1665 φθάνει
2805 1595 2904 1666 τὴν
2933 1596 3182 1666 φυλακὴν
3211 1595 3349 1666 μετά
3368 1595 3478 1648 τῶν
3502 1595 3683 1662 ἁγίων

2095 1687 2389 1758 μαρτύρων
2437 1686 2698 1756 Εὑγενίου
2749 1689 2843 1742 καὶ
2877 1687 3196 1760 Μακαρίου,
3226 1689 3322 1740 καὶ
3351 1687 3431 1757 τῷ
3478 1687 3680 1756 δεσμοο

2094 1775 2295 1843 φύλακι
2325 1777 2464 1846 πρὸς
2495 1778 2732 1846 τήρησιν
2763 1778 3173 1846 παραδίδονται.
3203 1779 3313 1831 Καὶ
3335 1776 3505 1840 οὕτως
3530 1773 3679 1847 ἦσαν

411 1889 468 1933 et
498 1878 579 1932 sic
605 1885 764 1930 erant
793 1874 1164 1929 communiter
1191 1873 1362 1926 Deum
1409 1871 1796 1941 glorificantes.
1829 1869 1987 1924 Mane

2104 1874 2252 1942 κοινῇ
2283 1871 2600 1935 δοξάζοντες
2616 1871 2706 1924 τὸν
2733 1871 2884 1925 Θεόν.
2914 1872 3130 1940 Πρωῒας
3150 1871 3207 1924 δέ
3235 1871 3531 1940 γενομένης
3553 1871 3684 1929 τοὺς

412 1976 594 2019 autem
619 1979 743 2018 cum
770 1961 974 2017 Christi
1007 1969 1275 2030 martyres
1305 1967 1552 2014 curasset
1582 1959 1854 2014 sistendos
1891 1960 1992 2013 foe-

414 2057 659 2127 difragus
686 2054 960 2114 Julianus,
989 2061 1044 2106 et
1069 2067 1162 2106 eos
1182 2051 1329 2106 nulla
1364 2051 1621 2120 dignatus
1653 2059 1799 2104 esset
1827 2050 1993 2102 inter-

415 2149 721 2217 rogatione,
757 2146 862 2199 nisi
889 2145 1034 2214 quod
1063 2143 1237 2198 solum
1264 2143 1428 2211 jussit
1462 2157 1718 2212 magnum
1748 2139 1991 2210 separari

416 2241 743 2304 Artemium,
776 2239 881 2292 fert
917 2241 972 2290 in
1025 2237 1143 2291 illos
1191 2235 1518 2291 sententiain
1552 2235 1748 2290 exsilii.
1785 2234 1995 2288 Emittit

416 2347 514 2388 eos
541 2330 746 2394 Oasim,
785 2331 876 2399 qui
910 2339 995 2384 est
1025 2329 1289 2398 pestilens
1325 2329 1477 2381 locus
1508 2327 1564 2380 in
1595 2327 1815 2392 Arabia,
1851 2334 1910 2380 ut
1939 2327 1994 2379 in

418 2440 527 2493 quo
559 2423 705 2477 venti
733 2423 944 2492 spirant
967 2421 1208 2475 exitiosi.
1241 2419 1394 2475 Unde
1427 2420 1590 2473 etiam
1617 2418 1798 2472 nullus
1819 2433 1883 2472 ex
1905 2417 1992 2482 iis.

417 2519 516 2589 qui
562 2517 689 2569 illuc
727 2515 1040 2579 mittuntur,
1079 2512 1295 2567 duravit
1332 2527 1503 2581 usque
1531 2510 1597 2565 ad
1621 2525 1825 2563 annum
1855 2527 1868 2564 :
1900 2511 1997 2564 sed

421 2609 677 2682 gravibus
702 2607 907 2662 morbis
939 2604 1195 2674 correpti,
1221 2619 1414 2658 omnes
1438 2612 1666 2672 pereunt
1692 2602 1994 2658 celerrime.

420 2703 558 2756 Cum
606 2701 734 2754 illuc
783 2715 914 2770 ergo
970 2699 1274 2768 relegasset
1315 2704 1536 2751 sanctos
1593 2695 1894 2766 Eugenium
1943 2703 2000 2748 et

421 2790 718 2845 Macarium
762 2799 1046 2862 tyrannus,
1075 2788 1150 2843 ibi
1187 2787 1352 2842 etiam
1379 2787 1547 2856 jussit
1571 2801 1759 2840 eorum
1792 2800 2000 2856 ampu-

424 2885 522 2938 tari
543 2893 740 2954 capita.
766 2884 950 2952 Itaque
979 2890 1097 2952 post
1123 2882 1329 2951 aliquot
1351 2880 1467 2935 dies
1491 2878 1748 2934 vicesimo
1774 2878 1999 2933 Decem-

425 2977 540 3030 bris
567 2985 901 3044 acceperunt
934 2975 1157 3028 beatum
1197 2973 1381 3027 finem.
1415 2972 1535 3036 Quo
1559 2971 1613 3025 in
1645 2971 1767 3026 loco
1797 2970 2000 3025 factum

423 3077 508 3120 est
555 3067 899 3128 miraculum,
933 3066 1159 3135 dignum
1189 3062 1336 3132 quod
1380 3061 1669 3116 mandetur
1701 3058 1999 3113 memoria'.

2091 1962 2186 2016 τοῦ
2218 1963 2458 2032 Χριστοῦ
2493 1964 2780 2033 μάρτυρας
2810 1965 2838 2017 6
2876 1963 3209 2034 παραϐάτης
3243 1959 3684 2032 παραστησάμεο

2093 2072 2205 2118 νος,
2254 2056 2346 2108 καὶ
2389 2054 2664 2125 μηδεμιᾶς
2752 2055 2949 2118 αὐτοὺς
3032 2055 3354 2124 ἐρωτήσεως
3416 2051 3685 2116 ἀξιώσας,

2093 2149 2127 2217 ἢ
2156 2147 2316 2216 μόνον
2337 2147 2429 2200 τὸν
2479 2163 2647 2216 μιγαν
2685 2147 2978 2218 Ἀρτέμιον
3010 2147 3349 2217 διαιρεθῆναι
3389 2146 3682 2207 κελεύσας,

2095 2240 2312 2308 ἑξορίαν
2347 2239 2573 2292 ἐκείνων
2606 2239 3074 2307 καταψηφίζεται,
3098 2241 3192 2292 καὶ
3227 2239 3440 2308 πέμπει
3475 2241 3680 2300 αὐτοὺς
3729 2275 3736 2279 -

2095 2337 2154 2390 ἐν
2195 2333 2362 2386 Οάσει
2426 2334 2524 2402 τῆς
2569 2331 2853 2402 Ἀραϐίας,
2906 2333 3129 2404 νοσεροῦ
3175 2335 3539 2403 τυγχάνοντος
3584 2330 3683 2383 τοῦ

2097 2427 2301 2497 χωρίου
2330 2423 2429 2479 ἁτε
2481 2424 2546 2496 δὴ
2597 2425 2690 2477 καὶ
2739 2423 2845 2477 ὑπὸ
2880 2424 3220 2495 φθοροποιῶν
3260 2425 3484 2496 ἀνέμων
3513 2435 3687 2476 κατα-

2098 2519 2425 2586 πνεομένου,
2462 2515 2587 2570 ὅθεν
2615 2515 2790 2579 οὐδείς
2838 2532 2970 2569 ποτε
3020 2517 3126 2569 τῶν
3156 2518 3338 2569 ἐκεῖσε
3371 2517 3684 2583 διαπεμπο-

2103 2609 2280 2680 μένων
2338 2608 2468 2678 ἁχρι
2499 2606 2597 2661 καὶ
2628 2608 2709 2672 είς
2737 2607 2985 2663 ἐνιαυτὸν
3012 2607 3325 2680 διήρκεσεν,
3362 2607 3498 2661 ἀλλὰ
3524 2607 3689 2678 χαλε-

2102 2706 2224 2766 ποῖς
2257 2701 2562 2770 νοσήμασιν
2590 2701 2964 2771 ἁλισκόμενοι,
3016 2701 3296 2770 ταχύτατα
3333 2698 3685 2770 θνήσκουσινο

2101 2798 2219 2850 ἐκεῖ
2259 2795 2442 2850 τοίνυν
2471 2795 2599 2858 τοὺς
2633 2795 2826 2864 ἁγίους
2859 2795 3183 2865 περιορίσας
3217 2795 3244 2846 6
3267 2792 3554 2862 τύραννος,
3583 2790 3686 2842 Βύ-

2102 2891 2282 2960 γένιον
2331 2889 2428 2943 καὶ
2480 2889 2794 2959 Μακάριον,
2828 2891 2899 2964 γὲν
2953 2889 3090 2957 αὐτῇ
3145 2888 3242 2939 καὶ
3292 2887 3393 2948 τὰς
3440 2884 3690 2954 κεφαλὰς

2102 2982 2495 3052 ἀποτμηθῆναι
2549 2981 2952 3045 διεκελεύσατο,
3002 2979 3053 3032 οἳ
3091 2980 3186 3032 καὶ
3227 2978 3365 3049 μετά
3417 2978 3690 3045 τεσσαρά-

2105 3091 2274 3128 κοντα
2334 3076 2548 3144 ἡμέρας
2580 3074 2722 3128 κατά
2747 3075 2846 3144 τὴν
2874 3072 3065 3125 εἰκάδα
3091 3069 3186 3124 τοῦ
3219 3068 3554 3140 Δεκεμϐρίου
3587 3085 3693 3136 μη-

424 3157 560 3212 Nam
597 3173 720 3210 cum
753 3157 932 3226 inopia
963 3171 1117 3224 aquae
1153 3155 1427 3208 laboraret
1455 3155 1628 3218 locus,
1671 3151 1792 3206 fons
1822 3159 2002 3206 scatu-

2109 3167 2221 3232 νὸς,
2249 3168 2308 3222 τὸ
2357 3167 2696 3238 μαρτυρικδν
2727 3164 2980 3230 ’ἐδέξαντο
3013 3164 3187 3228 τέλος,
3218 3163 3347 3215 ἔνθα
3379 3162 3476 3215 καὶ
3503 3160 3694 3229 θαῦμα

429 3249 540 3310 riit,
581 3262 779 3300 curans
805 3262 1022 3300 omnem
1066 3246 1317 3300 morbum
1353 3255 1410 3298 et
1450 3243 1854 3314 aegritudinem.
1896 3243 2000 3308 Qui

427 3341 593 3393 etiam
623 3349 805 3392 manet
835 3355 1002 3408 usque
1033 3339 1085 3392 in
1121 3339 1446 3393 hodiernum
1478 3337 1643 3391 diem.

501 3621 668 3678 XXV.
691 3622 985 3693 Imperator
1006 3631 1210 3685 autem,
1235 3621 1420 3677 divino
1443 3623 1710 3679 accersito
1733 3633 2004 3696 martyre:

433 3716 570 3782 Tua,
601 3717 799 3786 inquit,
831 3708 1112 3770 temeritas
1139 3730 1224 3768 me
1248 3715 1429 3786 coegit
1447 3715 1533 3770 vel
1552 3716 1784 3771 inritum
1811 3719 2010 3786 probro

433 3809 646 3865 allicere
679 3819 830 3863 tuum
861 3823 1057 3878 genus,
1087 3818 1142 3862 et
1169 3817 1263 3862 tuo
1294 3808 1573 3878 splendori
1604 3810 1829 3864 inurere
1854 3811 2009 3880 igno-

433 3903 680 3965 miniam,
711 3915 767 3956 et
797 3903 942 3972 ipsas
971 3912 1094 3956 tuas
1122 3916 1316 3956 carnes
1343 3902 1632 3973 attingere.
1663 3903 1770 3958 Sed
1801 3905 1847 3958 si
1876 3905 2010 3958 milii

436 4007 643 4047 morem
667 4007 843 4063 geras,
868 4007 900 4045 ο
921 3991 1153 4058 Artemi,
1177 4001 1233 4046 et
1259 3993 1526 4048 accedens
1555 3995 1879 4050 sacrilicaris
1905 3996 2010 4050 diis

438 4084 862 4146 immortalibus,
910 4091 967 4137 et
1016 4083 1250 4138 maxime
1283 4083 1560 4154 Daphnaeo
1596 4087 1852 4157 Apollini,
1900 4103 2011 4142 non

435 4175 612 4229 solum
642 4173 950 4244 expiaberis
979 4188 1008 4226 a
1044 4175 1192 4228 crede
1223 4175 1412 4230 fratris
1441 4177 1572 4242 mei,
1607 4179 1704 4233 sed
1747 4179 2012 4250 majorem

437 4281 630 4320 rursus
655 4266 894 4335 accipies
959 4266 1278 4336 dignitatem
1311 4275 1366 4322 et
1396 4269 1568 4337 magis
1609 4268 1968 4326 honorificam
1996 4289 2012 4328 :

435 4366 489 4412 et
518 4365 571 4410 te
601 4359 932 4410 constituam
965 4358 1278 4426 priefectum
1303 4359 1584 4429 praetorio,
1605 4370 1766 4430 teque
1792 4379 2017 4435 magno-

436 4464 559 4504 rum
592 4449 818 4504 deorum
875 4450 1076 4503 crcabo
1125 4451 1462 4520 pontificem,
1506 4463 1560 4508 et
1597 4455 1881 4525 appellabo
1911 4471 2015 4526 pa-

441 4549 602 4600 trem,
633 4548 690 4594 et
723 4539 932 4594 tenebis
962 4541 1265 4595 secundum
1295 4541 1475 4596 locum
1515 4543 1570 4597 in
1601 4560 1724 4599 meo
1762 4546 2013 4615 imperio,
2048 4527 2091 4582 ί)

437 4643 495 4686 et
521 4633 631 4686 eris
660 4632 944 4687 nobiscum
981 4642 1094 4688 toto
1138 4634 1260 4690 vitae
1293 4643 1397 4689 tua:
1425 4643 1691 4706 tempore,
1723 4637 1911 4693 fruens
1937 4638 2018 4693 fe-

439 4724 530 4779 lici
561 4733 614 4778 ct
656 4739 918 4794 prospero
952 4739 1135 4778 rerum
1173 4733 1337 4781 statu.
1387 4727 1523 4780 Nam
1562 4738 1617 4782 tu
1661 4744 1880 4798 quoque
1911 4730 2017 4785 scis

443 4811 664 4864 fratrem
700 4827 881 4866 meum
909 4828 1020 4866 non
1051 4821 1198 4867 recte
1223 4830 1323 4868 nec
1343 4815 1489 4884 juste
1525 4817 1692 4872 fuisse
1723 4819 1961 4872 occisum
1986 4834 2017 4871 a

439 4904 797 4960 Constantio:
833 4905 925 4958 sed
954 4905 1129 4974 ipsum
1154 4906 1390 4960 confecit
1425 4908 1648 4972 invidia,
1685 4920 1739 4964 et
1769 4910 2015 4964 omnium

442 4993 727 5049 hominum
753 4995 986 5049 maxime
1017 4995 1216 5065 impius
1239 4994 1526 5062 Eusebius,
1554 5001 1768 5054 etiamsi
1797 5015 1906 5055 non
1931 5016 2019 5055 sa-

446 5085 515 5141 tis
545 5101 828 5155 parnarum
862 5101 962 5156 pro
989 5087 1155 5156 impio
1186 5087 1432 5143 facinore
1473 5090 1573 5144 luit
1601 5091 1680 5144 vir
1710 5092 2020 5146 sceleratis-

444 5179 639 5234 simus.
693 5177 861 5232 Porro
913 5187 1095 5233 autem
1148 5179 1252 5232 hoc
1297 5195 1516 5250 quoque
1561 5182 1688 5246 scis,
1747 5184 1894 5252 quod
1953 5185 2016 5238 ad

441 5280 691 5325 nostrum
755 5284 932 5340 genus
991 5269 1162 5340 magis
1204 5273 1442 5340 pertinet
1492 5273 1804 5342 imperium.
1863 5274 2018 5330 Meus

443 5363 590 5416 enim
637 5369 791 5430 pater
835 5361 1192 5417 Constantius
1263 5373 1428 5418 natus
1473 5365 1576 5418 fuit
1625 5381 1728 5420 avo
1781 5382 1900 5422 meo
1951 5386 2019 5423 ex

443 5453 760 5508 Maximiani
796 5453 902 5507 ﬁlia
933 5453 1224 5510 Tlieodora
1251 5473 1264 5511 :
1300 5455 1700 5513 Constantinus
1733 5469 1916 5514 autem
1946 5475 2015 5515 ex

447 5543 648 5598 Helena
675 5545 763 5597 vili
793 5555 848 5599 et
870 5545 1082 5613 abiecta
1112 5545 1335 5610 femina,
1367 5559 1421 5602 et
1451 5548 1687 5603 obscuro
1717 5550 1840 5604 loco
1867 5561 2016 5616 nata,

446 5633 609 5702 idque
639 5651 764 5689 cum
797 5637 1040 5691 nondum
1066 5648 1284 5694 creatus
1318 5651 1465 5696 esset
1494 5641 1697 5707 Casar,
1731 5642 1825 5697 sed
1855 5644 2016 5698 vitam

557 5811 579 5841 ⁵
606 5813 726 5866 Psal
745 5821 878 5881 ‘m,
915 5815 982 5869 40
1011 5831 1164 5887 seqq.

2114 3263 2336 3331 μνήμης
2371 3262 2520 3327 ἄξιον
2553 3263 2778 3328 γέγονεν
2818 3276 2832 3292 ο
2862 3260 3097 3330 ἀπορίαν
3124 3259 3233 3328 γὰρ
3278 3258 3468 3319 ὓδατος
3495 3255 3694 3308 δυστυ-

2105 3353 2327 3424 χοῦντος
2384 3353 2478 3405 τοῦ
2533 3352 2701 3405 τόπου
2753 3353 2905 3421 πηγὴ
2963 3351 3227 3420 ἀνεδόθη,
3291 3350 3449 3402 νόσου
3506 3349 3695 3416 πάσης

2107 3448 2202 3500 καὶ
2240 3443 2507 3515 μαλακίας
2557 3444 2794 3514 ἰάσιμος,
2844 3445 2877 3512 ἢ
2927 3445 3023 3495 καὶ
3078 3443 3156 3505 είς
3189 3443 3352 3512 δεῦρο
3383 3456 3552 3511 μενει,
3583 3439 3698 3493 τῶν

2108 3536 2280 3602 ἁγίων
2315 3533 2568 3597 σώζουσα
2598 3533 2698 3604 τὴν
2724 3533 3067 3603 ἐπωνυμίαν.

2180 3625 2312 3681 κε’.
2355 3626 2413 3679 Ὀ
2449 3627 2706 3696 βασιλεὺς
2737 3625 2797 3678 δέ
2829 3625 2921 3678 τὸν
2950 3625 3094 3677 θεῖον
3150 3624 3410 3694 μάρτυρα
3448 3639 3698 3692 μετακαο

2108 3721 2406 3791 λεσάμενος
2425 3720 2520 3772 ’Ἦ
2552 3718 2853 3790 προπέτεια
2893 3735 3009 3784 σου,
3039 3719 3195 3785 φησί,
3223 3715 3607 3786 κατηνάγκασέ
3629 3732 3700 3785 με

2111 3813 2203 3866 καὶ
2239 3812 2314 3882 μὴ
2353 3810 2703 3880 βουλόμενον,
2761 3808 3032 3877 ἀτιμάσαι
3063 3809 3124 3860 τὸ
3157 3809 3316 3875 γένος
3369 3823 3487 3870 σου,
3521 3807 3602 3868 εἷς
3636 3823 3699 3859 τε

2095 3903 2210 3975 ’τὴν
2234 3903 2541 3972 προσοῦσάν
2569 3919 2652 3954 σοι
2683 3900 3046 3971 περιφάνειαν
3065 3898 3368 3971 ἐξυϐρίσαι,
3394 3899 3491 3952 καὶ
3515 3899 3700 3952 αὐτῶν

2113 3995 2426 4065 ἐφάψασθαι
2454 3993 2563 4046 τῶν
2595 3992 2814 4062 σαρκῶν
2842 4008 2961 4056 σου,
2989 3990 3103 4045 ἀλλ’
3127 3993 3285 4059 εἴπερ
3316 3988 3546 4059 πεισθῇς
3581 4005 3697 4057 μοι,

2127 4087 2182 4139 Ἀ
2193 4088 2408 4156 ρτέμιε,
2432 4083 2526 4136 καὶ
2543 4081 2859 4155 προσελθὼν
2873 4081 3057 4144 θύσεις
3081 4083 3192 4143 τοῖς
3218 4081 3504 4142 ἀθανάτοις
3528 4079 3696 4141 θεοῖς,

2115 4182 2212 4232 καὶ
2273 4178 2512 4246 μάλιστα
2564 4177 2644 4245 τῷ
2719 4176 2978 4245 Δαφναίῳ
3035 4173 3357 4234 Ἀπόλλωνι,
3413 4173 3475 4226 ού
3533 4173 3698 4239 μόνον

2115 4271 2441 4341 ἀθωωθῆναι
2471 4269 2571 4338 τῆς
2619 4267 2715 4321 τοῦ
2753 4267 2889 4337 ἐμοῦ
2919 4267 3152 4336 ἀδελφοῦ
3188 4267 3405 4336 σφαγῆς
3465 4267 3698 4332 ἐκγενή-

2119 4364 2272 4416 σεται
2304 4379 2410 4428 σοι,
2439 4362 2576 4414 ἀλλὰ
2605 4360 2701 4414 καὶ
2731 4360 2831 4431 τὴν
2870 4359 3028 4424 ἀξίαν
3061 4358 3288 4429 μείζονα
3318 4360 3411 4410 καὶ
3445 4356 3707 4426 τιμιωτέ-

2128 4472 2228 4526 ραν
2257 4450 2414 4515 αὖθις
2468 4452 2743 4524 ἀναλήψῃ,
2771 4451 3012 4521 ἐπαρχόν
3043 4467 3103 4502 τε
3137 4451 3489 4520 πραιτωρίων
3538 4464 3707 4501 κατα-

2121 4545 2307 4610 στήσω
2331 4559 2414 4607 σε,
2440 4542 2538 4594 καὶ
2565 4539 2829 4610 ἀρχιερέα
2860 4540 2972 4591 τῶν
2993 4538 3248 4608 μεγάλων
3274 4536 3412 4589 θεῶν
3435 4535 3703 4604 τιμήσας,

2115 4635 2330 4704 πατέρα
2385 4634 2516 4703 ἐμὸν
2554 4631 2828 4701 ὀνομάσω,
2865 4629 2959 4683 καὶ
2991 4629 3091 4698 τῆς
3121 4629 3260 4698 ἐμῆς
3295 4626 3576 4697 βασιλείας
3597 4625 3705 4678 τῶν

2114 4726 2440 4796 δευτερείων
2487 4723 2837 4790 καταξιὼσω.
2883 4724 2992 4775 Καὶ
3046 4722 3168 4791 μεθ’
3231 4720 3388 4790 ἡμῶν
3438 4719 3538 4790 ἔσῃ
3571 4719 3702 4788 παρ’

2115 4817 2234 4868 ὅλον
2284 4815 2376 4867 τὸν
2432 4814 2531 4884 τῆς
2568 4814 2712 4882 ζωῆς
2763 4831 2857 4867 σου
2915 4813 3128 4882 χρόνον,
3180 4813 3361 4882 πάσης
3410 4813 3706 4865 ἀπολαύων

2117 4909 2438 4978 εὐημερίας*
2477 4903 2625 4968 οἶδας
2656 4907 2766 4975 γάρ
2797 4907 2891 4958 καὶ
2917 4907 3101 4969 αὐτὸς,
3135 4905 3210 4968 ὡς
3235 4908 3263 4957 6
3283 4905 3415 4973 ἐμὸς
3471 4903 3703 4972 ἀδελφὸς

2116 5001 2178 5053 ού
2198 5000 2380 5062 καλῶς
2397 5000 2516 5052 οὐδὲ
2531 5000 2754 5060 δικαίως
2778 4999 3107 5068 πεφόνευται
3128 4998 3277 5068 παρά
3297 4997 3705 5059 Κωνσταντίου,

2117 5092 2254 5147 ἀλλὰ
2291 5093 2485 5161 φθόνος
2526 5108 2585 5145 τε
2616 5092 2783 5146 αὑτὸν
2839 5095 3263 5159 κατειργάσατο,
3297 5091 3394 5144 καὶ
3423 5093 3451 5143 6
3482 5091 3704 5144 πάντων

2117 5185 2423 5255 ἀνθρώπων
2471 5183 2835 5249 ἀνοσιώτατος
2883 5187 2912 5238 6
2968 5184 3224 5254 εὐνοῦχος
3282 5183 3565 5248 Εὐσέϐιος,
3604 5185 3707 5237 κᾶν

2117 5277 2220 5328 οὐκ
2279 5275 2562 5346 ἀρκοῦσαν
2625 5276 2828 5345 ὑπέσχε
2892 5275 3050 5345 δίκην
3111 5279 3212 5345 τῆς
3261 5276 3709 5344 ἀνοσιουργίαςό

2120 5368 2486 5439 μιαρώτατος,
2509 5365 2666 5422 οἶσθα
2697 5370 2754 5421 δὲ
2785 5372 2879 5422 καὶ
2908 5369 3088 5435 τοῦτο,
3120 5369 3195 5431 ὡς
3231 5373 3298 5441 τῇ
3328 5371 3576 5440 ἡμετέρᾳ
3607 5386 3706 5437 γε-

2119 5463 2216 5533 νεᾷ
2257 5463 2455 5530 μᾶλλον
2485 5465 2519 5534 ή
2553 5463 2801 5534 βασιλεία
2831 5468 3099 5536 προσήκει
3137 5483 3149 5496 ·
3176 5467 3204 5518 6
3234 5467 3342 5537 γὰρ
3368 5468 3497 5537 ἐμὸν
3527 5467 3712 5536 πατὴρ

2124 5555 2506 5618 Κωνστάντιος
2555 5558 2619 5607 ἐκ
2687 5556 2786 5626 τῆς
2822 5557 3171 5626 Μαξιμιανοῦ
3201 5558 3470 5626 θυγατρὸς
3501 5556 3714 5610 Θεοδώ-

2128 5666 2227 5718 ρας
2276 5651 2603 5723 γεγέννηται
2660 5652 2737 5723 τῷ
2776 5653 2894 5724 ἐμῷ
2953 5655 3168 5725 πάππῳ
3222 5656 3615 5721 Κώνσταντι,ό
3655 5654 3715 5708 δὲ
