4110 6454
407 415 546 481 1189

1557 404 2016 465 MARTYRIUM
2063 405 2122 463 S.
2171 407 2210 461 Α
2227 404 2522 464 ΒΤΕΜΠ.

3529 401 3669 470 1190

401 517 811 599 Κωνσταντῖνος
836 513 897 577 ἐξ
937 509 1154 578 Ἑλένης
1180 507 1392 580 φαύλης
1420 509 1566 572 τινος
1591 511 1854 576 γυναικὸς
1891 510 1984 564 καὶ

2091 511 2269 564 adhuc
2299 522 2482 580 ageret
2513 510 2801 580 privatam.
2851 508 3251 566 Constantinus
3277 526 3358 578 se,
3395 513 3540 570 sicut
3565 531 3666 586 pa-

396 615 640 683 ἀσήμου,
681 603 983 662 καὶταῦτα
1032 602 1202 674 μήπω
1245 601 1496 670 γεγονότι
1529 601 1793 672 Καίσαρι,
1844 603 1982 657 ἀλλὰ

407 704 504 758 καὶ
551 699 706 770 αὐτῷ
740 697 821 750 ἐτι
858 695 951 748 τὸν
1005 692 1227 764 ἰδιώτην
1259 693 1474 746 ἕλκοντι
1510 693 1646 763 βίον.
1715 693 1774 747 Ὁ
1805 695 1986 748 τοίνυν

399 794 784 853 Κωσταντῖνος
820 786 1121 857 θρασύτητι
1152 785 1378 854 γνώμης
1431 783 1531 855 τὴν
1571 783 1853 855 βασιλείαν
1889 788 1990 856 ἀρ..

405 890 608 951 πάσας,
659 883 755 938 τόν
805 898 866 934 τε
917 878 1131 948 πατέρα
1170 876 1260 928 τὸν
1315 874 1466 945 ἐμὸν,
1521 878 1618 930 καὶ
1661 877 1787 939 τοὺς
1819 877 1986 930 αὑτοῦ

400 976 668 1047 ἀδελφοὺς
721 973 927 1036 ἀδίκως
984 969 1302 1032 ἀπέκτεινε,
1334 968 1430 1023 καὶ
1465 969 1493 1021 ὸ
1543 967 1738 1022 τούτου
1772 967 1831 1022 δὲ
1868 969 1987 1032 υίὸς

402 1065 800 1126 Κωνστάντιος,
849 1060 918 1112 τὰ
942 1059 1105 1128 ὃμοια
1139 1057 1219 1126 τῷ
1264 1059 1617 1128 γεγεννηκότι
1652 1058 1848 1124 ποιῶν,
1892 1059 1984 1112 τὸν

403 1156 536 1226 ἐμὸν
570 1153 798 1222 ἀδελφὸν
831 1151 1039 1206 Γάλλον
1089 1148 1421 1220 πεφόνευκε,
1448 1152 1544 1204 καὶ
1571 1149 1746 1206 ταῦτα
1782 1152 1984 1220 ὅρκους

401 1245 554 1315 αὐτῷ
584 1243 876 1314 φρικώδεις
923 1244 1003 1306 είς
1076 1242 1380 1312 ἀσφάλειαν
1430 1243 1870 1313 παρασχόμενος,
1920 1241 1983 1295 οὐ

404 1336 510 1404 μὴν
539 1335 623 1399 δὲ,
665 1333 803 1386 ἀλλά
831 1334 929 1387 καὶ
971 1334 1117 1404 ἡμᾶς
1145 1333 1364 1398 αὐτοὺς,
1395 1334 1445 1386 εἰ
1481 1331 1559 1404 μὴ
1587 1331 1728 1385 θεῶν
1755 1333 1984 1404 προνοίᾳ

403 1423 842 1494 περιεσώθημεν,
899 1423 1041 1478 οὕτω
1101 1422 1352 1494 διέθηκεν
1403 1423 1494 1478 ἄν.
1536 1423 1678 1476 Ἀλλ’
1727 1422 1885 1477 αὐτοί
1917 1439 1978 1475 τε

401 1516 763 1582 διεκώλυσαν,
796 1518 893 1570 καὶ
920 1517 1052 1588 ἡμῖν
1074 1515 1302 1586 αὑτοψεὶ
1329 1512 1428 1586 τὴν
1459 1517 1736 1586 σωτηρίαν
1765 1533 1976 1586 προμε-σ

2087 611 2186 667 ter,
2223 615 2445 673 gerens,
2493 602 2719 655 fratrem
2771 617 2952 654 meum
2979 601 3192 656 Gallum
3224 605 3466 658 occidit:
3504 606 3668 675 idque

2083 707 2208 747 cum
2235 691 2482 746 horribili
2509 690 2873 760 jurejurando
2904 690 2953 745 ei
2991 692 3246 746 cavisset.
3284 693 3453 747 Porro
3481 703 3666 749 autem

2087 798 2188 838 nos
2235 797 2456 854 quoque
2488 783 2636 853 ipsos
2672 783 2745 837 ita
2795 783 3090 848 aﬂ‘ecisset,
3125 784 3230 838 nisi
3278 785 3483 839 servari
3519 801 3666 841 essc-

2086 889 2210 928 mus
2237 873 2466 928 deorum
2502 870 2872 942 providentia.
2934 870 3040 926 Sed
3090 871 3191 941 ipsi
3241 871 3665 941 prohibuerunt,

2086 966 2248 1022 nobis
2274 975 2403 1020 ante
2427 965 2621 1020 oculos
2643 964 3000 1020 ostendentes
3018 965 3274 1029 salutem,
3302 980 3424 1034 quae
3446 964 3514 1018 ah
3536 963 3670 1033 ipsis

2082 1055 2471 1127 proficiscitur.
2503 1053 2716 1121 Quibus
2749 1069 2850 1126 ego
2876 1055 3075 1121 fretus,
3102 1055 3356 1126 abjurato
3388 1055 3664 1108 Christia-

2083 1151 2284 1215 nismo,
2315 1148 2590 1203 declinavi
2631 1148 2702 1202 ad
2734 1145 3052 1204 Grmcorum
3085 1147 3406 1218 religionem
3435 1164 3446 1200 :
3485 1157 3542 1200 ut
3572 1146 3665 1215 qui

2082 1242 2223 1297 bene
2253 1240 2448 1303 sciam,
2495 1239 2644 1310 quod
2691 1238 3006 1295 Graecorum
3055 1248 3110 1294 et
3156 1239 3525 1292 Romanorum
3557 1237 3667 1289 vita

2081 1332 2488 1400 antiquissima,
2520 1331 2682 1387 bonis
2706 1339 2865 1386 utens
2896 1331 3144 1386 moribus
3189 1339 3244 1386 et
3275 1331 3504 1402 legibus,
3533 1331 3668 1385 deos

2086 1425 2344 1495 appellat,
2369 1425 2462 1495 qui
2507 1439 2576 1479 ex
2603 1437 2787 1476 rerum
2830 1423 3070 1491 ipsarum
3102 1423 3334 1476 veritate
3365 1420 3470 1476 sibi
3503 1420 3667 1475 fidem

2086 1516 2313 1572 faciunt.

405 1611 736 1681 μηνύκασιν.
778 1611 894 1680 Ἐφ’
932 1605 1016 1673 οἷς
1080 1610 1191 1678 ἐγὼ
1249 1610 1347 1664 καὶ
1393 1609 1755 1683 τεθαρρηκὼς
1792 1609 1884 1662 τὸν
1922 1609 2353 1683 Χριστιανισμὸν
2398 1615 2824 1684 ἐξομοσάμενος,
2875 1610 3012 1682 πρὸς
3060 1608 3122 1662 τὸ
3196 1607 3512 1678 Ἑλληνικὸν
3557 1606 3668 1659 ἀπο

415 1705 604 1760 έκλινα
635 1705 821 1769 σέϐας,
864 1699 924 1758 εὖ
963 1702 1140 1768 εἰδὼς,
1177 1703 1254 1766 ὡς
1286 1704 1316 1756 ὅ
1361 1701 1469 1756 τῶν
1530 1701 1800 1772 Ἐλλήνων
1844 1701 1940 1755 καλ⁵
2007 1701 2296 1774 Ῥωμαίων
2344 1707 2702 1777 ἀρχαιότατος
2744 1705 2879 1774 βίος,
2927 1701 3112 1764 καλοῖς
3149 1699 3297 1753 ἔθεσι
3335 1701 3428 1752 καὶ
3484 1698 3669 1766 νόμοις

401 1796 776 1866 χρησάμενος,
818 1795 974 1858 θεοὺς
1037 1792 1462 1865 προσαγορεύει,
1512 1793 1641 1857 τοῦς
1685 1793 1748 1847 τὸ
1780 1794 1976 1848 πιστὸν
2003 1796 2112 1848 ἀπὸ
2148 1798 2250 1866 τῆς
2287 1799 2396 1851 τῶν
2437 1798 2782 1870 πραγμάτων
2810 1794 3036 1864 ἔχοντας
3068 1784 3349 1862 ἀληθείας.

474 1920 622 1986 Kq'.
672 1917 772 1979 Τίς
839 1917 949 1988 γὰρ
1006 1915 1105 1988 τὴν
1169 1913 1397 1988 γνώμην
1458 1914 1784 1986 ἀμφίὸολος,
1842 1916 1989 1988 ἣλιον

2169 1919 2360 1978 XXVI.
2402 1921 2536 1988 Quis
2557 1921 2704 1976 enim
2731 1919 2900 1974 animi
2929 1918 3096 1974 fuerit
3138 1917 3360 1982 duhius,
3394 1917 3488 1987 qui
3520 1917 3670 1973 vide-

405 2012 619 2083 βλέπων
672 2010 889 2081 οὐρανῷ
921 2007 1302 2073 διιππεύοντα,
1344 2007 1561 2079 ιὲπίσης
1622 2008 1682 2061 δὲ
1729 2008 1828 2062 καί⁵
1896 2026 1984 2063 σε·

401 2105 570 2176 λήνην
614 2103 701 2170 ἐφ’
748 2103 998 2172 ἅρματος
1031 2100 1460 2172 χρυσαντύγου;
1503 2101 1562 2155 '0
1609 2100 1710 2170 μὲν
1739 2101 1850 2173 γὰρ
1883 2103 1983 2173 τὴν

403 2196 622 2266 ἡμέραν
659 2195 888 2265 φαεινὴν
915 2194 1315 2264 ἀπεργάζεται,
1343 2196 1438 2248 καὶ
1484 2193 1614 2258 τοὺς
1652 2195 1984 2266 ἀνθρώπδυς

405 2291 487 2352 είς
517 2288 654 2357 ἔργα
687 2288 956 2358 διανιστᾷ,
988 2289 1023 2356 ἡ
1079 2287 1134 2340 δὲ
1193 2287 1293 2356 τὴν
1349 2284 1526 2340 νύκτα
1581 2285 1982 2356 λαμπαδουχεϊ,

402 2379 746 2452 ἀγρυπνοῦσί
783 2397 843 2432 τε
901 2381 995 2432 καὶ
1031 2376 1354 2448 όδοποροῦσι
1390 2376 1527 2431 πολύ
1581 2395 1636 2430 τι
1693 2378 1825 2448 παρ’
1856 2379 1987 2429 ἐαυ-

401 2475 516 2536 τοίς
570 2473 838 2542 παρέσχει
893 2472 953 2524 τὸ
1007 2471 1306 2541 χρήσιμον.
1348 2469 1535 2522 Ταῦτα
1589 2468 1854 2539 ’Έλληνες
1891 2471 1984 2522 καὶ

419 2562 683 2631 Ῥωμαῖοι
713 2561 991 2627 θειάζουσί
1017 2577 1076 2614 τε
1105 2561 1198 2614 καὶ
1232 2562 1479 2627 σέϐουσι,
1507 2560 1602 2615 καὶ
1635 2561 1788 2632 αὐτῷ
1811 2562 1985 2631 ἀνήρ-

402 2671 577 2726 τησαν
589 2654 688 2717 τὰς
715 2654 964 2720 ἐλπίδας,
980 2653 1074 2706 τὸν
1100 2652 1200 2723 μὲν
1224 2653 1438 2720 Ἥλιον,
1474 2652 1788 2706 Ἀπόλλωνα
1810 2667 1986 2722 προσ-

404 2746 830 2818 αγορεύσαντες,
861 2744 961 2817 τὴν
1003 2745 1243 2817 Σελήνην
1274 2745 1333 2798 δὲ
1378 2746 1670 2816 Ἄρτεμιν,
1733 2745 1828 2798 καὶ
1860 2744 1986 2804 τοὺς

407 2840 706 2911 μεγίστους
734 2837 846 2891 τῶν
899 2837 1172 2908 ἀστέρων,
1201 2835 1294 2900 οὓς
1333 2839 1430 2890 καὶ⁵
1462 2837 1742 2907 πλάνητας
1773 2837 1985 2888 ἀποκα-

404 2930 556 2984 λοῦσι
596 2930 724 2992 τοὺς
755 2927 855 2992 τὰς
904 2928 1046 2982 ἑπτὰ
1091 2926 1267 2993 ζώνας
1303 2926 1402 2990 τὰς
1436 2926 1723 2996 οὐρανίους
1754 2925 1986 2994 ἐπέχον.

403 3037 527 3086 τας,
557 3021 617 3074 ὃν
649 3020 749 3089 μὲν
781 3019 1012 3091 Κρόνον,
1049 3018 1109 3072 ὃν
1139 3017 1197 3070 δὲ
1224 3017 1344 3082 Δία,
1371 3017 1432 3070 ὃν
1477 3015 1536 3070 δὲ
1579 3015 1810 3087 Ἑρμῆν,
1840 3016 1899 3068 δν
1930 3016 1988 3069 δὲ

408 3114 607 3182 Ἀρεα,
653 3112 714 3165 ὂν
743 3112 798 3166 δὲ
842 3111 1163 3182 Ἀφροδίτην
1205 3107 1657 3179 ἐπονομάζουσιν.
1692 3101 1854 3161 Οὗτοι
1881 3108 1989 3178 γάρ

403 3205 496 3258 τόν
520 3221 580 3257 τε
634 3205 844 3272 κόσμον
889 3203 1109 3256 ἅπαντα
1155 3199 1440 3264 διοικοῦσι,
1491 3201 1584 3254 καὶ
1626 3202 1750 3262 ταῖς
1807 3200 1990 3253 αὐτῶν

2086 2017 2157 2071 rit
2182 2016 2352 2071 solem
2387 2014 2443 2068 in
2482 2014 2622 2068 coelo
2665 2013 3030 2083 equitantem,
3077 2011 3334 2064 similiter
3378 2020 3561 2064 autem
3613 2017 3670 2064 et

2084 2109 2294 2172 lunam,
2319 2121 2440 2176 quae
2467 2105 2690 2159 vehitur
2711 2121 2876 2159 curru
2911 2103 3139 2158 aurato?
3167 2101 3301 2156 Nam
3329 2102 3420 2157 ille
3447 2103 3670 2173 quidem

2087 2201 2231 2256 diem
2266 2199 2430 2253 efficit
2460 2197 2726 2259 lucidum,
2768 2203 2823 2249 et
2848 2193 3102 2249 homines
3129 2195 3330 2248 excitat
3358 2194 3425 2248 ad
3459 2210 3625 2264 Opera
3652 2213 3666 2248 :

2089 2295 2206 2348 haec
2232 2302 2415 2346 autem
2464 2291 2611 2346 nocti
2651 2289 2875 2360 praefert
2907 2287 3079 2351 faces,
3124 2288 3587 2359 vigilantibusque
3619 2299 3672 2340 et

2087 2386 2192 2438 iter
2220 2383 2552 2438 facientibus
2597 2397 2662 2436 ex
2708 2396 2768 2434 se
2801 2395 3055 2450 magnam
3107 2380 3313 2449 praebet
3354 2378 3668 2433 utilitatem.

2088 2478 2161 2530 Ea
2188 2476 2362 2531 Graeci
2394 2484 2449 2529 et
2476 2472 2704 2527 Romani
2737 2472 2793 2526 in
2830 2471 2966 2526 deos
3002 2471 3269 2534 referunt,
3303 2478 3358 2525 et
3385 2471 3589 2532 colunt,
3617 2481 3671 2524 et

2087 2582 2240 2638 spem
2277 2566 2334 2619 in
2370 2564 2503 2635 ipsis
2537 2563 2902 2624 collocarunt,
2930 2562 3101 2617 solem
3131 2563 3352 2632 quidem
3385 2563 3667 2632 appellan-

2092 2667 2174 2713 tes
2192 2657 2523 2728 Apollinem,
2553 2656 2747 2710 lunam
2771 2670 2898 2709 vero
2922 2653 3169 2712 Dianam.
3191 2654 3295 2709 Sed
3328 2663 3384 2708 et
3408 2669 3475 2708 ex
3497 2653 3671 2708 stellis

2089 2750 2372 2814 maximas,
2399 2748 2648 2820 planetas
2676 2746 2933 2802 videlicet
2968 2747 3288 2817 appellatas.
3320 2762 3419 2816 pro
3447 2745 3552 2799 diis
3577 2745 3673 2798 ha-

2087 2841 2239 2907 bent,
2281 2856 2404 2911 quae
2437 2841 2672 2910 reliquas
2695 2839 2937 2910 quinque
2962 2853 3129 2892 zonas
3165 2837 3415 2892 caelestes
3441 2845 3669 2890 tenent:

2088 2943 2144 2988 et
2158 2932 2318 2986 aliam
2337 2932 2556 3003 quillem
2585 2931 2907 2994 Saturnum,
2927 2932 3087 2985 aliam
3106 2929 3317 2994 Jovem,
3336 2929 3496 2984 aliam
3529 2928 3672 2981 Mer-

2089 3025 2326 3092 curium,
2351 3026 2512 3079 aliam
2545 3024 2797 3087 Martem,
2830 3023 2994 3078 aliam
3039 3033 3223 3076 autem
3265 3022 3532 3076 Veneri-ni
3570 3035 3671 3076 no-

2091 3120 2322 3173 minant.
2347 3117 2434 3172 Ea:
2453 3119 2601 3172 cnim
2627 3117 2892 3172 mundum
2920 3115 3237 3170 universum
3261 3114 3670 3176 administrant,

2091 3218 2147 3265 ct
2173 3224 2363 3264 earum
2390 3209 2692 3264 virtutibus
2722 3209 2930 3281 regitur
2965 3209 3224 3262 universa
3255 3217 3418 3270 terra,
3449 3223 3568 3276 qua:
3591 3215 3673 3260 est

401 3297 700 3367 δυνάμεσιν
734 3297 768 3366 ἡ
799 3295 894 3348 ὑπ’
924 3294 1155 3364 οὐρανὸν
1180 3294 1370 3347 ἅπασα
1399 3291 1733 3361 διεξάγεται.
1765 3294 1988 3346 Τούτων

2096 3301 2198 3356 sub
2230 3303 2392 3356 coelo.
2433 3301 2636 3356 Horum
2669 3316 2800 3373 ergo
2831 3309 3136 3355 statuentes
3179 3299 3465 3370 imagines,
3499 3299 3677 3352 honr-

403 3392 590 3444 τοίνυν
642 3389 858 3450 εἰκόνας
915 3389 1214 3459 στήσαντες
1260 3386 1516 3440 σέϐουσιν
1562 3388 1844 3458 ἄνθρωποι
1891 3387 1989 3440 καὶ⁹

404 3481 665 3554 τιμῶσιν,
689 3481 807 3551 ἅμα
832 3481 929 3534 καὶ
955 3479 1160 3550 μύθους
1179 3479 1334 3543 τινὰς
1357 3479 1495 3550 πρὸς
1517 3478 1719 3550 ἡδονὴν
1741 3479 1988 3532 ἀναπλά-

410 3592 624 3640 σαντες,
657 3574 760 3644 οὐχ
805 3572 882 3636 ὡς
928 3572 1086 3636 θεοὺς
1132 3573 1190 3626 δὲ
1239 3572 1442 3643 τιμῶσι
1491 3574 1586 3626 καὶ
1635 3573 1735 3636 τὰς
1770 3573 1988 3636 εἰκόνας

415 3665 619 3731 αὐτῶν,
688 3666 894 3732 ἄπαγε,
969 3663 1132 3718 τοῦτο
1185 3663 1298 3734 γὰρ
1355 3663 1418 3716 τὸ
1476 3662 1844 3734 ἁπλούστερον
1895 3663 1990 3718 καὶ

413 3759 736 3830 ἀγροικικδν
763 3758 871 3812 τῶν
897 3756 1202 3828 ἀνθρώπων
1237 3755 1636 3826 ὑπολαμωινει,
1670 3756 1901 3828 ἐπείπερ
1939 3758 1989 3810 οἱ

411 3853 605 3922 σοφίας
635 3849 996 3920 ἐπιθυμηταὶ,
1032 3850 1126 3902 καὶ
1169 3848 1239 3900 τά
1273 3847 1379 3901 τῶν
1429 3847 1569 3902 θεῶν
1596 3848 1840 3918 ἀκριϐῶς
1874 3849 1992 3914 ἑξε-

407 3947 689 4012 τάζοντες,
743 3944 923 3998 οίδασι
969 3943 1076 3997 τίνι
1112 3939 1211 4012 τὴν
1267 3941 1436 4014 τιμὴν
1483 3942 1841 4010 ἀπονέμουσι,
1895 3941 1992 3995 καὶ

408 4039 548 4110 πρὸς
571 4038 696 4092 τίνα
725 4039 760 4108 ὴ
789 4037 898 4091 τὼν
923 4034 1084 4089 θείων
1109 4032 1446 4105 ἀγαλμάτων
1474 4033 1849 4105 προσκύνησις
1873 4032 1989 4087 δια-

409 4135 607 4191 ϐαίνει.

481 4272 610 4326 KZ'.
629 4265 890 4340 Παραινῶ
917 4263 1100 4319 τοίνυν
1120 4264 1188 4334 τῇ
1219 4263 1286 4333 σῇ
1314 4259 1658 4329 γενναιότητι
1689 4257 1812 4330 μεθ’
1834 4258 1864 4321 ἡ
1875 4255 1993 4328 μῶν

409 4382 470 4420 τε
501 4363 666 4430 εἶναι,
688 4361 783 4416 καὶ
814 4358 958 4413 κατὰ
997 4357 1057 4411 τὸ
1093 4356 1225 4426 ἡμῖν
1276 4353 1515 4425 ἀρέσκον
1569 4351 1740 4423 βιοῦν,
1776 4352 1878 4422 τήν
1932 4367 1994 4404 τε

412 4455 714 4528 θρησκείαν
755 4449 1094 4519 Ἐλληνίζειν
1118 4448 1296 4519 ὀρθῶς
1327 4447 1422 4500 καὶ
1450 4445 1560 4498 τῶν
1581 4444 1827 4516 ἀρχαίων
1854 4444 1994 4499 ἐθῶν

412 4550 508 4602 καὶ
542 4543 890 4617 πραγμάτων
923 4539 1271 4608 ἀντέχεσθαι.
1332 4537 1392 4590 Ὀ
1421 4536 1531 4607 γὰρ
1584 4536 1994 4597 Κωνσταντῖνος

2098 3409 2195 3448 ncs
2223 3408 2315 3448 eas
2347 3393 2534 3447 colunt
2572 3403 2627 3448 ct
2656 3393 2950 3456 honorant,
3001 3392 3164 3446 simul
3213 3393 3377 3446 etiam
3413 3394 3674 3459 quasdam

2099 3485 2308 3540 fabulas
2332 3486 2595 3556 ﬁngentes
2625 3486 2693 3540 ad
2720 3486 3080 3554 voluptatem.
3113 3482 3232 3538 Non
3263 3495 3517 3552 tanquam
3544 3486 3677 3536 deus

2097 3586 2277 3632 autem
2310 3579 2498 3632 colunt
2531 3593 2721 3633 eorum
2760 3579 3027 3648 imagines
3061 3578 3267 3647 (absit),
3299 3578 3404 3631 hoc
3426 3577 3570 3630 enim
3604 3578 3676 3628 ita

2097 3668 2371 3736 accipiunt
2400 3670 2734 3739 agrestiores
2769 3668 3026 3724 homines
3059 3678 3115 3723 et
3146 3669 3546 3738 simpliciores:
3577 3669 3674 3722 sed

2097 3759 2190 3828 qui
2221 3759 2520 3830 cupiditate
2565 3769 2826 3816 tenentur
2869 3760 3174 3830 sapientiae,
3207 3768 3264 3814 et
3310 3775 3396 3815 res
3442 3759 3675 3815 deorum

2098 3860 2353 3904 accurate
2386 3851 2696 3921 inquirunt,
2725 3851 2907 3906 sciunt
2934 3852 3023 3906 cui
3046 3851 3312 3906 honorem
3335 3852 3595 3914 tribuant,
3621 3861 3678 3905 et

2099 3943 2168 3998 ad
2193 3958 2354 4014 quem
2383 3954 2628 4001 transeat
2655 3945 2903 4000 adoratio
2935 3944 3247 4001 divinarum
3279 3944 3599 4016 imaginum.

2170 4254 2384 4312 XXVII.
2415 4257 2586 4312 Tuam
2619 4271 2748 4328 ergo
2773 4258 2967 4313 hortor
2994 4258 3387 4329 praestantiam,
3420 4267 3481 4315 ut
3513 4267 3618 4315 stet
3646 4275 3678 4316 α

2099 4351 2280 4417 nobis,
2305 4359 2361 4406 et
2389 4351 2556 4419 vivat,
2589 4352 2831 4408 utnobis
2859 4353 3063 4424 placet,
3127 4363 3184 4408 et
3231 4361 3380 4409 recte
3432 4352 3678 4409 Graecam

2099 4457 2362 4516 sequatur
2393 4445 2735 4517 religionem,
2759 4454 2818 4502 et
2847 4448 3083 4502 retineat
3107 4461 3292 4502 mores
3343 4455 3402 4502 et
3446 4461 3535 4501 res
3576 4462 3676 4501 ve-

2104 4545 2272 4593 teres.
2302 4537 2697 4593 Constantinus
2723 4537 2895 4602 enim,
2929 4539 3072 4592 sicut
3102 4539 3220 4608 ipse
3271 4553 3380 4593 non
3437 4537 3680 4609 ignoras,

412 4635 606 4706 ὥσπερ
640 4631 764 4686 οὐδὲ
813 4629 977 4691 αὐτὸς
1036 4628 1283 4694 ἀγνοεῖς,
1332 4623 1738 4693 εὐεξαπάτητος
1787 4619 1989 4690 ἀνδρῶν

2104 4638 2222 4684 erat
2245 4626 2493 4684 omnium
2512 4627 2795 4683 hominum
2825 4628 3058 4698 deceptu
3081 4627 3409 4684 facillimus:
3437 4640 3494 4684 et
3551 4643 3678 4684 cum

411 4727 636 4800 ἀμαθής
686 4740 747 4778 τε
802 4721 898 4774 καὶ
954 4719 1180 4788 ἀνόητος
1217 4715 1319 4783 ὢν,
1359 4715 1492 4786 περὶ
1537 4715 1637 4783 τὴν
1699 4712 2000 4784 θρησκείαν

411 4821 755 4889 ένεωτέρισε,
803 4813 1060 4875 καὶτοὺς
1103 4807 1370 4879 Ἑλλήνιον
1401 4808 1675 4878 ἀθετήσας
1718 4807 1873 4870 θεοὺς
1908 4806 2002 4859 ἐπὶ

409 4915 503 4968 τὸν
546 4907 982 4980 Χριστιανισμὸν
1045 4901 1310 4968 ἐξέκλινε,
1375 4899 1476 4962 τάς
1531 4899 1788 4961 ἀνοσίους
1833 4896 2000 4951 αὑτοῦ

414 5001 644 5072 πράξεις
675 4994 1168 5065 ὲπαισχυνόμενος,
1215 4989 1310 5044 καὶ
1342 4989 1425 5043 ὅτι
1457 4990 1506 5042 οί
1537 4989 1649 5042 θεοὶ
1680 4987 1864 5054 αὐτὸν,
1899 4987 2000 5054 τῆς

413 5094 568 5162 ἱερᾶς
601 5087 781 5142 αὐτῶν
813 5086 906 5141 καὶ
941 5081 1364 5151 παναγεστάτης
1416 5075 1715 5149 θρησκείας
1761 5075 1838 5139 ὡς
1873 5074 2000 5139 ἑξά-

411 5200 600 5254 γιστον
629 5181 725 5236 καὶ
757 5178 1017 5250 πονηρὸν,
1052 5176 1243 5246 πόρρω
1290 5190 1396 5227 που
1427 5173 1524 5225 καὶ
1560 5169 1785 5241 μακρὰν
1830 5167 1990 5222 ἀ.πὼ-

414 5291 598 5339 σαντο,
627 5273 724 5328 ἀτε
771 5273 863 5325 καὶ
892 5269 1150 5340 ὁμογνίου
1180 5265 1412 5336 αἵματος
1442 5261 1736 5332 γενόμενον
1767 5259 1944 5313 αἴτιον
1976 5277 1992 5294 ο

410 5365 540 5430 τούς
565 5382 626 5418 τε
655 5365 764 5434 γὰρ
792 5362 1056 5432 ἀδελφοὺς
1087 5360 1436 5422 ἀπέκτεινεν,
1469 5353 1624 5406 οὐδὲν
1653 5352 1856 5406 ἄτοπον
1881 5352 1995 5422 εἰρ-

411 5459 749 5530 γασμένους,
777 5457 874 5511 καὶ
900 5455 998 5524 τὴν
1021 5455 1259 5522 γυναῖκα
1284 5448 1563 5514 Φαύσταν,
1592 5445 1799 5500 καὶτὸν
1824 5443 1992 5496 αὐτοῦ

411 5553 528 5607 υἱὸν
560 5552 820 5622 Πρίσκον,
848 5549 1084 5620 χρηστόν
1109 5563 1168 5599 τε
1199 5547 1296 5598 καὶ
1333 5543 1539 5612 ἀγαθὸν
1568 5543 1743 5613 ἄνδρα
1781 5541 1995 5610 τυγχάο

418 5662 600 5702 θονται
651 5645 751 5697 Διά
791 5643 970 5706 τοῦτο,
1001 5638 1423 5710 θαυμασιώτατε
1457 5635 1690 5704 ἀνδρῶν,
1723 5634 1865 5706 ὁρῶν
1899 5651 1995 5687 σου

411 5737 512 5806 τῆς
539 5735 780 5796 διανοίας
809 5733 872 5786 τὸ
897 5732 1158 5802 ἐμϐριθές
1193 5747 1252 5783 τε
1284 5731 1378 5782 καὶ
1411 5726 1701 5795 στάσιμον,
1734 5723 1994 5795 βούλομαί

415 5844 474 5882 σε
510 5827 608 5897 τῆς
660 5828 936 5898 ἡμετέρας
984 5825 1230 5896 ἑταιρίας
1289 5822 1382 5877 καὶ
1439 5820 1661 5892 μερίδος
1718 5819 1994 5889 γενέσθαι.

2101 4728 2246 4775 esset
2275 4719 2528 4775 indoctus
2553 4727 2607 4774 et
2635 4734 2844 4784 amens,
2896 4720 3178 4774 innovavit
3225 4720 3568 4792 religionem,
3625 4729 3678 4777 et

2099 4813 2202 4867 diis
2228 4811 2543 4884 Graecorum
2571 4811 2814 4877 abolitis,
2856 4811 3151 4867 declinavit
3201 4812 3268 4866 ad
3316 4811 3678 4868 Christianis-

2099 4921 2272 4966 mum.
2297 4921 2422 4960 cum
2447 4905 2742 4976 impiorum
2777 4919 3001 4960 suorum
3026 4904 3294 4959 factorum
3331 4919 3456 4960 eum
3503 4907 3679 4976 pude-

2100 5006 2204 5064 ret,
2225 5005 2281 5051 et
2313 4995 2460 5066 quod
2492 4996 2566 5050 dii
2587 5011 2736 5060 eum,
2759 5003 3016 5066 tanquam
3045 4994 3320 5064 impurum
3351 5004 3407 5050 et
3439 4997 3678 5051 scelera-

2099 5097 2234 5154 tum,
2266 5104 2295 5144 a
2332 5095 2682 5143 sacrosancta
2712 5102 2812 5143 sua
2863 5086 3123 5157 religione
3179 5086 3503 5156 expulerant
3559 5088 3679 5141 lon-

2094 5181 2338 5254 gissime,
2371 5181 2546 5252 utqui
2573 5189 2865 5252 cognatum
2895 5179 3216 5250 sanguinem
3253 5180 3488 5236 fuderat.
3538 5179 3675 5234 Nam

2094 5282 2147 5326 et
2177 5271 2376 5327 fratres
2399 5270 2620 5337 occidit,
2643 5270 2736 5341 qui
2763 5269 2901 5324 nihil
2932 5270 3057 5324 mali
3089 5269 3359 5336 fecerant,
3378 5280 3433 5326 et
3451 5286 3677 5326 uxorem

2094 5363 2352 5419 Faustam
2375 5403 2392 5430 ,
2442 5371 2498 5418 et
2539 5377 2700 5417 suum
2728 5361 2896 5416 filium
2932 5360 3175 5417 Priscum
3213 5361 3536 5435 [Crispum],
3584 5361 3678 5433 qui

2094 5465 2212 5510 erat
2237 5458 2323 5510 vir
2355 5455 2498 5524 frugi
2527 5463 2582 5510 et
2613 5453 2812 5508 bonus.
2837 5453 3156 5522 Propterea,
3190 5467 3224 5508 o
3273 5453 3354 5508 vir
3410 5454 3676 5522 imprimis

2096 5545 2436 5610 admirande,
2465 5563 2590 5602 cum
2621 5547 2836 5602 videam
2870 5554 2975 5601 tua:
3011 5545 3212 5600 mentis
3262 5547 3583 5618 gravitatem
3623 5555 3678 5600 ct

2095 5638 2485 5703 constantiam,
2513 5638 2638 5694 volo
2666 5648 2721 5695 te
2749 5653 2871 5695 esse
2898 5645 3210 5694 nostrarum
3240 5639 3497 5705 partium.
3530 5639 3674 5708 Age-

2097 5725 2226 5781 dum
2260 5740 2408 5796 ergo,
2436 5741 2470 5780 o
2507 5729 2738 5792 Artemi,
2768 5729 2835 5784 ad
2862 5729 3098 5800 patriam
3139 5739 3194 5784 et
3235 5730 3676 5799 antiquissimam

2099 5827 2154 5874 et
2180 5821 2416 5876 maxime
2456 5819 2771 5876 diuturnam
2833 5821 3208 5879 Romanorum
3259 5831 3314 5879 et
3360 5823 3675 5879 Graecorum
