4110 6480
395 406 529 474 1191

1676 401 1961 463 MENSIS
2001 399 2366 461 OCTOBEH.

3522 393 3666 464 1192

390 518 560 573 transi
592 513 930 586 religionem,
965 521 1021 569 et
1041 513 1332 569 nobiscum
1355 510 1539 567 fruere
1566 511 1747 579 bonis,
1776 528 1895 581 qua:
1942 527 1971 564 a

2079 510 2247 577 Δεῦρο
2282 508 2487 572 τοίνυν,
2531 505 2809 576 Ἀρτέμιε,
2861 503 2999 575 πρὸς
3040 503 3139 575 τὴν
3164 505 3393 574 πάτριον
3429 503 3525 558 καὶ
3555 506 3648 573 ἀρ·

386 610 654 667 diisdata
682 615 829 663 sunt.

460 892 700 947 XXVIII.
732 892 811 946 Ad
845 892 959 945 haec
989 889 1192 945 Christ.
1239 898 1464 960 martyr,
1505 902 1631 944 eum
1658 902 1719 943 se
1775 901 1967 957 parum

388 985 770 1047 sustinuisset,
801 983 1133 1053 respondit:
1177 980 1289 1052 Ego
1324 982 1568 1051 quidem,
1632 995 1665 1035 ο
1730 981 1968 1048 impera-

391 1090 496 1143 tor,
535 1078 603 1132 de
634 1091 752 1130 mea
783 1074 1047 1144 religione
1075 1083 1131 1129 et
1162 1074 1269 1128 ﬁde
1303 1074 1507 1127 nullam
1568 1072 1624 1124 in
1678 1072 1969 1140 praesentia

388 1169 612 1224 aderam
660 1166 1061 1226 defensiuuem.
1112 1165 1217 1218 etsi
1241 1166 1374 1218 satis
1404 1170 1687 1232 promptas
1742 1162 1968 1215 trabeam

387 1259 892 1314 demonstrationes
918 1273 931 1309 :
964 1260 1033 1312 de
1062 1256 1249 1311 fratris
1276 1266 1460 1310 autem
1491 1257 1568 1310 tui
1614 1264 1789 1309 morte
1837 1253 1968 1307 illud

390 1352 487 1405 tibi
522 1351 890 1420 respondebo.
926 1365 1013 1403 me
1046 1349 1191 1404 illius
1216 1349 1457 1403 animam
1520 1348 1671 1402 nulla
1730 1361 1971 1415 unquam

387 1441 641 1495 all‘ecisse
677 1442 896 1509 injuria,
922 1455 1025 1494 nec
1048 1439 1194 1493 facto
1229 1454 1335 1494 nec
1360 1440 1528 1503 dicto,
1578 1438 1674 1491 sed
1728 1452 1831 1490 nec
1863 1437 1972 1490 ulla

387 1534 604 1602 quidem
636 1533 987 1596 cogitatione.
1014 1531 1374 1596 Quantumvis
1430 1532 1483 1584 in
1535 1544 1602 1585 eo
1647 1528 1972 1598 inquirendo

389 1624 627 1685 iabores,
693 1623 890 1675 veritas
948 1630 1034 1675 est
1081 1620 1456 1677 immutabilis.
1522 1619 1774 1675 Sciebam
1824 1620 1969 1674 enim

387 1730 513 1767 eum
558 1728 679 1768 esse
746 1728 936 1766 rerum
987 1711 1390 1778 Christianum,
1442 1720 1499 1767 et
1554 1711 1692 1766 nulli
1756 1710 1972 1765 allinem

391 1803 832 1873 reprehensxoni,
865 1805 1123 1872 piumque
1153 1818 1216 1856 ac
1245 1802 1453 1871 justum
1490 1842 1506 1867 ,
1544 1812 1597 1857 et
1652 1801 1853 1856 Cltristi
1890 1801 1972 1854 le-

2073 601 2372 671 χαιοτάτην
2396 598 2493 651 καὶ
2523 596 2881 667 πολυχρόνιον
2924 594 3217 666 Ῥωμαίων
3240 611 3303 648 τε
3329 596 3424 648 καὶ
3462 594 3664 666 Ἑλλήο

2071 706 2178 741 νων
2205 689 2508 759 θρησκείαν
2541 685 2833 756 μετάϐηθι,
2859 684 2955 738 καὶ
2984 683 3097 737 τῶν
3123 683 3280 755 ποιρά
3317 685 3464 747 θεοῖς
3491 684 3662 737 δεδιυ-

2074 784 2328 851 ρημένων
2358 779 2581 846 ἀγαθῶν
2612 780 2746 848 ἡμῖν
2783 775 3155 830 συναπόλαυε.

2145 871 2440 940 ΚΙΡᾸΙρὸς
2500 868 2840 923 ταῦταότοῦ
2901 866 3145 939 Χριστοῦ
3200 868 3414 938 μάρτυς
3465 872 3667 941 μικρῖν

2072 962 2336 1033 ἐπισχὼν,
2361 963 2718 1033 ἀπεκρίνατοο
2749 960 2895 1031 Ἐγὼ
2917 962 3038 1032 μὲν,
3057 954 3103 1014 ὦ
3133 959 3376 1030 βασιλεῦ,
3403 965 3531 1034 περὶ
3558 965 3668 1033 τῆς

2073 1054 2214 1125 ἐμῆς
2275 1054 2572 1125 θρησκείας
2626 1054 2725 1107 καὶ
2756 1052 3019 1117 πίστεως,
3073 1052 3196 1105 οὐδὲ
3249 1053 3537 1121 ἡντιναοῦν
3578 1071 3668 1108 σοι

2072 1146 2369 1212 ἀπολογίαν
2418 1146 2564 1199 κατά
2605 1145 2668 1197 τὸ
2727 1143 2900 1213 παρὸν
2939 1135 3263 1212 ποιήσομαι,
3312 1142 3518 1195 καίτοι
3560 1145 3667 1199 οὐκ

2073 1236 2389 1306 ἀνετοίμους
2416 1235 2555 1306 ἔχων
2590 1236 2688 1299 τὰς
2713 1235 2854 1304 ὑπὲρ
2878 1234 3049 1304 αὐτῆς
3081 1235 3405 1298 ἀποδείξεις.
3433 1234 3578 1305 Πρὸς
3609 1235 3667 1289 δι

2070 1329 2162 1381 τὸν
2194 1328 2288 1381 τοῦ
2335 1329 2428 1381 σοῦ
2459 1327 2689 1396 ἀδελφοῦ
2726 1326 2978 1391 θάνατον,
3008 1326 3188 1381 ἐκεῖνό
3219 1342 3301 1378 σοι
3329 1325 3666 1397 ἀποκρινοῦ-

2075 1438 2201 1490 μαι,
2242 1421 2318 1484 ὡς
2348 1420 2450 1473 οὐκ
2479 1420 2544 1473 ἂν
2563 1420 2788 1490 φανείην
2813 1420 2909 1489 τὴν
2937 1419 3149 1471 ἐκείνου
3185 1419 3364 1488 ψυχὴν
3385 1418 3668 1488 ἠδικηκὼς

2074 1513 2318 1577 πώποτε,
2356 1512 2456 1565 οὐκ
2482 1512 2652 1583 ἔργῳ,
2683 1513 2744 1565 οὒ
2781 1512 2948 1583 λόγῳ,
2970 1511 3096 1565 οὔτε
3126 1510 3237 1564 τινὶ
3277 1511 3516 1575 διανοίας
3544 1515 3673 1565 ἐπια-

2074 1606 2332 1674 νοήματι,
2359 1606 2468 1659 οὐδ’
2500 1608 2549 1659 εἰ
2583 1605 2755 1676 μυρία
2792 1606 2995 1674 κάμοις
3037 1605 3164 1673 περὶ
3197 1602 3411 1658 τούτοιῒ
3431 1607 3669 1675 ἀνερευ-

2076 1695 2207 1762 νῶν,
2232 1698 2265 1766 ἡ
2297 1696 2524 1766 ἀλήθεια
2554 1695 2930 1769 ἀμετάὁλητος
2956 1711 2972 1726 ⁰
2993 1696 3318 1767 ἠπιστάμην
3340 1697 3451 1765 γὰρ
3500 1696 3671 1750 αὑτὸν

2076 1789 2405 1858 Χριστιανὸν
2434 1788 2589 1852 ὅντα,
2627 1787 2850 1858 θεοφιλῆ
2878 1804 2940 1840 τε
2983 1792 3077 1841 καὶ
3135 1787 3369 1853 δίκαιον,
3390 1788 3485 1840 καὶ
3532 1786 3675 1856 περὶ

391 1910 487 1964 ges
518 1906 774 1948 accurate
799 1902 1130 1947 servantem.
1161 1893 1310 1947 Sciat
1335 1908 1465 1963 ergo
1489 1892 1686 1946 coelum
1718 1902 1774 1946 et
1801 1900 1969 1953 terra,

2079 1881 2201 1943 τοὺς
2227 1879 2319 1932 τοῦ
2356 1879 2593 1951 Χριστοῦ
2643 1883 2844 1948 νόμους
2892 1879 3175 1949 πρόθυμον
3217 1881 3313 1933 καὶ
3348 1880 3667 1935 σπουδαῖον.

388 1995 445 2042 et
515 1986 804 2039 universus
865 1986 1068 2037 chorus
1128 1993 1442 2038 sanctorum
1523 1984 1866 2054 angelorum,
1920 1993 1976 2038 et

391 2075 641 2132 Christus
679 2074 767 2127 Dei
801 2073 971 2130 Filius
998 2074 1082 2126 cui
1118 2089 1217 2144 ego
1255 2075 1434 2128 servio
1470 2073 1523 2127 in
1570 2089 1695 2127 meo
1752 2075 1974 2144 spiritu,

390 2181 478 2220 rue
536 2166 603 2218 ab
670 2165 816 2219 illius
848 2166 995 2217 czude
1050 2172 1105 2217 et
1165 2178 1339 2217 morie
1374 2180 1496 2217 esse
1536 2180 1978 2233 purumzneque

394 2257 524 2311 viris
561 2256 764 2326 impiis,
809 2257 901 2324 qui
938 2256 1141 2308 aedem
1177 2255 1319 2309 liiiUS
1359 2253 1629 2318 fecerunt,
1679 2254 1975 2325 quidquam

391 2348 607 2404 dedisse
661 2348 868 2409 auxilii,
927 2357 1022 2400 aut
1077 2347 1144 2401 ad
1198 2362 1317 2401 eam
1390 2345 1596 2416 aliquid
1651 2346 1969 2401 contulisse.

394 2439 582 2510 Neque
612 2439 758 2493 enim
785 2448 915 2492 tunc
946 2439 1165 2492 adeum
1208 2454 1330 2494 cum
1378 2437 1723 2492 Constantio.
1792 2438 1855 2492 Iit
1910 2439 1977 2493 de

392 2532 561 2584 fratre
600 2530 820 2598 quidem
858 2536 950 2582 tuo
976 2529 1091 2582 Ιιωο
1116 2538 1204 2582 est
1237 2544 1358 2582 mea
1381 2528 1652 2582 defensio.
1699 2528 1853 2593 Quod
1878 2544 1976 2582 au—

396 2628 503 2672 tvm
529 2617 593 2671 ad
619 2616 825 2672 Christi
856 2622 1052 2687 attinet
1091 2618 1517 2686 abjurationcm,
1576 2625 1631 2671 et
1686 2618 1750 2670 ad
1812 2617 1976 2672 vitam

396 2712 639 2777 gentium
700 2710 1159 2780 amplectendam,
1213 2708 1316 2762 hoc
1385 2709 1478 2763 tibi
1528 2708 1894 2777 respondebo,
1949 2724 1977 2761 a

398 2801 575 2853 tribus
624 2805 832 2869 pueris,
892 2799 981 2867 qui
1038 2805 1194 2853 erant
1264 2797 1367 2853 sub
1445 2795 1978 2862 Nabuchodonosor,

397 2900 591 2942 mutuo
619 2890 931 2959 accipiens:
978 2908 995 2938 ι
1036 2887 1233 2942 Notum
1289 2889 1385 2943 tibi
1436 2889 1526 2952 sit,
1561 2905 1593 2943 ο
1637 2903 1731 2943 rex
1762 2928 1778 2954 ,
1835 2889 1980 2958 quod

399 2981 532 3034 deos
583 2992 706 3035 tuos
737 2997 846 3035 non
907 2981 1044 3044 colo,
1106 2988 1160 3033 et
1208 2980 1301 3034 tibi
1343 2979 1656 3034 charissimi
1713 2981 1980 3050 Apollinis

396 3087 622 3127 auream
659 3087 768 3126 non
792 3073 1033 3126 adorabo
1073 3073 1366 3141 imaginem
1400 3071 1443 3126 ⁸.
1485 3088 1503 3120 ι

2077 1970 2240 2024 "Io-tm
2264 1973 2445 2024 τοίνυν
2472 1972 2701 2040 οὐρανός
2731 1987 2788 2022 τε
2813 1970 2913 2024 καὶ
2930 1970 3026 2040 γῆ,
3054 1972 3148 2023 καὶ
3171 1972 3277 2034 πᾶ,
3306 1973 3335 2024 ὁ
3356 1970 3463 2024 τῶν
3490 1969 3669 2035 ἁγίων

2075 2066 2327 2133 ἀγγέλων
2352 2064 2532 2136 χορὸς,
2560 2064 2656 2117 καὶ
2691 2064 2971 2134 Χριστὸςό
2997 2062 3092 2115 τοῦ
3123 2063 3259 2116 Θεοῦ
3304 2062 3454 2127 Υἱὸς,
3479 2057 3522 2130 ᾧ
3555 2061 3672 2131 ἐγὼ

2073 2154 2328 2225 λατρεύω
2361 2159 2417 2207 έν
2448 2156 2527 2223 τῷ
2559 2155 2679 2224 ἐμῷ
2713 2153 3009 2223 πνεύματι.
3046 2154 3122 2218 ὡς
3156 2154 3399 2226 καθαρὸς
3430 2154 3540 2224 ἐγὼ
3564 2156 3671 2224 τῆς

2075 2249 2286 2299 ἐκείνου
2323 2245 2540 2315 σφαγῆς
2572 2262 2631 2298 τε
2659 2252 2752 2298 καὶ
2779 2247 3058 2317 τελευτῆς,
3107 2247 3200 2298 καὶ
3238 2246 3404 2315 μηδὲν
3449 2245 3668 2299 συνείσ-

2071 2336 2311 2405 ενὲγκὼν
2337 2339 2416 2399 είς
2447 2341 2536 2390 τὸν
2585 2336 2792 2390 ἐκείνου
2830 2338 2988 2407 φόνον
3012 2338 3103 2393 τὸν
3135 2339 3343 2404 ἄδικον,
3366 2341 3477 2401 τοῖς
3502 2338 3673 2392 αὑτὸν

2074 2425 2589 2495 κατεργαεαμένοις
2621 2427 2858 2490 ἀνοσίοις
2891 2428 3152 2498 ἀνδράσιν
3186 2444 3199 2459 ·
3228 2428 3347 2481 οὐδὲ
3371 2433 3481 2500 γὰρ
3516 2446 3662 2500 συμ-

2076 2519 2268 2587 παρὼν
2298 2512 2364 2590 ἧν
2401 2518 2523 2571 τότε
2556 2518 2634 2590 τῷ
2670 2520 3056 2591 Κωνσταντίῳ,
3085 2521 3223 2574 ἀλλὰ
3248 2532 3346 2591 την
3390 2524 3671 2591 Αἴγυπτον

2078 2608 2224 2681 εἶχον
2281 2611 2497 2679 οῐκησίν
2548 2626 2607 2663 τε
2643 2615 2738 2665 καὶ
2789 2613 3000 2666 δίαιταν
3042 2614 3205 2687 μέχρι
3258 2614 3351 2667 τοῦ
3399 2617 3671 2686 παρόντος

2078 2703 2351 2758 ἐνιαυτοῦ.
2386 2706 2495 2756 Καὶ
2518 2705 2722 2776 ταύτην
2768 2706 2867 2776 μὲν
2906 2707 3208 2774 ἀπολογίαν
3240 2708 3505 2778 ποιοῦμαι
3540 2709 3673 2777 περὶ

2076 2796 2170 2850 τοῦ
2210 2796 2305 2852 σοῦ
2347 2797 2601 2866 ἀδελφοῦ,
2630 2797 2761 2867 περὶ
2793 2798 2850 2851 δὲ
2880 2797 2976 2851 τοῦ
3005 2799 3096 2852 τὸν
3140 2800 3375 2870 Χριστὸν
3408 2799 3676 2869 ἐξομόσα-

2082 2889 2205 2940 σθαι
2247 2889 2344 2941 καὶ
2394 2890 2485 2941 τὸν
2549 2888 2863 2958 Ἑλληνικὸν
2913 2890 3268 2945 ἀσπάσασθαι
3332 2893 3470 2963 βίον,
3512 2892 3673 2946 τοῦτό

2083 2996 2165 3033 σοι
2197 2980 2628 3050 ἀποκρινοῦμαι,
2672 2981 2783 3034 τῶν
2816 2982 2983 3053 τριῶν
3031 2983 3238 3037 παίδων
3272 2985 3380 3037 τῶν
3431 2984 3526 3037 ἰπὶ
3570 2984 3670 3036 τοῦ

2082 3070 2558 3141 Ναϐουχοδονόσορ
2626 3072 2726 3140 τὴν
2822 3075 3023 3145 φωνὴν.
3082 3076 3513 3148 δανεισάμενος,
3586 3078 3673 3131 ὅτι

397 3164 645 3220 Γνωστὸν
679 3165 819 3217 ἔστω
855 3182 960 3227 σοι,
1011 3162 1255 3233 βασιλεῦ,
1304 3163 1387 3216 ὃτι
1444 3164 1555 3225 τοῖς
1610 3161 1753 3241 θεοῖς
1798 3179 1892 3215 σου
1948 3173 2008 3215 oo
2049 3162 2319 3232 λατρεύω,
2370 3163 2465 3214 καὶ
2495 3167 2561 3233 τῇ
2594 3165 2761 3217 εικόνι
2811 3168 2877 3237 τῇ
2909 3170 3086 3239 χρυσῇ
3118 3169 3211 3222 τοῦ
3268 3173 3352 3223 σοὶ
3411 3171 3671 3240 φιλτάτου

410 3262 464 3316 Ἀ
476 3260 768 3321 πόλλωνος,
804 3257 865 3311 οὗ
875 3274 1002 3310 ποτε
1033 3257 1426 3329 προσκυνήσω.

468 3351 664 3409 XXIX.
693 3352 845 3416 Quod
879 3358 1060 3403 autem
1091 3350 1308 3403 beatum
1338 3348 1781 3415 Constantinum,
1827 3363 1975 3403 sum-

2153 3343 2280 3399 KG'.
2330 3346 2453 3400 Ὅτι
2511 3346 2569 3400 δὲ
2625 3347 2716 3401 τὶν
2770 3349 3041 3420 μακάριον
3097 3351 3527 3417 Κωνσταιτῖνοι,
3574 3351 3671 3407 τὸν

396 3459 549 3497 llllllll
587 3442 832 3495 omnium
859 3445 1274 3505 Imperatorum,
1301 3448 1357 3492 et
1388 3438 1532 3494 illius
1579 3454 1748 3513 genus
1812 3438 1981 3493 male-

400 3532 560 3586 (ὶίνιίς
585 3545 645 3583 es
673 3531 993 3592 insectatus,
1028 3541 1229 3580 vocans
1258 3527 1567 3589 inimicum,
1618 3536 1674 3581 et
1725 3527 1833 3582 diis
1877 3527 1982 3581 tuis

401 3620 823 3683 exsecrandum,
851 3627 1110 3686 praeterea
1144 3624 1324 3670 autem
1356 3616 1647 3685 furiosum,
1681 3626 1733 3671 et
1792 3633 1977 3686 prom-

402 3724 553 3783 plntn
597 3715 661 3766 ad
691 3713 889 3766 czcdem
935 3710 1260 3773 faciendam,
1319 3708 1435 3765 haec
1477 3709 1572 3763 tibi
1612 3723 1710 3779 pro
1765 3709 1858 3763 illo
1896 3723 1981 3763 re-

403 3805 708 3877 spomlebo.
736 3803 899 3857 Pater
927 3813 1052 3858 tuus
1075 3802 1447 3866 Constantius,
1479 3809 1535 3854 et
1561 3802 1678 3872 ejus
1705 3801 1902 3855 fratres
1930 3801 1981 3855 ei

403 3898 614 3967 priores
638 3895 890 3948 fecerunt
936 3895 1213 3964 injuriam,
1245 3893 1423 3960 utqui
1471 3893 1519 3947 ei
1580 3892 1781 3946 malum
1812 3907 1983 3947 vene-

401 4005 534 4043 num
565 3988 909 4051 miscuerint,
940 3987 1087 4040 nulla
1108 3985 1332 4040 omnino
1362 3986 1428 4038 ab
1452 3999 1518 4038 eo
1540 3985 1717 4038 allecti
1755 3982 1978 4052 injuria.

403 4081 497 4135 ille
523 4090 704 4135 autem
740 4095 968 4132 uxorein
998 4077 1426 4147 Faustamjuste
1466 4077 1761 4131 admodum
1808 4077 1982 4129 inter-

404 4172 554 4236 fecit,
619 4179 678 4224 ut
729 4170 850 4239 quae
915 4174 1148 4239 priscam
1185 4167 1467 4222 Phaedram
1498 4175 1645 4222 esset
1668 4167 1898 4233 imitata,
1928 4178 1985 4222 et

404 4263 523 4330 ejus
550 4261 722 4314 lilium
768 4259 1013 4313 Priscum
1069 4255 1371 4328 [Crispum]
1427 4267 1577 4310 esset
1628 4255 1980 4321 calumniata,

405 4353 553 4423 quod
582 4355 702 4420 eius
730 4365 919 4404 amore
948 4359 1144 4418 captus
1172 4357 1341 4411 esset,
1391 4357 1447 4402 et
1507 4347 1613 4400 vim
1670 4348 1716 4401 ei
1753 4357 1984 4402 conatus

2085 3439 2302 3491 πάντων
2357 3437 2625 3506 βασιλέων
2679 3441 3119 3513 {animam/.741
3174 3443 3236 3495 τὸ
3288 3448 3478 3496 τοᾲτου
3504 3445 3663 3514 γένος

2085 3531 2369 3595 ὲκάκισας,
2471 3529 2667 3600 ἐχθρὸν
2760 3536 2855 3587 καὶ
2933 3534 3282 3588 ἀπόπτυστον
3360 3539 3467 3600 τοῖς
3553 3542 3669 3602 σοῖς

2084 3621 2429 3684 ἀποκαλέσας
2454 3621 2616 3689 θεοῖς,
2652 3626 2880 3693 προσέτι
2911 3626 2967 3677 δὲ
2996 3627 3242 3697 μανιώδη
3294 3630 3387 3681 καὶ
3424 3632 3666 3696 φονικὸν,

2083 3714 2255 3767 ταῦτά
2318 3730 2398 3766 σοι
2430 3714 2864 3785 ἀπολογήσομαι,
2891 3716 2971 3769 ὅτι
3031 3718 3235 3788 μᾶλλον
3273 3722 3303 3777 ό
3345 3722 3435 3784 σὸς
3487 3726 3671 3795 πατὴρ

2086 3805 2486 3869 Κωνστάντιος,
2546 3810 2640 3858 καὶ
2695 3809 2930 3860 οἰαὺτοῦ
2991 3810 3213 3878 ἀδελφοὶ
3272 3811 3671 3884 προκατῆρξλν

2081 3896 2175 3949 τοῦ
2207 3899 2564 3968 ἀδικήματος.
2606 3899 2897 3968 φάρμακον
2930 3900 3078 3971 αὐτῷ
3128 3903 3456 3973 δηλητήριον
3504 3922 3673 3977 κερα-

2087 3990 2337 4058 σάμενοι,
2364 3990 2529 4060 μηδὲν
2557 3988 2742 4044 ἄδικον
2769 3992 2860 4044 ὑπ’
2885 3993 3053 4047 αὐτοῦ
3092 3996 3446 4061 πεπονθότες.
3493 3996 3671 4052 Ἐκεῖο

2082 4095 2171 4141 νος
2193 4078 2250 4130 δὲ
2279 4081 2378 4148 τὴν
2402 4081 2914 4149 γυναῖκαεῷαὑσταν
2936 4082 3030 4134 καὶ
3057 4080 3203 4133 πάνυ
3255 4082 3483 4147 δικαίως
3533 4084 3671 4138 ἀπέ-

2084 4186 2316 4233 κτεινεν,
2344 4169 2444 4221 ἆτε
2502 4172 2897 4240 μιμησαμένην
2924 4171 3024 4241 τὴν
3069 4173 3239 4225 πάλαι
3269 4173 3523 4243 Φαίδραν,
3572 4176 3672 4227 καὶ

2083 4257 2450 4311 διαϐαλοῦσαν
2484 4260 2578 4312 τὸν
2604 4261 2799 4313 τούτου
2827 4263 2945 4315 υἱὸν
2970 4252 3211 4333 Πρίσκον
3264 4264 3341 4325 ὠς
3390 4264 3671 4334 ἐρωτικῶς

2082 4349 2218 4419 αὐ.ῇ
2267 4349 2631 4421 διακείμενον,
2676 4351 2773 4407 καί
2806 4369 2858 4407 τι
2909 4353 3047 4422 πρὸς
3082 4354 3206 4424 βίαν
3260 4358 3667 4427 ἐπιχειροῦντα,

405 4453 553 4496 esset
575 4442 789 4504 allerre,
832 4440 974 4493 sicut
1007 4440 1173 4496 etiam
1218 4439 1307 4493 illa
1365 4436 1715 4509 Hippolytum
1783 4436 1977 4492 Thesei

2084 4442 2334 4512 καθάπερ
2368 4442 2597 4511 κακείνη
2640 4444 2732 4495 τὸν
2776 4442 2869 4495 τοῦ
2918 4444 3143 4513 Θησέως
3188 4445 3529 4500 Ἱππόλυτον.
3558 4450 3672 4503 Καὶ

407 4533 576 4587 lilium
596 4534 697 4601 (5).
727 4532 903 4600 Atque
931 4530 1167 4599 primum
1196 4530 1438 4599 quidem,
1457 4531 1552 4599 qui
1579 4529 1730 4585 sicin
1751 4538 1981 4583 matrem

408 4626 723 4686 insanierat,
760 4632 819 4676 ut
861 4621 1258 4692 volebantejus
1281 4623 1466 4681 verba.
1510 4621 1625 4686 ille,
1665 4636 1791 4676 cum
1839 4628 1983 4675 esset

405 4717 636 4770 maritus
658 4754 675 4780 ,
707 4714 936 4784 puniit,
965 4713 1160 4768 Postea
1199 4725 1383 4767 autem
1415 4728 1539 4767 cum
1576 4712 1826 4768 solvisset
1862 4726 1982 4766 esse

403 4811 716 4873 mentitam,
751 4809 924 4878 ipsam
956 4821 1175 4876 quoque
1226 4805 1448 4869 occidit,
1516 4806 1573 4859 in
1625 4820 1746 4860 eam
1804 4804 1984 4858 ferens

406 4899 739 4952 sententiam
794 4898 1040 4951 omnium
1102 4880 1464 4965 justiSsimam
1510 4913 1525 4949 :
1573 4895 1642 4949 ad
1705 4894 1981 4950 Christum

407 4997 593 5040 autem
634 4987 933 5042 declinavit
971 4992 1039 5039 ab
1080 4987 1171 5038 illo
1205 4994 1451 5051 vocatus,
1481 4987 1701 5054 quando
1727 4985 1978 5039 dillicilli-

405 5094 554 5135 mum
581 5079 856 5134 commisit
880 5079 1128 5147 praelium
1158 5078 1425 5132 adversus
1448 5078 1805 5133 Maxentium.
1827 5079 1982 5132 Tune

407 5173 554 5223 enim
587 5170 633 5222 ei
658 5170 714 5222 in
746 5170 975 5224 meridie
1003 5168 1256 5239 apparuit
1279 5169 1492 5240 signum
1553 5171 1758 5233 crucis,
1820 5170 1985 5224 radiis

407 5261 540 5314 solis
560 5260 925 5329 splendidius,
961 5262 1242 5316 etluteris
1259 5262 1441 5317 aureis
1484 5262 1606 5315 belli
1667 5262 1985 5331 signiﬁcans

405 5351 712 5407 victoriam.
740 5352 874 5404 Nam
903 5367 1002 5407 nos
1023 5368 1241 5422 quoque
1272 5353 1375 5423 ipsi
1394 5354 1609 5423 signum
1643 5353 1980 5421 aspeximus,

404 5446 685 5501 eumbello
719 5446 1158 5513 interessemus,
1200 5454 1258 5501 et
1302 5447 1513 5502 litteras
1551 5446 1810 5517 legimus.
1843 5445 1984 5511 Quin

2082 4531 2148 4601 δὴ
2176 4534 2265 4583 τὸν
2311 4535 2482 4602 μητρὶ
2513 4530 2687 4595 οὕτως
2724 4533 3067 4602 ὲπιμανέντα
3091 4535 3167 4597 ὡς
3206 4539 3256 4587 ol
3306 4537 3481 4605 αὐτῆς
3508 4537 3666 4591 ἐϐού-

2085 4621 2240 4674 λοντο
2275 4621 2445 4689 λόγοι,
2501 4623 2682 4693 πατὴρ
2723 4622 2799 4675 ὣν
2851 4626 3059 4686 ἐκεῖνος
3099 4626 3361 4679 ἐκόλασεν
3392 4643 3409 4659 ο
3439 4630 3667 4700 ὓστερον

2091 4713 2273 4783 μέντοι
2294 4715 2456 4779 γνοὺς
2479 4714 2856 4785 ψευσαμένην,
2884 4716 2980 4768 καὶ
3004 4718 3180 4782 αὐτὴν
3206 4721 3666 4789 προσαπέκτεινε,

2083 4806 2238 4874 δίκην
2284 4805 2375 4858 ἐπ’
2405 4807 2546 4875 αὐτῇ
2569 4807 2803 4869 δικάσας
2847 4807 3037 4859 πασῶν
3090 4808 3469 4881 δικαιοτάτην,
3529 4815 3671 4866 ἀπέ-

2083 4897 2232 4950 κλινε
2260 4897 2442 4966 μέντοι
2469 4897 2605 4968 πρὸς
2632 4895 2725 4952 τὸν
2752 4898 2991 4968 Χριστὸν
3018 4900 3110 4952 ὑπ’
3139 4902 3355 4954 ἐκείνου
3377 4902 3670 4973 οὐρανόθεν

2084 4988 2328 5055 κληθεὶς,
2357 4989 2443 5040 ὅτε
2488 4989 2628 5059 πρὸς
2676 4989 2776 5058 τὴν
2828 4990 3132 5057 Μπξεντίου
3166 4992 3669 5063 δυσκαταμάχητον

2090 5078 2452 5146 διηγωνίσατο
2476 5082 2684 5150 μάχην.
2702 5080 2905 5149 Ἐφάνη
2923 5084 3032 5152 γὰρ
3057 5082 3210 5152 αὐτῷ
3236 5084 3358 5135 τότε
3381 5085 3555 5137 καὶτὸ
3574 5088 3670 5137 τοῦ

2083 5171 2320 5240 σταυροῦ
2356 5172 2587 5239 σημεῖον
2645 5171 2923 5242 μεσούσης
2980 5174 3079 5242 τῆς
3136 5174 3373 5243 ἡμέρας,
3401 5174 3547 5245 ὑπὲρ
3576 5177 3691 5231 τὸν,

2082 5262 2233 5330 ἥλιον
2260 5264 2380 5323 ταῖς
2418 5263 2617 5328 αὐγαῖς
2671 5263 3050 5334 ἐξαστράπτων
3099 5271 3192 5318 καὶ
3248 5267 3576 5336 γράμμασιν
3609 5270 3675 5334 ἐξ

2084 5352 2331 5421 ἀστέρων
2361 5351 2725 5421 διασημαῖνον
2772 5356 2873 5424 τὴν
2903 5355 2999 5407 τοῦ
3024 5354 3266 5427 πολέμου
3289 5357 3447 5427 νίκην
3470 5373 3484 5385 ·
3504 5359 3671 5427 ἡμεῖς,

2084 5459 2144 5495 τε
2186 5446 2294 5513 γὰρ
2347 5444 2502 5496 αὐτοὶ
2532 5444 2593 5496 τὸ
2628 5448 2859 5515 σημεῖον
2917 5447 3291 5518 ἐθεασάμεθα,
3336 5449 3414 5518 τῷ
3445 5450 3674 5521 πολέμῳ

478 5646 558 5716 (3)
599 5647 805 5701 Eadem
834 5647 903 5703 de
937 5647 1131 5718 Crispo
1157 5646 1390 5702 aﬂirmat
1424 5642 1482 5699 S.
1526 5644 1893 5716 llicronymus
1927 5646 2000 5696 l‘e
2032 5645 2223 5712 Sci-5px.
2261 5644 2458 5699 ηρσιρε.
2495 5649 2549 5701 in
2588 5647 2890 5704 Lactantio.

479 5800 499 5831 '
526 5800 657 5856 Dan.
705 5819 787 5869 Ill,
818 5805 902 5861 18.
