4132 6444
385 489 518 562 “97

1519 495 1982 561 MAR‘IYRIUM
2025 502 2087 560 s.
2137 483 2488 562 ARTEMII.

3485 509 3624 574 “‘38

372 611 568 681 χρῆμα
608 611 744 680 πρός
773 626 828 664 τε
868 605 1061 675 καλλος
1104 613 1408 691 καὶβψος,
1460 611 1559 665 καὶ
1611 609 1844 680 μίγεθο;
1893 608 1941 660 oi

2060 625 2190 664 vero
2246 613 2302 666 in
2340 629 2560 668 uiitnem
2593 626 2801 684 partem
2833 616 3039 672 ﬂuenta
3073 621 3338 687 aquarum
3368 626 3630 690 poculen-

378 704 639 772 μιμητόν.
673 702 913 772 Νάματά
941 719 999 756 τε
1035 704 1142 773 γὰρ
1190 703 1439 772 πανταχῆ
1469 700 1674 755 διαθέει
1707 698 1952 768 ποτίμων

376 794 612 857 ὑδάτων,
643 794 918 862 μεγίστων
944 793 1134 846 αὐτόθι
1163 791 1358 864 πήγῶν
1389 791 1796 860 ἀναδιδομένων
1819 808 1835 824 ο
1859 791 1952 857 ἀφ’

373 881 450 941 ῶν
495 887 590 947 καὶ
626 888 660 957 ἠ
697 887 852 949 πόλις
882 889 940 940 ὲν
970 888 1182 954 ὀλίγαις
1241 889 1307 957 δὴ
1369 887 1576 940 πόλεων
1623 886 1952 954 εὐυδροτάτη

373 979 665 1048 τυγχάνειν
699 976 868 1041 δοκεῖ,
894 978 987 1029 καὶ
1021 979 1129 1046 μὴν
1176 977 1491 1044 οἰκοδομαῖς
1525 976 1807 1044 λαμπραῖς
1856 990 1954 1026 κα-

371 1069 653 1122 ταλύσεων
681 1069 776 1121 καὶ
807 1068 1070 1138 λουτρῶν,
1113 1070 1208 1121 καὶ
1235 1068 1345 1120 τῶν
1370 1068 1546 1121 ἄλλων
1575 1065 1950 1129 κατασκευῶν,

373 1160 452 1221 εἵς
481 1175 541 1211 τε
569 1159 757 1230 χρείαν
781 1160 875 1212 καὶ
931 1161 1134 1228 κόσμον
1169 1157 1229 1212 εὖ
1285 1160 1428 1228 μάλα
1473 1157 1778 1218 πολυτελῶς
1826 1155 1950 1224 ἐξή-

373 1261 573 1317 σκηται
604 1249 666 1300 τὸ
695 1249 916 1320 χωρίον.
951 1249 1214 1302 Ἐνταῦθα
1245 1251 1334 1302 καὶ
1361 1250 1534 1303 ἄλὶων
1560 1251 1658 1318 μὲν
1679 1248 1951 1315 δαιμόνων

370 1340 487 1390 ναοί
521 1353 579 1390 τε
608 1341 702 1390 καὶ
729 1339 1019 1409 ἀγάλματα
1047 1337 1136 1410 ἦν,
1185 1340 1560 1410 διαφερόντως
1603 1357 1667 1406 γε
1723 1341 1828 1410 μὴν
1886 1339 1950 1390 τὸ

367 1428 462 1481 τοῦ
519 1429 851 1493 ’Λπόλλωνος
901 1431 1142 1502 ἀρχῆθεν
1203 1432 1419 1501 ὑπῆρχε
1473 1431 1942 1500 θεραπευόμενον.

367 1521 568 1574 Αὐτόοι
604 1522 714 1592 γὰρ
755 1523 936 1576 καὶτὸ
973 1524 1102 1593 περὶ
1129 1523 1228 1594 τὴν
1263 1526 1482 1592 Δάφνην
1531 1524 1629 1592 τὴν
1677 1522 1948 1594 παρθένον

367 1611 643 1683 συμϐῆναι
681 1613 853 1676 πάθος
893 1617 921 1667 ό
957 1614 1269 1685 Ἐλληνικὸς
1319 1616 1522 1667 ἔπλασε
1562 1610 1838 1685 μῦθος·ἦς
1882 1615 1946 1686 δὴ

365 1703 461 1754 καὶ
495 1701 729 1770 μάλιστα
759 1703 946 1771 φέρειν
979 1703 1128 1756 δοκεί
1174 1705 1274 1774 τὴν
1309 1704 1634 1772 ἐπωνυμίαν
1669 1704 1696 1756 6
1753 1705 1943 1766 τόπος.

435 1791 559 1846 Al".
587 1795 657 1845 Τὸ
693 1793 752 1846 δὲ.
803 1794 1030 1864 ἄγαλμα
1079 1794 1174 1846 τοῦ
1223 1795 1583 1859 Ἀπόλλωνος,
1614 1795 1820 1847 τοιόνδε
1889 1811 1943 1846 τι

364 1885 464 1957 τὴν
493 1885 835 1956 κατασκευὴν
867 1883 935 1956 ἦν
968 1903 980 1915 ·
1013 1888 1070 1953 ἐξ
1103 1887 1350 1956 ἀμπέλου
1398 1887 1498 1956 μὲν
1549 1886 1696 1956 αὐτῷ
1747 1903 1946 1940 συνεπ-

2060 713 2276 766 tarnm,
2341 706 2768 761 scaturientibus
2842 709 2968 764 inde
3027 712 3277 765 maximis
3336 712 3623 770 fontibus:

2057 811 2174 864 quo
2231 796 2330 859 lit,
2384 810 2444 851 ut
2499 801 2693 855 civitas
2747 801 2889 854 inter
2915 811 3155 870 caeteras
3206 820 3345 873 aqua
3387 807 3629 862 abundet

2055 889 2314 946 maxime.
2352 891 2632 946 Praeclaris
2678 909 2896 963 quoque
2957 896 3425 953 exstructionibus
3473 902 3628 956 habi-

2057 981 2384 1048 taculorum,
2418 992 2473 1036 et
2504 985 2868 1049 lavacrorum,
2896 997 2953 1039 et
2995 987 3233 1041 aliorum
3267 990 3622 1045 aediﬁciorum

2055 1071 2208 1125 locus
2241 1083 2327 1126 est
2361 1075 2644 1144 magniﬁce
2703 1076 3007 1132 instructus
3061 1089 3118 1132 et
3150 1091 3398 1135 ornatus.
3437 1081 3536 1136 Hic
3573 1093 3628 1136 ct

2053 1163 2284 1217 aliorum
2307 1166 2527 1232 quidem
2558 1168 2868 1222 daemonum
2915 1171 3114 1238 templa
3164 1181 3405 1227 erantet
3435 1174 3629 1241 imagi-

2052 1269 2188 1318 nes,
2233 1259 2507 1325 praecipue
2564 1268 2746 1312 autem
2793 1262 3058 1330 templum
3089 1263 3355 1332 Apollinis
3403 1265 3627 1318 coleba—

2053 1355 2141 1400 tur
2169 1347 2236 1401 ab
2265 1348 2444 1402 initio.
2474 1348 2570 1404 llic
2595 1351 2742 1404 enim
2777 1351 2827 1405 id
2847 1389 2862 1413 ,
2897 1355 3040 1421 quod
3070 1353 3138 1407 de
3165 1351 3390 1423 Dap'hnc
3419 1355 3626 1426 virgine

2052 1449 2326 1502 narratur,
2358 1439 2626 1494 accidisse
2655 1440 2856 1496 Graecae
2892 1442 3169 1500 ﬁnxerunt
3201 1445 3432 1500 fabulae:
3467 1449 3625 1518 cujus

2048 1529 2215 1585 etiam
2248 1545 2552 1602 cognomen
2587 1533 2822 1588 maxime
2843 1534 3070 1604 _videtur
3099 1536 3240 1591 l‘crre
3271 1537 3443 1593 locus.

2118 1795 2358 1852 XXXIII.
2380 1792 2560 1866 Imago
2578 1805 2759 1852 autem
2778 1797 3044 1867 Apollinis
3059 1811 3178 1855 erat
3193 1801 3297 1857 hoc
3318 1805 3478 1860 modo
3491 1820 3625 1860 con-

2047 1899 2252 1944 structa
2282 1907 2296 1942 :
2341 1890 2401 1944 Ei
2429 1906 2495 1943 ez
2513 1889 2621 1943 vite
2651 1900 2768 1944 erat
2803 1906 3000 1959 corpus
3017 1894 3400 1962 compositum,
3453 1898 3626 1951 admi-

363 1979 645 2046 επήγειτδ
675 1979 854 2047 σῶμα,
899 1978 1179 2048 θαυμασία
1239 1980 1348 2032 τινὶ
1383 1978 1570 2049 τέχνῃ,
1617 1979 1754 2048 πρὸς
1813 1981 1941 2048 μιᾶς

2051 1980 2208 2034 rabili
2242 1983 2472 2049 quadam
2513 1990 2630 2034 arte
2672 1981 2746 2034 ita
2778 1960 3227 2050 compactum—ut
3247 2001 3355 2053 pra:
3372 1960 3431 2040 se
3459 1987 3628 2042 ferret

364 2069 642 2137 συμφυΐας
691 2068 834 2120 ίδέαν
861 2069 1259 2138 συναρμοσθὲν,
1303 2068 1492 2138 χρυσῷ
1517 2070 1574 2120 δὲ
1606 2069 1714 2130 πᾶς
1743 2069 1770 2119 6
1800 2085 1954 2138 περι-

362 2159 613 2222 κείμενος
656 2159 856 2219 πέπλος
878 2159 1335 2230 ἀμφιεννύμενος,
1374 2163 1485 2222 τοῖς
1514 2176 1953 2230 παραγεγυμνω-

365 2252 546 2318 μένοις
587 2253 682 2304 καὶ
710 2253 964 2321 ἀχρύσοις
1013 2252 1105 2305 τοῦ
1143 2252 1393 2320 σώματος
1449 2253 1530 2314 είς
1586 2251 1865 2322 ἄφραστόν
1898 2269 1951 2308 τι

365 2344 717 2412 συνεφαξνετο
777 2345 995 2406 κάλλος.
1040 2345 1346 2398 Ἐστῶτιδὲ
1393 2345 1532 2414 μετά
1580 2346 1766 2415 χεῖρας
1812 2341 1879 2414 ἦν
1913 2346 1946 2412 ή

364 2435 588 2502 κιθάρα,
616 2432 1061 2503 μουσηγετοῦντά
1084 2451 1204 2486 τινα
1228 2435 1644 2503 ὲκμιμουμένῳ,
1680 2421 1739 2486 αῖ
1764 2451 1822 2486 τε
1856 2435 1950 2487 x6-

367 2544 467 2595 μαι
493 2527 588 2580 καὶ
625 2528 722 2595 τῆς
757 2531 972 2598 Δάφνης
996 2531 1022 2580 ὁ
1059 2528 1344 2596 στέφανος,
1369 2527 1457 2578 τὸν
1485 2527 1686 2596 χρυσὸν
1741 2527 1948 2595 ἀναμὶξ

363 2620 652 2689 ἐπήνθουν,
681 2621 754 2680 ὡς
789 2619 985 2688 ἔμελλε
1018 2619 1177 2689 χάρις
1209 2618 1608 2688 ἐξαστράπτειν
1635 2617 1804 2688 πολλὴ
1835 2621 1947 2680 τοῖς

364 2710 688 2781 θεωμένοις.
746 2710 1028 2764 Ὑάκινθοί
1057 2728 1115 2764 τε
1136 2711 1281 2780 αὐτῷ
1307 2710 1400 2764 δύο
1424 2711 1560 2763 λίθοι
1587 2711 1816 2780 μεγάλοι
1855 2712 1946 2763 τὸν

360 2803 472 2855 τῶν
511 2803 806 2872 ὀφθαλμῶν
831 2803 1164 2872 ἐξεπλήρουν
1194 2801 1362 2854 τύπον
1420 2804 1562 2853 κατὰ
1596 2802 1818 2872 μνήμην
1847 2800 1942 2852 τοῦ

374 2893 712 2962 Ἀμυκλαίου
744 2895 931 2956 παιδὸς
973 2893 1286 2945 Ὑακίνθου.
1311 2895 1419 2946 Καὶ
1443 2894 1532 2944 ἀεὶ
1559 2893 1617 2944 τὸ
1647 2893 1752 2944 τῶν
1781 2893 1944 2946 λίθων

361 2986 560 3049 κάλλος
615 2989 711 3040 καὶ
761 2987 990 3056 μέγεθος
1045 2986 1140 3036 τὸν
1197 2985 1453 3053 μέγιστον
1491 2984 1809 3054 προσετέλει
1863 2985 1942 3055 τῷ

364 3077 644 3146 ἀγάλματι
674 3078 902 3146 κόσμον,
926 3076 993 3129 ἵν’
1022 3076 1105 3128 ὅτι
1151 3075 1425 3137 πλείστοις
1469 3075 1781 3126 ἀπατᾶσθαι
1812 3075 1942 3144 περὶ

357 3168 527 3221 αὑτοῦ
557 3169 833 3238 συμϐαίνῃ
859 3169 936 3237 τῷ
977 3167 1298 3236 περικαλλεῖ
1343 3166 1444 3234 τῆς
1494 3158 1939 3236 προφαινομένης

363 3262 603 3330 μορφῆς,
655 3262 732 3322 είς
772 3262 832 3312 τὸ
882 3261 1209 3330 προσκυνεῖν
1268 3259 1420 3327 αὐτῷ
1467 3257 1881 3326 δελεαζομένοις
1917 3271 1930 3285 ⁸
1961 3291 2002 3346 C

359 3357 497 3423 ὅπερ
523 3351 616 3406 οὖν
646 3355 740 3406 καὶ
771 3354 932 3416 αὐτὸς
971 3353 1256 3414 Ἰουλιανὸς
1279 3349 1564 3412 πεπονθὼς
1587 3348 1676 3420 ἦν.
1703 3349 1934 3402 ιιλείονα

357 3445 491 3513 γοῦν
524 3445 556 3515 ἢ
591 3445 839 3515 σύμπασι
869 3448 980 3506 τοῖς
1017 3445 1196 3506 ἄλλοις
1231 3443 1508 3510 ἀγάλμασι
1551 3442 1798 3509 προσῆγε
1837 3441 1936 3520 τῂν

359 3537 680 3609 θεραπείαν,
723 3537 1010 3606 χιλιόμδας
1042 3537 1169 3597 ὅλας
1217 3535 1277 3599 ἐξ
1307 3535 1540 3587 ἑκάστου
1567 3533 1754 3599 γένους
1783 3532 1932 3599 αὐτῷ

362 3629 646 3698 θυόμενος,
675 3631 768 3680 καὶ
817 3611 1238 3694 ἀντιλαμὸάνων
1269 3625 1602 3694 χρηστήρια.

430 3727 549 3776 ΔΔ’.
597 3722 751 3773 Ἐπεὶ
787 3721 844 3773 δὲ
879 3718 1030 3788 αὐτῷ
1075 3718 1256 3770 πάντα
1285 3718 1352 3768 τὰ
1392 3718 1685 3784 ἀγάλματα
1741 3714 1936 3784 βαθεῖα

359 3816 542 3885 σιωπὴ
575 3817 846 3882 κατεῖχεν,
894 3811 1148 3874 ἐνταῦθα,
1185 3808 1411 3878 νομίσας
1443 3810 1510 3860 τά
1535 3808 1644 3862 ἀπὸ
1675 3807 1774 3874 τῆς
1805 3822 1937 3874 γοη-

357 3911 510 3972 τείας
581 3909 776 3970 ἐνδεῖν,
847 3908 912 3974 ἣν
970 3904 1284 3976 ἱερουργίαν
1337 3900 1594 3953 καλοῦσιν
1648 3899 1931 3966 Ἕλληνες,

357 3999 622 4052 Εὑσέὁιόν
672 4013 796 4048 τινα
855 3993 1116 4061 μέγιστον
1193 3993 1287 4043 ἐπὶ
1327 3990 1404 4058 τῷ
1455 3989 1630 4041 ταῦῖα
1669 3989 1932 4040 δύνασθαι

357 4091 699 4160 κεκτημένον
746 4088 804 4137 ὲν
852 4083 1080 4152 Ἕλλησι
1157 4082 1336 4144 κλέος,
1413 4079 1930 4160 μεταπεμψάμενος,

356 4180 537 4250 τούτῳ
576 4178 970 4246 προσέταττεν,
993 4174 1253 4225 ἐπίπνουν
1288 4172 1370 4225 ὅτι
1411 4167 1652 4237 μάλιστα
1681 4173 1738 4222 τὸ
1773 4169 1934 4237 ἄγαλ-

361 4290 463 4344 μα,
488 4273 583 4324 καὶ
617 4272 837 4338 ἐνεργὸν
898 4266 1243 4333 ἀποφαίνειν,
1273 4257 1502 4333 μηδενὸς
1546 4255 1622 4316 ὧν
1656 4265 1735 4324 είς
1775 4263 1934 4314 τοῦτο

358 4364 618 4433 προσδεῖν
669 4361 817 4429 αὐτῷ
862 4359 1072 4426 νομίζοι
1103 4355 1442 4424 φειδόμενον.
1483 4353 1574 4423 Τῴ
1612 4353 1688 4418 δὲ,
1744 4351 1932 4420 ἐπειδὴ

360 4458 546 4517 πάσας
592 4449 789 4506 ἑαυτοῦ
831 4450 1144 4516 κεκινηκότι
1196 4448 1294 4508 τὰς
1349 4444 1596 4514 μηχανάς
1637 4445 1730 4497 καὶ
1768 4446 1934 4512 μηδὲν

355 4545 388 4599 δ
419 4560 474 4598 τι
508 4543 667 4596 πλέον
700 4542 765 4594 ἀν
808 4540 1114 4605 ἐννοήσειεν
1143 4534 1550 4604 ὑπολιπομένῳ,
1597 4533 1687 4584 τὸν
1748 4533 1931 4600 ὅμοιον

2053 2074 2291 2142 speciem
2362 2073 2523 2124 unius
2549 2072 2951 2127 coalescentize.
2999 2075 3150 2129 Auro
3221 2085 3402 2131 autem
3454 2078 3624 2134 illitus

2055 2173 2223 2225 totus,
2257 2163 2349 2231 qui
2379 2163 2708 2216 induebatur
2729 2165 2984 2226 amictus,
3023 2166 3266 2230 nudatis,
3297 2176 3352 2221 et
3381 2184 3490 2222 non
3524 2187 3622 2224 au-

2051 2254 2187 2308 ratis
2227 2255 2474 2323 carperis
2503 2254 2767 2324 partibus,
2795 2256 3123 2310 ostendebat
3150 2259 3463 2326 quamdam,
3500 2278 3623 2331 quae

2049 2346 2154 2399 di‘ci
2209 2360 2316 2398 non
2366 2345 2568 2414 potest,
2612 2346 3102 2415 pulchritudinem.
3136 2348 3313 2404 Stanti
3348 2367 3478 2407 vero
3505 2363 3623 2409 erat

2051 2439 2103 2490 in
2161 2437 2415 2490 manibus
2475 2439 2712 2498 cithara.
2787 2450 2840 2492 et
2878 2454 2998 2492 eam
3053 2439 3342 2496 videbatur
3382 2445 3620 2513 pulsare.

2047 2529 2229 2584 Comae
2263 2539 2446 2583 autem
2481 2539 2537 2584 et
2587 2529 2726 2583 lauri
2763 2546 2964 2584 corona
3013 2550 3145 2588 auro
3194 2535 3460 2591 ﬂorebant
3492 2554 3619 2605 per-

2047 2621 2234 2682 miSto,
2301 2630 2359 2674 ut
2408 2635 2598 2690 magna
2633 2619 2912 2691 ellulgeret
2958 2627 3130 2693 gratia
3195 2630 3615 2695 spectatoribus.

2047 2712 2273 2780 Duoqne
2297 2713 2476 2781 magni
2504 2713 2784 2781 hyacinthi
2809 2714 3104 2783 implebant
3135 2718 3186 2771 ei
3217 2718 3441 2788 figuram
3482 2735 3618 2775 oeu-

2046 2804 2244 2864 lorum,
2308 2805 2361 2856 in
2423 2805 2742 2859 memoriam
2790 2805 3080 2875 Hyacinthi
3137 2811 3292 2877 pueri
3332 2811 3613 2881 Amyclaei.

2048 2895 2113 2948 Et
2141 2909 2478 2962 gemmarum
2512 2896 2862 2964 pulchritudo
2911 2908 2966 2952 et
3017 2901 3332 2969 magnitudo
3396 2902 3616 2971 imagini

2045 2984 2340 3036 maximum
2383 2985 2642 3039 alIerebat
2681 2997 2959 3048 ornatum,
2993 2988 3130 3040 adeo
3160 2999 3220 3042 ut
3254 3005 3416 3057 quam
3442 2991 3616 3058 pluri-

2043 3075 2151 3129 tnis
2179 3076 2232 3129 in
2260 3089 2328 3128 eo
2361 3075 2536 3144 decipi
2568 3076 2929 3145 contingeret,
2965 3085 3025 3129 ut
3053 3079 3144 3146 qui
3186 3087 3410 3148 propter
3446 3097 3616 3150 appa-

2043 3167 2220 3221 ‘rcntis
2285 3166 2477 3220 forma:
2545 3166 3048 3236 pulchritudinem,
3101 3170 3479 3224 inescarentur
3549 3173 3615 3226 ad

2043 3273 2172 3312 cum
2213 3259 2576 3313 adorandum.
2631 3259 2784 3322 Quod
2837 3260 3052 3326 quidem
3086 3260 3188 3328 ipsi
3230 3277 3446 3330 quoque
3517 3261 3620 3318 Ju-

2039 3348 2186 3402 liano
2235 3357 2516 3402 evenerat.
2592 3347 2852 3416 Maiorem
2898 3362 3046 3404 certe
3095 3351 3142 3404 ei
3197 3351 3401 3404 cultmn
3459 3353 3618 3407 exhi-

2038 3441 2219 3503 bebat,
2254 3456 2414 3510 quam
2445 3441 2702 3494 omnibus
2741 3442 2862 3494 algis
2895 3441 3240 3510 imaginibus,
3281 3458 3346 3496 ex
3389 3444 3619 3514 singulis

2038 3534 2329 3602 generibus
2379 3532 2429 3586 ei
2489 3533 2658 3585 millia
2723 3533 3058 3596 sacriﬁcans,
3100 3534 3260 3587 etab
3308 3549 3375 3588 eo
3421 3549 3617 3604 exspe-

2037 3635 2196 3676 clans
2231 3637 2511 3692 responsa.

2112 3711 2357 3766 XXXIV.
2384 3714 2519 3767 Cum
2559 3721 2738 3767 autem
2765 3713 2958 3768 omnes
2981 3714 3245 3786 imagines
3284 3716 3614 3785 profundum

2038 3813 2248 3859 teneret
2277 3805 2585 3869 silentium,
2617 3805 2932 3860 existimans
2971 3823 3109 3876 opus
3143 3823 3264 3863 esse
3303 3811 3610 3878 praestigiis,

2036 3911 2172 3966 quas
2193 3897 2362 3950 (ἂι-δὀἱ
2393 3906 2589 3950 vocant
2606 3896 2956 3966 hierurgiant,
2973 3899 3238 3952 accersito
3254 3899 3615 3967 qnodamﬁu-

2037 3988 2211 4048 sebio,
2237 4002 2396 4054 quem
2423 3986 2473 4038 in
2495 3987 2746 4056 gentibus
2775 3986 2916 4040 fama
2947 3999 3063 4040 erat
3089 3988 3189 4040 hac
3217 3988 3268 4040 in
3301 4004 3358 4042 re
3383 3998 3611 4042 multum

2040 4093 2223 4147 posse,
2266 4077 2314 4131 ei
2347 4077 2511 4145 jussit
2537 4087 2783 4144 utquam
2811 4077 3044 4130 maxime
3085 4078 3383 4145 spirantem
3416 4086 3471 4131 et
3495 4077 3611 4132 elli‘

2035 4185 2220 4224 caccm
2310 4169 2561 4222 redderet
2608 4167 2935 4238 imaginem,
2989 4168 3124 4220 nulli
3171 4167 3249 4222 rei
3311 4169 3608 4238 parcendo,

2033 4277 2138 4332 qua
2191 4261 2255 4315 ad
2296 4261 2402 4314 hoc
2428 4275 2566 4329 opus
2606 4273 2729 4313 esse
2755 4267 3026 4313 censeret.
3076 4258 3214 4314 Cum
3258 4269 3439 4313 autem
3476 4260 3612 4312 nihil

2034 4371 2145 4410 non
2181 4355 2688 4409 cssetmachinatus
2708 4391 2724 4414 ,
2755 4361 2811 4405 et
2832 4351 2968 4405 nihil
3003 4351 3438 4420 prmtermisisset
3467 4353 3612 4420 quod

2035 4445 2144 4500 sibi
2175 4444 2230 4498 in
2261 4439 2501 4497 mentem
2543 4442 2812 4504 veniSset,
2869 4441 2962 4494 ille
2991 4450 3172 4495 tatnen
3207 4442 3396 4495 eodem
3450 4441 3613 4495 modo

2035 4540 2318 4602 tacuisset,
2365 4552 2542 4605 neque
2565 4535 2734 4605 magis
2765 4550 2929 4603 quam
2960 4544 3118 4588 antea
3152 4535 3486 4602 loqueretur,
3519 4533 3616 4586 hic

358 4636 728 4706 ισεσιωπήκει
765 4633 858 4685 καὶ
897 4631 1038 4682 κατά
1061 4627 1224 4696 φύσιν
1263 4629 1486 4696 τρόπον,
1512 4625 1664 4678 οὐδέν
1699 4642 1751 4676 τι
1788 4626 1924 4693 μᾶλ-

2043 4635 2141 4703 iam
2198 4639 2415 4700 regulus
2445 4645 2474 4682 a
2503 4627 2740 4690 Iuliano,
2767 4642 2867 4682 cur
2904 4626 3139 4680 maxime
3181 4634 3406 4690 taceret,
3445 4625 3610 4694 idque

357 4727 454 4783 λον
485 4727 520 4799 ἢ
557 4728 650 4778 καὶ
685 4723 920 4795 πρόσθεν
952 4719 1346 4789 φθεγγόμενος,
1369 4717 1606 4768 ἐνταῦθα
1651 4716 1753 4785 ἢδη
1795 4716 1930 4784 πρὸς

355 4805 457 4875 τοῦ
511 4817 802 4872 Ἰουλιανοῦ
865 4811 1242 4886 ἐρωτώμενος,
1295 4809 1390 4862 καὶ
1434 4806 1625 4860 καθότι
1691 4805 1932 4873 μάλιστα

356 4911 606 4974 σιωπῶν,
657 4911 749 4962 καὶ
793 4905 968 4960 ταῦτα
997 4903 1216 4956 πάντων
1261 4898 1620 4952 τελεσθέντων
1649 4898 1737 4949 ἐπ’
1781 4895 1932 4964 αὑτῴ

355 5005 469 5060 τῶν
498 4996 1001 5075 νομιζομένων,τδν
1028 4992 1278 5047 Βαϐύλαν
1304 4991 1408 5059 ἔφη
1445 4989 1546 5057 τῆς
1576 4987 1789 5057 σιωπῆς
1813 4986 1932 5038 τού-

356 5113 454 5150 του
472 5113 531 5150 τε
559 5097 652 5146 καὶ
675 5091 783 5145 τῶν
813 5086 1016 5142 λοιπῶν
1043 5085 1372 5155 ἀγαλμάτων
1419 5079 1739 5135 αἰτιώτατον
1764 5075 1926 5142 εἶναι,

355 5187 522 5244 αὐτοῦ
545 5189 602 5240 ὲν
628 5187 693 5254 τῇ
713 5185 900 5256 Δάφνῃ
922 5180 1198 5250 κειμένου,
1215 5176 1289 5239 ὡς
1317 5175 1426 5228 τῶν
1456 5173 1593 5226 θεῶν
1619 5174 1708 5224 τὸν
1737 5171 1930 5242 νεκρὸν

357 5281 524 5336 αὐτοῦ
555 5276 1015 5349 βδελυττομένων,
1033 5275 1127 5325 καὶ
1148 5270 1236 5322 διὰ
1261 5267 1419 5320 τοῦτο
1459 5267 1572 5328 τοῖς
1606 5265 1753 5317 ἔθεσι
1783 5263 1931 5331 σφῶν

355 5375 646 5443 ἐπιφοιτᾷν
695 5371 796 5424 οὐκ
853 5365 1216 5437 ἀνεχομένων.
1263 5363 1339 5418 Οὐ
1367 5363 1474 5431 γὰρ
1521 5358 1781 5425 ἠϐούλετο
1831 5357 1932 5428 τὴν

357 5463 734 5536 ἀληθεστάτην
773 5461 954 5514 αἰτίαν
981 5460 1178 5523 εἰπεῖν,
1232 5457 1262 5508 6
1311 5453 1626 5507 παντάπασί
1659 5468 1724 5518 γε
1756 5450 1927 5518 αὐτῆς

354 5555 756 5626 ἀνεπαίσθητος
785 5549 1046 5622 γεγονὼς,
1072 5551 1155 5602 δτι
1181 5547 1245 5617 δὴ
1280 5546 1546 5618 κρείττων
1600 5543 1830 5612 δύναμις
1857 5539 1926 5612 ἦν

2037 4738 2162 4777 cum
2201 4722 2339 4774 facta
2375 4727 2564 4774 essent
2588 4718 2772 4770 omnia
2795 4756 2810 4777 ,
2839 4731 2960 4786 qua:
2994 4715 3061 4769 de
3094 4729 3246 4768 more
3273 4716 3428 4777 fiunt,
3453 4716 3609 4777 dixit,

2039 4812 2292 4881 Bubylam
2342 4824 2465 4864 esse
2515 4808 2842 4877 praecipuam
2885 4821 3103 4860 causam
3131 4804 3332 4860 silentii
3367 4815 3477 4859 tam
3512 4806 3613 4858 hu-

2031 4907 2146 4974 jus,
2188 4917 2348 4970 quam
2378 4901 2710 4968 reliquarum
2743 4897 3067 4967 imaginum,
3109 4911 3232 4950 cum
3275 4896 3322 4948 is
3361 4896 3501 4948 situs
3523 4911 3606 4946 es-

2037 5001 2122 5045 set
2147 4990 2199 5043 in
2230 4990 2454 5056 Daphne
2481 4996 2664 5054 utpote
2688 4987 2830 5054 quod
2854 4987 2927 5039 dii
2949 4985 3068 5055 ejus
3084 4985 3318 5040 cadaver
3342 4985 3609 5039 abhorre-

2034 5094 2178 5148 rent,
2201 5092 2254 5137 ct
2293 5082 2418 5136 ideo
2439 5095 2591 5132 more
2613 5094 2714 5132 suo
2745 5079 2933 5133 venire
2972 5093 3080 5132 non
3117 5076 3610 5132 sustinerent.No-

2037 5177 2186 5231 lebat
2220 5175 2363 5228 enim
2386 5173 2436 5225 ei
2460 5185 2678 5225 causam
2699 5169 2883 5224 dicere
2906 5168 3243 5223 verissimam
3261 5209 3276 5233 ,
3301 5167 3442 5236 quod
3464 5167 3609 5220 scili-

2035 5276 2124 5323 cet
2150 5274 2269 5321 erat
2299 5273 2490 5334 aperte
2509 5262 2684 5328 major
2706 5261 2903 5327 virtus,
2929 5275 3049 5330 qua
3073 5260 3388 5330 alligaverat
3411 5259 3610 5312 daemo-

2037 5375 2168 5415 num
2199 5355 2583 5427 operationes:
2615 5352 2850 5407 maxime
2879 5367 3002 5406 cum
3029 5351 3263 5416 daanion,
3293 5349 3387 5416 qui
3413 5348 3607 5418 agebat

2039 5451 2369 5522 Apollinem,
2419 5446 2470 5500 ei
2505 5452 2696 5515 aperte
2733 5442 3128 5513 respondisset,
3170 5449 3230 5493 ut
3287 5439 3508 5500 dicitur,
3549 5451 3609 5491 se

2036 5559 2146 5598 non
2172 5554 2333 5612 posse
2356 5537 2500 5607 loqui
2527 5545 2751 5606 propter
2770 5532 3044 5602 Babylam.

356 5654 568 5722 σαφῶς,
589 5652 624 5722 ἡ
653 5619 756 5711 τὰς
921 5644 1190 5712 δαιμόνων
1209 5639 1487 5710 ἐνεργείας
1551 5637 1927 5709 πεδησαμίνη,
1987 5637 2161 5698 ἄλλως
2189 5651 2248 5686 τε
2287 5631 2381 5684 καὶ
2407 5628 2501 5682 τοῦ
2533 5626 2784 5722 δαίμονος
2814 5622 3121 5722 ἀἓτῶητοῦ
3149 5623 3240 5675 τὸν
3281 5619 3614 5675 Ἀπόλλωνα’

354 5714 799 5818 ὑποκριναμένου
830 5739 1017 5810 σαφῶς
1054 5734 1375 5808 διαρῥήεην,
1409 5734 1482 5797 ὡς
1513 5733 1753 5800 λέγεται,
1799 5731 2106 5803 εἰρηκότος,
2139 5726 2213 5796 μὴ
2241 5722 2501 5818 δύνασθαι
2522 5719 2718 5818 Δλαλεῖν
2750 5717 2842 5818 διὰ
2868 5714 3136 5818 lia-66).”.

428 5843 554 5899 ΑΒ.
588 5843 646 5897 '0
676 5843 784 5910 γὰρ
808 5839 872 5908 δὴ
903 5834 1150 5896 Βαϐύλας
1177 5827 1332 5896 οὗτος
1383 5829 1600 5897 λέγεται
1623 5826 1923 5888 ἐπίσκοπος

355 5938 457 6004 μὶν
484 5933 737 6001 γενέσθαι
757 5932 852 5997 τῆς
891 5927 1244 5993 ’Δντιοχείαςο
1270 5922 1626 5992 Νουμεριανῴ
1645 5921 1698 5974 δὲ
1735 5917 1810 5986 τῷ
1837 5918 1931 5985 βα-

2094 5817 2312 5878 XXXV.
2334 5816 2432 5871 Hic
2448 5815 2591 5870 enim
2612 5813 2837 5884 Babylas
2851 5810 3051 5866 dicitur
3064 5806 3283 5878 quidem
3301 5803 3323 5859 l‘
3325 5804 3468 5860 uisse
3499 5803 3616 5874 epi-

2041 5927 2240 5982 scopus
2262 5908 2583 5974 Antiochia,
2602 5902 2992 5961 Numerianum
3009 5910 3190 5958 autem
3209 5897 3613 5968 imperatorem,
