4132 6444
433 364 568 448 ιφιδ

1729 378 1900 439 ΠἸἋ
1941 381 2002 441 S.
2038 382 2313 444 ABERCl
2323 382 2370 442 ῐ.

3528 393 3619 456 121
3634 391 3669 454 ι

420 471 797 571 διαχεομένην.
828 474 1070 561 ,χαλεπὸν
1123 478 1185 571 τὲ
1234 481 1465 569 πρᾶγμα
1513 483 1608 537 καὶ
1637 484 1826 550 δεινῶς
1856 487 1970 542 ἆτος

2091 492 2216 552 bus.
2255 508 2381 549 cum
2432 494 2685 566 lacrymis
2718 494 2886 552 Deum
2919 510 3164 554 seorsum
3199 500 3547 571 precabatur,
3577 505 3662 559 di-

422 580 521 615 πον
549 558 920 633 ἡγησάμενκ,
968 566 1064 619 καὶ
1114 563 1204 620 οἶα
1262 562 1404 643 ὑπὲρ
1457 571 1703 641 ἀδελφῶν
1754 575 1988 647 πληγείς

419 652 519 729 τὴν
544 652 743 722 ψυχὴν,
780 655 837 730 ἐν
869 654 1098 727 δάκρυσι
1126 656 1205 723 τῷ
1246 657 1365 728 Θεῷ
1393 664 1710 731 καταμόνας
1741 667 1985 738 προσηύο

419 758 566 811 χετο,
599 741 719 807 Θεέ,
738 741 934 811 λέγων,
958 744 1068 798 τῶν
1090 744 1325 818 αίώνων,
1353 750 1446 800 καὶ
1472 748 1643 823 Κύριε
1668 753 1760 805 τοῦ
1778 752 1985 821 ἐλέους,

417 831 512 885 καὶ
538 832 835 902 δημιουργὲ
887 835 984 888 τοῦ
1018 835 1331 906 σύμπαντος
1361 840 1514 915 τοῦδε
1549 844 1640 895 καὶ
1696 845 1926 914 σννοχεῦ
1967 890 1981 913 ,

413 924 445 1000 ο
484 922 909 992 ἑνανθρωπῆοαι
964 925 1055 978 τὸν
1104 930 1366 1007 μονογενῆ
1396 931 1490 985 σοῦ
1520 933 1691 987 Παῖδα
1739 934 1808 987 δι’
1837 937 1986 1002 ἡμᾶς

416 1011 736 1089 εὐδοκήσας,
764 1015 912 1069 ἔπιδε
949 1018 1044 1070 καὶ
1087 1012 1183 1072 νῦν
1214 1021 1299 1090 ἐφ’
1327 1021 1387 1076 ὃν
1418 1023 1862 1095 ἐδημιούργησας
1895 1029 1984 1082 κό-

417 1120 588 1173 σμον,
629 1106 763 1175 μηδὲ
788 1107 890 1178 τὴν
920 1108 1022 1178 σὴν
1068 1110 1274 1182 ταύτην
1295 1113 1452 1166 πόλιν
1490 1117 1547 1168 ὲν
1651 1135 1719 1187 με
1750 1119 1987 1188 ποιμένα

374 1270 395 1287 Ι
413 1194 523 1246 τῶν
552 1195 659 1248 σῶν
689 1196 815 1250 ἔθου
845 1199 1158 1269 προϐάτων,
1190 1204 1284 1256 καὶ
1310 1198 1380 1275 ἧς
1398 1203 1477 1273 τῷ
1511 1207 1717 1278 ἀναξίῳ
1740 1208 1863 1277 ἐμοὶ
1887 1208 1986 1276 τὴν

412 1287 718 1355 ἰπισκοπήν
737 1288 1096 1363 ἐνεχείρισας,
1135 1295 1536 1367 χειροποιήτοις
1565 1294 1710 1349 οὕτω
1735 1298 1985 1369 περιίδῃς

415 1372 751 1462 βδελύγμασι
784 1381 1227 1451 προσκειμένην
1263 1381 1400 1462 ἀλλά
1433 1384 1527 1435 τοῦ
1562 1385 1985 1450 έπισκοτοῦντος

411 1460 550 1537 αὐτῇ
600 1467 699 1537 τῆς
723 1468 939 1539 ἀπάτης
980 1472 1181 1541 νέφους
1230 1460 1576 1542 ἀπαλλάξας,
1613 1477 1691 1548 τῷ
1726 1478 1804 1547 σῷ
1840 1478 1984 1547 φωτὶ

404 1562 865 1631 -προσοικείωσον,

479 1648 554 1703 B’.
588 1650 773 1705 Ταῦτα
805 1655 900 1707 ἐπὶ
938 1656 1072 1710 πολὺ
1120 1657 1221 1727 τῆς
1256 1658 1469 1728 ἡμέρας
1512 1659 1980 1730 προσευξάμενος,

412 1740 506 1794 καὶ
541 1739 695 1810 ὕπνῳ
743 1744 866 1807 δοὺς
898 1747 1112 1813 ἑαυτὸν,
1146 1750 1250 1819 ὁρᾷ
1299 1751 1518 1803 νεανίαν
1551 1750 1751 1814 ὡραῖόν
1791 1768 1852 1805 τε
1884 1754 1981 1805 καὶ

411 1832 574 1886 καλὸν
593 1833 655 1887 τδ
683 1830 843 1900 εἶδος,
864 1838 1059 1908 ῥάϐδον
1075 1840 1223 1910 αὐτῷ
1249 1840 1643 1913 ἐγχειρίζοντα,
1666 1844 1760 1896 καὶ
1792 1844 1880 1897 Ἐν
1903 1844 1983 1915 τῷ

408 1923 631 1993 ὀνόματί
663 1943 788 2008 μου,
831 1928 1101 2000 ’Ᾱϐἐρκιε,
1126 1931 1375 1999 λέγοντα,
1415 1934 1713 2004 πορεύθητι
1742 1935 1858 2001 νῦν,
1886 1934 1982 1987 καὶ

409 2013 698 2086 σύντριψον
754 2021 820 2089 τῇ
870 2019 1143 2091 βακτηρία
1200 2024 1379 2092 ταύτῃ
1441 2025 1568 2086 τοὺς
1621 2026 1721 2094 τῆς
1772 2025 1983 2096 πλάνης

407 2107 636 2168 αἰτίους.
706 2110 1049 2174 Διυπνισϐεὶς
1112 2109 1229 2177 οὖν,
1297 2116 1393 2167 καὶ
1444 2114 1528 2166 ὃτι
1574 2115 1778 2184 Κύριος
1822 2111 1890 2186 ἦν
1953 2118 1981 2169 ὀ

407 2200 596 2264 φανεὶς
634 2200 782 2270 αὐτῴ
842 2201 1018 2265 καλῶς
1052 2204 1334 2272 ἐννοήσας,
1394 2204 1559 2269 εὐθὺς
1617 2206 1979 2273 διανίσταται,

410 2292 506 2342 καὶ
574 2291 809 2360 θάρσους
891 2295 1255 2364 ἐμπίπλαται,
1343 2298 1439 2350 καὶ
1516 2297 1871 2366 παμμέγεθες
1929 2317 1983 2352 τι

410 2381 569 2446 ξύλον
624 2385 903 2454 ἁρπάσας,
957 2386 1144 2439 ἄπεισι
1195 2389 1377 2442 πνέων
1426 2388 1592 2459 ζήλου
1646 2390 1744 2443 καὶ
1804 2388 1979 2460 ὀργῆς

402 2462 610 2536 ἐκεῖνος
667 2475 818 2546 παρά
860 2479 919 2529 τδ
961 2476 1056 2530 τοῦ
1120 2478 1454 2542 Ἀπόλλωνος
1504 2479 1672 2549 ἱερὸν,
1730 2479 1861 2533 ἔνθα
1917 2480 1976 2532 αἱ

402 2564 655 2619 πλεῖσται
679 2568 902 2621 σπονδαί
934 2585 993 2622 τε
1028 2570 1121 2623 καὶ
1161 2570 1347 2623 θυσίαι
1381 2571 1740 2625 διετελοῦντο.
1767 2567 1879 2624 Ἦν
1909 2571 1968 2624 δι

402 2660 535 2729 περί
562 2676 666 2714 που
712 2661 809 2733 τὴν
844 2663 1042 2734 ἐνάτην
1090 2662 1238 2734 ώραν
1271 2665 1304 2735 ἠ
1336 2664 1454 2730 νὺξ,
1490 2666 1582 2718 καὶ
1616 2668 1684 2736 τῇ
1725 2664 1846 2736 θείᾳ⁴
1874 2682 1975 2719 πει-

400 2748 607 2814 ποιθὼς
636 2754 930 2820 ὲμφανεία,
984 2753 1176 2824 πρῶτα
1208 2753 1310 2822 μὲν
1333 2754 1524 2816 αὑταῖς
1554 2757 1712 2825 χερσὶ
1731 2757 1830 2818 τὰς
1876 2756 1974 2809 τοῦ

400 2841 509 2894 νεώ
541 2840 715 2903 πύλας
755 2840 921 2897 ὠθεῖ·
950 2844 1046 2895 καὶ
1075 2844 1197 2896 ἐπεὶ
1227 2843 1288 2897 αἴ
1328 2861 1389 2896 τε
1418 2844 1625 2905 κλεῖδες
1674 2844 1827 2915 αὑτῷ
1877 2846 1974 2898 καὶ

400 2930 452 2983 οί
500 2930 689 3001 μοχλοὶ
724 2933 1142 3004 συνετρίϐησαν,
1195 2939 1290 2988 καὶ
1316 2937 1374 2988 αἱ
1408 2934 1574 2989 πύλαι
1599 2935 1975 3007 ἀνεπετάσθη-

403 3038 525 3086 σαν,
554 3024 637 3086 είς
668 3026 835 3092 μέσον
850 3026 942 3078 τὸν
969 3026 1095 3079 ναὸν
1117 3026 1452 3096 εἰσδραμὼν,
1482 3027 1546 3080 τὸ
1573 3025 1746 3089 ἑστὼς
1790 3028 1972 3079 ἐκεῖσε

392 3113 499 3168 ’.τοῦ
545 3114 879 3180 Ἀπόλλωνος
920 3117 1140 3172 εἴδωλον
1181 3119 1412 3184 κατέαξε
1442 3135 1502 3172 τε
1531 3123 1624 3173 καὶ
1650 3121 1731 3183 είς
1790 3119 1967 3173 λεπτὰ

2094 599 2268 640 cens:
2301 584 2444 640 Deus
2478 585 2827 651 saeculorum,
2874 597 2931 644 et
2988 589 3214 645 Domine
3246 591 3661 657 misericordiae,

2089 675 2184 744 qui
2215 673 2321 729 hoc
2343 677 2664 733 universum
2694 678 2989 737 fabricatus
3047 682 3100 736 id
3131 683 3417 737 contines:
3453 687 3544 753 qui
3572 700 3665 738 το-

2091 765 2262 830 luisti,
2295 776 2355 821 ut
2383 768 2696 840 unigenitus
2726 780 2854 827 tuus
2880 771 3051 828 Filius
3105 783 3329 844 propter
3363 790 3465 840 nos
3497 774 3662 831 homo

2092 855 2266 921 fieret,
2292 873 2439 913 nunc
2467 874 2686 930 quoque
2715 863 2895 932 aspice
2927 864 3213 927 mundum,
3247 882 3409 935 quem
3440 875 3495 921 ιιι
3531 883 3663 922 con-

2088 946 2317 1004 didisti:
2362 965 2542 1020 neque
2590 953 2732 1008 hanc
2781 963 2930 1009 tuam
2980 956 3278 1024 civitatem,
3315 959 3368 1013 in
3415 973 3521 1027 qua
3575 976 3662 1015 me

2090 1039 2321 1107 posuisti
2375 1056 2648 1111 pastorem
2700 1055 2915 1100 tuarum
2962 1049 3167 1114 ovium,
3214 1059 3271 1104 et
3314 1051 3473 1119 cujus
3524 1052 3661 1107 milii

2089 1128 2314 1200 indigno
2346 1134 2667 1190 commisisti
2701 1137 3096 1208 episcopatum,
3131 1140 3401 1210 despicias
3433 1140 3511 1195 sic
3539 1156 3656 1196 ma-

2088 1219 2326 1277 nufactls
2372 1223 2612 1280 deditam
2653 1228 3195 1286 abominatiouibus:
3249 1231 3345 1287 sed
3377 1247 3473 1286 eos
3522 1232 3661 1289 libe-e

2088 1321 2236 1366 ratos
2282 1330 2310 1368 a
2360 1316 2505 1371 nube
2546 1318 2772 1385 erroris,
2808 1335 2929 1397 quae
2978 1319 3059 1375 cis
3100 1320 3332 1377 offundit
3377 1322 3652 1388 tenebras,

2087 1405 2324 1476 adjunge
2352 1418 2446 1461 tuo
2480 1408 2700 1464 lumini.

2156 1665 2221 1722 ll.
2266 1665 2389 1722 H:ec
2423 1684 2546 1723 cum
2577 1685 2769 1741 magna
2796 1671 2904 1725 diei
2936 1683 3090 1743 parte
3122 1683 3268 1730 esset
3296 1685 3572 1745 precatus,
3596 1688 3654 1733 et

2085 1774 2145 1813 se
2192 1775 2386 1814 somno
2428 1761 2685 1826 dedisset,
2734 1763 2883 1817 videt
2914 1764 3319 1820 adolesccntem
3349 1767 3650 1838 elegantem

2085 1863 2150 1904 ac
2180 1849 2512 1919 speciosum,
2563 1852 2771 1922 virgam
2806 1853 2855 1907 ei
2887 1852 2942 1908 in
2976 1870 3196 1908 manum
3232 1857 3564 1920 tradentem,
3597 1868 3655 1915 et

2083 1937 2357 1993 dicentem
2385 1957 2400 1993 :
2441 1939 2498 1994 ln
2532 1943 2755 1996 nomine
2798 1957 2940 2004 meo,
2974 1944 3191 2008 Aberci,
3223 1960 3371 2000 nunc
3408 1946 3650 2007 ambula,

2080 2038 2136 2085 et
2172 2029 2278 2085 hoc
2309 2031 2504 2085 baculo
2535 2041 2763 2088 contere
2820 2043 3075 2089 auctores
3121 2037 3346 2091 erroris.
3384 2038 3423 2091 Ε
3456 2052 3653 2092 somno

2080 2132 2210 2188 ergo
2249 2121 2541 2182 excitatus,
2582 2136 2708 2176 cum
2748 2133 2896 2177 recte
2966 2124 3323 2179 intellexisset
3363 2126 3650 2180 Dominum

2082 2207 2183 2260 sibi
2215 2209 2554 2277 apparuisse,
2605 2211 2788 2266 statim
2819 2213 3013 2281 surgit,
3044 2223 3100 2267 et
3133 2215 3389 2284 impletur
3426 2214 3649 2280 fiducia,

2082 2306 2138 2352 et
2163 2300 2401 2353 maximo
2431 2301 2579 2372 ligno
2618 2312 2862 2373 arrepto,
2890 2304 3027 2359 abiit
3075 2304 3186 2367 ille,
3226 2306 3399 2360 zelum
3436 2308 3655 2375 spirans

2082 2396 2138 2440 et
2163 2385 2320 2449 iram,
2352 2387 2421 2441 ad
2465 2390 2729 2457 templum
2778 2390 3068 2460 Apollinis,
3124 2392 3214 2445 ubi
3252 2393 3653 2461 peragebantur

2080 2474 2233 2544 plura
2265 2476 2535 2530 sacrificia
2570 2487 2624 2531 et
2651 2477 2934 2536 libamina.
2974 2481 3108 2535 Erat
3156 2491 3339 2536 autem
3372 2482 3517 2537 circa
3550 2496 3643 2536 no-

2078 2580 2204 2618 nam
2229 2563 2417 2619 horam
2442 2569 2646 2623 noctis.
2672 2568 2858 2638 Itaque
2878 2570 3064 2625 divina
3092 2571 3267 2626 fretus
3283 2572 3647 2641 apparitione,

2076 2654 2311 2724 primum
2339 2658 2558 2726 quidem
2579 2660 2712 2728 ipsis
2736 2662 2987 2717 manibus
3011 2663 3189 2732 pulsat
3210 2664 3393 2733 templi
3426 2673 3609 2734 portas
3633 2687 3646 2721 :

2076 2757 2133 2801 et
2160 2763 2285 2803 cum
2337 2750 2518 2804 claves
2548 2760 2603 2806 et
2650 2763 2833 2808 vectes
2861 2754 2932 2807 ab
2978 2770 3047 2809 eo
3092 2764 3281 2810 essent
3313 2755 3561 2816 contriti.
3590 2763 3650 2810 et
3680 2738 3685 2742 ’

2076 2848 2280 2910 apertae
2329 2851 2517 2898 essent
2548 2853 2739 2914 portae,
2792 2847 2847 2899 in
2892 2847 3132 2900 medium
3178 2862 3469 2901 accurrens
3503 2856 3646 2901 tem-

2075 2934 2248 3004 plum,
2276 2934 2563 3004 Apollinis,
2591 2939 2736 3006 quod
2762 2937 2870 2991 illic
2900 2938 3099 3002 stabat,
3131 2939 3485 2993 simulacrum
3507 2954 3645 2993 con-

2076 3024 2237 3095 fregit
2270 3041 2335 3081 ac
2367 3028 2711 3083 comminuit.
2747 3028 2957 3084 Deinde
2985 3030 3090 3083 alia
3141 3043 3361 3098 quoque
3410 3030 3640 3084 aliorum

2077 3117 2300 3172 deorum
2332 3119 2625 3173 simulacra
2654 3119 2871 3183 obiens,
2902 3120 3087 3176 affecit
3117 3122 3390 3176 similiter.
3427 3121 3506 3174 Dii
3543 3136 3644 3175 au-

399 3199 618 3260 διεῖλεν.
681 3204 819 3261 Εἶτα
849 3207 946 3267 καὶ
985 3210 1053 3262 τὰ
1084 3209 1193 3262 τῶν
1237 3211 1412 3264 ἄλλων
1447 3210 1587 3264 θεῶν
1644 3208 1966 3281 περιελθὼν,

2073 3221 2182 3266 tem
2209 3226 2319 3266 non
2346 3226 2406 3265 se
2436 3211 2823 3277 defenderunt,
2850 3222 2906 3267 et
2932 3228 3053 3281 quae
3084 3223 3213 3267 sunt
3240 3214 3403 3268 surda
3437 3219 3496 3266 et
3527 3215 3645 3266 ina-

397 3296 594 3367 ἐπίσης
632 3296 871 3366 διέθηκε.
908 3299 1017 3350 Καὶ
1047 3300 1096 3351 οἱ
1125 3299 1239 3352 θεοὶ
1282 3300 1382 3352 οὐκ
1437 3299 1739 3369 ἠμύναντο,
1772 3301 1868 3352 καὶ
1900 3299 1968 3352 τὰ

395 3389 554 3471 κωφὰ
577 3391 669 3443 καὶ
699 3390 929 3459 μάταια,
958 3393 1112 3459 κωφά
1143 3391 1286 3445 οὕτω
1311 3394 1405 3446 καὶ
1438 3393 1628 3460 ἄφωνα
1652 3388 1720 3463 ἦν
1739 3408 1754 3423 ·
1786 3392 1969 3461 φωνὴν

400 3483 664 3552 μεγίστην
701 3481 811 3533 ἀπὸ
850 3482 961 3534 τῶν
1011 3482 1194 3553 ἔργων
1221 3483 1476 3550 ἀφιέντα,
1510 3484 1594 3535 ὅτι
1657 3482 1969 3552 μεμήνασιν

394 3568 672 3641 ἄνθρωποι
731 3574 999 3638 τοιούτοις
1048 3571 1169 3631 οὖσι
1213 3578 1598 3643 προσέχοντες,
1666 3575 1762 3625 καὶ
1811 3574 1966 3635 θεοὺς

394 3666 595 3728 αὐτοὺς
626 3665 1006 3736 ὀνομάζοντες,
1050 3669 1144 3719 καὶ
1190 3668 1271 3719 ὅτι
1312 3664 1489 3718 ταῦτα
1534 3664 1572 3718 ἃ.
1611 3662 1810 3731 πάσχει
1845 3660 1965 3729 νῦν,

389 3754 614 3816 δικαίως
641 3756 827 3811 ἐκεῖνα
855 3756 1053 3824 πάσχει
1100 3756 1197 3808 καὶ
1228 3754 1351 3808 λίαν
1398 3752 1727 3814 ὲπαινετῶς.

472 3847 552 3899 Γ’.
605 3844 673 3900 Oi
712 3848 893 3916 μέντοι
928 3846 1263 3916 θεραπευταὶ
1300 3847 1408 3899 τῶν
1439 3844 1578 3898 θεῶν
1608 3845 1704 3897 καὶ
1749 3843 1844 3897 τοῦ
1860 3844 1965 3897 νεὼ

391 3938 686 4010 ὑπηρέται,
712 3940 781 3991 τὰ
804 3937 1148 4006 γεγενημένα
1168 3935 1342 3989 ταῦτα
1368 3937 1513 3990 κατά
1542 3935 1741 4006 πολλὴν
1756 3937 1963 4006 τόλμαν

378 4029 616 4093 αίόόντες,
652 4029 842 4098 μεστοὶ
886 4028 1204 4097 ἐκπλήξεως
1264 4029 1359 4080 καὶ
1404 4027 1642 4097 ἀπορίας
1685 4027 1963 4099 εἱστήκει-

391 4137 516 4176 σαν.
576 4121 639 4174 ’0
685 4121 764 4185 δὲ,
794 4119 930 4191 πρὸς
992 4120 1190 4181 αὐτοὺς
1240 4120 1621 4188 ἐπιστραφεὶς,
1698 4118 1840 4189 ὀργῇ
1902 4136 1963 4172 τε

387 4212 574 4283 δικαίᾳ
604 4212 633 4264 ὁ
661 4210 868 4273 δίκαιος
893 4209 1124 4275 ἀπιδὼν,
1152 4210 1367 4275 Ἀπιτε,
1400 4209 1557 4278 φησὶ,
1581 4210 1646 4278 τῇ
1682 4207 1844 4279 βουλῇ
1870 4209 1964 4262 καὶ

385 4302 470 4373 τῷ
499 4303 660 4374 δήμῳ
686 4303 853 4355 παντὶ
900 4299 1298 4368 ἀπαγγείλατε,
1350 4300 1426 4361 ὡς
1467 4301 1518 4351 oi
1549 4300 1663 4355 θεοὶ.
1706 4300 1859 4369 ὑμῶν
1891 4303 1957 4371 τῇ

387 4393 761 4465 παρατεθείση
793 4392 920 4462 χθὲς
949 4391 1134 4453 αὐτοῖς
1187 4389 1389 4459 εὐωχίᾳ
1441 4390 1539 4443 καὶ
1590 4389 1739 4460 αὐτῷ
1790 4388 1963 4460 κώμῳ

2072 3303 2184 3367 nia,
2213 3305 2292 3357 sic
2334 3312 2494 3357 erant
2519 3302 2681 3372 plane
2727 3303 2890 3357 surda
2931 3312 2988 3358 et
3029 3314 3199 3367 muta,
3234 3318 3425 3358 vocem
3458 3312 3643 3358 tamen

2073 3395 2366 3449 maximam
2400 3394 2577 3449 .rebus
2611 3394 2745 3463 ipsis
2773 3395 3103 3460 emittentia,
3136 3395 3361 3450 insanos
3385 3408 3508 3450 esse
3542 3397 3642 3449 lio-

2069 3486 2267 3549 mines,
2301 3482 2395 3552 qui
2443 3498 2541 3538 eos
2577 3485 2783 3547 colunt,
2813 3493 2870 3538 et
2916 3484 3048 3539 deos
3077 3485 3402 3540 nominant:
3434 3495 3490 3540 et
3519 3501 3642 3554 qua

2069 3589 2219 3629 nunc
2251 3573 2555 3642 patiuntur,
2605 3573 2694 3627 illa
2746 3574 2964 3643 quidem
3013 3575 3161 3644 juste
3207 3574 3343 3643 pati,
3386 3583 3443 3629 ct
3484 3575 3642 3629 valde

2068 3666 2438 3721 laudabiliter.

2137 3841 2224 3896 ΙΙΙ.
2268 3840 2502 3896 Deerum
2534 3850 2716 3895 autem
2759 3841 3022 3907 cultores,
3054 3851 3109 3897 et
3156 3842 3342 3912 templi
3374 3840 3639 3907 ministri,

2065 3949 2189 3989 cum
2216 3934 2335 3989 haec
2356 3948 2549 4003 magna
2573 3932 2801 3987 audacia
2828 3932 2975 3987 facta
3010 3948 3131 3988 esse
3161 3933 3452 4006 vidissent,
3479 3944 3639 3990 erant

2066 4026 2214 4095 pleni
2236 4035 2458 4093 stupore
2481 4034 2539 4080 et
2565 4022 2923 4080 dubitatione.
2948 4022 2998 4078 ls
3030 4039 3158 4079 vero
3186 4024 3254 4078 ad
3276 4039 3374 4079 eos
3404 4040 3641 4081 conver-

2064 4132 2181 4181 sus,
2208 4126 2264 4171 ct
2280 4118 2428 4187 justa
2461 4130 2585 4170 cum
2606 4116 2708 4180 ira,
2737 4114 2917 4185 justus
2947 4115 3202 4169 intuens:
3229 4116 3409 4180 Abite,
3440 4118 3636 4185 inquit,

2063 4208 2131 4264 ad
2153 4218 2425 4270 senatum.
2444 4219 2500 4263 et
2523 4207 2623 4263 toti
2647 4208 2849 4279 populo
2870 4210 3201 4273 renuntiate,
3219 4209 3361 4277 quod
3378 4208 3452 4262 dii
3473 4208 3637 4263 vestri

2067 4301 2326 4356 hesterno
2358 4299 2617 4355 inebriati
2648 4300 2901 4355 convivio
2932 4311 2989 4356 et
3018 4302 3438 4367 comessationc,
3465 4318 3525 4357 se
3554 4302 3664 4356 iit-'-

2066 4389 2238 4445 vicem
2269 4389 2673 4453 contriverunt,
2714 4400 2768 4443 et
2814 4389 2897 4444 sic
2944 4390 3004 4444 in
3061 4398 3261 4445 terram
3294 4390 3636 4459 deiecerunt.

389 4482 754 4554 μεθύσαντες,
772 4479 1103 4551 συνέτριψαν
1130 4497 1189 4533 τε
1219 4481 1510 4550 ἀλλήλους,
1532 4481 1628 4532 καὶ
1659 4482 1739 4544 εἰς
1763 4480 1960 4548 ἔδαφος

2073 4478 2178 4534 Sed
2210 4495 2330 4544 vos,
2361 4481 2403 4533 si
2433 4480 2563 4549 quid
2594 4480 2667 4534 sit
2691 4481 2746 4535 in
2779 4481 2931 4536 vobis
2961 4496 3181 4544 sensus,
3215 4481 3494 4537 confracta
3522 4482 3640 4538 lurc

384 4575 531 4635 οὕτω
559 4574 939 4628 κατέσπασαν.
988 4572 1131 4625 Ἀλλ’
1160 4573 1341 4642 ὑμεῖς,
1376 4573 1430 4626 εῐ
1472 4589 1536 4639 γε
1566 4571 1631 4643 δὴ
1669 4573 1764 4625 καὶ
1800 4571 1957 4640 ὀλίγα

386 4666 601 4736 φρενῶν
656 4665 937 4735 μετέχετε,
988 4664 1058 4717 τά
1110 4665 1496 4734 συντρίμματα
1548 4663 1658 4717 τῶν
1721 4662 1957 4716 εἰδώλων

382 4757 555 4810 ταῦτα
597 4756 813 4824 καμίνῳ
860 4755 1131 4827 παράδοτε
1192 4756 1287 4806 καὶ
1324 4754 1477 4823 πυρί.
1526 4754 1677 4823 Τάχα
1711 4755 1822 4824 γὰρ
1891 4755 1957 4807 ἀν

382 4850 558 4912 οὕτως
605 4853 734 4921 ὑμῖν
764 4852 812 4903 οἱ
858 4849 970 4904 θεοὶ
1009 4851 1274 4920 χρήσιμοί
1299 4864 1399 4900 που
1432 4847 1673 4916 ὀρθεῖεν,
1715 4849 1805 4901 διὰ.
1856 4845 1974 4918 τῆς⁰

380 4942 675 5004 ἀσϐέστου,
699 4942 863 5012 φημὶ,
891 4941 993 5010 τῆς
1023 4940 1083 5004 ἐξ
1110 4939 1288 4992 αὐτῶν
1311 4939 1537 4991 ἐκείνων
1558 4939 1953 5009 γενησομένης.

380 5034 569 5088 Ταῦτα
590 5034 805 5105 πράξας
834 5032 1115 5103 Ἀϐέρκιος
1138 5029 1233 5084 καὶ
1254 5027 1446 5093 εἰπὼν,
1467 5029 1648 5082 οίκαδε
1690 5029 1954 5097 ἐπανῆκε,

383 5125 638 5195 καθάπερ
688 5140 773 5187 τις
819 5122 1077 5192 ἀριστεὺς
1133 5120 1347 5183 κοινοὺς
1381 5118 1584 5172 ἀνελὼν
1635 5119 1952 5189 πολεμίους,

380 5214 594 5268 πολλῶν
624 5214 792 5276 ὅντως
821 5211 1008 5282 ψυχῶν
1039 5208 1311 5271 ἀπωλείας
1338 5208 1569 5270 αἰτίους.
1606 5205 1955 5261 Ἐπανελθὼν

379 5306 440 5369 δὲ
471 5305 598 5367 τοὺς
632 5304 773 5375 πρὸς
844 5302 1010 5356 αὑτὸν
1047 5300 1377 5373 συρρέοντας
1424 5296 1713 5362 ἐδίδασκεν,
1758 5296 1954 5368 ὄχλους

379 5397 696 5463 θεοσεϐείας
748 5393 985 5463 ἀληθοῦς
1041 5390 1285 5463 ἔχεσθαι,
1341 5389 1437 5443 καὶ
1500 5389 1618 5458 βίου
1675 5390 1954 5467 σώφρονος

379 5486 784 5557 ἐπιμελεῖσθαι.
824 5483 962 5535 Ὑπὸ
982 5482 1040 5535 δὲ
1074 5482 1174 5548 τὴν
1206 5479 1373 5550 αὐτὴν
1397 5480 1590 5548 νύκτα,
1622 5481 1762 5535 οἵτε
1793 5482 1951 5535 θύται

379 5581 478 5635 καὶ
520 5579 574 5631 oi
604 5575 867 5646 νεωκόροι
897 5572 1159 5639 προσίασι
1195 5575 1262 5643 τῇ
1308 5571 1493 5643 βουλῇ,
1550 5573 1647 5626 καὶ
1698 5588 1952 5642 προσαγ.

379 5670 633 5740 γέλλουσι
656 5668 755 5736 μὲν
787 5665 1094 5735 Ἀϐἐρκιον.
1117 5663 1534 5717 ἀναδιδάσκουσι
1564 5663 1620 5717 δὲ
1637 5664 1706 5717 τὰ
1727 5681 1954 5735 γεγενη-

387 5761 547 5831 μένα,
576 5761 668 5813 καὶ
692 5757 807 5828 ἅμα
833 5755 973 5825 φωτὶ
997 5754 1152 5836 λύγος
1177 5753 1338 5819 εὐθὺς
1360 5754 1448 5809 διὰ
1465 5755 1697 5827 ,πάντων
1729 5755 1948 5827 ἐχώρει,

2066 4571 2355 4627 simulacra
2402 4571 2625 4625 camino
2662 4572 2918 4625 mandate
2962 4581 3020 4625 et
3069 4572 3201 4641 igni.
3252 4572 3345 4627 Sic
3377 4573 3523 4626 enim
3560 4573 3634 4627 dil

2062 4665 2226 4720 vestri
2250 4663 2403 4718 vobis
2422 4662 2560 4716 forte
2582 4661 2786 4716 fuerint
2811 4661 2988 4724 utiles,
3020 4676 3120 4730 per
3142 4661 3366 4725 calcem,
3390 4660 3633 4732 inquam,

2062 4770 2183 4827 quas
2234 4764 2316 4810 est
2369 4769 2434 4808 ex
2473 4753 2580 4807 illis
2624 4752 2894 4807 facienda.
2953 4750 3081 4805 Haec
3129 4766 3252 4806 cum
3311 4751 3532 4806 iecisset
3579 4763 3635 4808 et

2063 4848 2293 4902 dixisset
2324 4845 2610 4908 Abercius,
2640 4842 2867 4898 domum
2902 4843 3088 4904 rediit,
3121 4852 3376 4912 tanquam
3405 4845 3485 4896 vir
3521 4843 3635 4898 for-

2064 4940 2328 5003 tissimus,
2358 4937 2471 4992 suis
2495 4934 2793 5006 peremptis
2824 4932 3094 4997 hostibus,
3125 4933 3216 5003 qui
3251 4941 3412 4987 erant
3442 4948 3629 4987 revera

2062 5037 2314 5084 auctores
2342 5026 2495 5082 exitii
2532 5025 2825 5080 multarum
2862 5024 3191 5077 animarum.
3218 5022 3496 5078 Reversus
3529 5040 3630 5078 au-

2064 5132 2171 5197 tem
2202 5120 2435 5175 docebat
2468 5118 2895 5182 multitudinem,
2931 5134 3050 5187 qua:
3080 5117 3147 5171 ad
3184 5119 3359 5187 ipsum
3397 5116 3631 5171 conflue-

2060 5218 2173 5282 bat,
2208 5231 2388 5273 veram
2420 5214 2573 5284 sequi
2608 5214 2947 5285 religionem,
2978 5221 3031 5266 el
3061 5212 3356 5267 moderatae
3384 5211 3506 5265 vitae
3533 5227 3629 5265 cu-

2062 5324 2175 5363 ram
2209 5322 2421 5377 gerere.
2452 5305 2565 5359 Sub
2614 5304 2786 5373 ipsam
2816 5312 3054 5366 noctem,
3093 5303 3324 5358 sacriﬁci
3358 5314 3412 5357 et
3444 5302 3627 5357 arditui

2060 5397 2329 5453 accedunt
2370 5394 2438 5450 ad
2470 5403 2747 5456 senatum,
2785 5400 2841 5446 et
2887 5391 3143 5446 deferunt
3195 5391 3413 5461 quidem
3456 5391 3628 5445 Aber-

2060 5490 2231 5553 cium,
2284 5488 2481 5542 docent
2511 5496 2690 5540 autem
2728 5501 2814 5548 ea,
2847 5500 2969 5556 qua:
2999 5483 3139 5537 facta
3167 5483 3409 5537 fuerant.
3444 5481 3627 5550 Itaque

2059 5594 2181 5634 cum
2203 5576 2440 5647 primum
2470 5574 2667 5641 illuxit,
2699 5573 2839 5629 fama
2868 5589 2964 5644 per
2987 5587 3178 5626 omnes
3205 5570 3462 5642 pervasit,
3482 5571 3627 5639 quod

2060 5683 2290 5740 magnus
2320 5668 2540 5738 quidem
2591 5666 2860 5722 Abcrcius
2890 5666 2943 5721 in
2977 5678 3233 5736 magnum
3269 5677 3513 5719 errorem
3541 5663 3628 5718 in-

2059 5760 2303 5828 cidissct,
2337 5759 2391 5814 in
2432 5759 2564 5815 deos
2597 5765 2782 5814 autem
2820 5754 3231 5823 insurrexisset,
3278 5762 3336 5810 et
3387 5752 3532 5825 quod
3559 5769 3627 5837 ea
