4132 6446
518 338 660 409 1215

1815 311 2105 383 MENSIS
2139 310 2513 379 OCTOBEH.

3665 322 3806 387 1216

508 458 577 509 de
627 466 795 509 causa
850 466 961 507 non
1015 449 1192 508 solum
1246 445 1354 505 diis
1399 452 1457 500 et
1508 438 1962 512 imperatoribus,
2013 432 2108 488 sed

2216 432 2292 494 ὡς
2328 433 2542 506 μεγάλῃ
2574 436 2683 504 μὲν,
2720 433 3023 509 ’Λϐἐρκιοςι
3054 438 3347 510 περιπέσοι
3398 436 3597 513 πλάνῃ,
3659 459 3802 495 κατ-

511 549 679 602 ctiam
715 545 915 615 populo
943 554 997 598 et
1022 543 1292 597 universa:
1321 538 1535 595 civitati
1559 536 1786 593 deberet
1817 531 1949 586 dare
1976 544 2095 599 pas-

515 657 638 694 nas.
674 637 915 705 Pmperc
964 650 1094 703 ergo
1125 647 1316 689 omnes
1369 629 1721 699 intemplum
1759 620 2096 694 congregati,

462 748 467 753 ί
512 732 658 789 inter
690 745 750 783 se
779 726 1162 796 disceptabant
1191 733 1248 779 et
1280 724 1349 779 de
1390 737 1456 776 eo
1486 710 1993 781 communicabant.
2030 712 2100 766 Et

511 824 605 887 qui
642 829 800 875 erant
828 818 1051 887 quidem
1082 814 1242 886 primi
1293 831 1361 869 ex
1407 813 1642 876 civibus,
1680 818 1735 863 et
1787 808 1946 877 longe
1978 804 2100 859 aliis

511 911 949 973 :mteccllebaut,
999 908 1359 964 consulebant
1392 907 1613 959 mittere
1664 900 1957 955 ministros.
1996 914 2100 968 pu-

514 1007 710 1070 blicos,
743 1014 801 1057 et
855 1002 1147 1057 Altercimn
1203 1000 1497 1059 adducere.
1532 996 1873 1051 redditurum
1928 991 2100 1046 ratio.

516 1114 664 1161 nem,
700 1111 937 1166 quanam
966 1094 1033 1148 de
1062 1109 1226 1148 causa
1264 1091 1383 1145 lucc
1417 1091 1490 1145 sit
1525 1104 1715 1151 ausus,
1749 1098 1798 1143 et
1832 1100 2098 1153 quosnam

515 1190 731 1252 habeat,
765 1189 861 1256 qui
892 1187 943 1240 ei
1007 1200 1167 1261 opem
1218 1183 1416 1241 ferant.
1450 1183 1641 1248 Neque
1674 1189 1757 1233 est
1785 1179 1955 1240 enim,
1985 1178 2101 1229 aie-

515 1281 668 1345 bmt,
724 1277 1048 1340 verisimile,
1103 1291 1252 1339 eum,
1301 1274 1391 1344 qui
1445 1273 1567 1326 talia
1612 1270 1949 1341 aggreditur,
1994 1283 2103 1327 non

516 1372 702 1440 plures
747 1370 951 1424 habere
1000 1369 1301 1437 adjutores.
1350 1364 1486 1419 Cum
1535 1378 1664 1431 ergo
1711 1363 1836 1416 illos
1888 1373 2106 1429 quoque

517 1464 1132 1534 comprehenderimus,
1197 1461 1411 1515 vinctos
1461 1459 1627 1513 simul
1688 1472 1814 1512 eum
1870 1454 2105 1509 Abercio

518 1558 801 1610 mittemus
845 1556 910 1608 ad
963 1553 1276 1624 praesidem,
1329 1563 1389 1606 ut
1429 1551 1653 1605 meritas
1705 1550 1861 1603 luant
1916 1561 2106 1616 poenas

517 1661 633 1707 suae
658 1646 713 1700 in
753 1646 891 1701 deos
925 1645 1076 1715 ipsos
1107 1643 1323 1715 injuriae
1368 1653 1424 1698 et
1459 1644 1514 1697 in
1547 1645 1925 1712 imperatures.

591 1910 680 1966 IV.
720 1913 900 1980 Atque
955 1912 1033 1969 iis.
1074 1912 1318 1981 quidem,
1357 1914 1451 1982 qui
1501 1915 1719 1970 caeteris
1771 1917 2108 1985 praestabant

519 2003 836 2069 prudentia,
873 2004 1013 2059 sicut
1056 2004 1317 2068 diximus,
1356 2005 1648 2065 videbatur
1679 2007 1781 2061 boc
1816 2009 2103 2076 expedire,

519 2104 600 2151 et.
629 2091 742 2152 Sic.
773 2094 1017 2158 aiebant,
1043 2094 1148 2147 erit
1182 2095 1347 2149 nobis
1364 2094 1696 2150 faciendum.
1735 2095 1977 2166 Populus
2008 2112 2109 2151 au-

522 2192 633 2247 tem
665 2199 787 2238 rum
811 2184 1041 2240 vidisset
1072 2201 1266 2241 nianus
1298 2196 1350 2240 et
1379 2187 1570 2255 pedes,
1602 2193 1657 2243 et
1681 2187 1908 2242 deorum
1938 2188 2111 2244 facies

521 2275 673 2329 humi
711 2277 1011 2346 proiectas,
1051 2286 1108 2333 et
1152 2278 1309 2333 valde
1343 2288 1655 2335 commotus
1687 2289 1861 2344 esset,
1892 2296 2106 2344 amens,

516 2364 721 2421 dixerit
749 2368 1044 2435 quispiam,
1079 2384 1180 2436 pro
1205 2369 1544 2432 amentibus,
1568 2370 1731 2440 lignis
1754 2379 1810 2425 et
1837 2371 2112 2439 lapidibus

518 2456 791 2523 correptis
825 2456 969 2527 (talis
1014 2458 1163 2513 enim
1192 2460 1564 2514 est’universa
1610 2460 1794 2526 turba,
1849 2462 1917 2515 ad
1969 2462 2110 2524 ham

520 2557 816 2613 commota,
881 2557 938 2602 et
1002 2550 1076 2604 ita
1145 2551 1351 2621 impetu
1411 2560 1572 2606 utens
1624 2553 2107 2621 inconsiderato):

523 2639 746 2705 Eamus,
780 2640 924 2696 inter
966 2658 1025 2697 se
1058 2643 1297 2698 invicem
1331 2646 1667 2710 clamabant,
1714 2663 1927 2711 eamus,
1983 2646 2111 2714 inji-

519 2732 735 2787 ciamus
761 2733 941 2804 ignem
971 2736 1024 2789 in
1053 2737 1175 2804 ejus
1199 2737 1446 2797 domum.
1475 2748 1531 2792 et
1557 2754 1676 2792 eam
1702 2739 2109 2808 quamprimum

522 2824 915 2887 accendamus.
957 2836 1013 2880 ut
1048 2843 1160 2881 non
1200 2827 1293 2882 ille
1321 2829 1519 2891 solum,
1552 2832 1646 2885 sed
1674 2831 1839 2884 etiam
1873 2831 2110 2900 quicun-

519 2930 629 2981 que
655 2932 781 2971 cum
810 2932 877 2972 eo
907 2919 1136 2984 habitat,
1171 2932 1230 2975 et
1259 2937 1383 2975 cum
1415 2938 1482 2976 eo
1510 2923 1702 2985 sentit,
1734 2924 1873 2978 male
1899 2930 2108 2993 pereat.

523 3009 973 3065 Senatusautem
1007 3014 1231 3077 timens,
1264 3029 1353 3077 ne,
1402 3015 1446 3068 si
1497 3023 1701 3070 exusta:
1744 3025 1933 3070 essent
1962 3017 2109 3071 aedes

2209 525 2478 595 επαρθείη
2510 526 2566 580 δὲ
2600 526 2708 581 τῶν
2763 526 2925 593 θεῶν,
2956 528 3250 584 κάντεῦθεν
3284 529 3384 601 οὐχ
3431 531 3574 595 ὅπως
3629 533 3806 597 αὐτὴν

2200 616 2315 678 τοῖς
2348 614 2493 679 θεοῖς
2519 618 2611 669 καὶ
2639 620 2752 680 τοῖς
2781 618 3183 689 αὐτοκράτορσι
3218 622 3402 690 μόνον,
3433 620 3563 674 ἀλλά
3584 624 3689 676 καὶ
3722 622 3806 691 τῷ

2200 706 2357 778 δήμῳ
2403 711 2492 761 καὶ
2518 713 2582 781 τῇ
2635 710 2790 763 πόλει
2846 712 2998 784 πάσῃ
3050 711 3227 783 δίκας,
3258 713 3521 781 ὀφείλειν.
3574 713 3803 783 Σπουδῇ

2200 797 2381 851 τοίνυν
2412 799 2615 863 πάντες
2647 802 2739 855 ἐπὶ
2791 801 2885 855 τὸν
2913 802 3040 857 ναὸν
3092 803 3505 871 ἀθροισθέντες,
3560 805 3808 867 ὲσκέποτι

2202 890 2264 943 τό
2300 908 2381 956 τε,
2420 893 2516 944 καὶ
2555 893 2810 965 ἀλλήλοις
2844 897 2978 966 περὶ
3007 895 3102 948 τοῦ
3141 895 3331 965 ἀνδρὸς
3365 896 3703 949 ἑκοινοίντο.
3740 896 3807 947 0i

2207 980 2306 1048 μὲν
2343 980 2436 1036 οὖν
2470 982 2715 1051 βελτίους
2745 985 2857 1038 τῶν
2895 985 3137 1045 πολιτῶν
3171 986 3270 1039 καὶ
3313 987 3446 1038 πολὺ
3474 986 3584 1039 τῶν
3615 985 3807 1038 ἄλλων

2222 1074 2596 1141 διενεγκόντες
2622 1076 2749 1140 τοὺς
2778 1077 3076 1146 δημοσίους
3102 1076 3490 1135 συνεϐούλευον
3514 1077 3808 1145 ὑπηρέτας

2213 1168 2423 1238 ῖέμψαι
2453 1170 2549 1223 καὶ
2583 1168 2675 1223 τὸν
2723 1169 3012 1238 Ἀϐἐρκιον
3045 1171 3300 1239 ἀγαγεῖν,
3337 1169 3608 1236 ὑφέξοντα
3637 1168 3809 1235 λόγον

2205 1260 2330 1312 ὅτου
2352 1260 2513 1329 χάριν
2544 1260 2773 1313 τοιαῦτα
2804 1260 3099 1329 τολμήσαι,
3148 1260 3245 1313 uati.
3277 1260 3429 1327 τίνας
3475 1259 3631 1329 αὐτῷ
3675 1260 3809 1322 τοὺς

2209 1352 2626 1422 συναραμένους
2682 1351 2834 1422 ἔχοι*
2869 1353 2991 1406 οὐδὲ
3048 1353 3159 1422 γάρ
3218 1356 3337 1405 ἐστι
3379 1353 3492 1405 τῶν
3540 1352 3808 1415 εἰκότων,

2208 1444 2363 1512 φασὶ,
2395 1444 2736 1514 τηλικούτοις
2794 1443 3211 1516 ἐπιχειροῦντα,
3270 1446 3345 1512 μὴ
3399 1444 3496 1498 καὶ
3544 1444 3811 1507 πλείονας

2208 1536 2353 1607 ἔχειν
2378 1538 2508 1600 τοὺς
2548 1536 2871 1607 συνεργούς.
2910 1537 3221 1600 Κάκείνους
3258 1536 3354 1592 οὖν
3396 1539 3809 1607 κατασχόντες,

2210 1629 2466 1699 δεσμίους
2512 1629 2589 1699 τῷ
2626 1631 2860 1697 ἡγεμόνι
2897 1629 2995 1681 σὺν
3045 1628 3319 1700 Ἀϐερκίῳ
3361 1629 3808 1698 ἀποστελοῦμεν,

2213 1723 2361 1785 ὅπως
2385 1721 2543 1786 ἀξίαν
2574 1739 2641 1789 γε
2674 1722 2808 1774 δῶσι
2839 1724 2934 1791 τὴν
2952 1721 3133 1793 δίκην,
3164 1717 3240 1775 ὧν
3273 1723 3354 1785 ei;
3383 1739 3444 1775 τε
3484 1723 3615 1786 τοὺς
3654 1723 3813 1786 θεοὺς

2214 1814 2412 1873 αὐτοὺς
2441 1816 2535 1866 καὶ
2560 1815 2687 1876 τοὺς
2717 1813 3133 1883 αὐτοκράτορας
3173 1814 3427 1884 ὕϐρισαν.

2282 1904 2356 1958 Δ’.
2388 1905 2513 1967 Τοῖς
2549 1903 2651 1973 μὲν
2685 1903 2779 1957 οὖν
2813 1906 3029 1957 συνέσει
3052 1904 3162 1956 τῶν
3196 1904 3421 1971 πολλῶν
3445 1903 3815 1974 διαφέρουσιν

2210 1993 2400 2064 ὥσπερ
2423 1995 2657 2064 ἔφημεν,
2682 1994 2840 2049 τοῦτο
2869 1995 3170 2048 λυσιτελεῖν
3214 1997 3391 2049 ἐδόκει
3415 2010 3428 2025 ο
3472 1998 3570 2049 καὶ
3592 2035 3609 2059 ,
3650 1996 3815 2053 Οὕτω

2211 2086 2443 2157 ποιητέα
2466 2089 2620 2155 ἡμῖν,
2655 2086 2889 2155 ἔφασαν,
2923 2086 3100 2141 ἔσται.
3166 2087 3225 2140 ’0
3261 2090 3317 2141 δὲ
3359 2088 3557 2158 δῆμος,
3608 2089 3712 2151 τάς
3753 2105 3811 2145 τε

2211 2185 2402 2252 χεῖρας
2442 2185 2539 2235 καὶ
2582 2182 2710 2244 τοὺς
2741 2182 2909 2244 πόδας
2945 2187 3038 2235 καὶ
3089 2182 3159 2234 τὰ
3194 2182 3471 2252 πρόσωπα
3501 2181 3618 2234 τῶν
3668 2181 3811 2234 θεῶν

2211 2274 2529 2346 ἐρριμμένα
2572 2274 2715 2331 κατὰ
2767 2274 2870 2343 γῆς
2906 2275 3264 2344 θεασάμενοι,
3307 2274 3517 2342 σφόδρα
3546 2291 3612 2327 τε
3658 2291 3813 2344 κινη-

2213 2365 2421 2431 θέντες,
2438 2365 2676 2437 ἀνόητοι,
2704 2365 2838 2438 φαίη
2858 2383 2964 2432 τις,
2993 2367 3133 2436 ὑπὲρ
3156 2366 3422 2437 ἀνοήτων,
3444 2365 3699 2430 καὶξύλα
3720 2364 3810 2419 καὶ

2213 2455 2398 2518 λίθους
2441 2456 2796 2525 ἁρπάσαντες
2849 2455 3119 2525 (τοιοῦτον
3170 2457 3280 2525 γάρ
3316 2455 3475 2526 ὄχλος
3524 2454 3684 2519 ἅπαξ
3728 2455 3809 2517 είς

2211 2547 2385 2617 ὀργὴν
2410 2546 2683 2617 κινηθεὶς,
2714 2548 2810 2600 καὶ
2835 2545 3009 2603 οὕτως
3027 2548 3302 2616 ἀλογίστῳ
3321 2550 3388 2616 τῇ
3410 2549 3554 2618 όρμῇ
3583 2544 3808 2617 χρώμε-

2212 2638 2348 2706 νος),
2414 2638 2639 2708 Ἴωμεν,
2685 2640 2823 2709 πρὸς
2883 2639 3152 2709 ἀλλήλους
3182 2640 3376 2705 ἐϐόων,
3431 2640 3638 2708 imper
3700 2636 3810 2705 πῦρ

2213 2733 2355 2783 κατὰ
2395 2731 2495 2797 τῆς
2546 2729 2714 2784 αὐτοῦ
2768 2730 3025 2801 βάλωμεν
3081 2729 3283 2803 οἰκίας,
3319 2731 3413 2784 καὶ
3464 2729 3683 2800 ταύτην
3727 2729 3807 2789 ὅτι

2212 2824 2377 2892 τάχος
2434 2821 2756 2892 ἁνάψωμεν,
2797 2823 2875 2884 ὡς
2931 2821 3004 2876 ἂν
3056 2821 3131 2893 μὴ
3183 2824 3389 2884 ἐκεῖνος
3424 2822 3618 2891 μόνον,
3674 2818 3808 2874 ἀλλὰ

2213 2917 2307 2968 καὶ
2348 2916 2453 2977 πᾶς
2483 2915 2635 2976 ὅστις
2687 2914 2942 2976 σύνοικος
2993 2913 3146 2983 αὑτῷ
3196 2913 3292 2967 καὶ
3321 2915 3586 2984 όμόφρων
3623 2911 3805 2973 κακῶς

2212 3008 2548 3065 ἀπόλωνται.
2580 3008 2657 3065 Ἠ.
2675 3009 2859 3074 μέντοι
2886 3005 3077 3077 βουλὴ,
3102 3006 3329 3067 δείσασα
3356 3005 3453 3075 μὴ,
3476 3007 3577 3073 τῆς
3624 3003 3807 3074 ’Δϐερ-

520 3100 762 3163 Abercii,
784 3102 932 3157 ardes
963 3120 1184 3173 quoque
1217 3106 1526 3162 vicinorum
1554 3116 1608 3160 et
1642 3108 1940 3161 multorum
1972 3109 2108 3162 nulli

2221 3102 2342 3155 κίου
2387 3102 2564 3164 οἰκίας
2597 3099 3042 3170 ἐμπρησθείσης,
3079 3101 3139 3152 αῖ
3176 3116 3237 3155 τε
3268 3100 3375 3152 τῶν
3401 3100 3669 3168 γειτόνων
3713 3100 3807 3151 καὶ

521 3193 699 3263 eulpae
723 3194 993 3257 aliinium,
1033 3198 1159 3251 mali
1195 3214 1418 3270 quoque
1449 3200 1612 3254 simul
1648 3209 1839 3254 essent
1881 3202 2113 3270 partici-

524 3301 622 3353 pes
648 3304 664 3342 :
689 3296 746 3341 et
775 3288 975 3366 deinde
1002 3291 1070 3344 de
1105 3292 1171 3345 iis
1202 3308 1393 3360 pinnas
1414 3302 1661 3347 sumeret
1690 3292 1939 3355 Publius,
1964 3294 2112 3363 quod

525 3394 586 3432 se
620 3378 1004 3448 adjunxissent
1033 3384 1394 3446 multitudini,
1453 3382 1711 3441 eﬂerauvs
1741 3385 2112 3452 demulcebat,

523 3483 575 3524 et
609 3481 909 3528 restuautes
943 3489 1133 3529 eorum
1158 3476 1374 3530 animos
1400 3475 1704 3531 conabatur
1726 3478 2114 3546 comprimere.

526 3561 749 3618 Interim
795 3576 976 3620 autem
1021 3567 1165 3621 facta
1203 3582 1354 3622 mora
1402 3584 1515 3623 non
1567 3568 1800 3634 modica,
1844 3583 1968 3624 cum
2014 3569 2116 3623 hoc

523 3655 750 3717 quidam
791 3658 1132 3712 audivissent
1163 3675 1231 3716 ex
1273 3660 1337 3715 iis
1376 3662 1470 3731 qui
1519 3662 1629 3730 jam
1669 3661 1926 3729 pietatem
1971 3661 2116 3716 didi-

525 3756 741 3811 cerant,
767 3749 1056 3804 celerrime
1080 3750 1307 3804 veniunt
1330 3751 1395 3806 ad
1421 3752 1568 3807 (edes
1593 3752 1807 3807 Abercii
1838 3772 1850 3807 :
1881 3766 2117 3820 cumque

526 3838 678 3892 illum
714 3839 1077 3908 invenissent,
1110 3857 1227 3906 eos,
1254 3844 1345 3913 qui
1372 3845 1627 3908 aderant,
1660 3844 1873 3913 placido
1906 3855 1960 3897 et
1993 3844 2117 3899 laeto

529 3930 681 3985 vultu
719 3933 1080 4003 accipientem
1105 3934 1354 3993 doctrina
1390 3936 1633 4005 pietatis,
1699 3935 1926 4002 perinde
1968 3952 2035 3990 ac
2067 3935 2117 3991 si

527 4023 661 4078 nihil
699 4025 825 4078 novi
852 4027 1167 4092 accidisset,
1204 4028 1254 4081 ei
1293 4028 1488 4083 dicunt
1536 4036 1754 4098 paratas
1781 4029 2030 4092 insidias,
2064 4036 2120 4085 et

527 4125 743 4187 rogant,
771 4125 829 4173 ut
848 4133 1045 4188 parum
1075 4120 1181 4174 loci
1213 4121 1305 4175 det
1329 4120 1588 4176 insolenti
1614 4122 1801 4191 populi
1829 4122 2115 4184 tumultui,

526 4216 583 4263 et
616 4211 799 4265 statim
841 4214 1074 4267 excedat
1094 4228 1126 4267 ο
1155 4213 1403 4276 civitate,
1432 4227 1503 4266 ne
1537 4227 1626 4267 res
1652 4214 1791 4268 duas
1814 4214 2119 4283 praecipuas

520 4303 865 4366 amitterent,
896 4312 1110 4372 patrem
1140 4304 1352 4359 scilicet
1397 4313 1455 4358 et
1494 4304 1713 4369 fratres,
1764 4305 1940 4374 ipsum
1973 4305 2120 4359 scili-

527 4403 618 4448 cet
647 4394 897 4449 divinum
946 4395 1271 4460 Abercium,
1308 4411 1475 4465 quem
1505 4397 1588 4450 eis
1635 4396 1688 4450 in
1730 4396 1907 4451 locum
1942 4397 2114 4467 patris

527 4487 681 4543 dedit
711 4484 951 4556 Spiritus
985 4495 1234 4554 sanctus,
1270 4496 1328 4542 et
1363 4487 1565 4542 fratres
1600 4488 1742 4555 illos,
1777 4504 1938 4558 quos,
1969 4490 2015 4544 si
2068 4491 2114 4544 is

526 4587 675 4634 esset
700 4588 998 4649 superstes,
1030 4579 1332 4636 adduceret
1359 4580 1425 4636 ad
1457 4580 1740 4653 pietatem.

601 4861 667 4917 ν.
709 4863 804 4923 llic
831 4874 1047 4919 autem:
1079 4852 1332 4934 Fugitivi,
1360 4864 1558 4937 inquit,
1582 4881 1615 4921 ο
1639 4866 1861 4933 fratres,
1887 4869 2116 4924 omnino

530 4958 974 5017 existimaremur
1022 4973 1051 5012 a
1104 4959 1466 5029 suscipiendis
1502 4976 1601 5030 pro
1636 4960 1860 5015 Christo
1891 4976 2119 5031 perpes—

531 5050 801 5114 sionibus,
834 5050 881 5105 si
911 5057 1140 5120 propter
1170 5050 1349 5118 ipsum
1382 5050 1494 5119 pati
1527 5059 1635 5103 tam
1674 5051 1910 5119 turpiter
1942 5051 2115 5107 decli-

532 5157 814 5208 naremus,
852 5143 1017 5213 idque
1061 5158 1183 5197 cum
1234 5143 1320 5197 ille
1365 5143 1536 5200 sacris
1576 5144 1805 5213 jusserit
1848 5145 2119 5214 apostolis

533 5237 710 5293 libere
750 5235 1051 5305 praedicare
1094 5235 1346 5304 gentibus
1398 5235 1624 5289 verbum
1664 5235 1903 5305 pietatis,
1941 5252 2120 5307 neque

535 5329 735 5383 timere
763 5325 969 5397 aliquid
999 5340 1183 5397 grave,
1225 5334 1281 5379 et
1325 5327 1471 5397 quod
1517 5327 1728 5382 nollent
1758 5342 1858 5398 pro
1898 5331 2121 5385 nomine

532 5421 655 5491 ejus
689 5433 799 5475 non
834 5417 947 5490 pati
975 5417 1032 5472 in
1074 5426 1341 5488 tempore,
1373 5434 1484 5488 quo
1512 5419 1857 5473 intentantur
1884 5435 1970 5485 ea,
2001 5437 2123 5491 quas

533 5518 741 5570 vexant
783 5521 840 5567 et
885 5512 1161 5566 cruciant.
1200 5508 1336 5563 Nam
1380 5519 1437 5564 et
1471 5520 1700 5582 prepter
1741 5511 1921 5582 ipsum
1977 5515 2117 5569 mala

547 5605 763 5678 perpeti
791 5612 875 5660 est
902 5603 1226 5674 jucundum,
1261 5613 1317 5658 et
1358 5618 1458 5674 pro
1488 5603 1582 5663 illo
1612 5604 1750 5658 mori
1807 5614 1891 5659 est
1930 5608 2123 5676 quavis

537 5694 653 5753 vita
691 5709 821 5750 vere
869 5692 1192 5765 jucundius.
1233 5693 1434 5748 Verum
1467 5694 1615 5748 enim
1651 5710 1782 5750 vero
1817 5698 2120 5765 parendum

541 5782 626 5837 est
665 5784 817 5842 vobis
859 5785 941 5843 sic
980 5785 1328 5844 volentibus:
1366 5793 1422 5841 ct
1467 5785 1711 5858 fugiendi
1764 5796 1889 5843 sunt
1928 5787 1987 5853 ii,
2016 5789 2106 5858 qui

2221 3194 2432 3248 πολλῶν
2470 3194 2650 3247 ἄλλων
2682 3195 2945 3248 ἀναιτίων
2989 3194 3426 3262 συμμετασχωσι
3471 3192 3566 3245 τοῦ
3607 3191 3808 3253 κακοῦ,

2216 3281 2337 3339 εἶτα
2387 3285 2546 3347 δίκας
2604 3278 2752 3338 οὗτοι
2825 3282 3047 3353 Ποπλίῳ
3105 3283 3409 3352 ὑπόσχωσι,
3460 3282 3540 3351 τῷ
3606 3281 3805 3351 πλήθει

2217 3377 2445 3439 ἑαυτοὺς
2492 3376 2902 3446 διανείμαντες,
2976 3373 3235 3441 κατέψων
3295 3390 3357 3427 τε
3420 3375 3806 3444 ἀγριαίνοντας

2219 3467 2314 3519 καὶ
2347 3465 2800 3535 φλεγμαινούσας
2830 3463 3220 3518 καταστέλλειν
3262 3464 3447 3526 αὐτοῖς
3476 3466 3577 3526 τὰς
3626 3462 3805 3532 ψυχὰς

2217 3559 2540 3630 ἐπειρῶντο.
2589 3558 2681 3611 Ἐν
2705 3556 2884 3627 τούτῳ
2922 3556 3107 3610 τοίνυν
3150 3556 3438 3625 διατριϐῆς
3484 3556 3545 3609 οὐ
3599 3557 3805 3625 μικρᾶς

2220 3651 2549 3720 γενομένης,
2581 3649 2902 3720 αἰσθόμενοι
2934 3666 3083 3711 τινες
3107 3648 3216 3700 τῶν
3248 3648 3347 3718 τὴν
3389 3647 3679 3701 εὐσέϐειαν
3706 3647 3803 3717 ἤδη

2220 3742 2685 3811 καταμαθόντων,
2725 3744 2785 3794 ἐν
2830 3740 3011 3810 πολλῷ
3055 3739 3133 3801 τῷ
3186 3742 3347 3810 τάχει
3387 3743 3524 3809 πρὸς
3570 3741 3669 3792 τὸν
3710 3737 3800 3793 τοῦ

2232 3833 2519 3904 Ἀϐερκίου
2550 3829 2700 3887 οἶκον
2760 3833 3085 3898 ἐφίστανται
3118 3846 3132 3859 ·
3171 3833 3271 3885 κα).
3318 3831 3512 3884 τοῦτον
3563 3831 3801 3891 καταλα-

2222 3927 2410 3990 ϐόντες
2441 3928 2509 3997 τῇ
2545 3927 2647 3996 τῆς
2681 3927 2973 3990 εὐσεϐείας
3016 3926 3346 3996 διδασκαλίᾳ
3375 3927 3500 3989 τοὺς
3530 3926 3803 3996 παρόντας

2219 4018 2294 4081 ὡς
2322 4020 2519 4090 ἥδιστα
2550 4020 2608 4072 ὲν
2641 4019 2835 4090 ἡμέρῳ
2856 4036 2916 4073 τε
2972 4022 3039 4090 τῇ
3074 4019 3199 4089 ὄψει
3242 4020 3338 4073 καὶ
3370 4018 3574 4088 φαιδρᾷ
3604 4014 3803 4083 δεξιού-

2224 4129 2406 4183 μενον,
2440 4111 2632 4180 ὥσπερ
2660 4111 2876 4174 οὐδενὸς
2920 4110 3113 4166 καινοῦ
3151 4112 3474 4180 γενομένου,
3505 4111 3804 4181 φράζουσιν

2221 4204 2372 4274 αὐτῷ
2410 4204 2511 4274 τὴν
2560 4204 2885 4276 ἐπιϐουλὴν,
2920 4205 3017 4259 καὶ
3046 4204 3393 4260 ἀντιϐολοῦσι
3439 4205 3651 4275 μικράν
3689 4219 3802 4256 τινα

2220 4299 2410 4370 χώραν
2432 4300 2618 4354 δοῦναι
2663 4303 2730 4370 τῇ
2792 4301 3016 4374 ἀτάκτῳ
3084 4304 3250 4372 ῥοπῇ,
3301 4303 3399 4355 καὶ
3444 4303 3547 4371 τῆς
3599 4301 3802 4361 πόλεως

2223 4394 2425 4447 αὐτίκα
2469 4393 2790 4460 ὑπεξελθεῖν
2812 4411 2826 4426 ⁸
2858 4395 2935 4459 ὼς
2958 4396 3017 4448 δὲ
3064 4395 3141 4466 μὴ
3175 4396 3291 4461 δύο,
3328 4395 3397 4449 τὰ
3444 4393 3798 4464 καιριώτατα,

2222 4487 2451 4555 πατέρα
2480 4503 2542 4539 τε
2578 4485 2927 4556 ζημιωθῶσι,
2958 4488 3057 4540 καὶ
3101 4486 3388 4556 ἀδελφοὺς,
3422 4485 3588 4539 αὑτὸν
3612 4483 3803 4561 δηλαδὴ

2217 4581 2310 4630 τὸν
2337 4577 2481 4631 θεῖον
2525 4578 2838 4648 Ἀϐἐρκιον,
2879 4577 2941 4631 δν
2972 4579 3054 4641 είς
3087 4581 3368 4649 πατρικὴν
3397 4581 3599 4649 μοῖραν
3622 4578 3798 4636 αὐτοῖς

2219 4672 2280 4726 τὸ
2323 4671 2554 4741 Πνεῦμα
2594 4672 2656 4725 τὸ
2695 4673 2855 4739 ἀγιον
2878 4670 3057 4738 ἔταξε,
3098 4673 3194 4725 καί⁸
3234 4671 3505 4739 ἀδελφοὺς
3548 4671 3797 4732 ἐκείνους,

2219 4765 2335 4830 οὓς,
2367 4765 2415 4818 εί
2436 4760 2590 4827 οὗτος
2617 4763 2876 4835 ὲπιϐιῴη,
2910 4765 3184 4836 προσάγοι
3217 4768 3285 4836 τῇ
3313 4766 3594 4835 εὐσεϐείᾳ.

2292 4860 2365 4917 E'.
2406 4862 2468 4915 '0
2517 4860 2598 4924 δὲ,
2661 4859 2941 4929 Δραπέται
2976 4860 3100 4930 μὲν,
3150 4859 3281 4929 ἔφη,
3316 4861 3537 4921 παντως
3590 4860 3659 4914 ἂν
3698 4857 3798 4911 τῶν

2222 4953 2360 5022 ὑπὲρ
2383 4946 2627 5022 Χριστοῦ
2648 4950 3016 5020 παθημάτων,
3046 4948 3287 5018 ἀδελφοκ,
3314 4947 3722 5018 νομισθείημεν,
3752 4944 3798 4997 si

2217 5046 2276 5097 τὸ
2353 5045 2422 5098 δι’
2485 5044 2650 5098 αὑτὸν
2711 5042 2908 5097 παθεῖν
2941 5041 3195 5111 ἀγεννῶς
3238 5040 3414 5104 οὓτως
3443 5040 3794 5109 ἐκφύγοιμεν,

2221 5137 2316 5188 καὶ
2358 5136 2536 5190 ταῦτα
2584 5136 2699 5199 τοῖς
2754 5136 2921 5205 ἱεροῖς
2986 5133 3310 5194 ἀποστόλοις
3355 5131 3567 5185 ἐκείνου
3616 5125 3792 5183 κελεὸ-

2224 5245 2416 5294 σαντος
2461 5229 2757 5299 κηρύττειν
2793 5227 2891 5281 σὺν
2931 5226 3223 5299 παρρησίᾳ
3252 5226 3345 5280 τὸν
3384 5228 3487 5296 τῆς
3551 5218 3794 5293 ἀληθείας

2220 5321 2382 5390 λόγον
2422 5324 2537 5384 τοῖς
2589 5321 2791 5384 ἔθνεσι,
2845 5320 2981 5390 μηδὲ
3029 5318 3319 5388 φοϐεῖσθαί
3373 5335 3429 5370 τι
3487 5315 3599 5370 τῶν
3647 5314 3798 5368 ἀϐου-

2223 5411 2402 5482 λήτων
2451 5411 2647 5465 ἕνεκεν
2708 5408 2804 5463 τοῦ
2849 5408 3114 5479 ὀνόματος
3149 5408 3318 5463 αὐτοῦ
3370 5412 3430 5463 ὲν
3479 5404 3657 5477 καιρῷ
3703 5401 3798 5470 τῆς

2222 5503 2332 5557 τῶν
2359 5501 2787 5574 ἐπηρεαζόντων
2813 5499 3140 5570 ἐπαγωγῆς.
3175 5500 3252 5552 Τό
3312 5517 3373 5553 τε
3407 5499 3517 5570 γὰρ
3563 5509 3799 5554 Iaxam-

2226 5598 2340 5653 θεῖν
2364 5597 2430 5651 δι’
2467 5595 2637 5651 αὑτὸν
2695 5595 2818 5664 ἡδὺ,
2853 5594 2948 5647 καὶ
2975 5593 3036 5647 τὸ
3063 5592 3209 5664 ὑπὲρ
3272 5590 3484 5644 ἐκείνου
3519 5586 3801 5642 ἀποθανεῖν

2227 5691 2375 5763 ζωῆς
2398 5689 2581 5760 πάσης
2613 5686 2831 5759 ἀληθῶς
2869 5687 3041 5758 ἥδιον.
3077 5686 3223 5755 Πλὴν
3247 5684 3387 5739 ἀλλὰ
3409 5682 3658 5737 πειστέον
3680 5679 3804 5747 ὑμῖν

2216 5785 2361 5844 οὕτω
2388 5782 2767 5855 βουλομένοις,
2795 5779 3035 5843 καὶτοὺς
3062 5776 3319 5841 ἐπιόντας
3351 5774 3478 5832 καθ’
3511 5773 3665 5846 ήμῶν
3681 5786 3798 5841 φεν-
