4132 6436
541 427 681 504 i919

1836 435 2124 500 HENSIS
2160 430 2522 500 OCTOBER.

3677 412 3794 502 i220

532 553 791 623 ‘ealigine,
818 569 940 609 cum
975 561 1164 622 parum
1199 552 1561 622 aspexissent,
1585 562 1640 608 et
1665 553 1832 608 veluti
1859 554 2124 625 respiras-

2242 553 2328 626 τὴν
2369 555 2714 624 κατέχουσαν
2750 551 2951 616 αὐτοὺς
3009 551 3148 616 τέως
3189 551 3293 605 ὑπὸ
3325 543 3601 622 δαιμόιὼν
3643 554 3796 638 ἀχλὺν

540 655 681 707 sent,
721 645 868 699 illius
917 653 1136 699 sanctos
1188 645 1356 712 pedes
1408 645 1747 708 osculantur,
1803 655 1862 700 et
1914 645 2124 700 nullam

543 735 772 788 edentes
827 749 1038 796 vocem,
1091 748 1186 788 eos
1233 734 1326 788 diu
1379 743 1588 799 tenent,
1633 738 1770 791 adeo
1827 745 1885 790 nt
1936 750 2127 790 omnes

543 825 919 879 existimarent
969 839 1064 878 eos
1110 840 1232 879 esse
1280 836 1548 881 mortuos.
1586 828 1706 898 Ipse
1759 837 1945 883 autem
1999 843 2126 883 cum

541 916 997 986 apprehendisset
1031 917 1244 970 illorum
1275 917 1584 983 dexteram,
1614 921 1742 974 facit
1774 937 1870 976 eos
1903 933 2128 992 surgere

543 1021 692 1060 sana:
725 1007 943 1059 mentis.
971 1008 1037 1060 Et
1063 1007 1136 1060 illi
1162 1007 1406 1078 quidem,
1436 1012 1679 1080 quzesitis
1710 1013 1976 1076 vestibus,
2002 1028 2128 1066 cum

542 1111 639 1152 eas
693 1097 1020 1162 induissent,
1077 1101 1446 1154 cernebantur
1492 1103 1751 1172 deinceps
1816 1104 2019 1169 vestiti,
2074 1110 2130 1158 et

546 1201 691 1242 same
721 1189 939 1253 mentis,
973 1196 1027 1244 et
1063 1189 1131 1244 ab
1155 1189 1389 1246 Abereio
1420 1193 1646 1248 minimc
1677 1195 2017 1251 recedentes.

619 1477 733 1533 VII.
759 1476 896 1532 Cum
929 1477 1044 1531 haec
1075 1486 1258 1531 autem
1291 1476 1514 1532 vidisset
1557 1478 1732 1537 turba.
1777 1489 1968 1531 omnes
2016 1476 2131 1529 vcl-

553 1566 632 1619 uti
683 1581 794 1619 uua
824 1577 1008 1622 mente
1039 1581 1094 1620 et
1139 1582 1250 1620 uno
1300 1582 1398 1620 ore
1459 1584 1473 1620 :
1533 1567 1615 1621 Tu
1666 1583 1725 1622 es
1789 1568 1940 1621 solus
1971 1581 2134 1620 verus

552 1655 715 1717 Deus,
746 1658 840 1724 qui
875 1671 973 1726 per
1006 1665 1158 1710 tuum
1211 1655 1530 1725 praedicaris
1575 1656 1888 1721 Abereium,
1941 1670 2136 1723 magna

548 1745 684 1802 voce
715 1747 996 1802 dixerunt.
1030 1748 1092 1802 Ei
1140 1747 1216 1800 rei
1266 1746 1374 1800 fert
1416 1745 1791 1800 testimonium
1847 1749 2137 1815 repentina

548 1839 638 1892 illa
683 1842 1040 1894 commutatio
1105 1840 1503 1902 multitudinis,
1577 1853 1698 1907 qua:
1761 1855 1934 1909 usque
2000 1839 2139 1893 adeo

547 1930 651 1988 fuit
681 1944 842 2003 capta
897 1931 1186 1994 miraculo,
1241 1941 1298 1984 ut
1339 1930 1526 1983 nnllns
1573 1931 1832 1994 defuerit,
1882 1932 1974 1999 qui
2026 1946 2135 1985 non
2170 1922 2211 1975 Β

549 2024 780 2078 haberet
814 2023 1157 2092 agnitionem
1196 2039 1208 2076 :
1242 2023 1352 2074 into
1377 2036 1568 2074 omnes
1597 2023 1664 2074 ad
1703 2022 1951 2075 divinum
1997 2023 2130 2092 bap-

551 2117 777 2171 tismum
836 2114 1202 2176 accurrerint,
1256 2132 1320 2167 ex
1378 2115 1583 2183 paratis
1633 2114 1870 2169 Abercio
1914 2114 2136 2169 insidiis

551 2213 654 2266 Ιιοο
683 2210 1005 2280 ριιυείηηιηι
1038 2207 1257 2260 interim
1289 2207 1606 2270 consecuti,
1641 2222 1839 2277 nempe
1863 2222 2016 2260 suam
2050 2222 2137 2261 διι-

550 2302 741 2356 intem.
783 2301 1054 2354 (la-terum
1103 2301 1357 2353 dicebant
1398 2315 1518 2353 esse
1573 2299 1798 2368 aliquid,
1851 2301 1994 2367 quod
2043 2315 2136 2354 eos

553 2398 788 2450 maxime
859 2393 1221 2447 conturbabat
1263 2409 1276 2445 :
1318 2405 1376 2445 sc
1423 2391 1568 2444 enim
1627 2394 2015 2459 pertimescere
2067 2404 2137 2444 ne

551 2497 772 2556 propter
791 2501 1040 2553 magnum
1063 2484 1112 2536 dt
1131 2483 1319 2545 decus,
1338 2498 1446 2549 quo
1463 2483 1753 2536 multitudo
1779 2490 2133 2550 peccatorum

553 2580 799 2648 perfudit
867 2577 1131 2638 animum,
1191 2577 1272 2628 Sil:
1347 2585 1735 2644 permanerent
1790 2589 2135 2642 nequaquam

557 2672 668 2723 Deo
705 2669 943 2737 accepti.
995 2669 1340 2721 Accedentes
1389 2667 1573 2737 itaque
1619 2667 1878 2721 dicebant
1931 2686 1944 2720 :
1993 2665 2136 2720 Doce

555 2777 678 2824 nos,
718 2759 884 2812 homo
916 2759 1030 2822 Dei,
1061 2776 1128 2812 an
1169 2760 1238 2811 sit
1265 2775 1362 2812 nos
1394 2759 1537 2812 Deus
1568 2759 1835 2826 patienter
1879 2767 2134 2828 aspectu-

558 2869 676 2912 rus.
721 2868 790 2906 an
828 2853 988 2905 nobis
1018 2853 1155 2904 mala
1190 2851 1506 2904 redditurus
1536 2858 1761 2919 propter
1789 2866 1852 2903 ea
1893 2860 2136 2920 peccata,

556 2961 679 3013 quae
712 2945 947 2999 fecimus
977 2943 1029 2995 in
1067 2942 1396 3012 ignorantia,
1429 2941 1575 3010 quod
1607 2942 1771 2996 etiam
1823 2941 2134 3006 horremus,

559 3048 784 3108 propter
815 3037 960 3106 quod
997 3037 1268 3098 dolemus,
1297 3035 1442 3103 quod
1479 3035 1736 3088 timemus
1761 3049 1824 3087 ac
1875 3034 2138 3088 formida-

562 3143 705 3182 mus.
741 3127 835 3181 ille
895 3137 1076 3180 autem
1139 3127 1363 3196 propius
1427 3127 1714 3188 accedens,
1753 3142 1914 3195 quam
1963 3127 2140 3195 potuit

562 3220 799 3274 maxima
841 3231 895 3274 et
919 3219 1228 3273 clariSsima
1260 3232 1393 3271 voce
1425 3234 1441 3270 :
1481 3215 1611 3281 Viri,
1652 3219 1847 3287 inquit,
1871 3219 1963 3287 qui
1992 3233 2140 3272 nunc

563 3313 899 3378 credidistis,
947 3313 992 3366 si
1041 3327 1152 3365 non
1211 3311 1579 3380 perseveretis
1625 3309 1679 3363 in
1729 3312 2008 3365 veteribus
2047 3327 2143 3366 ve-

560 3405 690 3461 stris
721 3407 1005 3476 operibus,
1051 3413 1106 3457 et
1137 3403 1380 3472 paternis
1416 3402 1824 3465 traditionibus,
1864 3401 1960 3455 sed
1994 3416 2144 3456 recc-

560 3499 706 3553 datis
739 3499 806 3552 ab
843 3497 993 3552 omni
1032 3496 1151 3558 viti,
1218 3494 1476 3561 invidia,
1529 3495 1774 3565 inquam,
1828 3494 1974 3560 odio,
2043 3493 2145 3548 im-

560 3591 856 3650 munditia,
885 3600 939 3644 et
970 3589 1115 3653 aliis,
1148 3604 1271 3658 qua:
1302 3591 1454 3659 prius
1505 3590 1737 3652 fecistis,
1774 3603 1898 3643 cum
1951 3588 2145 3643 essetis

562 3685 618 3739 in
649 3682 982 3752 ignorantia,
1009 3680 1125 3748 ipse
1167 3681 1273 3734 erit
1304 3681 1456 3734 vobis
1515 3679 1809 3748 propitius,
1872 3678 1927 3732 in
1981 3693 2144 3746 quem

564 3791 714 3830 nunc
755 3777 970 3828 sincere
1029 3773 1344 3827 credidistis
1379 3788 1394 3826 :
1433 3772 1526 3842 qui
1571 3771 1733 3825 etiam
1769 3786 1865 3825 eos
1916 3785 2143 3835 vocans,

560 3867 654 3935 qui
688 3873 821 3919 sunt
850 3864 1128 3932 aggravati
1159 3863 1404 3931 peccatis
1441 3879 1454 3914 :
1509 3879 1528 3912 ι
1572 3861 1788 3925 Venite,
1838 3861 2040 3930 inquit.
2077 3858 2146 3913 ad

565 3974 651 4011 me
686 3972 900 4018 omnes,
933 3956 1025 4022 qui
1062 3954 1341 4018 laboratis,
1372 3963 1429 4008 et
1471 3953 1682 4008 onerati
1733 3953 1870 4008 estis
1898 3992 1914 4018 ,
1955 3961 2011 4006 et
2043 3965 2144 4020 ego

567 4046 810 4101 reficiam
849 4061 947 4099 vos
977 4046 992 4076 ¹
1037 4063 1055 4096 ι
1099 4045 1378 4100 Habemus
1430 4045 1680 4114 exempla
1729 4044 2146 4098 innumerabilia

563 4140 687 4209 ejus
716 4138 1090 4210 benignitatis.
1129 4137 1501 4202 Quamobrem
1540 4138 1593 4189 in
1622 4139 1802 4205 ipsum
1835 4137 2144 4200 credentes,

561 4244 660 4284 vos
692 4244 884 4282 omnes
910 4229 957 4282 ei
1000 4238 1209 4281 vestras
1255 4227 1500 4287 dedicate
1551 4227 1780 4287 animas,
1813 4235 1866 4279 et
1897 4243 1992 4295 spe
2037 4242 2146 4280 non

564 4321 991 4376 frustrabimini.
1027 4319 1133 4372 Sed
1171 4334 1384 4388 graves,
1427 4319 1707 4381 dicebant,
1764 4318 1946 4388 plagas
1985 4333 2146 4372 acce-

570 4413 778 4482 pimus,
815 4421 959 4464 tutos
986 4410 1240 4477 nosipsos
1259 4419 1418 4462 antea
1450 4410 1715 4464 dedentes
1745 4411 1997 4464 obscenis
2028 4426 2149 4464 cor-

567 4502 718 4572 poris
767 4501 1169 4568 voluptatibus,
1203 4510 1257 4552 et
1298 4502 1528 4555 maxima
1566 4517 1630 4553 ex
1671 4510 1824 4570 parte
1844 4501 2146 4555 servientes

566 4593 819 4662 corporis
846 4591 1161 4654 desideriis,
1193 4601 1247 4644 et
1277 4592 1458 4645 adhuc
1484 4593 1680 4646 malam
1722 4594 1986 4647 habemus
2017 4609 2150 4647 con-

564 4685 942 4748 suetudinem,
977 4683 1318 4754 tyrannidem
1354 4685 1410 4738 iu
1445 4685 1605 4738 nobis
1634 4696 2008 4740 exercentem.
2050 4686 2146 4740 ille

565 4786 752 4831 autem
789 4795 802 4831 :
841 4777 1146 4842 Accurrite,
1185 4777 1380 4847 inquit,
1411 4779 1816 4846 quamprimum
1857 4779 1922 4831 ad
1972 4781 2148 4834 medi-

567 4885 718 4932 cum,
746 4879 803 4923 et
825 4868 1122 4938 jejunium,
1156 4865 1396 4932 labores,
1427 4885 1642 4937 preces,
1679 4871 1969 4940 laerymas,
2023 4886 2152 4940 pec-

565 4971 817 5013 catorum
863 4959 1296 5023 confessionem,
1345 4969 1400 5014 ct
1450 4961 1665 5014 illarum
1718 4961 1983 5030 ipsarum,
2029 4977 2150 5030 quae

569 5067 669 5106 vos
697 5060 923 5115 vexant,
955 5049 1372 5120 cogitationum,
1405 5060 1460 5103 et
1497 5050 1563 5104 ad
1598 5050 1801 5104 malum
1833 5051 2146 5106 faciendum

569 5143 860 5212 impellunt
896 5162 910 5196 :
944 5142 1089 5211 quod
1133 5145 1296 5196 etiam
1343 5157 1440 5211 per
1492 5143 1740 5196 divinum
1804 5145 1942 5197 Osee
1986 5144 2150 5214 longo

570 5245 700 5289 ante
732 5244 979 5302 tempore
1015 5233 1158 5288 Deus
1186 5243 1374 5302 utpote
1407 5249 1516 5288 nou
1547 5235 1617 5289 ab
1658 5235 1739 5289 eis
1778 5234 2003 5300 factum,
2054 5251 2152 5290 ex-

571 5327 796 5396 probrat
823 5325 1025 5381 Judteis
1073 5344 1084 5378 :
1123 5323 1256 5391 Cur,
1286 5327 1496 5387 dicens,
1531 5325 1762 5380 siluistis
1785 5325 2146 5396 impietatem,

571 5427 630 5474 σι
680 5417 803 5486 ejus
853 5418 1090 5472 fructum
1141 5417 1520 5472 vindemiastis
1565 5417 1628 5469 ’1
1683 5416 1812 5472 Haac
1861 5420 2149 5476 utilissima

573 5510 978 5566 medicamenta
1026 5509 1127 5580 ipsi
1167 5510 1326 5564 vobis
1375 5510 1638 5580 imponite
1675 5527 1690 5567 τ
1735 5519 1791 5564 et
1827 5525 1930 5566 nec
1959 5512 2148 5568 vulne-

571 5617 692 5657 rum
721 5604 942 5667 quidem
974 5603 1130 5658 vobis
1159 5603 1463 5657 remanebit
1486 5601 1800 5675 vestigium.

645 5693 784 5748 \lll-l.
817 5693 953 5748 Cum
999 5709 1097 5748 eos
1138 5693 1218 5748 sic
1265 5692 1484 5748 divinus
1540 5693 1914 5764 alioqueretnr
1969 5695 2142 5752 Aber-

648 5862 669 5915 ﬂ
701 5865 892 5922 Matth.
924 5883 988 5936 tt,
1022 5871 1114 5928 28.
1189 5875 1208 5905 '
1233 5871 1369 5929 Osee
1404 5889 1460 5939 κ,
1498 5873 1588 5928 l5.

519 5961 562 5994 ν

2230 647 2696 718 ἀποϐεϐληκότες,
2777 644 3171 716 διαϐλέψαντές
3221 661 3279 697 τε
3319 644 3518 715 μικρὸν
3563 643 3658 699 καὶ
3695 641 3798 699 οἷον

2227 739 2642 806 ἀνενεγκόντες,
2691 739 2806 797 τοῖς
2853 736 3034 805 ἁγίοις
3089 735 3306 788 ἐκείνου
3371 736 3532 788 ποσὶν
3587 735 3797 800 ἐαύτοῦς

2228 831 2456 892 διδοῦσι,
2490 831 2580 883 καὶ
2609 831 2816 898 ἄφωνοι
2849 827 3057 882 τούτων
3091 830 3188 881 ἐπὶ
3215 827 3348 879 πολὺ
3396 827 3638 897 ἔχονται,
3670 819 3799 882 ὥστε

2230 928 2323 978 καὶ
2344 925 2530 977 θανεῖν
2570 924 2776 984 αὐτοὺς
2803 921 3131 992 νομίζεσθαι
3165 919 3320 989 παρά
3364 921 3606 973 πάντων.
3639 921 3798 982 Αὐτὸς

2233 1024 2439 1095 μέντοι,
2483 1021 2787 1090 λαϐόμενος
2836 1019 3104 1088 ἐκατέρου
3147 1019 3250 1087 τῆς
3299 1019 3504 1082 δεξιᾶς,
3543 1020 3800 1088 νήφοντας

2229 1115 2427 1176 αὐτοὺς
2447 1113 2770 1182 διανίστησι.
2799 1112 2908 1165 Καὶ
2929 1113 2978 1163 οί
3005 1111 3104 1179 μὲν
3129 1110 3362 1180 ἐσθῆτας
3387 1111 3801 1180 ἐπιζητήσαντες

2230 1209 2326 1262 καὶ
2350 1207 2552 1270 ταύτας
2585 1205 2852 1267 ἐνδύντες,
2877 1203 3262 1273 εἱματισμένοι
3291 1202 3352 1254 τὸ
3383 1201 3571 1253 λοιπὸν
3603 1201 3802 1270 ἐωρῶνο

2229 1317 2289 1354 το
2335 1302 2430 1352 καὶ
2501 1297 2938 1369 σωφρονοῦντες,
2987 1296 3086 1350 καὶ
3147 1293 3440 1364 ’Δϐερκίου
3495 1293 3621 1364 μηδ’
3666 1295 3802 1357 ὅπιις

2230 1393 2324 1446 οὖν
2356 1392 2740 1461 ἀφιστάμενοι.

2306 1486 2384 1540 Ζ⁹.
2433 1488 2493 1538 Ὀ
2535 1485 2592 1538 δὲ
2643 1483 2822 1554 ὄχλος,
2855 1480 3028 1534 ταῦτα
3081 1481 3304 1543 ἰδόντες,
3336 1479 3531 1551 ὥσπερ
3563 1479 3667 1534 ὑπὸ
3719 1481 3803 1548 μιᾷ

2235 1581 2439 1642 πάντες
2468 1579 2662 1647 γνώμῃ
2694 1579 2787 1628 καὶ
2828 1573 3066 1645 γλώττῃ,
3105 1573 3177 1626 Σὺ
3217 1568 3272 1625 εἴ
3306 1574 3334 1625 ό
3379 1572 3541 1641 μόνος
3570 1569 3804 1640 emet-.5;

2235 1671 2369 1734 Θεὸς
2398 1674 2424 1724 ὁ
2449 1669 2538 1721 διὰ
2577 1668 2670 1721 τοῦ
2716 1671 2809 1719 σοῦ
2839 1666 3252 1736 κηρυττόμενος
3310 1662 3620 1732 Ἀϐερκίου,
3677 1662 3802 1730 μέγα

2237 1763 2594 1832 ἐφθέγξαντο.
2625 1763 2918 1831 Μαρτυρεῖ
2971 1757 3050 1828 τῷ
3091 1761 3382 1829 πράγματι
3426 1758 3524 1810 καὶ
3571 1757 3604 1824 ἠ
3651 1749 3806 1821 ἀθρόα

2240 1855 2334 1910 τοῦ
2371 1854 2608 1926 πλήθους
2651 1855 2864 1906 ἐκείνου
2926 1851 3224 1920 μεταϐολὴ,
3275 1847 3420 1901 οὕτω
3475 1845 3598 1900 κατ’
3645 1847 3804 1913 ἄκρας

2244 1949 2482 2002 ἁλόντων
2508 1948 2585 2016 τῷ
2622 1945 2883 2014 θαύματι,
2912 1944 2987 2000 ὠς
3024 1943 3229 2010 μηδένα
3259 1940 3470 1993 τούτων
3493 1937 3806 2004 ἀπολειφθῇ·

2243 2058 2332 2094 ναι
2369 2040 2464 2107 τῆς
2496 2039 2889 2104 ἐπιγνώσεως·
2923 2035 3062 2087 ἀλλὰ
3097 2033 3178 2102 τῷ
3201 2033 3330 2102 θείῳ
3378 2031 3588 2089 πάντας
3635 2027 3810 2096 βαπτίο

2247 2143 2413 2196 σματι
2447 2126 2847 2195 προσδραμεῖν,
2877 2125 3041 2175 καλὸν
3071 2122 3349 2191 πάρεργον
3377 2121 3480 2190 τῆς
3545 2119 3808 2188 Ἀϐερκίου

2245 2216 2540 2286 ἐπιϐουλῆς
2604 2216 2702 2286 τὴν
2761 2214 2972 2268 ἑαυτῶν
3041 2213 3321 2282 σωτηρίαν
3383 2209 3805 2279 ποιησαμένους.

2244 2305 2390 2375 Πλὴν
2421 2301 2561 2357 εἷναί
2584 2321 2637 2356 τι
2665 2303 2726 2356 τὸ
2761 2304 2999 2374 μάλιστα
3045 2300 3311 2372 θορυϐοῦν
3362 2300 3566 2361 αὐτοὺς
3602 2299 3803 2362 ελεγονο

2244 2398 2546 2452 δεδοικέναι
2577 2397 2687 2466 γὰρ
2721 2397 2818 2450 καὶ
2849 2397 3096 2466 τρέμειν,
3140 2393 3214 2462 μή
3254 2408 3387 2444 ποτε
3419 2393 3515 2443 διὰ
3549 2390 3643 2459 τήν
3690 2388 3810 2439 πολ-

2244 2492 2344 2561 λὴν
2369 2493 2657 2562 αἰσχύνην,
2691 2491 2759 2560 ἧν
2791 2489 2849 2541 τὸ
2874 2488 2985 2540 τῶν
3015 2485 3311 2557 αμαρτιῶν
3344 2481 3556 2550 πλῆθος
3604 2481 3694 2549 τῆς
3717 2479 3808 2547 ψη-

2243 2582 2347 2652 χῆς
2374 2581 2559 2634 αὐτῶν
2599 2578 3030 2642 κατεσκέδασεν,
3083 2573 3450 2643 ἁπρόσδεκτοι
3507 2567 3645 2622 οὕτω
3674 2567 3809 2634 παρὰ

2244 2674 2366 2744 Θεῷ
2408 2673 2788 2742 διαμείνωσιν.
2833 2671 3049 2740 Ἀμέλει
3081 2672 3175 2720 καὶ
3211 2665 3558 2735 προσιόντες,
3589 2665 3624 2714 Δ
3648 2660 3803 2722 ίδαξον

2251 2768 2418 2836 ἡμᾶς,
2457 2766 2664 2831 ἔλεγον,
2699 2765 2830 2829 ἆνερ
2859 2762 2950 2814 τοῦ
2994 2761 3156 2821 Θεοῦ,
3197 2763 3246 2811 εἰ
3274 2757 3604 2821 ἀνεξίκακον
3635 2751 3754 2823 ἡμῖν
3783 2751 3806 2801 ὀ

2245 2861 2379 2920 Θεὸς
2411 2857 2722 2927 ἐπιϐλέψει,
2751 2861 2784 2928 ἢ
2814 2854 3104 2916 ἀποδιδοὺς
3143 2853 3296 2905 ἔσται
3318 2850 3405 2920 ἐφ’
3444 2845 3528 2912 οἷς
3562 2851 3638 2911 είς
3664 2845 3806 2899 αὐτὸν

2245 2955 2304 3006 ἐν
2350 2952 2546 3022 ἀγνοίᾳ
2611 2947 3202 3017 πεπλημμελήκαμεψ
3256 2941 3284 2995 ὃ
3321 2947 3414 2995 καὶ
3473 2939 3807 3010 φριττόμενος

2247 3044 2388 3115 ὑπὲρ
2421 3039 2482 3098 οὗ
2528 3041 2840 3111 φοϐούμεθα
2893 3040 2984 3091 καὶ
3018 3037 3359 3104 δεδοίκαμεν.
3410 3033 3472 3085 '0
3503 3033 3581 3094 δε,
3626 3025 3806 3098 προτι-

2246 3138 2356 3208 χὼν
2381 3133 2592 3204 μεγάλῃ
2615 3132 2689 3196 ὡς
2717 3131 2943 3184 δυνατὸν
2974 3131 3066 3181 καὶ
3097 3127 3329 3197 λαμπρᾷ
3373 3127 3442 3195 τῇ
3467 3125 3614 3192 φωνῇ
3643 3135 3654 3148 ·
3688 3118 3803 3170 ’Λν-

2247 3229 2375 3300 δρες
2401 3230 2450 3281 oi
2483 3225 2580 3280 νῦν
2623 3223 3043 3283 πιστεύσαντες,
3089 3220 3220 3290 ἔφη,
3279 3218 3328 3269 εί
3385 3217 3464 3286 μὴ
3513 3211 3809 3303 ὲπιμείνητι

2247 3323 2359 3382 τοῖς
2385 3317 2642 3378 παλαιοῖς
2686 3314 2840 3385 ὑμῶν
2868 3312 3052 3382 ἔργοις
3099 3313 3195 3363 καὶ
3239 3311 3356 3371 ταῖς
3395 3306 3685 3376 πατρικαῖς
3716 3317 3810 3352 παρ

2245 3410 2560 3482 ραδόσεσιν,
2595 3407 2730 3461 ἀλλὰ
2792 3405 2976 3474 πάσης
2998 3402 3274 3469 ἀποστῆτε
3332 3399 3555 3458 κακίας,
3603 3395 3806 3464 φθόνου,

2245 3503 2412 3573 φημὶ,
2451 3501 2548 3554 καὶ
2599 3499 2816 3569 μίσους,
2867 3491 3214 3562 ἀκαθαρσίας
3239 3491 3334 3543 καὶ
3365 3489 3478 3541 τῶν
3521 3486 3688 3540 ἄλλων
3717 3484 3807 3535 ὅσα

2247 3599 2515 3668 πρότερον
2563 3595 2620 3646 ἐν
2655 3591 2852 3660 ἀγνοίᾳ
2895 3588 3048 3649 ὄντες
3095 3585 3422 3656 ἐπράττετε,
3486 3582 3641 3640 ἵλεως
3690 3576 3805 3668 ὑμῖν

2245 3689 2406 3750 αὐτὸς
2435 3687 2612 3750 ἔσται,
2664 3686 2746 3746 είς
2773 3683 2833 3735 ὃν
2878 3680 3120 3750 γνησίως
3164 3678 3258 3730 νῦν
3291 3672 3724 3729 πεπιστεύκατε·
3750 3665 3802 3728 ὃς

2247 3781 2340 3834 καὶ
2368 3776 2850 3851 προσκαλούμενος
2873 3774 3002 3835 τοὺς
3032 3771 3333 3841 ἁμαρτίαις
3363 3765 3758 3838 βεϐαρημένους
3779 3774 3795 3790 °

2248 3873 2414 3925 Δεῦτε
2447 3873 2671 3932 πάντες,
2703 3868 2896 3936 φησιν,
2921 3867 2969 3917 οἱ
2999 3863 3304 3924 κοπιῶντες
3327 3863 3423 3914 καὶ
3458 3855 3802 3940 πεφορτισμέ-

2250 3980 2354 4028 νοι,
2387 3958 2545 4027 καγὼ
2568 3955 2874 4010 ἀναπαύσω
2905 3953 3074 4021 ὑμᾶς.
3107 3951 3347 4020 Ἐχομεν
3380 3946 3555 4017 μυρία
3581 3944 3672 4013 τῆς
3713 3939 3801 3992 αύ-

2250 4054 2346 4108 τοῦ
2407 4050 2781 4122 χρηστότητος
2824 4043 3227 4110 ὑποδείγματα.
3279 4042 3484 4105 Διόπερ
3533 4037 3610 4097 είς
3659 4031 3804 4085 αὑτὸν

2251 4142 2665 4202 πιστεύσαντες,
2693 4137 2842 4206 αὐτῷ
2869 4136 2963 4188 καὶ
2991 4134 3088 4194 τὰς
3107 4131 3288 4201 ψυχὰς
3311 4127 3576 4182 ἀνάθεσθε
3604 4125 3804 4211 πάντες,

2251 4232 2482 4287 καὶτῶν
2535 4230 2770 4282 ἐλπίδων
2825 4228 2924 4296 οὐχ
2961 4223 3332 4294 ἁμαρτήσετε.
3383 4218 3549 4273 ’Δλλὰ
3593 4209 3804 4285 πληγάς,

2251 4321 2427 4390 εἷπον,
2461 4321 2730 4383 ἐλάϐομεν
2760 4317 3031 4389 χαλεπὰς,
3063 4315 3220 4376 ὅλους
3272 4312 3506 4373 ἑαυτοὺς
3537 4309 3666 4380 πρὸς
3694 4304 3804 4357 ἀτό-

2254 4430 2390 4477 πους
2420 4413 2515 4466 τοῦ
2545 4413 2662 4482 βίον
2696 4410 2887 4481 ἡδονάς
2922 4408 3101 4460 πάντα
3161 4407 3252 4459 τὸν
3283 4402 3598 4473 ἔμπροσθεν
3637 4397 3805 4468 χρόνον

2253 4507 2490 4566 ἀνέντες,
2553 4504 2650 4556 καὶ
2705 4500 2879 4553 πολλὰ
2907 4501 3028 4560 ταῖς
3079 4496 3173 4550 τοῦ
3225 4495 3482 4564 σώματος
3514 4483 3805 4556 ἐπιθυμίαις

2183 4597 2659 4660 Βδουλεύσαντες,
2713 4595 2810 4647 καὶ
2837 4593 2936 4665 τὴν
2984 4589 3231 4660 πονηρὰν
3286 4589 3368 4639 ἔτι
3413 4584 3698 4655 συνήθειαν
3724 4593 3805 4630 τυ-

2252 4689 2554 4762 ραννοῦσαν
2585 4689 2642 4741 ἰν
2673 4685 2888 4746 ἐαυτοῖς
2919 4684 3158 4752 ἔχοντες.
3202 4678 3364 4732 Ἀλλά
3412 4675 3669 4746 δράμετε,
3716 4685 3806 4736 φη·

2251 4783 2356 4846 σίν,
2386 4781 2460 4842 ὡς
2489 4779 2650 4848 τάχος
2680 4778 2772 4830 ἐπὶ
2806 4776 2897 4830 τὸν
2927 4775 3136 4844 ἰατρὸν,
3167 4773 3263 4827 καὶ
3284 4770 3561 4840 νηστείαν,
3597 4765 3794 4822 πόνους,

2253 4872 2589 4943 προσευχάς,
2624 4869 2859 4941 δάκρυα,
2908 4862 2970 4921 τδ
2999 4867 3100 4936 τὴν
3146 4863 3424 4935 ἁμαρτίαν
3455 4855 3802 4929 ἐξαγορεύειν,

2255 4964 2351 5015 καὶ
2384 4961 2586 5023 αὐτοὺς
2643 4958 2887 5021 ἐκείνους
2937 4957 3064 5019 τοὺς
3111 4955 3466 5022 ἐνοχλοῦντας
3501 4951 3629 5018 ὑμῖν
3672 4946 3805 5009 λογι-

2255 5056 2425 5124 σμοῦς
2461 5052 2557 5106 καὶ
2602 5051 2740 5122 πρὸς
2787 5051 2888 5120 τὴν
2917 5047 3015 5100 τοῦ
3048 5045 3223 5099 κακοῦ
3283 5045 3482 5113 πρᾶξιν
3519 5039 3799 5124 ὠθοῦντας

2249 5147 2277 5198 ὃ
2307 5147 2398 5198 καὶ
2431 5145 2520 5198 διὰ
2560 5144 2721 5214 Ὠσηέ
2751 5141 2846 5195 τοῦ
2898 5142 3045 5194 θείου
3092 5137 3308 5199 πολλοῖς
3351 5136 3614 5204 πρότερον
3639 5132 3666 5183 ό
3688 5123 3802 5184 Θεδς

2252 5239 2468 5309 χρόνοις
2492 5236 2739 5300 ὀνειδίζει
2756 5231 3337 5298 τοὺςῚουδαίους,Ἵνα
3354 5247 3426 5291 τι,
3455 5228 3645 5294 λέγων,
3678 5232 3806 5285 παρ-

2251 5333 2596 5400 εσιωπήσατε
2636 5330 2914 5392 ἀσέϐειαν,
2951 5326 3064 5392 mil
3100 5325 3192 5376 τὸν
3222 5321 3436 5393 καρπὸν
3479 5317 3643 5384 αὐτῆς
3668 5315 3808 5379 ἐτρυ-

2253 5426 2481 5493 γήσατε;
2523 5423 2710 5477 Ταῦτα
2744 5421 2810 5492 δὴ
2857 5421 2928 5474 τὰ
2967 5417 3360 5486 ἀνυσιμώτατα
3408 5413 3668 5482 φάρμακα
3718 5402 3808 5455 αύ-

2256 5519 2340 5571 τοὶ
2369 5517 2584 5577 ἑαυτοῖς
2616 5513 2859 5577 ἐπίθετε,
2888 5511 2984 5565 καὶ
3007 5507 3133 5564 οὐδὲ
3171 5508 3317 5580 ἴχνος
3357 5505 3484 5577 ὑμῖν
3527 5497 3632 5556 τῶν
3657 5511 3810 5566 τραυ-

2264 5611 2450 5678 μάτων
2479 5606 2965 5677 ὐπολειφθήσεται.

2329 5700 2413 5755 H’.
2481 5698 2640 5753 Οϋτω
2825 5696 2972 5750 θείου
3006 5693 3140 5765 πρὸς
3175 5690 3377 5754 αὐτοὺς
3436 5680 3705 5771 ’Ᾱϐεριιίου
3734 5675 3805 5728 δι-
