4132 6438
1777 263 1813 283 κ

381 373 510 443 1221

1679 377 1859 439 VITA
1899 375 1960 436 S.
1990 374 2301 438 ABERCII

3499 371 3632 442 1.22

383 494 646 558 ἐξιόντος,
679 493 714 564 ἡ
748 491 914 562 ἐνάτη
943 489 1046 561 τῆς
1088 490 1304 563 ἡμέρας
1327 488 1446 562 ῶρα
1499 487 1632 559 πρδς
1682 487 1745 542 τδ
1802 487 1947 549 τέλος

2060 488 2195 554 cius,
2232 487 2375 544 nona
2411 489 2544 544 hora
2573 489 2682 545 diei
2717 489 2864 544 ﬁnita
2911 488 2960 543 ei
3009 504 3225 559 quoque
3271 489 3428 544 affert
3472 485 3632 544 linem

371 586 475 657 ἢδη
509 587 776 656 γενομένη
799 627 812 648 ,
842 585 996 650 τέλος
1026 586 1175 656 αὐτῷ
1223 585 1316 640 καὶ
1348 585 1426 656 τῷ
1469 583 1578 636 τῶν
1637 581 1810 649 λόγων
1858 583 1953 632 ἐπ-

375 682 521 750 άγει,
575 681 670 734 καὶ
703 679 946 734 διέλυσεν
975 682 1034 734 ἐν
1068 683 1282 742 τούτοις
1307 677 1406 747 τὴν
1433 677 1674 747 ὁμιλίαν,
1703 675 1802 748 τῆς
1832 693 1956 728 συν-

374 771 543 842 ήθους
575 771 740 826 αὐτὸν
790 771 1103 843 προσευχῆς
1137 770 1420 841 ἑλκούσης,
1446 771 1526 834 είς
1541 768 1757 840 ὁμιλίαν
1787 769 1953 838 ἄλλην

372 860 466 914 τοῦ
502 861 866 930 ποθουμένου.
911 861 974 917 '0
1005 863 1106 932 μὲν
1139 861 1234 916 οὖν
1284 862 1484 931 ἀνέστη
1535 859 1632 914 καλ⁹
1662 859 1763 922 τὰς
1798 859 1952 928 ίερὶις

371 948 590 1012 ἐκείνας
620 952 808 1020 χεῖρας
835 951 948 1013 τοῖς
977 949 1167 1014 κακῶς
1194 951 1412 1020 ἔχουσιν
1464 949 1701 1013 ἐπιθεὶς,
1754 947 1951 1001 ἐσϐεσέ

367 1057 429 1094 τε
464 1042 647 1103 αὐτοῖς
667 1042 765 1104 τὰς
795 1040 988 1106 ὀδύνας
1011 1042 1104 1094 καὶ
1139 1041 1275 1113 πρὸς
1303 1043 1519 1094 τελείαν
1553 1040 1768 1108 ὑγίειαν
1788 1041 1953 1092 ἐπαν-

369 1135 599 1202 ήγαγεν.
666 1128 799 1185 Εἶτα
853 1134 1020 1186 πᾶσιν
1056 1116 1426 1203 ἐπευξάμενος
1483 1151 1541 1187 τε
1590 1137 1688 1187 καὶ
1722 1131 1950 1200 εὐλογή-

371 1223 492 1286 σας,
525 1222 664 1274 ἀλλὰ
698 1221 804 1292 μὴν
835 1223 931 1276 καὶ
976 1221 1073 1276 τοῦ
1109 1225 1168 1276 ἐν
1199 1224 1390 1294 Κυρίῳ
1423 1223 1729 1293 φιλήματος
1782 1238 1950 1290 μετα-

369 1317 515 1379 δοὺς,
542 1314 636 1368 καὶ
668 1309 778 1368 οἷόν
804 1331 924 1368 τινα
954 1317 1227 1387 σφραγῖδα
1272 1316 1429 1369 τοῦτο
1458 1316 1641 1378 αὐτοῖς
1691 1314 1903 1374 ἐπιθεὶς
1931 1354 1946 1378 ,

369 1407 512 1460 ῶστε
569 1407 752 1470 καλῶς
808 1407 1152 1476 φυλαχθῆναι
1202 1408 1357 1478 παρὰ
1408 1407 1624 1470 τούτοις
1673 1407 1740 1458 τὰ
1795 1406 1949 1474 είρηη

373 1499 512 1566 μένα
535 1538 550 1560 ,
581 1497 764 1550 υίκαδὲ
838 1497 936 1550 σὺν
973 1500 1086 1560 τοῖς
1109 1497 1358 1566 ἀδελφοῖς
1386 1496 1621 1567 ἐχώρει·
1653 1496 1713 1548 τὸ
1735 1496 1791 1549 δέ
1820 1495 1951 1562 πλῆ-

370 1587 461 1649 θος
521 1587 946 1653 ἐπηκολούθουν,
1002 1587 1098 1641 καὶ
1160 1587 1529 1658 βαπτισθῆναι
1590 1587 1684 1640 ὑπ’
1734 1589 1946 1640 ἐκείνου

370 1679 601 1730 ἐδέοντο.
648 1678 705 1730 ⁸0
730 1679 785 1731 δέ
819 1678 1141 1749 ἀποδέχεται
1178 1678 1276 1749 μὲν
1319 1679 1380 1730 τὸ
1423 1678 1730 1748 πρόθυμον,
1757 1679 1946 1751 ὥσπερ

370 1771 540 1834 είκδς,
570 1769 753 1839 πολλῷ
799 1771 1021 1823 πλείονα
1050 1772 1145 1824 καὶ
1178 1771 1341 1834 αὐτὸς
1375 1771 1514 1841 ἔχων
1546 1774 1602 1824 ἐν
1649 1771 1823 1842 τούτῳ
1849 1772 1948 1839 τὴν

368 1860 715 1930 προθυμίαν’
746 1862 869 1914 ἐπεὶ
911 1861 966 1913 δὲ
1002 1862 1076 1932 μὴ
1110 1861 1207 1915 καὶ
1252 1864 1321 1914 τά
1349 1865 1445 1932 τῆς
1504 1862 1654 1932 ὥρας
1714 1863 1945 1932 συμϐαί-

367 1969 528 2005 νοντα
581 1950 672 2020 ἧν,
711 1954 792 2015 είς
835 1953 934 2018 τὴν
961 1953 1152 2022 αὔριον
1201 1956 1263 2006 τὸ
1299 1955 1582 2024 βάπτισμα
1633 1955 1946 2008 ἀνεϐάλετο.

368 2043 434 2094 0i
470 2042 568 2112 μὲν
603 2042 702 2095 οὖν
727 2043 913 2095 πολλοὶ
939 2043 1144 2096 τούτων
1173 2045 1251 2116 τῷ
1286 2045 1475 2115 θερμῷ
1521 2045 1684 2113 ἔρωτι
1729 2043 1820 2095 τοῦ
1854 2043 1951 2111 βα-

367 2136 695 2204 πτίσματος,
718 2135 838 2188 οὐδὲ
851 2135 1144 2205 τὴνόἴκαδε
1164 2137 1510 2206 ὑποστροφὴν
1535 2136 1949 2205 ὑπομείναντες,

370 2227 536 2278 αὑτοῦ
572 2244 677 2281 που
712 2228 866 2300 παρὰ
894 2229 954 2280 τὸ
982 2227 1258 2300 δωμάτιον
1290 2230 1690 2299 ἐκοιμήθησαν.
1723 2228 1947 2296 Ἐπειδὴ

366 2319 425 2371 δὲ
459 2315 524 2389 ἦν
553 2321 616 2371 ἐκ
648 2321 830 2389 μέσων
855 2320 1089 2386 νυκτῶν,
1122 2322 1149 2374 ὁ
1187 2321 1440 2374 τοσοῦτον
1487 2323 1546 2374 ἐν
1575 2321 1758 2391 χάριτι
1806 2319 1950 2389 λάμο

365 2409 474 2477 ψας
548 2410 852 2480 Ἀὅὲρκιος,
895 2410 1340 2480 προσευξάμενος
1373 2410 1450 2480 τῷ
1504 2409 1625 2479 Θεῷ
1651 2411 1818 2473 ἔξεισι
1849 2409 1949 2478 τῆς

369 2503 575 2566 οἰκίας,
605 2506 702 2554 καὶ
737 2503 826 2554 τὸν
857 2502 1014 2570 ὄχλον
1070 2501 1446 2572 περιεστῶτας
1500 2519 1560 2554 τε
1593 2503 1688 2554 καὶ
1740 2501 1948 2570 ύπομέο

369 2615 563 2660 νοντας
593 2599 956 2667 θεασάμενος,
985 2598 1053 2651 τὰ
1084 2598 1311 2668 ὄμματα
1365 2600 1444 2659 εἰς
1499 2598 1766 2668 οὐρανοὺς
1813 2602 1950 2651 ἀνα-

372 2689 539 2761 σχὼν,
583 2691 906 2760 Εὑχαριστῶ
940 2707 1044 2752 σοι,
1079 2693 1328 2744 Δέσποτα
1360 2692 1456 2744 καὶ
1487 2692 1607 2756 Θεὲ,
1655 2686 1834 2755 εἶπεν,
1867 2692 1947 2744 ὅτι

374 2799 445 2852 με
473 2783 566 2834 τὸν
604 2784 842 2851 ποιμένα
874 2783 981 2836 τῶν
1031 2783 1142 2836 σῶν
1181 2783 1420 2852 λογικῶν
1452 2785 1746 2853 προϐάτων
1779 2785 1946 2853 ἠλέη-

369 2887 495 2938 σας,
522 2874 618 2926 καὶ
642 2878 732 2926 τὸν
784 2874 1178 2945 ἀγρυπνοῦντα
1212 2875 1336 2928 καθ’
1367 2876 1526 2944 ἡμῶν
1559 2876 1744 2939 λύκον,
1777 2892 1942 2944 κεχη-

367 2966 496 3016 νότα
528 2967 704 3036 μάτην
731 2967 1044 3032 ἀπέδειξας,
1097 2967 1192 3019 καὶ
1227 2966 1324 3037 τὴν
1351 2966 1783 3020 διασπασθεῖσαν
1839 2965 1947 3018 ἀπὸ

366 3060 467 3128 τῆς
493 3057 752 3127 ἀληθείας
787 3057 884 3110 τοῦ
937 3059 1192 3128 ποιμνίου
1228 3061 1424 3129 μοῖραν
1459 3060 1794 3124 ἁνεκαλέσω,
1851 3061 1946 3112 καὶ

2057 580 2273 635 dicendi
2327 598 2341 635 :
2388 593 2443 636 et
2485 581 2538 635 in
2603 582 2687 636 his
2740 581 2901 636 solvit
2963 581 3294 644 sermonem,
3358 579 3634 637 consuetis

2054 672 2309 740 precibus
2342 687 2466 726 eum
2494 671 2842 728 trahentibus
2868 673 2934 726 ad
2976 673 3141 726 alium
3188 681 3498 727 sermonem
3541 674 3636 726 ha-

2053 762 2292 817 bendum
2334 779 2458 818 cum
2496 779 2585 829 eo,
2610 779 2771 834 quem
2802 764 3169 818 desiderabat.
3198 763 3296 818 Ille
3329 779 3460 835 ergo
3507 775 3633 820 sur-

2054 853 2315 918 reait;et
2365 869 2490 908 cum
2547 870 2733 910 sacras
2779 870 2976 909 manus
3011 855 3361 924 imposuisset
3410 857 3496 920 iis,
3538 861 3629 927 qni

2054 945 2198 997 male
2233 957 2293 998 se
2333 945 2628 1010 habebam,
2664 955 2720 1000 et
2747 960 2936 1000 eorum
2978 946 3242 1001 exstinxit
3288 948 3525 1011 dolores,
3578 953 3634 1001 ‘ct

2052 1033 2117 1086 ad
2162 1039 2462 1102 perlectam
2491 1036 2711 1088 reduxit
2753 1038 3064 1088 sanitatem.
3101 1034 3305 1090 Deinde
3337 1051 3460 1090 cum
3492 1037 3630 1090 bene.

2055 1133 2313 1178 arecatus
2378 1135 2526 1178 esset
2581 1126 2852 1190 omnibus,
2913 1134 2968 1179 et
3035 1127 3422 1191 benedixissct,
3499 1129 3629 1196 quin

2053 1214 2220 1268 etiam
2277 1215 2468 1270 osculo
2501 1216 2551 1268 in
2616 1215 2846 1271 Domino
2907 1217 3283 1286 impertiisset,
3338 1227 3392 1273 et
3464 1219 3630 1273 veluti

2051 1307 2325 1374 quoddam
2360 1308 2703 1378 signaculum
2729 1310 2811 1362 eis
2847 1309 3216 1378 imposuisset,
3251 1317 3310 1362 ut
3343 1325 3466 1378 qum
3487 1309 3632 1364 dieta

2052 1407 2205 1463 sunt,
2240 1410 2389 1454 recte
2421 1400 2490 1454 ab
2521 1401 2598 1454 eis
2623 1399 3060 1465 cuStodirentur,
3098 1401 3322 1455 domum
3361 1403 3480 1464 ibat
3505 1417 3629 1456 cum

2051 1491 2314 1546 fratribus
2360 1511 2372 1546 :
2413 1492 2707 1546 multitudo
2761 1506 2942 1546 autem
2996 1509 3120 1547 eum
3171 1497 3526 1562 sequebatur,
3579 1503 3634 1547 et

2049 1586 2292 1655 rogabat,
2326 1593 2384 1638 ut
2437 1586 2506 1639 ab
2546 1587 2638 1640 illo
2679 1585 3073 1654 baptizaretur.
3109 1587 3205 1642 llle
3256 1595 3440 1641 autem
3487 1587 3634 1641 acci-

2049 1677 2130 1746 pit
2169 1678 2415 1747 quidem,
2459 1687 2521 1731 ut
2554 1694 2654 1748 par
2681 1687 2822 1743 erat,
2868 1690 3178 1748 promptum
3226 1695 3416 1734 eorum
3461 1678 3632 1732 animi

2051 1770 2317 1834 studium,
2347 1769 2465 1838 ipse
2499 1785 2717 1840 quoque
2773 1771 2829 1824 in
2882 1786 2950 1824 eo
2996 1771 3206 1824 habens
3255 1771 3416 1841 longe
3455 1770 3631 1840 majo-

2053 1875 2191 1924 rem,
2222 1876 2384 1930 quam
2406 1862 2437 1914 ii
2465 1861 2758 1926 habebant,
2787 1860 2952 1914 animi
2973 1862 3305 1916 alacritatem
3343 1881 3356 1916 :
3383 1865 3476 1917 sed
3498 1877 3634 1932 quo-

2053 1952 2199 2005 niam
2243 1967 2350 2006 non
2377 1963 2495 2007 erat
2521 1962 2735 2023 tempus
2767 1954 3125 2020 conveniens,
3159 1956 3485 2021 baptismum
3528 1954 3632 2010 dif-

2053 2044 2160 2096 fert
2199 2043 2250 2097 in
2294 2044 2436 2098 diem
2481 2055 2826 2114 sequentem.
2877 2047 3054 2114 Atque
3095 2047 3250 2100 multi
3311 2048 3531 2118 quidem
3563 2063 3631 2102 ex

2053 2135 2123 2186 iis
2159 2143 2384 2204 propter
2419 2151 2673 2205 magnum
2714 2138 2966 2206 baptismi
3007 2137 3361 2202 desiderium,
3395 2154 3518 2194 cum
3563 2154 3636 2194 no

2051 2225 2274 2279 domum
2312 2227 2530 2294 quidem
2582 2227 2760 2282 redire
2819 2228 3236 2292 sustinuissent,
3292 2231 3636 2286 dormierunt

2053 2319 2162 2373 illic
2221 2335 2392 2389 prope
2455 2321 2868 2375 donmnculam.
2925 2322 3064 2376 Cum
3105 2333 3288 2378 autem
3347 2333 3492 2380 esset
3520 2340 3634 2379 me.

2051 2412 2201 2465 dium
2245 2412 2449 2472 noctis,
2501 2414 2673 2481 gratia
2742 2414 3098 2482 resplendens
3157 2416 3448 2481 Abercius,
3507 2433 3632 2471 cum

2053 2500 2222 2555 Deum
2257 2511 2514 2570 precatus
2549 2503 2761 2565 fuisset,
2793 2521 2822 2556 e
2854 2506 3018 2557 domo
3048 2507 3326 2574 egreditur
3359 2524 3371 2558 :
3420 2515 3477 2561 et
3507 2517 3629 2562 eam

2049 2594 2549 2648 circumsistentem
2593 2594 2820 2650 vidisset
2856 2596 3094 2662 turbam,
3147 2605 3204 2651 et
3242 2598 3629 2663 sustinentem,

2048 2687 2279 2741 sublatis
2316 2688 2369 2740 in
2395 2687 2563 2740 caelos
2593 2687 2765 2742 oculis
2805 2705 2819 2742 :
2861 2689 2975 2758 Ago
3002 2688 3098 2742 tibi
3135 2692 3358 2760 gratias,
3404 2688 3632 2744 Domine

2052 2778 2215 2844 Deus,
2277 2777 2476 2848 inquit,
2532 2780 2676 2847 quod
2738 2778 2994 2833 misertus
3041 2781 3116 2834 sis
3175 2781 3306 2844 mei,
3361 2782 3452 2850 qui
3507 2796 3628 2836 sum

2047 2881 2238 2942 pastor
2271 2880 2486 2925 tuarum
2519 2872 2703 2926 ovium
2757 2872 2987 2925 rationis
3023 2883 3338 2942 compotum
3379 2892 3392 2928 :
3429 2881 3504 2938 et,
3535 2874 3630 2944 qui

2050 2965 2103 3016 in
2139 2978 2238 3018 nos
2271 2963 2550 3034 vigilabat,
2585 2963 2770 3031 lupum
2805 2961 3008 3017 frustra
3073 2964 3317 3018 hiantem
3373 2965 3629 3020 reddide-

2050 3053 2147 3117 ris,
2187 3062 2244 3107 et
2273 3069 2303 3107 a
2334 3054 2563 3108 veritate
2603 3053 2870 3108 divulsam
2917 3055 3058 3109 hanc
3084 3055 3262 3126 gregis
3294 3068 3506 3124 partem
3537 3071 3630 3109 re-

369 3149 470 3218 τῆς
507 3149 595 3204 διὰ
623 3147 719 3202 τοῦ
770 3148 1154 3220 βαπτίσματος
1186 3150 1461 3213 υἱοθεσίας
1501 3151 1601 3221 ηδη
1657 3149 1944 3217 κατηξίου.

2051 3147 2289 3210 vocaris,
2329 3155 2383 3202 et
2430 3148 2544 3216 jam
2597 3149 2834 3202 filiorum
2890 3149 3184 3216 adoptione
3237 3149 3480 3220 digneris
3532 3158 3630 3221 per

369 3241 560 3294 Ταῦτα
617 3241 696 3312 τῷ
746 3243 856 3294 τῶν
906 3241 1045 3294 ὅλων
1099 3241 1226 3309 Θεῷ
1255 3241 1580 3311 διαλεχθεὶς,
1632 3241 1946 3296 ἀκολουθεῖν

367 3333 520 3402 αὐτῷ
555 3333 694 3404 πρὸς
723 3334 824 3403 τὴν
871 3332 1172 3402 ἐκκλησίαν
1215 3333 1277 3386 τὸ
1311 3333 1518 3404 πλῆθος
1550 3336 1944 3405 προτρέπεται.

379 3420 600 3489 Ἐπειδὴ
631 3423 688 3474 δὲ
712 3424 973 3491 ἀφίκοντο
999 3425 1124 3494 ήδη,
1154 3424 1254 3488 τὰς
1279 3426 1534 3496 συνήθεις
1569 3428 1754 3488 αὐτοῖς
1781 3428 1946 3495 εὐχὰς

366 3514 636 3582 ἐπειπὼν,
667 3516 865 3567 τελειοῖ
923 3515 1001 3585 τῷ
1036 3515 1378 3584 βαπτίσματι
1425 3517 1624 3586 ἄνδρας
1676 3534 1947 3570 πεντακο-

368 3609 522 3669 σίους
551 3607 640 3658 τὸν
681 3608 940 3676 ἀριθμὸν,
993 3607 1179 3660 πολλοὶ
1211 3607 1306 3660 οὖν
1357 3615 1507 3680 παρὰ
1544 3610 1636 3660 τὸν
1665 3609 1836 3678 ἄνδρα
1883 3610 1946 3662 τὸ

365 3698 465 3752 ἀπ’
497 3700 706 3752 ἐκείνου
739 3701 1052 3770 συνέρρεον,
1088 3703 1147 3752 οὐ
1184 3702 1283 3770 τῆς
1321 3703 1567 3772 μεγάλης
1618 3704 1780 3771 μόνον
1806 3704 1947 3774 Φρυ-

368 3792 498 3859 γίας
528 3795 620 3846 καὶ
651 3795 748 3863 τῆς
779 3795 1093 3863 περιχώρου
1142 3795 1346 3863 πάσης,
1377 3794 1514 3847 ἀλλὰ
1546 3797 1641 3848 καὶ
1689 3796 1802 3848 ὅσοι
1849 3796 1947 3866 τὴν

378 3883 570 3937 Ἀσίαν
599 3883 799 3954 ᾤκουν,
826 3887 942 3938 ὅσοι
972 3902 1031 3938 τε
1059 3888 1122 3955 τῇ
1153 3888 1346 3956 Λυδία,
1385 3890 1479 3939 καὶ
1510 3889 1624 3940 ὅσοι
1655 3890 1721 3958 τῇ
1759 3889 1946 3958 Καρία

368 3981 492 4040 ταῖς
524 3977 815 4048 ἐπαρχίαις
844 3980 1178 4050 ἐπεδήμουν.
1213 3982 1321 4032 Καὶ
1368 3981 1478 4050 γὰρ
1505 3981 1592 4034 διὰ
1639 3982 1817 4051 πάσης
1847 3983 1946 4033 πό-

366 4070 507 4132 λεως
533 4073 659 4139 περὶ
692 4069 858 4122 αὑτοῦ
882 4071 1036 4140 λόγος
1068 4071 1288 4142 ἐχώρει,
1315 4075 1375 4124 ού
1405 4073 1560 4135 κενὸς
1598 4073 1674 4125 ὢν
1712 4077 1808 4126 καὶ
1838 4075 1946 4142 μά-

367 4177 520 4223 ταιος
553 4165 648 4214 καὶ
676 4162 762 4214 διὰ
796 4161 955 4214 τοῦτο
982 4166 1074 4215 καὶ
1107 4165 1398 4236 σϐεσθῆναι
1425 4165 1484 4216 τὸ
1515 4165 1676 4234 τάχος
1707 4165 1943 4233 δυνάμε-

370 4272 460 4319 νος
487 4292 503 4319 ,
535 4253 672 4306 ἀλλὰ
724 4254 925 4322 πολλὴν
957 4257 1096 4323 ἒχων
1145 4255 1245 4325 την
1293 4255 1485 4326 ῥώμην
1527 4259 1634 4308 ἀπὸ
1678 4257 1776 4325 τῆς
1812 4259 1946 4324 ἀλη-

367 4348 540 4410 θείας.
577 4347 875 4417 Συνέρρεον
928 4349 1108 4398 τοίνυν
1155 4347 1285 4416 παρ’
1322 4347 1503 4410 αὑτὸν,
1557 4348 1604 4399 οί
1659 4348 1756 4416 μὲν
1801 4347 1943 4400 ὥστε.

365 4439 442 4492 τὰ
475 4441 720 4510 σωτήρια
753 4437 1098 4506 διδαχθῆναι,
1137 4438 1187 4490 ol
1216 4439 1272 4490 δὲ
1303 4429 1400 4490 καὶ
1434 4439 1543 4491 τῶν
1583 4439 1944 4508 ἐνοχλούντων

366 4531 751 4601 ἀπαλλαγῆναι
802 4531 958 4592 ὅσους
1008 4529 1210 4598 δηλαδὴ
1258 4531 1415 4592 νόσος
1473 4531 1666 4594 ἐπίεζέ
1699 4532 1864 4600 ngf,
1893 4548 1944 4583 τι

367 4623 465 4675 καὶ
500 4621 630 4674 ἄλλο
664 4621 884 4687 κατεῖχε
929 4619 1122 4671 κακόν.
1151 4614 1262 4672 Ἦν
1307 4622 1418 4689 γὰρ
1442 4620 1649 4684 διδάξαι
1703 4624 1794 4674 τὸν
1844 4623 1944 4691 τῆς

367 4713 627 4783 ἀληθείας
651 4712 810 4777 λόγον
841 4709 1187 4776 δεξιώτατος,
1235 4715 1332 4762 καὶ
1377 4711 1768 4765 οίκειώσασθαι
1819 4716 1946 4774 τοὺς

369 4807 700 4880 προσιόντας
726 4803 813 4857 διὰ
845 4801 1080 4872 Χριστὸν
1103 4801 1472 4870 ἑτοιμότατος,
1512 4803 1608 4854 καὶ
1638 4802 1946 4869 ἀπαλλάξαι

371 4899 564 4954 κακῶν
589 4896 872 4959 ὀξύτατος.

433 4989 512 5044 Θ’.
576 4989 785 5056 Ὀλίγαι
841 4984 978 5054 γοῦν
1031 4984 1310 5055 παρῆλθον
1366 4985 1596 5056 ἡμέραι,
1654 4986 1752 5037 καὶ
1813 4988 1942 5049 τους

370 5084 786 5156 πρεσϐυτέρους
830 5080 927 5132 καὶ
961 5079 1266 5142 διακόνους,
1305 5079 1441 5147 πρὸς
1471 5079 1530 5130 δέ
1586 5078 1682 5130 καὶ
1710 5078 1810 5148 τὴν
1838 5081 1946 5132 λοι-

371 5181 483 5249 πὴν
510 5176 850 5243 ἀδελφότητα
893 5171 1252 5242 παραλαϐὼν,
1281 5173 1521 5240 πρόεισι,
1567 5173 1664 5225 καὶ
1711 5173 1945 5235 καθίσας

372 5273 455 5334 εἰς
489 5273 659 5340 ὅνπερ
708 5265 890 5320 εἰώθει
941 5267 1127 5330 τόπον,
1179 5262 1369 5333 ὥσπερ
1429 5263 1506 5316 ἐκ·
1542 5281 1690 5326 τινος
1723 5265 1944 5334 ἡδίστης

374 5363 563 5434 πηγῆς
593 5363 662 5412 τὰ
690 5359 1006 5428 γλυκύτατα
1033 5356 1131 5426 τῆς
1156 5355 1510 5419 διδασκαλίας
1554 5356 1744 5427 ῥεῖθρα
1767 5359 1948 5426 προΐει

370 5457 467 5512 τοῦ
501 5456 795 5524 στόματος.
841 5452 933 5504 Ἐν
959 5451 1140 5521 τούτῳ
1183 5449 1240 5502 δέ
1267 5449 1541 5521 προσῆλθε
1569 5467 1656 5512 τις
1701 5451 1806 5502 ὑπὸ
1834 5467 1950 5520 χει.

377 5547 614 5622 ραγωγῴ
671 5547 808 5614 γυνη
858 5544 970 5596 τῶν
1049 5542 1356 5610 ἐπιφανῶν,
1395 5544 1784 5612 ἐκκεκομμένη
1815 5544 1945 5605 τοὺς

372 5641 688 5710 ὀφθαλμοὺς
717 5675 734 5702 ,
777 5638 950 5705 ὄνομα
1001 5635 1309 5706 Φρύγελλα,
1358 5635 1710 5700 Εὐξεινιανοῦ
1762 5641 1947 5707 μήτηρ

375 5735 710 5795 Ποπλίωνος.
754 5729 817 5782 Ὀ
851 5730 911 5782 δέ
939 5728 1008 5802 ἦν
1033 5729 1142 5783 τῶν
1177 5729 1332 5799 παρὰ
1364 5731 1446 5800 τῷ
1491 5730 1859 5801 αὐτοκράτορί
1887 5747 1946 5783 τε

375 5827 473 5882 καὶ
500 5829 563 5896 τῇ
595 5826 748 5880 πόλει
801 5824 971 5896 πάσῃ,
1007 5822 1107 5885 τὰς
1142 5821 1364 5893 πρώτας
1421 5822 1655 5891 ἐχόντων
1697 5822 1860 5890 τιμὰς
1912 5825 1940 5876 ὁ

2050 3241 2406 3310 baptismum.
2459 3239 2584 3294 Haec
2618 3255 2746 3294 cum
2793 3241 3022 3295 dixisset
3066 3240 3178 3296 Deo
3224 3241 3626 3307 universorum,

2044 3336 2204 3404 jubet
2235 3333 2639 3388 multitudinem
2678 3349 2802 3387 eum
2855 3333 3009 3402 sequi
3057 3333 3124 3387 ad
3148 3335 3456 3388 ecclesiam.
3490 3335 3628 3390 Cum

2050 3435 2233 3479 autem
2269 3426 2380 3495 jam
2436 3425 2738 3489 venissent,
2789 3425 3070 3478 consuetis
3129 3425 3290 3479 dictis
3345 3426 3627 3495 precibus,

2049 3514 2323 3583 baptismo
2351 3513 2528 3568 initiat
2557 3515 2703 3568 viros
2731 3529 2961 3569 numero
2990 3515 3342 3586 quingentos.
3383 3518 3459 3571 Ex
3493 3517 3626 3572 hinc

2049 3613 2232 3658 autem
2264 3603 2417 3658 multi
2463 3605 2530 3658 ad
2583 3604 2734 3658 illum
2786 3605 3153 3669 conﬂuebant,
3192 3621 3300 3660 non
3330 3608 3505 3662 solum
3559 3624 3628 3664 ex

2049 3709 2244 3765 magna
2283 3693 2536 3765 Phrygia,
2571 3707 2626 3749 et
2661 3694 2918 3750 universa
2968 3696 3200 3750 ﬁnitima
3247 3699 3492 3767 regione,
3530 3701 3627 3754 sed

2047 3786 2210 3840 etiam
2239 3787 2330 3854 qni
2355 3786 2533 3840 Asiam
2558 3787 2898 3852 habitabant,
2922 3797 2978 3842 et
3010 3789 3104 3856 qui
3127 3791 3395 3858 degebant
3420 3791 3474 3843 in
3496 3806 3626 3860 pro-

2049 3875 2244 3930 vinciis
2262 3875 2427 3948 Lydia
2448 3887 2502 3932 et
2521 3877 2704 3932 Caria.
2737 3879 2947 3933 Etenim
2973 3894 3068 3948 per
3099 3881 3408 3934 universam
3429 3884 3622 3936 civita-

2051 3977 2155 4021 tem
2184 3967 2251 4022 de
2288 3967 2406 4037 ipso
2437 3969 2694 4023 manabat
2719 3983 2919 4033 sermo,
2947 3974 3038 4039 qui
3071 3986 3180 4025 non
3216 3981 3332 4025 erat
3362 3987 3537 4027 vanus
3571 3981 3628 4026 et

2049 4061 2235 4114 inanis
2279 4069 2334 4114 et
2379 4060 2506 4114 ideo
2537 4062 2644 4116 cito
2675 4070 2885 4130 poterat
2913 4063 3209 4132 exstingui,
3286 4064 3381 4118 sed
3434 4064 3525 4134 qui
3557 4080 3623 4119 ex

2049 4155 2280 4206 veritate
2324 4169 2546 4225 magnas
2573 4155 2808 4209 habebat
2839 4155 3001 4209 vires.
3039 4156 3120 4209 Ad
3169 4171 3294 4208 eum
3327 4172 3454 4227 ergo
3490 4171 3625 4210 con-

2048 4244 2310 4310 ﬂuebant,
2343 4248 2430 4300 alii
2464 4247 2684 4316 quidem
2737 4256 2794 4302 ut
2835 4248 3111 4302 discerent
3157 4264 3276 4317 qua:
3312 4257 3473 4303 erant
3533 4265 3626 4304 sa-

2051 4339 2270 4402 lutaria,
2306 4339 2395 4392 alii
2428 4349 2610 4393 autem
2639 4348 2697 4393 ut
2723 4339 3090 4394 liberarentur
3128 4340 3196 4394 ab
3235 4341 3320 4403 iis,
3366 4357 3487 4410 qua:
3545 4344 3627 4397 eis

2051 4433 2356 4486 aﬁ'erehant
2413 4431 2720 4486 molestiam
2785 4451 2798 4486 :
2864 4449 3001 4502 quos
3066 4433 3274 4488 scilicet
3347 4436 3629 4505 premebat

2053 4525 2300 4587 morbus,
2334 4532 2429 4577 aut
2460 4527 2626 4577 etiam
2673 4524 2892 4592 aliquod
2941 4524 3089 4578 aliud
3147 4527 3368 4581 tenebat
3400 4529 3625 4582 malum.

2050 4614 2181 4668 Erat
2207 4614 2350 4667 enim
2391 4614 2714 4681 aptissimus
2748 4614 2817 4667 ad
2871 4615 3178 4668 docendum
3207 4617 3436 4670 verbum
3481 4619 3630 4672 veri-

2051 4705 2197 4765 tatis,
2233 4713 2288 4756 et
2338 4702 2724 4770 paratissimus
2773 4702 3074 4758 familiares
3127 4703 3351 4760 CbriSto
3397 4705 3628 4762 reddere

2049 4811 2164 4859 eos,
2196 4794 2290 4864 qui
2322 4792 2676 4848 accedebant.

2121 4999 2214 5052 IX.
2271 4997 2438 5053 Pauci
2504 4999 2622 5054 dies
2675 5000 3079 5070 praeterierunt.
3138 5019 3264 5058 cum
3327 5011 3628 5080 assumptis

2051 5089 2384 5160 presbyteris
2416 5098 2472 5144 et
2518 5089 2799 5157 diaconis,
2849 5100 2906 5145 et
2953 5092 3156 5164 reliqua
3216 5110 3475 5166 praterea
3515 5103 3633 5156 frac-

2052 5185 2330 5250 to-rnitate,
2397 5183 2641 5254 procedit
2678 5200 2693 5237 :
2729 5192 2786 5236 et
2837 5183 3037 5239 sedens
3070 5186 3123 5240 in
3164 5203 3230 5241 eo
3256 5189 3398 5254 loco,
3427 5193 3480 5244 in
3513 5208 3622 5262 quo

2051 5284 2436 5340 consueverat,
2485 5284 2743 5341 tanquam
2775 5290 2841 5328 ex
2874 5276 3058 5346 aliquo
3088 5279 3240 5332 fonte
3268 5281 3621 5350 suavissimo,

2050 5383 2117 5424 ex
2144 5384 2238 5422 ore
2265 5367 2548 5437 profundit
2597 5367 2858 5422 doctrina:
2895 5367 3096 5423 ﬂuenta
3142 5372 3484 5429 suavissima.
3529 5374 3620 5428 ln-

2051 5471 2200 5515 terea
2229 5469 2410 5513 autent
2442 5459 2674 5512 accessit
2705 5458 2939 5514 adducta
2972 5461 3200 5516 illustris
3247 5464 3493 5532 quaedam
3538 5465 3621 5520 fe-

2054 5554 2223 5617 mina,
2292 5550 2468 5604 oculis
2516 5551 2727 5615 orbata,
2786 5553 3010 5607 nomine
3085 5553 3392 5624 Phrygella,
3446 5566 3621 5610 mater

2050 5641 2358 5697 Euxeniani
2389 5641 2686 5711 Poplionis.
2765 5641 2816 5697 Is
2850 5660 2977 5698 vero
3006 5642 3231 5713 Peplion
3262 5647 3406 5716 apud
3443 5646 3620 5716 impc-

2054 5744 2288 5788 ratorcm
2346 5740 2400 5786 et
2456 5733 2764 5787 universam
2815 5734 3092 5790 civitatem
3147 5736 3382 5806 primum
3440 5737 3620 5792 locum

2051 5829 2103 5883 in
2143 5828 2348 5884 honore
2375 5827 2670 5884 obtinebat.
2714 5828 2957 5884 Adducta
2990 5844 3138 5900 ergo,
3172 5830 3316 5886 sicut
3353 5831 3614 5899 diximus,
