4132 6434
432 399 573 464 ῒ225

1706 405 1885 467 VITA
1917 408 1979 470 S.
2017 404 2343 470 ABERCII.

3527 404 3660 469 1226

429 523 536 562 σιν.
586 506 645 562 ’0
695 508 880 565 τοίνυν
929 510 1307 582 περιεστηκὼς
1355 510 1510 582 ὄχλος
1563 513 1624 565 τὸ
1674 513 1860 567 καινὸν
1892 513 1986 567 τοῦ

2092 516 2314 586 Magnus
2342 530 2420 583 es,
2457 514 2601 573 Deus
2638 514 3102 580 Christianorum,
3166 527 3293 568 nam
3341 513 3377 567 ii
3439 528 3657 584 quoque

429 599 710 669 θαύματος
736 601 1127 670 ἐκπλαγ’έντες,
1159 603 1349 671 Μέγας
1381 600 1448 667 εί,
1510 605 1604 658 καὶ
1633 599 1799 672 οὗτοι,
1829 608 1858 659 ό
1882 606 1990 660 τῶν

322 692 333 702 ⁸
426 688 773 760 Χριστιανῶν
829 690 985 756 Θεὸς,
1041 691 1366 760 ἀνεϐόησαν,
1415 693 1541 746 ἐπεὶ
1591 697 1689 749 καὶ
1741 695 1991 765 μεγάλων

425 781 596 843 ὅντως
629 780 961 835 ἀπολαύουσι
996 782 1106 836 τῶν
1130 783 1371 853 χαρίτων
1417 785 1464 836 οί
1494 783 1554 837 τὸ
1583 785 1676 838 σὺν
1707 786 1996 839 ἐπικαλού-

427 885 578 940 μενοι
606 868 797 939 ὄνομα.
836 871 924 924 Ἐν
955 871 1130 939 τούτῳ
1160 871 1217 923 δὲ
1247 873 1275 924 ό
1308 872 1451 936 θεῖος
1496 874 1803 944 ’.ὶόἐρκιος.
1833 876 1989 940 Ἰδοὺ,

421 962 605 1028 γύναι,
648 962 834 1033 φησὶν,
891 961 1061 1031 ἔγνως
1105 964 1256 1027 ὅπως
1287 965 1316 1016 ό
1347 966 1477 1027 ἐμὸς
1509 967 1788 1036 Δεσπότης
1833 968 1993 1038 ἀμεί-

416 1052 581 1109 Garat
623 1053 926 1123 φιλοτίμως
979 1054 1106 1115 τοὺς
1137 1053 1454 1120 ἐλπίζοντας
1509 1056 1598 1108 ἐπ’
1655 1057 1841 1111 αὐτόν.
1893 1059 1998 1111 Πο-

414 1143 587 1211 ηρεύου
624 1146 916 1215 τοιγαροῦν
938 1149 1018 1208 εἰς
1048 1147 1295 1217 εἰρήνην,
1322 1147 1486 1217 ἑαυτῇ
1523 1164 1581 1199 τε
1622 1148 1991 1217 προσέχουσα,

414 1237 659 1305 κάκείνῳ
698 1239 1084 1308 προσήκουσαν
1118 1239 1215 1307 τὴν
1255 1238 1610 1310 εὐχαριστίαν
1640 1239 1989 1294 ἀποδιδοῦσα.

419 1328 604 1382 Ταῦτα
658 1331 687 1382 ὁ
750 1330 851 1399 μὲν
900 1331 1118 1395 ἔλεγεν·
1182 1331 1215 1399 ὴ
1276 1330 1332 1382 δὲ
1390 1328 1528 1398 πρὸς
1563 1329 1662 1398 μὲν
1708 1329 1769 1383 τὸ
1812 1331 1987 1400 παρὸν

415 1419 707 1485 ἀφίστατο*
740 1420 906 1473 πάλιν
956 1420 1012 1473 δὲ
1050 1422 1417 1490 ἐπανήρχετο,
1444 1421 1540 1474 καὶ
1581 1421 1723 1474 κατὰ
1759 1423 1895 1475 πολὺ
1927 1425 1985 1475 τὸ

2087 609 2298 679 magnis
2326 624 2452 665 vere
2519 608 2775 664 fruuntur
2815 608 3023 680 gratiis,
3078 606 3171 678 qui
3242 614 3394 660 tuum
3456 619 3655 659 nomen

2088 704 2367 760 invocant.
2431 702 2589 757 Tunc
2639 711 2821 756 autem
2875 700 3094 755 divinus
3157 699 3456 755 Abercius:
3495 695 3659 759 Ecce,

2090 794 2302 864 inquit,
2369 792 2589 857 mulier,
2653 790 2994 860 cognovisti,
3035 804 3194 860 quam
3250 787 3547 843 liberaliter
3597 802 3663 841 ac

2090 879 2349 935 muniﬁce
2416 880 2675 935 Dominus
2741 896 2896 935 meus
2952 895 3048 935 ens
3099 888 3514 942 remuneratur,
3568 878 3662 948 qui

2093 982 2315 1040 Sperant
2348 972 2401 1025 in
2431 973 2634 1041 ipsum.
2666 972 2815 1027 Vade
2837 987 2967 1042 ergo
2998 972 3052 1025 in
3086 986 3246 1041 pace,
3287 971 3379 1024 tibi
3412 971 3657 1024 animum

2090 1063 2380 1121 adhibens,
2422 1071 2479 1117 et
2531 1064 2604 1116 illi
2664 1078 2829 1133 agens
2851 1078 2967 1127 eas,
3010 1077 3146 1132 quas
3170 1079 3269 1132 par
3298 1071 3402 1127 est,
3435 1060 3661 1132 gratias.

2089 1154 2214 1210 Haec
2265 1155 2355 1209 ille
2406 1169 2530 1209 cum
2592 1155 2841 1219 dixisset,
2877 1155 3154 1225 Phrygella
3183 1155 3411 1210 recessit
3437 1154 3660 1223 quidem

2087 1245 2140 1299 in
2173 1246 2499 1315 praesentia:
2556 1262 2750 1300 rursus
2795 1257 2975 1301 autem
3031 1248 3212 1307 rediit,
3258 1255 3465 1299 etcum
3506 1244 3660 1298 valde

2091 1334 2269 1389 colere
2297 1337 2683 1403 perseveravit.
2716 1336 2890 1403 Atque
2914 1350 3106 1389 rursus
3136 1334 3352 1403 quidem
3375 1347 3663 1405 aggressus

2091 1433 2175 1477 est
2216 1425 2478 1479 Abercius
2514 1432 2832 1479 consuetam
2862 1426 3189 1481 doctrinam.
3610 1443 3614 1446 ’

414 1516 584 1575 σέϐας
615 1517 783 1571 αὑτοῦ
824 1518 1023 1587 εἴχετο,
1074 1518 1169 1571 καὶ
1216 1518 1470 1587 οὐδαμῶς
1524 1519 1584 1570 τὸ
1636 1519 1775 1589 μετὰ
1832 1522 2028 1575 ταῦτα,
2063 1521 2343 1576 διΐστατο·
2403 1523 2608 1593 ἥπτετο
2661 1522 2761 1593 μὲν
2801 1523 2893 1577 οὖν
2936 1523 3218 1595 Ἀὄέρκιος
3252 1519 3406 1587 αὖθις
3436 1523 3538 1592 τῆς
3571 1539 3667 1576 συ⁶

415 1615 616 1686 νήθους
645 1615 1020 1671 διδασκαλίας.

491 1706 593 1762 1Α’.
648 1709 756 1761 Τοῦ
788 1708 844 1761 δὲ
900 1711 1041 1763 κατᾶ
1076 1709 1174 1781 τὴν
1224 1710 1539 1780 Φρύγελλαν
1593 1710 1869 1783 θαύματος
1906 1713 1987 1775 είς

2162 1713 2254 1768 XI.
2301 1714 2437 1767 Cum
2493 1722 2672 1768 autem
2712 1710 2859 1782 quod
2916 1708 2970 1763 in
3015 1707 3298 1779 Pbrygella
3325 1707 3528 1763 factum
3563 1709 3668 1766 fuit

418 1799 591 1852 πολλὰ
638 1801 741 1871 τῆς
813 1800 919 1868 γῆς
972 1801 1111 1871 μέρη
1172 1802 1527 1870 διαδοθέντος,
1589 1804 1986 1875 προσέρχονται

2094 1804 2439 1866 miraculum,
2494 1805 2549 1857 in
2603 1802 2803 1857 multas
2875 1811 3032 1855 terra:
3085 1807 3267 1869 partes
3308 1801 3659 1868 pervasisset,

415 1891 564 1959 αὐτῷ
595 1890 955 1960 πρεσϐύτιδες
989 1895 1158 1963 τρεῖς,
1189 1893 1288 1954 τὰς
1311 1893 1461 1961 ὄψεις
1491 1895 1585 1946 καὶ
1618 1888 1778 1948 αὗται
1806 1911 1986 1966 πεπη-

418 1984 664 2052 ρωμέναι
700 1997 715 2012 ·
748 1982 1104 2053 Πιστεύομεν,
1152 1983 1432 2051 λέγουσαι,
1468 1986 1562 2040 καὶ
1592 1988 1752 2057 ἡμεῖς
1782 1987 1861 2049 είς
1892 1986 1982 2039 τὸν

415 2073 520 2126 ὑπὸ
552 2072 648 2125 σοῦ
677 2073 1084 2143 κηρυττόμενον
1105 2073 1330 2144 Ἰησοῦνυ
1383 2077 1609 2145 φανήτω
1640 2075 1986 2147 τοιγαροῢνὴ

413 2163 787 2233 εὐσπλαγχνία
811 2164 965 2217 τοῦδε
990 2166 1086 2217 καὶ
1114 2167 1199 2234 ἐφ’
1232 2166 1401 2234 ἡμᾶς,
1432 2168 1527 2219 καὶ
1556 2166 1749 2232 δεῖξον,
1782 2163 1827 2219 ὦ
1855 2168 1990 2220 θαυ-

416 2258 599 2325 μάσιε,
630 2256 725 2307 καὶ
752 2257 902 2325 ἡμῖν,
938 2254 1130 2324 ὥσπερ
1159 2257 1269 2327 ἄρα
1302 2262 1395 2310 καὶ
1420 2257 1723 2331 Φρυγέλλῃ,
1760 2259 1820 2312 τὸ
1849 2259 1985 2328 φῶς.

422 2347 484 2399 '0
509 2347 591 2411 δὲ,
647 2346 708 2399 Ei
737 2349 767 2416 ἠ
801 2349 980 2409 πίστις
1015 2348 1169 2418 ὑμῶν
1205 2350 1340 2418 πρὸς
1366 2348 1460 2403 τὸν
1488 2349 1663 2420 ἀληθῆ
1692 2350 1826 2403 Θεὸν
1857 2350 1990 2419 ἀλη-

410 2440 513 2509 θής
540 2441 708 2503 ἐστιν,
733 2438 808 2502 ὥς
839 2455 994 2507 φατε,
1030 2441 1139 2502 τοῖς
1166 2443 1374 2510 νοητοῖς
1402 2441 1567 2493 αύτὶν
1612 2444 1710 2512 τῆς
1759 2442 1989 2512 καρδίας

413 2529 609 2599 ὕψεσθι.
639 2528 956 2598 ὀφθαλμοῖς.
985 2529 1172 2582 Ταῦτά
1195 2545 1257 2582 τε
1287 2529 1498 2600 εἴρηκε,
1525 2531 1765 2594 καὶτοὺς
1792 2531 1989 2600 ὀφθαλσ

410 2619 546 2699 μους
579 2619 867 2679 ἀνατείνας
894 2633 909 2649 ο
941 2616 1113 2687 Κύριε
1162 2617 1336 2685 Ἰησοῦ
1370 2618 1596 2689 Χριστὲ,
1630 2617 1822 2687 δέομαί
1857 2636 1976 2686 σου,

413 2709 540 2780 ἔφη,
578 2708 837 2761 ίδέτωσαν
885 2709 980 2763 καὶ
1022 2705 1185 2762 αὗται
1214 2709 1273 2761 τὸ
1305 2708 1422 2778 φῶς
1469 2711 1566 2779 τῆς
1602 2713 1703 2781 σῆς
1751 2713 1987 2779 ἐπιγνώ-

415 2817 574 2867 σεως,
609 2801 704 2854 καὶ
755 2801 852 2869 τῆς
891 2800 1248 2869 ἐπικειμένης
1272 2801 1463 2863 αὐταῖς
1499 2800 1698 2872 ἀχλύος
1764 2803 1987 2870 ἀνενεγ-

416 2892 647 2957 κοῦσαι,
700 2891 1175 2961 διαὸλεψάτωσαν,
1232 2891 1501 2957 Δέσποτα,
1558 2891 1697 2961 πρὸς
1733 2892 1834 2954 τὰς
1889 2894 1989 2954 σὰς

414 2982 512 3051 τῆς
541 2980 805 3050 ἀληθείας
855 2980 1054 3048 αὐγάς.
1105 2978 1291 3042 Οὕτως
1328 2978 1554 3050 ηὔξατο,
1597 2981 1693 3034 καὶ
1732 2979 1843 3033 ίδοὺ
1895 2982 1988 3033 τὸν

414 3072 575 3125 τόπον
615 3071 741 3125 ἔνθα
773 3071 838 3142 δὴ
870 3072 966 3124 καὶ
1012 3070 1362 3141 εἱστήκεσαν,
1398 3069 1517 3136 φῶς
1557 3070 1763 3127 ἄνωθεν
1797 3072 1991 3144 περιή-

416 3177 660 3235 στραπτε
719 3162 885 3232 μέγα,
918 3161 1014 3215 καὶ
1048 3162 1256 3223 πάντας
1283 3156 1395 3231 εἶχε
1432 3161 1693 3226 πεσόντας
1721 3164 1754 3234 ή
1784 3166 1878 3234 γῆ,
1908 3164 1989 3234 τῷ

413 3252 707 3324 παραδόξῳ
733 3253 833 3321 τῆς
865 3251 995 3316 θέας
1027 3254 1486 3321 καταπλαγέντας
1510 3269 1523 3283 ·
1561 3254 1623 3307 τὸ
1651 3255 1709 3307 δέ
1740 3256 1857 3324 φῶς
1885 3257 1984 3327 οὐχ

409 3343 526 3402 οἷον
553 3349 613 3413 ἐξ
647 3348 802 3420 ⁴ίιλίου
856 3348 953 3402 καὶ
1006 3349 1303 3419 ἀστραπῆς
1355 3348 1599 3420 ἔρχεται,
1635 3349 1774 3404 ἀλλὰ
1801 3352 1987 3405 καινὸν

415 3439 592 3504 ἄλλως
617 3441 714 3493 καὶ
743 3440 970 3511 φρικτὸν
1002 3440 1096 3493 καὶ
1147 3439 1443 3510 ἀσύνηθες.
1509 3440 1759 3495 Ἵσταντο
1806 3444 1989 3497 τοίνυν

415 3533 659 3597 ἀκλινεῖς
693 3526 887 3595 αὗται,
921 3531 1146 3587 πάντων
1194 3531 1273 3602 τῷ
1304 3531 1492 3602 ἐδάφει
1542 3533 1986 3601 καταπεσόντων,

415 3625 511 3677 καὶ
542 3623 605 3676 τδ
638 3623 810 3693 φανὲν
841 3625 1020 3678 ἐκεῖνο
1055 3622 1171 3692 φῶς
1205 3623 1362 3692 πολὺ,
1388 3625 1512 3687 ταῖς
1566 3622 1724 3694 ὄψεσι
1781 3624 1989 3679 τούτων

416 3716 848 3788 ἐγκατασκῆψαν
868 3756 884 3784 ,
921 3717 1230 3786 ἀναϐλέψαι
1259 3733 1320 3769 τε
1350 3716 1521 3779 αὑτὰς
1549 3717 1774 3786 ἐποίησε
1811 3733 1988 3786 παρα·

414 3809 631 3880 χρῆμα,
661 3811 756 3861 καὶ
780 3808 842 3861 τὸ
870 3807 1097 3878 ἡλιακὸν
1121 3808 1279 3861 τοῦτο
1296 3806 1411 3876 φῶς
1439 3807 1500 3859 τὸ
1519 3805 1691 3875 γλυκὺ
1724 3809 1816 3860 καὶ
1837 3807 1989 3877 φίλον

420 3899 733 3972 ἀνθρώποις
767 3898 914 3955 ίδείν.
951 3899 1012 3952 ’0
1038 3897 1095 3950 δὲ
1125 3897 1201 3962 ὡς
1258 3898 1433 3961 οὕτως
1459 3898 1628 3966 ὑγιῶς
1669 3898 1777 3950 τῶν
1806 3898 1992 3968 ὀμμά-

417 4008 528 4046 των
557 3990 790 4061 ἐχούσας
830 3986 939 4043 εἶδε
967 4005 982 4022 ·
1025 3989 1091 4043 Τί
1127 3988 1239 4058 ἄρα
1286 3989 1349 4042 τὸ
1381 3990 1549 4058 φανὲν
1609 3989 1759 4059 ὑμῖν,
1794 3989 1979 4060 ἤρετο,

417 4084 514 4135 ναὶ
539 4081 593 4136 τί
625 4081 842 4152 πρῶτον
867 4078 1226 4149 διαϐλέψασαι
1260 4077 1464 4146 emata;
1503 4078 1568 4131 Ἦ
1589 4077 1688 4148 μὲν
1703 4077 1817 4142 οὖν,
1852 4079 1992 4148 Πρε-

424 4175 654 4246 σσύτην,
684 4173 814 4243 ἔφη,
848 4172 910 4226 τὸ
936 4168 1097 4237 εῐδος,
1136 4171 1377 4242 ἄρρητον
1405 4174 1506 4241 τὴν
1540 4169 1712 4241 ὥραν,
1742 4170 1990 4240 φαιδρόν⁹

420 4268 454 4336 ἡ
489 4266 571 4330 δὲ,
602 4265 906 4327 Νεανίσκος
925 4261 1086 4332 ὤφθη
1119 4279 1209 4333 μοι
1248 4278 1263 4293 ·
1296 4265 1329 4332 ἡ
1354 4262 1413 4316 δὲ
1451 4263 1642 4331 ἑτέρα,
1698 4261 1991 4331 Παιδάριον

428 4358 654 4429 κομιδῆ,
689 4358 877 4427 φησὶν,
913 4355 1093 4426 ἣψατό
1128 4370 1230 4425 μου
1260 4354 1373 4408 τῶν
1401 4353 1723 4423 ὀφθαλμῶν.
1771 4354 1990 4407 Τούτων

421 4449 665 4512 ἀκούσας
706 4447 1016 4516 Ἀϐέρκιος,
1044 4445 1140 4497 καὶ
1193 4445 1273 4516 τῷ
1301 4446 1411 4498 τῶν
1459 4446 1781 4512 θαυμασίων
1831 4447 1989 4516 χάριν

418 4540 764 4612 ὁμολογήσας
792 4538 934 4608 Θεῷ,
965 4538 1178 4595 διέλυσε
1202 4538 1301 4606 τὴν
1332 4536 1710 4592 διδασκαλίαν.

492 4635 593 4689 lB‘.
647 4630 821 4683 Ἐκδέ
845 4629 955 4682 τῶν
993 4628 1282 4698 παρόντων
1317 4630 1442 4690 τοὺς
1498 4626 1755 4695 συνήθεις
1804 4644 1989 4697 παρα-

421 4723 629 4786 λαϐὼν,
660 4722 842 4775 οἴκαδε
866 4719 1136 4789 ἐπανῆκε,
1183 4716 1280 4770 καὶ
1312 4717 1439 4779 τοὺς
1467 4717 1566 4786 τῆς
1614 4717 1812 4787 ἐνάτης
1844 4717 1995 4787 ὥρας

421 4814 623 4883 ὕμνους
687 4811 921 4875 ἀποδοὺς
966 4808 1147 4882 (τοῦτο
1164 4807 1274 4877 γὰρ
1298 4805 1446 4875 αὑτῷ
1468 4805 1612 4870 ἔθος,
1642 4807 1805 4858 οίονεὶ
1855 4806 1998 4858 κατὰ

426 4911 707 4974 πάρεργον
743 4908 837 4955 καὶ
887 4901 1022 4971 πρὸς
1054 4897 1134 4968 τῷ
1163 4898 1308 4949 τέλει
1338 4896 1438 4964 τῆς
1468 4887 1689 4964 ἡμέρας
1723 4894 1997 4947 ποιεῖσθαι

422 5004 516 5050 καὶ
547 4997 643 5049 τοῦ
672 4993 927 5063 σώματος
958 4987 1165 5059 λόγον,)
1197 4985 1369 5059 βραχύ
1390 5002 1442 5038 τι
1480 4988 1649 5054 ἄρτου
1703 4982 1991 5055 μεταλαμ-

423 5091 597 5143 ter/et.
660 5085 878 5140 Τούτων
932 5082 1115 5136 τοίνυν
1158 5082 1250 5133 ὑπ’
1305 5077 1473 5132 αὐτοῦ
1522 5078 1857 5145 γενομένων,
1897 5076 1996 5144 τῆς

424 5178 736 5251 περιχώρου
784 5176 1017 5239 πολλοὺς
1065 5171 1132 5245 ἧν
1166 5173 1298 5244 ὁρᾷν
1359 5171 1498 5241 πρὸς
1528 5170 1620 5222 τὸν
1664 5168 1832 5240 ἄνδρα
1868 5169 1997 5238 συρ-

426 5277 653 5345 ῥέοντας
685 5271 781 5325 καὶ
810 5272 889 5331 είς
920 5269 1092 5335 ὄνομα
1126 5265 1363 5336 Πατρὸς,
1388 5263 1520 5315 Υίοῦ
1547 5262 1640 5315 καὶ
1677 5260 1995 5329 Πνεύματος

421 5368 582 5432 ἁγίου
632 5357 1084 5431 βαπτιζομένους.
1136 5356 1225 5408 Ἐν
1251 5353 1489 5422 τοσούτῳ
1525 5355 1581 5405 δὲ
1620 5354 1688 5406 τὰ
1725 5355 1865 5405 κατὰ
1890 5354 1991 5423 τὴν

425 5455 642 5528 μητέρα
666 5452 828 5520 γνοὺς
882 5447 1250 5514 Εὑξεινιανὸς,
1304 5447 1450 5507 ὅπως
1501 5460 1560 5496 τε
1615 5461 1989 5513 χειραγωγου-

426 5552 566 5622 μένη
595 5545 888 5619 προσέλθοι
915 5541 993 5609 τῷ
1036 5541 1200 5610 ἁγίῳ,
1253 5540 1350 5591 καὶ
1377 5539 1525 5600 ὅπως
1570 5540 1990 5606 πεπηρωμὲνων

421 5644 565 5712 αὐτῇ
614 5638 726 5692 τῶν
756 5632 1053 5707 ὀφθαλμῶν
1113 5629 1491 5698 ἁναὸλέψειεν,
1525 5626 1768 5696 ἀκριόὠς
1815 5626 1992 5678 πάντα

425 5733 488 5798 ἐξ
516 5731 688 5799 αὐτῆς
718 5726 1048 5796 πυθόμενος,
1075 5723 1263 5776 ἄπεισι
1294 5722 1447 5791 παρὰ
1466 5718 1795 5785 τοῦτον,ηκα“ι
1819 5718 1995 5771 ἀσπά·

424 5828 683 5895 σάμενος,
729 5820 798 5874 Εἴ
835 5835 894 5871 σε
946 5815 1118 5886 ᾔδειν,
1164 5813 1362 5882 πάτερ,
1422 5809 1551 5879 ἐγὼ,
1585 5811 1774 5881 φησὶν,
1819 5809 1993 5880 ἡδέως

707 5917 975 5975 Ρλτιιοι.
1023 5909 1141 5968 Gn.
1191 5906 1375 5969 CXV.

2089 1898 2357 1951 accedunt
2387 1896 2454 1949 ad
2514 1910 2639 1949 eum
2692 1904 2803 1949 tres
2845 1895 3056 1956 vetulm,
3116 1907 3237 1961 qua:
3287 1893 3419 1961 ipsa:
3448 1907 3666 1963 quoque

2088 1997 2247 2041 erant
2313 1987 2518 2041 orbatm
2553 1984 2771 2050 .oculis,
2816 1985 3064 2039 dicentes
3096 2000 3110 2037 :
3145 1981 3256 2037 Nos
3286 1984 3449 2037 etiam
3480 1986 3662 2038 credi.

2088 2095 2210 2133 mus
2241 2080 2293 2132 in
2324 2079 2529 2142 Iesum,
2558 2077 2648 2146 qui
2680 2092 2707 2129 a
2736 2086 2787 2130 te
2820 2075 3167 2145 praedicatur.
3215 2077 3488 2145 Appareat
3529 2092 3661 2147 ergo

2089 2170 2143 2224 in
2168 2185 2269 2225 nos
2310 2185 2526 2240 quoque
2565 2170 2685 2238 ejus
2728 2166 3039 2230 clementia,
3098 2175 3153 2220 et
3203 2166 3360 2220 nobis
3389 2167 3589 2229 lucem,
3629 2184 3663 2222 ο

2089 2266 2170 2319 vir
2199 2265 2535 2328 admirande,
2561 2261 2808 2326 ostende,
2832 2261 2973 2316 sicut
2994 2258 3308 2330 Pbrygcllae.
3328 2258 3427 2314 ille
3455 2270 3660 2324 autem,

2088 2354 2145 2408 Si
2187 2355 2323 2409 ﬁdes
2352 2363 2554 2415 vestra,
2614 2352 2814 2422 inquit,
2871 2365 2995 2404 vera
3029 2358 3115 2404 est
3163 2352 3216 2403 in
3247 2364 3435 2404 verum
3467 2351 3661 2414 Deum,

2085 2447 2229 2502 sicut
2258 2446 2463 2510 dicitis,
2534 2459 2659 2499 eum
2695 2442 2947 2497 videbitis
3000 2443 3181 2497 cordis
3208 2443 3404 2510 oculis,
3436 2442 3528 2512 qui
3569 2457 3663 2496 ca-

2087 2537 2223 2591 dunt
2272 2536 2374 2591 sub
2410 2535 2844 2605 intelligentiam.
2895 2531 3018 2588 Haec
3058 2532 3215 2597 dixit,
3275 2542 3484 2589 etcum
3538 2548 3664 2589 sus-

2089 2624 2301 2680 tulisset
2361 2624 2550 2679 oculos
2619 2641 2633 2678 :
2697 2622 2923 2677 Domine
2982 2621 3106 2676 Jesu
3159 2622 3397 2685 Christe,
3465 2623 3662 2693 inquit,

2089 2729 2223 2786 rogo
2288 2724 2360 2781 te,
2395 2714 2614 2769 videant
2663 2713 2792 2784 ipsae
2849 2728 3066 2783 quoque
3114 2712 3294 2767 lucem
3348 2722 3453 2768 tua:
3513 2714 3666 2786 agni-

2089 2807 2255 2862 tionis
2289 2825 2302 2861 :
2332 2817 2387 2860 et
2428 2806 2495 2861 ab
2521 2820 2604 2871 ea,
2631 2820 2751 2876 quae
2786 2814 2867 2859 est
2912 2805 2994 2860 eis
3035 2803 3227 2870 otl'usa,
3296 2805 3538 2861 liberatae
3573 2822 3666 2861 ca-

2090 2897 2277 2968 ligine,
2324 2897 2617 2967 aspiciant,
2687 2895 2936 2958 Domine,
2992 2895 3179 2950 radios
3238 2903 3345 2951 tua:
3392 2897 3660 2952 veritatis.

2090 2987 2182 3042 Sic
2219 2996 2303 3042 est
2354 2995 2611 3057 precatus
2640 3002 2655 3040 :
2696 2994 2750 3041 et
2781 3000 2910 3040 ecce
2933 2986 3135 3049 locum,
3196 2984 3255 3040 in
3279 3002 3389 3057 quo
3421 2986 3663 3051 stabant,

2093 3092 2286 3148 magna
2320 3077 2410 3131 lux
2447 3077 2814 3132 circumfulsit
2837 3077 3076 3149 desuper
3106 3095 3121 3133 :
3148 3086 3204 3133 et
3230 3092 3422 3133 omnes
3451 3078 3506 3132 in
3546 3089 3662 3134 ter-

2016 3205 2061 3267 ο
2092 3183 2207 3223 ram
2228 3167 2546 3222 ceciderunt
2566 3166 2927 3237 obstupefacti
2947 3170 3279 3237 spectaculo,
3300 3171 3444 3241 quod
3468 3180 3666 3240 praeter

2090 3256 2406 3327 opinionem
2437 3266 2714 3314 evenerat.
2760 3256 2881 3315 Non
2926 3267 3045 3314 erat
3106 3271 3289 3317 autem
3342 3261 3454 3325 lux,
3483 3261 3669 3331 cujus-

2088 3352 2234 3407 modi
2264 3368 2329 3407 ea
2360 3360 2463 3418 est,
2509 3368 2629 3423 quae
2685 3353 2838 3409 venit
2897 3367 2965 3409 ex
3021 3352 3137 3409 sole
3198 3362 3252 3408 et
3280 3352 3524 3424 fulgure,
3567 3355 3663 3410 sed

2088 3456 2229 3498 nova
2286 3458 2533 3513 prorsus,
2570 3452 2626 3499 et
2672 3443 2960 3513 stupenda,
3025 3454 3082 3498 et
3145 3444 3386 3497 insueta.
3418 3442 3507 3498 Eae
3533 3460 3665 3515 ergo

2091 3532 2307 3587 stabant
2335 3533 2589 3597 immotae,
2624 3547 2748 3588 cum
2781 3548 2970 3588 omnes
2992 3531 3141 3587 humi
3174 3531 3505 3587 cecidissent
3545 3547 3559 3584 :
3605 3541 3663 3586 et

2092 3624 2183 3679 lux
2214 3623 2324 3691 illa,
2352 3639 2472 3694 quae
2499 3624 2769 3694 apparuit,
2801 3638 2927 3679 cum
2971 3623 3128 3680 valde
3156 3623 3211 3677 in
3245 3638 3439 3679 eorum
3471 3624 3664 3679 oculos

2093 3717 2452 3780 incubuisset,
2489 3732 2583 3772 eas
2616 3717 2800 3771 statim
2845 3716 2972 3771 fecit
3020 3716 3227 3780 videre,
3275 3726 3329 3771 et
3360 3717 3504 3772 hanc
3532 3732 3663 3772 sua~

2094 3823 2215 3861 vcm
2252 3818 2308 3863 et
2362 3808 2676 3863 hominibus
2743 3816 2952 3880 gratam
3023 3809 3156 3863 solis
3209 3809 3384 3863 lucem
3434 3808 3662 3864 intueri.

2098 3898 2190 3953 Ille
2223 3906 2405 3952 autem
2441 3912 2567 3952 cum
2590 3898 2699 3951 tam
2726 3897 2874 3952 sanis
2903 3911 2995 3952 eas
3018 3897 3248 3953 vidisset
3272 3897 3447 3954 oculis
3483 3916 3497 3953 :
3522 3896 3664 3964 Quid

2092 3995 2198 4051 est,
2232 3987 2460 4055 rogavit,
2496 3986 2641 4057 quod
2674 3987 2825 4044 vobis
2843 3989 3114 4058 apparuit,
3141 3998 3197 4043 et
3242 3990 3372 4059 quid
3418 3991 3661 4053 vidistis,

2093 4091 2217 4133 eum
2258 4080 2493 4149 primum
2523 4080 2849 4150 aspexistis?
2879 4079 2997 4136 Una
3030 4089 3215 4135 autem
3249 4099 3264 4134 :
3310 4080 3533 4147 Senem,
3570 4082 3661 4136 in-

2094 4169 2389 4238 quit,_vidi,
2432 4170 2590 4239 cujus
2620 4169 2809 4224 formae
2838 4185 2949 4223 non
2995 4178 3175 4240 potest
3203 4169 3397 4226 referri
3418 4171 3665 4241 pulchri-

2096 4259 2226 4313 tudo
2249 4267 2306 4312 et
2347 4260 2622 4315 alacritas.
2681 4261 2860 4315 Altera
2928 4270 3109 4316 autem
3143 4279 3157 4315 :
3192 4260 3354 4317 Visus
3409 4271 3493 4318 est
3528 4265 3664 4319 mihi

2097 4351 2436 4406 adolescens.
2468 4350 2648 4407 Tertia
2681 4368 2809 4407 vero
2836 4369 2852 4406 :
2888 4353 3048 4419 Puer,
3075 4353 3271 4425 inquit,
3308 4370 3457 4411 meos
3488 4358 3666 4428 attigit

2097 4442 2304 4496 oculos.
2348 4440 2456 4496 Has
2487 4457 2610 4496 eum
2671 4444 2917 4498 audisset
2966 4445 3255 4511 Abercins,
3281 4454 3337 4500 et
3357 4461 3538 4501 rerum
3567 4449 3664 4502 ad-

2024 4554 2067 4608 ο
2098 4533 2425 4587 inirabiliutn
2464 4532 2575 4587 Deo
2606 4533 2801 4603 egisset
2841 4535 3065 4604 gratias,
3106 4537 3405 4592 intermisit
3438 4539 3660 4595 docere.

2164 4622 2288 4677 XII.
2321 4623 2394 4675 Ex
2431 4622 2498 4677 iis
2548 4634 2756 4688 autem,
2809 4627 2901 4692 qui
2950 4626 3199 4693 aderant,
3241 4626 3309 4681 iis
3340 4632 3662 4698 assumptis,

2094 4714 2368 4784 quierant
2398 4712 2712 4776 familiares,
2755 4714 2978 4768 domum
3036 4716 3220 4778 rediit,
3266 4727 3476 4773 etcum
3515 4720 3666 4775 hora:

2095 4821 2255 4861 nonae
2290 4805 2521 4876 hymnos
2582 4806 2923 4872 absolvisset,
2982 4822 3173 4876 parum
3202 4809 3361 4879 panis
3406 4813 3663 4867 assumit.

2098 4896 2173 4950 Ita
2205 4897 2353 4950 enim
2387 4896 2615 4961 solebat,
2645 4905 2899 4965 tanquam
2929 4898 3072 4954 aliud
3117 4901 3349 4970 agendo,
3379 4910 3435 4956 et
3456 4900 3512 4955 in
3542 4903 3667 4970 ,[ine

2096 4987 2226 5053 diei,
2259 4988 2503 5056 corporis
2545 4987 2750 5042 habere
2785 4988 3072 5049 rationem.
3110 4990 3237 5045 Haec
3261 5006 3385 5047 cum
3436 4993 3507 5049 ab
3544 4993 3665 5063 ipso

2096 5079 2241 5134 facta
2280 5088 2487 5143 essent,
2530 5080 2727 5134 licebat
2758 5080 2943 5136 videre
2975 5082 3175 5137 multos
3210 5099 3273 5135 ex
3305 5100 3393 5147 ea,
3426 5101 3548 5154 quae
3584 5096 3669 5141 cst

2094 5172 2471 5237 circumcirca,
2498 5177 2719 5243 regione
2774 5172 2842 5226 ad
2879 5187 3004 5226 eum
3057 5173 3357 5235 conﬂuere,
3387 5184 3444 5231 et
3495 5177 3671 5245 bapti-

2093 5265 2203 5318 zari
2236 5266 2288 5318 in
2325 5265 2548 5318 nomine
2586 5265 2785 5325 Patris,
2828 5273 2883 5318 et
2912 5263 3051 5329 Filii,
3086 5275 3140 5321 et
3169 5265 3409 5336 Spiritus
3464 5271 3662 5337 sancti.

2096 5355 2315 5410 Interim
2345 5364 2525 5409 autem
2561 5370 2684 5409 cum
2710 5369 2831 5423 quae
2862 5356 3020 5410 matri
3069 5356 3402 5421 evenissent,
3464 5372 3669 5427 cogno-

2099 5448 2660 5510 vissctEuxenianus,
2703 5455 2758 5501 et
2813 5447 3271 5517 quemadmodum
3311 5449 3543 5505 deducta
3575 5466 3668 5505 ac-

2099 5538 2351 5594 cessisset
2394 5538 2460 5592 ad
2519 5548 2790 5603 sanctum,
2837 5549 2893 5594 et
2949 5542 3409 5610 quemadmodum
3473 5544 3664 5598 orbata

2102 5630 2274 5683 visum
2335 5636 2733 5695 recuperasset,
2791 5631 2974 5684 omnia
3038 5647 3106 5686 ex
3161 5633 3277 5702 ipsa
3331 5633 3665 5696 sciscitatus,

2101 5720 2250 5774 venit
2274 5719 2340 5774 ad
2373 5719 2548 5786 illum,
2580 5734 2644 5775 ac.
2687 5737 2702 5775 :
2740 5719 2795 5775 Si
2837 5730 2891 5776 te
2923 5723 3140 5787 scirem,
3201 5724 3397 5793 inquit,
3432 5740 3465 5779 ο
3492 5737 3666 5792 pater,

2102 5810 2336 5865 libenter
2390 5808 2637 5879 aspicere
2691 5810 2758 5865 ad
2814 5814 3098 5881 pecunias,
3129 5830 3239 5870 non
3264 5815 3668 5874 distribuissetn
