4132 6440
528 333 662 442 ιεέπ

1813 371 2098 435 MENSIS
2135 369 2495 435 OCTOBEB.

3651 379 3777 449 1228

520 493 620 550 tibi
698 507 919 562 parvam
976 501 1182 561 partem
1251 506 1498 546 mearum
1562 490 1910 550 facultatum,
1961 502 2088 556 quat

2212 489 2292 549 είς
2336 492 2597 559 χρήματα
2643 490 2937 559 βλέποντα,
2994 491 3096 546 οὐκ
3148 493 3334 561 ὀλίγον
3367 494 3433 549 ἄν
3483 512 3570 549 σοι
3621 497 3780 568 μέρος

522 602 658 641 mea:
683 585 840 639 matri
900 584 1212 640 conciliaiis
1275 593 1485 637 tantum
1554 582 1904 638 beneﬁcium.
1964 580 2103 637 Cum

522 687 705 732 autem
738 691 861 731 cum
888 677 1025 740 aliis,
1059 691 1179 746 quae
1211 676 1307 731 tibi
1341 674 1565 730 donavit
1607 676 1769 734 Deus,
1807 684 1858 729 te
1886 690 2104 745 quoque

523 770 769 839 pecuniis
796 768 925 825 fecit
955 771 1314 839 superiorem,
1348 770 1631 839 quidnam,
1665 778 1721 821 ut
1754 778 1839 823 est
1867 783 2101 822 consen—

522 872 765 929 taneum,
790 862 889 917 tibi
918 877 1019 932 pro
1048 860 1153 916 hoc
1176 862 1321 917 dono
1358 862 1793 917 reddiderimus?
1830 861 2100 927 Quidnam

469 968 479 999 :
519 953 688 1017 aliud,
724 969 890 1022 quam
924 955 1064 1008 hanc
1096 953 1325 1024 gratiam
1372 953 1469 1007 tibi
1511 953 1752 1007 feremus
1780 952 2104 1022 acceptam?

519 1044 654 1098 Cum
687 1043 803 1099 ilch
835 1044 1055 1114 quidem
1099 1044 1352 1105 dixisset.
1395 1045 1569 1099 sancti
1596 1045 1761 1115 pedes
1783 1046 2097 1114 prehendit.

519 1132 754 1188 Sanetus
784 1142 966 1188 autem
988 1143 1210 1203 accepta
1236 1134 1355 1203 ejus
1387 1134 1611 1190 dextera
1646 1155 1660 1189 :
1695 1134 1869 1197 Scias,
1905 1134 2100 1203 inquit,

518 1241 551 1277 ο
581 1233 807 1290 optime,
853 1225 989 1279 mihi
1053 1226 1201 1280 nulla
1250 1241 1309 1280 re
1352 1226 1454 1280 alia
1511 1234 1600 1281 tua
1650 1242 1788 1295 opus
1815 1242 1960 1292 esse,
1995 1226 2099 1279 nisi

518 1317 690 1383 quod,
726 1332 850 1370 cum
886 1315 963 1370 sis
995 1316 1134 1373 adeo
1166 1317 1425 1387 prudens,
1451 1317 1626 1372 ﬁdelis
1658 1317 1755 1371 ﬁas
1775 1308 2099 1380 ex’inﬁdeli,

517 1417 573 1462 et
603 1408 766 1478 impia
825 1418 1030 1463 mutata
1094 1409 1384 1477 religione,
1443 1411 1636 1465 venias
1663 1410 1731 1464 ad
1764 1411 2098 1481 agnitionem

519 1501 781 1556 veritatis.
814 1499 949 1556 Volo
981 1501 1128 1557 enim
1163 1509 1215 1555 te
1247 1501 1462 1557 ﬁdelem
1505 1516 1627 1558 esse
1657 1502 1845 1573 potius
1891 1518 2097 1573 paupe-

518 1598 656 1658 r'em,
687 1608 850 1648 uuam
875 1593 1149 1648 inﬁdelem
1181 1593 1450 1649 illustrem
1489 1603 1542 1649 et
1565 1592 1812 1649 divitem.

583 1772 723 1828 XIII.
761 1772 915 1828 Tunc
948 1771 1230 1841 respondit
1283 1770 1639 1827 Euxenianus
1668 1791 1681 1829 :
1711 1771 1769 1827 Si
1805 1773 1884 1827 vis
1913 1773 2096 1845 igitur,

512 1879 546 1919 ο
603 1878 819 1917 sacrum
873 1871 1056 1931 caput,
1111 1861 1179 1916 de
1220 1861 1325 1916 hoc
1384 1861 1546 1917 nobis
1581 1870 1667 1917 est
1715 1863 2092 1932 quaerendum.

513 1952 666 2023 Saepe
690 1953 836 2007 enim
866 1952 1050 2005 audivi
1102 1951 1258 2005 matri
1291 1952 1561 2017 assidens,
1591 1961 1650 2007 se
1681 1967 1711 2006 a
1744 1960 1795 2006 te
1818 1952 2094 2017 didicisse,

517 2043 683 2097 Deum
713 2057 861 2097 nunc
884 2043 1107 2112 quidem
1142 2057 1261 2097 esse
1313 2043 1639 2098 clementem
1685 2052 1739 2098 et
1773 2044 2095 2114 beniguun‘i,

514 2150 661 2191 nunc
711 2145 892 2189 autem
951 2133 1249 2189 terribilem
1302 2143 1357 2189 et
1421 2135 1678 2204 justum:
1740 2144 1796 2190 et
1845 2135 1980 2188 alios
2040 2143 2100 2187 ut

512 2228 670 2282 valde
703 2228 906 2280 bonum
931 2227 1088 2280 bonis
1116 2242 1488 2289 remunerare,
1517 2226 1652 2281 alios
1672 2236 1858 2295 utp‘otc
1888 2228 2095 2297 justum

513 2318 699 2372 ulcisci
733 2328 787 2369 ct
818 2317 1035 2386 punire.
1095 2315 1149 2370 Si
1204 2333 1331 2387 ergo
1382 2333 1446 2370 ex
1480 2333 1665 2371 amore
1698 2318 1918 2385 quidem
1951 2317 2096 2369 exsi-

512 2410 606 2465 stit
642 2408 965 2463 beneﬁcium
1012 2417 1068 2461 et
1107 2407 1498 2472 remuneratio,
1545 2407 1873 2476 supplicium
1910 2415 2095 2460 autem

511 2512 563 2557 et
591 2517 752 2571 poena
800 2500 870 2555 ab
901 2499 1052 2566 odio,
1104 2500 1380 2568 quomodo
1434 2500 1548 2552 ﬁeri
1604 2508 1806 2568 potest,
1860 2509 1920 2554 ut
1951 2500 2094 2554 idem

510 2592 581 2646 sit
615 2591 818 2653 bonus,
852 2597 907 2643 et
961 2589 1110 2658 iusta
1159 2588 1358 2642 inferat
1413 2589 1732 2657 supplicia?
1798 2588 2091 2654 Quoniam,

510 2682 689 2752 inquit
711 2694 939 2752 magnus
969 2679 1261 2742 Abercius,
1311 2693 1435 2732 cum
1494 2678 1791 2748 unicuique
1833 2680 2094 2734 reddatur

510 2789 607 2843 pro
663 2771 897 2834 meritis,
946 2785 1042 2826 eos
1094 2770 1339 2839 quidem,
1403 2768 1495 2837 qui
1529 2770 1673 2824 bona
1712 2768 1941 2833 faciunt,
1971 2780 2093 2823 tan-

508 2879 670 2936 quam
704 2864 797 2935 qui
846 2872 1041 2917 natttra
1085 2861 1158 2916 sit
1205 2861 1408 2923 bonus,
1457 2862 1915 2917 aﬁicitbeneﬁrio
1953 2880 1965 2916 :
1997 2877 2093 2915 eos

509 2966 718 3018 autem,
767 2956 861 3025 qui
912 2954 1054 3008 mala
1107 2964 1382 3019 exercent,
1422 2955 1603 3024 punit,
1662 2963 1721 3008 ut
1767 2954 1859 3023 qui
1908 2955 2091 3009 omnia

501 3049 651 3116 iuste
700 3046 888 3112 faciat,
932 3046 1155 3099 nomine
1206 3045 1506 3115 eﬂugiente
1558 3046 1681 3113 eius
1716 3045 2088 3115 cognitionem

506 3153 723 3203 eorum,
746 3152 867 3207 quae
904 3153 1007 3192 nos
1046 3136 1298 3202 facimus,
1325 3146 1381 3190 et
1419 3138 1505 3190 vel
1538 3136 1712 3190 solum
1754 3138 2083 3207 cogitamus.

2198 3155 2298 3221 μέν
2338 3173 2395 3208 τε
2423 3158 2518 3210 καὶ
2546 3160 2712 3226 μόνον
2740 3162 2824 3225 είς
2855 3136 2983 3216 νοῦν

507 3230 630 3299 Ipse
668 3238 754 3284 est
805 3228 953 3282 enim
999 3227 1449 3282 accuratissimus
1491 3228 1836 3283 examinator
1870 3244 2084 3293 eorum,

505 3336 631 3392 quae
679 3328 809 3374 sunt
853 3321 909 3375 in
968 3318 1241 3390 profundo
1273 3319 1641 3390 cogitationis,
1683 3322 1849 3375 corda
1881 3324 2086 3376 exami-

504 3428 643 3469 nans
694 3421 750 3468 et
804 3426 988 3478 renes,
1055 3411 1364 3481 pervadens
1426 3427 1602 3481 usque
1647 3413 1713 3467 ad
1759 3413 2084 3468 divisionem

504 3504 702 3559 anima:
754 3510 810 3557 et
866 3500 1121 3570 spiritus,
1167 3516 1496 3573 compagum
1520 3517 1744 3573 quoque
1781 3512 1834 3558 et
1872 3505 2087 3558 medul-

505 3596 705 3659 larum,
757 3600 814 3647 et
878 3591 1049 3663 iudex
1074 3593 1471 3663 cogitationum
1541 3604 1596 3649 et
1652 3596 2083 3665 conceptionum

503 3682 690 3738 cordis
710 3680 757 3737 ⁸.
796 3680 1149 3736 Euxenianus
1196 3696 1371 3737 vero:
1437 3682 1553 3738 Hoc
1592 3684 1834 3753 quidem,
1885 3687 2081 3755 inquit,

503 3784 649 3830 recte
672 3784 757 3828 est
781 3773 1048 3828 solutum.
1094 3772 1202 3827 Sed
1266 3774 1401 3829 illud
1435 3790 1654 3845 quoque
1699 3792 1787 3831 me
1819 3777 1955 3831 doce
1989 3795 2003 3831 :
2036 3780 2083 3833 si

502 3869 645 3923 Deus
679 3866 837 3921 bonis
862 3866 1186 3931 delectatur,
1210 3880 1312 3921 cur
1342 3883 1453 3922 non
1474 3868 1543 3923 ab
1564 3869 1719 3924 initio
1748 3870 1909 3924 talem
1952 3870 2085 3926 fecit

502 3958 800 4021 hominem,
843 3967 904 4013 ut
924 3959 1129 4013 bonum
1153 3959 1370 4029 quidem
1406 3963 1579 4031 possit
1615 3962 1855 4030 operari,
1879 3963 2080 4018 malum

499 4059 681 4106 auem
731 4050 958 4104 minime
1017 4053 1191 4119 possit
1252 4050 1485 4106 facere?
1527 4051 1618 4106 Sic
1659 4055 1805 4108 enim
1848 4064 1901 4109 et
1958 4070 2083 4125 quae

498 4152 628 4197 sunt
673 4143 722 4196 ei
761 4151 934 4213 grata,
978 4139 1325 4209 fecissemus,
1378 4152 1434 4197 et
1483 4145 1882 4201 mansissemus
1930 4149 2085 4202 nullo

498 4233 677 4288 affecti
700 4233 992 4303 supplicio.
1018 4233 1114 4287 Ille
1140 4242 1326 4288 autem
1363 4250 1377 4287 :
1447 4233 1559 4287 Hoc
1604 4252 1827 4306 quinque
1862 4247 1969 4302 est,
1997 4239 2083 4292 in-

500 4327 636 4395 quit.
665 4326 811 4395 ejus,
846 4326 938 4395 qui
970 4329 1144 4380 nostri
1185 4342 1435 4397 magnam
1476 4342 1664 4381 curam
1707 4329 1872 4398 gerit,
1900 4342 1956 4384 et
1983 4331 2076 4401 qui

496 4416 723 4469 omnino
747 4417 862 4471 vult
879 4426 1127 4471 nostrum
1152 4416 1377 4471 bonum.
1408 4417 1465 4472 Si
1486 4419 1630 4472 enim
1656 4436 1760 4474 non
1796 4437 2078 4490 possemus

2206 575 2486 646 ἀπένειμα
2515 579 2615 648 τῆς
2645 579 2838 643 οὐσίας
2864 581 2981 634 ἀνθ’
3034 575 3111 635 ὧν
3147 600 3240 653 μοι
3284 584 3506 655 χάριτος
3556 587 3635 645 είς
3685 589 3779 657 τὴν

2209 667 2426 737 μητέρα
2461 667 2718 738 τοιαύτης
2750 670 3023 741 ὑπῆρξας.
3075 674 3231 727 Ἐπεὶ
3262 673 3319 727 δὲ
3379 676 3516 745 μετά
3547 677 3659 729 τῶν
3687 679 3779 730 ἆλ-

2205 756 2314 811 λων
2345 754 2421 811 ὧν
2453 759 2769 829 ἐδωρήσατό
2797 764 2880 815 σοι
2910 763 3066 827 Θεὸς,
3108 765 3204 817 καὶ
3233 766 3529 835 κρείττονά
3558 785 3619 821 σε
3648 786 3779 839 χρη-

2208 851 2398 920 μάτων
2423 853 2671 922 διέθηκε.
2698 854 2752 907 τί
2798 855 2864 909 ἄν
2896 873 2954 908 σε
2985 858 3087 920 τῆς
3116 858 3331 927 δωρεᾶς
3386 860 3592 929 ταύτης
3623 862 3781 928 ἀμει-

2202 941 2451 1010 ψαίμεθα
2502 944 2645 997 κατὰ
2686 944 2879 1012 λόγονς
2914 946 2965 998 τί
2999 948 3131 1000 ἄλλο
3161 950 3283 1021 γεῆ
3334 951 3668 1019 ἀνάγραπτά
3698 966 3776 1005 σοι

2202 1033 2271 1086 τά
2299 1032 2402 1099 τῆς
2448 1035 2801 1104 εὐχαριστίας
2830 1038 3074 1092 κείσεται
3112 1042 3243 1110 παρ’
3290 1044 3466 1111 ήμῖν;
3517 1039 3706 1097 Ταῦτα
3752 1049 3779 1098 ό

2206 1123 2309 1192 μὲν
2337 1125 2530 1188 εἰπὼν,
2579 1128 2690 1179 τῶν
2743 1130 2922 1182 ποδῶν
2952 1133 3131 1202 ἥψατο
3175 1135 3270 1186 τοῦ
3301 1136 3461 1203 ἁγίου
3490 1153 3503 1167 ο
3540 1138 3569 1190 ὁ
3598 1138 3655 1191 δὲ
3682 1136 3776 1209 τῆς

2201 1215 2382 1282 δεξιᾶς
2430 1217 2756 1286 λαϐόμενος,
2823 1222 2954 1292 Ἐμὲ
3004 1225 3259 1294 μηδενὸς,
3330 1228 3460 1298 ἔφη,
3514 1231 3781 1301 χρῄζοντα

2205 1307 2337 1372 ἴσθι,
2364 1305 2408 1361 ὦ
2433 1309 2703 1380 βέλτιστε,
2750 1315 2900 1382 παρά
2932 1317 3053 1381 σοῦ,
3082 1316 3115 1386 ἢ
3150 1317 3300 1380 ὅπως
3358 1320 3506 1375 οὕτω
3567 1324 3781 1388 συνετὸς

2201 1399 2300 1465 ὢν,
2341 1403 2528 1464 πιστός
2563 1421 2622 1456 τε
2654 1403 2712 1469 ἐξ
2745 1405 2981 1459 ἀπίστου
3030 1407 3211 1476 γένοιο
3245 1410 3345 1463 καί
3370 1413 3468 1482 τῆς
3492 1414 3781 1481 δυσσεϐοῦς

2203 1493 2499 1560 θρησκείας
2553 1497 2901 1564 μεταϐαλὼν,
2952 1501 3032 1563 είς
3086 1502 3387 1570 ἐπίγνωσιν
3436 1503 3615 1569 ἔλθοις
3682 1507 3777 1575 τῆς

2201 1585 2483 1656 ἀληθείας.
2517 1588 2792 1659 Βούλομαι
2828 1592 3022 1645 πιστόν
3057 1611 3118 1647 σε
3149 1590 3293 1649 εἶναι
3320 1596 3533 1667 πένητα
3562 1580 3781 1668 μᾶλλον,

2201 1676 2234 1747 ἣ
2277 1677 2511 1732 ἄπιστον
2545 1684 2827 1752 περιφανῆ
2860 1700 2920 1736 τε
2951 1685 3047 1738 καὶ
3075 1685 3359 1745 πλούσιον.

2276 1771 2376 1825 il".
2424 1771 2533 1824 Καὶ
2557 1774 2585 1825 ὁ
2618 1774 2968 1839 Εὑξεινιανός
2996 1792 3011 1808 ·
3044 1778 3279 1845 Οὐκοῦν,
3309 1779 3354 1834 ὦ
3382 1781 3504 1852 ἱερά
3550 1785 3785 1854 κεφαλὴ,

2201 1864 2364 1935 εἴπερ
2392 1865 2593 1934 βούλει,
2633 1866 2905 1938 ζητητέον
2936 1858 3067 1940 ἡμῖν
3090 1874 3220 1943 περὶ
3253 1874 3469 1929 τούτου.
3519 1876 3780 1938 Πολλάκις

2199 1956 2309 2027 γὰρ
2340 1958 2550 2028 ἥκουσα
2580 1960 3048 2031 παρακαθήμενος
3086 1966 3151 2033 τῇ
3203 1967 3372 2035 μητρὶ
3411 1967 3490 2030 ὡς
3543 1969 3646 2022 ὑπὸ
3686 1969 3776 2023 σοῦ

2198 2048 2472 2120 διδαχθείη
2511 2052 2603 2104 τὸν
2649 2051 2782 2105 Θεὸν
2824 2053 2932 2135 ,νῦν
2993 2057 3095 2126 μὲν
3150 2058 3540 2130 φιλάνθρωπόν
3590 2081 3647 2116 τε
3689 2065 3781 2117 καὶ

2200 2140 2422 2207 ἀγαθὸν.
2462 2143 2556 2195 νῦν
2594 2142 2651 2195 δὲ
2683 2145 2916 2214 φοϐερὸν
2948 2142 3089 2201 εἶναι
3114 2150 3207 2203 καὶ
3246 2151 3476 2218 δίκαιον,
3525 2154 3619 2207 καὶ
3658 2160 3776 2220 τοίας

2202 2233 2322 2303 μὲν,
2361 2233 2436 2298 ὼς
2476 2235 2683 2306 σφόδρα
2727 2238 2956 2305 ἀγαθὸν,
2987 2240 3216 2305 ἀγαθοῖς
3265 2244 3617 2311 ἀμείϐεσθαι,
3657 2248 3775 2307 τοίς

2200 2327 2282 2390 δὲ,
2324 2322 2414 2380 οἷα
2442 2328 2672 2391 δίκαιον,
2705 2330 3016 2400 ἀμύνεσθαι
3052 2334 3147 2388 καὶ
3198 2337 3476 2402 κολάζειν.
3517 2340 3578 2392 Εἰ
3608 2341 3787 2394 τοίνυν.

2199 2419 2256 2483 ἐξ
2296 2420 2519 2489 ἀγάπης
2556 2421 2656 2490 μὲν
2688 2423 2719 2491 ἡ
2782 2425 3075 2494 εὐεργεσία
3110 2429 3206 2481 καὶ
3236 2429 3297 2482 τὸ
3361 2432 3706 2500 ἀμείϐεσθαι,
3740 2436 3769 2504 ἠ

2197 2512 2441 2582 τιμωρία
2471 2513 2525 2565 δὲ
2556 2515 2651 2566 καὶ
2679 2515 2739 2568 τὸ
2784 2516 3037 2582 κολάζειν
3059 2521 3122 2574 ἐκ
3172 2523 3365 2591 μίσους
3391 2541 3404 2556 σ
3446 2526 3570 2589 πῶς
3591 2528 3664 2580 ἔνι
3686 2528 3773 2580 τὸν

2198 2605 2362 2656 αὐτὸν
2394 2604 2603 2671 ἀγαθόν
2643 2624 2700 2659 τε
2739 2604 2882 2661 εἶναι
2920 2612 3017 2665 καὶ
3063 2613 3281 2677 δικαίας
3323 2618 3561 2684 ἐπάγειν
3609 2637 3771 2689 τιμω-

2199 2695 2344 2764 ρίας;
2372 2696 2516 2759 Ὅτι,
2546 2698 2712 2767 φησὶν
2760 2701 2786 2752 ὀ
2816 2701 2993 2769 μέγας
3028 2703 3335 2775 Ἀϐέρκιος,
3363 2709 3458 2761 τοῦ
3482 2712 3605 2763 κατ’
3627 2712 3775 2775 ἀξίαν

2198 2787 2414 2854 ἑκάστῳ
2451 2783 2891 2875 συντηρουμὲῧου
2917 2834 2932 2857 ,
2975 2795 3106 2858 τοὺς
3134 2797 3235 2866 μὲν
3270 2798 3338 2852 τὰ
3368 2802 3558 2867 ἀγαθά
3606 2807 3769 2875 πράσ-

2203 2894 2426 2942 σοντας,
2463 2874 2550 2932 οἷα
2579 2881 2741 2949 φύσει
2777 2885 2983 2952 ἀγαθὸς
3006 2885 3101 2952 ὢν,
3143 2890 3451 2962 εὐεργετεῖ,
3482 2896 3607 2958 τοὺς
3627 2874 3679 2950 δὲ
3709 2899 3769 2949 τὰ

2196 2969 2381 3039 φαῦλα
2414 2973 2723 3042 μετιόντας,
2764 2977 2860 3030 ἆτε
2900 2978 3127 3044 δικαίως
3161 2984 3337 3038 πάντα
3379 2988 3575 3052 ποιῶν,
3607 3007 3771 3059 τιμωο

2198 3063 2398 3130 ρεῖται,
2440 3064 2669 3135 μηδενὸς
2700 3068 2869 3121 αὑτοῦ
2895 3070 2995 3141 τὴν
3022 3074 3225 3141 γνῶσιν
3244 3069 3318 3130 ὧν
3348 3079 3514 3149 ἡμεῖς
3547 3083 3768 3152 πράττοι

3027 3165 3405 3238 λαμϐάνομεν,
3460 3174 3766 3243 διαφεύγον-

2193 3265 2303 3309 τος.
2330 3249 2502 3317 Αὐτὸς
2530 3252 2640 3322 γάρ
2674 3255 2789 3307 ἐστι
2824 3258 2920 3308 καὶ
2947 3257 3057 3312 τῶν
3093 3262 3152 3313 ἐν
3195 3262 3353 3332 βάθει
3392 3266 3496 3336 τῆς
3540 3267 3761 3329 διανοίας

2193 3337 2486 3407 ἐξεταστὴς
2546 3342 2959 3413 ἀκριϐέστατος,
3012 3349 3322 3421 δοκιμάζων
3379 3358 3628 3427 καρδίας,
3675 3361 3761 3413 καὶ

2192 3432 2427 3500 νεφροὺς
2464 3433 2842 3504 διικνούμενος
2900 3440 3031 3513 ἄχρι
3098 3447 3375 3516 μερισμοῦ
3432 3450 3613 3521 ψυχῆς
3675 3454 3765 3506 καὶ

2193 3521 2532 3591 πνεύματος,
2591 3527 2788 3596 ἁρμῶν
2838 3546 2899 3583 τε
2951 3533 3046 3587 καὶ
3106 3537 3342 3604 μυελῶν,
3380 3543 3481 3595 καὶ
3535 3546 3763 3611 κριτικλς

2192 3612 2568 3685 ἐνθυμήσεων,
2612 3618 2707 3671 καὶ
2731 3623 2954 3675 ἐννοιῶν
3000 3628 3253 3697 καρδίας.
3292 3632 3402 3685 Καὶ
3443 3637 3472 3687 ὁ
3501 3635 3759 3700 Εὑξεινια-

2190 3700 2320 3797 νόςο
2354 3703 2527 3797 Τοῦτο
2577 3708 2677 3777 μὲν
2712 3708 2805 3764 οὖν
2838 3712 3020 3782 ὀρθῶς
3071 3718 3426 3775 ὲπιλέλυται·
3468 3726 3608 3797 πλὴν
3651 3724 3764 3780 ἀλλ’

2190 3793 2366 3887 ἐκεῖνό
2387 3813 2453 3865 με
2476 3797 2686 3864 δίδαξον
2702 3816 2717 3830 ο
2737 3805 2784 3855 ei
2807 3807 2922 3868 τοῖς
2938 3807 3166 3875 ἀγαθοῖς
3190 3811 3219 3862 6
3239 3811 3371 3874 Θεὸς
3397 3793 3608 3887 ἥδεται,
3629 3817 3762 3869 διατί

2192 3884 2268 3953 μὴ
2300 3887 2401 3957 τὴν
2432 3890 2610 3961 ἀρχὴν
2637 3892 2884 3948 τοιοῦτον
2920 3899 3098 3954 ἐποίει
3150 3903 3242 3955 τὸν
3271 3884 3584 3975 ἄνθρωπον,
3628 3908 3757 3962 ὥστε

2189 3975 2251 4028 τὸ
2277 3979 2379 4046 μὲν
2417 3981 2625 4049 ἀγαθὸν
2653 3986 2988 4054 ἐργάζεσθαι
3045 3991 3276 4048 δυνατὸν
3303 3992 3473 4063 εἷναι,
3534 4000 3756 4069 πονηρὸν

2186 4070 2243 4126 δὲ
2273 4073 2397 4143 μηδ’
2433 4077 2613 4129 ὁτιοῦν
2639 4079 2847 4145 πρᾶξαι
2876 4081 3141 4140 δύνασθαι
3167 4088 3362 4153 ;Οὖτω
3390 4093 3505 4164 γὰρ
3530 4092 3593 4146 ἂν
3618 4096 3680 4146 τά
3702 4109 3754 4144 τε

2188 4168 2328 4217 κατά
2359 4167 2587 4238 γνώμην
2617 4169 2772 4242 αὐτῷ
2800 4174 3137 4244 πράττοντες
3168 4176 3334 4250 ἦμεν,
3388 4185 3489 4239 καὶ
3539 4184 3753 4247 ἀπαθεῖς

2190 4257 2372 4326 πάσης
2409 4258 2731 4332 διεμένομεν
2758 4269 3051 4338 τιμωρίας.
3084 4271 3143 4323 '0
3177 4272 3259 4339 δὲ,
3301 4276 3412 4328 Καὶ
3454 4277 3611 4330 τοῦτο
3639 4295 3758 4345 σφε-

2186 4344 2333 4417 δρῶς
2365 4350 2695 4419 κηδομένου,
2726 4354 2858 4425 ἔφη,
2894 4357 2993 4411 καὶ
3023 4360 3084 4413 τὸ
3139 4363 3413 4435 ἡμέτερον
3470 4366 3669 4434 ἀγαθὸν
3686 4344 3754 4417 νὲκ

2186 4441 2390 4503 παντὸς
2414 4442 2701 4507 θέλοντοςο
2737 4447 2787 4498 εί
2852 4449 2964 4519 γάρ
3019 4451 3094 4521 μὴ
3148 4453 3221 4507 τὰ
3267 4455 3453 4523 φαῦλα
3511 4458 3754 4526 πράττειν

498 4511 639 4563 mala
667 4509 868 4573 facere,
898 4522 1001 4562 nec
1030 4508 1173 4563 bona
1204 4509 1420 4578 quidem
1465 4510 1714 4566 faciendo
1739 4513 1874 4567 nihil
1902 4516 2078 4569 lucra-

2194 4531 2428 4596 δυνατῶς
2456 4536 2677 4605 ἔχομεν,
2704 4508 2874 4593 οὐδὲν·
2894 4508 2963 4595 ἂν
2994 4508 3116 4597 οίθδε
3168 4508 3293 4599 ἀπὸ.
3329 4549 3425 4602 τοῦ
3482 4508 3565 4605 τὰ⁸
3587 4508 3750 4619 ἀγαθά

498 4618 701 4657 remur.
730 4599 917 4671 Neque
946 4602 1092 4655 enim
1128 4611 1411 4671 propterea
1450 4603 1606 4658 laude
1633 4604 1779 4675 digni
1810 4621 2078 4674 essemus,

496 4708 599 4747 nec
645 4691 1142 4747 commendatione.
1203 4692 1357 4747 Tunc
1401 4710 1637 4764 namque
1691 4698 1834 4766 quod
1879 4696 2080 4753 factum

495 4793 661 4851 esset,
707 4799 819 4840 non
869 4783 1066 4839 fuisset
1124 4785 1325 4850 factum
1387 4798 1576 4843 nostro
1630 4789 1799 4846 libero
1832 4793 2077 4858 arbitrio,

495 4878 590 4932 sed
618 4893 685 4931 ex
722 4878 802 4934 rei
826 4887 1042 4933 natura.
1072 4877 1190 4931 Non
1213 4879 1359 4932 enim
1400 4880 1491 4949 qui
1529 4896 1636 4936 non
1669 4891 1850 4952 potest
1878 4886 2078 4940 malum

496 4970 693 5032 facere,
725 4970 768 5023 is
791 4985 901 5023 non
934 4968 1141 5025 faciens
1185 4981 1269 5024 est
1321 4972 1644 5036 laudandus,
1676 4976 1770 5029 sed
1805 4978 1921 5046 qui,
1954 4995 2078 5034 cum

496 5061 668 5129 possit
692 5059 910 5128 quidem
974 5059 1155 5116 facere
1189 5064 1423 5117 abstinet
1460 5075 1682 5133 propter
1709 5066 1838 5121 boni
1867 5072 2082 5124 deside—

494 5152 655 5206 rium.
692 5149 829 5205 Cum
861 5161 1041 5207 autem
1073 5163 1366 5223 utrumque
1393 5156 1535 5209 sitin
1565 5168 1750 5211 nosna
1783 5169 2074 5227 potestate,

494 5251 552 5294 ut
588 5243 672 5295 vel
719 5242 847 5296 boni
897 5242 1092 5308 simus,
1127 5244 1209 5297 vel
1269 5243 1416 5308 mali,
1449 5245 1493 5298 si
1529 5246 1777 5312 velimus,
1809 5264 1909 5303 cur
1937 5252 2080 5306 tollis

491 5332 834 5387 occasionem
867 5336 1123 5404 parandae
1156 5336 1312 5390 bon-.e
1358 5337 1801 5405 existimationis,
1841 5349 1899 5396 et
1924 5345 2077 5412 e,icis

490 5425 775 5481 materiam
794 5426 1166 5481 coronarum?
1208 5426 1290 5481 Ad
1326 5427 1442 5483 haec
1474 5428 1858 5488 Euxeniauus:
1899 5434 2075 5502 Nunc,

491 5518 687 5586 inquit,
725 5517 856 5570 mihi
892 5518 1042 5572 satis
1104 5527 1189 5573 est
1240 5533 1583 5588 persuasum,
1639 5523 1917 5578 hominem
1955 5542 2076 5580 esse

487 5610 570 5664 sui
622 5610 800 5678 luris.
865 5621 919 5665 et
969 5613 1198 5668 liberum
1262 5614 1465 5671 habere
1507 5617 1815 5680 arbitrium,
1869 5628 1924 5672 ct
1979 5635 2076 5676 sua

683 5785 846 5841 ltebr.
880 5804 952 5853 ιν,
990 5788 1070 5842 12.

2186 4627 2366 4677 ποιεῖν
2400 4629 2812 4700 ἐκερδαίνομεν.
2848 4632 2987 4687 Οὔτε
3020 4636 3131 4707 γὰρ
3159 4639 3390 4694 ἐπαίνου
3421 4642 3572 4714 παρὰ
3605 4642 3753 4695 τοῦτο

2185 4717 2402 4782 πάντως
2424 4719 2547 4774 οὔτε
2564 4722 2836 4795 ἀποδοχῆς
2878 4721 2913 4797 ἦ
2921 4744 3022 4797 μεν
3039 4728 3202 4793 ἄξιοι.
3230 4731 3364 4785 Τότε
3389 4734 3498 4805 γάρ
3523 4734 3582 4786 οὐ
3611 4734 3747 4803 παρά

2182 4901 2334 4971 παρὰ
2364 4901 2465 4973 τὴν
2494 4905 2587 4957 τοῦ
2620 4908 2948 4978 πράγματος
2987 4911 3169 4980 φύσιν.
3190 4914 3266 4967 Οὐ
3293 4916 3399 4986 γὰρ
3423 4918 3452 4969 ὀ
3481 4915 3555 4987 μὴ
3588 4916 3744 4968 ποιεῖν

2183 4993 2245 5046 τὸ
2269 4995 2440 5049 κακὸν
2467 4997 2790 5067 δυνάμενος,
2812 4994 2970 5066 οὗτος
3008 5005 3083 5076 μὴ
3133 5008 3393 5077 πράττων
3442 5010 3741 5070 ἐπαινετὸς,

2182 5088 2297 5139 ἀλλ’
2343 5092 2370 5140 ὁ
2399 5090 2663 5159 πράττειν
2699 5094 2800 5161 μὲν
2834 5094 3059 5161 δυνατὸς
3083 5097 3180 5165 ὣν,
3214 5101 3555 5172 ἀπεχόμενος
3584 5102 3637 5154 δὲ
3664 5101 3740 5152 διὰ

2179 5180 2451 5270 τὴν-πρὸς
2480 5182 2563 5270 τὸ.
2602 5184 2768 5237 καλὸν
2814 5186 3025 5255 ἔφεσιν.
3079 5191 3302 5264 Ἐπειδὴ
3355 5193 3412 5258 δὲ
3473 5192 3740 5263 ἀμφότερα

2183 5267 2317 5337 παρ’
2345 5271 2498 5338 ἡμῖν,
2535 5267 2630 5325 καὶ
2675 5274 2785 5326 εἴτε
2840 5278 3040 5345 ἀγαθοί
3088 5281 3281 5351 ἐσμεν,
3319 5284 3367 5336 εί
3411 5281 3742 5353 βουλοίμεθα,

2181 5359 2291 5410 εἴτε
2316 5360 2534 5427 φαῦλοι,
2580 5363 2706 5417 Ἐάν
2741 5365 2933 5438 θέλητε
2961 5369 3091 5441 γὰρ,
3118 5375 3271 5441 φησι,
3302 5375 3415 5429 θεοὶ
3440 5376 3623 5428 ἔσεσθε
3649 5389 3665 5404 ⁶
3695 5372 3743 5423 τί

2178 5450 2278 5517 τῆς
2302 5451 2710 5523 εὐδοκιμήσεως
2742 5458 2840 5528 τὴν
2865 5461 3146 5530 πρόφασιν
3191 5466 3455 5536 ἀναιρεῖς,
3515 5467 3609 5519 καὶ
3639 5463 3741 5517 τῶν

2183 5542 2465 5610 στεφάνων
2499 5546 2789 5613 ἐκϐάλλεις
2822 5552 2921 5616 τὰς
2947 5555 3250 5627 ἀφορμάςς
3313 5560 3450 5631 Πρὸς
3498 5557 3665 5612 ταῦτα
3717 5558 3742 5608 ὁ

2181 5632 2554 5705 Εὐξεινιανδς,
2623 5642 2897 5714 ’Δκριϐῶς
2949 5648 3253 5720 πέπεισμαι
3308 5653 3399 5706 τὸν
3447 5650 3740 5723 ἄνθρωπον,
