4132 6442
475 413 612 476 1229

1765 416 1940 475 Vl'l‘A
1985 415 2041 472 S.
2083 414 2408 477 ARERCII.

3569 407 3588 470 1
3600 407 3705 469 230

466 525 601 598 ἔφη,
634 526 933 597 αύτόνομόν
956 545 1012 580 τε
1045 524 1184 583 εἶναι
1224 531 1318 582 καὶ
1361 529 1730 593 αὐτεξούσιον,
1768 532 1860 583 καὶ
1901 528 2024 582 κατέ

2140 541 2333 599 Spnille
2359 532 2543 584 venire
2569 533 2635 585 ad
2667 529 3020 602 peccandum.
3053 527 3157 581 Sed
3193 527 3318 580 dum
3341 527 3406 580 de
3440 524 3521 578 bis
3546 525 3706 578 rebus

471 617 699 686 γνώμην
727 615 819 668 ἐπὶ
841 617 899 669 τὸ
925 617 1264 689 ἁμαρτάνειν
1298 619 1570 689 ἔρχεσθαι.
1617 619 1856 673 Τοιαῦτα
1899 620 2035 690 πρὸς

471 705 735 774 ἀλλήλους
763 707 1210 778 διαμιλλωμένων
1234 711 1437 774 αὐτῶν,
1469 711 1502 782 ή
1531 711 1718 779 ἐνάτη,
1748 713 1908 764 πάλιν
1939 729 2036 763 κα-

467 798 800 862 ταλαϐοῦσα,
836 798 1044 851 διέλυσε
1072 803 1172 863 τὰς
1209 803 1487 870 ζητήσεις.
1549 803 1813 864 Ἀναστάς
1845 802 1950 871 γάρ
2005 803 2034 852 6

471 890 615 952 θεῖος
665 891 948 961 ’Λϐἐρκιος
983 891 1287 956 ἀσπάζεται
1337 894 1463 955 τοὺς
1515 894 1907 966 περιεστῶτας,
1941 895 2033 946 καὶ

468 984 798 1049 εὐλογήσας,
838 983 1020 1034 οἴκαδε
1059 983 1159 1036 σὺν
1184 984 1512 1053 Εὑξεινιανῷ
1544 987 1770 1054 πέμπει.

543 1073 642 1124 LV.
688 1073 898 1140 Ὀλίγαι
929 1073 989 1125 τὸ
1023 1073 1163 1142 μετά
1186 1075 1363 1128 ταῦτα
1397 1076 1614 1144 διῆλθον
1666 1076 1890 1145 ἡμέρας,
1939 1078 2032 1128 καὶ

466 1162 565 1224 τὰς
605 1163 766 1232 πέριξ
791 1163 984 1230 κώμας
1017 1165 1110 1216 καὶ
1143 1165 1246 1235 πρό
1267 1183 1328 1233 γε
1354 1166 1462 1218 τῶν
1491 1167 1666 1220 ἄλλων
1696 1169 1794 1229 τὰς
1819 1169 1874 1218 ὲν
1919 1183 2030 1234 γει-

462 1253 656 1315 τόνων,
685 1253 799 1321 ἅμα
848 1255 961 1316 τοῖς
1010 1255 1258 1323 ἀδελφοῖς
1312 1256 1566 1327 περιῄειο
1599 1257 1867 1326 ἐμάνθανε
1921 1257 2028 1323 γὰρ

457 1341 566 1411 ἥδη
597 1343 826 1405 πολλοὺς
859 1345 975 1396 ἐκεῖ
1016 1345 1293 1416 διαφόροις
1351 1348 1638 1410 πιέζεσθαι
1688 1351 1883 1412 νόσοις.
1927 1349 2030 1400 Πε-

463 1433 691 1504 ριελθὼν
717 1429 809 1487 οὖν
839 1437 932 1488 καὶ
958 1436 1300 1507 θεραπεύσας
1331 1440 1463 1508 εύχῇ
1494 1442 1586 1492 καὶ
1615 1441 1816 1509 χειρῶν
1843 1440 2027 1491 ἐπιθέ-

465 1541 568 1587 σει,
604 1525 726 1575 ἐπεὶ
758 1524 1042 1593 βαλανείου
1071 1526 1276 1597 ἄπορον
1298 1527 1444 1600 ἑώρα
1476 1529 1566 1582 τὸν
1587 1532 1770 1594 τόπον,
1795 1532 2028 1600 πρᾶγμα

461 1615 680 1667 νοσοῦσι
717 1615 891 1679 δεξιὸν
925 1617 1298 1687 παραμύθιον,
1332 1620 1412 1682 εἵς
1444 1637 1564 1674 τινα
1627 1621 1804 1689 χῶρον
1858 1621 2029 1672 ἐλθὼν

461 1699 506 1773 ᾧ
540 1707 732 1776 Ἀγρὸς
764 1708 862 1776 μὲν
885 1711 915 1778 ἡ
943 1709 1155 1777 κλῆσις,
1183 1710 1425 1780 ποταμὸς
1453 1712 1507 1764 δὲ
1532 1713 1680 1778 αὐτῷ
1698 1713 2025 1782 παραρρέει,

462 1800 530 1850 τὰ
571 1799 773 1864 γόνατα
800 1799 878 1868 τῷ
898 1801 1016 1869 Θεῷ
1039 1802 1246 1866 κλίνας,
1276 1801 1368 1853 τοῦ
1398 1802 1624 1871 ἐδάφους
1659 1803 1889 1869 γίνετῖι.
1919 1805 2027 1855 Καὶ

467 1890 576 1942 ἰδοὺ
613 1891 810 1960 βροντὴ
850 1895 948 1960 μὲν
993 1893 1053 1957 ἐξ
1118 1894 1381 1964 ἀκριϐοῦς
1436 1896 1882 1964 καταρρήγνυται
1931 1895 2031 1963 τῆς

466 1982 682 2049 αἰθρίας
708 1997 722 2012 ·
749 1983 1036 2037 ἀναδίδωσι
1068 1985 1130 2036 δὲ
1167 1985 1350 2052 πηγάς
1388 1985 1610 2055 θερμῶν
1642 1985 1849 2038 ὑδάτων
1881 1986 1914 2053 ἡ
1937 1986 2029 2052 γῆ,

463 2075 558 2124 καὶ
590 2072 676 2124 διὰ
702 2073 919 2126 πάντων
942 2075 1167 2144 ὑμνεῖτο
1188 2076 1340 2140 Θεὸς,
1367 2078 1604 2146 ἐπήκοος
1632 2075 1776 2128 οὔτω
1806 2075 2030 2128 δικαίων

459 2161 670 2230 ἀνδρῶν
688 2162 994 2230 γινόμενος.
1025 2162 1086 2215 ἸΙ
1111 2163 1294 2230 μέντοι
1317 2163 1565 2231 μακαρία
1590 2163 1773 2230 ἐκείνη
1790 2162 2031 2230 γλῶσσα,

460 2252 699 2314 λάκκους
748 2252 941 2322 ὀρύξαι
993 2255 1106 2314 τοῖς
1161 2253 1428 2323 παροῦσιν
1477 2255 1858 2323 ἐντειλαμένη,
1891 2255 2032 2307 ὥστε

460 2343 724 2413 σύρροιαν
757 2345 815 2395 ἐν
839 2344 1050 2406 τούτοις
1097 2343 1346 2409 γίνεσθαι
1388 2344 1498 2397 τῶν
1527 2343 1748 2414 θερμῶν
1803 2345 2028 2408 ὑδάτων,

460 2434 554 2485 καὶ
580 2433 661 2495 είς
685 2433 984 2500 ἀνάκτησιν
1003 2433 1145 2486 αὐτὰ
1162 2438 1432 2504 σωμάτων
1457 2429 1596 2487 εἶναι
1625 2436 2033 2504 πεπονηκότων,

460 2525 692 2596 ἐπανῄει
727 2526 866 2597 πρὸς
888 2526 986 2596 τὴν
1018 2528 1215 2580 οἰκίαν.
1261 2528 1347 2578 Ἐν
1383 2527 1558 2596 τούτῳ
1581 2526 1675 2579 οὖν
1707 2529 1736 2580 6
1771 2530 1879 2580 τῶν
1917 2545 2032 2582 πει·

462 2618 691 2688 ρασμῶν
719 2619 814 2672 καὶ
842 2621 946 2690 τῆς
968 2620 1185 2688 ἀπάτης
1220 2619 1424 2690 πατὴρ,
1455 2623 1483 2672 6
1522 2621 1758 2690 πονηρὸς
1797 2620 2030 2690 δαίμων,

459 2709 781 2777 γυναικείαν
818 2710 1135 2780 ὑποκριθείς
1177 2712 1416 2781 μορφὴν,
1447 2713 1695 2779 πρόσεισι
1733 2713 1809 2778 τῷ
1868 2712 2026 2780 ἁγίῳ,

458 2802 710 2869 εὐλογίας
741 2805 922 2872 τυχεῖν
952 2803 1113 2868 δῆθεν
1142 2804 1272 2875 παρ’
1301 2804 1467 2858 αὐτοῦ
1495 2804 1845 2875 βουλόμενος.
1893 2807 1952 2858 'U
1974 2805 2029 2857 δὲ

455 2893 736 2946 ἐπιϐαλὼν
767 2895 965 2965 ἐκείνῳ
990 2896 1117 2957 τοὺς
1138 2895 1473 2963 ὀφθαλμοὺς,
1497 2898 1586 2959 καὶ
1615 2897 1703 2948 τὸν
1739 2897 1867 2948 εἴσω
1898 2913 2031 2966 κρυ-

457 2987 730 3054 πτόμενον
761 2985 927 3040 λύκον
963 2988 1064 3039 οὐκ
1095 2989 1390 3056 ἀγνοήσας,
1423 2989 1470 3040 εἰ
1503 2989 1598 3040 καὶ
1637 2989 1736 3059 τὴν
1760 2989 1856 3041 τοῦ
1891 3005 2029 3059 προ·-

455 3077 628 3129 ϐάτου
662 3077 825 3146 δορὰν
866 3078 1200 3146 περιέκειτο,
1232 3077 1394 3140 εὐθξις
1443 3084 1900 3150 μεταστρέφεται,
1935 3080 2030 3132 καὶ

459 3168 596 3240 λίθῳ
635 3170 966 3239 προσπταίει
1003 3171 1094 3222 τὸν
1123 3169 1260 3224 πόδα
1317 3169 1410 3222 τὸν
1468 3170 1664 3235 δεξιόν.
1719 3173 2024 3243 Περιαλγὴς

2135 3171 2280 3224 enim
2371 3179 2732 3237 percusserat.

456 3261 549 3315 οὖν
574 3262 890 3329 γενόμενος,
928 3262 1161 3315 ἅπτεται
1205 3265 1272 3333 τῇ
1302 3265 1445 3333 χειρὶ
1494 3264 1588 3317 τοῦ
1633 3265 1980 3332 ἀστραγάλου
2007 3280 2022 3296 ο

458 3351 624 3422 αὑτὸν
646 3351 754 3423 γὰρ
785 3348 854 3422 ἦν
887 3353 1209 3422 πεπληγώς.
1240 3354 1352 3408 Καὶ
1371 3356 1399 3407 6
1433 3355 1693 3424 πονηρὸς,
1715 3357 1794 3417 είς
1833 3355 2026 3409 ἑαυτὸν

462 3443 628 3497 πάλιν
664 3444 1004 3514 μεταϐαλὼν,
1035 3444 1252 3514 ⁴ἥδιστόν
1285 3461 1346 3496 τε
1397 3446 1491 3498 καὶ
1533 3445 1733 3515 θερμὸν
1774 3447 2022 3512 ἀνεγέλα,

457 3539 553 3591 καὶ
579 3538 688 3590 ἀπὸ
721 3537 822 3607 τῆς
856 3537 1016 3607 φίλης
1063 3537 1224 3600 εὐθὺς
1267 3539 1680 3608 ύπερηφανίας’
1727 3539 1906 3608 Μήτοι
1958 3555 2024 3607 με

452 3629 666 3698 νόμιζε,
687 3630 854 3696 λέγει,
875 3629 983 3681 τῶν
1005 3629 1280 3681 ταπεινῶν
1298 3625 1438 3681 εἶναι
1461 3631 1683 3682 ἐκείνων
1709 3629 2022 3698 δαιμονίων,

451 3719 488 3772 ἃ
522 3720 586 3772 σὺ
621 3721 883 3781 πολλάκις
915 3719 1244 3788 φυγαδεύειν
1278 3716 1448 3785 οἶδας,
1497 3719 1588 3772 καὶ¹
1625 3721 1772 3788 μόνῳ
1815 3718 1894 3786 τῷ
1925 3719 2025 3787 ρη-

455 3820 606 3878 ματιο
636 3810 750 3863 ἀλλ’
785 3811 948 3871 αὐτὸς
979 3810 1096 3878 είμι
1127 3811 1287 3873 αὐτὸς
1313 3811 1731 3878 ἑκατόνταρχος,
1759 3803 1822 3862 οὗ
1849 3808 2025 3878 δήκαὶ

455 3900 551 3954 νῦν
579 3902 660 3964 είς
695 3903 890 3969 πεῖραν
917 3898 1107 3963 ἐλθὼν,
1159 3899 1294 3966 ὁρᾷς
1351 3897 1470 3959 πῶς
1515 3897 1780 3967 χαλεπαῖς
1828 3895 2024 3964 βέϐλη.

459 4011 548 4047 σαι
576 3992 978 4063 περιωδυνίαις,
1011 3992 1040 4043 6
1074 3989 1293 4051 πολλοῖς
1315 3990 1526 4057 ἑτέροις
1577 3988 1881 4057 λυσάμενος
1927 3987 2023 4048 τὰς

457 4085 669 4146 ὀδύνας.
700 4083 884 4147 υῦτως
907 4083 1015 4136 ἀπὸ
1036 4081 1129 4136 τοῦ
1160 4081 1420 4151 βλάπτειν
1443 4082 1470 4132 ὁ
1514 4082 1730 4149 μιαρός,
1768 4079 2022 4131 οὐδέποτε

454 4177 515 4231 δὲ
547 4178 658 4230 ἀπὸ
694 4177 784 4230 τοῦ
815 4176 1048 4243 ὼφελεῖν
1078 4178 1290 4240 οὐδένα,
1320 4174 1500 4244 ἐαυτῷ
1539 4173 1628 4227 τὸν
1657 4173 1875 4226 ἔπαινον
1921 4189 2023 4225 πε-

460 4268 724 4338 ριτίθησι.
757 4268 944 4319 Ταῦτα
973 4267 1155 4320 τοίνυν
1190 4268 1328 4336 πρὶς
1358 4266 1449 4318 τὸν
1477 4263 1790 4333 θαυμαστὸν
1832 4263 2021 4333 Ἀϐέρ-

455 4374 574 4410 κιον
613 4353 758 4422 εἶπε,
797 4357 892 4409 καί
924 4373 1033 4409 τινι
1056 4357 1166 4408 τῶν
1194 4356 1640 4424 περιεστηκότων
1695 4355 1856 4408 αὐτὸν
1903 4372 2022 4408 νεα-

454 4449 655 4502 νίσκων
685 4449 960 4519 ὲπιπηδᾷ·
995 4448 1056 4501 ὃν
1088 4448 1341 4518 χαλεπῶς
1371 4449 1656 4518 σπαράξας
1681 4465 1741 4501 τε
1775 4451 1870 4502 καὶ
1903 4449 1991 4502 δια

453 4539 722 4609 ταράξας,
757 4539 962 4610 μεταξὺ
999 4541 1216 4592 πάντων
1247 4540 1494 4602 ἐλεεινῶς
1527 4540 1878 4595 καταϐάλλει.

522 4629 623 4685 ιε’.
666 4632 725 4682 ’0
757 4631 946 4700 μέντοι
991 4632 1168 4698 μέγας
1224 4631 1502 4699 ’Λϐἐρκιος
1537 4631 1682 4683 ἔλεον
1707 4632 1902 4684 αὐτίκα
1924 4631 2020 4684 τοῦ

451 4725 740 4777 νεανίσκου
794 4722 978 4775 λαϐὼν
1033 4721 1129 4773 καὶ
1171 4720 1386 4790 δεηθεὶς
1421 4721 1515 4773 τοῦ
1574 4722 1710 4775 Θεοῦ
1752 4722 1904 4774 λύσιν
1962 4739 2021 4774 τε

453 4815 603 4886 αύτῷ
631 4815 817 4868 δίδωσι
847 4814 940 4867 τοῦ
969 4811 1165 4874 κακοῦ,
1201 4814 1294 4866 καὶ
1326 4813 1418 4864 τὸν
1451 4813 1869 4881 μιαρὸνὲκεῖνον
1902 4815 2018 4866 δαί-

454 4921 594 4974 μονα
646 4902 892 4957 ἐκποδὼν
912 4902 1148 4971 τίθησιν,
1175 4901 1322 4971 ἔργῳ
1346 4900 1589 4970 δηλώσας
1615 4902 1668 4954 τί
1678 4923 1694 4963 ς
1719 4903 1747 4954 6
1764 4901 1855 4954 τοῦ
1880 4903 2017 4968 ἀγα-

455 4997 551 5050 θοῦ
588 4996 834 5067 μαθητὴς
873 4997 969 5049 καὶ⁸
991 4994 1286 5063 ἀγαθύνειν
1306 4993 1716 5062 δεδιδαγμένος,
1748 4996 1840 5046 καὶ
1877 4993 1958 5054 τίς
1991 4996 2018 5045 ὁ

449 5089 511 5151 ἐξ
539 5088 712 5156 ἀρχῆς
745 5085 1001 5156 πονηρὸς,
1039 5086 1129 5137 καὶ
1163 5083 1258 5136 τοῦ
1293 5084 1554 5152 πράττειν
1581 5083 1774 5145 ἄλλους
1799 5083 1866 5135 τά
1920 5100 2016 5134 πο-

449 5181 592 5250 νηρά
623 5180 959 5240 διδάσκαλος.
1013 5177 1254 5240 Ἐκεῖνος
1281 5177 1334 5229 δὲ
1368 5176 1483 5229 ἀλλ’
1507 5177 1567 5228 οὗ
1612 5177 1772 5248 μέχρι
1825 5177 2016 5228 τούτου

447 5277 598 5343 ἔστη,
629 5273 750 5325 οὐδὲ
779 5273 870 5324 ἐπὶ
903 5273 1040 5342 μόνῃ
1069 5275 1132 5339 τῇ
1168 5269 1394 5338 τοιαύτῃ
1423 5269 1636 5339 ἔμεινεν
1689 5271 1848 5339 ἥττῃ,
1883 5271 2017 5322 ἁλλά

450 5366 545 5418 καὶ
573 5365 769 5435 ἑτέραν
801 5363 950 5433 αύτῴ
979 5362 1347 5433 προκηρύτῖει
1385 5361 1564 5431 πάλην
1585 5376 1598 5392 ’
1633 5357 1694 5414 οὗ
1745 5363 1876 5431 μηδὲ
1918 5363 2015 5432 τὴν

447 5458 672 5526 πρώτην
701 5457 1021 5523 ὑπενεγκεῖν
1073 5457 1313 5523 ἴσχυσεν.
1359 5454 1575 5524 Ἐπειδὴ
1608 5454 1711 5525 γὰρ
1740 5465 1832 5506 και
1869 5454 2016 5506 ἄκων

448 5551 614 5620 ἀπῄει
651 5551 743 5601 τὸν
763 5549 1052 5600 νεανίσκον
1090 5546 1376 5598 ἀπολιπὼν
1406 5549 1640 5616 τραχείᾳ
1668 5548 1741 5608 ὡς
1774 5545 1888 5616 εἶχε
1923 5551 2012 5598 καὶ

446 5642 650 5696 ἀναιδεῖ
675 5641 1019 5711 χρησάμενος
1046 5640 1111 5706 τῇ
1141 5641 1292 5708 φωνῇ
1319 5655 1334 5669 ο
1362 5637 1512 5707 Ταχύ
1538 5655 1618 5700 σε,
1651 5640 1781 5706 ἔφη,
1827 5638 2014 5706 ’Λϐἐρ-

447 5753 555 5798 κιε,
582 5733 676 5786 καὶ
704 5735 908 5789 ἄκοντα
967 5733 1377 5801 παρασκευάσω
1405 5731 1504 5802 τὴν
1545 5730 1830 5799 Ῥωμαίων
1859 5730 2006 5782 ἰδεῖν.

446 5829 520 5880 T6
565 5827 619 5880 δὲ
655 5828 758 5896 ἄρα
789 5826 850 5878 οὐ
893 5822 1068 5893 πολλῷ
1096 5823 1320 5894 ὕστερον
1345 5823 1528 5892 ἐξέϐη,
1561 5823 1634 5885 ὡς
1667 5825 1730 5876 τὰ
1756 5821 1880 5892 ἑξῆς
1918 5823 2008 5873 τοῦ

2047 4526 2100 4585 D

2142 619 2281 672 inter
2327 636 2383 673 se
2413 621 2797 689 disceptarent,
2856 618 2987 672 hora
3035 633 3178 670 nona
3225 631 3413 669 rursus
3462 615 3707 679 veniens,

2140 710 2276 763 finiit
2306 711 2645 781 quaestiones.
2673 710 2864 765 Statim
2885 711 3028 764 enim
3053 723 3279 778 surgens
3303 707 3520 760 divinus
3538 706 3708 758 Aber-

2139 801 2276 864 cius,
2309 803 2505 855 salutat
2537 817 2651 864 eos,
2681 801 2769 870 qui
2791 799 3234 861 circumstibaut,
3303 805 3357 848 et
3383 813 3504 848 eum
3543 797 3708 850 bene-
3775 827 3783 852 μ

2139 890 2381 955 dixisset,
2411 894 2629 946 domum
2665 893 2831 946 mittit
2857 906 2982 945 cum
3028 889 3361 942 Euxeniano.

2208 1088 2343 1141 XIV.
2382 1088 2538 1144 Pauci
2593 1090 2704 1144 dies
2740 1100 2922 1160 postea
2969 1089 3359 1158 pra-tcrierunt,
3401 1103 3525 1140 cum
3556 1087 3710 1141 sicos

2133 1181 2483 1234 circumcirca
2540 1181 2761 1250 positos,
2819 1189 2874 1233 et
2909 1193 3035 1234 ante
3071 1180 3224 1242 alios,
3280 1193 3374 1232 eos
3412 1178 3502 1247 qui
3553 1187 3708 1230 erant

2137 1272 2443 1340 propinqui.
2472 1272 2605 1325 obiit
2630 1287 2751 1326 cum
2807 1271 3085 1324 fratribus.
3137 1270 3255 1324 Jam
3293 1270 3436 1323 enim
3478 1283 3705 1335 accepe-

2136 1369 2235 1423 rat,
2275 1360 2472 1413 multos
2500 1359 2661 1412 variis
2687 1359 2797 1412 illic
2823 1357 3026 1411 morbis
3061 1357 3322 1410 laborare.
3357 1355 3494 1407 Cum
3525 1367 3569 1404 a'
3594 1359 3705 1405 tem

2133 1451 2374 1512 abiisset,
2405 1459 2460 1504 et
2490 1465 2582 1504 eos
2634 1457 2876 1503 curasset
2915 1447 3169 1517 precibus
3216 1455 3270 1498 et
3325 1457 3578 1497 manuum
3609 1440 3710 1493 im-

2135 1541 2420 1609 positione,
2452 1553 2732 1610 postquam
2755 1539 2887 1594 vidit
2911 1539 3088 1592 locum
3118 1551 3275 1605 egere
3305 1534 3519 1598 balneo,
3543 1530 3708 1602 (quod

2133 1632 2352 1700 quidem
2383 1631 2772 1700 :cgrotantibus
2809 1639 2892 1684 est
2936 1638 3118 1697 aptmn
3181 1624 3452 1680 solatiumi
3483 1622 3705 1677 veniens

2133 1722 2185 1774 in
2218 1722 2506 1790 quemdam
2551 1721 2754 1781 locum,
2810 1719 2900 1789 qui
2958 1718 3261 1787 appellatur
3313 1716 3473 1784 Ager,
3508 1711 3706 1766 ﬂuvius

2133 1824 2312 1866 autem
2352 1828 2518 1880 prOpe
2549 1827 2673 1865 cum
2732 1811 2866 1873 ﬂuit,
2928 1809 3081 1862 ﬂexis
3138 1808 3245 1861 Deo
3295 1806 3522 1876 genibus
3555 1803 3706 1857 humi

2135 1905 2388 1973 procidit.
2423 1902 2487 1955 Et
2513 1918 2640 1956 ecce
2682 1900 2916 1970 erumpit
2970 1899 3185 1967 quidem
3215 1898 3417 1950 tonitru
3453 1896 3592 1950 coelo
3623 1909 3709 1948 se-

2136 2008 2288 2054 reno,
2323 1991 2518 2046 emittit
2572 2000 2751 2045 autem
2790 1999 2930 2044 terra
2971 1989 3149 2042 fontes
3181 2002 3440 2056 aquarum
3505 1986 3709 2040 calida—

2135 2097 2289 2135 rum:
2319 2090 2371 2135 et
2410 2097 2506 2149 per
2535 2080 2713 2134 omnia
2742 2079 3065 2133 laudabatur
3129 2077 3290 2135 Deus,
3319 2075 3409 2142 qui
3432 2075 3604 2144 justos
3630 2073 3709 2128 sic

2132 2173 2371 2227 exaudit.
2409 2170 2545 2225 Cum
2588 2171 2745 2224 beata
2781 2179 2960 2224 autem
3001 2169 3085 2221 illa
3147 2168 3327 2235 lingua
3367 2168 3450 2223 iis.
3491 2165 3580 2232 qui
3609 2164 3707 2216 ad-

2133 2272 2312 2325 erant,
2335 2263 2588 2330 jussisset
2616 2260 2801 2316 fodere
2827 2260 3110 2320 cisternas,
3139 2266 3199 2311 ut
3243 2271 3397 2324 aqua:
3425 2253 3609 2308 calda:
3653 2253 3706 2306 in

2133 2369 2225 2407 eas
2259 2353 2616 2416 conﬂuerent,
2651 2360 2803 2406 eteae
2830 2358 3011 2404 essent
3055 2350 3120 2402 ad
3160 2345 3452 2401 recreanda
3477 2359 3707 2411 corpora

2132 2444 2456 2509 laborantia,
2488 2445 2708 2498 domum
2769 2442 3077 2496 revertitur.
3133 2437 3351 2492 Interim
3386 2445 3564 2490 autem
3591 2444 3708 2488 tcu-

2134 2539 2400 2591 tationum
2449 2546 2504 2590 et
2554 2534 2889 2603 decrptionis
2940 2543 3093 2604 pater
3153 2529 3424 2597 malignus
3470 2527 3704 2591 daemon,

2133 2626 2358 2679 indutus
2393 2626 2564 2680 forma
2599 2624 2870 2689 muliebri,
2922 2623 3066 2676 venit
3105 2620 3170 2675 ad
3223 2628 3492 2683 sanetum,
3520 2616 3708 2670 volens

2133 2717 2201 2772 ab
2230 2718 2350 2786 ipso
2411 2715 2667 2784 consequi
2723 2713 3178 2768 benedictionem.
3241 2710 3334 2764 llle
3365 2720 3545 2763 autem
3575 2722 3705 2761 con-

2133 2809 2299 2876 jectis
2330 2807 2382 2860 in
2411 2807 2559 2860 illum
2588 2805 2779 2865 oculis.
2802 2806 2894 2872 qui
2924 2804 3068 2857 intus
3098 2801 3319 2864 latebat,
3366 2799 3551 2868 lupum
3595 2813 3702 2851 non

2136 2899 2416 2969 ignorans,
2469 2897 2678 2951 etiamsi
2735 2897 2851 2949 ovis
2879 2895 3072 2964 pellem
3109 2893 3394 2956 induisset,
3456 2889 3704 2958 protinus

2135 2987 2424 3054 avertitur,
2493 2997 2550 3041 et
2613 2986 2790 3055 lapide
2854 2985 3075 3038 offendit
3143 2984 3336 3052 pedem
3395 2982 3700 3036 dexterum.

2136 3078 2332 3133 Dolore
2392 3094 2521 3147 ergo
2579 3078 2824 3142 atl‘ectus,
2873 3093 3035 3131 manu
3068 3076 3238 3145 tangit
3273 3074 3436 3128 talum
3479 3089 3492 3125 :
3526 3071 3703 3140 ipsum

2820 3167 3082 3237 Malignus
3158 3175 3337 3218 autem
3395 3177 3585 3216 rursus
3647 3161 3702 3214 in

2134 3261 2375 3330 scipsum
2409 3270 2671 3323 mutatus,
2701 3259 3022 3313 suavissime
3073 3257 3208 3318 risit,
3239 3264 3292 3311 et
3332 3254 3704 3309 vehementis-

2128 3355 2284 3416 sime,
2317 3361 2374 3406 et
2397 3353 2552 3406 solita
2579 3352 2827 3419 protinus
2858 3348 3145 3416 superbia:
3175 3346 3254 3400 Ne
3291 3361 3375 3400 me
3403 3346 3698 3408 existimes,

2128 3442 2323 3511 inquit,
2357 3455 2479 3496 esse
2511 3457 2574 3494 ex
2617 3441 2726 3494 illis
2780 3438 3077 3493 humilibus
3123 3436 3430 3497 daemoniis,
3483 3451 3606 3502 quae
3645 3445 3701 3489 tu

2127 3533 2233 3587 scis
2287 3547 2432 3601 saepe
2497 3531 2684 3602 fugare
2747 3531 2832 3585 vel
2885 3530 3053 3585 verbo
3109 3528 3225 3582 solo
3263 3545 3276 3581 :
3310 3527 3405 3581 sed
3438 3543 3554 3580 sum
3585 3529 3700 3596 ipse

2126 3623 2400 3685 centurio,
2435 3625 2594 3690 cujus
2627 3637 2751 3676 cum
2783 3637 2928 3676 nunc
2959 3621 3135 3676 fecisti
3178 3621 3505 3690 periculum,
3547 3620 3699 3674 vides

2125 3729 2286 3782 quam
2320 3713 2575 3784 gravibus
2597 3714 2672 3767 sis
2728 3713 2961 3766 allectus
3012 3711 3310 3772 doloribus,
3336 3711 3428 3779 qui
3457 3699 3697 3764 liberasti

2126 3805 2327 3859 multos
2354 3821 2382 3859 a
2426 3805 2712 3859 molestiis.
2758 3804 2850 3858 Sic
2906 3804 3272 3858 exsecrandus
3324 3817 3390 3857 ex
3434 3817 3522 3866 eo,
3554 3818 3626 3871 qu
3662 3801 3698 3855 (ι

2129 3897 2309 3960 laedat,
2371 3912 2648 3966 nunquam
2701 3907 2882 3952 autem
2938 3913 3005 3952 ex
3071 3912 3156 3960 eo,
3196 3896 3337 3963 quod
3372 3894 3562 3962 prosit,
3593 3893 3694 3946 sibi

2126 3989 2336 4043 laudem
2366 3990 2575 4044 tribuit.
2609 3987 2732 4043 Haec
2766 4004 2894 4058 ergo
2927 3989 3231 4042 admirabili
3272 3987 3410 4042 dixit
3437 3986 3694 4049 Abercio.

2123 4092 2176 4134 et
2202 4082 2461 4150 impetum
2527 4080 2654 4134 facit
2704 4083 2758 4134 in
2818 4081 3108 4150 quemdam
3169 4095 3237 4134 ex
3274 4081 3360 4145 iis,
3389 4079 3482 4149 qui
3511 4079 3692 4148 ipsum

2123 4174 2618 4236 circumsistebant,
2661 4174 3144 4228 adolescentibus:
3201 4187 3363 4240 quem
3397 4187 3520 4226 cum
3575 4185 3697 4240 gra-

2125 4264 2262 4318 viter
2293 4264 2689 4334 discerpsisset,
2712 4265 3092 4320 miserabiliter
3125 4264 3338 4334 projicit
3367 4273 3421 4318 in
3455 4263 3694 4318 medium

2124 4366 2391 4407 omnium.

2195 4641 2308 4695 XV.
2338 4641 2558 4711 Magnus
2588 4652 2768 4695 autem
2811 4645 3072 4700 Abercius
3101 4647 3282 4700 statim
3323 4646 3693 4701 misericordia

2123 4742 2302 4786 motus
2350 4733 2732 4798 adolescentis,
2781 4743 2832 4786 et
2872 4734 3036 4788 Deum
3088 4747 3360 4804 precatus,
3393 4755 3516 4793 eum
3551 4741 3692 4795 malo

2120 4824 2311 4884 solvit,
2365 4833 2418 4875 et
2479 4823 2872 4876 exsecrandum
2939 4825 3090 4878 illum
3147 4826 3447 4882 ἀπειηοιιεῐη
3504 4831 3690 4890 procul

2120 4913 2366 4982 expellit,
2406 4929 2463 4964 re
2493 4914 2606 4982 ipsa
2636 4915 2952 4977 ostendens,
2985 4916 3235 4984 quisnam
3268 4919 3336 4970 sit
3368 4919 3494 4973 boni
3522 4920 3690 4974 disci-

2120 5004 2301 5074 pulus,
2337 5013 2391 5057 et
2423 5005 2512 5072 qui
2573 5004 2708 5058 bene
2754 5004 2930 5058 facere
2985 5006 3280 5062 didicerit:
3333 5019 3389 5062 et
3437 5014 3686 5079 quisnam

2119 5096 2164 5149 is
2189 5096 2278 5156 sit.
2312 5095 2400 5164 qui
2450 5105 2532 5149 est
2585 5097 2757 5148 malus
2794 5096 2860 5148 ab
2905 5096 3079 5159 initio,
3130 5108 3185 5151 et
3237 5100 3495 5170 magister
3547 5103 3688 5157 male

2120 5187 2350 5240 faciendi
2381 5187 2519 5242 aliis.
2564 5187 2652 5239 Ille
2702 5197 2882 5239 autem
2935 5205 3043 5241 non
3089 5203 3154 5242 eo
3200 5205 3370 5258 usque
3415 5194 3683 5260 constitit,

2118 5294 2294 5347 neque
2327 5279 2490 5332 semel
2541 5287 2852 5345 superatum
2896 5294 3016 5332 esse
3053 5280 3184 5333 satis
3229 5281 3418 5335 habuit
3453 5301 3468 5336 :
3500 5285 3596 5338 sed
3629 5286 3682 5339 ei

2119 5385 2308 5424 rursus
2339 5370 2536 5424 bellum
2567 5370 2872 5435 denuntiat,
2915 5374 3070 5441 cuius
3102 5373 3335 5441 primum
3373 5375 3681 5430 conﬂictum

2118 5479 2225 5515 non
2260 5464 2431 5532 potuit
2471 5465 2762 5516 sustinere.
2803 5463 3032 5528 Quando
3067 5465 3214 5518 enim
3260 5465 3464 5520 invitus
3505 5482 3683 5521 reces-

2118 5555 2206 5622 sit,
2246 5553 2433 5606 relicto
2479 5552 2843 5616 adolescente,
2889 5570 3078 5624 aspera
3115 5565 3170 5609 et
3220 5557 3518 5625 impudenti
3550 5573 3684 5610 voce

2120 5659 2248 5698 usus
2285 5661 2299 5698 :
2332 5645 2449 5696 Cito
2494 5658 2563 5708 te,
2593 5644 2786 5712 inquit,
2811 5661 2842 5698 ο
2879 5647 3090 5710 Aberci,
3125 5647 3206 5701 vel
3235 5648 3460 5701 invitum
3488 5648 3682 5702 faciam

2118 5737 2301 5790 videre
2366 5735 2729 5788 Romanorum
2801 5737 3101 5792 civitatem.
3154 5739 3268 5793 Hoc
3338 5749 3517 5793 autem
3575 5755 3683 5794 non

2119 5829 2287 5883 multo
2316 5838 2437 5896 post
2470 5829 2673 5894 evenit,
2701 5840 2760 5884 ut
2781 5828 3038 5898 deinceps
3061 5832 3431 5888 ostendemus.
3457 5833 3682 5889 Divinos
