4132 6448
478 392 608 458 1231

1764 383 2048 446 MENSIS
2083 383 2449 448 OCTOBER.

3606 385 3747 455 1232

457 516 620 569 “enim
644 512 911 569 Aberclus
933 511 1154 566 domum
1185 522 1340 561 suam
1379 520 1653 570 reversus,
1686 512 1828 558 totos
1854 512 2042 574 septen

2167 502 2330 569 λόγου
2352 502 2608 570 δηλώσει.
2655 502 2713 555 'U
2748 502 2849 573 μὲν
2883 504 2991 571 γὰρ
3020 502 3159 565 θεῖος
3204 500 3501 569 ’Λῦἑρκιο;,
3532 504 3613 565 είς
3645 506 3747 572 τὴν

471 606 591 661 dies
626 604 891 673 transegit
914 603 974 657 in
1004 598 1227 673 jejuniis
1254 607 1309 653 et
1348 596 1633 653 nocturnis
1658 595 1854 667 vigiliis
1887 594 2053 648 simul

469 710 599 749 cum
643 693 919 753 fratribus.
966 705 1164 760 rogans
1218 705 1287 744 ne
1334 700 1488 743 esset
1534 696 1681 742 tanta
1740 686 1943 741 inimici
1996 685 2051 738 in

473 801 597 840 eum
635 786 898 855 potentia,
932 792 992 837 ut
1013 798 1121 852 quo
1152 782 1238 836 ille
1267 797 1391 835 eum
1420 781 1664 839 duceret,
1702 778 1817 847 ipse
1851 793 2048 846 seque-

474 888 645 933 retur.
678 877 925 947 Septima
969 891 1099 931 vero
1142 886 1302 929 nocte
1336 875 1384 926 ei
1431 874 1484 925 in
1530 871 1737 925 somnis
1780 884 2047 939 apparens

474 968 758 1030 Dominus,
799 967 981 1023 dixit:
1036 967 1284 1027 Romam,
1342 981 1373 1017 ο
1422 962 1640 1026 Aberci,
1691 976 1809 1015 mea
1859 960 2048 1014 venies

473 1058 835 1128 providentia,
871 1058 1045 1122 utqui
1082 1056 1135 1110 in
1166 1070 1231 1110 ea
1258 1064 1404 1119 sunt,
1440 1068 1618 1107 meum
1653 1067 1852 1107 nomen
1882 1065 2049 1122 agno-

474 1157 649 1202 scant.
674 1147 823 1202 -Esto
854 1163 983 1217 ergo
1017 1146 1160 1200 bono
1195 1145 1399 1208 animo,
1425 1143 1596 1213 gratia
1627 1144 1771 1196 enim
1818 1157 1935 1196 mea
1972 1150 2051 1194 te-

472 1239 748 1293 cumerit.
781 1237 934 1291 Tunc
968 1246 1193 1291 sanctus
1242 1249 1273 1289 e
1319 1248 1513 1288 somno
1554 1234 1823 1289 excitatus
1858 1248 1872 1286 :
1913 1231 2046 1296 Fiat,

472 1330 674 1400 inquit,
702 1328 955 1383 voluntas
984 1336 1095 1392 tua,
1133 1325 1353 1380 Christe
1391 1340 1403 1376 :
1443 1333 1499 1378 et
1549 1322 1790 1376 divinam
1834 1322 2051 1392 appari-

473 1425 675 1479 tionem
728 1419 1064 1476 renuntiavit
1111 1417 1389 1473 fratribus.
1440 1414 1547 1469 Sed
1597 1414 1645 1469 ei
1689 1413 1907 1483 quidem
1970 1412 2050 1467 sic

471 1514 792 1584 praedictum
821 1522 907 1568 est
939 1511 1077 1577 fore,
1105 1519 1167 1566 nt
1191 1509 1403 1565 veniret
1433 1508 1500 1561 ad
1545 1506 1916 1561 Romanorum
1970 1505 2049 1559 ci-

474 1604 718 1657 vitato-tn.

539 1802 681 1857 XVI.
730 1801 996 1873 Malignus
1038 1811 1233 1856 autem
1272 1801 1509 1866 daemon,
1558 1797 1648 1868 qui
1703 1796 1860 1867 paulo
1918 1804 2044 1849 aute

467 1908 594 1948 eum
632 1905 698 1947 eo
755 1901 1046 1948 venturum
1118 1900 1203 1945 est
1251 1891 1553 1951 minitatus,
1609 1886 1745 1940 nihil
1789 1883 2045 1939 d.Ii‘erens

470 1990 617 2044 venit
647 1988 895 2049 Romam,
928 1995 982 2040 et
1026 1983 1368 2054 imperatoris
1419 1980 1682 2036 Antonini
1731 1978 1896 2032 filiam
1932 1979 2043 2046 jam

468 2078 732 2141 nubilem,
770 2086 826 2131 et
862 2076 1140 2131 sexdecim
1173 2089 1348 2128 annos
1383 2081 1565 2125 natam
1600 2070 1703 2140 (l),
1732 2084 1851 2138 qua:
1877 2067 2045 2122 Lucio

468 2170 690 2237 quidem
746 2169 887 2221 \‘ero
937 2164 1121 2219 fuerat
1178 2165 1471 2233 despmisa,
1518 2159 1811 2214 vocabatur
1862 2166 2043 2210 autem

467 2259 696 2320 Lttcilla,
735 2265 790 2311 et
834 2264 1060 2310 caeteras
1106 2269 1233 2308 suas
1275 2252 1510 2322 aequales
1556 2249 1960 2319 pulchritudine
1989 2254 2047 2300 et

466 2347 841 2419 magnitudine
884 2343 1202 2415 superabat,
1249 2341 1549 2411 ingreditur
1580 2357 1592 2393 :
1626 2347 1681 2393 et
1725 2337 1907 2393 statim
1940 2336 2046 2391 ciet

466 2446 669 2505 furore,
702 2448 760 2493 ut
808 2452 869 2492 se
898 2437 1235 2505 discerperet
1285 2446 1339 2487 et
1372 2433 1653 2502 dejiceret,
1701 2440 1756 2484 et
1789 2428 2044 2484 dentibus

465 2532 740 2585 morderet
785 2543 999 2591 manus,
1045 2535 1101 2581 et
1132 2540 1259 2580 suas
1299 2539 1490 2579 carnes
1539 2521 1840 2576 manderet.
1875 2513 2045 2574 Mater

462 2631 645 2676 autem
699 2620 956 2674 FauStina
1002 2618 1131 2690 (hoc
1173 2615 1319 2670 enim
1373 2624 1491 2668 crat
1528 2628 1726 2668 nomen
1764 2614 2042 2682 Augustae)

463 2712 630 2766 simul
660 2726 785 2765 cum
833 2709 1112 2765 Antonino
1159 2705 1503 2776 augt-bantur
1547 2703 1754 2766 animo,
1804 2709 1859 2755 et
1890 2700 2043 2755 valde

461 2812 622 2857 erant
655 2801 808 2857 dubii
845 2815 907 2854 ac
933 2798 1200 2869 perplexi,
1230 2806 1283 2851 et
1317 2811 1437 2849 eam
1464 2809 1580 2849 rem
1624 2793 1912 2847 maximam
1942 2791 2039 2845 du-

461 2897 660 2952 cebant
683 2893 1076 2947 calamitatem.
1106 2888 1262 2954 Quod
1294 2895 1475 2940 autem
1500 2885 1583 2940 eis
1612 2885 1848 2938 maxime
1874 2897 2041 2950 auge-

463 2991 553 3044 bat
583 2987 751 3043 animi
798 2984 1198 3056 aegritudinem,
1248 2995 1387 3043 erat,
1433 2978 1579 3049 quod
1634 2977 1812 3047 puella
1866 2974 2044 3030 fuerat

460 3078 735 3147 desponsa
789 3073 980 3129 Lucio.
1026 3070 1160 3125 Nam
1211 3086 1335 3124 eum
1387 3068 1607 3138 quidem
1648 3068 1760 3136 jam
1816 3064 2043 3119 miserat

2162 593 2359 646 ἑαυτοῦ
2393 594 2572 647 οἰκίαν
2605 593 2945 658 ἐπανελθὼν,
2977 593 3119 647 ἑπτὰ
3151 595 3277 656 ὅλας
3302 588 3482 645 εἷλκεν
3528 595 3744 664 ἡμέρας

2161 687 2219 739 ὲν
2250 686 2531 757 νηστείαις
2566 685 2662 740 καὶ
2693 685 3012 755 παννυχίσιν
3040 683 3156 753 ἅμα
3184 687 3295 748 τοῖς
3340 685 3617 752 ἀδελφοῖς,
3655 685 3744 736 δε-

2162 779 2357 848 όμενος
2395 779 2469 848 μὴ
2492 777 2747 848 τοιαύτην
2796 776 3053 846 γενέσθαι
3096 777 3219 830 κατ’
3265 775 3430 829 αὐτοῦ
3467 777 3626 848 ίσχὺν
3665 778 3743 847 τῷ

2162 869 2342 939 ἐχθρῷ
2378 868 2451 930 ὡς
2480 863 2626 942 ᾗπερ
2659 869 2725 922 ἂν
2749 870 2956 932 ἐκεῖνος
2987 869 3101 940 ἄγῃ
3129 867 3224 920 καὶ
3267 866 3434 921 αὐτὸν
3466 868 3704 922 ἔπεσθαι
3725 886 3739 900 ⁸

2163 963 2267 1015 ὑπὸ
2300 962 2355 1015 δὲ
2378 961 2475 1033 τὴν
2505 959 2746 1030 ἑϐδόμην
2795 960 2965 1013 νύκτα
3015 959 3152 1029 ὄναρ
3202 958 3354 1028 αύτῷ
3394 960 3485 1012 τὸν
3534 961 3743 1031 Κύριον

2158 1053 2478 1115 sanciam,
2512 1054 2607 1105 καὶ
2636 1054 2730 1115 Εἰς
2779 1052 3021 1122 Ῥώμην,
3051 1054 3239 1119 φάναι,
3290 1052 3565 1122 ’Λϐέρκιε,
3596 1054 3744 1105 οίκοο

2154 1146 2318 1215 νομίᾳ
2349 1148 2411 1215 τῇ
2443 1147 2549 1213 ἐμῇ
2580 1143 2748 1215 ἀφίξῃ
2772 1161 2785 1174 ο
2823 1144 2966 1197 ὥστε
3018 1144 3084 1215 δή
3122 1145 3217 1197 καὶ
3246 1146 3373 1205 τοὺς
3414 1146 3472 1195 ὲν
3502 1146 3647 1214 αὐτῇ
3681 1145 3741 1197 τὸ

2154 1238 2285 1306 ἐμὸν
2312 1238 2490 1305 ὄνομα
2530 1237 2852 1303 ἐπιγνῶναι.
2885 1235 3088 1307 Θάρρει
3111 1234 3421 1303 τοιγαροῦν
3449 1234 3617 1305 ήγὰρ
3646 1238 3743 1304 χά-

2155 1346 2241 1398 ρις
2277 1346 2379 1398 μου
2420 1328 2561 1397 μετὰ
2620 1326 2717 1381 σοῦ
2777 1328 2954 1381 ἔσται.
3024 1328 3156 1380 Τότε
3216 1325 3609 1380 διυπνιτθέντα
3650 1329 3741 1379 τὸν

2156 1422 2313 1487 ἆγιον
2336 1460 2351 1483 ,
2386 1420 2624 1482 Γένοιτο,
2665 1420 2852 1489 φάναι,
2884 1419 2945 1472 τὸ
2977 1418 3194 1488 θέλημὰ
3231 1435 3346 1480 σου,
3383 1419 3555 1488 Κύριε
3581 1434 3595 1448 ·
3646 1418 3740 1471 καὶ

2154 1516 2253 1581 τὴν
2287 1513 2440 1567 θείαν
2475 1514 2694 1584 ἐκείνην
2729 1514 3034 1584 ἐμφάνειαν
3088 1515 3203 1574 τοῖς
3246 1511 3500 1580 ἀδελφοῖς
3558 1514 3743 1579 ἀπαγ·

2153 1606 2355 1671 γεῖλαι.
2397 1606 2562 1659 Ἀλλὰ
2592 1606 2672 1677 τῷ
2701 1605 2803 1676 μὲν
2835 1604 2978 1658 οὕτω
3002 1606 3096 1659 καὶ
3122 1604 3279 1674 παρὰ
3310 1604 3409 1673 τὴν
3445 1604 3739 1675 Ῥωμαίων

2153 1698 2307 1749 πόλιν
2341 1698 2637 1765 ἀφικέσθαι
2663 1696 2985 1768 προείρητο.

2224 1789 2338 1856 ις’.
2382 1790 2440 1843 Ὀ
2473 1790 2528 1844 δὲ
2570 1790 2808 1860 πονηρὸς
2837 1790 3050 1857 δαίμων
3073 1791 3284 1851 ἐκεῖνος
3307 1791 3335 1843 ό
3360 1788 3548 1859 μικρῷ
3599 1789 3735 1856 πρό-

2154 1880 2277 1933 σθεν
2311 1880 2391 1951 τῷ
2420 1881 2562 1950 ἁγίῳ
2585 1881 2685 1952 τὴν
2736 1881 2921 1951 ἄφιξιν
2979 1881 3188 1950 ταύτην
3228 1882 3515 1943 ὲπισείσας
3537 1920 3552 1942 ,
3583 1881 3736 1933 οὐδὲν

2152 1972 2587 2041 ἀναϐαλόμενος,
2620 1975 2700 2036 είς
2742 1972 2964 2043 Ῥώμην
2998 1974 3181 2043 φοιτᾷ,
3217 1974 3309 2025 καὶ
3335 1974 3433 2042 τὴν
3459 1974 3556 2024 τοῦ
3581 1972 3737 2041 βασι-

2151 2066 2289 2128 λέως
2329 2066 2647 2119 Ἀντωνίνου
2678 2066 2862 2127 παῖδα,
2905 2066 3179 2134 ὲπίγαμόν
3207 2082 3264 2118 τε
3296 2066 3396 2136 ήδη
3425 2065 3523 2118 καὶ
3547 2065 3731 2117 ἐκκλι-

2149 2156 2366 2209 δεκέτιν
2395 2152 2581 2221 οὖσαν,
2624 2159 2657 2227 ἢ
2691 2156 2856 2227 Βήρῳ
2893 2156 2993 2225 μὲν
3034 2157 3252 2225 Λευκίῳ
3307 2154 3459 2225 ἀνδρὶ
3519 2171 3725 2224 κατηγ⁸

2151 2247 2323 2319 γύητο
2345 2292 2357 2314 ,
2397 2249 2668 2302 Δουκίλλα
2706 2250 2763 2303 δὲ
2792 2250 3043 2302 ἐκαλεῖτο
3068 2288 3084 2311 ,
3137 2247 3326 2301 κάλλει
3362 2247 3457 2300 καὶ
3503 2246 3725 2316 μεγέθει

2149 2342 2248 2403 τὰς
2280 2341 2401 2394 κατ’
2442 2341 2611 2412 αὐτὴν
2639 2340 3140 2411 ὑπερενεγκοῦσαν,
3174 2339 3469 2404 είσδύεται,
3509 2342 3601 2392 καὶ
3630 2339 3725 2391 αὺ-

2148 2433 2278 2486 τίκα
2300 2433 2550 2499 ὲκμαίνει
2576 2447 2590 2463 ·
2632 2431 2709 2494 ὡς
2741 2430 3107 2501 ταράττεσθαι
3150 2448 3212 2483 τε
3253 2431 3347 2484 καὶ
3385 2430 3727 2483 καταϐάλλε-

2151 2525 2297 2589 σθαι,
2331 2528 2423 2579 κιιὶ
2453 2524 2634 2578 ὀδοῦσι
2656 2524 2764 2577 τῶν
2777 2525 2977 2594 χειρῶν
3001 2522 3289 2586 ἅπτεσθαι,
3320 2523 3538 2587 καὶτὰς
3561 2524 3726 2593 αὐτῆς

2152 2619 2365 2688 σάρκας
2388 2615 2791 2685 διαμασᾶσθαι.
2831 2617 2897 2668 Ἦ
2922 2615 3017 2668 οὖν
3045 2617 3228 2687 μήτηρ
3254 2616 3534 2669 Φαυστίνα
3552 2618 3730 2685 (τοῦτο

2149 2708 2259 2777 γὰρ
2297 2704 2365 2778 ἦν
2388 2709 2559 2776 ὄνομα
2576 2711 2640 2778 τῇ
2665 2705 2977 2778 Δύγούστῃ)
2997 2709 3143 2777 λύπῃ
3169 2708 3267 2760 σὺν
3312 2708 3619 2777 ’Δντωνίνῳ
3640 2708 3728 2760 καὶ

2147 2801 2354 2872 ἀπορίᾳ
2382 2800 2574 2863 δεινῶς
2607 2800 2836 2870 εἴχοντο,
2887 2801 2984 2853 καὶ
3036 2801 3326 2870 συμφορὰν
3376 2801 3620 2871 ἐσχάτην
3670 2802 3729 2853 τὸ

2149 2895 2384 2963 πρᾶγμα
2415 2892 2658 2946 ἐτίθεντο
2687 2908 2704 2924 '
2738 2889 2805 2964 ἦν
2827 2892 2884 2946 δὲ
2913 2892 2977 2945 τὸ
3027 2893 3266 2962 μάλιστα
3297 2892 3488 2956 αὐτοῖς
3530 2894 3727 2946 ἐπιτεῖ-

2149 3002 2240 3039 νον
2297 2985 2397 3055 τὴν
2432 2984 2675 3054 ἀθυμίαν
2719 2986 2752 3055 ὴ
2788 2983 2925 3054 πρὸς
2969 2986 3062 3039 τὸν
3122 2983 3359 3038 Λεύκιον
3406 2985 3510 3053 τῆς
3564 2985 3725 3053 κόρης

2155 3075 2445 3144 μνηστεία.
2488 3072 2691 3127 Τοῦτον
2718 3074 2826 3143 γὰρ
2858 3073 3218 3143 ἀπεστάλκειι
3253 3074 3352 3142 μὲν
3413 3075 3723 3136 Ἀντωνῖνος

460 3169 770 3223 Anton-inus
817 3166 883 3220 ad
922 3164 1224 3220 Orientem,
1278 3160 1477 3214 bellum
1525 3167 1804 3229 gesturum
1850 3166 2037 3211 contra

2148 3167 2249 3237 ήδη
2280 3167 2419 3237 πρὸς
2462 3165 2563 3234 τὴν
2604 3164 2775 3235 Ἐᾠαν
2811 3165 3054 3235 πόλεμον
3090 3165 3485 3234 συμϐαλοῦντα
3525 3166 3603 3237 τῷ
3631 3165 3724 3234 βοι⁸

461 3275 646 3331 regem
674 3259 1002 3329 Bulgessum
1035 3248 1311 3325 (2).'Inter
1336 3265 1434 3306 eos
1464 3260 1649 3305 autem
1673 3254 2033 3312 convenerat,

462 3363 522 3406 ut
558 3361 701 3407 stato
726 3348 1052 3405 die-Lucius
1082 3344 1302 3415 quidem
1351 3342 1420 3396 ab
1444 3340 1696 3404 Oriente,
1729 3339 2040 3393 Antoninus

459 3451 644 3496 autem
697 3438 871 3491 Roma
929 3435 1183 3489 venirent
1230 3431 1556 3502 Ephesum:
1604 3439 1662 3484 et
1712 3429 1768 3483 in
1815 3428 2036 3498 templo,

458 3533 606 3603 quod
632 3531 707 3586 ibi
735 3537 872 3594 erat,
901 3526 1084 3581 Diana:
1104 3526 1435 3587 Antoninus,
1471 3524 1571 3577 dea
1609 3529 1768 3583 teste,
1800 3519 2039 3574 traderet

459 3624 715 3697 puellam.
747 3621 948 3675 Lucius
966 3631 1094 3672 vero
1107 3615 1401 3685 acciperet.
1430 3612 1566 3667 Cum
1586 3626 1717 3683 ergo
1731 3610 1957 3676 Lucius,
1980 3622 2041 3665 ut

458 3720 809 3777 convenerat,
869 3722 1099 3781 propere
1143 3707 1422 3776 navigaret
1455 3704 1755 3773 Ephesum,
1786 3704 2040 3758 nesciens

456 3807 586 3879 quid
613 3801 1137 3876 ageretAntoninus,
1155 3813 1279 3854 cum
1300 3807 1445 3854 esset
1466 3799 1586 3868 ejus
1612 3798 1717 3851 lilia
1737 3810 1767 3850 ε
1793 3796 2039 3850 daemone

459 3907 731 3967 correpta,
756 3888 1265 3963 tempuspretrahit‘
1283 3889 1655 3955 excusatione,
1689 3887 1938 3942 scribens
1969 3884 2039 3939 ad

460 3990 712 4051 Lucium,
734 3982 1191 4057 quod-Germani,
1221 3982 1447 4052 traiecto
1463 3979 1672 4043 Rheno,
1702 3978 1899 4049 oppida
1928 3975 2040 4031 Ro-

461 4095 745 4137 manorum
796 4087 853 4133 et
876 4079 1024 4132 vicos
1049 4074 1377 4146 populantur
1414 4087 1515 4129 :-et
1535 4072 1663 4127 ideo
1689 4086 1796 4126 non
1824 4078 2059 4139 poterat

459 4188 607 4229 nunc
632 4189 756 4228 cum
786 4170 895 4226 tilia
924 4170 1112 4225 venire
1133 4167 1437 4238 Ephesum,
1466 4174 1527 4219 ut
1555 4173 1906 4229 conuenerat,
1939 4162 2036 4217 sed

463 4275 674 4319 tantum
704 4277 852 4317 anno
880 4261 1154 4331 sequenti.
1181 4259 1247 4313 Ei
1272 4267 1454 4313 autem
1486 4273 1609 4312 cum
1636 4258 1690 4309 in
1723 4255 1899 4309 media
1938 4270 2040 4308 na-

462 4353 733 4423 vigatione
780 4350 1008 4405 reddita:
1055 4348 1288 4404 fuissent
1326 4347 1522 4402 littera:
1571 4348 1639 4399 ab
1685 4345 2035 4414 imperatore,

459 4459 658 4516 magno
688 4442 877 4497 dolore
907 4438 1151 4506 affectus,
1186 4441 1348 4510 idque
1388 4440 1572 4493 ferens
1609 4438 1915 4509 aegerrime,
1942 4454 2031 4493 re-

2147 3255 2285 3308 σιλετ
2312 3255 2655 3325 Βουλγέσσῳ.
2709 3254 2960 3325 ’Υπῆρχε
2994 3256 3052 3309 δὲ
3079 3254 3331 3325 ἀλλήλοις
3364 3256 3723 3325 συγκείμενον

2143 3344 2289 3398 κατά
2317 3359 2472 3407 τινας
2519 3344 2691 3414 ῥητὰς
2718 3345 2958 3415 ἡμέρας,
3002 3344 3096 3397 τὸν
3142 3345 3242 3415 μὲν
3278 3346 3387 3401 ἀπὸ
3444 3347 3546 3416 τῆς
3582 3346 3721 3421 ,Ἕων

2141 3436 2234 3488 τὸν
2260 3436 2512 3498 Λεύκιον,
2539 3435 2632 3487 τὸν
2655 3434 2712 3488 δὲ
2738 3435 2847 3488 ἀπὸ
2887 3432 3108 3505 Ῥώμης
3158 3438 3260 3506 την
3304 3436 3540 3506 Ἔφεσον
3561 3453 3723 3491 κατα-

2142 3526 2327 3582 λαϐεῖν
2351 3544 2368 3562 ο
2397 3529 2494 3582 καὶ
2532 3528 2591 3582 ὲν
2623 3526 2703 3598 τῷ
2732 3529 2855 3581 κατ’
2885 3529 3060 3597 αὐτὴν
3089 3527 3203 3597 ναῷ
3231 3527 3334 3598 τῆς
3383 3530 3720 3601 Ἀρτέμιδος,

2141 3620 2234 3675 τὸν
2295 3622 2396 3691 μὲν
2432 3621 2538 3675 ὑπὸ
2583 3621 2824 3691 μάρτυρι
2863 3623 2934 3691 τῇ
2985 3620 3093 3691 θεῷ
3128 3622 3469 3676 καταθέσθαι
3513 3625 3722 3691 Λευκίῳ

2142 3711 2244 3781 τὴν
2266 3710 2456 3775 παῖδα,
2482 3710 2575 3763 τὸν
2598 3710 2657 3764 δὲ
2681 3710 2964 3776 δέξασθαι.
2996 3711 3148 3764 Ἐπεὶ
3171 3710 3265 3764 οὖν
3281 3714 3310 3765 ό
3327 3712 3561 3775 Λεύκιος
3589 3713 3720 3765 κατὰ

2142 3807 2242 3869 τὰς
2268 3803 2547 3873 συνθήκας
2584 3801 2739 3856 ἔπλει
2766 3802 2906 3871 πρὸς
2930 3802 3031 3871 τὴν
3067 3802 3308 3871 Ἔφεσον
3342 3802 3718 3873 ἐπειγόμενος,

2143 3899 2247 3951 οὐκ
2275 3897 2417 3967 ἔχων
2440 3896 2469 3949 ὅ
2494 3912 2549 3949 τι
2577 3898 2846 3965 χρήσαιτο
2871 3894 3052 3965 ἑαυτῷ
3095 3895 3417 3958 ⁹Λντωνῐνος
3452 3895 3719 3965 δαιμονῶ-

2145 4008 2245 4062 στης
2278 3988 2426 4059 αὐτῷ
2451 3991 2549 4058 τῆς
2571 3986 2765 4049 παιδὸς
2791 3988 3066 4058 προφάσει
3095 3976 3451 4058 διακρούεται
3483 3988 3577 4040 τὸν
3600 4003 3719 4039 και-

2146 4086 2260 4156 ρὸν,
2294 4081 2517 4151 γράψας
2555 4080 2773 4148 Λευκίῳ
2827 4077 2902 4141 ὡς
2930 4079 2992 4132 τὸ
3021 4078 3322 4150 Γερμανῶν
3352 4078 3509 4143 ἔθνος
3534 4079 3719 4133 διαϐὰν

2143 4176 2235 4230 τὸν
2273 4175 2487 4246 Ῥῆνον,
2520 4174 2620 4237 τάς
2648 4188 2710 4225 τε
2741 4171 2927 4233 πόλεις
2962 4170 3253 4241 Ῥωμαίων
3276 4173 3373 4226 καὶ
3404 4173 3507 4237 τὰς
3532 4171 3717 4240 κώμας

2144 4270 2423 4340 ληῖζεται·
2462 4264 2759 4320 κάντεῦθεν
2802 4262 2940 4335 μηδὲ
2970 4263 3114 4316 κατὰ
3145 4263 3216 4316 τὰ
3263 4263 3604 4333 συγκείμενα
3629 4262 3716 4314 δύ-

2142 4360 2341 4415 νασθαι
2366 4358 2461 4414 νῦν
2481 4359 2563 4419 είς
2589 4358 2829 4426 Ἔφεσον
2870 4356 3009 4428 μετὰ
3036 4356 3136 4427 τῆς
3155 4356 3347 4421 παιδὸς
3371 4358 3714 4428 συώραμείν,
3779 4414 3792 4425 ο

2147 4452 2263 4507 ἁ)λ’
2292 4456 2370 4514 είς
2398 4450 2461 4504 τὸ
2487 4449 2642 4503 ὲπιδν
2669 4448 2809 4512 ἔτος.
2838 4448 2929 4519 Τῷ
2952 4448 3031 4513 δὲ,
3056 4448 3243 4517 ἐπειδὴ
3270 4450 3416 4503 κατὰ
3445 4450 3608 4518 μέσον
3630 4448 3715 4499 τὸν

463 4540 692 4594 vertitur
728 4536 1101 4591 Antiochiam.
1146 4524 1449 4604 imperator
1486 4542 1667 4585 autem
1726 4531 2040 4586 Antoninus

2148 4546 2318 4600 πλοῦν
2345 4546 2414 4598 τὰ
2447 4544 2600 4614 παρὰ
2637 4541 2904 4613 βασιλέως
2946 4541 3161 4610 ὑπήντα
3195 4542 3507 4611 γράμματα
3529 4559 3546 4575 ο
3596 4539 3715 4609 σφό-

421 4639 429 4650 ”
463 4632 660 4703 partim
700 4630 921 4687 quidem
944 4643 1051 4683 sua
1085 4635 1281 4698 sponte
1318 4625 1473 4680 valde
1495 4625 1562 4678 de
1593 4622 1703 4677 tilia
1749 4623 2039 4687 sollicitus,

463 4730 661 4796 partim
695 4739 826 4779 vero
872 4738 903 4777 a
946 4721 1178 4792 conjuge
1219 4718 1499 4783 incitatus,
1549 4717 1732 4771 omnia
1780 4714 2036 4779 faciebat,

462 4830 519 4872 et
552 4833 582 4873 a
608 4817 758 4873 nullo
794 4814 1126 4876 abstinebat,
1156 4810 1302 4881 quod
1320 4809 1547 4864 haberet
1574 4809 1863 4881 rationem.

534 5232 692 5288 XVII.
732 5230 994 5286 Adductis
1039 5227 1223 5297 itaque
1266 5226 1636 5280 Romanorum
1681 5233 1736 5276 et
1779 5221 2032 5276 Italorum

460 5323 858 5387 sacerdotibus,
892 5330 948 5377 et
993 5335 1060 5375 ex
1101 5318 1317 5374 Etruria
1352 5317 1630 5371 accersitis
1668 5316 2035 5384 aruspicibus,

462 5434 558 5489 per
586 5422 731 5489 ipsos
757 5414 1043 5486 adiurabat
1079 5413 1409 5475 daemonem,
1431 5418 1486 5463 et
1517 5408 1651 5464 nihil
1682 5423 1789 5461 non
1821 5407 2036 5473 excogi-

463 5514 610 5564 tabat
637 5509 703 5563 ad
734 5508 861 5561 mali
891 5505 1252 5561 curationem.
1279 5502 1372 5557 Illa
1396 5510 1577 5556 autem
1621 5507 1673 5552 et
1706 5500 1884 5551 inania
1917 5513 2037 5551 esse

636 5692 791 5742 Anno
820 5688 957 5770 716:5,
980 5689 1403 5770 testebarunio
1434 5688 1594 5770 Marci
1635 5689 1835 5742 Aurelii
1868 5689 2034 5743 Anto-

461 5761 575 5812 nini
599 5761 948 5826 imperatoris
976 5761 1083 5812 lilia
1107 5763 1389 5815 obsuletur
1418 5778 1445 5812 a
1479 5764 1744 5813 ila-uiuae.

535 5832 611 5896 γει)
656 5825 999 5896 Volaguum,
1053 5832 1146 5900 qui
1194 5842 1308 5887 erat
1341 5833 1662 5886 Parthorum
1722 5846 1833 5883 rex.
1904 5826 2035 5881 Vale

2143 4636 2251 4704 δρα
2277 4651 2336 4686 τε
2361 4632 2656 4702 ἀθυμήσας
2696 4630 2793 4685 καὶ
2823 4630 3080 4701 χαλεπῶς
3110 4631 3381 4699 ἐνεγκὼν,
3421 4634 3501 4694 εἰς
3525 4631 3621 4699 τὴν
3660 4632 3713 4681 ὲν

2144 4727 2332 4796 Δάφνῃ
2366 4723 2699 4793 Ἀντιόχειαν
2722 4719 3355 4790 ύποστρέφει.Βασιλεὺε
3380 4720 3440 4773 δὲ
3472 4720 3714 4772 Ἀντωνί-

2144 4836 2230 4879 vo;
2266 4817 2426 4870 τοῦτο
2458 4816 2557 4885 μὲν
2582 4817 2677 4869 καὶ
2702 4817 2814 4874 τοῖς
2852 4814 3074 4876 οἰκείοις
3104 4812 3439 4881 σπλάγχνοις
3477 4813 3597 4882 περὶ
3620 4810 3713 4882 τὴν

2144 4910 2243 4976 τῆς
2278 4908 2470 4969 παιδὸς
2499 4905 2757 4976 φροντίδα
2795 4905 2962 4965 πολὺς
2984 4903 3081 4968 ὣν,
3111 4903 3270 4957 τοῦτο
3289 4905 3344 4955 δὲ
3367 4904 3464 4956 καὶ
3492 4903 3595 4956 ὑπὸ
3621 4902 3713 4968 τῆς

2146 5001 2380 5068 συζύγου
2416 4997 2879 5066 παροξυνόμενος,
2913 4998 3091 5050 πάντα
3124 5012 3181 5048 τε
3205 4997 3403 5061 ἐποίει,
3445 4997 3539 5048 καὶ
3570 4994 3711 5046 οὐδε-

2144 5092 2229 5151 νὸς
2263 5089 2519 5158 ἀπείχετο
2548 5090 2659 5140 τῶν
2685 5090 2843 5155 λόγον
2874 5088 3129 5157 ἐχόντων.
3726 5122 3746 5175 ί

2214 5182 2310 5233 ΙΖ’.
2338 5181 2474 5242 Τοὺς
2507 5179 2798 5249 Ῥωμαίων
2825 5179 3006 5232 τοίνυν
3032 5181 3125 5232 καὶ
3156 5180 3375 5232 Ἰταλῶν
3407 5180 3572 5249 ίερεῖς
3599 5193 3710 5228 συν-

2141 5269 2365 5338 αγαβυν
2398 5272 2493 5322 καὶ
2551 5270 2954 5332 οἰωνοσκόπους
3018 5270 3128 5323 ἀπὸ
3198 5272 3513 5341 Τυρρηνίας
3560 5284 3710 5337 μετα-

2144 5364 2518 5431 στειλάμενος,
2548 5360 2818 5432 ἐξώρκιζέ
2841 5378 2903 5414 τε
2924 5363 3016 5416 τὸν
3037 5362 3272 5433 δαίμονα
3301 5362 3367 5417 δι’
3394 5361 3590 5423 αὐτῶν,
3617 5359 3708 5411 καὶ

2140 5458 2292 5510 οὐδὲν
2324 5458 2351 5509 ὃ
2380 5474 2431 5509 τι
2471 5458 2570 5509 οὐκ
2610 5457 2821 5510 ἐπενόει
2864 5455 3002 5527 πρὸς
3033 5454 3131 5525 τὴν
3180 5455 3276 5508 τοῦ
3338 5454 3509 5508 κακοῦ
3553 5454 3709 5522 θερα-

2142 5686 2400 5809 Dion'.6_ct
2460 5685 2660 5740 Juliqu
2725 5684 3091 5754 Capitolinum
3142 5684 3195 5739 in
3250 5684 3455 5750 Marco;
3517 5682 3701 5736 Baron.

2142 5773 2226 5809 ιιιι.
2340 5776 2390 5809 3.

2137 5773 2226 5810 ειη.
2274 5773 2390 5809 ID).
