4132 6464
496 402 631 461 1235

1772 398 2054 459 MENSIS
2091 399 2452 461 OCTOBER.

3607 388 3756 455 1236

492 512 696 580 optima
733 511 857 565 data
912 510 1225 565 occztsione.
1278 507 1499 563 Solebat
1551 509 1695 562 enim
1747 509 1877 563 hora
1926 522 2067 563 nona

2173 506 2263 564 οἷα
2329 513 2813 582 προστεταγμένον
2877 508 3030 580 αὐτῷ
3083 506 3235 575 παρά
3288 501 3605 573 Κορνηλίου
3647 502 3747 554 τοῦ

494 602 714 657 domum
749 602 923 656 redire
954 617 987 655 a
1025 600 1294 666 docendo,
1329 600 1516 653 solitas
1561 615 1749 666 preces
1798 599 1907 654 Deo
1943 601 2063 654 red-

494 692 726 748 diturus.
756 697 930 762 Atque
976 693 1050 746 illi
1094 693 1314 762 quidem
1349 692 1398 746 ei
1447 692 1572 744 {acti
1635 692 1875 753 obviam,
1907 706 2063 760 roga-

492 793 620 839 runt
655 786 871 839 ubinam
902 796 1048 840 esset
1082 786 1451 850 Eusenianus,
1485 794 1542 838 et
1570 799 1807 852 quonam
1850 783 1928 836 ire
1967 784 2063 836 de-

489 875 805 940 berent,~ut
841 891 971 931 eum
1015 877 1400 932 convenirent.
1458 874 1748 943 Postquam
1796 889 1924 927 vero
1972 874 2063 928 ille

492 968 723 1036 rogavit,
757 967 886 1036 quid
931 975 1259 1037 quaererent,
1299 976 1351 1021 et
1383 982 1481 1021 cur
1509 964 1783 1025 venirent,
1823 965 1943 1031 ejus
1978 965 2062 1016 in-

493 1059 908 1129 terrogationem
953 1074 1094 1130 εει-θ
1133 1059 1331 1114 ferens
1360 1057 1625 1120 Valerius,
1675 1067 1729 1109 et
1763 1055 1906 1125 quod
1954 1069 2061 1109 non

492 1148 600 1203 cito
652 1148 725 1203 ad
782 1150 1005 1217 quaesita
1068 1148 1471 1218 respondisset,
1530 1144 1796 1200 audacius
1857 1142 2063 1213 aliquid

491 1239 675 1305 audet,
711 1238 852 1296 forte
888 1249 1069 1294 motus
1116 1256 1143 1293 a
1178 1239 1434 1308 maligno,
1487 1246 1541 1291 et
1582 1234 1830 1290 extendit
1877 1234 2064 1287 dexte-

491 1343 605 1382 ram
628 1328 897 1383 adversus
932 1333 1205 1392 sanctum,
1237 1327 1427 1381 volens
1460 1339 1584 1380 eum
1625 1322 1836 1394 ﬂagello
1868 1338 2065 1392 percu-

491 1428 626 1473 tere.
662 1418 855 1473 Manus
904 1428 1124 1483 autem,
1166 1432 1286 1487 qua
1337 1432 1462 1471 eum
1502 1416 1740 1486 desuper
1789 1415 2063 1477 servabat,

490 1523 600 1562 non
635 1507 736 1561 fuit
769 1509 1070 1578 negligens,
1102 1509 1197 1564 sed
1230 1509 1406 1562 audax
1454 1506 1783 1576 puniebatur
1811 1506 2060 1570 dextera,

489 1604 545 1648 et
579 1604 696 1649 erat
729 1596 1042 1662 immobilis,
1073 1605 1331 1667 tanquam
1359 1597 1537 1650 vincta
1570 1597 1751 1665 altquo
1780 1595 2064 1665 compede.

491 1686 702 1742 Invadit
734 1687 963 1743 alterum
993 1704 1212 1758 quoque
1252 1695 1430 1743 metus
1463 1696 1685 1758 propter
1730 1703 1931 1741 novum
1966 1687 2070 1741 hoc

490 1782 855 1847 spectaculum
877 1799 888 1844 ;
909 1790 965 1836 et
993 1783 1153 1836 ambo
1177 1782 1245 1835 ab
1276 1782 1430 1851 equis
1460 1781 1871 1841 descendentes,
1892 1780 2070 1852 proci-

489 1870 624 1924 dunt
642 1870 708 1925 ad
728 1872 896 1926 sancti
926 1870 1113 1939 pedes,
1136 1881 1192 1926 et
1221 1871 1417 1926 ﬁuntei
1447 1871 1739 1941 supplices,
1772 1881 1829 1926 ut
1852 1886 2065 1936 manus,

488 1973 608 2028 quae
639 1971 999 2024 emarcuerat,
1030 1970 1085 2017 et
1113 1970 1231 2017 erat
1256 1964 1412 2032 quasi
1442 1972 1674 2027 mortua,
1700 1962 2066 2017 eﬂloresceret

488 2065 681 2105 rursus
709 2060 766 2106 et
797 2052 1170 2119 revivisceret,
1210 2068 1383 2123 neque
1436 2053 1514 2108 sic
1558 2065 1864 2108 remaneret
1921 2069 2066 2108 mor-

488 2148 605 2198 tua.

2167 603 2408 673 ἐπάρχου
2440 604 2570 673 περί
2604 620 2704 657 που
2729 601 2831 673 τὴν
2859 601 3055 667 ἐνάτην
3082 599 3234 668 ὥραν
3285 595 3386 666 τὴν
3426 592 3749 663 Ἰεραπολιο

2164 696 2275 748 τῶν
2315 695 2854 765 καταλαμϐάνουσιν.
2891 692 3168 753 Είσιὸντες
3193 685 3485 757 τοιγαροῦν
3514 683 3621 753 τὴν
3646 682 3748 735 πό-

2165 788 2271 851 λιν,
2309 787 2593 840 ὑπαντῶσι
2635 786 2715 857 τῷ
2752 784 3046 853 Ἀδερκίῳ,
3106 780 3204 835 καὶ
3261 777 3434 830 ταῦτα
3484 774 3603 828 ἀπὸ
3648 770 3745 825 τοῦ

2168 880 2513 947 παρήκοντος
2539 893 2555 908 ο
2588 876 2773 929 εἰώθει
2800 877 2910 946 γὰρ
2945 874 3086 927 κατὰ
3114 872 3213 940 τὴν
3240 869 3438 937 ἐνάτην
3488 865 3652 935 ὥραν
3682 865 3748 915 tv.

2166 970 2269 1039 τῆς
2296 969 2654 1030 διδασκαλίας
2681 967 2867 1020 οἴκαδε
2925 963 3291 1034 ἀναστρέφειν
3342 960 3441 1022 τὰς
3479 955 3748 1027 συνήθεις

2167 1061 2470 1115 ἀποδώσων
2499 1060 2668 1130 εὐχὰς
2688 1058 2767 1130 τῷ
2799 1058 2943 1128 Θεῷ.
2972 1058 3034 1111 Oi
3073 1056 3174 1125 μὲν
3201 1050 3294 1107 οὖν
3327 1051 3749 1117 ὑπαντήσαντες

2170 1152 2345 1222 αὐτῷ,
2387 1151 2847 1216 ἀνεπυνθάνοντο,
2882 1148 2986 1204 ποῦ
3011 1164 3144 1200 ποτε
3176 1144 3419 1213 ὑπάρχοι
3449 1139 3748 1205 Εὐξεινιακ

2169 1244 2282 1305 νὸς,
2312 1245 2408 1297 καὶ
2440 1244 2547 1313 ὅπη
2577 1244 2882 1313 γενόμενοι,
2915 1240 3194 1311 ἐντύχοιεν
3225 1236 3303 1305 τῷ
3337 1231 3520 1302 ἀνδρί.
3564 1231 3628 1281 '0
3658 1229 3737 1289 δὲ,

2169 1332 2362 1401 ἐπειδὴ
2388 1332 2483 1385 καὶ
2514 1333 2679 1395 αὐτὸς
2708 1332 2791 1395 τίς
2839 1348 2896 1384 τε
2930 1331 2964 1398 ἡ
3017 1330 3250 1398 ζήτησις
3286 1324 3384 1378 τοῦ
3411 1320 3619 1391 ἀνδρὸς
3652 1317 3750 1370 καὶ

2168 1421 2256 1489 ἐφ’
2278 1421 2389 1491 ὅτῳ
2419 1422 2608 1491 ἥκοιεν
2654 1422 2843 1493 ἥρετο,
2889 1421 2990 1490 τὴν
3022 1419 3236 1473 ἐκείνου
3277 1414 3553 1486 ἐρώτησιν
3588 1410 3752 1481 χαλε-

2171 1510 2287 1575 πῶς
2319 1513 2563 1579 ἐνεγκὼν
2598 1513 2920 1580 Οὐαλέριος,
2958 1512 3044 1564 ὅτι
3080 1508 3156 1579 μὴ
3195 1511 3332 1577 ταχὺ
3376 1503 3749 1573 ἀπεκρίνατο.

2168 1602 2345 1674 τολμᾷ
2374 1621 2426 1656 τι
2460 1605 2556 1656 καὶ
2587 1601 2949 1673 θρασύτερον,
3002 1601 3136 1662 ἴσως
3187 1598 3295 1650 ὑπὸ
3348 1596 3445 1649 τοῦ
3500 1590 3750 1665 πονηροῦ

2173 1693 2438 1762 κινηθεὶς,
2475 1695 2571 1745 καὶ
2595 1692 2872 1745 ἀνατείνει
2905 1690 3047 1743 κατὰ
3076 1689 3172 1742 τοῦ
3202 1688 3361 1754 ἁγίου
3390 1686 3495 1752 τὴν
3538 1682 3748 1746 δεξιὰν,

2173 1784 2374 1851 πλῆξαι
2399 1782 2591 1836 τοῦτον
2642 1786 2710 1853 τῇ
2749 1782 2980 1852 μάστιγι
3017 1777 3336 1851 βουληθείςο
3377 1774 3476 1828 καὶ
3516 1773 3748 1839 εὐθὺςή

2176 1874 2495 1944 φρουροῦσα
2526 1873 2652 1944 χεὶρ
2681 1872 2890 1926 ἄνωθεν
2924 1871 3023 1924 οὐκ
3047 1870 3263 1939 ἠμέλει,
3293 1869 3388 1920 καὶ
3429 1866 3463 1935 ἡ
3494 1863 3751 1932 τολμηρά

2172 1964 2465 2025 ἐκολάζετο
2491 1977 2506 1993 ⁸
2569 1963 2666 2016 καὶ
2699 1962 2959 2033 ἀκίνητος
2986 1958 3054 2031 ἦν
3085 1960 3275 2029 ὥσπερ
3303 1959 3412 2010 τινὶ
3466 1971 3750 2024 προκατα-

2176 2055 2437 2124 σχεθείσα
2470 2054 2627 2126 πέδη.
2651 2053 2938 2124 Λαμϐἀνει
2992 2052 3091 2106 καὶ
3143 2051 3237 2103 τὸν
3263 2050 3454 2117 ἕτερον
3484 2047 3609 2107 δέος
3654 2042 3746 2096 ἐπὶ

2172 2146 2252 2212 τῷ
2284 2146 2456 2215 καινῷ
2484 2145 2659 2216 τούτῳ
2689 2145 2952 2213 θεάματι,
2980 2144 3076 2198 καὶ
3109 2139 3617 2206 ἀπώάντεςᾷμφω
3638 2133 3747 2187 τῶν

489 2230 694 2301 ἵππων,
756 2236 1166 2306 προσπίπτουσί
1224 2254 1280 2290 τε
1338 2240 1454 2298 τοῖς
1491 2237 1586 2292 τοῦ
1634 2237 1792 2305 ἁγίου
1839 2236 1988 2301 ποσὶ,
2014 2237 2108 2289 καὶ
2156 2237 2334 2297 ἱκέται
2365 2237 2609 2306 γίνονται
2636 2236 2888 2290 ταπεινοὶ
2920 2236 3064 2301 λίαν,
3094 2234 3239 2286 ὥστε
3287 2231 3388 2301 τὴν
3419 2230 3753 2296 ἀπομαραν-

488 2327 676 2382 θεῖσαν
710 2333 869 2399 χεῖρα
897 2332 992 2385 καὶ
1047 2333 1211 2386 οἱονεὶ
1241 2333 1571 2405 τεθνηκυῖαν
1627 2334 1894 2402 amatam
1947 2333 2110 2387 πάλιν
2147 2335 2240 2387 καὶ
2266 2335 2563 2402 ἀναζῆσαι,
2603 2335 2739 2406 μηδὲ
2771 2334 2948 2396 οὕτως
2982 2330 3379 2399 ἀπολειφθῆναι
3410 2323 3644 2394 νεκράν.

560 2419 703 2475 XIX.
734 2421 829 2477 llle
851 2431 1033 2479 autem
1063 2422 1116 2477 in
1149 2424 1252 2477 hoc
1284 2439 1501 2494 quoque
1537 2434 1798 2479 consueta
1833 2440 1962 2478 usus
1985 2432 2072 2477 est

490 2512 887 2577 misericordia,
924 2524 978 2569 et
1037 2515 1211 2584 tangit
1251 2516 1470 2585 quidem
1508 2531 1731 2569 manum
1766 2516 1903 2569 male
1932 2514 2062 2582 alIe-

491 2613 656 2668 ctam,
707 2618 897 2658 sanam
945 2620 1075 2661 vero
1120 2621 1239 2662 eam
1299 2607 1472 2661 reddit
1534 2607 1805 2676 protinus.
1864 2606 2069 2660 Deinde

493 2710 682 2749 rursus
726 2695 1039 2752 sciscitatus
1075 2712 1312 2767 quanam
1351 2696 1420 2751 de
1450 2714 1615 2751 causa
1648 2708 1791 2752 esset
1820 2697 1898 2749 eis
1926 2711 2066 2765 opus

490 2800 613 2839 eum
652 2787 982 2851 convenire,
1031 2796 1087 2842 et
1141 2788 1501 2843 intellexisset
1557 2789 1701 2857 quod
1759 2789 1825 2842 ad
1889 2788 2069 2857 ipsum

493 2875 699 2931 Ferrem
728 2876 940 2933 litteras
990 2878 1357 2947 imperatoris,
1399 2879 1458 2932 lit
1498 2880 1579 2933 eis
1602 2881 1709 2934 dux
1742 2879 1975 2946 itineris,
2015 2891 2071 2936 ct

491 2967 712 3022 deducit
747 2970 1151 3039 quamprimum
1193 2972 1258 3025 ad
1299 2971 1444 3025 mdes
1466 2969 1788 3025 Euxeniani.
1833 2971 1927 3024 ille
1974 2988 2072 3026 att-

493 3068 623 3122 tem,
654 3060 892 3129 acceptis
938 3060 1153 3136 litteris,
1202 3076 1325 3116 cum
1379 3078 1499 3131 qua:
1538 3063 1957 3118 continebantur
2008 3064 2062 3117 in

2242 2424 2346 2480 18'.
2392 2427 2452 2481 Ὀ
2476 2428 2533 2480 δὲ
2566 2427 2670 2495 τῆς
2700 2425 2967 2496 συνήθους
2999 2425 3102 2476 κάν
3134 2421 3314 2490 τούτῳ
3354 2418 3577 2487 γίνεται
3606 2432 3745 2483 συμ-

2172 2517 2423 2583 παθείας,
2453 2520 2551 2572 καὶ
2577 2520 2819 2573 ἅπτεται
2859 2516 2958 2585 μὲν
2992 2516 3091 2584 τῆς
3116 2510 3496 2582 πηρωθείσης·
3532 2508 3663 2575 ὑγιᾶ
3689 2506 3743 2557 δὲ

2170 2612 2341 2681 αὐτὴν
2364 2612 2529 2675 εὐθὺς
2560 2611 2864 2665 δείκνυσιν.
2901 2604 3035 2662 Εἶτα
3064 2607 3165 2677 τὴν
3202 2603 3386 2657 αἰτίαν
3424 2603 3523 2656 καὶ
3575 2600 3735 2655 πάλιν

2170 2702 2268 2769 τῆς
2298 2700 2391 2753 τοῦ
2422 2700 2619 2771 ἀνδρὸς
2648 2700 2840 2771 χρείας
2865 2700 3150 2769 ἐρόμενος,
3183 2694 3280 2748 καὶ
3310 2692 3502 2764 μαθὼν
3533 2692 3617 2744 δτι
3650 2690 3743 2760 β²“

2172 2790 2356 2843 σιλικά
2387 2791 2522 2862 πρὸς
2563 2791 2728 2844 αὐτὸν
2761 2788 3042 2859 κομίζοιεν
3068 2788 3398 2855 γράμματα,
3428 2781 3626 2848 ὁδηγὸς
3653 2780 3738 2845 γί-

2169 2900 2326 2936 νεται
2355 2883 2462 2935 τῶν
2490 2882 2725 2953 ἀνδρῶν,
2751 2882 2848 2934 καὶ
2888 2883 2971 2943 εἰς
3001 2880 3092 2932 τὸν
3121 2874 3477 2941 Εὑξεινιανοῦ
3508 2869 3657 2927 οἷκον
3684 2868 3744 2922 τὸ

2166 2975 2333 3043 τάχος
2375 2974 2595 3039 ἐπάγει.
2645 2974 2884 3035 Ἐκεῖνος
2942 2971 3132 3040 μέντοι
3188 2967 3255 3020 τὰ
3292 2964 3609 3035 γράμματα
3665 2962 3740 3020 εἰς

2164 3067 2355 3136 χεῖρας
2384 3064 2586 3128 λαόὼν,
2618 3064 2709 3116 καὶ
2736 3062 2805 3116 τὰ
2847 3061 3147 3130 ἐγκείμενα
3196 3053 3527 3120 ἐπεξελθὼν,
3582 3066 3741 3121 μετα-

493 3151 595 3217 eis,
628 3149 973 3220 perlegisset,
1008 3158 1199 3204 sancto
1233 3151 1416 3206 statim
1460 3153 1626 3206 tradit
1670 3153 1981 3223 epistolam,
2015 3162 2069 3208 et

2172 3155 2354 3208 δίδωσι
2382 3155 2485 3224 τὴν
2531 3152 2830 3220 ἐπιστολὴν
2891 3150 3052 3213 εὐθὺς
3107 3149 3186 3219 τῷ
3239 3146 3402 3215 ἁγίῳ,
3465 3144 3563 3197 καὶ
3592 3138 3738 3210 ἠξίου

494 3247 665 3309 rogat,
699 3245 759 3292 ut
788 3238 927 3292 nihil
967 3240 1210 3305 dili‘erat,
1243 3241 1336 3294 Sed
1383 3241 1525 3295 sicut
1577 3242 1875 3312 imperator
1919 3245 2069 3298 voleo

494 3330 626 3395 bat,
687 3331 794 3384 iter
849 3330 1254 3401 quamprimum
1314 3330 1481 3385 ineat.
1536 3330 1707 3398 Quam
1770 3348 1895 3389 cum
1956 3334 2071 3404 ipse

493 3437 711 3493 quoque
760 3422 1019 3493 legisset:
1059 3421 1309 3487 Veniam,
1359 3422 1556 3492 inquit,
1608 3434 1967 3494 promptaque
2017 3436 2073 3480 et

496 3511 660 3567 alacri
697 3512 879 3566 animo
907 3512 1011 3566 iter
1042 3512 1347 3568 conficiam.
1388 3510 1473 3567 Fit
1522 3515 1667 3569 enim
1700 3516 1802 3571 hoc
1846 3517 1934 3570 Dei
1973 3532 2072 3571 vo-

448 3600 451 3603 λ
492 3603 727 3667 latntatc,
773 3615 834 3657 ut
875 3602 1005 3658 mihi
1040 3618 1258 3673 quoque
1288 3605 1399 3673 jam
1447 3620 1478 3659 a
1536 3606 1763 3662 Domino
1815 3623 1935 3663 meo
1967 3608 2069 3663 fuit

494 3693 877 3763 significatum.
909 3695 975 3749 Et
1019 3696 1356 3765 magistriani
1390 3697 1611 3766 quidem
1667 3700 1923 3768 praeclare
1972 3700 2071 3754 de-

494 3783 642 3839 ducti
674 3785 738 3838 ad
778 3783 1175 3849 Euxenianum,
1224 3796 1279 3841 et
1307 3787 1377 3841 ab
1414 3803 1478 3841 eo
1515 3788 1820 3842 honorifice
1861 3789 2069 3859 accepti

496 3875 751 3944 hospitio,
783 3889 907 3928 cum
942 3874 1079 3928 duos
1105 3875 1222 3931 dies
1254 3876 1396 3945 apud
1429 3876 1604 3945 ipsum
1633 3879 1987 3942 mansissent,
2019 3887 2075 3932 et

493 3966 542 4019 ei
570 3975 740 4019 totum
770 3968 892 4030 iter,
913 3975 965 4019 et
1001 3967 1398 4034 navigationem
1448 3968 1877 4035 renuntiassent,
1919 3969 2073 4024 abie-

492 4064 622 4111 runt
676 4056 837 4109 tertio
879 4055 992 4119 die,
1038 4057 1279 4125 acceptis
1325 4056 1393 4110 ab
1439 4072 1504 4111 eo
1540 4056 1780 4111 litteris:
1817 4073 1943 4112 cum
1994 4057 2073 4113 eis

493 4153 641 4199 esset
669 4144 942 4212 pollicitus
975 4144 1331 4199 admirandus
1358 4144 1644 4212 Abercius,
1678 4155 1799 4213 post
1838 4145 2074 4215 quadra—

491 4233 641 4303 ginta
682 4232 822 4298 dies,
869 4233 925 4286 in
970 4234 1159 4299 Portu,
1201 4235 1292 4303 qui
1336 4235 1553 4300 dicitur,
1599 4236 1691 4303 qui
1739 4235 1957 4303 quidem
1990 4244 2074 4292 est

458 4352 463 4357 ·
488 4339 666 4394 prope
689 4324 944 4389 Romam,
968 4339 1026 4379 se
1052 4339 1175 4379 esse
1203 4325 1435 4379 invicem
1484 4332 1876 4391 conventuros,
1913 4337 1968 4381 et
1996 4328 2075 4383 sic

494 4414 657 4469 simul
711 4429 837 4469 cum
889 4414 999 4468 illis
1058 4413 1290 4468 Romam
1350 4428 1473 4471 esse
1532 4417 1929 4486 ingressurum.
1990 4419 2070 4472 llli

2177 3248 2340 3319 μηδὲν
2371 3245 2727 3317 ὑπερθέσθαι,
2780 3242 2896 3297 ἀλλ’
2948 3242 3138 3312 ὥσπερ
3169 3238 3310 3308 αὑτὴ
3341 3236 3625 3307 ἠϐούλετο,
3644 3230 3738 3299 τὴν

2171 3339 2436 3411 ταχίστην
2465 3336 2739 3392 ἅπτεσθαι
2773 3332 3019 3405 πορείας.
3073 3331 3133 3384 Ὀ
3162 3331 3240 3392 δὲ,
3270 3329 3366 3380 καλ⁵
3411 3327 3577 3387 αὐτος
3607 3323 3734 3375 ἀνα-

2174 3425 2725 3499 γνοὺς,Ἐλεύσομα,ι,
2757 3423 2885 3493 ἔφη,
2916 3423 3010 3475 καλ.
3033 3421 3134 3474 οὐκ
3164 3416 3504 3489 ἀπροθύμως
3526 3413 3620 3482 τὴν
3646 3426 3738 3461 πο-

2177 3520 2330 3592 ρείαν
2360 3517 2566 3582 ἀνύσω,
2600 3518 2725 3569 ἐπεὶ
2749 3513 2895 3569 κατά
2924 3511 3151 3583 γνώμην
3179 3508 3317 3563 Θεοῦ
3346 3509 3408 3562 τὸ
3438 3506 3736 3575 γινόμενον,

2172 3612 2248 3673 ὡς
2278 3611 2449 3680 κάμοὶ
2475 3609 2576 3681 ἤδη
2611 3611 2765 3681 παρὰ
2814 3608 2910 3662 τοῦ
2968 3607 3178 3680 Κυρίου
3225 3621 3329 3675 μου
3384 3598 3647 3671 ἐδηλώθη.
3679 3594 3736 3647 Οί

2179 3702 2276 3771 μὲν
2309 3700 2402 3754 οὖν
2461 3701 2856 3770 μαγιστριανοὶ
2905 3698 3180 3769 λαμπρῶς
3240 3691 3376 3765 παρ’
3418 3683 3737 3755 Εὐξεινιανῷ

2176 3793 2513 3860 ξενισθέντες
2538 3833 2551 3856 ,
2589 3791 2684 3845 δύο
2712 3792 2772 3846 τέ
2801 3808 2957 3854 τινας
3006 3789 3221 3860 ἡμέρας
3270 3783 3403 3856 παρ’
3437 3780 3587 3851 αὐτῷ
3627 3776 3741 3848 μεί-

2176 3901 2389 3948 ναντες,
2422 3884 2519 3953 τὴν
2544 3883 2774 3953 πορείαν
2799 3899 2858 3935 τε
2892 3884 3079 3935 πᾶσαν
3113 3876 3263 3946 αὐτῷ
3309 3876 3404 3929 καὶ
3433 3874 3528 3927 τὸν
3577 3865 3735 3922 πλοῦν
3793 3933 3801 3941 ο

2174 3978 2641 4047 ἀπαγγείλαντες,
2708 3980 2774 4048 τῇ
2855 3976 3021 4047 τρίτῃ
3098 3973 3413 4040 ἀντίγραφα
3472 3964 3734 4022 λαϐόντες,

2174 4068 2445 4140 ἀπῄεσαν,
2486 4069 2871 4140 ὑπεσχημένον
2908 4068 3092 4129 αὐτοῖς
3125 4064 3230 4118 ὑπὸ
3275 4062 3374 4116 τοῦ
3420 4052 3731 4129 θαυμαστοῦ

2187 4161 2476 4230 Ἀϐερκίου
2530 4159 2671 4230 μετά
2700 4159 3120 4229 τεσσαράκοντα
3168 4157 3297 4216 ὅλας
3360 4153 3576 4222 ἡμέρας
3605 4144 3734 4200 κατὰ

2174 4254 2267 4307 τον
2293 4253 2586 4321 λεγόμενον
2623 4251 2831 4320 Πόρτον
2861 4251 2920 4315 ὃς
2993 4251 3255 4320 ἐχόμενος
3297 4246 3523 4316 Ῥώμης
3573 4239 3731 4300 ἐστὶν,

2175 4344 2431 4414 ἀλλήλοις
2464 4345 2739 4414 ἐντυχεῖν,
2779 4344 2874 4396 καὶ
2902 4342 3075 4405 οὕτως
3101 4342 3219 4409 ἅμα
3261 4339 3495 4399 ἐκείνοις,
3524 4336 3621 4402 τῆς
3651 4329 3737 4380 πό·

2176 4435 2313 4498 λεως
2345 4435 2623 4504 ἐπιϐῆναι.
2656 4436 2719 4488 Οἱ
2749 4434 2807 4487 δὲ
2838 4435 3091 4487 ἀπιστεῖν
3121 4434 3221 4485 οὐκ
3244 4430 3463 4500 ἔχοντες
3519 4426 3734 4493 (ἔκρινον

495 4514 683 4563 autem
705 4519 826 4558 cum
868 4520 978 4559 non
1003 4513 1225 4575 possent
1272 4521 1380 4558 non
1424 4508 1667 4569 credere,
1724 4507 1892 4579 (recte
1922 4510 2067 4563 enim

2176 4492 2508 4600 γὰρ-ὀρθῶς¹
2529 4527 2588 4593 ἐξ
2618 4520 2690 4579 ὧν
2714 4526 2919 4579 ἔπαθόν
2946 4542 3005 4577 τε
3030 4524 3128 4578 καὶ
3159 4492 3347 4592 εἶδον),
3377 4522 3460 4574 ὅτι
3490 4492 3735 4573 ἁδὶνατον

491 4593 812 4662 iudicabant
837 4608 901 4647 ex
933 4592 1021 4657 iis,
1048 4608 1169 4662 qua:
1200 4603 1503 4657 senserant,
1532 4604 1589 4650 et
1619 4597 1891 4664 viderant,
1923 4600 2069 4669 quod

496 4685 608 4738 tteri
650 4700 763 4740 non
804 4694 1008 4755 posset,
1060 4695 1119 4740 ut
1148 4687 1250 4751 vir,
1297 4689 1388 4758 qui
1443 4690 1639 4745 talibus
1677 4701 1732 4745 et
1764 4693 1928 4747 tantis
1956 4703 2076 4748 erat

494 4776 785 4846 dignatus,
839 4777 1233 4832 conscientiam
1287 4788 1343 4831 ct
1390 4780 1629 4850 linguam
1684 4780 1910 4838 haberet
1946 4798 2074 4847 non

492 4870 706 4936 sanam)
728 4868 972 4936 publicos
986 4884 1046 4923 ru
1056 4884 1176 4923 rsns
1192 4884 1256 4938 eq
1266 4881 1360 4925 uos
1377 4875 1753 4938 ascendentes,
1774 4874 2080 4930 redierunt.

454 4990 461 4995 -
563 4956 682 5012 ΧΧ.
719 4958 940 5012 Divinus
965 4968 1145 5013 autem
1179 4959 1446 5015 Abereius
1476 4977 1599 5016 eum
1630 4963 1836 5026 vinum,
1867 4975 1921 5019 et
1951 4978 2077 5018 ace-

494 5053 608 5098 tum
628 5053 685 5098 et
700 5046 879 5100 oleum
898 5046 953 5101 in
980 5061 1144 5100 unum
1166 5048 1478 5101 eteumdetn
1505 5060 1679 5103 utrem
1702 5050 1997 5115 iniecisset,
2026 5061 2081 5105 et

506 5147 708 5195 paucos
743 5149 915 5202 panes
948 5144 1207 5202 praeterea
1237 5137 1581 5204 sumpsisset,
1615 5146 1669 5190 et
1708 5137 1908 5192 deinde
1936 5147 2080 5192 esset

493 5234 713 5291 hcutus
738 5240 869 5279 cum
905 5225 1181 5293 fratribus,
1226 5242 1349 5296 quae
1403 5242 1500 5296 par
1547 5237 1666 5282 erat
1706 5238 1762 5283 et
1810 5230 1954 5283 illius
1994 5246 2079 5283 re-

497 5330 717 5371 cessum
783 5316 1169 5373 miserabiliter
1213 5318 1476 5374 dellentcs
1524 5321 1889 5390 pulcherriine
1937 5332 2081 5377 esset

501 5408 839 5470 consolatus,
881 5409 1129 5464 ascendit
1162 5410 1313 5464 vehit
1330 5402 1469 5463 Clum
1514 5410 1811 5479 publicum,
1846 5422 1900 5465 et
1927 5428 2082 5482 egre.

452 5540 457 5545 ρ
493 5499 641 5554 ditur
672 5516 703 5554 e
731 5501 975 5556 civitate.
1014 5500 1150 5556 Cum
1195 5510 1376 5557 autem
1406 5517 1595 5571 parum
1621 5504 1977 5572 processisset
2022 5507 2074 5558 in

491 5590 601 5653 via,
636 5591 782 5647 videt
818 5592 1108 5661 quemdam
1143 5592 1430 5648 vinitorem
1475 5593 1792 5659 fodientem,
1834 5604 1891 5648 et
1938 5596 2074 5650 vites

490 5680 780 5749 diligenter
809 5683 1106 5748 colentem,
1159 5684 1234 5754 (ei
1273 5698 1473 5737 nomen
1508 5692 1626 5738 erat
1671 5683 2070 5751 Trophimion).

488 5770 613 5837 Quo
646 5773 965 5831 nominatim
995 5783 1187 5831 vocato
1220 5791 1236 5829 :
1285 5774 1552 5845 Agedum,
1590 5775 1785 5847 inquit,
1823 5778 1922 5829 iter
1953 5792 2070 5832 me-

2178 4619 2351 4689 ἄνδρα
2380 4618 2640 4670 τοιούτων
2676 4617 2986 4686 ἠξιωμένον
3054 4615 3118 4667 τό
3152 4631 3213 4666 τε
3254 4612 3500 4673 συνειδὸς
3531 4608 3618 4661 καὶ
3643 4603 3731 4669 τὴν

2180 4710 2429 4780 γλῶτταν
2464 4709 2611 4780 ἔχειν
2648 4707 2746 4778 οὐχ
2790 4707 2942 4775 ὑγιᾶ)
2999 4709 3112 4768 τοῖς
3143 4703 3431 4775 δημοσίοις
3466 4703 3559 4755 καὶ
3592 4691 3732 4754 αὖθις

2179 4802 2468 4865 ἐπιϐάντες
2508 4801 2695 4862 ἵπποις
2722 4797 3055 4869 ἐπανῄεσαν.

2251 4959 2340 5015 Κ⁹.
2389 4958 2678 5028 ’Λὸέρκιος
2716 4960 2771 5010 δὲ
2800 4960 2826 5010 ὁ
2862 4958 3024 5016 θεῖος,
3084 4951 3229 5008 οἶνόν
3282 4971 3343 5007 τε
3376 4954 3473 5006 καὶ
3501 4950 3614 5013 ὅξος
3649 4941 3731 4996 καὶ

2183 5053 2363 5105 ἔλαιον
2400 5054 2482 5113 εἰς
2510 5051 2607 5102 Eva
2636 5051 2727 5101 καὶ
2760 5050 2852 5099 τὸν
2884 5048 3048 5100 αὑτὸν
3087 5045 3255 5099 ἀσκὸν
3295 5043 3571 5113 ἐμϐαλὼν,
3607 5034 3728 5103 πρδς

2181 5143 2240 5196 δὲ
2276 5145 2375 5197 καὶ
2427 5143 2628 5211 ἄρτους
2666 5140 2881 5207 ὀλίγους
2926 5137 3132 5197 λαῦὼν,
3190 5134 3310 5188 εἶτα
3351 5137 3467 5195 τοῖς
3504 5125 3729 5193 ἀδελφοῖς

2181 5231 2489 5302 διαλεχθεὶς
2535 5231 2603 5282 τὰ
2652 5232 2858 5292 εἰκότα,
2922 5231 3021 5295 τὴν
3066 5226 3283 5280 ἐκείνου
3333 5239 3392 5274 τε
3442 5213 3727 5284 maerrem

2183 5324 2433 5386 ἐλεεινῶς
2462 5322 2903 5391 ἀποδυρομένους
2942 5318 3244 5383 δεξιώτατα
3271 5308 3729 5388 παραμυθησάμε“

2181 5432 2292 5477 νος,
2324 5414 2605 5483 ὀχήματος
2634 5411 2921 5464 πολιτικοῦ
2954 5410 3249 5470 ἐπιϐαίνει,
3281 5408 3375 5460 καὶ.
3412 5406 3508 5468 τῆς
3538 5397 3728 5451 πόλεως

2181 5504 2372 5570 ἔξεισι.
2416 5502 2600 5573 [ipa-ii)
2628 5502 2683 5553 δὲ
2717 5503 2814 5569 τῆς
2838 5501 2963 5553 ὁδοῦ
3025 5497 3331 5568 προελθὼν,
3365 5496 3467 5567 ὁρᾷ
3490 5504 3606 5544 τινα
3635 5486 3728 5549 ἀμ·

2183 5595 2490 5663 πελουργον
2523 5596 2862 5655 σκάπτοντα,
2889 5591 2986 5646 καὶ
3009 5592 3141 5660 περὶ
3174 5588 3275 5651 τὰς
3302 5586 3576 5656 ἀμπέλους
3618 5579 3728 5674 ἐπι·

2188 5686 2364 5754 μελῶς
2396 5684 2588 5755 ἔχοντα
2621 5684 2815 5753 (ὄνομα
2851 5682 2929 5752 τῷ
2960 5681 3118 5751 ἀνδρὶ
3143 5677 3480 5750 Τροφιμίων)
3509 5688 3521 5700 ·
3557 5674 3731 5755 τοῑῦῸν

2190 5754 2453 5843 ὀνομαστί
2490 5777 2751 5840 καλέσας,
2784 5774 2975 5845 Δεῦρο,
3009 5773 3195 5841 φησὶν,
3225 5767 3441 5837 ἀδελφέ,
3469 5754 3726 5815 σῡνδ;ἀνυ·
