4132 6494
451 406 474 469 l
487 407 584 465 337

1752 421 1927 481 VITA
1971 423 2030 483 S.
2070 424 2400 489 ABERCU.

3545 429 3682 494 1218

455 513 546 564 σόν
579 530 668 581 μοι
706 516 805 584 τὴν
848 517 942 570 ἐπὶ
1007 519 1231 589 Ῥώμην
1284 523 1422 577 ὁδόν.
1466 526 1741 578 Ἤκουσεν
1780 529 2011 593 ἐκεῖνος,

2124 548 2243 588 cum
2297 536 2520 591 Romam
2564 536 2791 592 conllce.
2852 534 3070 591 Audivit
3117 536 3229 600 ille,
3279 546 3336 593 et
3380 538 3579 608 ligone,
3627 553 3687 597 et

454 600 546 653 καὶ
571 604 671 669 τὴν
702 604 956 661 δὴελλαν
989 608 1150 671 εὐθὺς
1191 614 1284 663 καὶ
1312 612 1372 666 τὸ
1405 618 1671 681 σκαφεῖον
1706 615 2014 679 ἀπολιπὼν,

452 694 549 759 τὴν
584 694 794 746 οἰκείαν
818 711 875 748 τε
907 697 1162 765 ἁρπάσας
1213 702 1417 771 ἐσθῆτα
1445 705 1514 772 ἣν
1552 704 1638 757 διὰ
1678 705 1771 757 τὸν
1821 707 1887 758 ἐκ
1917 707 2017 776 τῆς

452 784 722 851 ἐργασίας
746 787 917 840 κόπον
944 793 1009 860 τῇ
1038 794 1109 860 γῇ
1138 794 1395 856 καταθεὶς
1418 791 1508 865 ἦν,
1541 798 1727 850 εἵπετο
1755 796 1833 866 τῷ
1855 797 2016 867 ἁγίῳ.

465 874 690 946 Ἐπειδὴ
737 875 794 930 δέ
831 880 1136 936 συνώδευον
1172 884 1297 955 ἤδη.
1355 886 1517 941 ’Δλλὰ
1546 889 1642 942 νῦν
1669 889 1753 942 ὅτι
1783 889 2018 959 μάλιστα

454 966 743 1037 προσέχειν
778 969 922 1038 ὑμᾶς
941 972 1097 1037 ἀξιῶ,
1132 973 1317 1044 θαῦμα
1356 978 1463 1048 γὰρ
1516 979 1843 1046 ἀκούσεσθε,
1879 980 2020 1051 σύμ-

456 1076 654 1128 μικτον
680 1061 867 1134 ἡδονῇ.
904 1065 1017 1117 Καὶ
1062 1065 1175 1137 γὰρ
1211 1069 1372 1123 όπότε
1410 1070 1510 1140 μὲν
1538 1072 1566 1124 ὁ
1587 1072 1908 1142 Τροφιμίων
1940 1074 2020 1135 είς

450 1151 643 1219 κοινὴν
673 1152 772 1223 ήδη
801 1155 996 1223 χρείαν
1031 1157 1464 1229 ἐπιστρέφοντος
1498 1162 1593 1216 τοῦ
1624 1163 1782 1231 ἁγίου
1811 1163 1905 1218 τὸν
1925 1163 2020 1217 τοῦ

451 1241 622 1294 ἀσκοῦ
649 1243 787 1297 πόδα
811 1244 1048 1313 λύσειεν,
1069 1248 1219 1318 αὐτῷ
1261 1250 1324 1319 δὴ
1352 1250 1413 1305 τὸ
1439 1252 1576 1323 πρὸς
1605 1253 1666 1307 τὸ
1696 1254 1871 1323 παρὸν
1897 1270 2021 1306 συνο

450 1331 638 1411 τελοῦν
676 1333 837 1403 μόνον
891 1338 1091 1406 ἀμιγὲς
1129 1338 1275 1410 ἐξῄει
1295 1382 1311 1406 ,
1341 1337 1482 1406 οἶνος
1510 1342 1694 1413 τυχὸν,
1723 1342 1756 1415 ἦ
1787 1342 1907 1408 ὅξος
1931 1382 1947 1407 ,
1977 1342 2011 1415 ἢ

454 1421 660 1484 ἔλαιον,
702 1423 810 1475 τῶν
835 1423 1010 1479 ἄλλων
1041 1429 1181 1483 κατά
1210 1428 1394 1501 χώραν
1434 1433 1705 1502 μενόντων
1731 1450 1745 1464 ·
1775 1432 1933 1486 cum
1965 1431 2023 1485 δέ

457 1508 618 1563 πάλιν
652 1512 860 1576 ἐκεῖνος
925 1518 984 1569 ἐν
1024 1518 1187 1590 χρείᾳ
1242 1519 1387 1584 τινὸς
1430 1523 1730 1586 καταστὰς,
1769 1525 1817 1575 εἰ
1879 1520 2024 1575 κατά

453 1601 684 1672 γνώμην
717 1603 813 1657 τοῦ
872 1605 1031 1676 ἁγίου
1063 1609 1245 1664 λύσειε
1300 1611 1395 1664 τὸν
1447 1613 1637 1677 ἀσκὸν,
1695 1612 2019 1684 τάναντίαῆ

454 1692 616 1755 aito;
651 1694 935 1764 ἠϐούλετο,
994 1699 1328 1771 θαυμαστῶς
1372 1701 1560 1774 ἐξῄει·
1612 1703 1733 1771 ὅξος
1778 1704 1878 1773 μέν
1928 1705 2024 1758 καὶ

452 1785 657 1850 ἔλαιον,
684 1787 733 1839 εί
758 1788 903 1857 δίψει
929 1792 1091 1861 τυχὸν
1124 1792 1352 1863 ληφθεὶς
1388 1795 1630 1866 πειρῷτο
1664 1798 1811 1850 πιεῖν
1833 1811 1845 1823 ·
1881 1798 1929 1848 εί
1964 1797 2022 1849 δὲ

2121 628 2308 679 rastris
2338 627 2562 692 relictis,
2592 634 2646 679 ct
2675 642 2771 681 sua
2822 637 2972 682 veste
3002 636 3239 697 arrepta,
3270 643 3430 698 quam
3461 642 3687 700 ριονιρι·

2121 715 2357 769 laborem
2382 717 2714 785 Operationis
2745 717 2894 771 humi
2923 718 3269 788 deposuerat,
3318 728 3565 775 sanctum
3603 733 3689 775 est

2122 816 2361 860 secutus.
2403 805 2633 875 Jamque
2690 807 2852 862 simul
2901 809 3039 863 viam
3091 809 3320 864 inibant.
3371 807 3479 864 Sed
3545 825 3688 866 nunc

2122 898 2243 951 volo
2283 912 2377 950 vos
2412 914 2572 966 quam
2622 899 2858 953 maxime
2901 900 3183 953 attendere
3217 917 3231 953 :
3269 899 3505 955 audietis
3540 901 3686 954 enim

2123 989 2444 1044 miraculum
2500 990 2772 1059 voluptate
2813 991 3184 1048 commistum.
3220 992 3436 1047 Etenim
3469 992 3688 1060 quando

2121 1080 2481 1151 Trophimion
2516 1082 2580 1135 ad
2609 1098 2951 1136 ennuunnem
2981 1098 3160 1145 usum,
3201 1094 3392 1139 sani-to
3440 1084 3685 1153 iubente,

2123 1175 2260 1228 utris
2304 1174 2617 1243 operculum
2665 1174 2982 1237 amovisset,
3030 1175 3266 1246 idipsum
3297 1177 3493 1241 solum,
3542 1175 3685 1244 quod

2122 1279 2261 1333 Opus
2290 1276 2406 1318 erat
2435 1264 2486 1316 in
2512 1263 2826 1332 praesentia,
2859 1278 3136 1334 egressum
3164 1276 3249 1319 est
3273 1264 3415 1319 haud
3442 1264 3685 1319 mislum:

2122 1356 2331 1419 vinum,
2369 1354 2515 1410 verbi
2550 1369 2732 1420 causa,
2773 1365 3229 1424 autaeetum,aut
3256 1356 3457 1419 oleum,
3482 1356 3606 1410 aliis
3635 1355 3687 1408 in

2125 1448 2244 1501 loco
2277 1445 2641 1503 manentibus.
2676 1445 2905 1514 Quando
2937 1456 3117 1502 autem
3152 1447 3244 1502 ille
3287 1461 3480 1502 rursus
3508 1446 3689 1516 aliqua

2123 1553 2183 1592 re
2214 1537 2483 1607 indigens.
2524 1552 2632 1591 non
2662 1552 2693 1592 e
2715 1537 2985 1592 sententia
3015 1537 3184 1592 sancti
3212 1548 3389 1591 utrem
3418 1536 3688 1596 solvisset,

2123 1627 2516 1683 admirabiliter
2538 1626 2958 1697 egrediebantur
2998 1627 3269 1682 contraria
3308 1626 3394 1691 iis,
3427 1640 3547 1696 quae
3593 1639 3692 1679 vo-

2125 1719 2270 1775 lebat
2300 1739 2313 1775 :
2355 1728 2567 1775 acetum
2616 1719 2857 1788 quidem,
2901 1725 2957 1771 et
2982 1716 3185 1781 oleum,
3236 1717 3281 1772 si
3310 1716 3399 1773 siti
3432 1716 3575 1771 forte
3607 1715 3691 1769 la-

2126 1813 2326 1867 borans
2354 1812 2516 1868 vellet
2547 1811 2754 1873 bibere,
2790 1809 2874 1864 sin
2899 1824 3030 1864 vero
3065 1809 3151 1864 his
3192 1817 3386 1864 contra
3426 1821 3566 1875 opus
3594 1808 3693 1859 ha-

454 1874 548 1928 καὶ
572 1878 811 1947 ἔμπαλιν
849 1883 1032 1937 αὐτῶν
1078 1884 1325 1957 δεηθείη,
1370 1883 1515 1950 οἶνος
1566 1889 1878 1958 ἀκραιφνὴς
1923 1889 2018 1941 τοῦ

2124 1906 2298 1971 heret,
2329 1905 2514 1957 vinum
2558 1918 2756 1972 purum
2795 1902 3004 1956 elllusit
3045 1917 3111 1955 ex
3156 1912 3299 1955 utre.
3348 1898 3437 1954 Sic
3465 1874 3558 1969 qui
3594 1912 3690 1952 sua

452 1967 624 2020 ἀσκοῦ
681 1969 936 2044 ἀπέρρει.
1003 1975 1192 2040 Οὕτως
1254 1978 1284 2030 ὁ
1348 1979 1532 2034 ἑκοντὶ
1578 1980 1796 2051 δολερὸς
1871 1981 2021 2034 ἄκων

453 2059 669 2129 ὑπῆρχε
712 2066 923 2129 πιστὸς,
953 2066 1174 2129 οὐδενὸς
1202 2061 1278 2121 ὧν
1325 2069 1610 2138 ἠϐούλετο,
1658 2071 1799 2125 κατά
1829 2071 2021 2141 χρείαν

453 2151 787 2218 ἁπτόμενος,
842 2155 1034 2224 σαφῶς
1088 2159 1253 2211 αὐτὸν
1307 2160 1402 2213 τοῦ
1450 2164 1774 2232 πράγματος
1811 2161 2022 2219 ἐκδιδά-

454 2258 677 2307 σκοντος
701 2244 880 2315 ὀρθῶς
903 2246 1050 2318 ἔχειν
1080 2251 1175 2303 καὶ
1207 2251 1512 2321 ἀκεραίως,
1547 2255 1641 2306 καὶ
1674 2254 1844 2322 μηδὲν
1870 2256 2020 2322 παρᾶ

451 2333 552 2403 τὴν
585 2334 681 2388 τοῦ
734 2339 1089 2407 χρησαμένου
1156 2341 1387 2414 γνώμην
1467 2344 1669 2399 ποιεῖν.
1746 2344 2021 2399 Τοιούτων

465 2425 752 2496 Ἀδέρκιος
812 2429 922 2484 τῶν
993 2431 1148 2501 παρά
1192 2433 1331 2487 Θεοῦ
1383 2435 1544 2489 θείων
1578 2437 1818 2490 ἀπέλαυε
1855 2454 2021 2507 χαρι-

450 2517 698 2583 σμάτων.
747 2520 938 2574 Πᾶσαν
982 2521 1076 2575 οῦν
1124 2524 1384 2593 εὐμαρῶς
1411 2525 1718 2590 ἀνύσαντες
1752 2527 1852 2599 τὴν
1880 2528 2019 2593 ὁδὸν,

453 2611 511 2658 ἐν
553 2608 840 2681 Ἀτταλείᾳ
894 2612 993 2682 τῆς
1044 2615 1374 2683 Παμφυλίας
1436 2618 1789 2686 κατάγονται.
1862 2611 2021 2688 Ἐνῇ

451 2697 640 2752 πλοῖον
706 2701 856 2764 τινὸς
915 2704 1027 2756 τῶν
1061 2704 1157 2757 ἐπὶ
1214 2703 1436 2776 Ῥώμην
1496 2707 1849 2777 ἀναγομένων
1900 2709 2023 2760 ἐπι-

445 2788 664 2850 ϐάντες,
691 2792 771 2852 εἰς
817 2792 906 2846 τὸν
930 2791 1238 2864 ὡρισμένον
1265 2796 1588 2867 καταίρουσι
1625 2797 1811 2863 τόπον,
1847 2801 2020 2870 πέρας

449 2877 576 2949 ἄρτι
634 2882 730 2934 καὶ
760 2882 854 2935 τοῦ
888 2883 997 2937 τῶν
1027 2885 1253 2955 ἡμερῶν
1275 2886 1532 2951 λαϐόντος
1561 2888 1927 2959 συνθήματος.

520 2968 653 3026 KA'.
683 2972 802 3026 Τῶν
828 2972 922 3028 οὖν
953 2977 1366 3049 μαγιστριανῶν
1395 2980 1576 3049 τρισὶν
1616 2979 1844 3051 ὕστερον
1877 2981 2008 3052 ὴμέ-

452 3082 574 3134 ραις
603 3066 698 3119 καὶ
732 3067 882 3135 αὐτῷ
913 3069 1317 3138 καταχθέντωνο
1349 3069 1518 3123 πολὺν
1539 3072 1649 3141 γὰρ
1667 3073 1848 3136 αὐτοῖς
1872 3072 2019 3142 ἐτρί-

450 3158 520 3222 6η
554 3155 748 3224 χρόνον
777 3158 804 3209 ό
839 3155 1003 3219 πλοῦς
1033 3157 1124 3210 διὰ
1154 3157 1215 3211 τὸ
1239 3158 1337 3228 τῆς
1390 3159 1540 3230 ὥρας
1590 3160 1890 3230 χειμέριον,
1929 3163 2023 3215 καὶ

449 3245 622 3298 πολλὰ
656 3246 839 3313 σφίσιν
889 3250 1073 3312 αὐτοῖς
1120 3250 1491 3319 μεμφομένων
1520 3251 1616 3319 τῆς
1650 3251 2020 3322 βραδυτῆτος,

448 3335 592 3389 οὕτω
619 3354 678 3388 τε
715 3339 977 3407 οἰομένων
1007 3339 1104 3406 ὡς,
1145 3341 1193 3392 εί
1233 3341 1309 3413 μὴ
1332 3342 1408 3414 τῷ
1433 3342 1574 3411 ἁγίῳ
1605 3342 1747 3397 κατὰ
1767 3341 1864 3406 τὰς
1896 3360 2022 3394 συν-

451 3427 626 3493 θήκας
679 3427 982 3499 ἐντύχοιεν,
1009 3430 1040 3499 ἦ
1068 3432 1296 3496 ἑαυτοὺς
1344 3434 1511 3504 ὠμῶς
1539 3433 1959 3505 διαχρήσασθαι,
1990 3434 2020 3505 ῆ

448 3525 499 3574 εἰ
532 3524 606 3590 τάξι
633 3522 1000 3596 αὐτοκράτορι
1050 3527 1258 3588 κεναῖς,
1280 3527 1308 3579 ὃ
1334 3528 1398 3595 δὴ
1430 3527 1675 3596 λέγεται,
1700 3528 1888 3597 χερσὶν
1922 3528 2023 3596 ἐμ-

450 3615 761 3681 φανισθείεν
792 3617 884 3671 ὑπ’
912 3619 1124 3671 ἐκείνου
1158 3620 1541 3689 ἀναιρεθῆναι.
1583 3619 1770 3673 Ταῦτα
1816 3620 2023 3672 τούτων

450 3705 574 3758 καθ’
601 3707 829 3770 ἑαυτοὺς
871 3707 1388 3779 διασκοπουμένων,
1416 3712 1603 3781 ἐπειδὴ
1656 3711 1940 3781 ἀπέϐηςάν
1968 3729 2021 3764 τε

448 3798 546 3864 τῆς
576 3797 702 3867 νηὸς
732 3798 857 3869 ἤδη,
908 3800 1003 3853 καὶ
1050 3801 1150 3864 τάς
1203 3802 1532 3871 καταγωγὰς
1560 3805 1895 3873 ἀνηρεύνων,
1930 3805 2023 3856 καὶ

445 3888 549 3956 τὴν
581 3889 753 3955 ἀκτὴν
781 3889 1104 3961 περιῄεσαν,
1125 3894 1511 3963 ἐντυγχάνουσι
1540 3894 1617 3965 τῷ
1636 3894 1796 3964 ἁγίῳ.
1836 3895 1894 3947 Ὀ
1924 3895 2023 3963 μὲν

374 3964 396 3983 ’
445 3976 543 4032 εὗν
571 3979 666 4048 τὴν
697 3980 877 4046 δεξιὰν
904 3982 1217 4052 προτείνας,
1246 3987 1339 4038 καὶ
1369 3987 1568 4051 αὐτοὺς
1606 3986 2020 4056 ἀσπασάμενος,

450 4072 751 4142 προσφιλές
776 4089 835 4127 τε
871 4071 980 4128 εῐδε
1007 4076 1134 4138 τοῦς
1164 4076 1385 4143 ἄνδρας,
1410 4080 1507 4131 καὶ
1549 4079 1741 4149 πράως
1769 4079 1863 4132 τοῦ
1898 4097 2023 4132 συν-

448 4164 697 4232 θήματος
722 4165 1157 4235 ὑπεμίμνησκεν.
1187 4169 1248 4220 Οἱ
1274 4167 1329 4221 δέ
1349 4168 1581 4237 ἄσμενοι
1610 4169 1799 4221 τοῦτον
1828 4170 1902 4232 ὡς
1925 4171 2024 4223 οὐκ

453 4254 517 4308 ἂν
538 4256 775 4325 ἡλπισαν
794 4255 1015 4322 ἰδόντες,
1041 4258 1413 4329 προσεκύνουν
1443 4259 1665 4321 εὐθέως,
1693 4260 2024 4330 περιεπτύσ-

452 4363 627 4408 σοντο,
653 4346 1010 4415 περιέϐαλλον
1046 4351 1248 4411 πάντα,
1274 4350 1444 4405 τᾶλλα
1473 4352 1692 4403 ἐποίουν
1717 4351 1819 4405 ὅσα
1848 4351 2024 4421 ψυχῆς

2121 2003 2319 2064 sponte
2352 1995 2456 2049 fuit
2482 1993 2883 2059 fraudulentus,
2923 1992 3128 2047 invitus
3169 1991 3274 2044 fuit
3323 1989 3516 2056 ﬁdelis,
3564 2002 3689 2042 cum

2121 2087 2257 2141 nihil
2292 2096 2538 2155 tangeret
2571 2100 2636 2140 ex
2670 2085 2756 2151 iis,
2781 2100 2903 2154 quae
2933 2083 3148 2138 volebat
3177 2082 3245 2137 ad
3277 2096 3458 2145 usum,
3480 2095 3539 2134 re
3572 2078 3689 2146 ipsa

2121 2191 2244 2230 eum
2276 2169 2465 2244 aperte
2493 2176 2744 2240 docente,
2770 2182 2829 2229 ut
2861 2183 3008 2229 recte
3040 2188 3099 2227 se
3135 2179 3347 2242 gereret
3374 2179 3431 2225 et
3458 2170 3691 2233 sincere,

2122 2276 2182 2323 et
2216 2269 2354 2322 nihil
2386 2268 2588 2323 faceret
2630 2274 2829 2337 praeter
2874 2264 3202 2322 sententiam
3238 2263 3378 2333 ejus,
3424 2261 3515 2330 qui
3542 2273 3665 2314 com

2121 2361 2417 2415 m'idasset.
2449 2358 2601 2413 Talia
2622 2372 2653 2413 a
2684 2357 2795 2414 Deo
2826 2358 2971 2413 dona
3020 2356 3125 2412 fuit
3166 2360 3500 2411 consecutus
3524 2352 3697 2413 Alter—

2120 2452 2258 2506 cius.
2313 2450 2449 2503 Cum
2509 2462 2640 2521 ergo
2694 2456 2870 2503 totum
2924 2448 3028 2502 iter
3085 2446 3246 2501 facile
3299 2441 3691 2503 confecissent,

2119 2541 2347 2596 veniunt
2392 2541 2447 2595 in
2491 2540 2721 2595 Ataliam
2763 2538 3089 2610 Pamphyliae
3132 2537 3430 2593 civitatem.
3483 2534 3542 2589 In
3586 2547 3693 2601 qua

2121 2649 2242 2689 cum
2289 2647 2481 2688 navem
2521 2631 2993 2695 conscendissent,
3034 2644 3154 2699 quae
3199 2627 3427 2683 Romam
3476 2624 3695 2696 prolici-

2127 2728 2404 2789 scebatur,
2423 2725 2477 2780 in
2498 2726 2674 2779 locum
2695 2720 2974 2793 appellunt
2988 2720 3368 2784 constitutum,
3387 2730 3512 2772 cum
3532 2713 3696 2775 modo

2133 2819 2294 2874 linem
2326 2816 2624 2887 accepisset
2654 2814 2867 2870 dierum
2901 2812 3214 2869 conventio.

2204 2973 2343 3029 XXI.
2393 2971 2729 3044 Magistriani
2765 2987 2897 3028 vero
2934 2973 3110 3029 tribus
3141 2982 3329 3043 postea
3367 2975 3561 3032 diebus
3592 2970 3694 3048 ipsi

2129 3082 2346 3137 quoque
2374 3065 2751 3136 appulerunt:
2784 3062 2888 3119 fuit
2920 3065 3070 3120 enim
3100 3065 3258 3137 longa
3291 3084 3441 3124 mora
3474 3072 3697 3140 naviga:

2128 3162 2290 3214 tionis
2324 3167 2546 3228 propter
2603 3166 3008 3227 tempestatem.
3057 3156 3323 3224 Quocirca
3384 3160 3694 3217 tarditatem

2124 3267 2277 3306 suam
2338 3250 2493 3305 valde
2543 3250 2922 3306 accusabant:
2981 3249 3113 3319 quin
3168 3249 3334 3305 etiam
3383 3254 3697 3310 statuebant

2126 3343 2523 3407 nisisanctum,
2577 3350 2635 3396 ut
2681 3350 3036 3403 convenerat,
3084 3344 3419 3409 invenirent,
3467 3345 3551 3400 vel
3591 3345 3694 3401 sibi

2126 3434 2256 3503 ipsis
2287 3446 2516 3489 mortem
2548 3433 2843 3488 crudeliter
2877 3436 3241 3490 consciscere.
3273 3437 3411 3491 Nam
3452 3437 3494 3492 si
3527 3438 3696 3508 impco

2125 3525 2292 3580 ratori
2343 3525 2552 3584 vacuis.
2612 3532 2670 3577 ut
2722 3522 2950 3588 dicitur,
3010 3523 3268 3579 manibus
3310 3541 3369 3581 se
3414 3527 3692 3590 sisterent,

2126 3616 2463 3679 metuebant,
2493 3629 2562 3669 ne
2596 3614 2667 3667 ab
2722 3614 2814 3668 illo
2865 3614 3324 3671 interﬁcerentur.
3384 3618 3513 3673 Haec
3550 3620 3696 3688 apud

2124 3722 2182 3761 se
2209 3709 2391 3760 animo
2421 3706 2707 3777 agitantes,
2743 3720 2868 3760 cum
2901 3705 3012 3775 jam
3042 3720 3074 3761 e
3101 3707 3223 3761 navi
3262 3707 3693 3772 descendissent,

2125 3807 2179 3853 et
2208 3806 2582 3852 scrutarentur
2621 3796 2940 3860 (livt'rsoria,
2997 3810 3051 3852 et
3090 3798 3242 3854 littus
3292 3801 3531 3865 obirent,
3568 3817 3697 3856 san-

2124 3901 2272 3944 ctum
2307 3889 2613 3943 inveniunt.
2644 3886 2737 3944 llle
2764 3899 2944 3943 autem
2985 3905 3109 3945 cum
3144 3905 3363 3945 manum
3416 3895 3695 3963 porrexis~

2124 3989 2226 4044 set,
2258 3986 2314 4034 et
2342 3994 2439 4035 eos
2462 3980 2769 4047 salutasset,
2801 3980 2975 4035 amice
3005 3996 3098 4037 eos
3129 3984 3359 4051 aspexit,
3401 3993 3453 4039 et
3485 3985 3695 4054 placide

2127 4079 2340 4138 pactum
2376 4080 2705 4125 conventum
2754 4072 3028 4128 revocavit
3076 4072 3131 4126 in
3188 4075 3527 4129 memoriam.
3557 4074 3692 4130 Cum

2125 4172 2256 4211 vero
2315 4157 2414 4225 ipsi
2466 4157 2695 4211 libenter
2762 4172 2887 4213 eum
2945 4170 3142 4229 praeter
3198 4177 3352 4231 spem
3414 4163 3694 4229 vidissent,

2126 4245 2376 4314 protinus
2404 4245 2721 4311 adorabant,
2754 4248 3246 4318 amplectebantur,
3293 4261 3347 4307 et
3375 4253 3557 4307 omnia
3592 4255 3696 4309 alia

2127 4337 2439 4403 faciebant,
2490 4355 2612 4410 quaa
2669 4348 2798 4394 sunt
2862 4340 3014 4411 signa
3074 4342 3240 4397 animi
3303 4343 3433 4397 moti
3488 4344 3695 4400 Letitia.

451 4436 556 4487 ὑπὸ
616 4438 974 4507 περιχαρείας
1028 4441 1396 4510 κεκινημένης
1433 4441 1552 4494 ἐστὶ
1586 4441 1858 4509 σύμϐολα.
1890 4440 2021 4497 Εἶτα

2132 4427 2334 4484 Deinde
2355 4444 2479 4485 cum
2511 4446 2634 4485 eum
2679 4446 2863 4487 secum
2894 4434 3337 4502 assumpsissent,
3386 4435 3699 4506 ingrediunt-

453 4526 886 4597 παραλαϐόντες,
925 4528 1127 4583 εἰσίασί
1179 4548 1236 4584 τε
1276 4532 1376 4601 τὴν
1415 4533 1653 4602 Ῥώμην,
1705 4535 1798 4587 καὶ
1829 4534 1902 4597 ὡς
1930 4534 2022 4587 τὸν

450 4620 694 4689 ὕπαρχον
745 4621 939 4689 ἀγουσι
971 4623 1361 4693 Κορνηλιανόν.
1387 4622 1451 4679 Ὀ
1481 4626 1558 4689 δὲ,
1596 4625 1784 4694 ἐπειδὴ
1815 4625 1905 4678 τὸν
1928 4626 2025 4679 αὖ-

449 4711 756 4780 τοκράτορα
806 4712 1117 4765 Ἀντωνίνον
1151 4716 1183 4783 ἡ
1213 4716 1354 4766 κατὰ
1403 4716 1512 4768 τῶν
1541 4716 1843 4785 Βαρϐάρων
1877 4711 2023 4786 εἶχεν

451 4800 770 4867 ἐκστρατιά.
802 4817 894 4852 τιν
937 4799 1127 4867 Ῥῆνόν
1157 4819 1215 4854 τε
1245 4801 1568 4866 διαδάντων,
1600 4802 1696 4854 καὶ
1748 4803 1848 4873 τὴν
1892 4804 2024 4857 Ῥω-

453 4892 630 4958 μαίων
681 4891 1108 4961 λεηλατούντων,
1135 4891 1224 4944 τὸν
1255 4891 1425 4961 ἄνδρα
1472 4893 1607 4963 πρὸς
1645 4892 1742 4963 τὴν
1778 4892 2025 4961 Αὐγούσ-

449 4999 548 5033 τκν
575 4981 699 5049 ἄγει
725 4983 1051 5037 Φαυστξναν.
1079 4982 1176 5034 "Ov
1208 4982 1389 5050 ἐκείνη
1427 4980 1743 5051 θεασαμένη
1785 4982 2024 5051 γεραρὸν

449 5070 593 5124 οὕτω
618 5072 711 5124 καὶ
745 5073 964 5139 σεμνὸν,
994 5070 1090 5124 καὶ
1120 5072 1179 5123 τι
1204 5070 1476 5132 εὔκοσμον
1504 5067 1616 5124 οἷον
1648 5074 1741 5125 καὶ
1789 5072 2024 5142 γαληνὸν

453 5160 841 5227 ὑποφαίνοντι,
892 5159 1075 5225 αἰδοῦς
1147 5161 1438 5225 ὑπόπλεως
1489 5162 1720 5230 γίνεται,
1769 5166 1864 5216 καὶ
1923 5163 2022 5215 σίιν

452 5253 619 5322 πολλῇ
654 5254 816 5306 αὐτὸν
841 5253 1146 5318 ἀσπάζεται
1174 5256 1237 5324 τῇ
1271 5256 1693 5325 σεμνοπρεπείᾳ.
1737 5257 1867 5317 K1",
1902 5256 2023 5309 ’Ὁτι

454 5346 552 5409 μὲν
575 5339 778 5412 ἀγαθοῦ
809 5347 903 5399 καὶ
919 5346 1096 5400 πάντα
1119 5346 1443 5417 δυναμένου,
1478 5349 1647 5415 λέγει,
1671 5347 1806 5401 Θεοῦ
1835 5349 2023 5411 δοῦλος

451 5434 521 5502 εί,
553 5439 710 5507 δῆλον
771 5437 829 5504 ἐξ
858 5432 934 5492 ὧν
968 5439 1116 5492 ἄλλοι
1147 5454 1205 5491 τε
1237 5437 1421 5490 πολλοὶ
1469 5440 1756 5508 πρότερον,
1805 5440 1900 5490 καὶ
1931 5438 2024 5490 νῦν

450 5529 789 5600 ἀπήγγειλαν
823 5528 1207 5593 ἐπανελθόντες
1236 5532 1284 5583 οἱ
1340 5532 1725 5601 μαγιστριανοὶ
1770 5531 1886 5600 (καὶ
1915 5534 2022 5601 γὰρ

452 5621 549 5691 ἠδη
579 5623 672 5674 καὶ
705 5620 838 5689 παρ’
869 5619 1049 5673 αὐτῶν
1086 5623 1118 5679 ἡ
1147 5623 1423 5674 Φαυστίνα
1455 5621 1521 5673 τὰ
1554 5614 1696 5673 κατὰ
1733 5622 1822 5672 τὸν
1857 5622 2023 5691 ἄνδρα

453 5710 857 5782 ἐμεμαθήκει)ο
900 5712 1089 5782 δέομαι
1149 5709 1242 5766 οὖν
1281 5714 1448 5782 μηδὲν
1502 5711 1867 5767 ἀναϐαλέσθαι
1929 5716 2021 5766 καὶ

454 5802 719 5870 βασιλέων
751 5803 1043 5872 εὐεργέτης
1080 5803 1330 5873 ὀφθῆναι,
1366 5804 1462 5857 καὶ
1488 5803 1545 5857 τὸ
1580 5803 1835 5858 ταπεινδν
1865 5804 1944 5871 ἡμ
1966 5806 2022 5855 ”›ν

2130 4529 2218 4575 tur
2275 4519 2535 4587 Romam,
2606 4530 2663 4576 et
2708 4522 2777 4577 ad
2826 4523 3064 4591 przetorii
3121 4523 3434 4593 praelectum
3492 4527 3701 4583 ducunt

2126 4610 2535 4667 Cornelianum.
2566 4611 2661 4665 Ille
2690 4623 2895 4678 autem,
2936 4628 3060 4668 cum
3109 4616 3401 4685 imperator
3431 4618 3700 4674 Antonius

2127 4703 2525 4772 expeditionem
2595 4704 2927 4771 suscepisset
2996 4714 3184 4758 contra
3255 4705 3548 4771 Barbaros,
3606 4712 3696 4778 qui

2126 4793 2377 4848 Rhenum
2416 4793 2767 4857 transierant,
2797 4802 2852 4848 et
2886 4794 3252 4851 Romanorum
3277 4813 3438 4867 agros
3471 4804 3696 4869 popula-

2124 4885 2342 4948 bantur,
2380 4900 2505 4939 eum
2543 4884 2689 4939 ducit
2717 4885 2789 4939 ad
2824 4886 3117 4954 Augustam
3150 4875 3486 4943 Faustinam.
3524 4888 3695 4955 Quem

2127 4986 2412 5047 postquam
2441 4978 2526 5032 illa
2551 4978 2761 5047 aspexit
2815 4977 2954 5032 adeo
3000 4978 3289 5034 honestum
3333 4989 3388 5034 et
3433 4997 3697 5037 veneram

2126 5068 2276 5130 dum,
2308 5076 2363 5122 et
2392 5069 2482 5138 qni
2508 5083 2772 5123 summam
2813 5069 3237 5124 moderationem
3265 5085 3373 5139 prae
3400 5087 3458 5126 se
3487 5072 3698 5129 ferebat

2126 5169 2180 5215 et
2210 5159 2669 5228 tranquillitatem,
2706 5161 2960 5229 impletur
3004 5160 3231 5229 pudore,
3262 5170 3316 5216 et
3342 5177 3464 5217 eum
3498 5164 3697 5220 salutat

2127 5253 2446 5316 honoriﬁce,
2476 5261 2551 5315 et,
2602 5252 2754 5317 Quod
2804 5253 2879 5306 sis
2928 5252 3054 5309 boni
3102 5253 3320 5322 quidem
3366 5252 3480 5319 Dei,
3525 5263 3579 5309 et
3604 5257 3695 5325 qui

2126 5344 2307 5400 omnia
2330 5352 2532 5413 pztlcsl,
2565 5359 2777 5404 servus,
2814 5344 3009 5413 inquit,
3056 5353 3141 5399 est
3183 5345 3429 5409 evidens,
3483 5355 3590 5401 tam
3627 5363 3691 5400 ex

2127 5437 2214 5495 iis.
2247 5451 2367 5505 quae
2393 5434 2483 5488 alii
2515 5433 2668 5488 multi
2695 5435 2869 5503 prius,
2904 5444 2961 5489 et
2989 5450 3132 5490 nunc
3179 5437 3382 5492 reversi
3416 5437 3693 5492 renuntia-

2130 5536 2256 5581 runt
2283 5525 2637 5596 magistriani,
2673 5526 2896 5593 (etenim
2927 5527 3037 5596 jam
3070 5541 3285 5597 quoque
3313 5544 3375 5581 ex
3423 5528 3503 5582 cis
3555 5527 3696 5582 Fau-

2127 5617 2265 5671 stina
2295 5616 2361 5669 de
2403 5614 2493 5668 illo
2524 5624 2833 5683 acceper.-t)
2874 5630 3000 5684 rogo
3047 5614 3228 5684 igitur,
3267 5624 3320 5669 ut
3355 5616 3488 5669 nihil
3537 5617 3694 5672 dill‘e-

2129 5724 2234 5768 ras,
2271 5708 2362 5761 sed
2395 5706 2661 5761 beneﬁcio
2700 5705 2902 5761 allicias
2939 5712 3314 5775 imperatores,
3346 5718 3397 5762 et
3428 5708 3688 5763 humilem

2135 5810 2371 5855 nostra?!)
2411 5813 2595 5853 serves
2625 5807 2677 5852 et
2707 5814 2862 5851 rures
2892 5799 3125 5853 ﬁliolam.
3165 5799 3251 5853 Sir
3282 5800 3423 5853 enim
3465 5818 3492 5854 a
3543 5803 3696 5857 nobis
