4132 6478
494 406 632 467 1239
1775 401 2060 463 MENSIS
2099 400 2466 466 OCTOBER.
3600 380 3748 447 1240

494 520 679 590 magni
707 506 1051 586 bonores,~et
1098 525 1239 580 dona
1286 522 1381 578 tibi
1428 523 1619 577 collata
1668 521 1901 575 referent
1941 534 2062 589 gra-
2094 521 2126 577 Α

2118 518 2343 577 ισῶσαι
2391 516 2486 569 καὶ
2540 510 2876 584 θεραπεῦσαι
2930 507 3245 577 θυγάτριον.
3287 503 3443 557 Οὕτω
3488 501 3601 572 γάρ
3659 517 3750 552 σοι

493 607 645 663 tiam.
2168 611 2405 680 μεγάλαι
2459 608 2618 679 τιμαὶ
2660 603 2793 676 παρ’
2841 600 3001 673 ἡμῶν
3048 598 3142 652 καὶ
3193 594 3395 665 δωρεαὶ
3444 590 3540 663 τὴν
3573 591 3750 661 χάριν

2162 703 2194 754 ἀ
2204 718 2268 769 με
2278 699 2485 768 ίψονται
2494 735 2510 753 .

565 783 735 838 XXII.
771 784 895 840 llaec
944 785 1028 839 illa
1083 802 1203 841 cum
1256 800 1447 855 magna
1492 785 1705 840 dicebat
1753 783 2057 838 affectione.

2234 792 2362 844 KB’.
2390 787 2576 843 Ταῦτα
2615 786 2754 857 μετὰ
2777 782 2976 852 πολλῆς
3005 779 3313 847 ὑπηγόρευε
3348 778 3448 845 τῆς
3491 788 3714 842 περιπα
3740 788 3750 809 ι

492 874 625 929 Eam
659 877 805 930 enim
834 876 1087 932 ﬂectebat
1131 888 1340 931 natura:
1382 876 1697 939 necessitas,
1751 886 1804 929 et
1834 875 2064 929 faciebat

2163 881 2314 943 θείας
2349 897 2363 912 ⁸
2390 879 2672 948 ἐκαμτιτον
2696 877 2805 945 γὰρ
2836 874 3007 940 αὐτὴν
3032 873 3086 924 αἱ
3112 870 3210 938 τῆς
3234 868 3449 934 φύσεως
3472 865 3745 930 ἀνάγκαι,

491 978 553 1021 ιιι
576 967 718 1021 illius
752 969 1055 1036 postularet-
1079 970 1365 1033 auxilium,
1398 984 1560 1038 quem
1612 970 1694 1038 (ut
1723 984 1846 1022 cum
1880 968 2062 1022 divino

2163 973 2257 1024 καὶ
2285 971 2475 1042 βοηθὸν
2503 970 2720 1023 ἐποίουν
2771 967 2976 1020 ἐκεῖνον
3028 960 3308 1029 ἐπιζητεῖν
3358 958 3417 1011 ὃν
3449 956 3616 1027 (κατὰ
3647 954 3744 1005 τὶν

489 1058 663 1112 dicam
698 1058 917 1124 Davide)
945 1061 1071 1115 odio
1099 1061 1372 1116 habebant
1415 1061 1601 1132 gratis,
1655 1070 1711 1115 et
1758 1076 1866 1114 non
1899 1060 2063 1114 susti-

2164 1060 2306 1113 θεῖον
2338 1060 2504 1128 φάναι
2557 1056 2742 1122 Δαυῒδ)
2779 1054 2985 1125 δωρεὰν
3021 1052 3264 1120 ἑμίσουν,
3308 1048 3403 1100 καὶ
3434 1046 3508 1108 ὡς
3550 1042 3746 1107 ἀληθῆ

488 1146 692 1200 nebant
717 1147 944 1202 adorare
971 1158 1223 1218 tanquam
1251 1166 1441 1206 verum
1458 1151 1629 1204 Deum
1658 1150 1700 1201 '.
1726 1149 1814 1202 Ille
1845 1158 2060 1202 autem:

2163 1152 2489 1220 προσκυνεῖν
2512 1151 2611 1202 οὐκ
2643 1147 2934 1218 ἠνείχοντο.
2977 1143 3037 1196 Ὀ
3066 1142 3155 1206 δὲ,
3199 1139 3495 1193 Ἀπὸδεκτα
3522 1135 3626 1203 μὲν
3673 1133 3747 1185 τὰ

488 1237 724 1304 Accepta
765 1237 982 1305 quidem
1041 1246 1146 1303 est,
1195 1238 1395 1309 inquit,
1441 1239 1600 1293 nobis
1632 1249 1719 1292 tua
1762 1237 2059 1291 voluntas:

2161 1245 2260 1312 τῆς
2293 1242 2685 1313 προαιρέσεως,
2718 1239 2843 1309 ἔφη,
2877 1237 2977 1306 τῆς
3006 1236 3104 1303 σῆς
3123 1250 3139 1266 ο
3168 1230 3309 1302 πλὴν
3328 1230 3500 1285 οὐδενὶ
3520 1226 3743 1279 τούτων

488 1325 582 1378 sed
612 1341 712 1379 nos
736 1327 885 1381 nullo
918 1343 982 1381 ex
1020 1327 1107 1392 iis,
1138 1344 1260 1398 qua:
1300 1338 1431 1384 sunt
1474 1328 1615 1398 apud
1662 1342 1778 1391 vos,
1824 1327 2063 1382 deierta-

2163 1336 2323 1404 ἡμεῖς
2360 1334 2468 1397 τῶν
2500 1331 2632 1402 παρ’
2679 1332 2808 1401 ύμῖν
2856 1327 3055 1399 τιμὶων
3116 1322 3383 1394 ἡδόμεθα,
3419 1320 3592 1373 πάλαι
3644 1317 3749 1384 τὴν

491 1429 632 1478 mur,
675 1425 735 1469 ut
767 1418 859 1486 qui
895 1434 1091 1472 ranam
1125 1421 1265 1473 banc
1309 1420 1552 1489 speciem
1595 1418 1924 1488 jampridem
1971 1432 2065 1471 ex—

2163 1424 2324 1494 κενὴν
2351 1423 2557 1490 ταύτην
2588 1420 2986 1478 διαπτύσαντες
3013 1413 3339 1484 φαντασίανο
3372 1410 3549 1470 ἄλλως
3571 1425 3635 1460 τε
3668 1407 3750 1472 δὲ,

493 1506 808 1571 spuerimus
859 1523 875 1561 :
933 1518 988 1561 et
1042 1509 1241 1578 alioqui
1307 1525 1410 1564 nec
1457 1508 1708 1563 mercede
1758 1507 2064 1576 pra‘bemus

2161 1515 2281 1569 οὐδὲ
2304 1513 2608 1582 ἐμμίσθους
2646 1510 2744 1573 τὰς
2775 1507 2928 1578 παρὰ
2963 1505 3097 1559 Θεοῦ
3114 1503 3376 1564 .δοθείσας
3398 1502 3530 1570 ἡμῖν
3562 1496 3748 1565 παρέ-

487 1595 708 1673 gratias,
738 1612 857 1665 quae
885 1598 1043 1653 nobis
1068 1615 1096 1653 a
1132 1599 1242 1654 Deo
1273 1600 1413 1655 datae
1434 1608 1580 1661 sunt.
1616 1599 1784 1667 gratis
1817 1604 2059 1664 accepta,

2163 1622 2328 1677 χομεν
2379 1605 2626 1675 χάριτας,
2658 1601 2869 1668 δωρεὰν
2902 1598 3182 1658 λαϐόντες,
3215 1595 3311 1647 καὶ
3341 1591 3554 1662 δωρεάν
3605 1588 3749 1641 διδό-

488 1682 655 1751 gratis
705 1700 921 1755 quoque
972 1687 1100 1742 dare
1150 1689 1286 1756 jussi
1323 1690 1365 1745 ⁸.
1415 1687 1522 1744 Sed
1579 1690 1669 1744 ubi
1718 1697 1820 1751 est,
1866 1686 2060 1757 inquit,

2164 1716 2250 1752 ναι
2281 1694 2724 1764 κεκελευσμένοι.
2761 1690 2922 1746 Ἀλλὰ
2945 1690 3048 1742 ποῦ
3076 1705 3178 1755 σοι,
3201 1689 3367 1756 φησὶν
3386 1687 3421 1755 ἡ
3450 1683 3748 1752 θυγάτηρ;

490 1773 635 1828 filia?
663 1774 917 1831 Faustina
954 1793 1135 1833 autem
1168 1796 1335 1849 quam
1368 1780 1542 1850 potuit
1584 1780 1867 1835 celerrime
1895 1778 2064 1832 currit
2093 1852 2122 1858 _

2118 1852 2132 1858 _
2165 1791 2276 1844 Kal.
2304 1791 2339 1858 ἡ
2370 1787 2663 1851 Φαυστίνα,
2690 1784 2766 1846 ὡς
2795 1780 2907 1853 εἶχε
2931 1782 3149 1852 τάχους,
3172 1778 3334 1840 εὐθὺς
3364 1777 3444 1839 είς
3461 1775 3556 1827 τὸν
3583 1773 3750 1825 θάλα-

490 1863 542 1915 in
581 1864 901 1931 thalamum,
934 1875 989 1920 et
1036 1878 1319 1937 acceptam
1358 1869 1520 1923 filiam
1559 1867 1785 1922 attrahit
1827 1867 1895 1921 ad
1937 1881 2063 1921 san-
2092 1852 2122 1911 Ῑ

2117 1852 2138 1910 3
2171 1881 2270 1950 μόν
2294 1852 2352 1932 τε
2380 1877 2671 1947 εἰστρέχει,
2720 1876 2813 1928 καὶ
2850 1852 2960 1945 τῆς
3015 1871 3205 1934 παιδὸς
3249 1869 3395 1939 αὑτὴ
3437 1865 3749 1936 λαϐομένη,

486 1964 635 2008 ctum
657 1971 818 2024 quam
862 1958 1104 2012 maximo
1140 1960 1341 2014 ardore.
1374 1969 1430 2014 et
1480 1959 1661 2015 studio
1701 1958 1808 2014 diei
1862 1965 2057 2027 potest.

2168 1972 2453 2038 ἐφέλκεται
2479 1973 2613 2043 πρὸς
2643 1973 2737 2024 τὸν
2766 1969 2948 2036 ἅγιον,
2973 1967 3095 2035 μεθ’
3123 1965 3258 2032 ὅσης
3291 1961 3357 2014 ἂν
3401 1958 3503 2027 τῆς
3539 1957 3751 2026 Θερμό-

489 2045 729 2101 Puellam
782 2063 910 2103 vero
962 2049 1277 2105 inhabitans
1324 2049 1778 2104 sceleratissimus
1825 2049 2061 2111 daemon,

2167 2079 2329 2129 τητος
2358 2061 2532 2123 εῐποις
2567 2062 2663 2113 καὶ
2693 2060 2793 2129 τῆς
2816 2056 3075 2125 σπουδῆς.
3102 2055 3163 2107 Ὃ
3192 2053 3378 2123 μέντοι
3410 2048 3658 2102 ὲποικῶν
3684 2050 3750 2116 τῇ

487 2152 612 2190 cum
643 2140 983 2209 cognovisset
1016 2156 1075 2196 se
1114 2143 1179 2195 ad
1213 2156 1338 2196 eum
1372 2141 1591 2204 abduci,
1621 2156 1651 2194 a
1702 2154 1812 2210 quo
1858 2141 2065 2197 sciebat

2169 2152 2323 2205 παιδὶ
2356 2151 2722 2220 πονηρότατος
2745 2149 2978 2218 δαίμων,
3003 2145 3129 2199 ἐπεὶ
3172 2143 3311 2214 πρὸς
3340 2139 3505 2194 αὑτὸν
3532 2136 3750 2204 ἀπαγὰ-

488 2241 548 2282 se
578 2229 728 2296 prius
769 2229 938 2286 fuisse
991 2241 1329 2302 superatum,
1363 2232 1703 2301 discerpebat
1749 2232 1979 2301 puellam
2010 2240 2065 2286 et

2173 2260 2332 2313 μενος
2356 2243 2516 2310 εγνω,
2535 2235 2595 2294 οῦ
2620 2242 2716 2293 καὶ
2742 2238 3010 2308 πρότερον
3038 2235 3334 2304 ἐγίνωσκεν
3352 2229 3634 2302 ἡττηθεὶς,
3666 2230 3751 2280 εσ-

487 2319 818 2389 dejiciebat:
875 2324 1088 2386 timere,
1140 2322 1477 2386 conturbari,
1527 2330 1780 2388 tremere,
1830 2321 2064 2391 caligare

2170 2337 2415 2404 πάραττε
2444 2334 2542 2402 τὴν
2572 2332 2759 2397 παῖδα,
2788 2328 3112 2390 κατέὸαλλε,
3139 2321 3748 2391 δεδοικέναι,ταράττεο

490 2410 743 2466 faciebat.
773 2413 980 2469 Deinde
1013 2415 1174 2469 etiam
1208 2429 1395 2469 vocem
1423 2428 1488 2468 ex
1532 2427 1603 2466 ea
1630 2412 1933 2477 emittebat,
1983 2413 2062 2467 di-

2172 2426 2319 2489 σθαι,
2343 2425 2587 2496 τρέμειν,
2618 2423 2859 2493 ίλιγγιᾷν
2896 2419 3090 2474 ἐποίει.
3119 2413 3254 2471 Εῐτα
3308 2415 3406 2470 καὶ
3463 2414 3655 2485 φωνὴν
3684 2415 3749 2464 ἐκ

489 2509 704 2555 centem
736 2516 751 2555 :
786 2501 948 2565 Ecce,
997 2502 1214 2569 Aberci,
1245 2517 1346 2572 ego
1398 2510 1451 2555 te
1484 2500 1707 2555 Romam
1740 2500 1889 2564 duxi,
1925 2502 2065 2555 sicut

2169 2517 2371 2584 ταύτης
2430 2515 2602 2585 ἠφίει,
2645 2514 2801 2577 Ἰδοὺ,
2867 2511 3142 2581 Ἀσέρκιε,
3191 2508 3482 2576 λέγουσαν,
3533 2506 3634 2559 καὶ
3667 2505 3745 2564 είς

490 2606 611 2646 sum
660 2594 950 2664 pollicitus.
986 2594 1081 2648 Ille
1109 2602 1327 2649 autem:
1365 2593 1547 2657 Certe,
1585 2593 1801 2663 inquit:
1842 2594 1937 2648 sed
1972 2608 2065 2647 ne-

2180 2610 2401 2679 Ῥὠμην
2432 2624 2492 2660 σε
2520 2608 2752 2674 ἤγαγον,
2783 2603 2971 2673 ῶσπερ
3008 2600 3119 2671 ἄρα
3143 2595 3570 2668 ἐπηγγειλάμην
3590 2633 3606 2658 ,
3636 2594 3664 2644 ὁ
3693 2591 3749 2644 δὲ

490 2699 760 2756 quaquam
809 2692 1095 2754 propterea
1141 2683 1422 2756 gaudebis.
1472 2683 1563 2739 Sic
1617 2682 1772 2746 dixit,
1826 2692 1881 2737 et
1909 2682 2065 2752 jubet

2169 2702 2296 2766 Nai,
2326 2699 2512 2769 φησίν·
2542 2697 2656 2751 ἀλλ’
2680 2696 2743 2748 οὐ
2779 2694 3064 2765 χαιρήσεις
3082 2689 3277 2743 τούτου
3312 2705 3374 2757 γε
3399 2688 3614 2740 ἕνεκεν.
3641 2681 3746 2738 Οὖ-

491 2775 727 2845 puellam
772 2776 895 2831 duci
938 2776 1039 2831 sub
1088 2776 1199 2831 dio.
1249 2775 1419 2830 Ducta
1462 2784 1547 2830 est
1588 2789 1716 2845 ergo
1760 2774 1935 2843 puella
1969 2789 2066 2841 per

2171 2806 2277 2852 τως
2316 2789 2421 2857 ἔφη
2449 2788 2545 2840 καὶ
2576 2789 2674 2853 τὴν
2706 2786 2875 2855 κόρην
2926 2784 3009 2845 είς
3059 2779 3329 2850 ὕπαιθρον
3378 2775 3620 2846 ἀχθῆναι
3650 2790 3742 2826 κε·-

491 2866 945 2937 liippodromum,
981 2883 1104 2922 cum
1149 2866 1495 2937 imperatoris
1514 2866 1771 2921 satellites
1801 2876 1854 2919 et
1884 2875 2067 2921 custo-

2171 2882 2345 2936 λεύει.
2384 2878 2561 2949 Ἤχθη
2583 2873 2677 2933 οὖν
2705 2879 2807 2931 ἀνὰ
2821 2875 2912 2929 τὸν
2947 2875 3301 2943 Ἰππόδρομον
3322 2871 3353 2937 ἡ
3377 2872 3533 2933 παῖς,
3572 2868 3748 2921 ὑπασ-

491 2961 589 3015 des
622 2962 796 3015 locum
834 2961 991 3030 prius
1023 2969 1404 3029 occupassent.
1451 2959 1672 3014 Interim
1718 2967 1899 3012 autem
1939 2973 2065 3012 cum

2173 2973 2383 3029 πιστῶν
2414 2989 2475 3025 τε
2509 2969 2807 3039 βασιλικῶν
2839 2966 3105 3038 πρότερον
3132 2964 3227 3037 καὶ
3249 2962 3503 3033 φρουρῶν
3526 2959 3625 3012 τὸν
3653 2957 3739 3010 τό·

491 3053 583 3107 iile
627 3050 920 3123 impudens
960 3059 1018 3105 et.
1062 3051 1358 3106 sceleratus
1392 3049 1602 3104 daemon
1644 3048 1979 3117 discerperet
2012 3056 2067 3101 et

2173 3084 2274 3121 πον
2296 3062 2684 3129 διαλαϐόντων,
2706 3062 2767 3114 ὲν
2800 3059 2977 3129 τούτῳ
3006 3056 3063 3110 δὲ
3102 3055 3196 3109 τοῦ
3238 3052 3490 3114 ἀναιδοῦς
3535 3049 3744 3103 ἐκείνου

493 3143 755 3213 dejiceret
779 3143 1033 3214 puellam,
1060 3151 1116 3197 et
1144 3141 1278 3195 nihil
1318 3139 1464 3196 aliud
1507 3141 1766 3194 clamaret
1791 3138 1895 3192 nisi
1923 3137 2066 3208 quod
2092 3193 2125 3225 Γ

2107 3193 2138 3225 μ
2174 3157 2269 3210 καὶ
2303 3153 2502 3225 μιαροῦ
2541 3148 3243 3222 δαίμονος,σπαράττοντός
3263 3161 3324 3197 τε
3346 3144 3441 3197 καὶ
3471 3138 3739 3195 καταϐάλ-

494 3194 670 3292 Solum
708 3194 1045 3306 sigrnificabat
1073 3249 1132 3289 se
1174 3232 1396 3303 gloriari
1430 3240 1485 3287 et
1525 3232 1750 3301 jactare,
1794 3194 2126 3300 quod-perc

2106 3194 2139 3257 ι’
2171 3194 2357 3310 λοντῖς
2386 3194 2486 3315 τιην
2542 3194 2745 3314 χάρτην,
2774 3243 2870 3295 καὶ
2917 3194 3069 3294 οῦδὲν
3116 3237 3245 3294 ἄλλο
3283 3235 3517 3307 βοῶντος
3553 3234 3633 3285 ὅτι
3667 3230 3738 3298 μὴ

494 3344 555 3384 se
579 3328 823 3383 duxisset
841 3341 1090 3383 sanctum
1121 3341 1217 3397 per
1243 3335 1453 3379 tantum
1484 3333 1641 3378 terra:
1667 3331 1722 3377 et
1750 3321 1916 3377 maris
1939 3336 2067 3390 spa-

2170 3340 2239 3393 τὲι
2274 3338 2447 3410 ὀφρὺν
2480 3337 2576 3390 καὶ
2610 3336 2824 3403 κόμπον
2872 3330 3139 3401 δηλοῦντα
3192 3329 3374 3399 μόνον,
3428 3326 3518 3395 ἐφ’
3550 3318 3595 3392 ᾧ
3647 3323 3735 3375 τὸν

497 3423 631 3476 tium
667 3436 680 3474 ι
718 3420 944 3476 sublatis
1001 3419 1055 3473 in
1112 3419 1308 3474 cadum
1372 3416 1572 3483 oculis,
1616 3414 1899 3480 Abercius,
1943 3429 2066 3468 cum

2173 3433 2328 3501 ἅγιον
2359 3430 2632 3490 τοσαύτην
2661 3426 2939 3483 θάλασσάν
2969 3440 3028 3476 τε
3063 3422 3160 3476 καὶ
3187 3422 3290 3491 γῆν
3318 3419 3385 3473 δι’
3409 3419 3576 3471 αὐτὸν
3607 3415 3741 3483 ἀγά-

496 3512 667 3566 Deum
702 3521 850 3566 esset
879 3520 1151 3580 precatus.
1195 3509 1426 3579 puellam
1461 3511 1658 3563 acriter
1692 3507 1951 3568 intuetur,
1988 3515 2064 3560 et:

2171 3523 2379 3592 γοι,τὸ
2402 3522 2559 3591 ὄμμα
2586 3522 2666 3582 είς
2709 3519 2972 3588 οὐρανοὺς
3045 3514 3256 3583 ἐπάρας
3313 3508 3595 3578 Ἀὁέρκιος
3650 3506 3742 3558 καὶ

494 3604 576 3659 Ab
604 3618 690 3667 ea,
746 3603 940 3672 inquit,
988 3603 1269 3672 egredere,
1323 3600 1554 3670 maligne
1607 3600 1842 3663 daemon,
1892 3596 2069 3666 ipsam

2171 3613 2611 3687 προσευξάμενος
2640 3610 2720 3683 τῷ
2751 3610 2889 3680 Θεῷ,
2914 3606 3083 3677 δριμύ
3109 3622 3167 3658 τε
3189 3607 3255 3675 τῇ
3289 3603 3425 3671 κόρῃ
3458 3598 3737 3669 ἑμϐλέπει,

496 3694 638 3749 nihil
675 3694 977 3749 oii'endens.
1013 3694 1129 3748 'i‘ibi
1174 3694 1277 3749 hoc
1319 3692 1475 3761 jubet
1522 3689 1773 3747 Christus
1817 3704 1988 3742 meus.
2017 3687 2067 3741 ιε

2172 3711 2266 3761 καὶ
2287 3704 2533 3772 Ἔξελθε,
2555 3705 2707 3775 φησι,
2727 3701 2955 3768 ταύτης,
2973 3698 3178 3767 πονηρὲ
3193 3697 3409 3765 δαῖμον.
3428 3691 3737 3746 Ἐπιτάσσει

497 3799 647 3849 vero,
676 3785 893 3841 leonina
940 3786 1026 3839 illa
1077 3785 1300 3838 audacia
1331 3783 1509 3836 statim
1556 3791 1762 3835 mutata
1801 3780 1854 3833 in
1888 3780 2067 3848 vulpis

2170 3816 2254 3853 σοι
2288 3797 2525 3869 Χριστὸς
2548 3798 2575 3849 ὁ
2602 3798 2758 3866 ὲμδς,
2795 3791 2962 3865 μηδὲν
3011 3788 3183 3858 αὐτὴν
3243 3784 3644 3857 λυμηνάμενος.
3679 3777 3735 3830 ’0

499 3875 895 3930 timiditatem:
949 3875 1153 3943 Adjuro
1201 3883 1252 3927 te
1304 3888 1402 3943 ego
1445 3887 1688 3942 quoque,
1738 3871 1936 3938 inquit,
1972 3884 2067 3940 per

2167 3894 2225 3946 δὲ
2252 3891 2413 3952 εὐθὺς
2444 3891 2506 3941 τδ
2532 3888 2797 3941 λεόντειον
2829 3884 3006 3937 ἐκεῖνο
3031 3881 3232 3952 θράσος
3262 3880 3342 3940 είς
3369 3877 3581 3930 δειλίαν
3605 3870 3736 3926 ἁλώ-

495 3970 671 4040 ipsum
719 3970 1032 4033 Christum,
1084 3984 1153 4023 ne
1195 3983 1283 4023 me
1341 3969 1523 4023 mittas
1577 3969 1630 4022 in
1689 3968 2061 4030 soiitudincm,

2168 3999 2335 4044 πεκος
2371 3977 2821 4049 μεταϐεϐληκὼς,
2863 3972 3099 4045 Ὁρκίζω
3146 3987 3208 4024 σε
3236 3967 3562 4038 κὰγὼ,ἑφη,
3605 3962 3738 4018 κατὰ

494 4078 674 4131 reque
708 4062 875 4116 nilum
904 4062 1070 4115 alium
1101 4061 1300 4124 locum.
1330 4061 1432 4114 nisi
1458 4060 1511 4113 in
1546 4076 1695 4121 eum,
1747 4059 1800 4113 in
1831 4075 1939 4129 quo
1971 4060 2069 4113 ba-

2167 4073 2261 4126 τοῦ
2289 4071 2456 4126 αὒτοῦ
2490 4067 2754 4140 Χριστοῦ,
2782 4064 2857 4138 μὴ
2888 4067 2970 4127 είς
3002 4062 3242 4133 ἐρημίαν
3270 4078 3360 4131 με,
3390 4060 3467 4129 μὴ
3494 4060 3577 4120 εἰς
3620 4056 3733 4107 ἓτε-

493 4156 751 4209 bitabam.
786 4152 1016 4206 Sanctus
1070 4161 1252 4207 autem
1287 4169 1301 4205 :
1340 4152 1530 4205 Abibis
1582 4151 1822 4219 quidem,
1868 4149 2063 4218 inquit,

2171 4181 2263 4236 ρον
2295 4162 2622 4230 ἀποπέμψαι
2653 4159 2852 4212 τόπον’
2878 4155 2995 4209 ἀλλ’
3042 4154 3173 4206 ἔνθα
3221 4153 3285 4222 δὴ
3335 4152 3431 4204 καὶ
3480 4149 3738 4220 πρότερον

492 4259 600 4299 non
644 4243 695 4296 in
744 4242 1115 4306 solitudinem,
1151 4240 1247 4294 sed
1293 4241 1345 4292 in
1374 4240 1549 4294 locum
1596 4247 1900 4307 paternum.
1936 4237 2066 4290 Pro-

2166 4256 2366 4325 ῷκουν.
2391 4253 2500 4307 Καὶ
2534 4251 2623 4303 τὸν
2655 4250 2811 4318 ἅγιον
2832 4265 2847 4279 ⁸
2885 4244 3191 4314 Ἀπελεύσῃ
3245 4242 3343 4312 μὲν
3375 4241 3475 4295 οὐκ
3500 4244 3582 4299 εἰς
3618 4242 3736 4306 ὲρη-

492 4347 681 4407 pterea
716 4343 918 4398 autem,
952 4335 1094 4402 quod
1126 4350 1214 4388 me
1239 4333 1415 4388 fecisti
1448 4333 1631 4387 videre
1666 4331 1914 4395 Romam,
1949 4331 2065 4400 ipse

2171 4348 2321 4415 μίαν,
2352 4342 2466 4398 ἀλλ’
2496 4342 2578 4403 εἰς
2626 4339 2717 4392 τδν
2772 4338 2937 4391 τόπον
2993 4336 3083 4389 τὸν
3119 4334 3409 4402 πατρικόν.
3450 4328 3594 4383 Ἀνθ“
3620 4327 3736 4378 ὅτου

491 4439 711 4495 quoque
747 4424 839 4477 tibi
886 4423 1056 4492 jnben
1100 4423 1155 4476 in
1185 4422 1424 4486 {nomine
1474 4422 1626 4483 ἔθευ,
1656 4430 1714 4475 ut
1743 4420 1883 4475 hanc
1914 4435 2063 4474 aram

2167 4437 2223 4490 δέ
2251 4452 2315 4504 με
2350 4435 2445 4489 καὶ
2469 4434 2568 4502 τὴν
2604 4432 2833 4499 Ῥώμην
2859 4429 2990 4481 ἰδεῖν
3024 4425 3309 4492 ἐποίησας,
3345 4421 3620 4474 ὲπιτάττω
3657 4432 3732 4467 σοι

496 4520 671 4582 tollas,
703 4519 773 4588 (ei
798 4531 961 4571 manu
991 4517 1284 4571 ostendens
1312 4532 1457 4569 aram
1504 4512 1793 4586 lapideam)
1839 4524 1893 4569 et
1925 4516 2065 4570 feras
2099 4546 2128 4601 ε

2103 4546 2141 4601 D
2172 4525 2264 4577 καὶ
2294 4523 2456 4585 αὐτὸς
2490 4521 2652 4578 πάλιν
2685 4522 2742 4571 ὲν
2767 4516 2842 4587 τῷ
2900 4516 3124 4585 ὀνόματι
3165 4513 3342 4584 Ἰησοῦ
3407 4512 3499 4563 τὸν
3564 4505 3735 4601 βωμὸν

493 4626 667 4680 usque
718 4611 785 4665 ad
853 4625 1027 4664 meam
1078 4608 1403 4677 Hierapolim
1459 4616 1515 4663 et
1579 4617 1786 4663 statuas
1847 4616 2067 4676 propter
2101 4592 2125 4601 ’

2101 4592 2133 4601 ﬁ
2170 4616 2356 4667 τοῦτον
2389 4611 2521 4685 ἆραι
2573 4610 2774 4681 (δείξας
2805 4606 2953 4676 αὐτῷ
2995 4608 3060 4676 τῇ
3108 4604 3253 4675 χειρὶ¹
3294 4600 3476 4672 βωμὸν
3518 4592 3730 4657 λίθινον)

492 4711 703 4770 portam
748 4702 1070 4755 australem.
1107 4699 1330 4754 Audivit
1358 4699 1592 4758 daemon.
1635 4705 1691 4750 et
1736 4696 1917 4750 statim
1947 4706 2066 4750 tan-

2174 4709 2340 4776 μέχρι
2369 4721 2429 4758 τε
2471 4703 2827 4773 Ἱεραπόλεως
2858 4700 2959 4766 τῆς
2993 4698 3136 4768 ὲμῆς
3164 4697 3435 4764 ἐνεγκεῖν,
3463 4693 3559 4744 καὶ
3594 4686 3734 4754 παρᾶ

490 4807 652 4860 qttam
683 4806 894 4852 servus,
919 4791 1010 4859 qui
1040 4789 1293 4844 tcrrribib‘
1316 4789 1536 4843 domino
1568 4787 1757 4843 didicit
1787 4787 1982 4842 cedere
2009 4786 2063 4839 in

2170 4803 2235 4870 τῇ
2296 4799 2458 4869 νοτίῳ
2522 4799 2743 4866 φέροντι
2796 4791 3154 4863 παραστῆσαι
3205 4787 3371 4857 πύλῃ.
3396 4784 3664 4838 Ἤκουσεν
3699 4780 3725 4829 ό

492 4884 766 4946 omnibus,
800 4883 1008 4938 recedit
1050 4883 1266 4951 quidem
1298 4889 1327 4934 a
1354 4882 1551 4949 puella,
1596 4880 1731 4934 nihil
1761 4880 1812 4934 ei
1842 4878 2067 4934 omnino

2169 4889 2400 4959 δαίμων,
2424 4887 2518 4941 καὶ
2534 4887 2697 4948 εὐθὺς
2726 4878 2813 4937 οἷα
2838 4882 3026 4942 δοῦλος
3053 4878 3273 4949 (ροσερῷ
3301 4876 3540 4947 δεσπότῃ
3566 4872 3728 4926 πάντα

492 4974 617 5027 mali
647 4973 874 5026 faciens.
903 4972 1111 5025 Deinde
1141 4971 1625 5025 innumerabiiibus
1667 4971 1841 5024 oculis
1881 4968 2067 5023 viden-

2169 4981 2415 5035 ὑπείκειν
2432 4976 2864 5046 πεπαιδευμένος
2886 4971 3292 5027 ἀπαλλάττεται
3319 4970 3418 5040 μὲν
3436 4971 3531 5036 τῆς
3551 4965 3726 5033 κόρηε,

493 5066 640 5118 tibus
695 5066 766 5134 (0
814 5062 935 5133 quis
981 5073 1070 5116 tua
1123 5061 1305 5117 omnia
1350 5076 1459 5113 non
1520 5061 1914 5119 admirabitur.
1970 5074 2066 5113 rex

2172 5046 2308 5148 μηδ’.
2346 5073 2523 5128 ὁτιοῦν
2596 5070 2766 5141 αὐτὴν
2825 5068 3029 5137 δράσας
3083 5064 3276 5119 κακόν.
3333 5057 3465 5114 Εἶτα
3530 5055 3725 5126 μυρίων

491 5155 708 5210 Christe
724 5154 768 5222 ?)
798 5169 948 5207 aram
977 5153 1140 5213 subit,
1166 5164 1223 5206 et
1266 5151 1405 5205 tollit
1452 5150 1688 5220 graviter
1730 5163 1979 5218 gemens,
2013 5156 2069 5201 et

2166 5168 2420 5238 ὁρώντων
2459 5164 2724 5235 ὀμμάτων
2759 5159 2827 5231 (ὣ
2854 5159 2936 5221 τίς
2975 5158 3050 5228 μὴ
3085 5156 3358 5225 θαυμάσει
3403 5170 3496 5205 σου
3536 5151 3724 5209 πάντα,

493 5248 690 5301 transit
719 5261 816 5315 per
866 5243 1100 5298 medium
1135 5241 1587 5312 llippodromum,
1630 5239 1794 5310 (quod
1847 5240 2067 5308 quidem

2168 5259 2370 5331 Χριστὲ
2397 5254 2617 5328 βασιλεῦ
2639 5256 2678 5323 ;)
2709 5254 3012 5324 ὑπέρχεται
3066 5249 3159 5300 τὸν
3201 5246 3386 5316 βωμὸν
3439 5245 3532 5298 aut
3582 5242 3723 5294 ἀναι-

490 5338 668 5390 visum
705 5344 788 5390 est
814 5347 1015 5388 novum
1042 5331 1304 5385 Romanis
1329 5330 1726 5399 Spectat-nium)
1761 5339 1814 5383 et
1840 5328 2067 5400 deponit

2171 5328 2365 5420 ρείται,
2393 5349 2531 5419 βαρὺ
2566 5345 2847 5410 στενάξας,
2876 5343 2970 5396 καὶ
2992 5341 3159 5395 δίεισε
3194 5339 3284 5391 διὰ
3331 5336 3426 5390 τοῦ
3465 5331 3728 5420 Ἱπποδρῇ

492 5427 764 5498 Ιιῖειτπιιοιί
797 5427 855 5482 Ῐη
885 5426 1355 5495 ¹⁰ί’⁰·1)¹’ωδιίι¹¹¹⁰·
2175 5419 2277 5512 μου
2295 5441 2502 5512 (καινὸν
2540 5439 2604 5509 δὴ
2650 5438 2809 5491 τοῦτο
2857 5435 3042 5504 θέαμα
3112 5428 3461 5499 Ῥωμαίοις),
3520 5430 3611 5478 καὶ
3656 5419 3727 5486 τῷ

2169 5534 2461 5607 ὡρισμένῳ
2486 5532 2668 5603 φέρων
2699 5527 3045 5597 ἐναποτίθησι
3085 5526 3233 5594 τόπῳ
3255 5523 3396 5577 κατὰ
3438 5521 3532 5591 τὴν
3576 5511 3726 5584 Ἱερά-

2170 5640 2288 5685 πολι
2296 5644 2343 5684 ν.

569 5760 589 5796 ⁸
615 5760 758 5817 ιἐει.
790 5778 976 5829 utrm,
1006 5764 1058 5821 ὅ.
1139 5764 1158 5795 ⁸
1187 5764 1377 5819 Matth.
1419 5781 1470 5832 χ,
1500 5764 1553 5823 8..
