4132 6454
428 432 558 498 1241

1735 444 1777 498 Υ
1794 443 1910 502 ιίτΑ
1955 442 2017 499 8.
2059 442 2099 498 Α
2115 443 2389 505 BERCH.

3551 440 3685 503 1212

496 546 622 602 Kl".
653 546 720 601 Ἢ
743 546 800 602 δὲ
823 549 955 621 κόρη
976 549 1071 604 τοῦ
1104 552 1450 623 ἐνοχλοῦντος
1496 553 1874 620 ἀπαλλαγεῖσα
1899 550 1996 604 δαί-

2185 553 2376 611 XXIII.
2412 554 2594 611 Puella
2625 563 2808 610 autem
2842 555 3064 609 liberata
3091 568 3119 608 a
3150 554 3416 619 daemone,
3441 554 3531 624 qui
3562 571 3683 610 eam

426 655 608 708 μονος,
637 639 851 708 ἄφωνος
882 642 975 694 ἐπὶ
1007 644 1177 699 πολὺν
1224 647 1417 715 χρόνον
1457 648 1568 701 τῶν
1616 647 1792 699 ποδῶν
1823 647 2001 716 εἴχετο

420 728 519 782 τοῦ
550 730 711 797 ἁγίου
733 747 749 763 ο
791 731 819 784 ὃ
862 734 959 786 καὶ
986 734 1222 804 μάλιστα
1249 737 1350 808 τὴν
1382 740 1594 809 μητέρα
1622 740 1716 792 καὶ
1751 739 1877 802 τοὺς
1906 756 2001 790 πα-

424 821 623 887 ρόντας
684 821 959 894 ἐθορύϐει,
1013 826 1326 890 δεδοικότας
1360 829 1437 900 μὴ
1472 830 1568 883 καὶ
1610 830 1709 901 τὴν
1755 830 1935 900 ψυχὴν
1973 832 2002 884 ὁ

421 912 635 984 δαίμων
657 916 911 983 ἀφείλετο
951 920 1051 988 τῆς
1082 919 1288 984 παιδός.
1318 921 1433 991 Τὴν
1475 922 1661 991 μέντοι
1693 921 2001 976 Φαυστίναν

425 1005 502 1075 μὴ
527 1005 824 1078 δυνηθῆναι
862 1013 1038 1081 σιωπῇ
1070 1011 1232 1064 τοῦτο
1270 1013 1568 1082 διενεγκεῖν
1593 1056 1607 1081 ,
1631 1015 1768 1068 ἀλλὰ
1794 1016 2001 1086 μεστὴν

422 1096 662 1162 ἀγωνίας
684 1098 915 1169 ἔχουσαν
943 1101 1041 1171 τὴν
1072 1104 1319 1174 καρδίαν,
1340 1107 1478 1177 πρὸς
1501 1106 1590 1159 τὸν
1621 1106 1776 1175 ἅγιον
1798 1108 1965 1177 φάναι
1981 1123 1995 1138 ο

421 1182 498 1240 Ἦ
526 1205 630 1241 που
663 1190 802 1258 μετὰ
834 1192 930 1244 τοῦ
988 1193 1255 1264 δαίμονος
1306 1197 1626 1267 ἀπήλλαξας
1672 1199 1772 1266 τὴν
1830 1199 1999 1251 παῖδα

421 1279 517 1331 καὶ
552 1279 652 1348 τῆς
688 1281 854 1352 ζωῆς.
900 1283 964 1335 '0
991 1284 1047 1337 δὲ
1074 1285 1248 1349 οὕτως
1274 1289 1445 1360 αὐτὴν
1465 1289 1815 1362 διακειμένην
1849 1290 1997 1357 ίδὼν,

421 1370 516 1421 καὶ
554 1371 852 1441 οἰκτείρας,
875 1373 976 1446 τὴν
1004 1377 1160 1447 χεῖρα
1188 1379 1254 1449 τῇ
1289 1380 1442 1433 παιδὶ
1472 1384 1785 1449 προτείνας,
1806 1383 1998 1456 ὥσπερ

421 1461 528 1513 ὑπὸ
564 1461 724 1532 βαθεῖ
748 1464 901 1536 ὕπνῳ
949 1469 1420 1543 κατειλημμένην,
1472 1476 1752 1543 νήφουσαν
1793 1477 1999 1548 ἐγείρει

419 1555 516 1605 καὶ
554 1555 958 1624 σωφρονοῦσαν,
988 1561 1082 1615 καὶ
1114 1562 1249 1632 πρὸς
1278 1563 1379 1634 τὴν
1406 1566 1713 1621 Φαυστίναν
1733 1568 1998 1639 ἐπιστρα-

421 1644 578 1712 φεὶς,
626 1646 784 1713 Ἰδοὺ,
832 1651 990 1721 φησὶ,
1018 1654 1337 1725 παρέστηκέ
1371 1673 1452 1709 σοι
1493 1658 1847 1726 ὴπαῖς,οῠτε
1898 1663 1999 1733 τῆς

419 1735 570 1808 ζωῆς
604 1740 951 1811 στερηθεῖσα,
995 1746 1090 1798 καὶ
1136 1747 1235 1818 τῆς
1274 1748 1369 1800 τοῦ
1420 1748 1673 1820 δαίμονος
1734 1755 1998 1824 ἐπηρείας

418 1829 818 1898 ἀπαλλαγεῖσα.
852 1830 944 1895 Ὦς
978 1831 1071 1888 οὖν
1099 1836 1243 1890 οὕτω
1272 1838 1367 1905 τὴν
1390 1842 1556 1893 παῖδα
1581 1845 1613 1913 ἡ
1649 1843 1833 1916 μήτηρ
1866 1839 1997 1908 εἶδε,

417 1921 799 1992 περιϐαλοῦσα
832 1928 1070 1998 ταύτην,
1095 1931 1192 1983 καὶ
1221 1932 1433 2003 δάκρυα
1461 1938 1639 2005 χαρᾶς
1669 1938 1805 2009 αὐτῇ
1834 1955 2002 1991 κατα-

416 2012 613 2083 χέασα,
672 2018 910 2088 παρειάν
943 2035 1001 2071 τε
1043 2024 1253 2093 παρειᾷ
1302 2025 1568 2089 ἐπετίθει,
1623 2026 1716 2079 καὶ
1770 2026 1998 2097 στόματι

418 2103 615 2173 στόμα.
643 2105 800 2175 χερσί
828 2125 886 2160 τε
926 2109 1182 2164 ἐνέϐαλλε
1220 2114 1432 2183 χεῖρας,
1460 2116 1556 2168 καὶ
1608 2115 1796 2186 ὥσπερ
1849 2115 2000 2169 ἔνδον

413 2193 601 2247 λαϐεῖν
623 2197 722 2250 καὶ
755 2202 937 2271 γυμνῇ
980 2200 1120 2273 αὐτῇ
1156 2206 1518 2272 συγγενέσθαι
1549 2210 1615 2277 τῇ
1641 2209 1788 2278 ψυχῇ
1814 2208 1999 2279 γλιχο-

419 2285 582 2354 μένη,
606 2287 705 2340 οὐκ
730 2284 877 2358 εἶχεν
904 2290 936 2343 ὅ
974 2307 1026 2344 τι
1059 2293 1154 2346 καὶ
1182 2297 1415 2362 γένοιτο.
1454 2298 1672 2369 Ἐπειδῆ
1701 2299 1758 2352 δὲ
1795 2298 2000 2363 ἱκανῶς

416 2376 554 2447 αὐτῇ
587 2377 686 2448 ήδη
715 2378 783 2433 τὰ
816 2382 954 2451 πρὸς
984 2384 1084 2454 τὴν
1115 2386 1280 2439 παῖδα
1319 2383 1486 2458 εἶχεν,
1515 2389 1670 2459 ἠξίου
1719 2392 1813 2447 τὸν
1856 2391 2000 2446 θεῖον

430 2470 711 2541 Ἀϐέρκιον
766 2474 1079 2546 θερμότατα
1131 2478 1253 2533 λίαν
1308 2482 1584 2553 ήβτσιλὶς
1618 2487 1695 2556 μὴ
1730 2488 2001 2558 παραιτή-

416 2563 615 2618 σασθαι
646 2567 778 2635 παρ’
805 2569 1022 2639 ἐκείνης
1055 2570 1242 2626 λαϐεῖν
1271 2575 1528 2646 ἀμοιϐὴν,
1558 2572 1702 2651 ᾗτινι
1754 2579 1999 2649 μεγάλης

413 2653 589 2720 οὕτως
617 2658 781 2724 αὐτὸς
811 2663 907 2714 καὶ
948 2664 1264 2732 ἀναγκαίας
1304 2667 1516 2738 ὑπῆρξε
1576 2670 1824 2740 χάριτος.
1853 2670 1914 2725 '0
1940 2672 1998 2729 δὲ

412 2750 714 2819 χρημάτων
749 2751 851 2821 μὲν
877 2754 999 2808 οὐδὲ
1042 2757 1267 2827 μνήμην
1307 2760 1552 2831 ἀτεχνῶς
1592 2762 1889 2833 ἠνέσχετοξ,
1918 2765 1999 2817 εί-

419 2839 602 2910 ρηκὼς
652 2843 737 2896 ὃτι
775 2844 843 2898 Τί
875 2846 1061 2917 δεήσοι
1088 2849 1391 2919 χρημάτων
1447 2844 1601 2925 ᾧπερ
1678 2853 1845 2925 ἄρτος
1905 2856 1997 2909 καὶ

416 2928 560 3000 ὕδωρ
618 2932 909 2999 πολυτελὲς
963 2936 1224 3007 aptat-0v;
1274 2942 1702 3013 οίκοδομηθῆναι
1735 2945 1792 2999 δὲ
1827 2947 1995 3017 βαλα-

413 3023 555 3075 νεῖον
578 3023 720 3077 αίτεῖ
751 3027 846 3079 ἐπὶ
876 3027 953 3098 τῷ
984 3030 1138 3100 παρὰ
1168 3032 1416 3100 ποταμὸν
1445 3035 1626 3104 ἀγρῷ,
1649 3034 1778 3089 ἔνθα
1808 3037 1997 3101 κλίνας

415 3114 577 3180 αὐτὸς
607 3116 676 3170 τὰ
729 3118 934 3186 γόνατα
973 3120 1201 3192 ηὔξατο,
1234 3127 1330 3178 καὶ
1365 3127 1399 3197 ἡ
1431 3126 1506 3196 γῆ
1563 3129 1750 3199 πηγὰς
1785 3130 1997 3184 ὑδάτων

2026 1887 2074 1947 Β

2106 648 2352 712 vexabat,
2388 659 2531 703 muta
2562 649 2722 719 longo
2755 656 2997 717 tempore
3044 646 3224 701 tenuit
3265 647 3435 701 sancti
3472 647 3681 717 pedes:

2104 739 2247 807 quod
2279 749 2528 805 matrem,
2566 750 2619 795 ct
2668 754 2783 806 eos,
2842 739 2932 810 qui
2976 740 3223 802 aderant,
3274 740 3509 794 maxime
3551 755 3685 794 cou-

2105 827 2378 893 turhabal,
2423 828 2679 882 timentes
2728 844 2800 882 ne
2850 828 3047 898 puellae
3094 827 3329 882 animam
3366 829 3687 907 abstulisset

2104 917 2335 971 daemon.
2378 916 2636 973 Faustina
2688 928 2870 973 autem
2924 934 3032 972 non
3065 919 3246 989 potuit
3291 921 3396 975 hoc
3432 920 3572 974 ferre
3608 919 3683 973 si-

2104 1004 2270 1062 lentio
2301 1027 2314 1062 :
2345 1009 2437 1063 sed
2471 1010 2676 1065 habens
2706 1026 2801 1064 cor
2840 1010 3060 1075 plenum
3115 1010 3348 1066 tristitia
3394 1019 3450 1064 et
3483 1024 3685 1080 angore
3772 1074 3777 1077 τ

2102 1100 2293 1162 animi.
2343 1102 2481 1155 dixit
2552 1100 2976 1156 zancto:Certe
3037 1116 3162 1156 cum
3219 1102 3467 1157 dzcmone
3517 1102 3681 1155 vitam

2103 1208 2316 1263 quoque
2348 1193 2597 1247 ademisti
2632 1194 2775 1248 filim.
2805 1194 2901 1248 Ille
2927 1204 3108 1248 autem
3143 1210 3267 1249 cum
3297 1210 3417 1249 eam
3456 1196 3686 1251 vidisset

2104 1285 2188 1338 sic
2219 1283 2491 1348 aﬂectam,
2522 1293 2576 1337 et
2595 1285 2715 1353 ejus
2747 1293 2895 1339 esset
2930 1285 3215 1350 misertus,
3236 1286 3426 1357 puellae
3461 1302 3683 1340 manum

2105 1377 2384 1447 praebens,
2436 1385 2692 1448 tanquam
2766 1377 3038 1446 profundo
3095 1391 3289 1432 somno
3340 1391 3683 1446 Oppressam,

2102 1482 2221 1523 eam
2254 1467 2385 1522 facit
2405 1483 2629 1537 surgere
2663 1484 2808 1523 same
2848 1467 3048 1522 mentis
3076 1479 3406 1537 compotem.
3446 1468 3514 1522 Et
3554 1483 3687 1521 con-

2102 1576 2296 1617 versus
2341 1559 2408 1616 ad
2465 1561 2830 1617 Faustinam:
2889 1560 3053 1618 Ecce.
3114 1560 3330 1629 inquit,
3387 1560 3540 1614 adest
3591 1560 3682 1614 tibi

2101 1653 2287 1725 puella
2318 1668 2495 1723 neque
2517 1653 2624 1707 vita
2649 1653 2880 1722 privata,
2918 1659 2973 1706 et
2998 1651 3166 1705 libera
3199 1652 3267 1705 ab
3303 1651 3510 1705 insultu
3575 1650 3686 1707 dae-

2103 1746 2302 1802 monis.
2327 1745 2622 1815 Postquam
2655 1759 2786 1814 ergo
2820 1752 2995 1797 mater
3024 1743 3104 1797 sic
3150 1742 3286 1797 vidit
3337 1743 3529 1807 filiam,
3561 1758 3683 1797 eam

2106 1839 2408 1909 complexa,
2437 1848 2493 1893 et
2528 1852 2641 1910 pra:
2668 1839 2866 1909 gaudio
2900 1837 3137 1891 fundens
3165 1836 3455 1907 lacrymas,
3488 1848 3681 1904 genam

2101 1945 2251 2002 genus
2279 1929 2563 2000 imposuit,
2592 1939 2647 1983 et
2676 1944 2738 1984 os
2771 1928 2877 1991 ori,
2924 1934 2981 1981 et
3009 1926 3260 1981 manibus
3304 1940 3501 1981 manus
3547 1940 3681 1979 con-

2102 2021 2290 2082 seruit,
2322 2029 2379 2076 et
2414 2020 2584 2076 veluti
2632 2019 2862 2089 cupiens
2914 2033 3035 2074 eam
3093 2017 3425 2073 intrinsecus
3484 2032 3684 2086 appre-

2103 2112 2366 2175 hendere,
2393 2118 2450 2166 et
2476 2126 2599 2167 cum
2626 2111 2773 2165 nuda
2811 2109 2927 2179 ipsa
2957 2107 3216 2177 congredi
3245 2108 3444 2170 anima.
3468 2107 3684 2162 nescie-

2100 2206 2194 2261 bat
2240 2205 2372 2274 quid
2426 2215 2638 2276 ageret.
2693 2204 2829 2260 Cum
2864 2213 3047 2258 autem
3081 2201 3261 2274 puella
3305 2202 3528 2272 quidem
3570 2203 3683 2272 jam

2101 2305 2250 2352 recte
2285 2310 2344 2350 se
2381 2294 2633 2361 haberet,
2673 2293 2922 2349 divinum
2969 2292 3264 2348 Abercium
3312 2292 3685 2348 vehementis-

2100 2388 2239 2443 sime
2267 2386 2480 2457 rogavit
2505 2384 2847 2455 imperatrix,
2882 2399 2953 2439 ne
2994 2392 3290 2441 recusaret
3310 2383 3380 2438 ab
3423 2399 3486 2439 ea
3538 2383 3685 2439 acci-

2098 2491 2232 2547 pere
2280 2474 2804 2539 remunerationem,
2851 2474 2940 2530 cui
2970 2473 3089 2545 ipse
3121 2474 3223 2529 fuit
3261 2489 3428 2531 causa
3476 2490 3671 2546 magna

2099 2576 2155 2623 et
2182 2566 2503 2622 necessariae
2533 2566 2744 2637 gratiae.
2774 2565 2870 2621 ille
2918 2574 3103 2621 autem
3139 2566 3392 2637 pecunia:
3420 2582 3491 2621 ne
3522 2569 3685 2623 διιειί-

2098 2663 2219 2716 nuit
2248 2661 2470 2732 quidem
2516 2661 2681 2716 ullam
2716 2660 2840 2737 ﬁeri
2878 2661 3236 2726 mentionem,
3271 2660 3500 2716 dicens:
3536 2660 3677 2727 Quid

2098 2754 2148 2809 ei
2179 2769 2315 2823 opus
2340 2752 2505 2808 fuerit
2532 2752 2798 2824 pecuniis,
2831 2751 2920 2806 cui
2960 2752 3115 2821 panis
3154 2761 3211 2831 et
3257 2766 3395 2823 aqua
3433 2763 3518 2809 est
3562 2754 3682 2808 lal—

2100 2854 2213 2900 tum
2263 2855 2319 2901 et
2367 2846 2713 2917 magniﬁcum
2767 2843 3097 2914 prandium?
3169 2842 3316 2898 Petit
3368 2851 3571 2909 autem,
3623 2853 3685 2900 ut

2098 2953 2269 3008 prope
2299 2936 2632 3006 Hierapolim
2665 2942 2979 2989 exstruatur
3010 2934 3265 2988 balneum
3302 2934 3357 2989 in
3391 2950 3543 3006 agro,
3589 2936 3685 3003 qui

2098 3040 2182 3087 est
2215 3040 2436 3101 propter
2466 3029 2720 3093 fluvium,
2755 3026 2845 3082 ubi
2872 3026 2991 3096 ipse
3022 3027 3198 3081 oravit
3227 3025 3381 3082 ﬂexis
3430 3028 3681 3100 genibus,

2099 3127 2153 3173 et
2199 3129 2342 3174 terra
2386 3116 2572 3172 emisit
2606 3115 2786 3170 fontes
2833 3128 3099 3183 aquarum
3131 3113 3475 3179 calidarum;
3527 3126 3584 3170 et
3624 3124 3688 3171 ut

415 3207 584 3280 ἀνῆκε
620 3210 841 3279 θερμῶν
864 3227 879 3242 ⁸
911 3214 1224 3284 σιτηρέσιόν
1249 3235 1308 3271 τε
1344 3220 1458 3281 τοῖς
1485 3221 1543 3273 ὲν
1577 3221 1645 3290 τῇ
1682 3208 1839 3275 πόλει
1895 3225 1992 3276 αύ-

2100 3209 2382 3275 mendicis,
2433 3208 2527 3278 qui
2575 3214 2735 3262 erant
2773 3204 2830 3259 in
2876 3216 2941 3257 ea
2987 3203 3232 3269 civitate,
3278 3204 3548 3260 darentur
3600 3214 3687 3261 ter

411 3299 508 3352 τοῦ
559 3306 797 3373 πτωχοῖς
854 3306 936 3369 εἰς
998 3308 1330 3378 τρισχιλίους
1372 3311 1588 3380 μοδίους
1624 3312 1988 3384 άποταγῆναι.

485 3395 612 3447 KA'.
643 3394 862 3450 Τούτων
895 3399 927 3468 ή
964 3399 1178 3470 βασιλὶς
1216 3403 1335 3471 ἅμα
1357 3421 1416 3457 τε
1449 3404 1796 3476 ἧκουσε,’κα¹ι
1821 3406 1994 3478 ἀσμέ-

412 3503 517 3551 νως
549 3488 787 3557 ἁρπάζει
809 3488 871 3543 τὺ
896 3492 1140 3564 αίτηθὲν.
1170 3494 1539 3565 Κορνηλιανόν
1574 3514 1633 3549 τε
1667 3500 1761 3552 τὸν
1814 3499 1992 3572 ἔπαρκ

411 3596 508 3648 χον
534 3581 609 3642 ὡς
650 3580 812 3650 τάχος
843 3585 1236 3651 μετακαλεῖται
1265 3587 1369 3653 καὶ,
1384 3588 1621 3658 σπουδὴν
1656 3590 1838 3643 πᾶσαν
1865 3592 1989 3644 εισ-

412 3674 655 3740 ενεγκεῖν
688 3675 823 3743 πρὸς
842 3666 918 3728 τὰ
937 3675 1227 3746 αἰτηθέντα
1248 3677 1484 3744 κελεύει,
1507 3677 1647 3733 ὥστε
1680 3679 1757 3751 μὴ
1783 3683 1995 3753 ἀμϐλῦ-

412 3779 502 3815 ναι
529 3763 628 3834 τὴν
657 3765 818 3835 χάριν
844 3765 955 3819 τῶν
983 3767 1193 3838 ταχέως
1242 3767 1652 3839 ὑποσχεθέντων
1698 3771 1993 3844 βραδυτῆτι

412 3855 711 3919 διακονίας.
736 3856 891 3911 Οὕτω
939 3861 1099 3933 φύσει
1150 3858 1246 3913 καὶ
1303 3863 1468 3917 πάθει
1490 3866 1668 3934 ψυχῆς
1700 3866 1748 3918 οἱ
1779 3865 1994 3935 ἄνθρω-

412 3963 505 4001 ποι
534 3949 646 4009 τοῖς
673 3945 890 4000 ὀκνοῦσι
922 3949 1020 4012 τὰς
1045 3950 1257 4021 δωρεὰς
1294 3953 1495 4021 μᾶλλον
1525 3953 1557 4024 ἢ
1587 3956 1701 4017 τοῖς
1744 3954 1879 4024 πρὸς
1933 3954 1995 4007 τὸ

411 4037 601 4093 λαϐεῖν
628 4039 870 4110 ἑτοίμοις
897 4041 1136 4111 ἡδόμεθα
1186 4043 1541 4114 χαριζόμενοι
1569 4045 1697 4110 τοὺς
1756 4045 1857 4114 μὲν
1905 4045 1994 4100 διὰ

409 4132 472 4185 τὸ
503 4131 696 4201 ἥττους
744 4132 973 4199 ὁρᾶσθαι
1001 4133 1110 4185 τῶν
1163 4133 1456 4202 διδομένων
1504 4135 1992 4207 περιφρονοῦντες,

410 4223 521 4278 τῶν
548 4223 606 4276 δὲ
634 4224 695 4276 τὸ
730 4224 937 4294 ὑψηλὸν
962 4224 1358 4296 ἀσπαζόμενοι.
1406 4227 1464 4280 '0
1510 4227 1754 4299 ἔπαρχος
1787 4230 1996 4299 μέντοι,

413 4315 690 4388 μελλήσας
723 4317 898 4382 οὐδὲν,
926 4318 1017 4370 τὸν
1034 4320 1395 4389 ἀρχιτέκτονα
1421 4321 1559 4391 πρὸς
1588 4322 1681 4373 τὸν
1702 4322 1822 4375 κατ’
1857 4324 1999 4376 ἐκεῖ·

412 4425 472 4462 νο
506 4410 700 4481 καιροῦ
722 4410 961 4480 ἄρχοντα
976 4412 1216 4483 Φρυγίας
1233 4413 1533 4484 ἐκπέμπει,
1556 4415 1642 4483 ἐφ’
1664 4409 1709 4484 ᾧ
1737 4418 1999 4487 χρήματα

411 4500 598 4555 λαϐεῖν
630 4501 764 4572 παρ’
814 4501 981 4555 αὑτοῦ
1016 4503 1150 4572 πρὸς
1194 4503 1296 4575 τὴν
1326 4503 1421 4558 τοῦ
1458 4504 1745 4575 βαλανείου
1783 4509 1993 4562 οίκοδο-

415 4591 544 4660 μὴν,
563 4592 687 4644 ὅσον
708 4591 902 4656 δέοιτο,
934 4593 1026 4647 καὶ
1059 4594 1275 4664 μοδίους
1320 4597 1433 4660 τοῖς
1485 4599 1545 4650 ὲν
1584 4599 1650 4669 τῇ
1690 4598 1993 4669 Ἱεραπόλει

413 4684 607 4752 πένησι
656 4684 991 4755 τρισχιλίους
1018 4685 1304 4755 ἀπονέμει.
1349 4687 1572 4760 Ἐπειδὴ
1596 4689 1654 4742 δὲ
1685 4691 1781 4743 καὶ
1808 4692 1870 4744 τὸ
1892 4691 1992 4761 βα-

410 4776 621 4832 λανεῖον
653 4776 1104 4846 οἰκοδομούμενον
1132 4775 1285 4839 τέλος
1330 4774 1502 4847 εἶχεν,
1545 4779 1648 4833 ούκ
1700 4779 1782 4832 ἔτι
1809 4781 1870 4833 τὸ
1898 4782 1993 4834 ἀπ’

411 4870 622 4925 ἐκείνου
644 4871 797 4938 παρὰ
816 4868 1058 4939 ποταμὸν
1083 4868 1416 4939 Ἀγρὸς,άλλ’
1456 4869 1647 4941 Ἀγρὸς
1674 4871 1894 4941 θερμῶν
1915 4871 1993 4940 τῷ

411 4966 567 5034 τόπῳ
595 4964 657 5015 τὸ
683 4963 856 5032 ὄνομα
876 4979 890 4993 ’
919 4961 1013 5016 καὶ
1042 4962 1102 5014 τὸ
1137 4963 1447 5033 σιτηρέσιον
1470 4962 1525 5016 δὲ
1552 4964 1794 5033 διέμεινε
1834 4981 1997 5033 χορη-

411 5058 679 5128 γούμενον
732 5057 838 5121 ἕως
859 5056 967 5110 τῶν
1008 5055 1294 5110 Ἰουλιανοῦ
1311 5055 1519 5125 χρόνων
1543 5058 1639 5110 τοῦ
1662 5057 1988 5121 δυσσεϐοῦς.

425 5150 665 5213 Ἐκεῖνος
712 5150 791 5214 δὲ,
822 5149 1074 5222 καθάπερ
1130 5150 1240 5202 τῶν
1285 5150 1461 5204 ἄλλων
1490 5149 1715 5216 ἀγαθῶν
1753 5151 1993 5215 πάντων,

412 5242 557 5297 οὕτω
588 5242 655 5315 δὴ
695 5244 786 5295 καὶ
826 5241 1020 5294 τούτου
1064 5242 1339 5312 φθονήσας
1387 5242 1755 5310 Χριστιανοῖς,
1776 5241 1873 5314 τὴν
1904 5260 1997 5313 χο-

415 5336 616 5408 ρηγίαν
641 5334 802 5397 εὐθὺς
835 5334 1070 5405 ἵστησιν-

488 5605 621 5660 ΚΕ’.
657 5603 718 5656 '0
750 5601 894 5665 θεῖος
947 5601 1240 5671 τοιγαροῦν
1281 5599 1587 5671 Ἀϐἐρκιος,
1614 5601 1683 5654 ἵν’
1716 5603 1802 5656 ἐπ’
1830 5604 1995 5660 αὖτὶν

417 5694 752 5763 ιπανίωμεν,
776 5690 1076 5758 Ῥωμαίοις
1106 5691 1298 5762 χρόνον
1338 5690 1523 5744 ἱκανὸν
1573 5693 1994 5764 συγγενόμενος,

412 5787 515 5843 ,καὶ
543 5786 636 5841 τὸν
660 5784 974 5853 ὑγιαίνοντα
1000 5783 1103 5853 τῆς
1170 5784 1410 5848 πίστεως
1451 5783 1610 5855 λόγον
1650 5786 1995 5856 Χριστιανῶν

422 5879 696 5950 παραδοὺς
715 5878 1052 5951 ἐκκλησίαις,
1070 5878 1202 5951 όναρ
1220 5878 1347 5936 ποτε
1368 5878 1459 5934 τὸν
1477 5878 1680 5953 Κύριον
1697 5881 1997 5941 ἐπιστάντα

2094 3304 2242 3357 mille
2272 3302 2437 3357 modii
2476 3299 2761 3356 frumenti.

2164 3393 2355 3449 XXIV.
2397 3394 2519 3448 IIer
2561 3393 2724 3448 simul
2770 3403 2935 3464 atque
2986 3392 3196 3448 audivit
3241 3390 3587 3461 imperatrix,
3624 3388 3690 3443 li-

2091 3487 2286 3542 bcnter
2327 3484 2600 3549 concedit,
2645 3485 2790 3554 quod
2839 3484 3021 3539 fuerat
3055 3482 3284 3554 petitum
3323 3501 3336 3537 :
3375 3493 3428 3536 et
3473 3481 3685 3536 Corne-

2095 3578 2299 3631 lianum
2326 3575 2601 3646 ’praetorio
2633 3573 2950 3645 prafectum
2991 3574 3391 3644 quamprimum
3433 3572 3685 3637 accersit,

2094 3678 2148 3723 et
2181 3666 2340 3736 jubet
2390 3667 2457 3721 ad
2502 3680 2564 3719 ea
2599 3664 2927 3736 praestanda,
2952 3680 3073 3734 quae
3121 3672 3249 3719 sunt
3289 3662 3480 3732 petita,
3524 3676 3688 3717 omne

2095 3756 2360 3821 adhibere
2418 3755 2679 3821 studium,
2737 3770 2808 3810 ne
2859 3755 2970 3809 cito
3021 3753 3415 3825 promissorum
3461 3753 3687 3822 gratiam

2096 3850 2317 3905 hebetet
2365 3858 2421 3904 et
2471 3849 2726 3905 obscuret
2782 3849 3010 3903 tarditas
3066 3846 3374 3900 ministerii.
3431 3845 3561 3899 Tale
3603 3854 3688 3899 est

2098 3940 2380 3997 hominum
2414 3941 2713 4012 ingenium,
2765 3950 2821 3993 et
2868 3941 2941 3993 ita
2981 3947 3109 3993 sunt
3151 3939 3353 3993 affecti.
3390 3938 3462 3992 lis
3511 3938 3688 3992 liben-

2100 4035 2209 4090 tius
2239 4033 2628 4104 gratilicamur,
2653 4036 2745 4102 qui
2775 4033 2918 4087 dona
2946 4031 3198 4086 dubitant
3221 4031 3491 4098 accipere,
3521 4045 3683 4098 quam

2098 4127 2188 4192 iis,
2216 4126 2308 4196 qui
2338 4137 2471 4183 sunt
2498 4125 2737 4198 prompti
2770 4126 2837 4180 ad
2870 4124 3247 4195 accipiendum
3284 4140 3299 4176 :
3333 4123 3433 4176 hos
3467 4124 3687 4192 quidem

2097 4221 2485 4290 despicientes,
2537 4219 2683 4289 quod
2727 4218 3020 4272 videantur
3055 4215 3185 4270 victi
3237 4231 3266 4268 a
3314 4214 3684 4268 muneribus:

2101 4315 2320 4369 illorum
2374 4321 2557 4367 autem
2597 4312 2993 4380 amplectentes
3033 4308 3200 4364 animi
3232 4306 3684 4377 magnitudinem.

2099 4404 2399 4460 Praefectus
2451 4413 2634 4459 autem
2666 4404 2905 4474 praetorii
2946 4402 3081 4458 nihil
3132 4411 3446 4463 cunctatus,
3489 4397 3690 4454 emittit

2100 4498 2458 4554 architectum
2505 4496 2572 4548 ad
2620 4496 2907 4564 prtesidem
2950 4494 3236 4565 Phrygia),
3287 4491 3381 4561 qui
3425 4499 3542 4545 erat
3592 4489 3684 4543 illo

2101 4599 2368 4658 tempore,
2397 4595 2456 4640 ut
2478 4587 2743 4655 pecunias
2782 4589 2851 4641 ab
2890 4602 2956 4641 eo
2982 4586 3276 4655 acciperet,
3309 4584 3526 4652 quantis
3547 4596 3687 4650 opus

2095 4695 2216 4739 erat
2236 4684 2305 4738 ad
2337 4680 2591 4737 balnequ
2620 4678 3017 4733 exstruendum
3052 4692 3067 4729 :
3102 4683 3158 4730 et
3186 4684 3271 4730 ter
3300 4674 3449 4728 mille
3475 4673 3686 4727 modios

2097 4773 2358 4830 frumenti
2398 4770 2753 4826 distribueret
2785 4768 3142 4839 pauperibus,
3181 4766 3273 4835 qui
3304 4776 3460 4821 erant
3491 4765 3684 4819 Hiera-

2094 4868 2228 4940 poli.
2272 4866 2563 4936 Postquam
2612 4872 2794 4919 autem
2841 4862 2942 4917 fuit
2980 4859 3266 4930 impositus
3303 4856 3428 4912 finis
3465 4857 3683 4923 balneo,

2094 4960 2239 5031 quod
2282 4958 2674 5021 aediﬁcabatur,
2720 4955 2788 5011 ab
2834 4955 2924 5011 illo
2960 4963 3203 5024 tempore
3242 4967 3349 5006 non
3390 4949 3687 5004 vocabatur

2096 5052 2332 5122 amplius
2361 5052 2515 5107 locus
2568 5049 2659 5104 ille
2708 5052 2874 5118 Ager,
2921 5045 3015 5117 qui
3054 5053 3139 5100 est
3169 5052 3395 5115 propter
3434 5041 3684 5105 fluvium,

2097 5143 2193 5198 sed
2228 5143 2369 5213 Ager
2399 5141 2718 5197 calidarum.
2757 5138 2981 5193 Duravit
3012 5144 3195 5191 autem
3243 5134 3393 5188 illius
3426 5130 3685 5185 frumenti

2097 5234 2415 5290 distributio
2469 5245 2645 5302 usque
2701 5231 2768 5285 ad
2812 5239 3061 5299 tempora
3117 5225 3269 5296 impii
3316 5221 3541 5278 Juliani.
3590 5219 3687 5273 Ille

2097 5341 2358 5397 namque,
2385 5325 2662 5395 quomodo
2703 5322 2810 5378 alia
2839 5323 3005 5386 bona,
3044 5320 3117 5373 ita
3148 5319 3251 5373 hoc
3292 5328 3510 5386 quoque
3542 5311 3688 5365 invi-

2100 5420 2237 5475 dens
2298 5416 2623 5475 Christianis
2672 5416 2859 5471 statim
2912 5427 3129 5470 cessare
3190 5410 3320 5465 facit
3372 5404 3687 5476 suppedita-

2101 5515 2328 5567 tionem.
2682 5522 2688 5532 '

2169 5604 2333 5659 XXV.
2379 5602 2605 5658 Div-inus
2626 5614 2755 5672 ergo
2783 5599 3071 5664 Ahercius,
3106 5606 3166 5653 ut
3190 5598 3258 5653 ad
3288 5613 3412 5653 eum
3444 5608 3689 5655 reverta-

2099 5714 2242 5763 mur,
2304 5712 2429 5751 cum
2484 5695 2647 5766 longo
2695 5704 2942 5763 tempore
2997 5689 3193 5746 fuisset
3251 5698 3504 5746 versatus
3556 5706 3684 5747 cum

2099 5790 2373 5854 Romanis.
2406 5800 2463 5845 et
2492 5803 2678 5843 sanam
2708 5785 2829 5842 fidei
2858 5784 3122 5840 rationem
3154 5783 3468 5840 tradidisset
3496 5783 3683 5839 Eccle-

2104 5884 2198 5940 siis
2216 5881 2670 5948 Christianorum,
2697 5876 2843 5935 videt
2871 5874 3160 5948 aliquando
3182 5874 3234 5931 in
3263 5874 3475 5933 somnis
3491 5875 3682 5931 adesse
