  <div class='ocr_page' id='page_1' title='image "/cluster/home/n/w/nwhite01/storage/ocr_20150623/115:no.2/coo.31924054870195/629.png"; bbox 0 0 4132 6440; ppageno 0'>
   <div class='ocr_carea' id='block_1_1' title="bbox 505 382 645 448">
    <p class='ocr_par' dir='ltr' id='par_1_1' title="bbox 505 382 645 448">
     <span class='ocr_line' id='line_1_1' title="bbox 505 382 645 448; baseline 0.014 -2"><span class='ocrx_word' id='word_1_1' title='bbox 505 382 645 448; x_wconf 73' lang='grc'>1243</span> 
     </span>
    </p>
   </div>
   <div class='ocr_carea' id='block_1_2' title="bbox 1752 372 2477 439">
    <p class='ocr_par' dir='ltr' id='par_1_2' title="bbox 1752 372 2477 439">
     <span class='ocr_line' id='line_1_2' title="bbox 1752 372 2477 439; baseline 0 -1"><span class='ocrx_word' id='word_1_2' title='bbox 1752 412 1765 425; x_wconf 70' lang='grc' dir='ltr'><em>ι</em></span> <span class='ocrx_word' id='word_1_3' title='bbox 1794 375 2078 439; x_wconf 80' lang='lat' dir='ltr'><strong>MENSIS</strong></span> <span class='ocrx_word' id='word_1_4' title='bbox 2112 372 2477 438; x_wconf 77' lang='lat' dir='ltr'><strong>OCTOBER.</strong></span> 
     </span>
    </p>
   </div>
   <div class='ocr_carea' id='block_1_3' title="bbox 3633 373 3772 440">
    <p class='ocr_par' dir='ltr' id='par_1_3' title="bbox 3633 373 3772 440">
     <span class='ocr_line' id='line_1_3' title="bbox 3633 373 3772 440; baseline -0.022 0"><span class='ocrx_word' id='word_1_5' title='bbox 3633 373 3772 440; x_wconf 66' lang='lat' dir='ltr'><strong>12M</strong></span> 
     </span>
    </p>
   </div>
   <div class='ocr_carea' id='block_1_4' title="bbox 503 490 2083 564">
    <p class='ocr_par' dir='ltr' id='par_1_4' title="bbox 503 494 2083 564">
     <span class='ocr_line' id='line_1_4' title="bbox 503 494 2083 564; baseline -0.003 -17"><span class='ocrx_word' id='word_1_6' title='bbox 503 494 822 561; x_wconf 78' lang='lat' dir='ltr'><strong>Doruinum,</strong></span> <span class='ocrx_word' id='word_1_7' title='bbox 856 503 911 550; x_wconf 89' lang='lat' dir='ltr'><strong>et</strong></span> <span class='ocrx_word' id='word_1_8' title='bbox 940 494 1123 549; x_wconf 86' lang='lat' dir='ltr'><strong>dicere</strong></span> <span class='ocrx_word' id='word_1_9' title='bbox 1158 512 1170 548; x_wconf 90' lang='lat'><strong>:</strong></span> <span class='ocrx_word' id='word_1_10' title='bbox 1203 494 1456 564; x_wconf 92' lang='lat' dir='ltr'><strong>Oportet,</strong></span> <span class='ocrx_word' id='word_1_11' title='bbox 1493 509 1527 549; x_wconf 94' lang='lat' dir='ltr'><strong>o</strong></span> <span class='ocrx_word' id='word_1_12' title='bbox 1561 494 1779 556; x_wconf 78' lang='lat' dir='ltr'><strong>Aberci,</strong></span> <span class='ocrx_word' id='word_1_13' title='bbox 1818 503 1870 547; x_wconf 88' lang='lat' dir='ltr'><strong>te</strong></span> <span class='ocrx_word' id='word_1_14' title='bbox 1906 505 2083 545; x_wconf 83' lang='lat' dir='ltr'><strong>curam</strong></span> 
     </span>
    </p>
   </div>
   <div class='ocr_carea' id='block_1_5' title="bbox 2190 490 3769 564">
    <p class='ocr_par' dir='ltr' id='par_1_5' title="bbox 2194 490 3769 563">
     <span class='ocr_line' id='line_1_5' title="bbox 2194 490 3769 563; baseline 0 -17"><span class='ocrx_word' id='word_1_15' title='bbox 2194 495 2296 563; x_wconf 74' lang='grc' dir='ltr'><strong>ὁρᾷ</strong></span> <span class='ocrx_word' id='word_1_16' title='bbox 2328 495 2442 556; x_wconf 75' lang='grc' dir='ltr'>καὶ,</span> <span class='ocrx_word' id='word_1_17' title='bbox 2470 493 2564 545; x_wconf 84' lang='grc' dir='ltr'><strong>Δεῖ</strong></span> <span class='ocrx_word' id='word_1_18' title='bbox 2592 510 2675 556; x_wconf 88' lang='grc' dir='ltr'><strong>σε,</strong></span> <span class='ocrx_word' id='word_1_19' title='bbox 2714 491 2986 563; x_wconf 79' lang='grc' dir='ltr'>Ἀὁέρκιε,</span> <span class='ocrx_word' id='word_1_20' title='bbox 3035 491 3284 560; x_wconf 76' lang='grc' dir='ltr'>λέγοντα,</span> <span class='ocrx_word' id='word_1_21' title='bbox 3324 491 3418 546; x_wconf 70' lang='grc' dir='ltr'>καὶ</span> <span class='ocrx_word' id='word_1_22' title='bbox 3448 490 3556 543; x_wconf 82' lang='grc' dir='ltr'>τῶν</span> <span class='ocrx_word' id='word_1_23' title='bbox 3611 492 3673 547; x_wconf 74' lang='grc' dir='ltr'>ιν</span> <span class='ocrx_word' id='word_1_24' title='bbox 3704 495 3769 562; x_wconf 73' lang='grc' dir='ltr'>τῇ</span> 
     </span>
    </p>
   </div>
   <div class='ocr_carea' id='block_1_6' title="bbox 497 583 2090 657">
    <p class='ocr_par' dir='ltr' id='par_1_6' title="bbox 497 583 2090 657">
     <span class='ocr_line' id='line_1_6' title="bbox 497 583 2090 657; baseline -0.003 -18"><span class='ocrx_word' id='word_1_25' title='bbox 497 601 718 655; x_wconf 90' lang='lat' dir='ltr'><strong>quoque</strong></span> <span class='ocrx_word' id='word_1_26' title='bbox 771 600 962 657; x_wconf 90' lang='lat' dir='ltr'><strong>gerere</strong></span> <span class='ocrx_word' id='word_1_27' title='bbox 1015 584 1276 655; x_wconf 89' lang='lat' dir='ltr'><strong>partium,</strong></span> <span class='ocrx_word' id='word_1_28' title='bbox 1335 600 1456 655; x_wconf 68' lang='lat' dir='ltr'><strong>qua!</strong></span> <span class='ocrx_word' id='word_1_29' title='bbox 1512 593 1641 640; x_wconf 87' lang='lat' dir='ltr'><strong>sunt</strong></span> <span class='ocrx_word' id='word_1_30' title='bbox 1698 585 1750 639; x_wconf 92' lang='lat' dir='ltr'><strong>in</strong></span> <span class='ocrx_word' id='word_1_31' title='bbox 1816 583 1992 654; x_wconf 83' lang='lat' dir='ltr'><strong>Syria.</strong></span> <span class='ocrx_word' id='word_1_32' title='bbox 2046 584 2090 635; x_wconf 84' lang='lat' dir='ltr'><strong>A</strong></span> 
     </span>
    </p>
   </div>
   <div class='ocr_carea' id='block_1_7' title="bbox 496 677 2087 747">
    <p class='ocr_par' dir='ltr' id='par_1_7' title="bbox 496 677 2087 747">
     <span class='ocr_line' id='line_1_7' title="bbox 496 677 2087 747; baseline -0.003 -16"><span class='ocrx_word' id='word_1_33' title='bbox 496 690 695 731; x_wconf 87' lang='lat' dir='ltr'><strong>somno</strong></span> <span class='ocrx_word' id='word_1_34' title='bbox 726 692 854 747; x_wconf 86' lang='lat' dir='ltr'><strong>ergo</strong></span> <span class='ocrx_word' id='word_1_35' title='bbox 893 679 1180 743; x_wconf 84' lang='lat' dir='ltr'><strong>excitatus,</strong></span> <span class='ocrx_word' id='word_1_36' title='bbox 1209 677 1345 747; x_wconf 87' lang='lat' dir='ltr'><strong>petit</strong></span> <span class='ocrx_word' id='word_1_37' title='bbox 1370 677 1439 732; x_wconf 92' lang='lat' dir='ltr'><strong>ab</strong></span> <span class='ocrx_word' id='word_1_38' title='bbox 1467 677 1834 746; x_wconf 89' lang='lat' dir='ltr'><strong>imperatrice,</strong></span> <span class='ocrx_word' id='word_1_39' title='bbox 1873 686 1933 730; x_wconf 92' lang='lat' dir='ltr'><strong>ut</strong></span> <span class='ocrx_word' id='word_1_40' title='bbox 1961 689 2087 728; x_wconf 89' lang='lat' dir='ltr'><strong>cum</strong></span> 
     </span>
    </p>
   </div>
   <div class='ocr_carea' id='block_1_8' title="bbox 500 769 2087 825">
    <p class='ocr_par' dir='ltr' id='par_1_8' title="bbox 500 769 2087 825">
     <span class='ocr_line' id='line_1_8' title="bbox 500 769 2087 825; baseline -0.003 -1"><span class='ocrx_word' id='word_1_41' title='bbox 500 770 757 824; x_wconf 79' lang='lat' dir='ltr'><strong>dimittat.</strong></span> <span class='ocrx_word' id='word_1_42' title='bbox 798 769 893 823; x_wconf 91' lang='lat' dir='ltr'><strong>Illa</strong></span> <span class='ocrx_word' id='word_1_43' title='bbox 932 769 1076 824; x_wconf 89' lang='lat' dir='ltr'><strong>enim</strong></span> <span class='ocrx_word' id='word_1_44' title='bbox 1109 786 1233 825; x_wconf 91' lang='lat' dir='ltr'><strong>eum</strong></span> <span class='ocrx_word' id='word_1_45' title='bbox 1267 770 1545 825; x_wconf 90' lang='lat' dir='ltr'><strong>detinebat</strong></span> <span class='ocrx_word' id='word_1_46' title='bbox 1583 770 2087 824; x_wconf 60' lang='lat' dir='ltr'><strong>vehementissime,</strong></span> 
     </span>
    </p>
   </div>
   <div class='ocr_carea' id='block_1_9' title="bbox 499 859 2089 930">
    <p class='ocr_par' dir='ltr' id='par_1_9' title="bbox 499 859 2089 930">
     <span class='ocr_line' id='line_1_9' title="bbox 499 859 2089 930; baseline 0.001 -18"><span class='ocrx_word' id='word_1_47' title='bbox 499 859 698 913; x_wconf 87' lang='lat' dir='ltr'><strong>timens</strong></span> <span class='ocrx_word' id='word_1_48' title='bbox 727 874 794 913; x_wconf 93' lang='lat' dir='ltr'><strong>ne</strong></span> <span class='ocrx_word' id='word_1_49' title='bbox 825 869 1110 930; x_wconf 75' lang='lat' dir='ltr'><strong>postquam</strong></span> <span class='ocrx_word' id='word_1_50' title='bbox 1145 861 1232 914; x_wconf 90' lang='lat' dir='ltr'><strong>ille</strong></span> <span class='ocrx_word' id='word_1_51' title='bbox 1263 860 1644 927; x_wconf 88' lang='lat' dir='ltr'><strong>abscessisset,</strong></span> <span class='ocrx_word' id='word_1_52' title='bbox 1667 861 1976 915; x_wconf 88' lang='lat' dir='ltr'><strong>libertatem</strong></span> <span class='ocrx_word' id='word_1_53' title='bbox 2002 876 2089 914; x_wconf 78' lang='lat' dir='ltr'><strong>as-</strong></span> 
     </span>
    </p>
   </div>
   <div class='ocr_carea' id='block_1_10' title="bbox 498 949 2088 1016">
    <p class='ocr_par' dir='ltr' id='par_1_10' title="bbox 498 949 2088 1016">
     <span class='ocr_line' id='line_1_10' title="bbox 498 949 2088 1016; baseline 0.004 -15"><span class='ocrx_word' id='word_1_54' title='bbox 498 961 745 1003; x_wconf 86' lang='lat' dir='ltr'><strong>secutum</strong></span> <span class='ocrx_word' id='word_1_55' title='bbox 764 949 1121 1016; x_wconf 67' lang='lat' dir='ltr'><strong>daemonium,</strong></span> <span class='ocrx_word' id='word_1_56' title='bbox 1150 953 1313 1007; x_wconf 82' lang='lat' dir='ltr'><strong>ﬁliam</strong></span> <span class='ocrx_word' id='word_1_57' title='bbox 1340 969 1531 1010; x_wconf 87' lang='lat' dir='ltr'><strong>rursus</strong></span> <span class='ocrx_word' id='word_1_58' title='bbox 1556 954 1861 1009; x_wconf 90' lang='lat' dir='ltr'><strong>invaderet.</strong></span> <span class='ocrx_word' id='word_1_59' title='bbox 1891 953 2088 1008; x_wconf 80' lang='lat' dir='ltr'><strong>Verum</strong></span> 
     </span>
    </p>
   </div>
   <div class='ocr_carea' id='block_1_11' title="bbox 496 1041 2090 1116">
    <p class='ocr_par' dir='ltr' id='par_1_11' title="bbox 496 1041 2090 1116">
     <span class='ocr_line' id='line_1_11' title="bbox 496 1041 2090 1116; baseline 0.005 -24"><span class='ocrx_word' id='word_1_60' title='bbox 496 1041 562 1104; x_wconf 87' lang='lat' dir='ltr'><strong>is,</strong></span> <span class='ocrx_word' id='word_1_61' title='bbox 598 1057 746 1101; x_wconf 86' lang='lat' dir='ltr'><strong>cum.</strong></span> <span class='ocrx_word' id='word_1_62' title='bbox 797 1044 940 1113; x_wconf 92' lang='lat' dir='ltr'><strong>quod</strong></span> <span class='ocrx_word' id='word_1_63' title='bbox 986 1046 1051 1100; x_wconf 89' lang='lat' dir='ltr'><strong>ad</strong></span> <span class='ocrx_word' id='word_1_64' title='bbox 1085 1045 1137 1099; x_wconf 89' lang='lat' dir='ltr'><strong>id</strong></span> <span class='ocrx_word' id='word_1_65' title='bbox 1184 1046 1468 1109; x_wconf 87' lang='lat' dir='ltr'><strong>attinebat,</strong></span> <span class='ocrx_word' id='word_1_66' title='bbox 1502 1047 1754 1116; x_wconf 84' lang='lat' dir='ltr'><strong>jussisset</strong></span> <span class='ocrx_word' id='word_1_67' title='bbox 1800 1062 1921 1101; x_wconf 91' lang='lat' dir='ltr'><strong>eam</strong></span> <span class='ocrx_word' id='word_1_68' title='bbox 1970 1060 2090 1100; x_wconf 85' lang='lat' dir='ltr'><strong>esse</strong></span> 
     </span>
    </p>
   </div>
   <div class='ocr_carea' id='block_1_12' title="bbox 499 1129 2087 1207">
    <p class='ocr_par' dir='ltr' id='par_1_12' title="bbox 499 1129 2087 1207">
     <span class='ocr_line' id='line_1_12' title="bbox 499 1129 2087 1207; baseline 0.005 -24"><span class='ocrx_word' id='word_1_69' title='bbox 499 1129 646 1185; x_wconf 86' lang='lat' dir='ltr'><strong>bono</strong></span> <span class='ocrx_word' id='word_1_70' title='bbox 679 1133 886 1200; x_wconf 90' lang='lat' dir='ltr'><strong>animo,</strong></span> <span class='ocrx_word' id='word_1_71' title='bbox 923 1151 1115 1189; x_wconf 87' lang='lat' dir='ltr'><strong>rursus</strong></span> <span class='ocrx_word' id='word_1_72' title='bbox 1155 1137 1389 1207; x_wconf 84' lang='lat' dir='ltr'><strong>rogavit,</strong></span> <span class='ocrx_word' id='word_1_73' title='bbox 1428 1147 1480 1191; x_wconf 93' lang='lat' dir='ltr'><strong>ut</strong></span> <span class='ocrx_word' id='word_1_74' title='bbox 1531 1137 1683 1191; x_wconf 90' lang='lat' dir='ltr'><strong>navis</strong></span> <span class='ocrx_word' id='word_1_75' title='bbox 1724 1137 1823 1191; x_wconf 82' lang='lat' dir='ltr'><strong>sibi</strong></span> <span class='ocrx_word' id='word_1_76' title='bbox 1862 1152 2087 1206; x_wconf 86' lang='lat' dir='ltr'><strong>parare-</strong></span> 
     </span>
    </p>
   </div>
   <div class='ocr_carea' id='block_1_13' title="bbox 496 1227 2080 1299">
    <p class='ocr_par' dir='ltr' id='par_1_13' title="bbox 496 1227 2080 1299">
     <span class='ocr_line' id='line_1_13' title="bbox 496 1227 2080 1299; baseline 0.006 -25"><span class='ocrx_word' id='word_1_77' title='bbox 496 1231 606 1284; x_wconf 93' lang='lat' dir='ltr'><strong>tur,</strong></span> <span class='ocrx_word' id='word_1_78' title='bbox 646 1239 742 1291; x_wconf 84' lang='lat' dir='ltr'><strong>per</strong></span> <span class='ocrx_word' id='word_1_79' title='bbox 768 1240 932 1294; x_wconf 90' lang='lat' dir='ltr'><strong>quam</strong></span> <span class='ocrx_word' id='word_1_80' title='bbox 967 1227 1032 1281; x_wconf 88' lang='lat' dir='ltr'><strong>ad</strong></span> <span class='ocrx_word' id='word_1_81' title='bbox 1063 1237 1247 1297; x_wconf 88' lang='lat' dir='ltr'><strong>partes</strong></span> <span class='ocrx_word' id='word_1_82' title='bbox 1290 1227 1460 1299; x_wconf 69' lang='lat' dir='ltr'><strong>Syriae</strong></span> <span class='ocrx_word' id='word_1_83' title='bbox 1496 1230 1800 1299; x_wconf 80' lang='lat' dir='ltr'><strong>navigaret.</strong></span> <span class='ocrx_word' id='word_1_84' title='bbox 1838 1230 2080 1285; x_wconf 85' lang='lat' dir='ltr'><strong>Tandem</strong></span> 
     </span>
    </p>
   </div>
   <div class='ocr_carea' id='block_1_14' title="bbox 493 1304 2087 1391">
    <p class='ocr_par' dir='ltr' id='par_1_14' title="bbox 493 1304 2087 1391">
     <span class='ocr_line' id='line_1_14' title="bbox 493 1304 2087 1391; baseline 0.007 -25"><span class='ocrx_word' id='word_1_85' title='bbox 493 1328 625 1383; x_wconf 77' lang='lat' dir='ltr'><strong>ergo</strong></span> <span class='ocrx_word' id='word_1_86' title='bbox 660 1329 924 1383; x_wconf 88' lang='lat' dir='ltr'><strong>persuasa</strong></span> <span class='ocrx_word' id='word_1_87' title='bbox 956 1317 1023 1371; x_wconf 91' lang='lat' dir='ltr'><strong>ab</strong></span> <span class='ocrx_word' id='word_1_88' title='bbox 1054 1304 1202 1373; x_wconf 84' lang='lat' dir='ltr'><strong>illius</strong></span> <span class='ocrx_word' id='word_1_89' title='bbox 1235 1320 1577 1377; x_wconf 85' lang='lat' dir='ltr'><strong>assiduitate.</strong></span> <span class='ocrx_word' id='word_1_90' title='bbox 1610 1321 1766 1391; x_wconf 88' lang='lat' dir='ltr'><strong>jubet</strong></span> <span class='ocrx_word' id='word_1_91' title='bbox 1799 1321 2087 1377; x_wconf 85' lang='lat' dir='ltr'><strong>Cornelia-</strong></span> 
     </span>
    </p>
   </div>
   <div class='ocr_carea' id='block_1_15' title="bbox 493 1409 2086 1482">
    <p class='ocr_par' dir='ltr' id='par_1_15' title="bbox 493 1409 2086 1482">
     <span class='ocr_line' id='line_1_15' title="bbox 493 1409 2086 1482; baseline 0.009 -26"><span class='ocrx_word' id='word_1_92' title='bbox 493 1420 624 1458; x_wconf 90' lang='lat' dir='ltr'><strong>num</strong></span> <span class='ocrx_word' id='word_1_93' title='bbox 660 1409 707 1460; x_wconf 89' lang='lat' dir='ltr'><strong>ei</strong></span> <span class='ocrx_word' id='word_1_94' title='bbox 752 1423 946 1476; x_wconf 86' lang='lat' dir='ltr'><strong>parare</strong></span> <span class='ocrx_word' id='word_1_95' title='bbox 977 1410 1277 1481; x_wconf 80' lang='lat' dir='ltr'><strong>navigium,</strong></span> <span class='ocrx_word' id='word_1_96' title='bbox 1315 1423 1370 1466; x_wconf 88' lang='lat' dir='ltr'><strong>et</strong></span> <span class='ocrx_word' id='word_1_97' title='bbox 1401 1429 1522 1482; x_wconf 69' lang='lat' dir='ltr'><strong>quae</strong></span> <span class='ocrx_word' id='word_1_98' title='bbox 1560 1424 1719 1469; x_wconf 79' lang='lat' dir='ltr'><strong>erant</strong></span> <span class='ocrx_word' id='word_1_99' title='bbox 1748 1416 2086 1477; x_wconf 84' lang='lat' dir='ltr'><strong>necessaria,</strong></span> 
     </span>
    </p>
   </div>
   <div class='ocr_carea' id='block_1_16' title="bbox 491 1498 2081 1574">
    <p class='ocr_par' dir='ltr' id='par_1_16' title="bbox 491 1498 2081 1574">
     <span class='ocr_line' id='line_1_16' title="bbox 491 1498 2081 1574; baseline 0.008 -26"><span class='ocrx_word' id='word_1_100' title='bbox 491 1498 899 1565; x_wconf 77' lang='lat' dir='ltr'><strong>quamprimum</strong></span> <span class='ocrx_word' id='word_1_101' title='bbox 943 1499 1244 1570; x_wconf 90' lang='lat' dir='ltr'><strong>imponere.</strong></span> <span class='ocrx_word' id='word_1_102' title='bbox 1294 1502 1430 1556; x_wconf 85' lang='lat' dir='ltr'><strong>Cum</strong></span> <span class='ocrx_word' id='word_1_103' title='bbox 1483 1518 1612 1574; x_wconf 84' lang='lat' dir='ltr'><strong>ergo</strong></span> <span class='ocrx_word' id='word_1_104' title='bbox 1658 1505 1709 1558; x_wconf 87' lang='lat' dir='ltr'><strong>ei</strong></span> <span class='ocrx_word' id='word_1_105' title='bbox 1763 1503 1819 1557; x_wconf 90' lang='lat' dir='ltr'><strong>in</strong></span> <span class='ocrx_word' id='word_1_106' title='bbox 1862 1514 2081 1573; x_wconf 89' lang='lat' dir='ltr'><strong>portum</strong></span> 
     </span>
    </p>
   </div>
   <div class='ocr_carea' id='block_1_17' title="bbox 494 1585 2089 1665">
    <p class='ocr_par' dir='ltr' id='par_1_17' title="bbox 494 1585 2089 1665">
     <span class='ocr_line' id='line_1_17' title="bbox 494 1585 2089 1665; baseline 0.009 -27"><span class='ocrx_word' id='word_1_107' title='bbox 494 1585 729 1641; x_wconf 77' lang='lat' dir='ltr'><strong>deducta</strong></span> <span class='ocrx_word' id='word_1_108' title='bbox 784 1599 928 1643; x_wconf 88' lang='lat' dir='ltr'><strong>esset</strong></span> <span class='ocrx_word' id='word_1_109' title='bbox 979 1592 1157 1654; x_wconf 83' lang='lat' dir='ltr'><strong>navis,</strong></span> <span class='ocrx_word' id='word_1_110' title='bbox 1210 1592 1358 1647; x_wconf 85' lang='lat' dir='ltr'><strong>illam</strong></span> <span class='ocrx_word' id='word_1_111' title='bbox 1399 1594 1800 1661; x_wconf 68' lang='lat' dir='ltr'><strong>conscendens,</strong></span> <span class='ocrx_word' id='word_1_112' title='bbox 1853 1598 2089 1665; x_wconf 81' lang='lat' dir='ltr'><strong>septimo</strong></span> 
     </span>
    </p>
   </div>
   <div class='ocr_carea' id='block_1_18' title="bbox 495 1674 2088 1759">
    <p class='ocr_par' dir='ltr' id='par_1_18' title="bbox 495 1674 2088 1759">
     <span class='ocr_line' id='line_1_18' title="bbox 495 1674 2088 1759; baseline 0.008 -27"><span class='ocrx_word' id='word_1_113' title='bbox 495 1674 586 1733; x_wconf 68' lang='lat' dir='ltr'><strong>die</strong></span> <span class='ocrx_word' id='word_1_114' title='bbox 629 1680 996 1750; x_wconf 76' lang='lat' dir='ltr'><strong>navigationis</strong></span> <span class='ocrx_word' id='word_1_115' title='bbox 1036 1686 1290 1753; x_wconf 80' lang='lat' dir='ltr'><strong>pervenit</strong></span> <span class='ocrx_word' id='word_1_116' title='bbox 1340 1687 1392 1740; x_wconf 91' lang='lat' dir='ltr'><strong>in</strong></span> <span class='ocrx_word' id='word_1_117' title='bbox 1448 1685 1683 1756; x_wconf 79' lang='lat' dir='ltr'><strong>Syriam.</strong></span> <span class='ocrx_word' id='word_1_118' title='bbox 1737 1687 1801 1744; x_wconf 84' lang='lat' dir='ltr'><strong>Et</strong></span> <span class='ocrx_word' id='word_1_119' title='bbox 1849 1690 2088 1759; x_wconf 90' lang='lat' dir='ltr'><strong>primum</strong></span> 
     </span>
    </p>
   </div>
   <div class='ocr_carea' id='block_1_19' title="bbox 2193 578 3772 655">
    <p class='ocr_par' dir='ltr' id='par_1_19' title="bbox 2193 578 3772 655">
     <span class='ocr_line' id='line_1_19' title="bbox 2193 578 3772 655; baseline 0.001 -20"><span class='ocrx_word' id='word_1_120' title='bbox 2193 585 2364 655; x_wconf 81' lang='grc' dir='ltr'>Συρίᾳ</span> <span class='ocrx_word' id='word_1_121' title='bbox 2395 585 2680 655; x_wconf 80' lang='grc' dir='ltr'>φροντίσαι</span> <span class='ocrx_word' id='word_1_122' title='bbox 2707 584 2912 654; x_wconf 85' lang='grc' dir='ltr'>μερῶν.</span> <span class='ocrx_word' id='word_1_123' title='bbox 2953 583 3197 643; x_wconf 71' lang='grc' dir='ltr'>’Λνεθεὶς</span> <span class='ocrx_word' id='word_1_124' title='bbox 3226 578 3320 637; x_wconf 75' lang='grc' dir='ltr'><strong>οὖν</strong></span> <span class='ocrx_word' id='word_1_125' title='bbox 3348 582 3443 636; x_wconf 83' lang='grc' dir='ltr'>τοῦ</span> <span class='ocrx_word' id='word_1_126' title='bbox 3462 581 3659 646; x_wconf 80' lang='grc' dir='ltr'>ὕπνου,</span> <span class='ocrx_word' id='word_1_127' title='bbox 3684 586 3772 636; x_wconf 80' lang='grc' dir='ltr'><strong>αι-</strong></span> 
     </span>
    </p>
   </div>
   <div class='ocr_carea' id='block_1_20' title="bbox 2192 675 3775 747">
    <p class='ocr_par' dir='ltr' id='par_1_20' title="bbox 2192 675 3775 747">
     <span class='ocr_line' id='line_1_20' title="bbox 2192 675 3775 747; baseline -0.001 -18"><span class='ocrx_word' id='word_1_128' title='bbox 2192 680 2278 730; x_wconf 85' lang='grc' dir='ltr'>τεῑ</span> <span class='ocrx_word' id='word_1_129' title='bbox 2302 677 2401 747; x_wconf 78' lang='grc' dir='ltr'><strong>τὴν</strong></span> <span class='ocrx_word' id='word_1_130' title='bbox 2453 676 2706 746; x_wconf 79' lang='grc' dir='ltr'><strong>βασιλίδα</strong></span> <span class='ocrx_word' id='word_1_131' title='bbox 2755 679 3001 746; x_wconf 75' lang='grc' dir='ltr'>μεθεῖναι</span> <span class='ocrx_word' id='word_1_132' title='bbox 3055 677 3254 731; x_wconf 81' lang='grc' dir='ltr'>αὐτόν’</span> <span class='ocrx_word' id='word_1_133' title='bbox 3308 676 3617 746; x_wconf 74' lang='grc' dir='ltr'>περιείχετο</span> <span class='ocrx_word' id='word_1_134' title='bbox 3666 675 3775 744; x_wconf 82' lang='grc' dir='ltr'><strong>γὰρ</strong></span> 
     </span>
    </p>
   </div>
   <div class='ocr_carea' id='block_1_21' title="bbox 2190 768 3774 840">
    <p class='ocr_par' dir='ltr' id='par_1_21' title="bbox 2190 768 3774 840">
     <span class='ocr_line' id='line_1_21' title="bbox 2190 768 3774 840; baseline -0.003 -17"><span class='ocrx_word' id='word_1_135' title='bbox 2190 773 2328 834; x_wconf 88' lang='grc' dir='ltr'>τέως</span> <span class='ocrx_word' id='word_1_136' title='bbox 2363 771 2695 840; x_wconf 80' lang='grc' dir='ltr'><strong>ἰσχυρότατα</strong></span> <span class='ocrx_word' id='word_1_137' title='bbox 2722 770 2819 824; x_wconf 82' lang='grc' dir='ltr'>τοῦ</span> <span class='ocrx_word' id='word_1_138' title='bbox 2851 769 3062 840; x_wconf 72' lang='grc' dir='ltr'>ἀνδρὸς,</span> <span class='ocrx_word' id='word_1_139' title='bbox 3092 770 3361 823; x_wconf 82' lang='grc' dir='ltr'>δεδοικυῖα</span> <span class='ocrx_word' id='word_1_140' title='bbox 3394 769 3470 838; x_wconf 81' lang='grc' dir='ltr'>μὴ</span> <span class='ocrx_word' id='word_1_141' title='bbox 3505 770 3647 837; x_wconf 72' lang='grc' dir='ltr'>μετὰ</span> <span class='ocrx_word' id='word_1_142' title='bbox 3674 768 3774 838; x_wconf 81' lang='grc' dir='ltr'>τὴν</span> 
     </span>
    </p>
   </div>
   <div class='ocr_carea' id='block_1_22' title="bbox 2191 858 3776 929">
    <p class='ocr_par' dir='ltr' id='par_1_22' title="bbox 2191 858 3776 929">
     <span class='ocr_line' id='line_1_22' title="bbox 2191 858 3776 929; baseline -0.001 -16"><span class='ocrx_word' id='word_1_143' title='bbox 2191 862 2404 915; x_wconf 77' lang='grc' dir='ltr'>ἐκείνου</span> <span class='ocrx_word' id='word_1_144' title='bbox 2468 860 2777 929; x_wconf 71' lang='grc' dir='ltr'><strong>ἀποδημίαν</strong></span> <span class='ocrx_word' id='word_1_145' title='bbox 2832 860 3017 924; x_wconf 83' lang='grc' dir='ltr'>ἀδείας</span> <span class='ocrx_word' id='word_1_146' title='bbox 3065 858 3225 929; x_wconf 68' lang='grc' dir='ltr'>τυχὸν</span> <span class='ocrx_word' id='word_1_147' title='bbox 3259 858 3319 911; x_wconf 75' lang='grc' dir='ltr'>τὸ</span> <span class='ocrx_word' id='word_1_148' title='bbox 3348 859 3649 925; x_wconf 81' lang='grc' dir='ltr'>δαιμόνιον,</span> <span class='ocrx_word' id='word_1_149' title='bbox 3678 861 3776 929; x_wconf 76' lang='grc' dir='ltr'><strong>ἐμ-</strong></span> 
     </span>
    </p>
   </div>
   <div class='ocr_carea' id='block_1_23' title="bbox 2191 950 3776 1024">
    <p class='ocr_par' dir='ltr' id='par_1_23' title="bbox 2191 950 3776 1024">
     <span class='ocr_line' id='line_1_23' title="bbox 2191 950 3776 1024; baseline -0.003 -17"><span class='ocrx_word' id='word_1_150' title='bbox 2191 956 2408 1024; x_wconf 81' lang='grc' dir='ltr'>πηδήσῃ</span> <span class='ocrx_word' id='word_1_151' title='bbox 2441 954 2601 1010; x_wconf 77' lang='grc' dir='ltr'>πάλιν</span> <span class='ocrx_word' id='word_1_152' title='bbox 2622 955 2688 1023; x_wconf 75' lang='grc' dir='ltr'>τῇ</span> <span class='ocrx_word' id='word_1_153' title='bbox 2715 951 2970 1023; x_wconf 84' lang='grc' dir='ltr'>θυγατρί.</span> <span class='ocrx_word' id='word_1_154' title='bbox 2996 951 3056 1003; x_wconf 82' lang='lat'><strong>&#39;0</strong></span> <span class='ocrx_word' id='word_1_155' title='bbox 3084 951 3165 1012; x_wconf 80' lang='grc' dir='ltr'><strong>δὲ.</strong></span> <span class='ocrx_word' id='word_1_156' title='bbox 3183 950 3453 1022; x_wconf 59' lang='grc' dir='ltr'>θαρρεῖτε</span> <span class='ocrx_word' id='word_1_157' title='bbox 3481 950 3679 1003; x_wconf 80' lang='grc' dir='ltr'>τούτου</span> <span class='ocrx_word' id='word_1_158' title='bbox 3714 968 3776 1019; x_wconf 72' lang='grc' dir='ltr'>γε</span> 
     </span>
    </p>
   </div>
   <div class='ocr_carea' id='block_1_24' title="bbox 2189 1042 3779 1117">
    <p class='ocr_par' dir='ltr' id='par_1_24' title="bbox 2189 1042 3779 1117">
     <span class='ocr_line' id='line_1_24' title="bbox 2189 1042 3779 1117; baseline -0.004 -17"><span class='ocrx_word' id='word_1_159' title='bbox 2189 1048 2401 1114; x_wconf 78' lang='grc' dir='ltr'>ἕνεκεν,</span> <span class='ocrx_word' id='word_1_160' title='bbox 2431 1044 2689 1117; x_wconf 74' lang='grc' dir='ltr'>εἰρηκὼς,</span> <span class='ocrx_word' id='word_1_161' title='bbox 2727 1046 2899 1098; x_wconf 85' lang='grc' dir='ltr'>ὲδείτο</span> <span class='ocrx_word' id='word_1_162' title='bbox 2926 1045 3019 1098; x_wconf 74' lang='grc' dir='ltr'><strong>καὶ</strong></span> <span class='ocrx_word' id='word_1_163' title='bbox 3051 1042 3206 1106; x_wconf 78' lang='grc' dir='ltr'>αὖθις</span> <span class='ocrx_word' id='word_1_164' title='bbox 3233 1044 3365 1096; x_wconf 80' lang='grc' dir='ltr'>ναῦν</span> <span class='ocrx_word' id='word_1_165' title='bbox 3398 1043 3545 1112; x_wconf 75' lang='grc' dir='ltr'><strong>αὐτῷ</strong></span> <span class='ocrx_word' id='word_1_166' title='bbox 3598 1060 3779 1114; x_wconf 79' lang='grc' dir='ltr'>παρα-</span> 
     </span>
    </p>
   </div>
   <div class='ocr_carea' id='block_1_25' title="bbox 2193 1134 3778 1211">
    <p class='ocr_par' dir='ltr' id='par_1_25' title="bbox 2193 1134 3778 1211">
     <span class='ocr_line' id='line_1_25' title="bbox 2193 1134 3778 1211; baseline -0.004 -18"><span class='ocrx_word' id='word_1_167' title='bbox 2193 1140 2584 1211; x_wconf 76' lang='grc' dir='ltr'>σκευασθῆναι,</span> <span class='ocrx_word' id='word_1_168' title='bbox 2603 1139 2671 1192; x_wconf 85' lang='grc' dir='ltr'>δι’</span> <span class='ocrx_word' id='word_1_169' title='bbox 2702 1134 2769 1210; x_wconf 83' lang='grc' dir='ltr'>ἦς</span> <span class='ocrx_word' id='word_1_170' title='bbox 2806 1139 2899 1190; x_wconf 73' lang='grc' dir='ltr'><strong>ἐπὶ</strong></span> <span class='ocrx_word' id='word_1_171' title='bbox 2930 1137 2997 1192; x_wconf 83' lang='grc' dir='ltr'><strong>τὰ</strong></span> <span class='ocrx_word' id='word_1_172' title='bbox 3028 1137 3128 1206; x_wconf 82' lang='grc' dir='ltr'>τῆς</span> <span class='ocrx_word' id='word_1_173' title='bbox 3158 1137 3359 1204; x_wconf 81' lang='grc' dir='ltr'><strong>Συρίας</strong></span> <span class='ocrx_word' id='word_1_174' title='bbox 3384 1137 3640 1188; x_wconf 74' lang='grc' dir='ltr'>πλεύσειε</span> <span class='ocrx_word' id='word_1_175' title='bbox 3679 1136 3778 1205; x_wconf 90' lang='grc' dir='ltr'>μέ-</span> 
     </span>
    </p>
   </div>
   <div class='ocr_carea' id='block_1_26' title="bbox 2192 1226 3777 1303">
    <p class='ocr_par' dir='ltr' id='par_1_26' title="bbox 2192 1226 3777 1303">
     <span class='ocr_line' id='line_1_26' title="bbox 2192 1226 3777 1303; baseline -0.004 -17"><span class='ocrx_word' id='word_1_176' title='bbox 2192 1249 2282 1303; x_wconf 84' lang='grc' dir='ltr'><strong>ρη.</strong></span> <span class='ocrx_word' id='word_1_177' title='bbox 2312 1232 2485 1294; x_wconf 81' lang='grc' dir='ltr'><strong>Μόλις</strong></span> <span class='ocrx_word' id='word_1_178' title='bbox 2517 1226 2611 1284; x_wconf 81' lang='grc' dir='ltr'><strong>οὖν</strong></span> <span class='ocrx_word' id='word_1_179' title='bbox 2643 1246 2773 1283; x_wconf 86' lang='grc' dir='ltr'>ποτε</span> <span class='ocrx_word' id='word_1_180' title='bbox 2806 1230 2903 1282; x_wconf 69' lang='grc' dir='ltr'><strong>καὶ</strong></span> <span class='ocrx_word' id='word_1_181' title='bbox 2928 1231 2993 1299; x_wconf 84' lang='grc' dir='ltr'>τῇ</span> <span class='ocrx_word' id='word_1_182' title='bbox 3027 1228 3197 1296; x_wconf 83' lang='grc' dir='ltr'>πολλῇ</span> <span class='ocrx_word' id='word_1_183' title='bbox 3231 1227 3520 1281; x_wconf 78' lang='grc' dir='ltr'>πεισθεῖσα</span> <span class='ocrx_word' id='word_1_184' title='bbox 3571 1245 3777 1297; x_wconf 81' lang='grc' dir='ltr'>προσε-</span> 
     </span>
    </p>
   </div>
   <div class='ocr_carea' id='block_1_27' title="bbox 2188 1318 3778 1394">
    <p class='ocr_par' dir='ltr' id='par_1_27' title="bbox 2188 1318 3778 1394">
     <span class='ocr_line' id='line_1_27' title="bbox 2188 1318 3778 1394; baseline -0.004 -17"><span class='ocrx_word' id='word_1_185' title='bbox 2188 1323 2334 1394; x_wconf 75' lang='grc' dir='ltr'>δρίᾳ,</span> <span class='ocrx_word' id='word_1_186' title='bbox 2379 1321 2592 1377; x_wconf 83' lang='grc' dir='ltr'>κελεύει</span> <span class='ocrx_word' id='word_1_187' title='bbox 2646 1319 3002 1391; x_wconf 82' lang='grc' dir='ltr'>Κορνηλιανῷ</span> <span class='ocrx_word' id='word_1_188' title='bbox 3057 1318 3241 1372; x_wconf 84' lang='grc' dir='ltr'>πλοῖόν</span> <span class='ocrx_word' id='word_1_189' title='bbox 3272 1336 3329 1371; x_wconf 90' lang='grc' dir='ltr'><strong>τε</strong></span> <span class='ocrx_word' id='word_1_190' title='bbox 3399 1319 3549 1386; x_wconf 81' lang='grc' dir='ltr'>αὐ.τῷ</span> <span class='ocrx_word' id='word_1_191' title='bbox 3586 1321 3778 1389; x_wconf 75' lang='grc' dir='ltr'>εὑτρε-</span> 
     </span>
    </p>
   </div>
   <div class='ocr_carea' id='block_1_28' title="bbox 2191 1407 3780 1497">
    <p class='ocr_par' dir='ltr' id='par_1_28' title="bbox 2191 1407 3780 1497">
     <span class='ocr_line' id='line_1_28' title="bbox 2191 1407 3780 1497; baseline -0.006 -28"><span class='ocrx_word' id='word_1_192' title='bbox 2191 1418 2369 1480; x_wconf 82' lang='grc' dir='ltr'>πίσαι,</span> <span class='ocrx_word' id='word_1_193' title='bbox 2397 1415 2492 1468; x_wconf 76' lang='grc' dir='ltr'>καὶ</span> <span class='ocrx_word' id='word_1_194' title='bbox 2524 1413 2592 1466; x_wconf 84' lang='grc' dir='ltr'><strong>τὰ</strong></span> <span class='ocrx_word' id='word_1_195' title='bbox 2627 1410 2911 1480; x_wconf 79' lang='grc' dir='ltr'>ἐπιτήδεια</span> <span class='ocrx_word' id='word_1_196' title='bbox 2940 1409 3021 1462; x_wconf 84' lang='grc' dir='ltr'>ὅτι</span> <span class='ocrx_word' id='word_1_197' title='bbox 3050 1410 3212 1479; x_wconf 86' lang='grc' dir='ltr'>τάχος</span> <span class='ocrx_word' id='word_1_198' title='bbox 3255 1408 3531 1497; x_wconf 74' lang='grc' dir='ltr'>ἐνθέσθαι.</span> <span class='ocrx_word' id='word_1_199' title='bbox 3560 1407 3780 1476; x_wconf 83' lang='grc' dir='ltr'>Καθορ-</span> 
     </span>
    </p>
   </div>
   <div class='ocr_carea' id='block_1_29' title="bbox 2193 1499 3779 1582">
    <p class='ocr_par' dir='ltr' id='par_1_29' title="bbox 2193 1499 3779 1582">
     <span class='ocr_line' id='line_1_29' title="bbox 2193 1499 3779 1582; baseline -0.008 -19"><span class='ocrx_word' id='word_1_200' title='bbox 2193 1508 2480 1582; x_wconf 85' lang='grc' dir='ltr'>μισθείσης</span> <span class='ocrx_word' id='word_1_201' title='bbox 2509 1503 2602 1560; x_wconf 79' lang='grc' dir='ltr'><strong>οὗν</strong></span> <span class='ocrx_word' id='word_1_202' title='bbox 2629 1504 2777 1574; x_wconf 81' lang='grc' dir='ltr'><strong>αὑτῷ</strong></span> <span class='ocrx_word' id='word_1_203' title='bbox 2806 1504 2906 1573; x_wconf 78' lang='grc' dir='ltr'>τῆς</span> <span class='ocrx_word' id='word_1_204' title='bbox 2936 1500 3070 1564; x_wconf 85' lang='grc' dir='ltr'>νεὼς</span> <span class='ocrx_word' id='word_1_205' title='bbox 3098 1501 3274 1571; x_wconf 71' lang='grc' dir='ltr'>ὲμδᾶς</span> <span class='ocrx_word' id='word_1_206' title='bbox 3304 1499 3508 1570; x_wconf 77' lang='grc' dir='ltr'>ὲὸδόμῃ</span> <span class='ocrx_word' id='word_1_207' title='bbox 3536 1502 3605 1569; x_wconf 80' lang='grc' dir='ltr'>τῇ</span> <span class='ocrx_word' id='word_1_208' title='bbox 3643 1499 3779 1569; x_wconf 75' lang='grc' dir='ltr'>πρὸς</span> 
     </span>
    </p>
   </div>
   <div class='ocr_carea' id='block_1_30' title="bbox 2189 1590 3782 1672">
    <p class='ocr_par' dir='ltr' id='par_1_30' title="bbox 2189 1590 3782 1672">
     <span class='ocr_line' id='line_1_30' title="bbox 2189 1590 3782 1672; baseline -0.011 -14"><span class='ocrx_word' id='word_1_209' title='bbox 2189 1605 2279 1658; x_wconf 78' lang='grc' dir='ltr'>τὸν</span> <span class='ocrx_word' id='word_1_210' title='bbox 2310 1602 2476 1657; x_wconf 77' lang='grc' dir='ltr'>πλοῦν</span> <span class='ocrx_word' id='word_1_211' title='bbox 2493 1601 2677 1672; x_wconf 71' lang='grc' dir='ltr'>ἡμέρᾳ</span> <span class='ocrx_word' id='word_1_212' title='bbox 2694 1600 2792 1669; x_wconf 84' lang='grc' dir='ltr'>τὴν</span> <span class='ocrx_word' id='word_1_213' title='bbox 2818 1596 3019 1670; x_wconf 77' lang='grc' dir='ltr'><strong>Συρίαν</strong></span> <span class='ocrx_word' id='word_1_214' title='bbox 3041 1593 3478 1664; x_wconf 76' lang='grc' dir='ltr'>καταλαμϐάνει.</span> <span class='ocrx_word' id='word_1_215' title='bbox 3499 1592 3611 1644; x_wconf 66' lang='grc' dir='ltr'><strong>Καὶ</strong></span> <span class='ocrx_word' id='word_1_216' title='bbox 3634 1590 3782 1660; x_wconf 75' lang='grc' dir='ltr'>πρῶ-</span> 
     </span>
    </p>
   </div>
   <div class='ocr_carea' id='block_1_31' title="bbox 2190 1683 3784 1766">
    <p class='ocr_par' dir='ltr' id='par_1_31' title="bbox 2190 1683 3784 1766">
     <span class='ocr_line' id='line_1_31' title="bbox 2190 1683 3784 1766; baseline -0.01 -16"><span class='ocrx_word' id='word_1_217' title='bbox 2190 1715 2258 1750; x_wconf 87' lang='grc' dir='ltr'><strong>τα</strong></span> <span class='ocrx_word' id='word_1_218' title='bbox 2293 1696 2391 1766; x_wconf 78' lang='grc' dir='ltr'><strong>μὲν</strong></span> <span class='ocrx_word' id='word_1_219' title='bbox 2421 1698 2487 1765; x_wconf 77' lang='grc' dir='ltr'>τῇ</span> <span class='ocrx_word' id='word_1_220' title='bbox 2536 1693 2854 1763; x_wconf 83' lang='grc' dir='ltr'>Ἀντιοχέων</span> <span class='ocrx_word' id='word_1_221' title='bbox 2884 1689 3174 1761; x_wconf 80' lang='grc' dir='ltr'>ἐπιδημεῖ·</span> <span class='ocrx_word' id='word_1_222' title='bbox 3202 1683 3320 1739; x_wconf 68' lang='grc' dir='ltr'>εἶτα</span> <span class='ocrx_word' id='word_1_223' title='bbox 3352 1685 3569 1755; x_wconf 79' lang='grc' dir='ltr'>δέχεται</span> <span class='ocrx_word' id='word_1_224' title='bbox 3592 1683 3784 1735; x_wconf 79' lang='grc' dir='ltr'>τοῦτον</span> 
     </span>
    </p>
   </div>
   <div class='ocr_carea' id='block_1_32' title="bbox 493 1772 2083 1882">
    <p class='ocr_par' dir='ltr' id='par_1_32' title="bbox 493 1772 2083 1851">
     <span class='ocr_line' id='line_1_32' title="bbox 493 1772 2083 1851; baseline 0.007 -27"><span class='ocrx_word' id='word_1_225' title='bbox 493 1772 716 1839; x_wconf 87' lang='lat' dir='ltr'><strong>quidem</strong></span> <span class='ocrx_word' id='word_1_226' title='bbox 770 1785 1021 1829; x_wconf 85' lang='lat' dir='ltr'><strong>versatur</strong></span> <span class='ocrx_word' id='word_1_227' title='bbox 1053 1775 1362 1834; x_wconf 67' lang='lat' dir='ltr'><strong>Antiochiae</strong></span> <span class='ocrx_word' id='word_1_228' title='bbox 1402 1796 1416 1833; x_wconf 88' lang='lat'><strong>:</strong></span> <span class='ocrx_word' id='word_1_229' title='bbox 1463 1779 1665 1835; x_wconf 90' lang='lat' dir='ltr'><strong>deinde</strong></span> <span class='ocrx_word' id='word_1_230' title='bbox 1711 1796 1837 1835; x_wconf 89' lang='lat' dir='ltr'><strong>cum</strong></span> <span class='ocrx_word' id='word_1_231' title='bbox 1883 1783 2083 1851; x_wconf 81' lang='lat' dir='ltr'><strong>excipit</strong></span> 
     </span>
    </p>
   </div>
   <div class='ocr_carea' id='block_1_33' title="bbox 2190 1772 3781 1882">
    <p class='ocr_par' dir='ltr' id='par_1_33' title="bbox 2204 1774 3781 1882">
     <span class='ocr_line' id='line_1_33' title="bbox 2204 1774 3781 1882; baseline -0.012 -39"><span class='ocrx_word' id='word_1_232' title='bbox 2204 1791 2479 1858; x_wconf 73' lang='grc' dir='ltr'>Ἀπὰμεια</span> <span class='ocrx_word' id='word_1_233' title='bbox 2501 1785 2751 1841; x_wconf 85' lang='grc' dir='ltr'>κάκεῖθεν</span> <span class='ocrx_word' id='word_1_234' title='bbox 2776 1782 2881 1837; x_wconf 79' lang='grc' dir='ltr'>ἐπὶ.</span> <span class='ocrx_word' id='word_1_235' title='bbox 2895 1781 2993 1845; x_wconf 85' lang='grc' dir='ltr'>τὰς</span> <span class='ocrx_word' id='word_1_236' title='bbox 3009 1779 3206 1842; x_wconf 77' lang='grc' dir='ltr'>λοιπὰς</span> <span class='ocrx_word' id='word_1_237' title='bbox 3235 1777 3553 1882; x_wconf 51' lang='grc' dir='ltr'>μεταϐαίνει</span> <span class='ocrx_word' id='word_1_238' title='bbox 3573 1774 3781 1878; x_wconf 72' lang='grc' dir='ltr'>πόλεις,</span> 
     </span>
    </p>
   </div>
   <div class='ocr_carea' id='block_1_34' title="bbox 494 1866 2086 1946">
    <p class='ocr_par' dir='ltr' id='par_1_34' title="bbox 494 1866 2086 1946">
     <span class='ocr_line' id='line_1_34' title="bbox 494 1866 2086 1946; baseline 0.01 -29"><span class='ocrx_word' id='word_1_239' title='bbox 494 1866 734 1932; x_wconf 78' lang='lat' dir='ltr'><strong>Apamea</strong></span> <span class='ocrx_word' id='word_1_240' title='bbox 778 1886 791 1922; x_wconf 89' lang='lat'><strong>:</strong></span> <span class='ocrx_word' id='word_1_241' title='bbox 834 1878 887 1924; x_wconf 86' lang='lat' dir='ltr'><strong>cl</strong></span> <span class='ocrx_word' id='word_1_242' title='bbox 929 1869 1079 1925; x_wconf 89' lang='lat' dir='ltr'><strong>illinc</strong></span> <span class='ocrx_word' id='word_1_243' title='bbox 1125 1875 1324 1927; x_wconf 78' lang='lat' dir='ltr'><strong>transit</strong></span> <span class='ocrx_word' id='word_1_244' title='bbox 1350 1875 1416 1928; x_wconf 89' lang='lat' dir='ltr'><strong>ad</strong></span> <span class='ocrx_word' id='word_1_245' title='bbox 1447 1876 1686 1946; x_wconf 89' lang='lat' dir='ltr'><strong>reliquas</strong></span> <span class='ocrx_word' id='word_1_246' title='bbox 1721 1877 1995 1942; x_wconf 77' lang='lat' dir='ltr'><strong>civitates,</strong></span> <span class='ocrx_word' id='word_1_247' title='bbox 2031 1886 2086 1933; x_wconf 91' lang='lat' dir='ltr'><strong>et</strong></span> 
     </span>
    </p>
   </div>
   <div class='ocr_carea' id='block_1_35' title="bbox 493 1958 2087 2033">
    <p class='ocr_par' dir='ltr' id='par_1_35' title="bbox 493 1958 2087 2033">
     <span class='ocr_line' id='line_1_35' title="bbox 493 1958 2087 2033; baseline 0.009 -25"><span class='ocrx_word' id='word_1_248' title='bbox 493 1958 810 2016; x_wconf 75' lang='lat' dir='ltr'><strong>reconciliet</strong></span> <span class='ocrx_word' id='word_1_249' title='bbox 867 1960 1146 2018; x_wconf 86' lang='lat' dir='ltr'><strong>Ecclesias</strong></span> <span class='ocrx_word' id='word_1_250' title='bbox 1198 1968 1344 2020; x_wconf 89' lang='lat' dir='ltr'><strong>inter</strong></span> <span class='ocrx_word' id='word_1_251' title='bbox 1403 1982 1464 2021; x_wconf 90' lang='lat' dir='ltr'><strong>se</strong></span> <span class='ocrx_word' id='word_1_252' title='bbox 1525 1967 1873 2033; x_wconf 78' lang='lat' dir='ltr'><strong>dissidentes,</strong></span> <span class='ocrx_word' id='word_1_253' title='bbox 1934 1968 2087 2025; x_wconf 87' lang='lat' dir='ltr'><strong>Tunc</strong></span> 
     </span>
    </p>
   </div>
   <div class='ocr_carea' id='block_1_36' title="bbox 491 2050 2089 2127">
    <p class='ocr_par' dir='ltr' id='par_1_36' title="bbox 491 2050 2089 2127">
     <span class='ocr_line' id='line_1_36' title="bbox 491 2050 2089 2127; baseline 0.011 -28"><span class='ocrx_word' id='word_1_254' title='bbox 491 2050 637 2103; x_wconf 82' lang='lat' dir='ltr'><strong>enim</strong></span> <span class='ocrx_word' id='word_1_255' title='bbox 672 2067 770 2121; x_wconf 91' lang='lat' dir='ltr'><strong>per</strong></span> <span class='ocrx_word' id='word_1_256' title='bbox 790 2069 885 2109; x_wconf 89' lang='lat' dir='ltr'><strong>eas</strong></span> <span class='ocrx_word' id='word_1_257' title='bbox 909 2055 1065 2110; x_wconf 87' lang='lat' dir='ltr'><strong>valde</strong></span> <span class='ocrx_word' id='word_1_258' title='bbox 1090 2057 1349 2127; x_wconf 86' lang='lat' dir='ltr'><strong>serpebat</strong></span> <span class='ocrx_word' id='word_1_259' title='bbox 1370 2058 1571 2112; x_wconf 85' lang='lat' dir='ltr'><strong>malum</strong></span> <span class='ocrx_word' id='word_1_260' title='bbox 1605 2061 1828 2115; x_wconf 70' lang='lat' dir='ltr'><strong>haeresis</strong></span> <span class='ocrx_word' id='word_1_261' title='bbox 1860 2061 2089 2116; x_wconf 79' lang='lat' dir='ltr'><strong>Marcio-</strong></span> 
     </span>
    </p>
   </div>
   <div class='ocr_carea' id='block_1_37' title="bbox 492 2140 2086 2218">
    <p class='ocr_par' dir='ltr' id='par_1_37' title="bbox 492 2140 2086 2218">
     <span class='ocr_line' id='line_1_37' title="bbox 492 2140 2086 2218; baseline 0.009 -27"><span class='ocrx_word' id='word_1_262' title='bbox 492 2140 600 2192; x_wconf 85' lang='lat' dir='ltr'><strong>nis.</strong></span> <span class='ocrx_word' id='word_1_263' title='bbox 637 2142 989 2200; x_wconf 84' lang='lat' dir='ltr'><strong>Transmisso</strong></span> <span class='ocrx_word' id='word_1_264' title='bbox 1024 2158 1207 2202; x_wconf 85' lang='lat' dir='ltr'><strong>autem</strong></span> <span class='ocrx_word' id='word_1_265' title='bbox 1245 2149 1546 2218; x_wconf 74' lang='lat' dir='ltr'><strong>Euphrate,</strong></span> <span class='ocrx_word' id='word_1_266' title='bbox 1595 2151 1746 2205; x_wconf 86' lang='lat' dir='ltr'><strong>venit</strong></span> <span class='ocrx_word' id='word_1_267' title='bbox 1788 2152 1854 2205; x_wconf 88' lang='lat' dir='ltr'><strong>ad</strong></span> <span class='ocrx_word' id='word_1_268' title='bbox 1898 2152 2086 2206; x_wconf 83' lang='lat' dir='ltr'><strong>Eccle-</strong></span> 
     </span>
    </p>
   </div>
   <div class='ocr_carea' id='block_1_38' title="bbox 495 2234 2086 2313">
    <p class='ocr_par' dir='ltr' id='par_1_38' title="bbox 495 2234 2086 2313">
     <span class='ocr_line' id='line_1_38' title="bbox 495 2234 2086 2313; baseline 0.009 -30"><span class='ocrx_word' id='word_1_269' title='bbox 495 2234 627 2295; x_wconf 74' lang='lat' dir='ltr'><strong>sias,</strong></span> <span class='ocrx_word' id='word_1_270' title='bbox 664 2249 787 2303; x_wconf 69' lang='lat' dir='ltr'><strong>quae</strong></span> <span class='ocrx_word' id='word_1_271' title='bbox 819 2247 978 2291; x_wconf 89' lang='lat' dir='ltr'><strong>erant</strong></span> <span class='ocrx_word' id='word_1_272' title='bbox 1011 2238 1065 2292; x_wconf 94' lang='lat' dir='ltr'><strong>in</strong></span> <span class='ocrx_word' id='word_1_273' title='bbox 1100 2238 1295 2302; x_wconf 84' lang='lat' dir='ltr'><strong>Nisibi,</strong></span> <span class='ocrx_word' id='word_1_274' title='bbox 1334 2252 1389 2295; x_wconf 90' lang='lat' dir='ltr'><strong>et</strong></span> <span class='ocrx_word' id='word_1_275' title='bbox 1424 2243 1478 2294; x_wconf 91' lang='lat' dir='ltr'><strong>in</strong></span> <span class='ocrx_word' id='word_1_276' title='bbox 1524 2250 1635 2297; x_wconf 89' lang='lat' dir='ltr'><strong>tota</strong></span> <span class='ocrx_word' id='word_1_277' title='bbox 1667 2242 2086 2313; x_wconf 83' lang='lat' dir='ltr'><strong>MeSOpotamia,</strong></span> 
     </span>
    </p>
   </div>
   <div class='ocr_carea' id='block_1_39' title="bbox 489 2327 2089 2394">
    <p class='ocr_par' dir='ltr' id='par_1_39' title="bbox 489 2327 2089 2394">
     <span class='ocr_line' id='line_1_39' title="bbox 489 2327 2089 2394; baseline 0.008 -17"><span class='ocrx_word' id='word_1_278' title='bbox 489 2339 698 2394; x_wconf 57' lang='lat' dir='ltr'><strong>easque</strong></span> <span class='ocrx_word' id='word_1_279' title='bbox 728 2327 921 2383; x_wconf 89' lang='lat' dir='ltr'><strong>codem</strong></span> <span class='ocrx_word' id='word_1_280' title='bbox 954 2330 1118 2385; x_wconf 91' lang='lat' dir='ltr'><strong>modo</strong></span> <span class='ocrx_word' id='word_1_281' title='bbox 1156 2331 1340 2387; x_wconf 76' lang='lat' dir='ltr'><strong>allicit.</strong></span> <span class='ocrx_word' id='word_1_282' title='bbox 1373 2331 1510 2386; x_wconf 86' lang='lat' dir='ltr'><strong>llinc</strong></span> <span class='ocrx_word' id='word_1_283' title='bbox 1546 2336 1614 2388; x_wconf 88' lang='lat' dir='ltr'><strong>ad</strong></span> <span class='ocrx_word' id='word_1_284' title='bbox 1651 2350 1775 2389; x_wconf 90' lang='lat' dir='ltr'><strong>eum</strong></span> <span class='ocrx_word' id='word_1_285' title='bbox 1802 2337 1872 2389; x_wconf 84' lang='lat' dir='ltr'><strong>ab</strong></span> <span class='ocrx_word' id='word_1_286' title='bbox 1911 2337 2089 2390; x_wconf 90' lang='lat' dir='ltr'><strong>omni-</strong></span> 
     </span>
    </p>
   </div>
   <div class='ocr_carea' id='block_1_40' title="bbox 492 2415 2088 2492">
    <p class='ocr_par' dir='ltr' id='par_1_40' title="bbox 492 2415 2088 2492">
     <span class='ocr_line' id='line_1_40' title="bbox 492 2415 2088 2492; baseline 0.011 -24"><span class='ocrx_word' id='word_1_287' title='bbox 492 2415 598 2470; x_wconf 85' lang='lat' dir='ltr'><strong>bus</strong></span> <span class='ocrx_word' id='word_1_288' title='bbox 643 2418 969 2475; x_wconf 85' lang='lat' dir='ltr'><strong>deferuntur</strong></span> <span class='ocrx_word' id='word_1_289' title='bbox 1028 2425 1299 2492; x_wconf 73' lang='lat' dir='ltr'><strong>pecuniae,</strong></span> <span class='ocrx_word' id='word_1_290' title='bbox 1363 2428 1659 2482; x_wconf 88' lang='lat' dir='ltr'><strong>mediocris</strong></span> <span class='ocrx_word' id='word_1_291' title='bbox 1712 2430 2088 2486; x_wconf 84' lang='lat' dir='ltr'><strong>remuneratio</strong></span> 
     </span>
    </p>
   </div>
   <div class='ocr_carea' id='block_1_41' title="bbox 491 2513 2081 2593">
    <p class='ocr_par' dir='ltr' id='par_1_41' title="bbox 491 2513 2081 2593">
     <span class='ocr_line' id='line_1_41' title="bbox 491 2513 2081 2593; baseline 0.013 -32"><span class='ocrx_word' id='word_1_292' title='bbox 491 2526 706 2580; x_wconf 72' lang='lat' dir='ltr'><strong>magum</strong></span> <span class='ocrx_word' id='word_1_293' title='bbox 741 2513 861 2582; x_wconf 85' lang='lat' dir='ltr'><strong>ejus</strong></span> <span class='ocrx_word' id='word_1_294' title='bbox 888 2516 1034 2570; x_wconf 89' lang='lat' dir='ltr'><strong>circa</strong></span> <span class='ocrx_word' id='word_1_295' title='bbox 1078 2518 1350 2573; x_wconf 74' lang='lat' dir='ltr'><strong>Ecclesias</strong></span> <span class='ocrx_word' id='word_1_296' title='bbox 1382 2519 1646 2575; x_wconf 90' lang='lat' dir='ltr'><strong>malorum</strong></span> <span class='ocrx_word' id='word_1_297' title='bbox 1685 2524 2081 2593; x_wconf 82' lang='lat' dir='ltr'><strong>perpessionis.</strong></span> 
     </span>
    </p>
   </div>
   <div class='ocr_carea' id='block_1_42' title="bbox 491 2599 2084 2681">
    <p class='ocr_par' dir='ltr' id='par_1_42' title="bbox 491 2599 2084 2681">
     <span class='ocr_line' id='line_1_42' title="bbox 491 2599 2084 2681; baseline 0.011 -27"><span class='ocrx_word' id='word_1_298' title='bbox 491 2599 826 2670; x_wconf 77' lang='lat' dir='ltr'><strong>lgnorabant</strong></span> <span class='ocrx_word' id='word_1_299' title='bbox 856 2617 1042 2663; x_wconf 80' lang='lat' dir='ltr'><strong>autem</strong></span> <span class='ocrx_word' id='word_1_300' title='bbox 1076 2624 1136 2664; x_wconf 90' lang='lat' dir='ltr'><strong>se</strong></span> <span class='ocrx_word' id='word_1_301' title='bbox 1165 2611 1397 2681; x_wconf 85' lang='lat' dir='ltr'><strong>perinde</strong></span> <span class='ocrx_word' id='word_1_302' title='bbox 1429 2612 1636 2676; x_wconf 81' lang='lat' dir='ltr'><strong>facere,</strong></span> <span class='ocrx_word' id='word_1_303' title='bbox 1665 2615 1779 2670; x_wconf 89' lang='lat' dir='ltr'><strong>acsi</strong></span> <span class='ocrx_word' id='word_1_304' title='bbox 1816 2617 1982 2670; x_wconf 90' lang='lat' dir='ltr'><strong>alicui</strong></span> <span class='ocrx_word' id='word_1_305' title='bbox 2018 2633 2084 2673; x_wconf 81' lang='lat' dir='ltr'><strong>ex</strong></span> 
     </span>
    </p>
   </div>
   <div class='ocr_carea' id='block_1_43' title="bbox 492 2691 2086 2775">
    <p class='ocr_par' dir='ltr' id='par_1_43' title="bbox 492 2691 2086 2775">
     <span class='ocr_line' id='line_1_43' title="bbox 492 2691 2086 2775; baseline 0.013 -31"><span class='ocrx_word' id='word_1_306' title='bbox 492 2691 586 2756; x_wconf 78' lang='lat' dir='ltr'><strong>i=5,</strong></span> <span class='ocrx_word' id='word_1_307' title='bbox 646 2696 738 2763; x_wconf 88' lang='lat' dir='ltr'><strong>qui</strong></span> <span class='ocrx_word' id='word_1_308' title='bbox 792 2706 1028 2765; x_wconf 85' lang='lat' dir='ltr'><strong>possunt</strong></span> <span class='ocrx_word' id='word_1_309' title='bbox 1076 2700 1422 2758; x_wconf 86' lang='lat' dir='ltr'><strong>velocissime</strong></span> <span class='ocrx_word' id='word_1_310' title='bbox 1475 2719 1719 2770; x_wconf 88' lang='lat' dir='ltr'><strong>currere,</strong></span> <span class='ocrx_word' id='word_1_311' title='bbox 1774 2708 2086 2775; x_wconf 55' lang='lat' dir='ltr'><strong>praabcrent</strong></span> 
     </span>
    </p>
   </div>
   <div class='ocr_carea' id='block_1_44' title="bbox 490 2786 2086 2866">
    <p class='ocr_par' dir='ltr' id='par_1_44' title="bbox 490 2786 2086 2866">
     <span class='ocr_line' id='line_1_44' title="bbox 490 2786 2086 2866; baseline 0.01 -29"><span class='ocrx_word' id='word_1_312' title='bbox 490 2786 810 2855; x_wconf 77' lang='lat' dir='ltr'><strong>eornpedes,</strong></span> <span class='ocrx_word' id='word_1_313' title='bbox 842 2790 1126 2859; x_wconf 76' lang='lat' dir='ltr'><strong>praemium</strong></span> <span class='ocrx_word' id='word_1_314' title='bbox 1158 2793 1435 2861; x_wconf 86' lang='lat' dir='ltr'><strong>quoddam</strong></span> <span class='ocrx_word' id='word_1_315' title='bbox 1467 2796 1726 2866; x_wconf 82' lang='lat' dir='ltr'><strong>agilitatis</strong></span> <span class='ocrx_word' id='word_1_316' title='bbox 1765 2809 1859 2852; x_wconf 87' lang='lat' dir='ltr'><strong>aut</strong></span> <span class='ocrx_word' id='word_1_317' title='bbox 1896 2799 1942 2854; x_wconf 91' lang='lat' dir='ltr'><strong>si</strong></span> <span class='ocrx_word' id='word_1_318' title='bbox 1973 2816 2086 2853; x_wconf 88' lang='lat' dir='ltr'><strong>ma-</strong></span> 
     </span>
    </p>
   </div>
   <div class='ocr_carea' id='block_1_45' title="bbox 493 2869 2082 2957">
    <p class='ocr_par' dir='ltr' id='par_1_45' title="bbox 493 2869 2082 2957">
     <span class='ocr_line' id='line_1_45' title="bbox 493 2869 2082 2957; baseline 0.01 -28"><span class='ocrx_word' id='word_1_319' title='bbox 493 2876 596 2941; x_wconf 64' lang='lat' dir='ltr'><strong>vis,</strong></span> <span class='ocrx_word' id='word_1_320' title='bbox 641 2894 750 2933; x_wconf 89' lang='lat' dir='ltr'><strong>non</strong></span> <span class='ocrx_word' id='word_1_321' title='bbox 796 2895 956 2937; x_wconf 88' lang='lat' dir='ltr'><strong>secus</strong></span> <span class='ocrx_word' id='word_1_322' title='bbox 1003 2898 1069 2938; x_wconf 88' lang='lat' dir='ltr'><strong>ac</strong></span> <span class='ocrx_word' id='word_1_323' title='bbox 1100 2869 1302 2953; x_wconf 54' lang='lat' dir='ltr'><strong>ii,&#39;qui</strong></span> <span class='ocrx_word' id='word_1_324' title='bbox 1332 2902 1459 2943; x_wconf 80' lang='lat' dir='ltr'><strong>eum</strong></span> <span class='ocrx_word' id='word_1_325' title='bbox 1506 2887 1601 2957; x_wconf 91' lang='lat' dir='ltr'><strong>qui</strong></span> <span class='ocrx_word' id='word_1_326' title='bbox 1656 2890 1839 2944; x_wconf 89' lang='lat' dir='ltr'><strong>nudus</strong></span> <span class='ocrx_word' id='word_1_327' title='bbox 1889 2892 2082 2945; x_wconf 79' lang='lat' dir='ltr'><strong>luetari</strong></span> 
     </span>
    </p>
   </div>
   <div class='ocr_carea' id='block_1_46' title="bbox 493 2969 2083 3052">
    <p class='ocr_par' dir='ltr' id='par_1_46' title="bbox 493 2969 2083 3052">
     <span class='ocr_line' id='line_1_46' title="bbox 493 2969 2083 3052; baseline 0.013 -34"><span class='ocrx_word' id='word_1_328' title='bbox 493 2969 725 3036; x_wconf 75' lang='lat' dir='ltr'><strong>pulchre</strong></span> <span class='ocrx_word' id='word_1_329' title='bbox 756 2972 970 3035; x_wconf 89' lang='lat' dir='ltr'><strong>didicit,</strong></span> <span class='ocrx_word' id='word_1_330' title='bbox 993 2986 1268 3031; x_wconf 86' lang='lat' dir='ltr'><strong>conantur</strong></span> <span class='ocrx_word' id='word_1_331' title='bbox 1294 2980 1513 3047; x_wconf 89' lang='lat' dir='ltr'><strong>docere,</strong></span> <span class='ocrx_word' id='word_1_332' title='bbox 1538 2991 1595 3034; x_wconf 92' lang='lat' dir='ltr'><strong>ut</strong></span> <span class='ocrx_word' id='word_1_333' title='bbox 1628 2996 1754 3035; x_wconf 88' lang='lat' dir='ltr'><strong>eum</strong></span> <span class='ocrx_word' id='word_1_334' title='bbox 1782 2982 2083 3052; x_wconf 83' lang='lat' dir='ltr'><strong>arripiendi</strong></span> 
     </span>
    </p>
   </div>
   <div class='ocr_carea' id='block_1_47' title="bbox 492 3063 1321 3125">
    <p class='ocr_par' dir='ltr' id='par_1_47' title="bbox 492 3063 1321 3125">
     <span class='ocr_line' id='line_1_47' title="bbox 492 3063 1321 3125; baseline 0.017 -14"><span class='ocrx_word' id='word_1_335' title='bbox 492 3076 683 3115; x_wconf 83' lang='lat' dir='ltr'><strong>ansam</strong></span> <span class='ocrx_word' id='word_1_336' title='bbox 718 3063 920 3121; x_wconf 85' lang='lat' dir='ltr'><strong>habeat</strong></span> <span class='ocrx_word' id='word_1_337' title='bbox 948 3068 1321 3125; x_wconf 85' lang='lat' dir='ltr'><strong>adversarius.</strong></span> 
     </span>
    </p>
   </div>
   <div class='ocr_carea' id='block_1_48' title="bbox 2192 1865 3782 1940">
    <p class='ocr_par' dir='ltr' id='par_1_48' title="bbox 2192 1865 3782 1940">
     <span class='ocr_line' id='line_1_48' title="bbox 2192 1865 3782 1940; baseline -0.01 -8"><span class='ocrx_word' id='word_1_338' title='bbox 2192 1879 2290 1932; x_wconf 70' lang='grc' dir='ltr'><strong>καὶ</strong></span> <span class='ocrx_word' id='word_1_339' title='bbox 2346 1876 2745 1940; x_wconf 75' lang='grc' dir='ltr'>στασιαζούσας</span> <span class='ocrx_word' id='word_1_340' title='bbox 2798 1873 3073 1927; x_wconf 83' lang='grc' dir='ltr'>διαλάττει</span> <span class='ocrx_word' id='word_1_341' title='bbox 3104 1871 3205 1933; x_wconf 74' lang='grc' dir='ltr'><strong>τὰς</strong></span> <span class='ocrx_word' id='word_1_342' title='bbox 3261 1866 3559 1937; x_wconf 80' lang='grc' dir='ltr'>ἐκκλησίας</span> <span class='ocrx_word' id='word_1_343' title='bbox 3591 1884 3604 1896; x_wconf 91' lang='grc'><strong>·</strong></span> <span class='ocrx_word' id='word_1_344' title='bbox 3640 1865 3782 1917; x_wconf 74' lang='grc' dir='ltr'>πάνυ</span> 
     </span>
    </p>
   </div>
   <div class='ocr_carea' id='block_1_49' title="bbox 2190 1957 3778 2038">
    <p class='ocr_par' dir='ltr' id='par_1_49' title="bbox 2190 1957 3778 2038">
     <span class='ocr_line' id='line_1_49' title="bbox 2190 1957 3778 2038; baseline -0.011 -14"><span class='ocrx_word' id='word_1_345' title='bbox 2190 1970 2300 2038; x_wconf 79' lang='grc' dir='ltr'><strong>γὰρ</strong></span> <span class='ocrx_word' id='word_1_346' title='bbox 2319 1968 2437 2021; x_wconf 90' lang='grc' dir='ltr'>τότε</span> <span class='ocrx_word' id='word_1_347' title='bbox 2467 1968 2526 2019; x_wconf 84' lang='grc' dir='ltr'><strong>τὸ</strong></span> <span class='ocrx_word' id='word_1_348' title='bbox 2556 1967 2658 2036; x_wconf 82' lang='grc' dir='ltr'>τῆς</span> <span class='ocrx_word' id='word_1_349' title='bbox 2687 1965 2922 2035; x_wconf 62' lang='lat' dir='ltr'><strong>utipsam;</strong></span> <span class='ocrx_word' id='word_1_350' title='bbox 2952 1963 3047 2016; x_wconf 79' lang='grc' dir='ltr'>τοῦ</span> <span class='ocrx_word' id='word_1_351' title='bbox 3081 1961 3412 2032; x_wconf 85' lang='grc' dir='ltr'>Μαρκίωνος</span> <span class='ocrx_word' id='word_1_352' title='bbox 3436 1960 3635 2021; x_wconf 72' lang='grc' dir='ltr'>κακὸν,</span> <span class='ocrx_word' id='word_1_353' title='bbox 3663 1957 3778 2009; x_wconf 79' lang='grc' dir='ltr'><strong>ἐνέ-</strong></span> 
     </span>
    </p>
   </div>
   <div class='ocr_carea' id='block_1_50' title="bbox 2193 2049 3776 2133">
    <p class='ocr_par' dir='ltr' id='par_1_50' title="bbox 2193 2049 3776 2133">
     <span class='ocr_line' id='line_1_50' title="bbox 2193 2049 3776 2133; baseline -0.011 -15"><span class='ocrx_word' id='word_1_354' title='bbox 2193 2080 2328 2133; x_wconf 87' lang='grc' dir='ltr'>μετο</span> <span class='ocrx_word' id='word_1_355' title='bbox 2379 2064 2605 2124; x_wconf 85' lang='grc' dir='ltr'>ταύτας.</span> <span class='ocrx_word' id='word_1_356' title='bbox 2641 2062 2745 2113; x_wconf 74' lang='grc' dir='ltr'>ἰ’δν</span> <span class='ocrx_word' id='word_1_357' title='bbox 2801 2057 3093 2127; x_wconf 79' lang='grc' dir='ltr'>Εὐφράτην</span> <span class='ocrx_word' id='word_1_358' title='bbox 3121 2055 3178 2108; x_wconf 75' lang='grc' dir='ltr'><strong>δὲ</strong></span> <span class='ocrx_word' id='word_1_359' title='bbox 3202 2053 3417 2119; x_wconf 74' lang='grc' dir='ltr'>διαϐὰς,</span> <span class='ocrx_word' id='word_1_360' title='bbox 3440 2055 3566 2114; x_wconf 85' lang='grc' dir='ltr'>ταῖς</span> <span class='ocrx_word' id='word_1_361' title='bbox 3632 2049 3776 2103; x_wconf 77' lang='grc' dir='ltr'>κατὰ</span> 
     </span>
    </p>
   </div>
   <div class='ocr_carea' id='block_1_51' title="bbox 2190 2144 3785 2221">
    <p class='ocr_par' dir='ltr' id='par_1_51' title="bbox 2190 2144 3785 2221">
     <span class='ocr_line' id='line_1_51' title="bbox 2190 2144 3785 2221; baseline -0.011 -11"><span class='ocrx_word' id='word_1_362' title='bbox 2190 2156 2408 2211; x_wconf 80' lang='grc' dir='ltr'>Νίσιόἱν</span> <span class='ocrx_word' id='word_1_363' title='bbox 2432 2172 2490 2207; x_wconf 86' lang='grc' dir='ltr'><strong>τε</strong></span> <span class='ocrx_word' id='word_1_364' title='bbox 2518 2154 2611 2207; x_wconf 83' lang='grc' dir='ltr'>καὶ</span> <span class='ocrx_word' id='word_1_365' title='bbox 2645 2154 2826 2206; x_wconf 75' lang='grc' dir='ltr'>πᾶσαν</span> <span class='ocrx_word' id='word_1_366' title='bbox 2857 2151 2958 2221; x_wconf 79' lang='grc' dir='ltr'><strong>τὴν</strong></span> <span class='ocrx_word' id='word_1_367' title='bbox 2984 2147 3422 2217; x_wconf 84' lang='grc' dir='ltr'>Μεσοποταμίαν</span> <span class='ocrx_word' id='word_1_368' title='bbox 3463 2144 3785 2213; x_wconf 69' lang='grc' dir='ltr'>ἐκκλησίαις</span> 
     </span>
    </p>
   </div>
   <div class='ocr_carea' id='block_1_52' title="bbox 2191 2237 3784 2320">
    <p class='ocr_par' dir='ltr' id='par_1_52' title="bbox 2191 2237 3784 2320">
     <span class='ocr_line' id='line_1_52' title="bbox 2191 2237 3784 2320; baseline -0.011 -16"><span class='ocrx_word' id='word_1_369' title='bbox 2191 2247 2751 2320; x_wconf 61' lang='grc' dir='ltr'>ἐπιφοιτᾷ,κάκείνας</span> <span class='ocrx_word' id='word_1_370' title='bbox 2784 2245 2877 2299; x_wconf 78' lang='grc' dir='ltr'><strong>τὸν</strong></span> <span class='ocrx_word' id='word_1_371' title='bbox 2921 2246 3036 2298; x_wconf 73' lang='grc' dir='ltr'>ἴσον</span> <span class='ocrx_word' id='word_1_372' title='bbox 3068 2241 3342 2311; x_wconf 83' lang='grc' dir='ltr'>διατίθησι</span> <span class='ocrx_word' id='word_1_373' title='bbox 3390 2239 3620 2308; x_wconf 77' lang='grc' dir='ltr'>τρόπον.</span> <span class='ocrx_word' id='word_1_374' title='bbox 3661 2237 3784 2288; x_wconf 84' lang='grc' dir='ltr'><strong>Ἐν-</strong></span> 
     </span>
    </p>
   </div>
   <div class='ocr_carea' id='block_1_53' title="bbox 2189 2331 3781 2411">
    <p class='ocr_par' dir='ltr' id='par_1_53' title="bbox 2189 2331 3781 2411">
     <span class='ocr_line' id='line_1_53' title="bbox 2189 2331 3781 2411; baseline -0.009 -15"><span class='ocrx_word' id='word_1_375' title='bbox 2189 2342 2383 2397; x_wconf 78' lang='grc' dir='ltr'>τεῦθεν</span> <span class='ocrx_word' id='word_1_376' title='bbox 2445 2342 2706 2411; x_wconf 81' lang='grc' dir='ltr'>χρήματα</span> <span class='ocrx_word' id='word_1_377' title='bbox 2762 2338 2914 2407; x_wconf 79' lang='grc' dir='ltr'>αὐτῷ</span> <span class='ocrx_word' id='word_1_378' title='bbox 2968 2335 3257 2405; x_wconf 80' lang='grc' dir='ltr'>κομίζεται</span> <span class='ocrx_word' id='word_1_379' title='bbox 3316 2334 3469 2403; x_wconf 81' lang='grc' dir='ltr'><strong>παρὰ</strong></span> <span class='ocrx_word' id='word_1_380' title='bbox 3538 2331 3781 2393; x_wconf 81' lang='grc' dir='ltr'>πάντων,</span> 
     </span>
    </p>
   </div>
   <div class='ocr_carea' id='block_1_54' title="bbox 2191 2423 3783 2504">
    <p class='ocr_par' dir='ltr' id='par_1_54' title="bbox 2191 2423 3783 2504">
     <span class='ocr_line' id='line_1_54' title="bbox 2191 2423 3783 2504; baseline -0.008 -16"><span class='ocrx_word' id='word_1_381' title='bbox 2191 2434 2397 2504; x_wconf 77' lang='grc' dir='ltr'>ἀμοιϐὴ</span> <span class='ocrx_word' id='word_1_382' title='bbox 2430 2432 2629 2503; x_wconf 77' lang='grc' dir='ltr'>μετρία</span> <span class='ocrx_word' id='word_1_383' title='bbox 2660 2431 2761 2499; x_wconf 76' lang='grc' dir='ltr'>τῆς</span> <span class='ocrx_word' id='word_1_384' title='bbox 2802 2429 3006 2498; x_wconf 75' lang='grc' dir='ltr'>πολλῆς</span> <span class='ocrx_word' id='word_1_385' title='bbox 3029 2427 3197 2481; x_wconf 75' lang='grc' dir='ltr'>αὑτοῦ</span> <span class='ocrx_word' id='word_1_386' title='bbox 3227 2426 3389 2496; x_wconf 78' lang='grc' dir='ltr'>δῆθεν</span> <span class='ocrx_word' id='word_1_387' title='bbox 3418 2426 3547 2493; x_wconf 76' lang='grc' dir='ltr'>περὶ</span> <span class='ocrx_word' id='word_1_388' title='bbox 3574 2423 3783 2485; x_wconf 74' lang='grc' dir='ltr'>τὰς-ἐκο</span> 
     </span>
    </p>
   </div>
   <div class='ocr_carea' id='block_1_55' title="bbox 2190 2514 3781 2594">
    <p class='ocr_par' dir='ltr' id='par_1_55' title="bbox 2190 2514 3781 2594">
     <span class='ocr_line' id='line_1_55' title="bbox 2190 2514 3781 2594; baseline -0.008 -16"><span class='ocrx_word' id='word_1_389' title='bbox 2190 2524 2420 2594; x_wconf 85' lang='grc' dir='ltr'>κλησίας</span> <span class='ocrx_word' id='word_1_390' title='bbox 2458 2520 2856 2584; x_wconf 84' lang='grc' dir='ltr'>κακοπαθείας.</span> <span class='ocrx_word' id='word_1_391' title='bbox 2876 2519 3138 2587; x_wconf 84' lang='grc' dir='ltr'>Ἠγνόουν</span> <span class='ocrx_word' id='word_1_392' title='bbox 3168 2516 3226 2571; x_wconf 82' lang='grc' dir='ltr'>δὲ</span> <span class='ocrx_word' id='word_1_393' title='bbox 3253 2516 3439 2587; x_wconf 85' lang='grc' dir='ltr'>ὅμοιόν</span> <span class='ocrx_word' id='word_1_394' title='bbox 3461 2533 3524 2570; x_wconf 86' lang='grc' dir='ltr'><strong>τε</strong></span> <span class='ocrx_word' id='word_1_395' title='bbox 3557 2514 3781 2568; x_wconf 76' lang='grc' dir='ltr'>ποιοῦν-</span> 
     </span>
    </p>
   </div>
   <div class='ocr_carea' id='block_1_56' title="bbox 2188 2610 3780 2686">
    <p class='ocr_par' dir='ltr' id='par_1_56' title="bbox 2188 2610 3780 2686">
     <span class='ocr_line' id='line_1_56' title="bbox 2188 2610 3780 2686; baseline -0.008 -14"><span class='ocrx_word' id='word_1_396' title='bbox 2188 2617 2512 2686; x_wconf 70' lang='grc' dir='ltr'>τες,ὣσπερ</span> <span class='ocrx_word' id='word_1_397' title='bbox 2550 2615 2603 2667; x_wconf 80' lang='grc' dir='ltr'>εἴ</span> <span class='ocrx_word' id='word_1_398' title='bbox 2629 2632 2736 2667; x_wconf 90' lang='grc' dir='ltr'>τινι</span> <span class='ocrx_word' id='word_1_399' title='bbox 2768 2612 2877 2669; x_wconf 81' lang='grc' dir='ltr'><strong>τῶν</strong></span> <span class='ocrx_word' id='word_1_400' title='bbox 2913 2613 3129 2683; x_wconf 75' lang='grc' dir='ltr'>τρέχειν</span> <span class='ocrx_word' id='word_1_401' title='bbox 3175 2611 3410 2677; x_wconf 75' lang='grc' dir='ltr'>ὀξύτατα</span> <span class='ocrx_word' id='word_1_402' title='bbox 3463 2610 3780 2679; x_wconf 77' lang='grc' dir='ltr'>δυναμένων</span> 
     </span>
    </p>
   </div>
   <div class='ocr_carea' id='block_1_57' title="bbox 2191 2700 3779 2781">
    <p class='ocr_par' dir='ltr' id='par_1_57' title="bbox 2191 2700 3779 2781">
     <span class='ocr_line' id='line_1_57' title="bbox 2191 2700 3779 2781; baseline -0.008 -16"><span class='ocrx_word' id='word_1_403' title='bbox 2191 2712 2359 2774; x_wconf 82' lang='grc' dir='ltr'>πέδας</span> <span class='ocrx_word' id='word_1_404' title='bbox 2393 2712 2687 2781; x_wconf 79' lang='grc' dir='ltr'>παρεῖχον,</span> <span class='ocrx_word' id='word_1_405' title='bbox 2713 2706 2884 2779; x_wconf 71' lang='grc' dir='ltr'>γέρας</span> <span class='ocrx_word' id='word_1_406' title='bbox 2917 2722 2970 2758; x_wconf 87' lang='grc' dir='ltr'><strong>τι</strong></span> <span class='ocrx_word' id='word_1_407' title='bbox 3006 2706 3105 2773; x_wconf 83' lang='grc' dir='ltr'>τῆς</span> <span class='ocrx_word' id='word_1_408' title='bbox 3150 2704 3559 2772; x_wconf 79' lang='grc' dir='ltr'>εὐκινησίας,εί</span> <span class='ocrx_word' id='word_1_409' title='bbox 3602 2700 3779 2771; x_wconf 74' lang='grc' dir='ltr'>βούλει</span> 
     </span>
    </p>
   </div>
   <div class='ocr_carea' id='block_1_58' title="bbox 2189 2797 3778 2874">
    <p class='ocr_par' dir='ltr' id='par_1_58' title="bbox 2189 2797 3778 2874">
     <span class='ocr_line' id='line_1_58' title="bbox 2189 2797 3778 2874; baseline -0.008 -15"><span class='ocrx_word' id='word_1_410' title='bbox 2189 2805 2265 2869; x_wconf 85' lang='grc' dir='ltr'>δὲ,</span> <span class='ocrx_word' id='word_1_411' title='bbox 2289 2804 2543 2874; x_wconf 79' lang='grc' dir='ltr'>καθάπερ</span> <span class='ocrx_word' id='word_1_412' title='bbox 2570 2802 2620 2856; x_wconf 80' lang='grc' dir='ltr'>οἱ</span> <span class='ocrx_word' id='word_1_413' title='bbox 2659 2800 2753 2855; x_wconf 87' lang='grc' dir='ltr'><strong>τδν</strong></span> <span class='ocrx_word' id='word_1_414' title='bbox 2790 2801 3001 2871; x_wconf 65' lang='grc' dir='ltr'>γυμνὸν</span> <span class='ocrx_word' id='word_1_415' title='bbox 3042 2798 3142 2870; x_wconf 75' lang='grc' dir='ltr'><strong>ἠδη</strong></span> <span class='ocrx_word' id='word_1_416' title='bbox 3169 2797 3420 2853; x_wconf 81' lang='grc' dir='ltr'>παλαίειν</span> <span class='ocrx_word' id='word_1_417' title='bbox 3472 2797 3778 2850; x_wconf 71' lang='grc' dir='ltr'>πεπαιδευ-</span> 
     </span>
    </p>
   </div>
   <div class='ocr_carea' id='block_1_59' title="bbox 2192 2890 3761 2968">
    <p class='ocr_par' dir='ltr' id='par_1_59' title="bbox 2192 2890 3761 2968">
     <span class='ocr_line' id='line_1_59' title="bbox 2192 2890 3761 2968; baseline -0.005 -19"><span class='ocrx_word' id='word_1_418' title='bbox 2192 2897 2353 2968; x_wconf 88' lang='grc' dir='ltr'>μένον</span> <span class='ocrx_word' id='word_1_419' title='bbox 2380 2894 2709 2965; x_wconf 84' lang='grc' dir='ltr'>πειρώμενοι</span> <span class='ocrx_word' id='word_1_420' title='bbox 2749 2892 3081 2947; x_wconf 71' lang='grc' dir='ltr'>ὲνδιδύσκειν</span> <span class='ocrx_word' id='word_1_421' title='bbox 3108 2907 3123 2922; x_wconf 79' lang='grc'><strong>⁸</strong></span> <span class='ocrx_word' id='word_1_422' title='bbox 3148 2890 3289 2945; x_wconf 77' lang='grc' dir='ltr'>ὥστε</span> <span class='ocrx_word' id='word_1_423' title='bbox 3314 2890 3486 2954; x_wconf 72' lang='grc' dir='ltr'>λαὸἑις</span> <span class='ocrx_word' id='word_1_424' title='bbox 3519 2890 3668 2960; x_wconf 72' lang='grc' dir='ltr'>ἔχειν</span> <span class='ocrx_word' id='word_1_425' title='bbox 3692 2890 3761 2941; x_wconf 84' lang='grc' dir='ltr'><strong>ὲπ.</strong></span> 
     </span>
    </p>
   </div>
   <div class='ocr_carea' id='block_1_60' title="bbox 2189 2986 2832 3042">
    <p class='ocr_par' dir='ltr' id='par_1_60' title="bbox 2189 2986 2832 3042">
     <span class='ocr_line' id='line_1_60' title="bbox 2189 2986 2832 3042; baseline -0.003 0"><span class='ocrx_word' id='word_1_426' title='bbox 2189 2988 2350 3042; x_wconf 76' lang='grc' dir='ltr'>αὑτὸν</span> <span class='ocrx_word' id='word_1_427' title='bbox 2384 2987 2477 3041; x_wconf 81' lang='grc' dir='ltr'><strong>τὸν</strong></span> <span class='ocrx_word' id='word_1_428' title='bbox 2515 2986 2832 3041; x_wconf 82' lang='grc' dir='ltr'>ἀντίπαλον.</span> 
     </span>
    </p>
   </div>
   <div class='ocr_carea' id='block_1_61' title="bbox 567 3127 2083 3236">
    <p class='ocr_par' dir='ltr' id='par_1_61' title="bbox 567 3127 2077 3236">
     <span class='ocr_line' id='line_1_61' title="bbox 567 3127 2077 3236; baseline 0.012 -33"><span class='ocrx_word' id='word_1_429' title='bbox 567 3150 761 3207; x_wconf 79' lang='lat' dir='ltr'><strong>XXVI.</strong></span> <span class='ocrx_word' id='word_1_430' title='bbox 802 3154 938 3210; x_wconf 91' lang='lat' dir='ltr'><strong>Cum</strong></span> <span class='ocrx_word' id='word_1_431' title='bbox 970 3174 1098 3229; x_wconf 87' lang='lat' dir='ltr'><strong>ergo</strong></span> <span class='ocrx_word' id='word_1_432' title='bbox 1122 3160 1212 3215; x_wconf 90' lang='lat' dir='ltr'><strong>ille</strong></span> <span class='ocrx_word' id='word_1_433' title='bbox 1241 3161 1463 3230; x_wconf 88' lang='lat' dir='ltr'><strong>quidem</strong></span> <span class='ocrx_word' id='word_1_434' title='bbox 1496 3127 1777 3219; x_wconf 74' lang='lat' dir='ltr'><strong>recusaret</strong></span> <span class='ocrx_word' id='word_1_435' title='bbox 1805 3166 2077 3236; x_wconf 89' lang='lat' dir='ltr'><strong>accipere,</strong></span> 
     </span>
    </p>
   </div>
   <div class='ocr_carea' id='block_1_62' title="bbox 2190 3127 3781 3236">
    <p class='ocr_par' dir='ltr' id='par_1_62' title="bbox 2256 3136 3781 3211">
     <span class='ocr_line' id='line_1_62' title="bbox 2256 3136 3781 3211; baseline -0.005 -14"><span class='ocrx_word' id='word_1_436' title='bbox 2256 3146 2401 3211; x_wconf 62' lang='lat' dir='ltr'><strong>KG’.</strong></span> <span class='ocrx_word' id='word_1_437' title='bbox 2440 3140 2595 3194; x_wconf 69' lang='grc' dir='ltr'>Ἐπεὶ</span> <span class='ocrx_word' id='word_1_438' title='bbox 2651 3136 2745 3194; x_wconf 76' lang='grc' dir='ltr'><strong>οὖν</strong></span> <span class='ocrx_word' id='word_1_439' title='bbox 2784 3142 2813 3193; x_wconf 84' lang='grc' dir='ltr'><strong>ό</strong></span> <span class='ocrx_word' id='word_1_440' title='bbox 2864 3140 2967 3210; x_wconf 80' lang='grc' dir='ltr'>μὲν</span> <span class='ocrx_word' id='word_1_441' title='bbox 2998 3141 3221 3193; x_wconf 77' lang='grc' dir='ltr'>ἀνένευε</span> <span class='ocrx_word' id='word_1_442' title='bbox 3266 3138 3368 3209; x_wconf 75' lang='grc' dir='ltr'>τὴν</span> <span class='ocrx_word' id='word_1_443' title='bbox 3402 3137 3680 3207; x_wconf 71' lang='grc' dir='ltr'>ἀνάληψιν</span> <span class='ocrx_word' id='word_1_444' title='bbox 3715 3138 3781 3190; x_wconf 76' lang='grc' dir='ltr'>τὰ</span> 
     </span>
    </p>
   </div>
   <div class='ocr_carea' id='block_1_63' title="bbox 494 3241 2080 3328">
    <p class='ocr_par' dir='ltr' id='par_1_63' title="bbox 494 3241 2080 3328">
     <span class='ocr_line' id='line_1_63' title="bbox 494 3241 2080 3328; baseline 0.011 -32"><span class='ocrx_word' id='word_1_445' title='bbox 494 3241 687 3299; x_wconf 90' lang='lat' dir='ltr'><strong>dicens</strong></span> <span class='ocrx_word' id='word_1_446' title='bbox 717 3244 888 3301; x_wconf 77' lang='lat' dir='ltr'><strong>fuisse</strong></span> <span class='ocrx_word' id='word_1_447' title='bbox 925 3249 1101 3316; x_wconf 90' lang='lat' dir='ltr'><strong>plura,</strong></span> <span class='ocrx_word' id='word_1_448' title='bbox 1129 3266 1250 3319; x_wconf 74' lang='lat' dir='ltr'><strong>qua:</strong></span> <span class='ocrx_word' id='word_1_449' title='bbox 1293 3252 1457 3309; x_wconf 87' lang='lat' dir='ltr'><strong>dabat</strong></span> <span class='ocrx_word' id='word_1_450' title='bbox 1489 3254 1830 3323; x_wconf 80' lang='lat' dir='ltr'><strong>imperatrix,</strong></span> <span class='ocrx_word' id='word_1_451' title='bbox 1873 3268 1928 3311; x_wconf 91' lang='lat' dir='ltr'><strong>et</strong></span> <span class='ocrx_word' id='word_1_452' title='bbox 1958 3276 2080 3328; x_wconf 62' lang='lat' dir='ltr'><strong>qua:</strong></span> 
     </span>
    </p>
   </div>
   <div class='ocr_carea' id='block_1_64' title="bbox 490 3334 2079 3415">
    <p class='ocr_par' dir='ltr' id='par_1_64' title="bbox 490 3334 2079 3415">
     <span class='ocr_line' id='line_1_64' title="bbox 490 3334 2079 3415; baseline 0.011 -28"><span class='ocrx_word' id='word_1_453' title='bbox 490 3334 725 3403; x_wconf 77' lang='lat' dir='ltr'><strong>iustiore</strong></span> <span class='ocrx_word' id='word_1_454' title='bbox 772 3338 840 3393; x_wconf 92' lang='lat' dir='ltr'><strong>de</strong></span> <span class='ocrx_word' id='word_1_455' title='bbox 881 3354 1044 3394; x_wconf 87' lang='lat' dir='ltr'><strong>causa</strong></span> <span class='ocrx_word' id='word_1_456' title='bbox 1092 3351 1343 3411; x_wconf 88' lang='lat' dir='ltr'><strong>poterant</strong></span> <span class='ocrx_word' id='word_1_457' title='bbox 1375 3346 1549 3415; x_wconf 87' lang='lat' dir='ltr'><strong>accipi</strong></span> <span class='ocrx_word' id='word_1_458' title='bbox 1592 3363 1606 3399; x_wconf 88' lang='lat'><strong>:</strong></span> <span class='ocrx_word' id='word_1_459' title='bbox 1652 3347 1725 3401; x_wconf 92' lang='lat' dir='ltr'><strong>illi</strong></span> <span class='ocrx_word' id='word_1_460' title='bbox 1772 3358 1955 3405; x_wconf 89' lang='lat' dir='ltr'><strong>autem</strong></span> <span class='ocrx_word' id='word_1_461' title='bbox 1993 3351 2079 3404; x_wconf 87' lang='lat' dir='ltr'><strong>in-</strong></span> 
     </span>
    </p>
   </div>
   <div class='ocr_carea' id='block_1_65' title="bbox 496 3435 2079 3506">
    <p class='ocr_par' dir='ltr' id='par_1_65' title="bbox 496 3435 2079 3506">
     <span class='ocr_line' id='line_1_65' title="bbox 496 3435 2079 3506; baseline 0.01 -28"><span class='ocrx_word' id='word_1_462' title='bbox 496 3435 707 3481; x_wconf 84' lang='lat' dir='ltr'><strong>stantes</strong></span> <span class='ocrx_word' id='word_1_463' title='bbox 758 3443 883 3483; x_wconf 91' lang='lat' dir='ltr'><strong>cum</strong></span> <span class='ocrx_word' id='word_1_464' title='bbox 938 3446 1049 3485; x_wconf 86' lang='lat' dir='ltr'><strong>non</strong></span> <span class='ocrx_word' id='word_1_465' title='bbox 1092 3444 1319 3501; x_wconf 91' lang='lat' dir='ltr'><strong>possent</strong></span> <span class='ocrx_word' id='word_1_466' title='bbox 1375 3438 1704 3506; x_wconf 87' lang='lat' dir='ltr'><strong>persuadere</strong></span> <span class='ocrx_word' id='word_1_467' title='bbox 1751 3456 1765 3492; x_wconf 87' lang='lat'><strong>:</strong></span> <span class='ocrx_word' id='word_1_468' title='bbox 1817 3450 1968 3494; x_wconf 89' lang='lat' dir='ltr'><strong>stans</strong></span> <span class='ocrx_word' id='word_1_469' title='bbox 2025 3440 2079 3494; x_wconf 65' lang='lat' dir='ltr'><strong>in</strong></span> 
     </span>
    </p>
   </div>
   <div class='ocr_carea' id='block_1_66' title="bbox 494 3515 2078 3594">
    <p class='ocr_par' dir='ltr' id='par_1_66' title="bbox 494 3515 2078 3594">
     <span class='ocr_line' id='line_1_66' title="bbox 494 3515 2078 3594; baseline 0.011 -26"><span class='ocrx_word' id='word_1_470' title='bbox 494 3515 676 3573; x_wconf 88' lang='lat' dir='ltr'><strong>medio</strong></span> <span class='ocrx_word' id='word_1_471' title='bbox 718 3532 908 3573; x_wconf 90' lang='lat' dir='ltr'><strong>eorum</strong></span> <span class='ocrx_word' id='word_1_472' title='bbox 959 3520 1044 3575; x_wconf 86' lang='lat' dir='ltr'><strong>vir</strong></span> <span class='ocrx_word' id='word_1_473' title='bbox 1087 3523 1344 3590; x_wconf 79' lang='lat' dir='ltr'><strong>quidam,</strong></span> <span class='ocrx_word' id='word_1_474' title='bbox 1400 3526 1626 3581; x_wconf 91' lang='lat' dir='ltr'><strong>nomine</strong></span> <span class='ocrx_word' id='word_1_475' title='bbox 1679 3527 2078 3594; x_wconf 78' lang='lat' dir='ltr'><strong>Barcliasanes,</strong></span> 
     </span>
    </p>
   </div>
   <div class='ocr_carea' id='block_1_67' title="bbox 492 3611 2080 3688">
    <p class='ocr_par' dir='ltr' id='par_1_67' title="bbox 492 3611 2080 3688">
     <span class='ocr_line' id='line_1_67' title="bbox 492 3611 2080 3688; baseline 0.009 -25"><span class='ocrx_word' id='word_1_476' title='bbox 492 3624 698 3679; x_wconf 72' lang='lat' dir='ltr'><strong>genere</strong></span> <span class='ocrx_word' id='word_1_477' title='bbox 756 3611 1115 3678; x_wconf 87' lang='lat' dir='ltr'><strong>clarissimus,</strong></span> <span class='ocrx_word' id='word_1_478' title='bbox 1174 3616 1380 3673; x_wconf 82' lang='lat' dir='ltr'><strong>divitiis</strong></span> <span class='ocrx_word' id='word_1_479' title='bbox 1426 3621 1848 3688; x_wconf 81' lang='lat' dir='ltr'><strong>copiosissimus</strong></span> <span class='ocrx_word' id='word_1_480' title='bbox 1893 3640 1906 3676; x_wconf 87' lang='lat'><strong>:</strong></span> <span class='ocrx_word' id='word_1_481' title='bbox 1959 3622 2080 3680; x_wconf 88' lang='lat' dir='ltr'><strong>Vim</strong></span> 
     </span>
    </p>
   </div>
   <div class='ocr_carea' id='block_1_68' title="bbox 494 3702 2082 3781">
    <p class='ocr_par' dir='ltr' id='par_1_68' title="bbox 494 3702 2082 3781">
     <span class='ocr_line' id='line_1_68' title="bbox 494 3702 2082 3781; baseline 0.01 -28"><span class='ocrx_word' id='word_1_482' title='bbox 494 3702 747 3768; x_wconf 86' lang='lat' dir='ltr'><strong>quidem,</strong></span> <span class='ocrx_word' id='word_1_483' title='bbox 784 3703 981 3775; x_wconf 88' lang='lat' dir='ltr'><strong>inquit,</strong></span> <span class='ocrx_word' id='word_1_484' title='bbox 1010 3706 1058 3760; x_wconf 92' lang='lat' dir='ltr'><strong>ei</strong></span> <span class='ocrx_word' id='word_1_485' title='bbox 1088 3706 1289 3762; x_wconf 77' lang='lat' dir='ltr'><strong>all&#39;erre</strong></span> <span class='ocrx_word' id='word_1_486' title='bbox 1318 3720 1543 3779; x_wconf 86' lang='lat' dir='ltr'><strong>propter</strong></span> <span class='ocrx_word' id='word_1_487' title='bbox 1576 3713 1860 3781; x_wconf 87' lang='lat' dir='ltr'><strong>pecunias,</strong></span> <span class='ocrx_word' id='word_1_488' title='bbox 1893 3729 1926 3768; x_wconf 92' lang='grc' dir='ltr'><strong>ο</strong></span> <span class='ocrx_word' id='word_1_489' title='bbox 1958 3714 2082 3775; x_wconf 71' lang='grc' dir='ltr'>[ινι-</span> 
     </span>
    </p>
   </div>
   <div class='ocr_carea' id='block_1_69' title="bbox 496 3798 2083 3880">
    <p class='ocr_par' dir='ltr' id='par_1_69' title="bbox 496 3798 2083 3880">
     <span class='ocr_line' id='line_1_69' title="bbox 496 3798 2083 3880; baseline 0.011 -37"><span class='ocrx_word' id='word_1_490' title='bbox 496 3799 630 3857; x_wconf 78' lang='lat' dir='ltr'><strong>tres,</strong></span> <span class='ocrx_word' id='word_1_491' title='bbox 674 3808 852 3863; x_wconf 88' lang='lat' dir='ltr'><strong>neque</strong></span> <span class='ocrx_word' id='word_1_492' title='bbox 898 3805 981 3850; x_wconf 91' lang='lat' dir='ltr'><strong>est</strong></span> <span class='ocrx_word' id='word_1_493' title='bbox 1011 3798 1059 3851; x_wconf 88' lang='lat' dir='ltr'><strong>ei</strong></span> <span class='ocrx_word' id='word_1_494' title='bbox 1106 3798 1390 3866; x_wconf 88' lang='lat' dir='ltr'><strong>decorum,</strong></span> <span class='ocrx_word' id='word_1_495' title='bbox 1441 3817 1619 3871; x_wconf 89' lang='lat' dir='ltr'><strong>neque</strong></span> <span class='ocrx_word' id='word_1_496' title='bbox 1662 3803 1819 3858; x_wconf 89' lang='lat' dir='ltr'><strong>nobis</strong></span> <span class='ocrx_word' id='word_1_497' title='bbox 1859 3807 2083 3880; x_wconf 84' lang='lat' dir='ltr'><strong>omnino</strong></span> 
     </span>
    </p>
   </div>
   <div class='ocr_carea' id='block_1_70' title="bbox 496 3882 2083 3964">
    <p class='ocr_par' dir='ltr' id='par_1_70' title="bbox 496 3882 2083 3964">
     <span class='ocr_line' id='line_1_70' title="bbox 496 3882 2083 3964; baseline 0.013 -32"><span class='ocrx_word' id='word_1_498' title='bbox 496 3882 657 3936; x_wconf 89' lang='lat' dir='ltr'><strong>utile.</strong></span> <span class='ocrx_word' id='word_1_499' title='bbox 691 3882 848 3949; x_wconf 85' lang='lat' dir='ltr'><strong>Quod</strong></span> <span class='ocrx_word' id='word_1_500' title='bbox 896 3896 1078 3942; x_wconf 89' lang='lat' dir='ltr'><strong>autem</strong></span> <span class='ocrx_word' id='word_1_501' title='bbox 1113 3888 1321 3956; x_wconf 89' lang='lat' dir='ltr'><strong>datum,</strong></span> <span class='ocrx_word' id='word_1_502' title='bbox 1368 3908 1476 3946; x_wconf 88' lang='lat' dir='ltr'><strong>non</strong></span> <span class='ocrx_word' id='word_1_503' title='bbox 1509 3894 1637 3947; x_wconf 91' lang='lat' dir='ltr'><strong>licet</strong></span> <span class='ocrx_word' id='word_1_504' title='bbox 1678 3894 1977 3964; x_wconf 87' lang='lat' dir='ltr'><strong>deponere,</strong></span> <span class='ocrx_word' id='word_1_505' title='bbox 2027 3906 2083 3952; x_wconf 85' lang='lat' dir='ltr'><strong>et</strong></span> 
     </span>
    </p>
   </div>
   <div class='ocr_carea' id='block_1_71' title="bbox 493 3971 2084 4051">
    <p class='ocr_par' dir='ltr' id='par_1_71' title="bbox 493 3971 2084 4051">
     <span class='ocr_line' id='line_1_71' title="bbox 493 3971 2084 4051; baseline 0.015 -24"><span class='ocrx_word' id='word_1_506' title='bbox 493 3976 641 4043; x_wconf 88' lang='lat' dir='ltr'><strong>quod</strong></span> <span class='ocrx_word' id='word_1_507' title='bbox 674 3977 724 4031; x_wconf 90' lang='lat' dir='ltr'><strong>ei</strong></span> <span class='ocrx_word' id='word_1_508' title='bbox 758 3980 933 4048; x_wconf 86' lang='lat' dir='ltr'><strong>magis</strong></span> <span class='ocrx_word' id='word_1_509' title='bbox 963 3981 1093 4037; x_wconf 84' lang='lat' dir='ltr'><strong>dant</strong></span> <span class='ocrx_word' id='word_1_510' title='bbox 1125 3998 1239 4037; x_wconf 86' lang='lat' dir='ltr'><strong>suae</strong></span> <span class='ocrx_word' id='word_1_511' title='bbox 1265 3971 1533 4051; x_wconf 80' lang='lat' dir='ltr'><strong>actiones,</strong></span> <span class='ocrx_word' id='word_1_512' title='bbox 1570 3988 1713 4042; x_wconf 89' lang='lat' dir='ltr'><strong>istud</strong></span> <span class='ocrx_word' id='word_1_513' title='bbox 1758 3998 1843 4044; x_wconf 90' lang='lat' dir='ltr'><strong>est</strong></span> <span class='ocrx_word' id='word_1_514' title='bbox 1868 4010 1898 4049; x_wconf 90' lang='lat' dir='ltr'><strong>a</strong></span> <span class='ocrx_word' id='word_1_515' title='bbox 1923 3992 2084 4051; x_wconf 89' lang='lat' dir='ltr'><strong>nobis</strong></span> 
     </span>
    </p>
   </div>
   <div class='ocr_carea' id='block_1_72' title="bbox 398 4070 2081 4156">
    <p class='ocr_par' dir='ltr' id='par_1_72' title="bbox 398 4070 2081 4156">
     <span class='ocr_line' id='line_1_72' title="bbox 398 4070 2081 4156; baseline 0.012 -33"><span class='ocrx_word' id='word_1_516' title='bbox 398 4116 401 4123; x_wconf 43' lang='grc' dir='ltr'><strong><em>λ</em></strong></span> <span class='ocrx_word' id='word_1_517' title='bbox 496 4070 887 4138; x_wconf 61' lang='lat' dir='ltr'><strong>praestandum.</strong></span> <span class='ocrx_word' id='word_1_518' title='bbox 929 4071 1303 4131; x_wconf 63' lang='lat' dir='ltr'><strong>necernemus</strong></span> <span class='ocrx_word' id='word_1_519' title='bbox 1346 4093 1472 4132; x_wconf 92' lang='lat' dir='ltr'><strong>eum</strong></span> <span class='ocrx_word' id='word_1_520' title='bbox 1504 4082 1793 4142; x_wconf 86' lang='lat' dir='ltr'><strong>nominare</strong></span> <span class='ocrx_word' id='word_1_521' title='bbox 1820 4088 2081 4156; x_wconf 76' lang='lat' dir='ltr'><strong>aequalem</strong></span> 
     </span>
    </p>
   </div>
   <div class='ocr_carea' id='block_1_73' title="bbox 494 4162 2082 4235">
    <p class='ocr_par' dir='ltr' id='par_1_73' title="bbox 494 4162 2082 4235">
     <span class='ocr_line' id='line_1_73' title="bbox 494 4162 2082 4235; baseline 0.011 -18"><span class='ocrx_word' id='word_1_522' title='bbox 494 4162 784 4231; x_wconf 80' lang='lat' dir='ltr'><strong>apostolis.</strong></span> <span class='ocrx_word' id='word_1_523' title='bbox 823 4162 1011 4235; x_wconf 75' lang='lat' dir='ltr'><strong>Neque</strong></span> <span class='ocrx_word' id='word_1_524' title='bbox 1038 4168 1183 4223; x_wconf 90' lang='lat' dir='ltr'><strong>enim</strong></span> <span class='ocrx_word' id='word_1_525' title='bbox 1209 4168 1380 4223; x_wconf 88' lang='lat' dir='ltr'><strong>ullum</strong></span> <span class='ocrx_word' id='word_1_526' title='bbox 1421 4173 1588 4228; x_wconf 88' lang='lat' dir='ltr'><strong>alium</strong></span> <span class='ocrx_word' id='word_1_527' title='bbox 1626 4175 1833 4233; x_wconf 88' lang='lat' dir='ltr'><strong>scimus</strong></span> <span class='ocrx_word' id='word_1_528' title='bbox 1868 4188 2082 4234; x_wconf 90' lang='lat' dir='ltr'><strong>tantum</strong></span> 
     </span>
    </p>
   </div>
   <div class='ocr_carea' id='block_1_74' title="bbox 499 4257 2084 4339">
    <p class='ocr_par' dir='ltr' id='par_1_74' title="bbox 499 4257 2084 4339">
     <span class='ocr_line' id='line_1_74' title="bbox 499 4257 2084 4339; baseline 0.012 -34"><span class='ocrx_word' id='word_1_529' title='bbox 499 4260 664 4308; x_wconf 74' lang='lat' dir='ltr'><strong>terra:</strong></span> <span class='ocrx_word' id='word_1_530' title='bbox 688 4263 745 4309; x_wconf 89' lang='lat' dir='ltr'><strong>et</strong></span> <span class='ocrx_word' id='word_1_531' title='bbox 778 4257 947 4313; x_wconf 90' lang='lat' dir='ltr'><strong>maris</strong></span> <span class='ocrx_word' id='word_1_532' title='bbox 974 4258 1200 4323; x_wconf 87' lang='lat' dir='ltr'><strong>obiisse,</strong></span> <span class='ocrx_word' id='word_1_533' title='bbox 1247 4270 1308 4315; x_wconf 90' lang='lat' dir='ltr'><strong>ut</strong></span> <span class='ocrx_word' id='word_1_534' title='bbox 1345 4277 1531 4317; x_wconf 91' lang='lat' dir='ltr'><strong>curam</strong></span> <span class='ocrx_word' id='word_1_535' title='bbox 1574 4277 1790 4335; x_wconf 86' lang='lat' dir='ltr'><strong>gereret</strong></span> <span class='ocrx_word' id='word_1_536' title='bbox 1831 4268 2084 4339; x_wconf 83' lang='lat' dir='ltr'><strong>fratrum,</strong></span> 
     </span>
    </p>
   </div>
   <div class='ocr_carea' id='block_1_75' title="bbox 496 4345 2085 4431">
    <p class='ocr_par' dir='ltr' id='par_1_75' title="bbox 496 4345 2085 4431">
     <span class='ocr_line' id='line_1_75' title="bbox 496 4345 2085 4431; baseline 0.011 -31"><span class='ocrx_word' id='word_1_537' title='bbox 496 4345 604 4400; x_wconf 82' lang='lat' dir='ltr'><strong>nisi</strong></span> <span class='ocrx_word' id='word_1_538' title='bbox 635 4359 881 4403; x_wconf 85' lang='lat' dir='ltr'><strong>summos</strong></span> <span class='ocrx_word' id='word_1_539' title='bbox 927 4348 1132 4404; x_wconf 85' lang='lat' dir='ltr'><strong>Christi</strong></span> <span class='ocrx_word' id='word_1_540' title='bbox 1178 4351 1498 4422; x_wconf 90' lang='lat' dir='ltr'><strong>discipulos,</strong></span> <span class='ocrx_word' id='word_1_541' title='bbox 1540 4371 1679 4425; x_wconf 89' lang='lat' dir='ltr'><strong>quos</strong></span> <span class='ocrx_word' id='word_1_542' title='bbox 1717 4359 1939 4428; x_wconf 91' lang='lat' dir='ltr'><strong>quidem</strong></span> <span class='ocrx_word' id='word_1_543' title='bbox 1969 4363 2085 4431; x_wconf 90' lang='lat' dir='ltr'><strong>ipse</strong></span> 
     </span>
    </p>
   </div>
   <div class='ocr_carea' id='block_1_76' title="bbox 496 4437 2081 4511">
    <p class='ocr_par' dir='ltr' id='par_1_76' title="bbox 496 4437 2081 4511">
     <span class='ocr_line' id='line_1_76' title="bbox 496 4437 2081 4511; baseline 0.011 -20"><span class='ocrx_word' id='word_1_544' title='bbox 496 4445 583 4491; x_wconf 86' lang='lat' dir='ltr'><strong>est</strong></span> <span class='ocrx_word' id='word_1_545' title='bbox 608 4444 851 4493; x_wconf 89' lang='lat' dir='ltr'><strong>secutus.</strong></span> <span class='ocrx_word' id='word_1_546' title='bbox 876 4437 1004 4495; x_wconf 70' lang='lat' dir='ltr'><strong>Haec</strong></span> <span class='ocrx_word' id='word_1_547' title='bbox 1024 4440 1113 4496; x_wconf 90' lang='lat' dir='ltr'><strong>ille</strong></span> <span class='ocrx_word' id='word_1_548' title='bbox 1135 4442 1353 4511; x_wconf 87' lang='lat' dir='ltr'><strong>quidem</strong></span> <span class='ocrx_word' id='word_1_549' title='bbox 1382 4463 1395 4499; x_wconf 90' lang='lat'><strong>:</strong></span> <span class='ocrx_word' id='word_1_550' title='bbox 1420 4447 1673 4504; x_wconf 84' lang='lat' dir='ltr'><strong>omnibus</strong></span> <span class='ocrx_word' id='word_1_551' title='bbox 1699 4460 1881 4507; x_wconf 87' lang='lat' dir='ltr'><strong>autem</strong></span> <span class='ocrx_word' id='word_1_552' title='bbox 1907 4454 2081 4509; x_wconf 81' lang='lat' dir='ltr'><strong>visum</strong></span> 
     </span>
    </p>
   </div>
   <div class='ocr_carea' id='block_1_77' title="bbox 493 4530 2083 4615">
    <p class='ocr_par' dir='ltr' id='par_1_77' title="bbox 493 4530 2083 4615">
     <span class='ocr_line' id='line_1_77' title="bbox 493 4530 2083 4615; baseline 0.011 -29"><span class='ocrx_word' id='word_1_553' title='bbox 493 4539 582 4586; x_wconf 84' lang='lat' dir='ltr'><strong>est</strong></span> <span class='ocrx_word' id='word_1_554' title='bbox 616 4530 690 4585; x_wconf 89' lang='lat' dir='ltr'><strong>ita</strong></span> <span class='ocrx_word' id='word_1_555' title='bbox 722 4546 842 4587; x_wconf 85' lang='lat' dir='ltr'><strong>esse</strong></span> <span class='ocrx_word' id='word_1_556' title='bbox 876 4531 1209 4589; x_wconf 78' lang='lat' dir='ltr'><strong>faciendum.</strong></span> <span class='ocrx_word' id='word_1_557' title='bbox 1245 4535 1443 4608; x_wconf 91' lang='lat' dir='ltr'><strong>Sicque</strong></span> <span class='ocrx_word' id='word_1_558' title='bbox 1474 4540 1542 4594; x_wconf 89' lang='lat' dir='ltr'><strong>ab</strong></span> <span class='ocrx_word' id='word_1_559' title='bbox 1584 4540 1677 4597; x_wconf 89' lang='lat' dir='ltr'><strong>illo</strong></span> <span class='ocrx_word' id='word_1_560' title='bbox 1706 4550 1955 4615; x_wconf 86' lang='lat' dir='ltr'><strong>tempore</strong></span> <span class='ocrx_word' id='word_1_561' title='bbox 1988 4563 2083 4603; x_wconf 91' lang='lat' dir='ltr'><strong>ac-</strong></span> 
     </span>
    </p>
   </div>
   <div class='ocr_carea' id='block_1_78' title="bbox 493 4624 2080 4700">
    <p class='ocr_par' dir='ltr' id='par_1_78' title="bbox 493 4624 2080 4700">
     <span class='ocr_line' id='line_1_78' title="bbox 493 4624 2080 4700; baseline 0.01 -23"><span class='ocrx_word' id='word_1_562' title='bbox 493 4627 640 4692; x_wconf 87' lang='lat' dir='ltr'><strong>cepit</strong></span> <span class='ocrx_word' id='word_1_563' title='bbox 671 4624 815 4679; x_wconf 87' lang='lat' dir='ltr'><strong>banc</strong></span> <span class='ocrx_word' id='word_1_564' title='bbox 839 4624 1363 4696; x_wconf 89' lang='lat' dir='ltr'><strong>denominationem,</strong></span> <span class='ocrx_word' id='word_1_565' title='bbox 1395 4632 1486 4700; x_wconf 90' lang='lat' dir='ltr'><strong>qui</strong></span> <span class='ocrx_word' id='word_1_566' title='bbox 1513 4632 1676 4688; x_wconf 89' lang='lat' dir='ltr'><strong>etiam</strong></span> <span class='ocrx_word' id='word_1_567' title='bbox 1706 4647 1834 4691; x_wconf 89' lang='lat' dir='ltr'><strong>ante</strong></span> <span class='ocrx_word' id='word_1_568' title='bbox 1865 4637 2080 4694; x_wconf 92' lang='lat' dir='ltr'><strong>illorum</strong></span> 
     </span>
    </p>
   </div>
   <div class='ocr_carea' id='block_1_79' title="bbox 497 4716 2082 4790">
    <p class='ocr_par' dir='ltr' id='par_1_79' title="bbox 497 4716 2082 4790">
     <span class='ocr_line' id='line_1_79' title="bbox 497 4716 2082 4790; baseline 0.011 -23"><span class='ocrx_word' id='word_1_569' title='bbox 497 4716 831 4771; x_wconf 82' lang='lat' dir='ltr'><strong>sententiam</strong></span> <span class='ocrx_word' id='word_1_570' title='bbox 875 4718 1021 4773; x_wconf 85' lang='lat' dir='ltr'><strong>hanc</strong></span> <span class='ocrx_word' id='word_1_571' title='bbox 1070 4728 1191 4775; x_wconf 83' lang='lat' dir='ltr'><strong>erat</strong></span> <span class='ocrx_word' id='word_1_572' title='bbox 1242 4720 1377 4790; x_wconf 89' lang='lat' dir='ltr'><strong>ipsis</strong></span> <span class='ocrx_word' id='word_1_573' title='bbox 1432 4722 1592 4780; x_wconf 78' lang='lat' dir='ltr'><strong>factis</strong></span> <span class='ocrx_word' id='word_1_574' title='bbox 1637 4728 1888 4783; x_wconf 86' lang='lat' dir='ltr'><strong>sortitus.</strong></span> <span class='ocrx_word' id='word_1_575' title='bbox 1945 4730 2082 4786; x_wconf 83' lang='lat' dir='ltr'><strong>Cum</strong></span> 
     </span>
    </p>
   </div>
   <div class='ocr_carea' id='block_1_80' title="bbox 496 4804 2080 4890">
    <p class='ocr_par' dir='ltr' id='par_1_80' title="bbox 496 4804 2080 4890">
     <span class='ocr_line' id='line_1_80' title="bbox 496 4804 2080 4890; baseline 0.013 -34"><span class='ocrx_word' id='word_1_576' title='bbox 496 4804 646 4865; x_wconf 84' lang='lat' dir='ltr'><strong>illine</strong></span> <span class='ocrx_word' id='word_1_577' title='bbox 671 4822 802 4876; x_wconf 83' lang='lat' dir='ltr'><strong>ergo</strong></span> <span class='ocrx_word' id='word_1_578' title='bbox 832 4810 1171 4875; x_wconf 82' lang='lat' dir='ltr'><strong>recessisset,</strong></span> <span class='ocrx_word' id='word_1_579' title='bbox 1205 4813 1344 4867; x_wconf 86' lang='lat' dir='ltr'><strong>et-in</strong></span> <span class='ocrx_word' id='word_1_580' title='bbox 1383 4822 1614 4885; x_wconf 87' lang='lat' dir='ltr'><strong>utraque</strong></span> <span class='ocrx_word' id='word_1_581' title='bbox 1650 4817 1844 4874; x_wconf 87' lang='lat' dir='ltr'><strong>fuisset</strong></span> <span class='ocrx_word' id='word_1_582' title='bbox 1870 4820 2080 4890; x_wconf 86' lang='lat' dir='ltr'><strong>Cilicia,</strong></span> 
     </span>
    </p>
   </div>
   <div class='ocr_carea' id='block_1_81' title="bbox 494 4898 2080 4983">
    <p class='ocr_par' dir='ltr' id='par_1_81' title="bbox 494 4898 2080 4983">
     <span class='ocr_line' id='line_1_81' title="bbox 494 4898 2080 4983; baseline 0.012 -32"><span class='ocrx_word' id='word_1_583' title='bbox 494 4907 553 4951; x_wconf 83' lang='lat' dir='ltr'><strong>et</strong></span> <span class='ocrx_word' id='word_1_584' title='bbox 585 4898 915 4970; x_wconf 81' lang='lat' dir='ltr'><strong>Lycaoniam</strong></span> <span class='ocrx_word' id='word_1_585' title='bbox 942 4902 1191 4965; x_wconf 83' lang='lat' dir='ltr'><strong>obiisset,</strong></span> <span class='ocrx_word' id='word_1_586' title='bbox 1227 4912 1282 4959; x_wconf 86' lang='lat' dir='ltr'><strong>et</strong></span> <span class='ocrx_word' id='word_1_587' title='bbox 1320 4904 1603 4973; x_wconf 90' lang='lat' dir='ltr'><strong>Pisidiam,</strong></span> <span class='ocrx_word' id='word_1_588' title='bbox 1636 4911 1785 4965; x_wconf 87' lang='lat' dir='ltr'><strong>venit</strong></span> <span class='ocrx_word' id='word_1_589' title='bbox 1809 4912 2080 4983; x_wconf 84' lang='lat' dir='ltr'><strong>Synadem</strong></span> 
     </span>
    </p>
   </div>
   <div class='ocr_carea' id='block_1_82' title="bbox 498 4989 2080 5074">
    <p class='ocr_par' dir='ltr' id='par_1_82' title="bbox 498 4989 2080 5074">
     <span class='ocr_line' id='line_1_82' title="bbox 498 4989 2080 5074; baseline 0.013 -33"><span class='ocrx_word' id='word_1_590' title='bbox 498 4989 744 5060; x_wconf 70' lang='lat' dir='ltr'><strong>Phrygia:</strong></span> <span class='ocrx_word' id='word_1_591' title='bbox 798 4993 1167 5063; x_wconf 85' lang='lat' dir='ltr'><strong>metropolim.</strong></span> <span class='ocrx_word' id='word_1_592' title='bbox 1221 4994 1472 5066; x_wconf 87' lang='lat' dir='ltr'><strong>llospitio</strong></span> <span class='ocrx_word' id='word_1_593' title='bbox 1520 5008 1705 5054; x_wconf 89' lang='lat' dir='ltr'><strong>autem</strong></span> <span class='ocrx_word' id='word_1_594' title='bbox 1756 5014 2017 5074; x_wconf 90' lang='lat' dir='ltr'><strong>acceptus</strong></span> <span class='ocrx_word' id='word_1_595' title='bbox 2053 5022 2080 5061; x_wconf 93' lang='lat' dir='ltr'><strong>a</strong></span> 
     </span>
    </p>
   </div>
   <div class='ocr_carea' id='block_1_83' title="bbox 495 5082 2080 5159">
    <p class='ocr_par' dir='ltr' id='par_1_83' title="bbox 495 5082 2080 5159">
     <span class='ocr_line' id='line_1_83' title="bbox 495 5082 2080 5159; baseline 0.011 -24"><span class='ocrx_word' id='word_1_596' title='bbox 495 5082 829 5147; x_wconf 80' lang='lat' dir='ltr'><strong>quihusdam</strong></span> <span class='ocrx_word' id='word_1_597' title='bbox 868 5099 933 5139; x_wconf 78' lang='lat' dir='ltr'><strong>ex</strong></span> <span class='ocrx_word' id='word_1_598' title='bbox 965 5085 1052 5149; x_wconf 92' lang='lat' dir='ltr'><strong>iis,</strong></span> <span class='ocrx_word' id='word_1_599' title='bbox 1085 5086 1176 5155; x_wconf 92' lang='lat' dir='ltr'><strong>qui</strong></span> <span class='ocrx_word' id='word_1_600' title='bbox 1206 5086 1318 5142; x_wconf 90' lang='lat' dir='ltr'><strong>illic</strong></span> <span class='ocrx_word' id='word_1_601' title='bbox 1354 5099 1512 5145; x_wconf 86' lang='lat' dir='ltr'><strong>erant</strong></span> <span class='ocrx_word' id='word_1_602' title='bbox 1557 5090 1907 5159; x_wconf 84' lang='lat' dir='ltr'><strong>Christianis,</strong></span> <span class='ocrx_word' id='word_1_603' title='bbox 1955 5113 2080 5152; x_wconf 90' lang='lat' dir='ltr'><strong>eum</strong></span> 
     </span>
    </p>
   </div>
   <div class='ocr_carea' id='block_1_84' title="bbox 496 5181 2083 5245">
    <p class='ocr_par' dir='ltr' id='par_1_84' title="bbox 496 5181 2083 5245">
     <span class='ocr_line' id='line_1_84' title="bbox 496 5181 2083 5245; baseline 0.011 -18"><span class='ocrx_word' id='word_1_604' title='bbox 496 5190 559 5227; x_wconf 81' lang='lat' dir='ltr'><strong>se</strong></span> <span class='ocrx_word' id='word_1_605' title='bbox 601 5189 896 5244; x_wconf 86' lang='lat' dir='ltr'><strong>parumper</strong></span> <span class='ocrx_word' id='word_1_606' title='bbox 930 5188 1254 5245; x_wconf 86' lang='lat' dir='ltr'><strong>recreasset,</strong></span> <span class='ocrx_word' id='word_1_607' title='bbox 1304 5181 1372 5236; x_wconf 91' lang='lat' dir='ltr'><strong>ad</strong></span> <span class='ocrx_word' id='word_1_608' title='bbox 1413 5197 1568 5238; x_wconf 88' lang='lat' dir='ltr'><strong>suam</strong></span> <span class='ocrx_word' id='word_1_609' title='bbox 1615 5187 1903 5243; x_wconf 86' lang='lat' dir='ltr'><strong>contendit</strong></span> <span class='ocrx_word' id='word_1_610' title='bbox 1947 5191 2083 5245; x_wconf 53' lang='lat' dir='ltr'><strong>civi.</strong></span> 
     </span>
    </p>
   </div>
   <div class='ocr_carea' id='block_1_85' title="bbox 494 5275 690 5320">
    <p class='ocr_par' dir='ltr' id='par_1_85' title="bbox 494 5275 690 5320">
     <span class='ocr_line' id='line_1_85' title="bbox 494 5275 690 5320; baseline 0.005 -2"><span class='ocrx_word' id='word_1_611' title='bbox 494 5275 690 5320; x_wconf 81' lang='lat' dir='ltr'><strong>tatem.</strong></span> 
     </span>
    </p>
   </div>
   <div class='ocr_carea' id='block_1_86' title="bbox 565 5355 2081 5438">
    <p class='ocr_par' dir='ltr' id='par_1_86' title="bbox 565 5355 2081 5438">
     <span class='ocr_line' id='line_1_86' title="bbox 565 5355 2081 5438; baseline 0.011 -28"><span class='ocrx_word' id='word_1_612' title='bbox 565 5355 774 5412; x_wconf 76' lang='lat' dir='ltr'><strong>XXVII.</strong></span> <span class='ocrx_word' id='word_1_613' title='bbox 818 5357 954 5413; x_wconf 89' lang='lat' dir='ltr'><strong>Cum</strong></span> <span class='ocrx_word' id='word_1_614' title='bbox 998 5359 1180 5431; x_wconf 89' lang='lat' dir='ltr'><strong>itaque</strong></span> <span class='ocrx_word' id='word_1_615' title='bbox 1232 5372 1423 5420; x_wconf 78' lang='lat' dir='ltr'><strong>aestate</strong></span> <span class='ocrx_word' id='word_1_616' title='bbox 1477 5366 1717 5423; x_wconf 85' lang='lat' dir='ltr'><strong>venisset</strong></span> <span class='ocrx_word' id='word_1_617' title='bbox 1768 5368 1834 5423; x_wconf 86' lang='lat' dir='ltr'><strong>ad</strong></span> <span class='ocrx_word' id='word_1_618' title='bbox 1878 5370 2081 5438; x_wconf 90' lang='lat' dir='ltr'><strong>locum,</strong></span> 
     </span>
    </p>
   </div>
   <div class='ocr_carea' id='block_1_87' title="bbox 490 5450 2079 5531">
    <p class='ocr_par' dir='ltr' id='par_1_87' title="bbox 490 5450 2079 5531">
     <span class='ocr_line' id='line_1_87' title="bbox 490 5450 2079 5531; baseline 0.013 -32"><span class='ocrx_word' id='word_1_619' title='bbox 490 5451 585 5518; x_wconf 80' lang='lat' dir='ltr'><strong>qui</strong></span> <span class='ocrx_word' id='word_1_620' title='bbox 618 5450 820 5505; x_wconf 88' lang='lat' dir='ltr'><strong>dicitur</strong></span> <span class='ocrx_word' id='word_1_621' title='bbox 850 5451 1053 5519; x_wconf 84' lang='lat' dir='ltr'><strong>Aulon,</strong></span> <span class='ocrx_word' id='word_1_622' title='bbox 1091 5455 1238 5509; x_wconf 88' lang='lat' dir='ltr'><strong>sedit</strong></span> <span class='ocrx_word' id='word_1_623' title='bbox 1272 5456 1325 5510; x_wconf 93' lang='lat' dir='ltr'><strong>in</strong></span> <span class='ocrx_word' id='word_1_624' title='bbox 1377 5468 1533 5527; x_wconf 88' lang='lat' dir='ltr'><strong>petra</strong></span> <span class='ocrx_word' id='word_1_625' title='bbox 1580 5462 1912 5531; x_wconf 86' lang='lat' dir='ltr'><strong>propinqua.</strong></span> <span class='ocrx_word' id='word_1_626' title='bbox 1944 5465 2079 5518; x_wconf 84' lang='lat' dir='ltr'><strong>Cum</strong></span> 
     </span>
    </p>
   </div>
   <div class='ocr_carea' id='block_1_88' title="bbox 491 5546 2083 5617">
    <p class='ocr_par' dir='ltr' id='par_1_88' title="bbox 491 5546 2083 5617">
     <span class='ocr_line' id='line_1_88' title="bbox 491 5546 2083 5617; baseline 0.011 -21"><span class='ocrx_word' id='word_1_627' title='bbox 491 5552 678 5597; x_wconf 85' lang='lat' dir='ltr'><strong>autem</strong></span> <span class='ocrx_word' id='word_1_628' title='bbox 711 5550 767 5597; x_wconf 86' lang='lat' dir='ltr'><strong>et</strong></span> <span class='ocrx_word' id='word_1_629' title='bbox 803 5553 1003 5600; x_wconf 85' lang='lat' dir='ltr'><strong>ventus</strong></span> <span class='ocrx_word' id='word_1_630' title='bbox 1033 5546 1271 5615; x_wconf 83' lang='lat' dir='ltr'><strong>spiraret</strong></span> <span class='ocrx_word' id='word_1_631' title='bbox 1304 5549 1352 5604; x_wconf 92' lang='lat' dir='ltr'><strong>ei</strong></span> <span class='ocrx_word' id='word_1_632' title='bbox 1390 5551 1676 5617; x_wconf 79' lang='lat' dir='ltr'><strong>adversus,</strong></span> <span class='ocrx_word' id='word_1_633' title='bbox 1703 5562 1758 5607; x_wconf 90' lang='lat' dir='ltr'><strong>et</strong></span> <span class='ocrx_word' id='word_1_634' title='bbox 1789 5570 1816 5607; x_wconf 90' lang='lat' dir='ltr'><strong>a</strong></span> <span class='ocrx_word' id='word_1_635' title='bbox 1863 5560 2083 5614; x_wconf 88' lang='lat' dir='ltr'><strong>rusticis</strong></span> 
     </span>
    </p>
   </div>
   <div class='ocr_carea' id='block_1_89' title="bbox 487 5633 2083 5707">
    <p class='ocr_par' dir='ltr' id='par_1_89' title="bbox 487 5633 2083 5707">
     <span class='ocr_line' id='line_1_89' title="bbox 487 5633 2083 5707; baseline 0.012 -23"><span class='ocrx_word' id='word_1_636' title='bbox 487 5633 832 5691; x_wconf 74' lang='lat' dir='ltr'><strong>frumentum</strong></span> <span class='ocrx_word' id='word_1_637' title='bbox 894 5636 948 5690; x_wconf 92' lang='lat' dir='ltr'><strong>in</strong></span> <span class='ocrx_word' id='word_1_638' title='bbox 999 5652 1125 5693; x_wconf 88' lang='lat' dir='ltr'><strong>arca</strong></span> <span class='ocrx_word' id='word_1_639' title='bbox 1183 5642 1564 5707; x_wconf 86' lang='lat' dir='ltr'><strong>ventilaretur,</strong></span> <span class='ocrx_word' id='word_1_640' title='bbox 1616 5652 1672 5697; x_wconf 91' lang='lat' dir='ltr'><strong>et</strong></span> <span class='ocrx_word' id='word_1_641' title='bbox 1720 5661 1850 5699; x_wconf 76' lang='lat' dir='ltr'><strong>aura</strong></span> <span class='ocrx_word' id='word_1_642' title='bbox 1891 5657 2083 5703; x_wconf 85' lang='lat' dir='ltr'><strong>tenues</strong></span> 
     </span>
    </p>
   </div>
   <div class='ocr_carea' id='block_1_90' title="bbox 494 5723 2083 5812">
    <p class='ocr_par' dir='ltr' id='par_1_90' title="bbox 494 5723 2083 5812">
     <span class='ocr_line' id='line_1_90' title="bbox 494 5723 2083 5812; baseline 0.014 -38"><span class='ocrx_word' id='word_1_643' title='bbox 494 5723 679 5795; x_wconf 73' lang='lat' dir='ltr'><strong>paleas</strong></span> <span class='ocrx_word' id='word_1_644' title='bbox 712 5727 985 5792; x_wconf 78' lang='lat' dir='ltr'><strong>excitans,</strong></span> <span class='ocrx_word' id='word_1_645' title='bbox 1027 5730 1081 5784; x_wconf 89' lang='lat' dir='ltr'><strong>in</strong></span> <span class='ocrx_word' id='word_1_646' title='bbox 1116 5733 1294 5788; x_wconf 81' lang='lat' dir='ltr'><strong>sancti</strong></span> <span class='ocrx_word' id='word_1_647' title='bbox 1328 5734 1534 5789; x_wconf 86' lang='lat' dir='ltr'><strong>vultum</strong></span> <span class='ocrx_word' id='word_1_648' title='bbox 1572 5724 1896 5805; x_wconf 82' lang='lat' dir='ltr'><strong>projiceret,</strong></span> <span class='ocrx_word' id='word_1_649' title='bbox 1931 5752 2083 5812; x_wconf 75' lang='lat' dir='ltr'><strong>rugat</strong></span> 
     </span>
    </p>
   </div>
   <div class='ocr_carea' id='block_1_91' title="bbox 497 5810 2077 5891">
    <p class='ocr_par' dir='ltr' id='par_1_91' title="bbox 497 5810 2077 5891">
     <span class='ocr_line' id='line_1_91' title="bbox 497 5810 2077 5891; baseline 0.012 -28"><span class='ocrx_word' id='word_1_650' title='bbox 497 5810 783 5883; x_wconf 75' lang='lat' dir='ltr'><strong>agricolas,</strong></span> <span class='ocrx_word' id='word_1_651' title='bbox 823 5828 877 5871; x_wconf 91' lang='lat' dir='ltr'><strong>ut</strong></span> <span class='ocrx_word' id='word_1_652' title='bbox 912 5817 1154 5875; x_wconf 84' lang='lat' dir='ltr'><strong>laborem</strong></span> <span class='ocrx_word' id='word_1_653' title='bbox 1198 5821 1540 5891; x_wconf 86' lang='lat' dir='ltr'><strong>aliquantum</strong></span> <span class='ocrx_word' id='word_1_654' title='bbox 1585 5824 1951 5880; x_wconf 85' lang='lat' dir='ltr'><strong>remitterent.</strong></span> <span class='ocrx_word' id='word_1_655' title='bbox 2001 5810 2077 5881; x_wconf 89' lang='lat' dir='ltr'><strong>llli</strong></span> 
     </span>
    </p>
   </div>
   <div class='ocr_carea' id='block_1_92' title="bbox 2191 3226 3778 3306">
    <p class='ocr_par' dir='ltr' id='par_1_92' title="bbox 2191 3226 3778 3306">
     <span class='ocr_line' id='line_1_92' title="bbox 2191 3226 3778 3306; baseline -0.013 -16"><span class='ocrx_word' id='word_1_656' title='bbox 2191 3240 2289 3306; x_wconf 82' lang='grc' dir='ltr'>τῆς</span> <span class='ocrx_word' id='word_1_657' title='bbox 2327 3233 2599 3306; x_wconf 79' lang='grc' dir='ltr'>βασιλίδος</span> <span class='ocrx_word' id='word_1_658' title='bbox 2638 3232 2863 3285; x_wconf 85' lang='grc' dir='ltr'>πλείονα</span> <span class='ocrx_word' id='word_1_659' title='bbox 2890 3230 3133 3303; x_wconf 67' lang='grc' dir='ltr'>εἰρηκὼς</span> <span class='ocrx_word' id='word_1_660' title='bbox 3162 3226 3327 3296; x_wconf 74' lang='grc' dir='ltr'>εἶναι,</span> <span class='ocrx_word' id='word_1_661' title='bbox 3358 3231 3452 3282; x_wconf 79' lang='grc' dir='ltr'><strong>καὶ</strong></span> <span class='ocrx_word' id='word_1_662' title='bbox 3478 3228 3778 3297; x_wconf 74' lang='grc' dir='ltr'>εὐλογωτέ.</span> 
     </span>
    </p>
   </div>
   <div class='ocr_carea' id='block_1_93' title="bbox 2194 3321 3781 3402">
    <p class='ocr_par' dir='ltr' id='par_1_93' title="bbox 2194 3321 3781 3402">
     <span class='ocr_line' id='line_1_93' title="bbox 2194 3321 3781 3402; baseline -0.006 -19"><span class='ocrx_word' id='word_1_663' title='bbox 2194 3348 2289 3402; x_wconf 86' lang='grc' dir='ltr'><strong>ρας</strong></span> <span class='ocrx_word' id='word_1_664' title='bbox 2314 3329 2547 3400; x_wconf 83' lang='grc' dir='ltr'>ἐχόμενα</span> <span class='ocrx_word' id='word_1_665' title='bbox 2579 3326 2716 3397; x_wconf 80' lang='grc' dir='ltr'>πρὸς</span> <span class='ocrx_word' id='word_1_666' title='bbox 2743 3324 2805 3378; x_wconf 83' lang='grc' dir='ltr'>τὸ</span> <span class='ocrx_word' id='word_1_667' title='bbox 2830 3323 3322 3394; x_wconf 74' lang='grc' dir='ltr'>λαϐεῖνάερορμῆςσ</span> <span class='ocrx_word' id='word_1_668' title='bbox 3346 3325 3393 3377; x_wconf 81' lang='lat' dir='ltr'><strong>oi</strong></span> <span class='ocrx_word' id='word_1_669' title='bbox 3423 3323 3479 3376; x_wconf 80' lang='grc' dir='ltr'><strong>δὲ</strong></span> <span class='ocrx_word' id='word_1_670' title='bbox 3517 3321 3781 3392; x_wconf 74' lang='grc' dir='ltr'>προσκείυ-</span> 
     </span>
    </p>
   </div>
   <div class='ocr_carea' id='block_1_94' title="bbox 2194 3414 3781 3495">
    <p class='ocr_par' dir='ltr' id='par_1_94' title="bbox 2194 3414 3781 3495">
     <span class='ocr_line' id='line_1_94' title="bbox 2194 3414 3781 3495; baseline -0.004 -19"><span class='ocrx_word' id='word_1_671' title='bbox 2194 3441 2346 3495; x_wconf 88' lang='grc' dir='ltr'>μενοι</span> <span class='ocrx_word' id='word_1_672' title='bbox 2374 3422 2581 3474; x_wconf 80' lang='grc' dir='ltr'>πείθειν</span> <span class='ocrx_word' id='word_1_673' title='bbox 2612 3421 2713 3473; x_wconf 82' lang='grc' dir='ltr'>οὐκ</span> <span class='ocrx_word' id='word_1_674' title='bbox 2753 3414 2919 3490; x_wconf 76' lang='grc' dir='ltr'>εἶχον,</span> <span class='ocrx_word' id='word_1_675' title='bbox 2959 3421 3040 3482; x_wconf 80' lang='grc' dir='ltr'><strong>είς</strong></span> <span class='ocrx_word' id='word_1_676' title='bbox 3078 3419 3246 3489; x_wconf 82' lang='grc' dir='ltr'>μέσον</span> <span class='ocrx_word' id='word_1_677' title='bbox 3299 3435 3384 3480; x_wconf 82' lang='grc' dir='ltr'><strong>τις</strong></span> <span class='ocrx_word' id='word_1_678' title='bbox 3410 3417 3558 3485; x_wconf 76' lang='grc' dir='ltr'>αὐτῷ</span> <span class='ocrx_word' id='word_1_679' title='bbox 3615 3432 3781 3469; x_wconf 83' lang='grc' dir='ltr'>κατα-</span> 
     </span>
    </p>
   </div>
   <div class='ocr_carea' id='block_1_95' title="bbox 2192 3511 3777 3585">
    <p class='ocr_par' dir='ltr' id='par_1_95' title="bbox 2192 3511 3777 3585">
     <span class='ocr_line' id='line_1_95' title="bbox 2192 3511 3777 3585; baseline -0.006 -15"><span class='ocrx_word' id='word_1_680' title='bbox 2192 3517 2324 3580; x_wconf 86' lang='grc' dir='ltr'>στὰς</span> <span class='ocrx_word' id='word_1_681' title='bbox 2353 3515 2713 3585; x_wconf 77' lang='grc' dir='ltr'>Βαρχασάνης</span> <span class='ocrx_word' id='word_1_682' title='bbox 2731 3514 2923 3583; x_wconf 70' lang='grc' dir='ltr'>ὅνομαο</span> <span class='ocrx_word' id='word_1_683' title='bbox 2947 3512 3086 3580; x_wconf 78' lang='grc' dir='ltr'>ἀνὴρ</span> <span class='ocrx_word' id='word_1_684' title='bbox 3110 3514 3171 3563; x_wconf 85' lang='grc' dir='ltr'><strong>τὸ</strong></span> <span class='ocrx_word' id='word_1_685' title='bbox 3193 3511 3347 3578; x_wconf 86' lang='grc' dir='ltr'>γένος</span> <span class='ocrx_word' id='word_1_686' title='bbox 3367 3511 3777 3580; x_wconf 81' lang='grc' dir='ltr'>λαμπρότατος,</span> 
     </span>
    </p>
   </div>
   <div class='ocr_carea' id='block_1_96' title="bbox 2190 3601 3781 3676">
    <p class='ocr_par' dir='ltr' id='par_1_96' title="bbox 2190 3601 3781 3676">
     <span class='ocr_line' id='line_1_96' title="bbox 2190 3601 3781 3676; baseline -0.006 -15"><span class='ocrx_word' id='word_1_687' title='bbox 2190 3609 2283 3661; x_wconf 72' lang='grc' dir='ltr'>τὸν</span> <span class='ocrx_word' id='word_1_688' title='bbox 2321 3607 2552 3661; x_wconf 82' lang='grc' dir='ltr'>πλοῦτον</span> <span class='ocrx_word' id='word_1_689' title='bbox 2591 3605 3020 3676; x_wconf 78' lang='grc' dir='ltr'>διαφορώτατος,</span> <span class='ocrx_word' id='word_1_690' title='bbox 3047 3602 3341 3664; x_wconf 81' lang='grc' dir='ltr'>Βιάζεσθαι</span> <span class='ocrx_word' id='word_1_691' title='bbox 3371 3602 3491 3671; x_wconf 81' lang='grc' dir='ltr'>μὲν,</span> <span class='ocrx_word' id='word_1_692' title='bbox 3528 3601 3781 3670; x_wconf 68' lang='grc' dir='ltr'>ἀδελφοὶ,</span> 
     </span>
    </p>
   </div>
   <div class='ocr_carea' id='block_1_97' title="bbox 2189 3693 3775 3772">
    <p class='ocr_par' dir='ltr' id='par_1_97' title="bbox 2189 3693 3775 3772">
     <span class='ocr_line' id='line_1_97' title="bbox 2189 3693 3775 3772; baseline -0.007 -17"><span class='ocrx_word' id='word_1_693' title='bbox 2189 3704 2281 3755; x_wconf 74' lang='grc' dir='ltr'><strong>τὸν</strong></span> <span class='ocrx_word' id='word_1_694' title='bbox 2304 3701 2472 3769; x_wconf 81' lang='grc' dir='ltr'>ἄνδρα</span> <span class='ocrx_word' id='word_1_695' title='bbox 2500 3702 2798 3772; x_wconf 85' lang='grc' dir='ltr'>χρημάτων</span> <span class='ocrx_word' id='word_1_696' title='bbox 2827 3697 3013 3762; x_wconf 78' lang='grc' dir='ltr'>ἕνεκα,</span> <span class='ocrx_word' id='word_1_697' title='bbox 3046 3696 3175 3764; x_wconf 71' lang='grc' dir='ltr'><strong>ἔφη,</strong></span> <span class='ocrx_word' id='word_1_698' title='bbox 3208 3694 3333 3747; x_wconf 81' lang='grc' dir='ltr'>οὔτε</span> <span class='ocrx_word' id='word_1_699' title='bbox 3364 3693 3513 3763; x_wconf 70' lang='grc' dir='ltr'>αὐτῷ</span> <span class='ocrx_word' id='word_1_700' title='bbox 3539 3695 3775 3763; x_wconf 77' lang='grc' dir='ltr'>πρέπον,</span> 
     </span>
    </p>
   </div>
   <div class='ocr_carea' id='block_1_98' title="bbox 2191 3786 3780 3864">
    <p class='ocr_par' dir='ltr' id='par_1_98' title="bbox 2191 3786 3780 3864">
     <span class='ocr_line' id='line_1_98' title="bbox 2191 3786 3780 3864; baseline -0.008 -15"><span class='ocrx_word' id='word_1_701' title='bbox 2191 3796 2304 3849; x_wconf 68' lang='grc' dir='ltr'>οὗθ’</span> <span class='ocrx_word' id='word_1_702' title='bbox 2346 3796 2478 3864; x_wconf 78' lang='grc' dir='ltr'>ἡμῖν</span> <span class='ocrx_word' id='word_1_703' title='bbox 2511 3793 2648 3856; x_wconf 81' lang='grc' dir='ltr'>ὅλως</span> <span class='ocrx_word' id='word_1_704' title='bbox 2701 3789 3003 3851; x_wconf 81' lang='grc' dir='ltr'>λυσιτελές,</span> <span class='ocrx_word' id='word_1_705' title='bbox 3041 3790 3106 3841; x_wconf 88' lang='grc' dir='ltr'><strong>Ὃ</strong></span> <span class='ocrx_word' id='word_1_706' title='bbox 3137 3786 3193 3839; x_wconf 91' lang='grc' dir='ltr'>δὲ</span> <span class='ocrx_word' id='word_1_707' title='bbox 3228 3788 3330 3841; x_wconf 74' lang='grc' dir='ltr'>οὐκ</span> <span class='ocrx_word' id='word_1_708' title='bbox 3360 3787 3476 3839; x_wconf 77' lang='grc' dir='ltr'>ἐστι</span> <span class='ocrx_word' id='word_1_709' title='bbox 3499 3786 3780 3857; x_wconf 72' lang='grc' dir='ltr'>διδόμενον</span> 
     </span>
    </p>
   </div>
   <div class='ocr_carea' id='block_1_99' title="bbox 2191 3878 3780 3954">
    <p class='ocr_par' dir='ltr' id='par_1_99' title="bbox 2191 3878 3780 3954">
     <span class='ocr_line' id='line_1_99' title="bbox 2191 3878 3780 3954; baseline -0.007 -14"><span class='ocrx_word' id='word_1_710' title='bbox 2191 3886 2519 3948; x_wconf 81' lang='grc' dir='ltr'>ἀποθέσθαι,</span> <span class='ocrx_word' id='word_1_711' title='bbox 2568 3887 2663 3937; x_wconf 75' lang='grc' dir='ltr'>καὶ</span> <span class='ocrx_word' id='word_1_712' title='bbox 2695 3886 2832 3954; x_wconf 87' lang='grc' dir='ltr'>ὅπερ</span> <span class='ocrx_word' id='word_1_713' title='bbox 2872 3882 3024 3953; x_wconf 81' lang='grc' dir='ltr'>αὐτῷ</span> <span class='ocrx_word' id='word_1_714' title='bbox 3067 3881 3271 3952; x_wconf 81' lang='grc' dir='ltr'>μᾶλλον</span> <span class='ocrx_word' id='word_1_715' title='bbox 3326 3882 3383 3934; x_wconf 84' lang='grc' dir='ltr'><strong>αί</strong></span> <span class='ocrx_word' id='word_1_716' title='bbox 3426 3878 3658 3948; x_wconf 75' lang='grc' dir='ltr'>πράξεις</span> <span class='ocrx_word' id='word_1_717' title='bbox 3701 3880 3780 3932; x_wconf 86' lang='grc' dir='ltr'>δι-</span> 
     </span>
    </p>
   </div>
   <div class='ocr_carea' id='block_1_100' title="bbox 2190 3972 3777 4048">
    <p class='ocr_par' dir='ltr' id='par_1_100' title="bbox 2190 3972 3777 4048">
     <span class='ocr_line' id='line_1_100' title="bbox 2190 3972 3777 4048; baseline -0.003 -14"><span class='ocrx_word' id='word_1_718' title='bbox 2190 3980 2395 4041; x_wconf 82' lang='grc' dir='ltr'>δόασιν,</span> <span class='ocrx_word' id='word_1_719' title='bbox 2417 3978 2593 4030; x_wconf 76' lang='grc' dir='ltr'>ἐκεῖνο</span> <span class='ocrx_word' id='word_1_720' title='bbox 2613 3976 2676 4048; x_wconf 82' lang='grc' dir='ltr'>δὴ</span> <span class='ocrx_word' id='word_1_721' title='bbox 2706 3977 2800 4029; x_wconf 80' lang='grc' dir='ltr'>καὶ</span> <span class='ocrx_word' id='word_1_722' title='bbox 2822 3976 3074 4048; x_wconf 71' lang='grc' dir='ltr'>ποιητέον</span> <span class='ocrx_word' id='word_1_723' title='bbox 3096 3975 3250 4046; x_wconf 78' lang='grc' dir='ltr'>ἡμῖν.</span> <span class='ocrx_word' id='word_1_724' title='bbox 3277 3974 3385 4028; x_wconf 79' lang='grc' dir='ltr'><strong>Καὶ</strong></span> <span class='ocrx_word' id='word_1_725' title='bbox 3410 3972 3777 4045; x_wconf 72' lang='grc' dir='ltr'>ψηφισώμεθα</span> 
     </span>
    </p>
   </div>
   <div class='ocr_carea' id='block_1_101' title="bbox 2191 4068 3780 4139">
    <p class='ocr_par' dir='ltr' id='par_1_101' title="bbox 2191 4068 3780 4139">
     <span class='ocr_line' id='line_1_101' title="bbox 2191 4068 3780 4139; baseline -0.004 -14"><span class='ocrx_word' id='word_1_726' title='bbox 2191 4070 2380 4125; x_wconf 76' lang='grc' dir='ltr'>τοῦτον</span> <span class='ocrx_word' id='word_1_727' title='bbox 2420 4070 2776 4122; x_wconf 69' lang='grc' dir='ltr'>ίσαπόετολον</span> <span class='ocrx_word' id='word_1_728' title='bbox 2828 4068 3138 4137; x_wconf 78' lang='grc' dir='ltr'>ὀνομάζειν,</span> <span class='ocrx_word' id='word_1_729' title='bbox 3191 4068 3314 4121; x_wconf 73' lang='grc' dir='ltr'>ἐπεὶ</span> <span class='ocrx_word' id='word_1_730' title='bbox 3373 4068 3510 4139; x_wconf 79' lang='grc' dir='ltr'>μηδὲ</span> <span class='ocrx_word' id='word_1_731' title='bbox 3564 4068 3780 4139; x_wconf 79' lang='grc' dir='ltr'>περιελ-</span> 
     </span>
    </p>
   </div>
   <div class='ocr_carea' id='block_1_102' title="bbox 2193 4160 3780 4233">
    <p class='ocr_par' dir='ltr' id='par_1_102' title="bbox 2193 4160 3780 4233">
     <span class='ocr_line' id='line_1_102' title="bbox 2193 4160 3780 4233; baseline -0.005 -15"><span class='ocrx_word' id='word_1_732' title='bbox 2193 4167 2353 4219; x_wconf 82' lang='grc' dir='ltr'>θόντα</span> <span class='ocrx_word' id='word_1_733' title='bbox 2385 4165 2576 4233; x_wconf 80' lang='grc' dir='ltr'>ἕτερον</span> <span class='ocrx_word' id='word_1_734' title='bbox 2618 4161 2776 4231; x_wconf 77' lang='grc' dir='ltr'>ἴσμεν</span> <span class='ocrx_word' id='word_1_735' title='bbox 2813 4162 2917 4232; x_wconf 84' lang='grc' dir='ltr'><strong>γῆν</strong></span> <span class='ocrx_word' id='word_1_736' title='bbox 2948 4160 3218 4230; x_wconf 80' lang='grc' dir='ltr'>τοσαύτην</span> <span class='ocrx_word' id='word_1_737' title='bbox 3248 4163 3342 4215; x_wconf 77' lang='grc' dir='ltr'>καὶ</span> <span class='ocrx_word' id='word_1_738' title='bbox 3374 4160 3654 4215; x_wconf 78' lang='grc' dir='ltr'>θάλατταν</span> <span class='ocrx_word' id='word_1_739' title='bbox 3692 4161 3780 4211; x_wconf 77' lang='grc' dir='ltr'>ἐπὶ</span> 
     </span>
    </p>
   </div>
   <div class='ocr_carea' id='block_1_103' title="bbox 2193 4251 3780 4327">
    <p class='ocr_par' dir='ltr' id='par_1_103' title="bbox 2193 4251 3780 4327">
     <span class='ocr_line' id='line_1_103' title="bbox 2193 4251 3780 4327; baseline -0.004 -17"><span class='ocrx_word' id='word_1_740' title='bbox 2193 4257 2422 4327; x_wconf 73' lang='grc' dir='ltr'>προνοίᾳ</span> <span class='ocrx_word' id='word_1_741' title='bbox 2458 4256 2567 4308; x_wconf 82' lang='grc' dir='ltr'>τῶν</span> <span class='ocrx_word' id='word_1_742' title='bbox 2596 4254 2866 4323; x_wconf 79' lang='grc' dir='ltr'>ἀδελφῶν,</span> <span class='ocrx_word' id='word_1_743' title='bbox 2900 4253 2984 4306; x_wconf 76' lang='grc' dir='ltr'><strong>ὅτι</strong></span> <span class='ocrx_word' id='word_1_744' title='bbox 3020 4254 3094 4323; x_wconf 80' lang='grc' dir='ltr'>μὴ</span> <span class='ocrx_word' id='word_1_745' title='bbox 3121 4251 3251 4316; x_wconf 76' lang='grc' dir='ltr'>τοὺς</span> <span class='ocrx_word' id='word_1_746' title='bbox 3277 4253 3622 4323; x_wconf 77' lang='grc' dir='ltr'>κορυφαίους</span> <span class='ocrx_word' id='word_1_747' title='bbox 3646 4254 3780 4305; x_wconf 65' lang='lat' dir='ltr'><strong>Exst-</strong></span> 
     </span>
    </p>
   </div>
   <div class='ocr_carea' id='block_1_104' title="bbox 2192 4335 3779 4415">
    <p class='ocr_par' dir='ltr' id='par_1_104' title="bbox 2192 4335 3779 4415">
     <span class='ocr_line' id='line_1_104' title="bbox 2192 4335 3779 4415; baseline -0.004 -14"><span class='ocrx_word' id='word_1_748' title='bbox 2192 4366 2316 4410; x_wconf 86' lang='grc' dir='ltr'>νους</span> <span class='ocrx_word' id='word_1_749' title='bbox 2366 4347 2460 4400; x_wconf 83' lang='grc' dir='ltr'>τοῦ</span> <span class='ocrx_word' id='word_1_750' title='bbox 2512 4345 2753 4415; x_wconf 79' lang='grc' dir='ltr'>Χριστοῦ</span> <span class='ocrx_word' id='word_1_751' title='bbox 2818 4344 3091 4414; x_wconf 82' lang='grc' dir='ltr'>μαθητὰς,</span> <span class='ocrx_word' id='word_1_752' title='bbox 3144 4338 3345 4415; x_wconf 75' lang='grc' dir='ltr'>οἵσπερ</span> <span class='ocrx_word' id='word_1_753' title='bbox 3383 4343 3578 4413; x_wconf 75' lang='grc' dir='ltr'>δήκαὶ</span> <span class='ocrx_word' id='word_1_754' title='bbox 3627 4335 3779 4403; x_wconf 79' lang='grc' dir='ltr'>οὗτος</span> 
     </span>
    </p>
   </div>
   <div class='ocr_carea' id='block_1_105' title="bbox 2193 4433 3775 4511">
    <p class='ocr_par' dir='ltr' id='par_1_105' title="bbox 2193 4433 3775 4511">
     <span class='ocr_line' id='line_1_105' title="bbox 2193 4433 3775 4511; baseline -0.004 -18"><span class='ocrx_word' id='word_1_755' title='bbox 2193 4440 2348 4511; x_wconf 75' lang='grc' dir='ltr'><strong>ὤφθη</strong></span> <span class='ocrx_word' id='word_1_756' title='bbox 2381 4441 2666 4507; x_wconf 81' lang='grc' dir='ltr'>ἑπόμενος.</span> <span class='ocrx_word' id='word_1_757' title='bbox 2713 4438 2900 4491; x_wconf 84' lang='grc' dir='ltr'>Ταῦτα</span> <span class='ocrx_word' id='word_1_758' title='bbox 2930 4439 2958 4490; x_wconf 88' lang='grc' dir='ltr'>ὀ</span> <span class='ocrx_word' id='word_1_759' title='bbox 2993 4436 3094 4507; x_wconf 81' lang='grc' dir='ltr'>μὲν</span> <span class='ocrx_word' id='word_1_760' title='bbox 3123 4433 3265 4499; x_wconf 82' lang='grc' dir='ltr'>εἶπε,</span> <span class='ocrx_word' id='word_1_761' title='bbox 3302 4439 3412 4498; x_wconf 89' lang='grc' dir='ltr'>τοῖς</span> <span class='ocrx_word' id='word_1_762' title='bbox 3444 4435 3501 4488; x_wconf 82' lang='grc' dir='ltr'>δὲ</span> <span class='ocrx_word' id='word_1_763' title='bbox 3531 4435 3645 4488; x_wconf 79' lang='grc' dir='ltr'>δεῖν</span> <span class='ocrx_word' id='word_1_764' title='bbox 3676 4434 3775 4487; x_wconf 78' lang='grc' dir='ltr'>ἐδό-</span> 
     </span>
    </p>
   </div>
   <div class='ocr_carea' id='block_1_106' title="bbox 2187 4527 3773 4602">
    <p class='ocr_par' dir='ltr' id='par_1_106' title="bbox 2187 4527 3773 4602">
     <span class='ocr_line' id='line_1_106' title="bbox 2187 4527 3773 4602; baseline -0.006 -14"><span class='ocrx_word' id='word_1_765' title='bbox 2187 4553 2296 4602; x_wconf 85' lang='grc' dir='ltr'>κει,</span> <span class='ocrx_word' id='word_1_766' title='bbox 2348 4537 2442 4587; x_wconf 77' lang='grc' dir='ltr'><strong>καὶ</strong></span> <span class='ocrx_word' id='word_1_767' title='bbox 2479 4535 2537 4587; x_wconf 79' lang='grc' dir='ltr'><strong>τὸ</strong></span> <span class='ocrx_word' id='word_1_768' title='bbox 2573 4531 2668 4585; x_wconf 80' lang='grc' dir='ltr'><strong>ἀπ’</strong></span> <span class='ocrx_word' id='word_1_769' title='bbox 2706 4531 2918 4586; x_wconf 77' lang='grc' dir='ltr'>ἐκείνου</span> <span class='ocrx_word' id='word_1_770' title='bbox 2962 4529 3172 4598; x_wconf 86' lang='grc' dir='ltr'>ταύτην</span> <span class='ocrx_word' id='word_1_771' title='bbox 3213 4530 3376 4600; x_wconf 78' lang='grc' dir='ltr'>ἔλαχε</span> <span class='ocrx_word' id='word_1_772' title='bbox 3426 4527 3527 4597; x_wconf 84' lang='grc' dir='ltr'>τὴν</span> <span class='ocrx_word' id='word_1_773' title='bbox 3565 4530 3773 4581; x_wconf 82' lang='grc' dir='ltr'>ὲπωνν-</span> 
     </span>
    </p>
   </div>
   <div class='ocr_carea' id='block_1_107' title="bbox 2190 4622 3774 4697">
    <p class='ocr_par' dir='ltr' id='par_1_107' title="bbox 2190 4622 3774 4697">
     <span class='ocr_line' id='line_1_107' title="bbox 2190 4622 3774 4697; baseline -0.006 -17"><span class='ocrx_word' id='word_1_774' title='bbox 2190 4630 2340 4697; x_wconf 89' lang='grc' dir='ltr'>μίαν,</span> <span class='ocrx_word' id='word_1_775' title='bbox 2383 4627 2411 4679; x_wconf 83' lang='grc' dir='ltr'>ὁ</span> <span class='ocrx_word' id='word_1_776' title='bbox 2446 4627 2542 4679; x_wconf 74' lang='grc' dir='ltr'><strong>καὶ</strong></span> <span class='ocrx_word' id='word_1_777' title='bbox 2595 4624 2703 4695; x_wconf 79' lang='grc' dir='ltr'><strong>πρὸ</strong></span> <span class='ocrx_word' id='word_1_778' title='bbox 2756 4626 2855 4692; x_wconf 83' lang='grc' dir='ltr'><strong>τῆς</strong></span> <span class='ocrx_word' id='word_1_779' title='bbox 2913 4622 3141 4677; x_wconf 73' lang='grc' dir='ltr'>ἐκείνων</span> <span class='ocrx_word' id='word_1_780' title='bbox 3201 4622 3389 4691; x_wconf 69' lang='grc' dir='ltr'>ψήφου</span> <span class='ocrx_word' id='word_1_781' title='bbox 3444 4624 3557 4684; x_wconf 82' lang='grc' dir='ltr'>τοῖς</span> <span class='ocrx_word' id='word_1_782' title='bbox 3594 4622 3774 4691; x_wconf 75' lang='grc' dir='ltr'>ἔργοις</span> 
     </span>
    </p>
   </div>
   <div class='ocr_carea' id='block_1_108' title="bbox 2186 4711 3775 4790">
    <p class='ocr_par' dir='ltr' id='par_1_108' title="bbox 2186 4711 3775 4790">
     <span class='ocr_line' id='line_1_108' title="bbox 2186 4711 3775 4790; baseline -0.007 -16"><span class='ocrx_word' id='word_1_783' title='bbox 2186 4719 2357 4790; x_wconf 76' lang='grc' dir='ltr'>αὐτὴν</span> <span class='ocrx_word' id='word_1_784' title='bbox 2384 4718 2835 4788; x_wconf 82' lang='grc' dir='ltr'>κληρωσάμενος.</span> <span class='ocrx_word' id='word_1_785' title='bbox 2879 4711 3210 4780; x_wconf 80' lang='grc' dir='ltr'>Ἀναζεύξας</span> <span class='ocrx_word' id='word_1_786' title='bbox 3232 4715 3416 4767; x_wconf 82' lang='grc' dir='ltr'>τοίνυν</span> <span class='ocrx_word' id='word_1_787' title='bbox 3448 4714 3683 4773; x_wconf 82' lang='grc' dir='ltr'>ἐκεῖθεν,</span> <span class='ocrx_word' id='word_1_788' title='bbox 3721 4715 3775 4765; x_wconf 81' lang='grc' dir='ltr'><strong>ἐν</strong></span> 
     </span>
    </p>
   </div>
   <div class='ocr_carea' id='block_1_109' title="bbox 2186 4805 3775 4884">
    <p class='ocr_par' dir='ltr' id='par_1_109' title="bbox 2186 4805 3775 4884">
     <span class='ocr_line' id='line_1_109' title="bbox 2186 4805 3775 4884; baseline -0.008 -16"><span class='ocrx_word' id='word_1_789' title='bbox 2186 4813 2425 4884; x_wconf 77' lang='grc' dir='ltr'>ἑκατέρᾳ</span> <span class='ocrx_word' id='word_1_790' title='bbox 2490 4830 2549 4864; x_wconf 85' lang='grc' dir='ltr'><strong>τε</strong></span> <span class='ocrx_word' id='word_1_791' title='bbox 2593 4809 2821 4879; x_wconf 73' lang='grc' dir='ltr'>Κιλικία</span> <span class='ocrx_word' id='word_1_792' title='bbox 2866 4810 3189 4877; x_wconf 83' lang='grc' dir='ltr'>γενόμενος,</span> <span class='ocrx_word' id='word_1_793' title='bbox 3242 4807 3337 4859; x_wconf 74' lang='grc' dir='ltr'><strong>καὶ</strong></span> <span class='ocrx_word' id='word_1_794' title='bbox 3379 4809 3444 4876; x_wconf 79' lang='grc' dir='ltr'>τῇ</span> <span class='ocrx_word' id='word_1_795' title='bbox 3499 4805 3775 4873; x_wconf 72' lang='grc' dir='ltr'>Λυκαονία</span> 
     </span>
    </p>
   </div>
   <div class='ocr_carea' id='block_1_110' title="bbox 2187 4898 3773 4974">
    <p class='ocr_par' dir='ltr' id='par_1_110' title="bbox 2187 4898 3773 4974">
     <span class='ocr_line' id='line_1_110' title="bbox 2187 4898 3773 4974; baseline -0.006 -16"><span class='ocrx_word' id='word_1_796' title='bbox 2187 4910 2282 4959; x_wconf 73' lang='grc' dir='ltr'><strong>καὶ</strong></span> <span class='ocrx_word' id='word_1_797' title='bbox 2334 4904 2551 4974; x_wconf 70' lang='grc' dir='ltr'>Πισίδία</span> <span class='ocrx_word' id='word_1_798' title='bbox 2614 4902 2984 4970; x_wconf 75' lang='grc' dir='ltr'>ἐπιδημήσας,</span> <span class='ocrx_word' id='word_1_799' title='bbox 3019 4901 3099 4960; x_wconf 80' lang='grc' dir='ltr'><strong>είς</strong></span> <span class='ocrx_word' id='word_1_800' title='bbox 3161 4898 3372 4952; x_wconf 84' lang='grc' dir='ltr'>Σύναδα</span> <span class='ocrx_word' id='word_1_801' title='bbox 3416 4898 3516 4968; x_wconf 80' lang='grc' dir='ltr'>τῆς</span> <span class='ocrx_word' id='word_1_802' title='bbox 3573 4898 3773 4967; x_wconf 78' lang='grc' dir='ltr'>μικρᾶς</span> 
     </span>
    </p>
   </div>
   <div class='ocr_carea' id='block_1_111' title="bbox 2185 4990 3771 5067">
    <p class='ocr_par' dir='ltr' id='par_1_111' title="bbox 2185 4990 3771 5067">
     <span class='ocr_line' id='line_1_111' title="bbox 2185 4990 3771 5067; baseline -0.007 -18"><span class='ocrx_word' id='word_1_803' title='bbox 2185 4999 2421 5067; x_wconf 77' lang='grc' dir='ltr'>Φρυγίας</span> <span class='ocrx_word' id='word_1_804' title='bbox 2452 4993 2783 5065; x_wconf 62' lang='grc' dir='ltr'>μητρόπολιν</span> <span class='ocrx_word' id='word_1_805' title='bbox 2809 4994 2958 5064; x_wconf 72' lang='grc' dir='ltr'>ἥκει.</span> <span class='ocrx_word' id='word_1_806' title='bbox 3005 4991 3387 5056; x_wconf 77' lang='grc' dir='ltr'>Ἐπιξενωθεὶς</span> <span class='ocrx_word' id='word_1_807' title='bbox 3412 4990 3469 5042; x_wconf 82' lang='grc' dir='ltr'><strong>δέ</strong></span> <span class='ocrx_word' id='word_1_808' title='bbox 3529 5007 3640 5042; x_wconf 78' lang='grc' dir='ltr'>τισι</span> <span class='ocrx_word' id='word_1_809' title='bbox 3674 4990 3771 5041; x_wconf 78' lang='grc' dir='ltr'>τῶν</span> 
     </span>
    </p>
   </div>
   <div class='ocr_carea' id='block_1_112' title="bbox 2186 5084 3768 5161">
    <p class='ocr_par' dir='ltr' id='par_1_112' title="bbox 2186 5084 3768 5161">
     <span class='ocr_line' id='line_1_112' title="bbox 2186 5084 3768 5161; baseline -0.005 -16"><span class='ocrx_word' id='word_1_810' title='bbox 2186 5096 2303 5146; x_wconf 75' lang='grc' dir='ltr'>ἐκεῖ</span> <span class='ocrx_word' id='word_1_811' title='bbox 2321 5091 2688 5161; x_wconf 69' lang='grc' dir='ltr'>Χριστιανῶν,</span> <span class='ocrx_word' id='word_1_812' title='bbox 2709 5092 2804 5144; x_wconf 72' lang='grc' dir='ltr'><strong>καὶ</strong></span> <span class='ocrx_word' id='word_1_813' title='bbox 2828 5088 3024 5161; x_wconf 66' lang='grc' dir='ltr'>μικρὸν</span> <span class='ocrx_word' id='word_1_814' title='bbox 3048 5088 3240 5143; x_wconf 76' lang='grc' dir='ltr'>ἑαυτὸν</span> <span class='ocrx_word' id='word_1_815' title='bbox 3264 5086 3610 5152; x_wconf 72' lang='grc' dir='ltr'>ἀναπαύσας,</span> <span class='ocrx_word' id='word_1_816' title='bbox 3640 5084 3768 5155; x_wconf 68' lang='grc' dir='ltr'>πρὸς</span> 
     </span>
    </p>
   </div>
   <div class='ocr_carea' id='block_1_113' title="bbox 2186 5178 2988 5257">
    <p class='ocr_par' dir='ltr' id='par_1_113' title="bbox 2186 5178 2988 5257">
     <span class='ocr_line' id='line_1_113' title="bbox 2186 5178 2988 5257; baseline -0.004 -18"><span class='ocrx_word' id='word_1_817' title='bbox 2186 5178 2282 5257; x_wconf 72' lang='grc' dir='ltr'><strong>τὴν</strong></span> <span class='ocrx_word' id='word_1_818' title='bbox 2314 5185 2522 5238; x_wconf 83' lang='grc' dir='ltr'>οἰκείαν</span> <span class='ocrx_word' id='word_1_819' title='bbox 2550 5183 2781 5256; x_wconf 82' lang='grc' dir='ltr'>ὥρμησε</span> <span class='ocrx_word' id='word_1_820' title='bbox 2813 5182 2988 5236; x_wconf 78' lang='grc' dir='ltr'>πόλιν.</span> 
     </span>
    </p>
   </div>
   <div class='ocr_carea' id='block_1_114' title="bbox 2261 5336 3768 5433">
    <p class='ocr_par' dir='ltr' id='par_1_114' title="bbox 2261 5336 3768 5433">
     <span class='ocr_line' id='line_1_114' title="bbox 2261 5336 3768 5433; baseline -0.005 -18"><span class='ocrx_word' id='word_1_821' title='bbox 2261 5365 2383 5416; x_wconf 81' lang='grc' dir='ltr'><strong>ΚΖ’.</strong></span> <span class='ocrx_word' id='word_1_822' title='bbox 2415 5362 2486 5415; x_wconf 75' lang='grc' dir='ltr'>Τὸ</span> <span class='ocrx_word' id='word_1_823' title='bbox 2524 5361 2724 5433; x_wconf 81' lang='grc' dir='ltr'>χωρίον</span> <span class='ocrx_word' id='word_1_824' title='bbox 2753 5356 2845 5414; x_wconf 77' lang='grc' dir='ltr'><strong>οὖν</strong></span> <span class='ocrx_word' id='word_1_825' title='bbox 2880 5362 3018 5431; x_wconf 84' lang='grc' dir='ltr'>ὅπερ</span> <span class='ocrx_word' id='word_1_826' title='bbox 3076 5336 3270 5412; x_wconf 37' lang='grc' dir='ltr'>Α’ὐλὼν</span> <span class='ocrx_word' id='word_1_827' title='bbox 3302 5358 3553 5412; x_wconf 81' lang='grc' dir='ltr'>ἐκαλεῖτο</span> <span class='ocrx_word' id='word_1_828' title='bbox 3578 5358 3768 5427; x_wconf 76' lang='grc' dir='ltr'>θέρους</span> 
     </span>
    </p>
   </div>
   <div class='ocr_carea' id='block_1_115' title="bbox 2187 5452 3765 5526">
    <p class='ocr_par' dir='ltr' id='par_1_115' title="bbox 2187 5452 3765 5526">
     <span class='ocr_line' id='line_1_115' title="bbox 2187 5452 3765 5526; baseline -0.004 -19"><span class='ocrx_word' id='word_1_829' title='bbox 2187 5454 2537 5519; x_wconf 75' lang='grc' dir='ltr'>καταλαϐὼν,</span> <span class='ocrx_word' id='word_1_830' title='bbox 2595 5455 2686 5508; x_wconf 74' lang='grc' dir='ltr'>ἐπὶ</span> <span class='ocrx_word' id='word_1_831' title='bbox 2747 5455 2848 5523; x_wconf 77' lang='grc' dir='ltr'>τῆς</span> <span class='ocrx_word' id='word_1_832' title='bbox 2930 5453 3158 5526; x_wconf 80' lang='grc' dir='ltr'>πλησίον</span> <span class='ocrx_word' id='word_1_833' title='bbox 3236 5452 3461 5506; x_wconf 81' lang='grc' dir='ltr'>ἐκάθισε</span> <span class='ocrx_word' id='word_1_834' title='bbox 3539 5456 3765 5520; x_wconf 81' lang='grc' dir='ltr'>πέτρας.</span> 
     </span>
    </p>
   </div>
   <div class='ocr_carea' id='block_1_116' title="bbox 2200 5543 3769 5619">
    <p class='ocr_par' dir='ltr' id='par_1_116' title="bbox 2200 5543 3769 5619">
     <span class='ocr_line' id='line_1_116' title="bbox 2200 5543 3769 5619; baseline -0.006 -17"><span class='ocrx_word' id='word_1_835' title='bbox 2200 5548 2422 5619; x_wconf 74' lang='grc' dir='ltr'>Ἐπειδὴ</span> <span class='ocrx_word' id='word_1_836' title='bbox 2450 5548 2504 5600; x_wconf 80' lang='grc' dir='ltr'>δὲ</span> <span class='ocrx_word' id='word_1_837' title='bbox 2540 5547 2598 5599; x_wconf 81' lang='grc' dir='ltr'><strong>τό</strong></span> <span class='ocrx_word' id='word_1_838' title='bbox 2633 5564 2688 5598; x_wconf 80' lang='grc' dir='ltr'><strong>τε</strong></span> <span class='ocrx_word' id='word_1_839' title='bbox 2722 5546 2942 5616; x_wconf 82' lang='grc' dir='ltr'>πνεῦμα</span> <span class='ocrx_word' id='word_1_840' title='bbox 2993 5546 3261 5615; x_wconf 58' lang='grc' dir='ltr'>ἐπίφορον</span> <span class='ocrx_word' id='word_1_841' title='bbox 3310 5544 3486 5604; x_wconf 76' lang='grc' dir='ltr'>ἔπνει,</span> <span class='ocrx_word' id='word_1_842' title='bbox 3540 5543 3632 5595; x_wconf 76' lang='grc' dir='ltr'><strong>καὶ</strong></span> <span class='ocrx_word' id='word_1_843' title='bbox 3658 5544 3769 5593; x_wconf 72' lang='lat' dir='ltr'><strong>toi:</strong></span> 
     </span>
    </p>
   </div>
   <div class='ocr_carea' id='block_1_117' title="bbox 2186 5631 3764 5706">
    <p class='ocr_par' dir='ltr' id='par_1_117' title="bbox 2186 5631 3764 5706">
     <span class='ocr_line' id='line_1_117' title="bbox 2186 5631 3764 5706; baseline -0.006 -16"><span class='ocrx_word' id='word_1_844' title='bbox 2186 5640 2447 5706; x_wconf 71' lang='grc' dir='ltr'>ἁγρόταις</span> <span class='ocrx_word' id='word_1_845' title='bbox 2480 5638 2506 5688; x_wconf 81' lang='grc' dir='ltr'>ὀ</span> <span class='ocrx_word' id='word_1_846' title='bbox 2544 5639 2689 5698; x_wconf 78' lang='grc' dir='ltr'>σῖτος</span> <span class='ocrx_word' id='word_1_847' title='bbox 2754 5638 2844 5688; x_wconf 73' lang='grc' dir='ltr'><strong>ἐπὶ</strong></span> <span class='ocrx_word' id='word_1_848' title='bbox 2879 5637 2979 5704; x_wconf 81' lang='grc' dir='ltr'><strong>τῆς</strong></span> <span class='ocrx_word' id='word_1_849' title='bbox 3025 5635 3232 5699; x_wconf 72' lang='grc' dir='ltr'>ἆλωνῖς</span> <span class='ocrx_word' id='word_1_850' title='bbox 3287 5633 3572 5700; x_wconf 79' lang='grc' dir='ltr'>ὲλικμᾶτο,</span> <span class='ocrx_word' id='word_1_851' title='bbox 3608 5634 3702 5683; x_wconf 76' lang='grc' dir='ltr'><strong>καὶ</strong></span> <span class='ocrx_word' id='word_1_852' title='bbox 3734 5631 3764 5696; x_wconf 79' lang='grc' dir='ltr'>ἡ</span> 
     </span>
    </p>
   </div>
   <div class='ocr_carea' id='block_1_118' title="bbox 2189 5726 3768 5800">
    <p class='ocr_par' dir='ltr' id='par_1_118' title="bbox 2189 5726 3768 5800">
     <span class='ocr_line' id='line_1_118' title="bbox 2189 5726 3768 5800; baseline -0.009 -15"><span class='ocrx_word' id='word_1_853' title='bbox 2189 5730 2332 5799; x_wconf 81' lang='grc' dir='ltr'>αὖρα</span> <span class='ocrx_word' id='word_1_854' title='bbox 2391 5731 2457 5782; x_wconf 73' lang='grc' dir='ltr'><strong>τὰ</strong></span> <span class='ocrx_word' id='word_1_855' title='bbox 2493 5730 2666 5783; x_wconf 75' lang='grc' dir='ltr'>λεπτὰ</span> <span class='ocrx_word' id='word_1_856' title='bbox 2725 5730 2833 5782; x_wconf 75' lang='grc' dir='ltr'><strong>τιίν</strong></span> <span class='ocrx_word' id='word_1_857' title='bbox 2898 5729 3117 5799; x_wconf 78' lang='grc' dir='ltr'>ἀχύρων</span> <span class='ocrx_word' id='word_1_858' title='bbox 3176 5726 3590 5800; x_wconf 73' lang='grc' dir='ltr'>διαρῥιπίζουσα</span> <span class='ocrx_word' id='word_1_859' title='bbox 3656 5727 3768 5783; x_wconf 73' lang='grc' dir='ltr'>ταῖς</span> 
     </span>
    </p>
   </div>
   <div class='ocr_carea' id='block_1_119' title="bbox 2193 5819 3763 5891">
    <p class='ocr_par' dir='ltr' id='par_1_119' title="bbox 2193 5819 3763 5891">
     <span class='ocr_line' id='line_1_119' title="bbox 2193 5819 3763 5891; baseline -0.006 -17"><span class='ocrx_word' id='word_1_860' title='bbox 2193 5822 2346 5891; x_wconf 63' lang='grc' dir='ltr'>ὂψεσι</span> <span class='ocrx_word' id='word_1_861' title='bbox 2416 5819 2745 5891; x_wconf 77' lang='grc' dir='ltr'>προσέϐαλλε</span> <span class='ocrx_word' id='word_1_862' title='bbox 2780 5819 2873 5874; x_wconf 81' lang='grc' dir='ltr'>τοῦ</span> <span class='ocrx_word' id='word_1_863' title='bbox 2916 5820 3094 5889; x_wconf 63' lang='grc' dir='ltr'>ἁγίου,</span> <span class='ocrx_word' id='word_1_864' title='bbox 3152 5820 3323 5873; x_wconf 80' lang='grc' dir='ltr'>δεῖται</span> <span class='ocrx_word' id='word_1_865' title='bbox 3358 5819 3465 5872; x_wconf 78' lang='grc' dir='ltr'><strong>τῶν</strong></span> <span class='ocrx_word' id='word_1_866' title='bbox 3506 5824 3763 5887; x_wconf 64' lang='grc' dir='ltr'>γεωργῶν</span> 
     </span>
    </p>
   </div>
  </div>
