4132 6440
330 385 470 452 1245

1633 380 1813 444 νιΤΑ
1848 380 1908 438 S.
1951 378 2285 442 ABERCII.

3442 371 3578 435 1246

322 502 534 556 ἀνεῖναι
574 499 713 570 πρὸς
773 497 949 569 βραχὺ
996 497 1183 552 τόπον.
1220 497 1285 551 Ol
1324 495 1382 550 δέ
1441 494 1542 565 ούχ
1567 493 1844 562 ὑπήκουον
1873 502 1889 518 ·

2020 502 2178 546 ιιιιοω
2232 507 2338 546 non
2386 490 2769 546 exaudierunt.
2822 487 3031 542 Deinde
3077 490 3300 541 sanctus
3351 481 3575 549 quidem

323 586 445 646 εἶτα
476 593 504 644 ὁ
538 591 637 661 μέν
669 591 944 662 προσευχῇ
986 590 1124 661 μόνη
1160 589 1220 642 τὸ
1246 586 1466 657 πνεῦμα
1492 583 1757 651 κοιμίζει,
1780 584 1892 645 τοῖς

322 682 382 736 δέ
411 683 508 735 καὶ
533 682 761 736 ἄκουσιν
795 682 1031 733 ἐπαύετο
1065 665 1104 749 ’ἡ
1153 679 1382 749 σπουδή.
1416 677 1509 747 Μὴ
1538 676 1759 746 ἔχοντες
1802 670 1895 726 οὖν

324 773 353 825 ὃ
378 790 430 825 τι
460 772 554 825 καὶ
585 773 796 834 ἑαυτοῖς
818 774 1136 841 χρήσονται,
1168 770 1216 824 oi
1248 768 1348 837 μὲν
1397 768 1491 819 ἐπὶ
1517 750 1732 819 δεῖπνον
1768 761 1896 829 τρέο

325 879 541 928 πονται,
580 864 609 915 ὀ
641 862 718 925 δὲ,
749 861 844 914 καὶ
877 860 983 930 γὰρ
1008 861 1165 931 ἔτυχε
1216 858 1361 926 δίψει
1388 857 1569 922 ἁλοὺς,
1597 853 1742 925 ὕδωρ
1766 851 1897 922 παρ’

327 953 508 1007 αὐτῶν
544 951 684 1023 ᾔτει.
728 951 869 1004 Ἀλλ’
911 953 1111 1004 ἐκεῖνοι
1145 950 1337 1014 δεινῶς
1384 948 1564 1014 ἄξενοι
1598 947 1773 1010 ὄντες,
1805 943 1900 997 καὶ

328 1043 573 1113 ἀκριϐῶς
616 1042 888 1112 ἄγροικοι,
931 1041 1320 1112 παρεθεῶρουν
1366 1038 1466 1112 τὴν
1512 1039 1752 1108 αἴτησιν,
1803 1034 1900 1088 καὶ

327 1136 524 1204 χλεύην
552 1135 612 1188 τὸ
649 1136 881 1204 πρᾶγμα
912 1133 1133 1187 ἐποίουν
1158 1151 1175 1167 ο
1214 1134 1278 1188 El
1298 1133 1367 1187 δι’
1393 1133 1486 1187 ἕνα
1526 1132 1778 1201 γέροντα,
1809 1127 1900 1179 λέ-

329 1242 539 1292 γοντες,
590 1224 904 1295 ἀφεξόμεθα
950 1223 1250 1295 τραπέζης.
1307 1220 1626 1292 Ἐμέμψατο
1666 1214 1762 1272 οὖν
1802 1216 1902 1287 τὴν

323 1315 727 1391 ,ἀπανθρωπίαν
802 1315 1008 1387 ταύτην
1055 1318 1084 1369 ό
1128 1313 1640 1391 φιλανθρωπότατος
1690 1306 1901 1377 ἀνδρῶν

339 1408 645 1478 Ἀϐἑρκιος,
703 1407 799 1459 καὶ
847 1405 909 1459 τὸ
946 1405 1084 1478 μηδέ
1139 1421 1269 1458 ποτε
1303 1390 1658 1474 κορέννυσθαι
1717 1399 1901 1461 αὐτοῖς

327 1498 747 1568 ἐπηράσατο.“ί)
766 1498 863 1550 καὶ
888 1498 1048 1569 ἔσχον
1065 1499 1147 1559 εἰς
1171 1494 1331 1566 δεῦρο
1356 1492 1673 1565 παραμένον
1697 1489 1899 1552 αὐτοῖς,

330 1589 749 1664 μισαιθρωπίας
824 1590 1210 1661 φιλάνθρωπον
1281 1584 1524 1656 ἀτεχνῶς
1600 1582 1899 1652 ἐπιτίμιον.

329 1680 465 1741 Εἶτα
503 1685 603 1755 τῆς
634 1686 841 1754 πέτρας
871 1680 1212 1746 ἀπαναστὰς,
1244 1679 1343 1752 τὴν
1383 1676 1579 1731 ἑαυτοῦ
1619 1675 1770 1728 πόλιν
1800 1689 1903 1726 κα-

328 1775 693 1845 ταλαμϐάνει.
728 1774 802 1826 Τὸ
861 1772 996 1844 γοῦν
1049 1771 1254 1842 πλῆθος
1291 1768 1608 1839 αἰσθόμενοι
1656 1765 1757 1834 τῆς
1808 1763 1903 1816 τοῦ

329 1867 522 1937 ἀνδρὸς
556 1865 884 1938 παρουσίας,
918 1867 1212 1936 συνέρρεον
1246 1860 1542 1931 πανδημεὶ,
1592 1858 1905 1928 γλιχόμενοι

329 1958 455 2028 ὄψιν
489 1975 549 2011 τε
578 1957 678 2030 τὴν
707 1957 966 2025 γλυκεῖαν
1015 1958 1163 2021 ἰδεῖν,
1215 1955 1311 2007 καὶ
1341 1954 1524 2022 φωνῆς
1553 1949 1782 2003 ἀκοῦσαι
1806 1947 1906 2015 τῆς

331 2050 698 2121 ποθουμένης.
745 2050 805 2104 '0
837 2050 939 2121 μὲν
964 2044 1057 2101 οὖν
1094 2049 1350 2115 ἀσμένως
1376 2042 1577 2106 αὐτοὺς
1601 2040 1907 2109 εὐλογήσας

331 2143 430 2195 καὶ
454 2140 864 2209 ἀσπασάμενος,
895 2138 1112 2209 περιῄει
1150 2140 1248 2205 τὴν
1279 2136 1433 2189 πόλιν
1471 2133 1567 2187 καὶ
1602 2128 1779 2195 αὖθις,
1827 2130 1907 2183 δι-

330 2231 548 2286 δάσκων
565 2247 622 2283 τε
640 2230 731 2283 τὸν
763 2228 923 2297 λόγον
942 2229 1044 2300 τῆς
1069 2227 1327 2296 ἀληθείας
1356 2227 1450 2280 σὺν
1482 2222 1789 2296 παρρησίᾳ,
1811 2220 1908 2274 καὶ

330 2327 460 2388 τοὺς
485 2323 810 2397 προσιόντας
842 2321 929 2376 διὰ
955 2322 1052 2375 τοῦ
1084 2320 1231 2374 θείου
1255 2319 1633 2391 βαπτίσματος
1661 2312 1905 2379 τελειῶν,

331 2415 628 2487 δαιμονῶσι
662 2413 816 2469 λύσιν
848 2413 943 2467 τοῦ
977 2412 1149 2467 κακοῦ
1183 2410 1465 2483 παρέχων,
1517 2409 1708 2470 νόσους
1741 2404 1907 2474 ἰώμε-

334 2526 447 2574 νος,
495 2506 589 2562 καὶ
626 2506 832 2569 παντὸς
889 2506 1247 2575 ίσχυροτέραν
1283 2504 1492 2564 πάθους
1524 2502 1625 2575 τὴν
1658 2500 1718 2554 ἐν
1758 2497 1910 2567 αύτῷ

333 2598 431 2654 τοῦ
466 2596 774 2667 πνεύματος
812 2594 1042 2664 δύναμιν
1078 2592 1545 2665 προϐαλλόμενος.
1600 2588 1821 2652 Συνθεὶς
1852 2586 1910 2639 δὲ

258 2699 265 2706 ’
340 2692 439 2746 καὶ
482 2689 668 2760 βίϐλον
705 2686 1060 2751 διδασκαλίας
1110 2688 1252 2741 πάνυ
1322 2684 1615 2755 ὠφελίμως
1655 2682 1909 2753 ἔχουσαν,

338 2782 663 2838 καταλείπει
704 2784 817 2844 τοῖς
874 2780 966 2833 ὑπ’
1019 2778 1184 2833 αὐτὸν
1239 2777 1637 2847 πρεσϐυτέροις
1668 2775 1788 2845 ἅμα
1817 2774 1912 2827 καὶ

338 2876 635 2941 διακόνοις,
665 2874 754 2929 ἵνα
783 2874 881 2928 καὶ
915 2871 1058 2944 μετὰ
1101 2872 1332 2926 θάνατον
1385 2869 1694 2940 φθέγγηται
1722 2865 1792 2920 δι’
1814 2867 1915 2919 αύο

340 2967 464 3039 τῆς,
500 2967 596 3022 καὶ
639 2965 842 3038 τρόπον
880 2965 1004 3019 τινὰ
1060 2962 1333 3036 μηδέποτε
1372 2961 1600 3032 ὠφελῶν
1647 2959 1912 3030 παύηται.

411 3056 547 3113 KH’.
586 3056 854 3112 Ἀνελθὼν
906 3051 1000 3111 οὖν
1040 3071 1172 3110 ποτε
1213 3055 1297 3118 είς
1339 3052 1465 3124 ὅρος
1516 3051 1722 3122 ὑψηλὸν
1768 3049 1911 3103 οὕτω

1999 581 2131 636 solis
2158 582 2415 652 precibus
2445 581 2594 651 sopit
2619 579 2898 649 Spiritum,
2931 578 3037 632 illis
3068 585 3248 630 autem
3283 574 3364 626 vel
3396 572 3582 624 invitis

1998 674 2235 727 cessavit
2266 672 2531 728 studium.
2557 670 2691 726 Cum
2713 686 2841 739 ergo
2868 669 3139 723 nescirent
3168 665 3297 734 quid
3330 671 3576 733 agerent,

2000 765 2037 819 ii
2079 779 2140 820 se
2192 772 2522 820 convertunt
2570 765 2640 817 ad
2690 776 2899 817 uanam
2936 777 2951 815 :
3003 759 3118 829 ipse
3157 767 3341 810 autem
3385 768 3581 822 aquam

2001 856 2111 925 (siti
2159 855 2673 929 enimdaborabat)
2727 855 2796 908 ab
2826 853 2907 907 eis
2935 851 3110 921 petiit.
3171 848 3276 902 Sed
3331 845 3581 916 agricolae

2001 962 2124 1002 cum
2173 956 2360 1003 essent
2390 947 2545 1003 valde
2595 944 2976 1015 iuhospitales,
3019 952 3075 997 et
3125 941 3286 1010 plane
3316 943 3580 1007 agrestes,

2000 1037 2280 1103 despectui
2335 1038 2614 1093 habebant
2664 1036 3013 1107 petitionem,
3063 1041 3120 1088 et
3167 1046 3280 1085 rem
3338 1028 3582 1082 ludiﬁca-

1998 1128 2197 1184 bantur
2245 1147 2260 1183 :
2294 1126 2528 1189 scilicet,
2579 1135 2801 1197 propter
2843 1138 3014 1180 unum
3060 1136 3271 1185 senem,
3312 1120 3578 1178 dicentes,

2002 1237 2032 1276 a
2058 1234 2244 1275 mensa
2270 1220 2688 1275 abstinebimus.
2717 1216 2891 1288 Egre
2923 1214 3048 1271 tulit
3078 1215 3218 1269 hanc
3268 1211 3587 1266 inhumani-

2004 1320 2172 1367 tatem
2204 1312 2632 1368 humanissimus
2666 1311 2909 1365 virorum
2944 1307 3214 1363 Abercius
3248 1321 3264 1358 :
3301 1312 3358 1358 et
3389 1303 3470 1356 eis
3500 1310 3587 1356 eat.

2004 1401 2355 1473 imprecatus,
2391 1412 2455 1458 ut
2498 1417 2781 1472 nunquam
2828 1401 3184 1454 satiarentur.
3231 1394 3385 1460 Quod
3418 1392 3585 1446 etiam

2005 1496 2083 1548 eis
2114 1494 2395 1566 hucusque
2436 1493 2774 1565 permansit:
2814 1493 3053 1546 humana
3096 1488 3259 1558 plane
3299 1500 3457 1556 pmna
3499 1483 3586 1536 in-

2004 1585 2382 1642 humanitatis.
2437 1584 2643 1640 Deinde
2692 1599 2721 1638 a
2783 1590 2932 1652 petra
2981 1579 3265 1639 recedens,
3317 1575 3467 1631 venit
3518 1573 3587 1625 ad

2005 1692 2158 1731 suam
2199 1676 2493 1731 civitatem.
2539 1673 2677 1729 Cum
2726 1688 2856 1743 ergo
2896 1673 3159 1726 sensisset
3204 1667 3436 1738 populus
3470 1664 3591 1733 ejus

2008 1765 2326 1826 adventum,
2377 1761 2524 1818 omni
2576 1777 2640 1815 ex
2689 1771 2842 1829 parte
2884 1758 3253 1822 conﬂuebant,
3303 1753 3588 1825 cupientes

2010 1857 2195 1911 videre
2238 1855 2450 1910 dulcem
2494 1855 2725 1917 vultum,
2768 1863 2820 1908 et
2854 1852 3045 1907 audire
3094 1864 3283 1905 vacem
3315 1847 3594 1901 desidera—

2011 1959 2139 2004 tam.
2166 1950 2261 2003 Ille
2291 1964 2423 2020 ergo
2454 1963 2576 2002 cum
2610 1947 2844 2001 libenter
2865 1944 2943 1999 eis
2976 1940 3364 2004 benedixisset,
3414 1946 3468 1992 et
3493 1950 3593 1990 eos

2006 2042 2314 2106 salutasset,
2366 2055 2555 2094 rursus
2607 2038 2793 2092 obibat
2854 2036 3131 2089 civitatem
3177 2031 3351 2085 libere
3391 2028 3597 2084 docens

2010 2136 2240 2189 verbum
2279 2133 2548 2188 veritatis.
2580 2140 2636 2184 et
2666 2146 2781 2194 eos,
2821 2128 2912 2198 qui
2945 2124 3302 2187 accedebant,
3332 2136 3430 2190 per
3460 2118 3600 2173 divi-

2009 2241 2140 2280 num
2186 2225 2519 2296 baptismum
2575 2222 2821 2287 iuitians,
2870 2228 2925 2274 et
2955 2212 3309 2273 dasmoniacis
3345 2209 3596 2281 praebens

2009 2317 2137 2371 mali
2170 2315 2502 2371 solutionem
2552 2333 2566 2368 :
2613 2312 2836 2367 morbos
2873 2323 3095 2375 curans,
3140 2314 3198 2361 et
3226 2300 3418 2374 quavis
3463 2297 3600 2354 alle-

2009 2410 2192 2463 ctione
2220 2406 2504 2462 fortiorem
2552 2404 2804 2474 Spiritus,
2853 2415 2978 2470 quae
3012 2398 3067 2452 in
3099 2399 3220 2466 ipso
3250 2398 3389 2453 erat,
3423 2389 3597 2441 virtu-

2013 2508 2120 2555 tem
2178 2498 2485 2571 proferens.
2534 2497 2667 2552 Cum
2714 2501 2897 2548 autem
2943 2488 3100 2545 valde
3154 2496 3371 2556 quoque
3411 2477 3598 2533 utilem

2010 2591 2275 2650 doctrinae
2319 2590 2521 2646 librum
2572 2584 2994 2656 composuisset,
3045 2592 3170 2635 eum
3211 2576 3303 2631 dat
3360 2571 3447 2633 iis,
3505 2574 3598 2637 qui

2011 2687 2115 2742 sub
2165 2685 2286 2756 ipso
2321 2690 2501 2745 erant,
2552 2668 2887 2751 presbyteris
2939 2669 3104 2727 simul
3149 2674 3205 2722 et
3237 2660 3506 2720 diaconis,
3542 2669 3603 2716 ut

2017 2777 2101 2833 eis
2145 2748 2231 2832 vel
2279 2781 2402 2846 post
2454 2748 2683 2827 mortem
2726 2770 3069 2836 loqueretur,
3104 2765 3160 2813 et
3211 2757 3394 2827 aliquo
3438 2748 3600 2804 modo

2015 2880 2294 2937 nunquam
2321 2864 2402 2919 eis
2432 2868 2673 2918 cessaret
2700 2857 2984 2914 prodesse.

2081 3060 2320 3119 XXVIII.
2362 3057 2672 3129 Aliquando
2708 3056 2764 3110 in
2794 3060 3037 3109 montem
3064 3046 3368 3108 excelsum,
3400 3055 3502 3095 usu
3526 3037 3604 3092 ita

336 3149 558 3220 δεῆσαν,
613 3150 735 3202 ἐπεὶ
772 3147 900 3219 δίψῃ
949 3146 1096 3218 δεινῇ
1157 3145 1318 3208 αὐτός
1356 3161 1417 3196 τε
1459 3141 1556 3197 καὶ
1604 3143 1717 3195 ὅσοι
1764 3137 1914 3210 αὐτῷ

2020 3155 2351 3230 postulante,
2385 3147 2674 3206 ascendit:
2705 3146 2928 3216 ipseque
2959 3151 3016 3197 et
3050 3137 3141 3210 qui
3170 3151 3295 3192 cum
3327 3148 3393 3189 eo
3422 3138 3605 3192 erant,

342 3240 586 3309 συνῆσαν
606 3239 847 3310 ἣλωσαν,
875 3238 970 3292 ἐπὶ
997 3238 1090 3292 τὸν
1115 3236 1296 3291 πάντα
1311 3234 1614 3305 δυνάμενον
1635 3230 1913 3301 καταφεύ-

341 3349 450 3402 γει.
483 3333 592 3388 Καὶ
615 3332 776 3394 αὐτὸς
801 3331 900 3402 μὲν
922 3333 1003 3392 είς
1028 3329 1337 3401 προσευχὴν
1358 3327 1586 3393 κλιθεὶς,
1617 3327 1684 3380 τὰ
1711 3325 1918 3397 γόνατα

341 3425 422 3496 τῷ
446 3424 634 3494 ἐδάφει
683 3422 928 3477 δίδωσινο
960 3420 1104 3494 ὕδωρ
1136 3420 1194 3474 δέ
1231 3420 1464 3490 πότιμον
1524 3417 1686 3480 εὐθὺς
1715 3417 1918 3488 ἀνῆκεν

345 3519 380 3587 ἡ
410 3517 502 3587 γῆ.
528 3515 640 3569 Καὶ
669 3515 698 3567 ὁ
725 3514 891 3578 τόπος
930 3514 990 3578 ἐξ
1016 3512 1225 3568 ἐκείνου
1286 3511 1452 3576 τόπος
1476 3509 1829 3580 γονυκλισίας
1860 3506 1923 3561 τδ

344 3609 531 3663 λοιπὸν
573 3606 801 3679 ἐκλήθη.
850 3605 998 3678 Πλὴν
1041 3605 1178 3660 άλλά
1225 3603 1348 3658 τότε
1385 3605 1484 3674 μὲν
1535 3603 1616 3666 είς
1652 3602 1744 3655 τὸν
1771 3595 1923 3655 οἷκον

348 3700 513 3758 αὐτοῦ
580 3700 891 3768 ἐπανῆκεν
921 3700 983 3753 ού
1028 3696 1206 3769 πολλῷ
1256 3696 1315 3751 δὲ
1356 3694 1583 3768 ὕστερον
1610 3695 1712 3767 δρᾷ
1759 3693 1924 3748 πάλιν

347 3792 482 3864 δναρ
512 3789 663 3863 αὐτῷ
694 3789 786 3842 τὸν
820 3787 1028 3860 Κύριον
1058 3786 1359 3841 ἐπιστάντα
1385 3785 1502 3851 καὶ,
1538 3785 1808 3856 ’Λϐἐρκιε,
1835 3784 1924 3837 λέ-

350 3897 540 3951 γοντα,
575 3881 809 3951 ὴγγικεν
854 3878 956 3949 ήδη
988 3880 1016 3930 ό
1061 3874 1276 3946 καιρὸς,
1308 3873 1449 3928 ὥστε
1505 3872 1926 3928 ἀναπαύσασθαί

352 3987 416 4026 σε
442 3970 553 4024 τῶν
588 3969 766 4022 πόνων
797 3984 893 4021 σου
928 3967 1035 4021 τῶν
1080 3967 1328 4037 μακρῶν.
1355 3965 1812 4035 Διαγρηγορήσας
1866 3962 1924 4016 δὲ

352 4060 451 4115 καὶ
474 4058 636 4130 γνοὺς
667 4059 766 4130 τὴν
798 4057 1056 4129 τελευτὴν
1084 4058 1234 4129 αὐτῷ
1280 4056 1699 4128 προδηλοῦσθαι,
1736 4055 1796 4108 τὸ
1828 4072 1923 4124 φαεν

354 4153 444 4209 νδν
467 4154 577 4216 τοῖς
606 4150 854 4221 ἀδελφοῖς
880 4150 1173 4221 διηγεῖται,
1210 4149 1302 4203 καὶ
1322 4148 1469 4202 λίθον
1502 4146 1627 4201 τινὰ
1649 4147 1930 4218 τετράγω-

355 4262 447 4300 νον
481 4244 657 4316 μῆκός
682 4260 743 4297 τε
774 4244 873 4297 καὶ
915 4244 1114 4305 πλάτος
1145 4244 1282 4308 ἴσον,
1314 4242 1491 4312 τάφον
1553 4240 1734 4311 ἐαυτῷ
1762 4257 1934 4295 κατα·

355 4337 610 4402 σκευάζει
626 4353 641 4369 '
666 4336 863 4391 καὶτὸν
886 4334 1069 4408 βωμὸν
1093 4334 1152 4400 ὃς
1174 4336 1385 4389 ἐκείνου
1403 4333 1774 4406 προστάξαντο
1785 4355 1801 4396 ;
1825 4332 1934 4388 ἀπὸ

2020 3227 2113 3306 siti
2142 3244 2485 3303 laborabant.
2518 3238 2778 3310 Confugit
2808 3244 2991 3291 autem
3026 3231 3095 3287 ad
3123 3245 3273 3292 eum,
3299 3227 3393 3296 qui
3427 3230 3613 3294 potest

2020 3340 2226 3401 omnia.
2260 3338 2448 3406 Itaque
2476 3344 2780 3389 conversus
2802 3329 2874 3384 ad
2907 3326 3233 3388 orationem,
3261 3319 3408 3374 humi
3450 3315 3607 3370 incli-

1978 3494 1983 3501 ,
2023 3442 2122 3490 uat
2152 3446 2329 3503 genua
2364 3448 2379 3484 :
2412 3424 2759 3497 poculentam
2796 3428 2981 3476 autem
3013 3429 3207 3486 aquam
3244 3422 3387 3467 terra
3418 3396 3602 3462 statim

2022 3498 2227 3582 emisit.
2271 3519 2353 3575 Ab
2387 3518 2482 3572 illo
2509 3524 2694 3571 autem
2725 3521 2973 3581 tempore
3013 3507 3170 3561 locus
3212 3502 3304 3558 ille
3349 3498 3611 3564 deinceps

2024 3615 2127 3670 fuit
2165 3611 2475 3683 appellatus
2517 3609 2670 3664 locus
2713 3598 3132 3675 genuﬂexionis.
3159 3595 3431 3653 Caeterum
3474 3598 3612 3643 tunc

2025 3705 2246 3777 quidem
2295 3700 2456 3757 rediit
2498 3699 2553 3754 in
2593 3697 2818 3753 domum
2863 3706 3016 3749 suam
3052 3707 3069 3745 :
3118 3702 3227 3744 non
3272 3683 3446 3740 multo
3489 3688 3612 3750 post

2025 3770 2210 3851 autem
2240 3792 2391 3848 videt
2418 3802 2609 3844 rursus
2639 3783 2955 3847 Dominum,
2980 3778 3075 3850 qui
3105 3778 3154 3833 ei
3191 3776 3249 3831 in
3273 3770 3480 3830 somnis
3511 3784 3614 3838 ap-

2026 3890 2230 3963 paruit,
2263 3897 2318 3943 et
2346 3888 2398 3941 ei
2430 3884 2571 3940 dixit
2597 3900 2613 3937 :
2649 3878 2870 3944 Aberci,
2902 3878 3014 3947 iam
3047 3886 3219 3945 prope
3257 3876 3343 3926 est
3374 3875 3617 3934 tempus.

2030 3994 2090 4040 ut
2141 3994 2325 4037 Cesses
2381 3992 2412 4032 a
2458 3975 2636 4045 longis
2683 3973 2791 4026 tuis
2835 3969 3135 4025 laboribus.
3186 3964 3323 4019 Cum
3370 3965 3553 4013 autem
3583 3969 3617 4009 ο

2031 4088 2226 4132 somno
2282 4081 2430 4127 esset
2476 4066 2785 4127 excitatus,
2835 4070 2894 4117 et
2937 4057 3284 4131 cognovisset
3328 4053 3617 4106 decessum

2032 4166 2138 4223 sibi
2171 4157 2602 4235 praesigniﬁcari,
2637 4162 2827 4211 narrat
2869 4151 3130 4208 fratribus
3163 4147 3238 4211 id,
3272 4142 3416 4214 quod
3454 4154 3620 4209 appa~

2033 4267 2216 4315 ruerat
2251 4273 2265 4311 :
2308 4262 2366 4310 et
2393 4249 2685 4323 quemdam
2717 4246 3045 4318 quadratum
3089 4239 3353 4311 lapidem,
3377 4236 3619 4303 longitu-

2033 4356 2161 4412 dine
2212 4360 2271 4408 et
2315 4346 2621 4405 latitudine
2657 4341 2941 4413 aqualem,
2985 4336 3088 4393 sibi
3136 4332 3446 4404 sepulcrum
3488 4342 3622 4383 con-

367 4431 586 4502 Ῥώμης
620 4429 726 4484 ὑπὸ
758 4429 855 4483 τοῦ
887 4428 1142 4499 δαίμονος
1179 4430 1297 4482 ἐκεῖ
1323 4425 1655 4499 μετηνέχθη,
1687 4426 1767 4497 τῷ
1794 4424 1917 4494 λίθῳ

2038 4446 2201 4505 struit
2242 4461 2257 4499 :
2310 4451 2366 4497 et
2421 4455 2592 4498 aram.
2651 4451 2794 4505 quae,
2829 4433 2924 4488 illo
2969 4430 3217 4499 iubente,
3274 4427 3446 4479 Roma
3495 4419 3625 4474 illuc

354 4526 632 4594 ἐςῖετησι,
683 4521 888 4579 τοιόνδε
922 4540 974 4575 τι
1018 4522 1347 4595 ἐπίγραμμα
1398 4522 1549 4593 αύτῷ
1594 4520 1924 4592 ἐγχαράξαςο

372 4616 666 4682 Ἑκλεκτῆς
690 4614 921 4677 πόλεως
942 4614 1168 4683 πολίτης
1196 4613 1305 4667 τόδ’
1327 4613 1557 4683 ἐποίησα
1585 4612 1716 4677 ζῶν,
1736 4612 1802 4665 ἵν’
1825 4613 1933 4681 ἔχω

360 4704 539 4778 καιρῷ
566 4705 819 4774 σώματος
843 4702 1031 4757 ἐνθάδε
1080 4703 1248 4767 θέσιν,
1277 4701 1515 4772 τοῦνομα
1555 4702 1834 4770 Ἀϐέρκιος
1858 4716 1873 4732 ο
1905 4702 1935 4753 ό

290 4833 303 4853 ι
360 4799 439 4854 ὣν
475 4797 722 4871 μαθητὴς
782 4796 1038 4865 ποιμένος
1072 4793 1260 4863 ἁγνοῦ,
1297 4794 1357 4857 ὃς
1414 4792 1598 4862 βόσκει
1645 4791 1933 4862 προϐάτων

360 4891 588 4962 ἀγέλας,
637 4890 790 4961 δρεσι
819 4888 1020 4949 πεδίοις
1053 4904 1135 4949 τε,
1167 4885 1480 4954 ὀφθαλμοὺς
1510 4883 1571 4945 δς
1616 4883 1728 4953 ἔχει
1762 4881 1935 4951 μεγά-

363 4984 512 5048 λους,
572 4982 751 5036 πάντα
808 4978 1177 5048 καθορῶντας.
1235 4970 1403 5039 Οὗτος
1461 4975 1570 5045 γάρ
1613 4991 1678 5045 με
1730 4972 1935 5037 ἐδίδαξε

363 5073 671 5144 γράμματα
704 5069 895 5133 πιστὰ,
925 5069 1003 5131 εἰς,
1043 5068 1263 5137 Ῥώμην
1292 5067 1350 5129 ὃς
1373 5065 1621 5136 ἐπεμψεν
1649 5066 1751 5136 ἐμὲ
1785 5065 1940 5135 βασι-

364 5164 519 5218 λείαν
573 5163 835 5236 ἀθρῆσαι,
889 5164 984 5216 καὶ
1023 5161 1344 5232 βασίλισσαν
1377 5163 1504 5214 ἰδεῖν
1554 5161 1937 5231 χρυσόστολεν,

367 5256 775 5329 χρυσοπέδιλον.
807 5256 950 5310 Λαδν
983 5255 1030 5309 δ’
1058 5251 1198 5309 εἶδον
1227 5255 1345 5306 ἐκεῖ
1369 5253 1634 5321 λαμπράν
1665 5253 1939 5324 σφραγῖδα

368 5348 563 5420 ἔχοντα
588 5366 604 5381 ο
634 5349 729 5402 καὶ
758 5347 958 5418 Συρίης
988 5347 1151 5400 πέδον
1197 5345 1380 5417 χώρας
1411 5342 1552 5398 είδον
1574 5362 1587 5376 ·
1624 5346 1721 5398 καὶ
1773 5346 1943 5399 ἄστεα

370 5440 550 5494 πάντα
590 5439 808 5492 Νίσιϐιν
838 5437 1130 5509 Εὐφράτην
1170 5436 1383 5500 διαϐάς.
1439 5436 1651 5499 Πάντας
1697 5436 1743 5489 δ’
1786 5435 1944 5505 ἔσχον

373 5531 726 5602 συνηγόρους,
747 5527 959 5582 Παῦλον
986 5528 1209 5582 ἔσωθεν.
1239 5529 1424 5591 Ilicet;
1448 5529 1501 5582 δέ
1523 5529 1684 5581 παντὶ
1710 5529 1942 5597 προῆγε,

372 5625 468 5678 καὶ
493 5621 777 5693 παρέθηκε
800 5623 1007 5692 τροφήν
1030 5637 1045 5652 ο
1071 5620 1225 5693 ἰχθὺν
1247 5622 1356 5675 ἀπὸ
1382 5621 1561 5690 πηγῆς
1584 5619 1942 5689 παμμεγέθη,

375 5713 613 5785 καθαρόν
641 5730 654 5744 ·
687 5712 747 5765 ὃν
778 5712 1040 5784 ἐδράξατο
1098 5711 1366 5778 παρθένος
1407 5712 1569 5780 ἁγνὴ,
1608 5713 1702 5763 καὶ
1756 5710 1945 5764 τοῦτον

378 5804 613 5863 ἐπέδωκε
669 5806 840 5874 φίλοις
891 5804 1093 5859 ἐσθίειν
1149 5805 1459 5871 διαπαντὸς,
1539 5798 1679 5859 οἶνον
1711 5804 1945 5872 χρηστὶν

2035 4535 2293 4594 translata
2321 4532 2523 4589 fuerat.
2552 4526 2721 4596 lapidi
2750 4522 3003 4592 imponit,
3038 4519 3088 4574 ei
3118 4518 3277 4572 talem
3307 4511 3627 4581 insculpens

2034 4624 2447 4694 inscriptionem
2481 4635 2495 4671 :
2531 4616 2730 4671 Electae
2770 4614 2925 4667 urbis
2957 4609 3094 4662 civis
3128 4607 3234 4660 hoc
3270 4605 3459 4658 vivens
3495 4600 3624 4661 feci,

2035 4724 2095 4770 ut
2119 4715 2207 4768 hic
2238 4722 2484 4779 tempore
2513 4705 2743 4759 habeam
2775 4700 3073 4771 posituram
3099 4693 3367 4764 corporis,
3401 4690 3632 4744 nomine

2034 4802 2318 4861 Abercius.
2350 4798 2453 4866 Qui
2482 4811 2603 4851 sum
2635 4791 2941 4861 discipulus
2973 4785 3208 4857 pastoris
3229 4783 3365 4839 casti
3395 4795 3624 4851 pasccnv

2038 4896 2109 4951 tis
2141 4893 2324 4948 ovium
2369 4902 2559 4959 greges
2594 4884 2651 4941 in
2692 4882 2970 4938 montibus
3003 4886 3058 4931 et
3097 4876 3264 4946 agris,
3309 4887 3371 4927 ac
3398 4883 3628 4940 magnos

2039 4984 2293 5042 habentis
2347 4980 2560 5043 oculos,
2616 4975 2800 5030 omnia
2863 4973 3165 5025 intuentes.
3227 4965 3280 5019 Is
3333 4963 3480 5019 enim
3537 4976 3628 5014 me

2042 5076 2231 5136 docuit
2279 5073 2492 5127 litteras
2537 5067 2759 5128 ﬁdeles,
2797 5063 3028 5118 Romam
3084 5057 3177 5128 qui
3223 5072 3312 5112 me
3360 5051 3512 5108 misit
3556 5049 3631 5107 ad

2042 5167 2337 5225 videndum
2371 5161 2683 5233 imperium,
2715 5164 2771 5211 et
2804 5150 3207 5222 imperatricem
3243 5147 3488 5202 indutam
3525 5155 3626 5195 au-e

2044 5258 2155 5314 reis
2178 5254 2421 5312 vestibus
2452 5232 2522 5305 et
2555 5245 2776 5303 calceis.
2820 5242 2932 5297 Illic
2976 5248 3161 5295 autem
3206 5236 3318 5291 vidi
3361 5232 3630 5305 populum

2043 5349 2385 5421 praeclarum,
2415 5341 2656 5411 insignes
2679 5335 2912 5391 annulus
2941 5334 2996 5387 in
3030 5330 3282 5386 manibus
3304 5333 3625 5397 gestantem.
3722 5368 3739 5377 -

2047 5402 2324 5509 ist—Syria
2367 5402 2602 5504 regionis
2645 5442 2900 5496 campum
2951 5424 3084 5487 vidi,
3117 5431 3173 5475 et
3200 5418 3382 5474 omnia
3428 5402 3632 5483 Oppida

2047 5506 2259 5586 Nisibin
2316 5536 2372 5581 et
2426 5521 2872 5589 Mesopotamiaa,
2938 5512 3261 5569 transmisso
3320 5506 3625 5577 Euphrate.

2048 5621 2225 5681 Habui
2264 5628 2444 5674 autem
2475 5629 2682 5671 omnes-
2705 5611 2772 5666 ad
2807 5606 3057 5665 eamdem
3095 5603 3380 5660 venientes
3407 5596 3633 5654 concio-u

2052 5730 2197 5774 nem.
2233 5721 2289 5767 et
2323 5708 2548 5764 Paulum
2593 5704 2947 5759 intrinsecus.
2987 5695 3149 5751 Fides
3188 5703 3370 5749 autem
3398 5689 3629 5745 omnino

2056 5802 2302 5871 produxit
2341 5809 2394 5856 et
2419 5795 2674 5877 apposuit
2703 5792 3118 5853 nutrimentum,
3145 5786 3350 5857 piscem
3376 5796 3443 5836 ex
3476 5780 3627 5839 fonto
