4132 6472
477 407 610 469 1247

1760 406 2051 470 MENSIS
2086 406 2455 472 OC'I'OBER.

3603 413 3738 480 1248

472 523 779 595 ingentem.
826 540 989 594 quem
1033 538 1229 594 purum
1266 522 1632 595 apprehendit
1660 523 1813 596 virgo
1856 531 2008 580 casta
2044 540 2059 577 :

2184 526 2391 599 ἔχουσα,
2417 529 2672 600 κέρασμα
2700 526 2921 583 διδοῦσα
2966 532 3083 600 μετ’
3107 530 3297 602 ἄρτου.
3341 533 3526 590 Ταῦτα
3574 555 3752 611 παρε-

474 626 530 673 et
575 632 701 672 eum
735 628 1009 686 perpetuo
1048 617 1321 672 edendum
1360 617 1584 673 tradidit
1620 616 1841 685 amicis,
1873 619 2061 673 vinum

473 710 686 766 habens
728 709 952 774 bonum,
1000 708 1146 777 quod
1180 709 1274 764 dat
1321 724 1444 763 cum
1493 722 1634 779 pane
1682 716 2062 779 temperatum.

474 800 603 855 Haec
645 799 870 854 adstans
907 798 1174 854 Abercius
1216 799 1400 870 jussit,
1424 806 1485 853 ut
1533 797 1933 862 scriberentur,
1972 812 2064 851 se-

475 892 881 965 ptuagesimum
935 892 1236 948 secundum
1286 906 1489 945 annum
1538 904 1666 946 vere
1714 904 1899 960 agens.
1942 888 2070 945 Haec

475 986 724 1055 cogitans
758 984 1000 1038 oraverit
1030 998 1127 1051 pro
1153 982 1407 1048 Abercio,
1435 981 1749 1051 quicunque
1776 980 2068 1036 nobiscum

478 1078 667 1134 sentit.
714 1074 833 1131 Non
881 1084 1064 1129 tamen
1113 1074 1344 1128 alterum
1380 1073 1650 1128 tumulum
1692 1073 1847 1136 mihi,
1890 1086 2070 1142 neque

479 1170 629 1224 hunc
664 1169 721 1222 in
761 1166 1030 1236 superiori
1086 1166 1208 1221 loco
1253 1166 1504 1234 imponet
1553 1163 1772 1233 aliquis.
1816 1161 1971 1228 Quod
2022 1161 2066 1217 si

481 1260 695 1322 fec-erit,
731 1257 980 1313 Romano
1009 1258 1203 1311 aerario
1235 1258 1415 1311 solvet
1458 1256 1544 1312 bis
1585 1256 1737 1311 mille
1766 1270 1980 1313 aureos.
2013 1264 2070 1310 et

480 1356 638 1409 hunze
699 1358 889 1424 patriae
947 1353 1219 1423 Hierapoli
1284 1353 1433 1430 mille
1490 1367 1712 1408 aureos.
1772 1352 2069 1421 Inscriptio

2161 618 2301 680 στὼς
2330 613 2487 672 εἶπεν
2537 618 2820 690 ’Δϐέρκιος
2853 612 2954 672 ὧδε
2995 622 3295 691 γραφῆναι,
3346 623 3755 696 ἑϐδομηκοστὸν

2161 709 2280 772 ἔτος
2313 710 2410 763 καὶ
2440 710 2690 780 δεύτερον
2731 713 2882 779 ἄγων
2916 712 3152 781 ἀληθῶς.
3209 715 3316 768 Τοῦ
3349 719 3393 770 θ’
3429 719 3458 770 6
3489 719 3625 771 νοῶν
3655 719 3755 773 εῦ-

2165 801 2315 865 ξαιτο
2362 801 2505 872 ὑπὲρ
2564 800 2852 873 Ἀϐερκίου
2897 804 3007 866 πᾶς
3054 805 3083 856 6
3124 807 3377 875 συνῳδός.
3436 810 3513 862 Οὐ
3561 811 3760 879 μέντοι

2164 891 2372 962 τύμϐον
2400 892 2590 962 ἕτερόν
2606 910 2690 954 τις
2720 894 2817 946 ἀπ’
2849 893 2986 962 ἐμοῦ
3012 895 3201 949 ἐπάνω
3235 896 3389 966 θήσει
3415 914 3430 930 '
3463 902 3511 953 εί
3545 901 3591 953 δ’
3635 900 3760 968 οὖν,

2177 980 2469 1049 Ῥωμαίων
2494 981 2708 1052 ταμείῳ
2734 981 2893 1044 θήσει
2919 984 3154 1055 δισχίλια
3183 989 3384 1055 χρυσᾶ,
3416 991 3511 1041 καὶ
3536 994 3763 1062 χρηστῇ

2168 1074 2389 1144 πατρίδι
2429 1074 2727 1144 Ἱεραπόλει
2782 1076 2933 1147 χίλια
2959 1079 3157 1147 χρυσᾶ.
3187 1079 3265 1132 Τὰ
3298 1080 3398 1148 μὲν
3422 1082 3484 1152 δὴ
3507 1082 3603 1137 τοῦ
3632 1086 3767 1137 ἐπι-

2166 1168 2494 1238 γράμματος
2521 1160 2623 1221 ὧδέ
2657 1186 2774 1230 πως
2797 1168 2892 1221 ἐπὶ
2912 1168 3112 1234 λέξεως
3137 1166 3293 1239 εῖχεν
3312 1187 3326 1202 ⁸
3359 1173 3440 1225 ὅτι
3469 1174 3545 1244 μὴ
3576 1176 3604 1228 ό
3628 1175 3771 1244 χρό-

2165 1276 2255 1321 νος
2283 1260 2470 1329 ὑφεῖλε
2498 1261 2621 1313 κατ’
2650 1259 2833 1328 ὀλίγον
2861 1260 2962 1327 τῆς
2992 1262 3301 1331 ἀκριϐείας,
3356 1265 3451 1318 καὶ
3503 1267 3771 1338 ἡμαρτη-

2166 1351 2344 1421 μένως
2377 1349 2520 1419 ἔχειν
2546 1351 2645 1421 τὴν
2671 1349 2890 1421 γραφὴν
2926 1353 3362 1421 παρεσκεύασεν.

480 1446 701 1516 quidem
733 1445 812 1500 sic
854 1459 915 1499 se
953 1444 1192 1499 habebat
1231 1444 1302 1498 ad
1343 1444 1595 1510 verbum,
1631 1444 1727 1499 sed
1770 1452 1984 1513 tempus
2009 1457 2074 1495 ex
2128 1456 2190 1497 ea
2245 1441 2452 1511 aliquid
2502 1441 2761 1508 detraxit,
2817 1450 2873 1497 et
2924 1441 3109 1498 eﬂ‘ecit
3160 1451 3222 1497 ut
3271 1445 3525 1502 nonnihil
3569 1459 3773 1518 postea

481 1539 906 1592 desideraretur.

553 1629 749 1684 XXIX.
792 1628 914 1700 Ipse
966 1630 1185 1685 tandem
1231 1646 1357 1685 cum
1405 1629 1757 1700 presbyteros
1806 1627 1969 1682 simul
2013 1634 2070 1681 et

481 1721 768 1783 diaconos,
808 1730 867 1775 et
896 1721 1161 1789 quosdam
1193 1729 1444 1778 vocasset
1479 1735 1547 1775 ex
1579 1719 1781 1790 populo
1814 1738 1828 1774 :
1867 1719 2068 1782 Filioli,

480 1811 682 1880 inquit,
720 1810 854 1866 mihi
886 1812 1102 1881 quidem
1146 1813 1255 1883 jam
1282 1813 1437 1868 adest
1481 1812 1604 1867 vita:
1633 1811 1779 1876 tinis,
1824 1817 1881 1865 et
1913 1810 2068 1877 abeo,

481 1918 516 1958 o
553 1918 686 1973 grex
718 1903 850 1957 mihi
874 1904 1070 1959 dilecte
1103 1920 1118 1959 :
1149 1905 1286 1960 abeo
1319 1905 1386 1959 ad
1440 1905 1516 1972 id,
1547 1904 1691 1974 quod
1730 1903 1815 1958 vel
1867 1903 1936 1956 ab
1987 1904 2072 1956 in-

485 2001 658 2045 eunte
714 2000 874 2047 aetate
909 1993 1284 2048 desiderabam
1306 2034 1321 2059 ,
1357 1993 1482 2047 vitae
1513 2009 1685 2064 genus
1722 2009 1738 2047 :
1771 2004 1824 2048 et
1854 1993 1920 2047 ad
1951 2008 2074 2046 eum

485 2084 645 2153 cujus
693 2100 795 2156 ego
828 2086 998 2140 solius
1040 2094 1234 2140 teneor
1264 2085 1557 2151 desiderio,
1602 2094 1659 2140 et
1691 2085 1849 2156 cujus
1894 2084 2078 2139 divino

486 2192 676 2232 amore
732 2177 1090 2232 vehementer
1130 2178 1445 2233 incendor:
1488 2178 1626 2233 abeo
1663 2192 1791 2232 eum
1837 2178 2075 2232 visurus.

487 2268 656 2324 Vobis
701 2277 885 2324 autem
942 2270 1407 2325 considerandum
1459 2278 1564 2336 est,
1613 2284 1907 2339 quemnam
1961 2267 2113 2324 sitis.

487 2360 645 2415 vobis
676 2361 902 2415 electuri
927 2363 1269 2430 episc0pum,
1293 2361 1383 2430 qui
1415 2371 1470 2416 et
1491 2376 1588 2415 vos
1616 2368 1739 2430 post
1760 2375 1847 2414 me
1870 2368 2077 2431 pascet.

488 2461 545 2506 et
575 2452 733 2522 cujus
758 2465 945 2507 vocem
973 2452 1204 2522 pulchre
1242 2453 1472 2507 audient
1505 2467 1641 2507 mea:
1665 2466 1817 2515 oves.
1843 2469 1988 2524 quat,
2024 2462 2083 2509 ut
2130 2480 2133 2483 λ

493 2541 612 2598 Deo
636 2543 834 2611 placet,
871 2545 940 2597 ab
975 2558 1041 2597 eo
1076 2553 1395 2614 pascentur.
1432 2542 1556 2598 Haec
1592 2559 1717 2599 cum
1747 2553 1973 2601 sanctus
2003 2545 2083 2600 eis

496 2634 750 2697 dixisset.
786 2635 859 2694 illi
891 2651 1015 2690 cum
1055 2650 1224 2704 pauca
1257 2635 1399 2689 inter
1433 2650 1493 2690 se
1525 2637 1891 2691 communiter
1916 2635 2082 2691 locuti

494 2733 702 2788 essent,
726 2723 1265 2795 arehipresbyterum
1291 2724 1557 2789 ecclesia,
1582 2724 1670 2779 cui
1688 2724 1854 2779 etiam
1884 2739 2085 2779 nomen

493 2825 613 2871 erat
662 2815 948 2880 Abercius,
983 2817 1348 2871 communiter
1396 2817 1699 2885 elegerunt.
1751 2814 1894 2882 Quin
1919 2816 2084 2870 etiam

496 2922 623 2962 cum
683 2908 800 2978 ipse
842 2921 1065 2977 quoque
1122 2906 1171 2962 ei
1224 2922 1325 2962 sua
1380 2908 1656 2962 sententia
1706 2906 2089 2965 conﬁrmasset

493 2999 899 3068 episcopatum,
956 2998 1008 3054 ei
1050 2998 1285 3069 imponit
1337 3014 1531 3053 manus
1583 3016 1598 3053 :
1640 3008 1695 3054 et
1741 3014 1867 3054 cum
1920 3001 2089 3055 bene-

495 3087 725 3142 dtxisset
749 3104 764 3142 :
794 3086 899 3151 Tu,
932 3087 1135 3157 inqu-it,
1162 3102 1194 3141 o
1218 3086 1438 3151 Aberei,
1461 3101 1608 3140 nunc
1638 3086 1931 3156 episcopus
1955 3100 2087 3140 con-

2246 1624 2380 1679 KG‘.
2404 1622 2575 1687 Αὐτὸς
2600 1621 2678 1689 δὲ,
2710 1621 2834 1686 τοὺς
2867 1622 3276 1694 πρεσϐυτέρους
3319 1625 3399 1688 είς
3427 1627 3629 1680 ταυτὸν
3672 1630 3781 1684 καὶ

2175 1717 2302 1778 τοὺς
2352 1715 2659 1781 διακόνους,
2710 1713 2806 1768 καί
2852 1732 3005 1779 τινας
3057 1714 3154 1767 τοῦ
3193 1714 3438 1786 πλήθους
3486 1717 3735 1783 καλέσας
3764 1739 3780 1754 ο

2177 1808 2376 1872 Τέκνα,
2405 1803 2533 1875 ἔφη,
2564 1803 2689 1875 ἐμοὶ
2720 1803 2820 1874 μὲν
2851 1803 2911 1858 τὸ
2930 1806 3025 1858 τοῦ
3051 1805 3169 1875 βίου
3197 1804 3352 1867 τέλος
3375 1807 3478 1877 ἤδη
3510 1810 3781 1877 πάρεστι,

2179 1899 2274 1954 καὶ
2305 1899 2526 1967 ἄπειμι,
2564 1891 2609 1951 ὦ
2640 1898 2793 1967 φίλον
2819 1896 2945 1968 ἐμοὶ
2982 1898 3254 1969 ποίμνιον,
3284 1899 3481 1968 ἄπειμι
3536 1900 3678 1970 πρὸς
3708 1901 3787 1971 ἢν

2180 1991 2410 2044 ἐπόθουν
2440 1993 2507 2045 ἐκ
2536 1991 2658 2044 νέου
2715 1990 3014 2060 διαγωγὴν,
3051 1992 3146 2045 καὶ
3191 1991 3325 2060 πρὸς
3352 1991 3411 2044 δν
3447 1992 3610 2061 μόνον
3658 1991 3787 2059 ἐγὼ

2177 2084 2278 2155 τὴν
2306 2083 2494 2151 ἔφεσιν
2523 2084 2654 2154 ἔχω,
2688 2084 2784 2136 καὶ
2808 2077 2869 2137 οὗ
2896 2100 2963 2153 με
2992 2082 3240 2154 σφοδρῶς
3259 2083 3288 2135 6
3310 2083 3451 2146 θεῖος
3474 2083 3788 2147 ἐξέκαυσεν

2180 2178 2343 2249 ἔρως,
2374 2176 2596 2248 ἄπειμι,
2628 2175 2820 2229 τοῦτον
2864 2175 3151 2246 ὀψόμενος.
3205 2173 3384 2245 Ὗμᾶς
3415 2175 3472 2228 δὲ
3500 2176 3609 2246 χρὴ
3638 2192 3788 2229 σκο-

2181 2272 2327 2334 πεῖν,
2355 2270 2413 2323 ὃν
2455 2286 2578 2322 τινα
2614 2269 2827 2331 ἑαυτοῖς
2856 2268 3159 2320 ἐπίσκοπον
3189 2266 3485 2337 ψηφιεῖσθε
3511 2283 3528 2300 ·
3556 2265 3616 2328 ὃς
3648 2283 3790 2319 ποι-

2187 2366 2353 2434 μανετ
2375 2379 2435 2415 τε
2486 2361 2630 2432 ὑμᾶς
2659 2361 2777 2431 μετ’
2811 2360 2934 2430 ἐμὲ,
2973 2360 3070 2414 καὶ
3119 2354 3181 2413 οὗ
3206 2357 3308 2425 τῆς
3337 2357 3525 2428 φωνῆς
3550 2356 3791 2412 ἀκούσει

2183 2454 2254 2508 τὰ
2286 2453 2396 2523 ἐμὰ
2433 2453 2683 2524 πρόϐατα
2714 2450 2897 2515 καλῶς
2923 2454 3018 2505 καὶ
3040 2451 3115 2512 ὡς
3145 2449 3267 2521 Θιῷ
3299 2449 3454 2519 φίλον
3483 2448 3575 2502 ὑπ’
3601 2447 3790 2503 αὐτοῦ

2187 2543 2612 2615 ποιμαινόμενα.
2645 2542 2832 2596 Ταῦτα
2858 2542 2951 2596 τοῦ
2981 2542 3140 2611 ἁγίου
3177 2541 3315 2611 πρὸς
3346 2540 3548 2604 αὐτοὺς
3590 2538 3794 2593 εἰπόν-

2186 2653 2300 2703 τος,
2338 2636 2544 2709 βραχέα
2604 2636 2805 2689 ἐκεϊνοι
2865 2634 3004 2706 πρὸς
3050 2632 3314 2704 ἀλλήλους
3345 2632 3507 2695 εὐθὺς
3539 2630 3797 2685 κοινολο-

2188 2729 2512 2800 γησάμενοι,
2561 2731 2653 2783 τδν
2712 2724 3225 2798 ἀρχιπρεσϐύτερον
3300 2724 3401 2794 τῆς
3454 2722 3793 2793 ἐκκλησίας,

2188 2821 2361 2891 ὄνομα
2388 2822 2484 2875 καὶ
2513 2821 2675 2874 αὐτὸν
2714 2819 3028 2889 Ἀϐέρκιον,
3069 2816 3268 2880 κοινῶς
3293 2815 3655 2887 ἐψηφίσαντο·
3683 2814 3795 2868 καὶ

2190 2914 2354 2978 αὐτὸς
2393 2914 2450 2968 δέ
2485 2913 2562 2984 τῷ
2607 2912 2762 2983 ἀνδρὶ
2799 2910 2898 2983 τὴν
2926 2908 3230 2980 ἐπισκοπὴν
3279 2907 3795 2978 ἐπιψηφισάμενος,

2193 3007 2467 3076 ἐπιτίθησι
2513 3023 2571 3059 τε
2611 3004 2762 3077 αὐτῷ
2797 3004 2896 3066 τὰς
2928 3005 3142 3074 χεῖρας,
3166 3002 3257 3055 καὶ
3288 3001 3618 3072 εὐλογήσας,
3662 3000 3795 3064 Σοὶ,

2194 3102 2320 3174 ἔφη,
2348 3094 2393 3154 ὦ
2436 3100 2711 3171 Ἀϐέρκιε,
2769 3097 3055 3167 ἐπισκόπῳ
3106 3090 3247 3149 εἶναι
3294 3093 3512 3163 δίδωμι,
3547 3091 3683 3149 Θεοῦ
3719 3108 3793 3145 τε

498 3178 768 3241 stitueris,
804 3177 917 3231 Deo
947 3179 1135 3239 dante,
1178 3183 1235 3229 et
1281 3191 1371 3229 me
1415 3188 1657 3243 quoque,
1709 3182 1973 3243 quantum
2006 3181 2083 3228 est

2190 3194 2427 3257 διδόντος
2452 3193 2546 3246 καὶ
2583 3191 2720 3262 ἐμοῦ
2756 3192 2882 3244 ὅσον
2928 3188 3017 3243 ἐπ’
3058 3189 3206 3259 ἐμοί.
3246 3182 3381 3239 Είτα
3413 3185 3494 3247 είς
3515 3185 3801 3253 οὐρανοὺς

498 3268 556 3323 in
604 3283 724 3324 mea
748 3278 1057 3338 potestate.
1114 3267 1322 3321 Deinde
1366 3281 1492 3321 cum
1529 3266 1692 3321 simul
1739 3280 1864 3319 cum
1919 3265 2091 3320 oculis

498 3375 696 3415 manus
735 3360 790 3414 in
832 3360 1001 3415 caelos
1029 3359 1364 3423 sustulisset,
1400 3367 1457 3413 et
1497 3358 1667 3412 Deum
1708 3366 1943 3420 orasset,
1980 3357 2094 3427 spi-

500 3454 612 3507 ritu
652 3452 783 3510 hinc
826 3452 1061 3516 recedit,
1093 3460 1147 3506 et
1181 3452 1378 3505 transit
1416 3451 1485 3506 ad
1521 3450 1825 3516 Christum,
1859 3449 1925 3503 ad
1957 3449 2092 3505 cho-

502 3559 597 3599 ros
625 3545 943 3615 angelorum
994 3544 1374 3609 transmissus,
1420 3541 1511 3612 qui
1563 3557 1753 3596 revera
1789 3540 1995 3596 vixerat
2033 3550 2095 3595 ut

502 3637 753 3708 angelus.
800 3637 1044 3707 Populus
1086 3646 1293 3702 autem,
1325 3636 1417 3705 qui
1461 3635 1741 3689 habitabat
1786 3633 2090 3697 civitatem,

504 3740 870 3800 congregatus
910 3729 977 3783 ad
1012 3743 1229 3783 sacrum
1269 3727 1401 3782 illud
1435 3726 1536 3781 viri
1581 3740 1816 3796 corpus,
1859 3739 1985 3779 cum
2014 3723 2092 3777 illi

505 3837 661 3877 saera
708 3820 1001 3876 cecinisset
1050 3820 1286 3884 cantica,
1341 3828 1395 3874 et
1433 3828 1693 3888 tanquam
1745 3829 2093 3871 communem

508 3914 745 3985 aliquem
777 3913 1097 3970 thesaurum
1134 3911 1465 3976 sustulisset,
1496 3910 1753 3980 deposuit
1788 3909 1842 3962 in
1882 3907 2088 3978 lapide,

506 4009 771 4064 vicesimo
829 4008 1075 4063 secundo
1127 4007 1331 4061 mensis
1383 4003 1659 4061 Octobris.
1712 4001 1921 4057 Deinde
1967 4015 2092 4055 cum

510 4114 664 4163 eum,
709 4098 803 4169 qui
839 4100 908 4155 ab
947 4099 1069 4170 ipso
1107 4106 1396 4168 acceperat
1434 4097 1836 4166 episcopatum,
1890 4093 1942 4145 in
1975 4091 2096 4161 ejus

509 4193 771 4246 thronum
817 4192 1196 4255 deduxissent,
1244 4188 1614 4244 communiter
1672 4183 2096 4255 magniﬁcarunt

509 4283 702 4348 Deum,
733 4282 825 4353 qui
863 4291 948 4337 est
978 4297 1146 4353 super
1184 4282 1442 4336 thronum
1484 4279 1673 4352 gloriae
1702 4277 1854 4348 regni
1888 4293 1903 4330 :
1931 4289 2095 4345 quem

508 4375 669 4430 decet
722 4377 902 4431 omnis
952 4377 1150 4440 honor,
1212 4374 1379 4445 gloria
1431 4380 1487 4427 et
1534 4372 1802 4438 adoratio,
1855 4384 2006 4425 nunc
2042 4375 2100 4424 et

510 4480 748 4536 semper,
771 4474 827 4520 et
852 4467 909 4521 in
942 4466 1139 4521 saecula
1168 4465 1516 4521 saeculorum.
1545 4464 1740 4518 Amen.

2195 3288 2295 3339 σὺν
2324 3286 2435 3348 τοῖς
2457 3284 2669 3355 ὖμμασι
2705 3283 2797 3336 καὶ
2828 3285 3018 3353 χεῖρας
3046 3278 3324 3349 ἀνασχὼν,
3354 3277 3449 3331 καὶ
3478 3271 3803 3346 προσευξᾶ·

2198 3395 2357 3449 μενος
2388 3376 2467 3446 τῷ
2501 3375 2641 3447 Θεῷ,
2678 3374 2904 3444 ἀπαίρει
2959 3390 3020 3426 τε
3075 3373 3184 3425 τῶν
3230 3369 3468 3424 ἐνταῦθα
3505 3366 3584 3437 τῷ
3618 3366 3804 3419 πνεύ-

2199 3488 2351 3541 ματι,
2410 3469 2506 3522 καὶ
2536 3469 2675 3539 πρὸς
2705 3465 2945 3535 Χριστὸν
2982 3464 3275 3527 διαϐαίνει,
3321 3462 3502 3533 χοροῖς
3535 3458 3804 3527 ἀγγέλων

2195 3565 2223 3617 ό
2261 3562 2383 3616 κατ’
2414 3560 2646 3631 ἄγγελον
2698 3560 2916 3630 ἀληθῶς
2970 3559 3179 3629 βιώσας
3253 3554 3801 3626 παραπεμπόμενος.

2196 3656 2270 3709 Τὸ
2300 3655 2486 3725 μέντοι
2523 3655 2622 3726 τὴν
2672 3653 2826 3707 πόλιν
2860 3652 3044 3707 οἰκοῦν
3082 3650 3288 3720 πλῆθος
3324 3648 3476 3719 παρὰ
3510 3645 3573 3698 τὸ
3643 3644 3803 3712 ἱερὸν

2197 3751 2374 3803 ἐκεῖνο
2411 3746 2504 3800 τοῦ
2537 3745 2729 3815 ἀνδρὸς
2795 3744 2956 3816 σῶμα
3000 3741 3510 3812 συναθροισθέντες,
3557 3735 3683 3806 ἱερά
3731 3752 3804 3788 τε

2199 3836 2349 3913 αὐτῷ
2407 3841 2707 3913 ἐπᾲσαντες
2740 3838 2987 3910 ᾅσματα,
3018 3835 3112 3889 καὶ
3175 3833 3450 3906 λαμπρῶς
3476 3831 3805 3902 ἀνελόμενοι

2199 3933 2392 4004 ὥσπερ
2435 3933 2556 3986 τινὰ
2587 3931 2767 3983 κοινὸν
2799 3927 3073 3997 θησαυρὸν
3100 3928 3158 3979 ἐν
3187 3925 3266 3994 τῷ
3299 3924 3436 3993 λίθῳ
3467 3921 3799 3987 κατέθεντο,

2199 4024 2459 4095 δευτέραν
2489 4022 2583 4074 τοῦ
2628 4019 2963 4088 Ὀκτωϐρίου
2997 4018 3134 4089 πρὸς
3163 4019 3286 4079 ταῖς
3308 4016 3515 4068 εἴκοσιν
3537 4015 3802 4082 ἄγοντος·

2199 4113 2319 4169 εἶτα
2359 4115 2450 4168 τὸν
2486 4115 2578 4167 ὑπ’
2612 4113 2780 4168 αὐτοῦ
2829 4110 3125 4181 δεξάμενον
3165 4110 3268 4181 τὴν
3332 4107 3665 4177 ἐπισκοπὴν,
3705 4107 3807 4158 ἐπὶ

2197 4208 2290 4261 τὸν
2322 4204 2491 4259 αὐτοῦ
2528 4185 2718 4275 θρόνον
2752 4201 3147 4268 ἀναγαγόντες,
3174 4202 3328 4271 κοινῇ
3361 4198 3454 4251 τὸν
3478 4198 3572 4251 ἐπὶ
3599 4198 3801 4268 θρόνου

2198 4298 2358 4368 δόξης
2410 4297 2510 4365 τῆς
2567 4294 2845 4366 βασιλείας
2875 4294 3011 4347 Θεὸν
3074 4292 3442 4364 ἐμεγάλυνον,
3495 4284 3538 4358 ᾧ
3582 4292 3801 4360 πρέπει

2201 4393 2354 4445 πᾶσα
2398 4389 2546 4456 δόξα,
2572 4386 2708 4459 τιμὴ
2738 4389 2832 4441 καὶ
2866 4385 3243 4458 προσκύνησις
3309 4384 3405 4439 νῦν
3436 4384 3532 4437 καὶ
3571 4382 3661 4435 ἀεὶ
3704 4382 3804 4434 καὶ

2202 4483 2280 4545 είς
2310 4482 2437 4544 τοὺς
2466 4480 2666 4544 αίῶνας
2695 4478 2805 4532 τῶν
2832 4477 3066 4532 αἰώνων.
3105 4477 3298 4549 Ἄρην.
