4132 6492
385 414 519 477 1249

382 586 3456 643 ww

1526 428 1993 490 MARTYRIUM
2036 431 2096 492 S.
2132 431 2487 495 ARETIH‘I.

1562 764 2443 888 ΜΑΡΤΥΡΙΟΝ

1835 979 1974 1034 ΤΟΥ
2007 980 2212 1035 ΑΓΙΟΥ

844 1153 2467 1305 ΜΕΓΑΛΟΜΑΡΤΥΡΟΣ
2580 1163 3142 1303 ΑΡΕΘΑ

1406 1391 1529 1445 ΚΑΙ
1562 1391 1699 1445 ΤΩΝ
1738 1394 1876 1446 ΣΥΝ
1910 1394 2093 1466 ΔΥΤῼ
2138 1396 2607 1451 ΑΘΛΗΣᾹΝΤΩΝ

1495 1555 1836 1643 ΑΓΙΩΝ
1911 1561 2506 1650 ΜΑΡΤΥΡΩΝ

1048 1730 1177 1783 KAI
1215 1731 1512 1790 ΙΣΤΟΡΙΑ
1560 1738 1702 1792 ΤΩΝ
1747 1742 1925 1796 ΚΑΊἈ
1957 1743 2203 1799 ΧΩΡΑΣ
2254 1748 2435 1799 ΤΟΤΕ
2457 1750 2964 1807 ΠΡΑΧΘΕΝἸὩΝ.

1942 1925 2015 1937 —

1534 2098 1541 2103 ’
1632 2089 2372 2181 MARTYBIUM

1860 2277 2107 2336 SANCTI

351 2457 599 2606 ET
744 2457 1378 2623 MAGNI
1541 2460 2553 2624 MARTYRIS
2717 2410 3611 2637 ARETH/E.

1230 2747 1320 2804 ET
1364 2748 1607 2808 EORUM
1644 2750 1767 2819 QUI
1816 2749 1962 2808 CUM
2018 2752 2110 2810 ΕΟ
2162 2708 2722 2815 ΒΕΟΕΚΤΑΒΗΝΤ.

1087 2922 1948 3015 SANCTORUM
2041 2927 2851 3022 MARTYRUM

343 3112 448 3172 ET
515 3116 897 3179 HISTORIA
972 3117 1250 3179 EORUM
1324 3116 1514 3191 om:
1597 3116 1803 3179 TUNC
1887 3116 2151 3180 FACTA
2214 3118 2421 3181 SUNT
2501 3121 2584 3183 iN
2669 3125 3034 3188 REGIONE
3108 3130 3621 3197 HOMERITIDE
3716 3180 3722 3191 .

1679 3218 1843 3281 VEL
1891 3220 2172 3281 SABIEA

895 3380 1094 3444 (Latine
1120 3394 1204 3443 ap.
1230 3379 1431 3431 Surium
1462 3380 1525 3430 ad
1554 3380 1688 3432 diem
1712 3380 1772 3430 2!
1795 3381 2057 3446 Octobris;
2100 3384 2273 3437 Grece
2304 3399 2366 3437 ex
2402 3388 2514 3439 cod.
2539 3401 2630 3438 ms.
2658 3389 2815 3443 Paris.
2844 3404 2877 3440 n
2925 3393 3088 3458 1483.)

385 3717 464 3774 A’.
493 3717 653 3780 Ἔτος
677 3715 780 3788 μὲν
813 3716 916 3789 ήδη
948 3716 1211 3787 πέμπτον
1244 3716 1557 3788 ἐνειστήκει
1586 3713 1666 3783 τῷ
1693 3714 1904 3770 εὐσεϐεῖ

2089 3716 2127 3772 1.
2172 3718 2415 3774 Instabat
2443 3718 2556 3790 jam
2590 3719 2818 3791 quintus
2863 3735 3064 3791 annus,
3108 3739 3174 3777 ex
3205 3738 3317 3794 quo
3358 3723 3614 3783 Justinus

342 3809 638 3881 Ἰουστίνῳ,
705 3812 806 3879 τῆς
862 3808 1149 3880 Ῥωμαίων
1201 3809 1380 3880 ἀρχῆς
1443 3810 1556 3862 τῶν
1613 3811 1914 3881 σκήπτρων

330 3902 745 3973 ὲπειλημμένῳ,
769 3901 935 3972 ἡνίκα
962 3902 1059 3955 καὶ
1080 3900 1360 3954 Αἰθιόπων
1396 3900 1695 3955 Ἐλεσϐαὰν
1718 3897 1912 3972 ἦρχεν,

327 3993 470 4065 ἀνὴρ
549 3995 638 4047 ἐπ’
672 3993 928 4066 εὐσεϐείᾳ
970 3993 1067 4047 καὶ
1095 3992 1414 4065 δικαιοσύνῃ
1456 3993 1713 4047 πλείστου
1761 3992 1914 4064 παρὰ

326 4089 496 4142 πᾶσιν
534 4087 839 4158 ἠξιωμένος
889 4087 1176 4158 ὀνόματος,
1225 4088 1285 4139 ὲν
1328 4085 1590 4159 Αὐξούμῃ
1635 4086 1791 4140 πόλει
1846 4087 1915 4141 τά

327 4178 579 4250 βασίλεια
658 4178 1109 4241 κατεσκευακὼς.
1173 4177 1432 4248 Ἐκράτει
1499 4178 1557 4231 δὲ
1650 4177 1747 4231 καὶ
1813 4178 1915 4248 τῆς

323 4272 663 4342 Εὐδαίμονος
725 4271 1010 4343 Ἀραϐίας,
1049 4273 1147 4342 τῆς
1204 4269 1371 4324 πάλαι
1419 4269 1522 4340 μὲν
1571 4269 1745 4333 Σαϐᾶ,
1795 4273 1908 4324 νυνὶ

322 4365 382 4418 δὲ
425 4361 782 4434 ὐμηρίτιδος
834 4361 1204 4431 καλουμένης,
1246 4361 1490 4416 Δουναάν
1521 4379 1607 4426 τις
1656 4361 1910 4431 Ἐϐραῖος

321 4454 462 4526 ἀνὴρ
493 4451 761 4523 δυσσεϐὴς
824 4451 1032 4521 καὶστῷ
1061 4450 1173 4505 τῶν
1209 4451 1559 4522 Χριστιανῶν
1592 4449 1741 4519 γένει
1786 4449 1909 4503 δια-

321 4546 599 4615 φερόντως
635 4542 920 4611 πολέμιος.
963 4543 1060 4605 ’ος
1085 4542 1335 4606 καὶτοὺς
1368 4542 1475 4594 ὑπὸ
1504 4543 1669 4611 χεῖρα
1701 4542 1908 4604 πάντας

319 4637 721 4707 ὲκπεριτόμους
773 4631 945 4705 εἶχεν,
992 4632 1089 4697 οὓς
1128 4634 1232 4705 μὲν
1289 4634 1685 4698 ἰουδαΐζοντας,
1730 4632 1825 4697 οὓς
1850 4631 1906 4685 δὲ

319 4735 416 4786 καὶ
446 4732 694 4804 ἀκριϐῶς
739 4727 1147 4800 ὲλληνίξοντας,
1204 4711 1439 4791 θύοντας
1481 4728 1620 4797 ἡλίῳ
1668 4728 1766 4780 καὶ
1819 4744 1908 4778 σε-

314 4826 457 4899 λήνῃ
482 4826 578 4880 καὶ
598 4825 877 4897 δαίμοσιν,
906 4820 1000 4885 οὒς
1028 4821 1137 4891 ἄρα
1163 4820 1263 4874 καὶ
1303 4820 1447 4872 κατὰ
1489 4821 1579 4872 τὸν
1608 4818 1904 4890 ἐπιχώριον

312 4919 519 4989 τρόπον
572 4918 858 4986 ἀγάλμασι
889 4915 985 4968 καὶ
1012 4912 1236 4983 στήλαις
1264 4911 1489 4982 ἐτίμων.
1532 4909 1903 4979 Ἀπηχθάνετο

311 5009 371 5062 δὲ
429 5010 528 5062 καὶ
581 5006 660 5078 τῷ
701 5004 1001 5059 Ἐλεσϐαὰν
1032 5005 1061 5056 ὁ
1102 5002 1377 5071 Ἐϐραῖος,
1419 5000 1501 5054 ὅτι
1555 5000 1619 5071 δὴ
1678 5000 1900 5053 πάντων

2017 3819 2310 3879 acceperat
2355 3820 2572 3881 sceptra
2628 3810 2862 3866 Romani
2909 3812 3129 3882 imperii
3168 3829 3183 3866 :
3232 3829 3343 3883 quo
3388 3814 3613 3884 quidem

2015 3910 2261 3972 tempore
2287 3902 2591 3974 imperabat
2611 3903 2776 3959 etiam
2802 3902 3158 3975 Ethiopibus
3182 3904 3469 3970 Elesbaan,
3504 3906 3607 3974 vir,

2013 3996 2105 4066 qui
2129 4005 2355 4066 propter
2376 3996 2636 4067 pietatem
2661 4006 2716 4051 et
2734 3996 3031 4067 justitiam,
3059 3998 3202 4066 apud
3223 4012 3416 4052 omnes
3438 3999 3612 4052 maxi-

2014 4103 2165 4142 mum
2211 4102 2410 4143 nomen
2456 4087 2559 4142 fuit
2610 4095 2985 4143 consecutus:
3038 4088 3095 4142 in
3146 4087 3371 4143 civitate
3419 4097 3607 4144 autem

2013 4184 2263 4235 Auxume
2295 4180 2501 4251 regiam
2531 4190 2936 4238 construxerat.
2971 4181 3186 4235 Ditione
3214 4180 3436 4236 tenebat
3465 4181 3607 4235 Ara-

2010 4272 2156 4329 biam
2188 4270 2422 4327 Felicem
2463 4287 2583 4342 qua:
2605 4271 2733 4327 olim
2770 4273 2990 4344 quidem
3024 4271 3186 4337 Saba,
3235 4289 3385 4329 nunc
3417 4283 3603 4329 autem

2012 4375 2237 4422 vocatur
2260 4364 2573 4430 Homeritis,
2610 4364 2842 4420 Dunaan
2870 4352 3152 4431 Hebraeus,
3185 4366 3270 4420 vir
3300 4365 3520 4435 impius,
3545 4375 3603 4419 et

2009 4456 2452 4529 Christianorum
2505 4457 2691 4528 generi
2744 4457 3161 4514 inimicissimus
3213 4477 3227 4513 :
3287 4459 3382 4529 qui
3434 4458 3600 4514 etiam

2010 4565 2222 4616 omnes,
2270 4550 2364 4616 qui
2393 4557 2551 4603 erant
2603 4549 2658 4603 in
2708 4564 2806 4603 sua
2839 4559 3137 4619 potestate,
3184 4549 3421 4605 habebat
3487 4551 3601 4605 cir-

2010 4641 2302 4704 cumcisos,
2354 4638 2555 4709 partim
2605 4638 2825 4707 quidem
2859 4637 3143 4694 Iudaicam
3173 4650 3466 4708 sequentes
3497 4654 3596 4695 su-

2007 4731 2411 4801 perstitionem,
2463 4729 2666 4797 partim
2712 4740 2895 4783 autem
2948 4731 3108 4800 plane
3151 4731 3380 4799 gentiles
3408 4730 3506 4785 soli
3540 4739 3598 4786 et

2005 4823 2150 4876 luna:
2179 4821 2552 4876 sacriﬁcantes
2578 4828 2634 4875 et
2675 4819 3040 4887 daemonibus,
3068 4837 3206 4891 quos
3243 4823 3408 4876 etiam
3440 4836 3594 4900 more

2004 4912 2182 4985 gentis
2211 4912 2554 4966 honorabant
2586 4913 2784 4969 statuis
2804 4920 2861 4968 et
2889 4914 3178 4969 columnis.
3211 4913 3381 4970 Porro
3406 4922 3591 4970 autem

2005 5007 2074 5058 ab
2113 5002 2377 5072 Elesbaan
2407 5001 2533 5058 odio
2567 5000 2870 5057 habebatur
2901 5002 3184 5068 Hebraeus,
3235 5004 3380 5074 quod
3410 5005 3593 5060 omni-

313 5101 504 5170 σχεδὸν
542 5100 651 5153 τῶν
693 5099 787 5151 ὑπ’
821 5097 1053 5168 οὐρανὸν
1110 5095 1205 5148 τὸν
1234 5092 1477 5165 Χριστὸν
1514 5096 1898 5164 κηρυττόντων

2006 5097 2107 5152 bus
2133 5095 2267 5161 fere,
2288 5066 2390 5165 Aqui
2417 5102 2549 5149 sunt
2579 5094 2686 5150 sub
2733 5095 2897 5157 ccelo,
2928 5065 3208 5150 Christum
3239 5065 3410 5151 [deum
3447 5112 3587 5167 pra:-

311 5193 446 5246 Θεὸν
491 5193 589 5245 καὶ
633 5191 768 5244 Θεοῦ
810 5191 940 5244 Υίδν
970 5187 1175 5259 ἀληθῆ,
1209 5187 1307 5240 καὶ
1344 5186 1479 5257 ἡμῖν
1519 5186 1706 5257 ὅμοιον
1756 5185 1899 5239 κατὰ

310 5285 409 5355 τὴν
435 5284 617 5352 σάρκα
648 5282 965 5352 γενόμενον,
999 5282 1165 5345 αὐτὸς
1215 5281 1428 5336 ἀθετῶν
1460 5281 1766 5351 ἀπηρνεῖτο
1802 5281 1901 5333 καὶ

308 5375 404 5429 τὸν
436 5374 565 5427 Υἱὸν
606 5373 702 5426 καὶ
742 5372 841 5442 τὴν
872 5375 1174 5444 σάρκωσιν,
1223 5372 1534 5437 συσκιάζων
1576 5372 1637 5426 τὸ
1674 5374 1770 5425 ἐπὶ
1822 5373 1902 5443 τῷ

310 5466 534 5538 σταυρῷ
582 5465 692 5519 τῶν
740 5465 993 5536 πατέρων
1035 5465 1323 5538 ἁνόμημα,
1376 5465 1452 5529 ὡς
1493 5465 1591 5520 καὶ
1631 5464 1897 5528 πολλάκις

305 5561 457 5631 αὐτῴ
492 5559 842 5631 συμϐαλόντα
889 5560 984 5612 τὸν
1037 5560 1243 5633 εὐσεϐῆ
1293 5559 1545 5633 βασιλέα,
1583 5559 1895 5634 τρέψασθαι

302 5668 364 5704 τε
399 5649 699 5705 αὐτὺνιάνὰ
729 5650 952 5721 κράτος,
979 5650 1072 5703 καὶ
1103 5650 1307 5721 φόρους
1335 5650 1649 5719 ἀναγκάσαι
1694 5650 1890 5705 τελεῖν.

303 5740 424 5798 Εἶθ’
463 5741 641 5808 οὕτως
683 5744 892 5798 ἐκεῖνον
935 5743 1035 5812 μὲν
1083 5742 1185 5806 τὰς
1226 5742 1509 5815 συνθήκας
1555 5742 1890 5814 ήθετηκότα,

304 5835 776 5906 κατεξαναστῆναι
807 5833 902 5887 τοῦ
961 5833 1230 5904 βασιλέως
1285 5835 1612 5891 Ἑλεσϐαάν.
1670 5836 1774 5889 Τὸν
1835 5836 1890 5889 δὲ

2003 5187 2335 5251 dicantibus,
2371 5195 2426 5241 et
2461 5201 2651 5242 verum
2697 5184 2795 5241 Dei
2832 5184 3059 5251 Filium,
3086 5198 3142 5240 et
3191 5187 3350 5242 nobis
3380 5187 3586 5243 factum

2003 5292 2166 5333 carne
2208 5277 2463 5343 similem,
2498 5278 2615 5347 ipse
2663 5290 2791 5331 eum
2837 5276 3203 5346 vilipendens,
3242 5276 3590 5332 inﬁciabatur

2003 5369 2120 5424 haec
2139 5368 2345 5435 omnia,
2379 5368 2567 5423 velans
2600 5375 2656 5423 et
2686 5371 3018 5445 adumbrans
3051 5382 3278 5422 suorum
3309 5367 3578 5438 majorum

2003 5465 2206 5525 scelus,
2239 5462 2383 5532 quod
2415 5463 2470 5515 in
2498 5475 2661 5517 cruce
2694 5460 3050 5525 admiserant,
3084 5459 3222 5515 adeo
3248 5468 3308 5513 ut
3334 5474 3430 5514 rex
3459 5460 3584 5530 pius

1992 5571 2136 5627 saepe
2165 5569 2290 5610 cum
2314 5567 2382 5608 eo
2403 5551 2545 5609 bello
2570 5566 2917 5623 congressus,
2951 5550 3001 5605 vi
3031 5550 3234 5607 fuderit
3259 5564 3324 5605 ac
3355 5549 3579 5622 fugarit,

1991 5660 2048 5705 et
2098 5647 2363 5703 tributum
2395 5645 2638 5716 pendere
2682 5644 2943 5717 coegerit.
2975 5642 3179 5699 Verum
3215 5641 3309 5699 ille
3354 5643 3579 5714 quidem

1990 5753 2102 5795 non
2125 5746 2278 5794 stans
2307 5737 2482 5809 pactis
2509 5735 2817 5803 conventis,
2848 5734 3147 5790 insurrexit
3170 5742 3363 5791 contra
3394 5748 3576 5807 regem

1992 5832 2279 5889 Elesbaan.
2312 5830 2582 5887 Elesbaan
2608 5838 2792 5885 autem
2825 5842 2949 5883 eum
2978 5842 3170 5884 rursus
3213 5826 3395 5884 valido
3421 5825 3581 5882 ador-
