4132 6446
585 408 715 474 1251

1840 411 2119 471 MENSIS
2159 410 2524 473 OCTOBER.

3686 418 3810 483 ηδε

583 529 670 574 tus
703 522 967 589 exercitu,
1002 524 1213 580 fortiter
1242 526 1587 598 expugnavit,
1621 537 1677 582 et
1719 528 1773 580 in
1812 526 1992 596 fugam
2024 541 2149 580 con.

2259 527 2422 582 πάλιν
2450 529 2613 600 βαρεῖ
2636 531 2855 603 στρατῷ
2885 531 3010 587 κατ’
3034 532 3205 588 αὐτοῦ
3231 534 3553 601 ἐπελθόντα,
3580 555 3817 606 καταγω-

581 610 762 664 vertit.
796 612 1038 682 Denique
1067 615 1132 667 ad
1158 614 1309 668 illum
1338 616 1638 670 cavendum
1673 616 1860 671 relicto
1883 618 2146 679 exercitu,

583 701 639 754 in
676 716 826 755 suam
867 704 1026 758 rediit
1053 705 1337 761 ditionem.

650 872 717 927 Il.
760 873 981 928 Interim
1014 890 1123 930 non
1156 884 1364 945 poterat
1393 876 1651 933 Hebraeus
1696 878 2003 948 quiescere,
2055 877 2147 932 sed

582 976 641 1018 ut
691 974 926 1035 acceptae
968 967 1137 1022 cladis
1183 969 1391 1023 deleret
1438 969 1809 1040 ignominiam,
1853 985 1974 1024 cum
2024 984 2152 1023 suos

585 1055 908 1137 collegisset,
941 1067 996 1112 et
1026 1073 1140 1123 eos,
1175 1059 1267 1127 qui
1307 1068 1462 1113 erant
1509 1060 1564 1113 in
1608 1059 1881 1128 praesidio,
1925 1060 2153 1115 invasis-

583 1158 686 1213 set,
723 1162 913 1204 omnes
941 1149 1082 1203 bello
1122 1150 1379 1220 perdidit,
1407 1161 1463 1206 et
1502 1151 1665 1222 jussit
1699 1166 1908 1215 omnes,
1951 1152 2042 1222 qui
2072 1153 2154 1205 iu-

581 1237 942 1292 veniebantur
970 1240 1247 1296 Christum
1279 1257 1400 1296 esse
1431 1241 1597 1295 Deum
1630 1242 1975 1306 confitentes,
2015 1244 2151 1299 citra

584 1328 750 1382 ullam
784 1329 1009 1384 interire
1041 1331 1491 1385 misericordiam.
1526 1330 1718 1386 Nullus
1748 1342 1930 1387 autem
1957 1332 2058 1387 fuit
2085 1349 2152 1388 ex

583 1419 676 1483 iis,
710 1421 799 1488 qui
828 1429 980 1474 erant
1012 1423 1112 1475 sub
1139 1422 1275 1490 ipso,
1310 1422 1655 1482 Christianis.
1683 1424 1774 1491 qui
1808 1438 1866 1477 se
1892 1439 1999 1477 non
2026 1424 2153 1478 huic

588 1510 759 1579 impio
788 1511 968 1565 edicto
997 1512 1308 1567 submiserit
1336 1513 1480 1567 illius
1524 1514 1689 1567 animi
1726 1514 2023 1569 formidans
2055 1530 2155 1569 sae-

586 1600 795 1656 vitiam.
823 1603 1076 1667 Quadam
1099 1611 1281 1657 tamen
1301 1602 1491 1659 civitas
1517 1606 1775 1674 frequens
1802 1606 2021 1674 populo,
2053 1605 2153 1659 sita

586 1688 644 1742 in
675 1688 1026 1756 llomeritide,
1053 1706 1175 1760 quae
1206 1700 1429 1747 vocatur
1454 1692 1688 1764 Νῖκαι-οη,
1713 1708 1833 1747 cum
1857 1694 1969 1763 jam
1996 1695 2155 1767 longo

462 1794 481 1811 τ
587 1781 789 1835 abhinc
838 1790 1080 1851 tempore
1110 1783 1349 1839 venisset
1391 1784 1458 1838 ad
1504 1785 1837 1855 agnitionem
1889 1787 2154 1851 veritatis,

584 1882 641 1926 et
664 1872 921 1941 pietatem
949 1874 1297 1943 suscepisset,
1335 1890 1531 1943 nempe
1562 1891 1627 1930 ex
1657 1891 1768 1946 quo
1794 1877 2146 1933 Constantius
2191 1866 2229 1921 Β

586 1962 767 2033 magni
797 1963 1136 2017 Constantini
1164 1964 1327 2029 Illius,
1374 1965 1440 2018 ad
1476 1965 1719 2030 Sabaeos,
1752 1968 1841 2037 qui
1893 1983 2039 2021 nunc
2066 1984 2158 2023 vo-

585 2061 780 2107 cantur
812 2052 1128 2120 Homeritae,
1154 2055 1262 2109 orti
1284 2070 1415 2110 vero
1443 2065 1570 2111 sunt
1593 2072 1656 2112 ex
1686 2059 1881 2112 Cetura
1905 2059 2156 2121 Abrahae,

587 2142 735 2197 misit
762 2143 967 2212 legatos
994 2161 1007 2198 :
1040 2152 1097 2197 et
1145 2159 1273 2215 rege
1307 2145 1453 2199 illius
1478 2146 1659 2216 gentis
1704 2147 2025 2203 muneribus
2053 2149 2155 2202 sibi

585 2231 899 2297 conciliato,
949 2232 1240 2288 aedificavit
1284 2235 1385 2288 hac
1420 2235 1474 2289 in
1527 2236 1746 2290 civitate
1796 2238 2076 2300 ecclesias,
2105 2246 2159 2293 et

587 2321 877 2389 quemdam
936 2321 1114 2376 virum
1169 2324 1341 2391 pium,
1386 2327 1477 2394 qui
1530 2326 1598 2379 ad
1642 2337 1804 2380 vitam
1861 2328 2160 2383 declinarat

590 2410 971 2477 monasticam,
1003 2423 1059 2468 et
1086 2413 1378 2471 litoralibus
1413 2424 1468 2472 et
1493 2416 1685 2472 activis
1717 2418 2012 2474 virtutibus
2040 2430 2160 2475 erat

587 2515 837 2572 magnus.
869 2512 1032 2573 atque
1052 2503 1189 2559 adeo
1214 2503 1468 2559 omnibus
1494 2505 1577 2560 sui
1602 2508 1860 2577 temporis
1885 2510 2155 2578 superior,

590 2595 759 2654 misit,
814 2604 874 2648 ut
925 2607 1181 2664 pra-esset
1226 2596 1316 2662 iis,
1347 2598 1436 2666 qui
1485 2598 1551 2653 ad
1583 2614 1764 2654 veram
1816 2613 2161 2658 accesserant

588 2683 928 2752 religionem.
978 2684 1100 2750 Quo
1123 2686 1344 2755 quidem
1390 2697 1634 2758 tempore
1663 2689 1866 2745 Judaais
1902 2694 2164 2748 resisten-

590 2775 754 2839 tibus,
783 2785 840 2829 et
876 2776 1108 2832 barbaro
1137 2778 1516 2842 suadentibus,
1545 2795 1616 2834 ne
1637 2790 1745 2834 tam
1780 2782 1937 2836 facile
1978 2784 2162 2854 hospi-

589 2874 697 2918 tem
728 2866 1039 2921 admitteret
1082 2868 1137 2921 in
1183 2869 1481 2936 civitatem,
1517 2886 1690 2940 neque
1732 2872 1875 2926 circa
1909 2889 1996 2928 res
2025 2874 2159 2929 divi—

589 2971 688 3010 nas
733 2957 939 3026 aliquid
965 2959 1269 3023 iunovaret,
1300 2960 1402 3014 nisi
1437 2960 1588 3029 prius
1620 2966 1703 3014 vir
1735 2961 2020 3030 religiosus
2057 2963 2162 3017 ali-

584 3048 734 3115 quod
772 3049 990 3119 signqu
1021 3051 1354 3114 ostenderet,
1399 3052 1692 3122 (quomodo
1738 3054 1916 3109 solent
1947 3056 2034 3110 isti
2068 3071 2164 3126 pe-

592 3146 725 3201 tere,
757 3140 932 3206 utqui
969 3141 1082 3194 sint
1111 3142 1394 3211 increduli)
1431 3143 1575 3210 quod
1609 3144 1827 3213 quidem
1870 3146 1916 3199 si
1948 3148 2162 3214 prasti-

590 3226 739 3291 terit,
775 3236 904 3281 tunc
934 3228 984 3282 ei
1033 3230 1361 3285 concederet
1395 3233 1697 3303 ingressum
1734 3233 1790 3286 in
1838 3235 2114 3289 civitatem
2144 3254 2160 3291 :

590 3314 682 3368 ille
714 3315 914 3370 divinis
946 3318 1115 3372 fretus
1146 3319 1447 3388 promissis,
1481 3321 1626 3390 quod
1672 3322 1825 3393 signa
1864 3333 2165 3394 sequentur

591 3419 705 3465 eos.
728 3404 820 3473 qui
841 3405 1192 3471 crediderint,
1214 3407 1408 3461 annuit
1426 3409 1539 3463 cira
1556 3409 1715 3463 ullam
1732 3411 2124 3468 dubitationem
2145 3430 2158 3467 :

589 3500 647 3543 et
690 3505 880 3545 eorum
924 3506 1045 3560 quae
1088 3494 1428 3562 petebantur,
1477 3494 1861 3552 miraculorum
1911 3515 2160 3570 magnam

590 3578 831 3631 ostendit
860 3580 1259 3647 operationem.
1297 3580 1379 3633 Ab
1422 3580 1512 3636 illo
1546 3583 1657 3651 jam
1700 3591 1944 3655 tempore
1972 3588 2162 3643 civitas

596 3663 882 3717 Dominum
913 3679 1049 3733 pure
1071 3666 1280 3733 colens,
1306 3677 1363 3723 et
1389 3669 1694 3725 orthodoxa
1714 3671 2025 3728 divinorum
2058 3677 2162 3730 Pa-

591 3764 733 3809 trum
775 3770 1011 3825 sequens
1037 3757 1308 3829 dogmata,
1357 3764 1761 3831 perseverabat,
1796 3765 1845 3819 si
1885 3768 2016 3835 quid
2046 3778 2167 3823 erat

592 3842 745 3907 mali,
790 3846 1077 3914 repellere,
1137 3853 1193 3900 et
1240 3848 1475 3903 alienam
1523 3849 1763 3920 effugere
1819 3853 2158 3924 religionem,

590 3934 727 3990 adeo
754 3945 813 3990 ut
836 3938 1042 3993 sineret
1070 3938 1289 4008 quidem
1311 3955 1430 3995 eam
1463 3941 1533 3997 ad
1554 3956 1721 3998 aures
1747 3948 2055 4013 pervenire.

662 4157 749 4213 Ill.
792 4159 1044 4215 lnvidens
1070 4175 1201 4233 ergo
1227 4156 1516 4232 malignus,
1543 4173 1739 4230 totum,
1768 4178 2002 4236 quantus
2026 4180 2159 4237 erat,

590 4251 814 4306 subiens
861 4250 1167 4317 Hebraeum,
1195 4268 1322 4307 eum
1362 4264 1536 4308 armat
1562 4257 1822 4311 adversus
1866 4260 2159 4324 civitatem,

593 4341 791 4408 partim
824 4341 1045 4409 quidem
1075 4343 1305 4409 opinans
1337 4341 1476 4406 fore,
1512 4355 1573 4398 ut
1604 4345 1656 4399 id
1698 4357 1844 4401 esset
1872 4350 2160 4405 molestum

590 4433 682 4500 pio
716 4435 825 4501 regi
852 4431 1176 4502 Ethiopum
1206 4450 1223 4490 :
1261 4436 1458 4504 partim
1490 4447 1672 4492 autem
1710 4453 1777 4493 eo
1806 4451 2077 4510 spectans,
2105 4457 2164 4498 ut

592 4520 649 4572 in
705 4521 979 4575 Lhristum
1036 4536 1187 4577 suam
1236 4524 1480 4594 expleret
1526 4524 1818 4593 insaniam,
1880 4540 1936 4585 et
1997 4549 2164 4601 genus

592 4609 1029 4665 Christianorum
1063 4614 1288 4669 omnino
1319 4623 1612 4672 everteret.
1643 4618 1830 4689 Itaque
1860 4622 2006 4675 venit
2029 4624 2163 4677 vali-

590 4701 719 4752 dum
751 4701 1027 4757 adducens
1050 4703 1347 4758 exercitum
1372 4721 1385 4758 :
1412 4715 1468 4760 et
1495 4723 1615 4761 cum
1638 4710 1993 4767 circumcirca
2020 4721 2164 4768 esset

588 4800 1028 4856 castrametatus,
1060 4795 1311 4864 valloque
1357 4804 1415 4849 et
1445 4797 1592 4852 fossa
1627 4800 1827 4854 mmnia
1857 4804 2165 4859 circumde-

586 4881 780 4946 disset,
816 4883 1029 4936 obsedit
1058 4883 1294 4954 Nagran,
1322 4887 1585 4943 minitans
1615 4904 1674 4944 se
1704 4891 1849 4945 illam
1885 4907 2163 4963 expugna-

586 4981 793 5032 turum,
815 4982 871 5026 et
899 4988 1108 5035 omnes,
1129 4978 1221 5045 qui
1249 4976 1305 5030 in
1335 4976 1451 5047 ipsa
1476 4989 1656 5046 erant,
1681 4980 2157 5052 interempturum,

586 5062 691 5115 nisi
744 5078 905 5117 cruce
951 5064 1187 5130 Domini,
1243 5082 1274 5120 a
1321 5068 1533 5123 civibus
1588 5070 1641 5122 in
1692 5074 1910 5127 excelso
1956 5074 2156 5143 posita,

583 5167 745 5221 quam
777 5155 1165 5210 exsecrationis
1194 5159 1582 5227 signumtproh
1604 5160 1816 5231 dolor!)
1845 5165 2040 5219 stultus
2066 5181 2160 5219 vo-

584 5244 763 5307 cabat,
797 5246 865 5298 ad
898 5244 1128 5300 nihilqu
1181 5248 1420 5312 redacta,
1455 5249 1657 5305 deinde
1703 5254 1984 5309 Christum
2020 5272 2158 5325 quo-

579 5350 689 5409 que
713 5347 1023 5407 negassent,
1055 5338 1149 5409 qui
1180 5331 1360 5395 fuerat
1391 5341 1446 5395 in
1472 5357 1535 5395 ea
1564 5358 1883 5413 suspensus.
1913 5346 2067 5411 Quod
2091 5365 2156 5403 eo

579 5429 797 5496 quidem
824 5430 1052 5485 consilio
1080 5430 1334 5499 faciebat,
1368 5445 1428 5489 ut
1450 5450 1572 5490 cum
1603 5452 1698 5492 eos
1725 5437 1839 5504 illo,
1863 5441 2008 5509 quod
2031 5442 2156 5497 inde

577 5518 856 5585 veniebat,
902 5522 1153 5590 prmsidio
1201 5526 1485 5593 nudasset,
1535 5528 1639 5584 hoc
1689 5538 1796 5585 tam
1834 5531 2010 5587 valido
2055 5533 2153 5588 de-

579 5611 753 5668 fectos
787 5616 992 5670 auxilio
1026 5617 1227 5673 deinde
1253 5620 1559 5676 invaderet.
1593 5624 1823 5689 Quidam
1851 5641 1978 5694 ergo
1998 5641 2154 5682 exse-

579 5705 765 5757 crandi
822 5707 985 5777 hujus
1024 5710 1168 5780 regis
1218 5714 1498 5777 satellites,
1555 5717 1608 5770 in
1662 5719 1850 5771 orbein
1886 5721 2152 5775 obeuntes

510 5778 538 5802 η’
580 5794 878 5863 civitatem,
931 5800 1122 5857 eadem
1173 5806 1657 5865 vociferabantur:
1702 5822 1775 5875 et,
1825 5815 1865 5867 si
1900 5825 2150 5881 parerent

2251 617 2506 673 νίσασθαί
2538 637 2599 673 τε
2653 623 2940 689 γενναίως,
2980 622 3076 675 καὶ
3136 624 3353 693 φυγάδα
3403 629 3814 694 παρασκευάσαι

2251 707 2532 774 γενέσθαι.
2566 706 2701 765 Εἶτα
2740 711 2876 782 πρὸς
2909 713 3160 781 φυλακὴν
3200 714 3417 767 ἐκείνου
3450 714 3817 772 καταλιπόντα

2254 799 2504 866 στρατὸν,
2545 803 2624 863 είς
2650 802 2749 871 τὴν
2778 802 2985 855 οίκείαν
3009 803 3168 867 αὖθις
3199 804 3371 875 ἀρχὴν
3394 804 3753 875 ὑποστρέψαι.

2323 888 2397 941 B'.
2446 888 2534 942 Ἐν
2548 890 2758 953 τούτοις
2771 891 2864 944 τὸν
2903 892 3153 963 Ἐϐραῖον
3178 895 3278 946 οὐκ
3303 890 3372 963 ἦν
3407 894 3638 964 ἠρεμεῖν
3660 911 3677 929 ο
3707 894 3816 951 ἀλλ’

2253 979 2440 1051 ῶσπερ
2468 981 2569 1051 τὴν
2589 976 2761 1052 ἧτταν
2781 983 3251 1052 ἀνακαλούμενον,
3278 983 3675 1053 συλλεξάμενον
3698 987 3820 1050 τοὺς

2253 1071 2511 1137 οἰκείους,
2548 1073 2646 1125 καὶ
2677 1076 2793 1137 τοῖς
2821 1074 2920 1143 τὴν
2953 1074 3203 1145 φυλακὴν
3234 1074 3451 1146 ἔχουσιν
3474 1076 3816 1143 ἐπιθέμενον,

2254 1164 2478 1235 πολέμῳ
2517 1181 2572 1216 τε
2600 1164 2852 1230 ἅπαντας
2907 1165 3241 1235 διαφθεῖραι,
3273 1165 3370 1219 καὶ
3417 1165 3679 1220 κελεῦσαι
3699 1168 3814 1231 τοὺς

2255 1255 2676 1325 εὑρισκομένους
2691 1255 2825 1309 Θεὸν
2851 1257 2942 1309 τὸν
2966 1258 3204 1327 Χριστὸν
3226 1257 3626 1328 ὁμολογοῦντας
3675 1258 3817 1327 παρὰ

2254 1347 2365 1400 πᾶν
2398 1345 2545 1408 ἔλεος
2586 1346 3024 1417 διαφθείρεσθαι.
3072 1344 3183 1401 Ἶίν
3230 1345 3324 1403 οὖν
3358 1349 3536 1411 οὐδεὶς
3574 1348 3683 1401 τῶν
3729 1349 3816 1402 ὑπ’

2255 1438 2406 1510 αὐτῷ
2429 1437 2728 1492 τελούντων
2784 1440 3155 1511 Χριστιανῶν,
3210 1440 3270 1504 ὃς
3310 1440 3407 1510 οὐχ
3433 1440 3718 1494 ὐπέκυπτε
3745 1441 3817 1509 τῷ

2255 1530 2509 1586 δυσσεϐεῖ
2552 1513 2730 1603 τούτῳ
2788 1532 3199 1604 προστάγματι,
3248 1532 3347 1600 τῆς
3384 1530 3571 1600 ψυχῆς
3613 1531 3817 1600 ἐκείνης

2256 1622 2475 1693 τρέμων
2508 1623 2607 1693 τὴν
2628 1623 2952 1694 ἀγριότητα.
2988 1623 3149 1686 Πόλις
3186 1623 3249 1690 γέ
3284 1639 3368 1686 τις
3400 1621 3818 1691 πολυάνθρωπος

2257 1714 2364 1766 ὐπὸ
2385 1714 2476 1768 τὸν
2520 1715 2823 1785 Ὀμηρίτην
2846 1714 3074 1785 κειμένη
3106 1715 3419 1784 καλουμένη
3448 1714 3699 1783 Ναγράν,
3729 1730 3817 1766 συ-

2259 1806 2388 1876 χνὸν
2411 1806 2514 1877 ἤδη
2554 1807 2747 1876 χρόνον
2777 1808 2860 1868 είς
2909 1805 3207 1873 ἐπίγνωσιν
3268 1804 3500 1857 ἐλθοῦσα
3548 1804 3651 1872 τῆς
3697 1804 3819 1873 ἀλη-

2261 1896 2434 1963 θείας,
2493 1900 2589 1952 καὶ
2637 1897 2735 1967 τὴν
2789 1896 3077 1950 εὐσέϐειαν
3144 1896 3548 1966 ἐπανελομένη,
3598 1895 3658 1960 ἐξ
3703 1896 3818 1949 ὅτου

2260 1989 2639 2049 Κωνστάντιος
2705 1988 2735 2039 ό
2797 1986 2893 2040 τοῦ
2960 1986 3198 2056 μεγάλου
3268 1986 3687 2040 Κωνσταντίνου
3718 1987 3821 2049 υίὸς

2260 2079 2397 2147 πρὸς
2427 2076 2695 2139 Σαϐαίους
2725 2078 2853 2140 τοὺς
2902 2075 2998 2131 νῦν
3063 2076 3387 2148 Ὀμηρίτας,
3432 2077 3584 2140 τοὺς
3621 2078 3683 2130 ἐκ
3729 2077 3821 2146 τῆς

2259 2166 2540 2238 Χετούρας
2562 2167 2642 2236 τῷ
2681 2167 2933 2240 Ἀϐραὰμ
2958 2169 3296 2240 γενομένους
3329 2169 3633 2238 πρεσϐείαν
3659 2171 3822 2222 ἐστεί-

2260 2258 2410 2325 λατο,
2444 2260 2539 2313 καὶ
2559 2259 2756 2329 δώροις
2778 2260 3203 2332 οἰκειωσάμενος
3229 2260 3323 2315 τὸν
3342 2261 3438 2315 τοῦ
3465 2262 3656 2325 ἔθνους
3678 2261 3820 2331 βασι-

2260 2351 2378 2416 λέα,
2397 2351 2691 2421 ἐκκλησίας
2715 2367 2777 2404 τε
2807 2352 3085 2423 ἐδείματο,
3125 2352 3221 2405 καί
3246 2370 3366 2406 τινα
3394 2352 3645 2423 θεόφιλον
3667 2354 3822 2424 ἄνδρα

2263 2443 2399 2513 πρὸς
2430 2444 2523 2496 τὸν
2572 2443 2863 2512 μοναδικδν
2906 2443 3283 2499 ἀποκλίναντα
3335 2444 3479 2516 βίον.
3529 2446 3624 2500 καὶ
3662 2447 3822 2517 μέγαν

2261 2534 2318 2586 ἐν
2340 2533 2559 2604 ἠθικαῖς
2610 2552 2669 2588 τε
2706 2535 2800 2589 καὶ
2848 2539 3183 2606 πρακτικαῖς
3236 2537 3494 2606 ἀρεταῖς,
3560 2539 3652 2591 καὶ
3693 2538 3823 2606 ὑπὲρ

2259 2629 2388 2690 τοὺς
2408 2628 2531 2681 τότε
2563 2627 2773 2689 πάντας
2801 2629 3119 2699 γενόμενον,
3155 2630 3234 2692 εἰς
3269 2632 3611 2698 προστασίαν
3635 2628 3736 2682 τῶν
3760 2633 3818 2698 τῇ

2261 2719 2520 2789 εὐσεϐείᾳ
2566 2718 2967 2789 συντιθεμένων
3007 2719 3342 2791 ἐξέπεμπεν.
3398 2721 3541 2775 Ὀτε
3589 2722 3682 2774 καὶ
3721 2718 3818 2773 τῶν

2275 2810 2549 2865 Ἰουδαίων
2616 2812 3036 2882 ἀνθισταμένων
3108 2815 3206 2867 καὶ
3273 2814 3679 2869 ἀναπειθόντων
3738 2815 3820 2867 τὸν

2265 2902 2564 2975 βάρϐαρον,
2597 2907 2671 2976 μὴ
2713 2908 3023 2979 προχείρως
3050 2905 3195 2961 οὕτω
3222 2907 3372 2971 ξένον
3402 2908 3486 2972 είς
3538 2909 3637 2978 τὴν
3682 2907 3819 2960 πολι-

2258 2998 2415 3048 τείαν
2443 2997 2812 3063 εἰσδέξασθαι,
2853 3001 2992 3072 μηδέ
3037 3003 3264 3072 περὶτὰ
3300 3001 3421 3056 θεῖα
3468 3001 3819 3072 νεωτερίζειν,

2265 3088 2313 3140 εί
2353 3088 2426 3157 μή
2464 3105 2515 3141 τι
2557 3090 2827 3160 πρότερον
2864 3094 3092 3162 σημεῖον
3125 3094 3154 3146 ὁ
3194 3093 3443 3162 θεόφιλος
3484 3095 3820 3160 ἐπιδείξαιτο,

2186 3206 2232 3267 C
2264 3171 2353 3230 οἷα
2383 3178 2450 3249 δὴ
2492 3178 2661 3233 πολλά
2708 3180 2922 3245 τούτοις
2966 3181 3043 3245 ὡς
3093 3183 3345 3248 ἀπίστοις
3387 3187 3648 3239 ἀπαιτεῖν
3689 3184 3819 3247 ἔθος,

2265 3276 2358 3326 καὶ
2402 3276 2521 3327 τότε
2574 3277 2980 3346 παραχωρῆσαι
3036 3278 3189 3348 αὐτῷ
3236 3279 3337 3348 τῆς
3389 3281 3471 3343 είς
3524 3282 3621 3349 τὴν
3678 3280 3819 3331 πόλιν

2263 3362 2491 3429 εἰσόδου,
2522 3364 2731 3418 ἐκεῖνον
2749 3369 2868 3430 ταῖς
2889 3366 3060 3431 θείαις
3079 3369 3435 3439 ἐπαγγελίαις
3456 3369 3819 3442 θαρρήσαντα,

2262 3455 2345 3507 ὅτι
2383 3456 2583 3525 σημεῖα
2634 3458 2748 3520 τοῖς
2800 3458 3128 3512 πιστεύσασι
3176 3461 3673 3533 παρακολουθήσει,
3711 3463 3821 3512 ἐπι-

2262 3547 2453 3601 νεῦσαί
2490 3564 2551 3600 τε
2597 3548 3047 3616 ἀνεπιδοιάστως,
3106 3551 3202 3604 καὶ
3256 3551 3457 3624 πολλὴν
3512 3553 3620 3606 τῶν
3666 3554 3821 3605 ἀπαι-

2264 3639 2547 3709 τουμένων
2610 3640 2906 3711 θαυμάτων
2950 3642 3327 3708 ἐπιδείξασθαι
3378 3644 3476 3716 τὴν
3529 3645 3817 3713 ἐνέργειαν.

2276 3730 2367 3794 Ἐξ
2397 3729 2624 3784 ἐκείνων
2655 3731 2757 3803 ήδη
2785 3732 2895 3787 τῶν
2931 3735 3146 3803 χρόνων
3176 3735 3209 3804 ἡ
3255 3736 3411 3799 πόλις
3460 3735 3709 3806 καθαρῶς
3738 3735 3819 3787 λα-

2260 3822 2533 3890 τρεύουσα
2575 3822 2653 3893 τῷ
2691 3824 2833 3894 Θεῷ,
2879 3826 2974 3877 καὶ
3002 3826 3113 3889 τοῖς
3162 3825 3471 3896 ὁρθοδὸξοις
3523 3827 3630 3880 τῶν
3676 3827 3819 3880 θείων

2270 3911 2537 3981 Πατέρων
2592 3914 2885 3984 στοιχοῦσα
2942 3915 3216 3985 δόγμασι,’
3266 3917 3494 3970 διετέλει
3556 3918 3661 3971 πᾶν
3704 3919 3730 3969 ὅ
3771 3933 3818 3968 τι

2262 4005 2500 4075 πονηρὸν
2550 4006 2942 4076 ἀπωθουμένη,
3010 4006 3105 4060 καὶ
3164 4006 3467 4078 θρησκείαν
3544 4007 3815 4062 ἀλλόκοτον

2262 4092 2390 4164 ἄχρι
2418 4094 2550 4162 γοῦν
2583 4098 2679 4148 καὶ
2711 4095 2883 4166 ἀκοῆς
2938 4096 3348 4167 ἀποφεύγουσα.

2334 4183 2407 4240 I".
2452 4186 2731 4257 Φθονήσας
2773 4187 2952 4240 τοίνυν
2994 4190 3024 4241 ό
3057 4189 3313 4259 πονηρὸς,
3349 4190 3443 4243 καὶ
3483 4189 3612 4244 ὅλον
3643 4189 3815 4242 ὑπεισ-

2261 4275 2354 4339 δὺς
2401 4276 2495 4329 τὸν
2535 4278 2813 4349 ⁸Ε6ραῖον,
2869 4279 3081 4344 ὁπλίζει
3123 4281 3266 4334 κατά
3315 4283 3419 4351 τῆς
3462 4283 3692 4346 πόλεως,
3732 4280 3817 4334 καὶ

2264 4366 2425 4429 αὐτὸς
2452 4366 2609 4420 τοῦτο
2639 4369 2740 4438 μὲν
2767 4370 3149 4441 προσδοκήσας
3176 4371 3370 4425 λυπεῖν
3399 4373 3490 4427 τὸν
3516 4374 3625 4427 τῶν
3656 4371 3817 4425 Αἰθιό-

2268 4474 2385 4510 πων
2420 4458 2618 4529 εὐσεϐῆ
2663 4459 2913 4530 βασιλέα,
2951 4463 3110 4516 τοῦτο
3152 4463 3212 4516 δέ
3259 4466 3352 4516 καὶ
3382 4463 3480 4535 τὴν
3524 4465 3662 4518 κατὰ
3699 4465 3819 4533 Χρι-

2271 4547 2399 4600 στοῦ
2425 4549 2627 4618 μανίαν
2661 4552 2978 4621 ὰποπλῆσαι
3014 4553 3252 4619 σκοπῶν,
3280 4556 3374 4607 καὶ
3400 4557 3465 4608 τὸ
3491 4554 3817 4623 Χριστιανῶν

2267 4640 2421 4706 γένος
2443 4642 2523 4702 είς
2556 4643 2700 4695 ἆπαν
2731 4642 3006 4713 ἐκτρίψαι,
3033 4643 3203 4714 βαρὺν
3231 4645 3573 4716 ἐπαγόμενος
3607 4644 3815 4714 στρατὸν

2264 4729 2602 4798 ἀφικνεῖται,
2635 4734 2727 4786 καὶ
2761 4737 3377 4807 στρατοπεδευσάμενος
3405 4739 3559 4808 παρὰ
3590 4739 3649 4790 τι
3678 4735 3817 4805 περί-

2265 4817 2444 4885 ϐολον,
2476 4822 2569 4873 καὶ
2595 4822 2814 4892 χάρακα
2848 4822 3050 4894 βαλὼν,
3080 4828 3177 4880 καὶ
3216 4828 3681 4898 περιταφρεύσας,
3704 4830 3816 4880 ἐποο

2263 4912 2473 4982 λιόρκει
2512 4912 2731 4984 Νεγρὰν
2760 4915 2903 4967 ἑλεῖν
2925 4932 2987 4969 τε
3040 4916 3212 4988 αὐτὴν
3237 4918 3500 4984 ἀπειλῶν,
3563 4921 3655 4971 καὶ
3701 4918 3814 4978 τοὺς

2263 5005 2323 5055 ἐν
2356 5006 2496 5075 αὐτῇ
2540 5009 2749 5070 πάντας
2774 5007 3006 5075 ἀνελεῖν,
3033 5010 3083 5061 εί
3119 5009 3194 5079 μὴ
3223 5009 3313 5063 τδν
3333 5009 3442 5074 ἔξω
3486 5010 3678 5079 τειχῶν
3707 5010 3815 5059 ἀνε-

2265 5093 2613 5162 στηλωμένον
2663 5097 2721 5146 ἐν
2756 5093 3023 5165 μετεώρῳ
3072 5097 3167 5149 τοῦ
3227 5098 3437 5167 Κυρίου
3493 5094 3811 5166 σταυρὶν,ὂν

2260 5183 2399 5252 ἀρᾶς
2433 5185 2625 5254 (οῖμοι)
2663 5187 2891 5255 σημεῖον
2933 5188 2963 5239 ό
3003 5186 3235 5257 ἀνόητος
3288 5188 3577 5250 ἀπεκάλει,
3619 5184 3808 5249 ἐξουδε-

2261 5274 2560 5340 νὼσαντες,
2590 5272 2712 5330 εἶτα
2750 5277 2843 5329 τὸν
2878 5277 2935 5329 ἐν
2982 5278 3132 5347 αὐτῷ
3168 5277 3550 5348 κρεμασθέντα
3593 5273 3812 5347 Χριστὸν

2256 5367 2585 5436 ἀρνήσαιντο
2608 5385 2619 5397 ·
2654 5369 2843 5432 δεινῶς
2878 5369 3038 5422 τοῦτο
3064 5370 3158 5423 καὶ
3188 5371 3514 5442 πανούργως
3536 5370 3814 5439 ἐπινοήσας

2256 5460 2284 5511 ό
2308 5459 2611 5529 ἁλιτήριος,
2656 5462 2745 5515 ἕνα
2783 5466 2883 5531 τῆς
2918 5464 3131 5517 ἐκεῖθεν
3168 5464 3472 5532 ἀσφαλείας
3510 5462 3814 5533 γυμνώσας,

2260 5544 2361 5601 εἶθ’
2411 5550 2556 5603 οὕτω
2605 5554 2704 5621 τῆς
2760 5556 2989 5623 ἰσχυρᾶς
3039 5554 3245 5626 ταύτης
3283 5554 3534 5625 βοηθείας
3596 5555 3814 5627 ἐρήμοις

2256 5640 2409 5695 οὖσιν
2448 5643 2712 5699 ἐπίθοιτο.
2744 5646 2902 5710 Τινὲς
2942 5645 3041 5700 οὐν
3078 5648 3188 5702 τῶν
3257 5647 3354 5701 τοῦ
3397 5647 3590 5719 μιαροῦ
3634 5644 3813 5698 τούτου

2259 5732 2525 5802 βασιλέως
2544 5735 2927 5805 ὐπασπιστῶν,
2953 5739 3302 5811 περιθέοντες
3327 5739 3508 5810 κύκλῳ
3532 5739 3632 5808 τὴν
3647 5737 3809 5795 πόλιν.

2263 5823 2328 5875 τά
2359 5825 2496 5877 αὖτά
2522 5818 2693 5880 ταῦτα
2722 5827 2920 5899 ἐσόωνε·
2957 5830 3051 5882 καὶ
3081 5830 3436 5898 πειθομένους
3463 5830 3583 5900 μὲν,
3608 5824 3813 5897 δωρεῶν
