4132 6436
350 956 362 1073 i

387 385 522 452 125]

1531 378 2002 442 MARTYRIUM
2042 380 2103 438 S.
2145 378 2494 438 ARETH/E-

3494 378 3633 443 1254

382 503 569 572 ἔλεγον
617 498 1021 573 ἀξιωθήσεσθαι
1068 500 1370 571 βασιλικῶν
1410 501 1507 550 καὶ
1542 497 1759 565 τιμῶν*
1798 500 1955 550 ἀπει-

2064 494 2304 563 quidem,
2338 493 2594 549 dicebant
2627 492 2742 545 fore
2769 492 2849 560 :ut
2880 482 3021 547 dona
3053 500 3109 548 et
3153 491 3394 550 honores
3435 507 3465 546 ι
3514 508 3636 564 rege

382 594 614 657 θοῦντας
657 592 715 645 δὲ
762 592 860 646 καὶ
902 591 980 662 τῷ
1033 591 1305 658 Γαλιλαίῳ
1356 589 1794 659 προσανέχοντας
1836 588 1959 641 ἀντὶ

385 683 690 756 μοναρχίας
752 701 811 737 τε
868 683 1206 752 πολυαρχίαν
1266 683 1613 747 εἰσάγοντας,
1673 684 1806 751 πυρὶ
1864 680 1957 733 καὶ

386 777 637 849 μαχαίρᾳ
685 776 1084 846 παραδοθῆναι.
1137 774 1246 827 Καὶ
1300 772 1466 835 αὐτὸς
1526 772 1583 825 δὲ
1628 772 1869 825 Δουναὰν
1926 773 1959 841 ἡ

383 868 693 937 πάντολμος
722 867 943 937 γλῶσσα
964 866 1058 920 καὶ
1094 866 1266 936 μιαρά
1292 862 1626 935 προσετίθει,
1660 861 1802 934 Μηδ’
1840 866 1953 916 ὁτι-

382 959 475 1011 οῦν
499 960 702 1029 ἀμῦναι
731 961 823 1013 τὸν
868 959 1075 1031 Ἰησοῦν
1119 958 1374 1012 δύνασθαι
1402 962 1513 1023 τοῖς
1546 957 1650 1013 ὑπὸ
1684 960 1782 1026 τὴν
1815 956 1956 1025 ἐμὴν

382 1054 542 1121 χεῖρα
595 1051 967 1122 Χριστιανοῖς,
1003 1051 1096 1115 οὓς
1157 1053 1404 1110 ἅπαντας
1447 1054 1541 1103 καὶ
1586 1050 1784 1112 αὐτοὺς
1837 1051 1960 1111 τοὺς

384 1144 611 1196 ἐκείνων
650 1145 816 1213 ἱερεῖς
882 1146 974 1196 καὶ
1023 1144 1353 1213 μονάζοντας
1402 1143 1543 1211 ξίφει
1593 1141 1963 1209 κατανήλωσα

384 1236 478 1288 καὶ
512 1233 669 1304 πυρὶ,
698 1235 832 1305 μηδὲ
863 1236 971 1288 τίῖιν
992 1234 1121 1305 παρ’
1149 1235 1382 1298 ἐκείνοις
1417 1236 1746 1304 φεισάμενος
1774 1232 1957 1301 ιερῶν,

385 1328 481 1379 atat
511 1327 604 1378 νῦν
626 1326 877 1379 πλεῖστον
907 1329 1030 1379 ὅσον
1067 1326 1395 1395 συναγείρας
1422 1325 1674 1397 στρατὸν,
1697 1325 1823 1395 περί
1857 1341 1959 1376 που

384 1418 706 1472 δυοκαίδεκα
746 1420 1034 1489 μυριάδας,
1070 1421 1215 1487 χειρὶ
1263 1419 1432 1488 πολλῇ
1462 1417 1602 1488 πρὸς
1659 1418 1803 1486 ὑμᾶς
1830 1418 1958 1485 ἀφι-

386 1511 585 1582 κόμην,
623 1510 884 1582 ἧπείσων
910 1511 1149 1575 πάντως,
1194 1511 1227 1580 ἢ
1260 1509 1568 1563 ἀπολέσων.

453 1687 525 1740 Δ’.
563 1687 625 1739 Ol
667 1685 724 1738 δὲ
764 1686 861 1753 τῆς
905 1686 1149 1748 πόλεως·
1203 1684 1476 1754 ἀξιῶμεν,
1515 1684 1745 1752 ἔφησαν,
1777 1676 1822 1735 ὧ
1857 1683 1951 1753 βα-

386 1777 557 1841 σιλεῦ,
608 1779 675 1846 τῇ
707 1776 923 1846 γλώττῃ
965 1793 1024 1828 σε
1073 1793 1140 1827 τα
1195 1774 1365 1827 πολλὰ
1424 1773 1805 1844 χαριζόμενον,
1865 1776 1959 1827 καὶ

2058 592 2568 654 consequerentur:
2594 584 2677 639 sin
2703 591 2882 637 autem
2905 598 3015 638 non
3040 593 3314 653 parerent,
3337 591 3395 639 et
3416 580 3637 639 Galilaao

2058 675 2303 730 animum
2368 676 2715 741 adhiberent,
2784 692 2882 746 pro
2933 675 3252 731 monarcbia
3313 675 3641 730 inducentes

2059 767 2357 821 multorum
2387 768 2771 837 principatum,
2817 766 2929 835 igni
2961 777 3018 821 et
3052 766 3232 837 gladio
3264 766 3629 821 traderentur.

2058 856 2229 913 Porro
2261 868 2446 913 autem
2495 859 2615 929 ipse
2668 873 2888 928 quoque
2939 859 3162 914 Dunaan
3212 858 3545 914 exsecranda
3580 865 3639 912 et

2059 948 2249 1003 audaci
2291 948 2471 1026 lingua
2508 948 2592 1003 his
2620 948 2750 1003 falsa
2779 948 3028 1018 quaedam
3053 948 3309 1013 addebat,
3343 957 3400 1003 et
3424 947 3640 1018 jactan-

2064 1050 2146 1095 ter
2175 1040 2429 1095 dicebat:
2463 1039 2674 1094 Nullam
2709 1039 2887 1109 potuit
2910 1039 3068 1095 Jesus
3094 1055 3254 1109 opem
3298 1039 3440 1095 ferre
3469 1039 3636 1095 Chri-

2060 1132 2255 1187 stianis
2282 1132 2334 1185 in
2373 1146 2489 1185 mea
2529 1140 2802 1200 potestate
2849 1131 3189 1193 constitutis,
3239 1145 3380 1200 quos
3419 1144 3638 1195 omnes,

2061 1231 2116 1275 et
2158 1223 2305 1291 ipsos
2333 1222 2545 1276 illorum
2596 1222 2904 1277 sacerdotes
2931 1230 2987 1276 et
3030 1222 3329 1277 monachos
3373 1222 3553 1293 gladio
3581 1231 3641 1276 et

2062 1315 2183 1382 igne
2227 1313 2379 1384 prius
2429 1314 2767 1384 consumpsi,
2816 1330 2886 1368 ne
2930 1328 3159 1383 parcens
3208 1314 3428 1384 quidem
3465 1312 3636 1368 sacris

2062 1405 2274 1459 illorum
2309 1405 2525 1474 templis
2554 1422 2568 1459 :
2602 1415 2657 1459 et
2684 1420 2832 1459 nunc
2874 1405 3111 1459 maximo
3139 1396 3332 1459 coacti
3364 1405 3634 1466 exercitu,

2061 1514 2261 1568 nempe
2287 1508 2510 1553 centum
2539 1508 2594 1554 et
2627 1500 2815 1570 viginti
2841 1498 3082 1554 millibus
3117 1499 3420 1562 hominum,
3451 1498 3518 1552 ad
3546 1512 3637 1551 vos

2063 1592 2206 1655 veni,
2248 1601 2339 1645 aut
2367 1593 2591 1645 omnino
2619 1606 3002 1661 persuasurus,
3033 1599 3129 1645 aut
3159 1590 3495 1659 perditurus.

2135 1683 2222 1737 IV.
2267 1683 2426 1738 Cives
2471 1692 2651 1737 autem
2682 1699 2698 1736 :
2735 1682 3019 1748 Videmus,
3059 1666 3334 1747 dixerunt,
3371 1697 3404 1736 ο
3435 1697 3548 1745 rex,
3585 1691 3638 1736 te

2063 1774 2259 1843 linguae
2283 1776 2508 1827 multum
2545 1773 2844 1843 indulgere,
2881 1783 2935 1828 et
2979 1773 3284 1828 attribuere
3333 1770 3631 1826 imbecilli-

384 1866 669 1920 ἀσθένειαν
701 1867 778 1937 τῷ
815 1866 962 1936 μόνῳ
999 1866 1117 1936 Θεῷ
1161 1865 1555 1933 περιάπτοντα.
1608 1862 1772 1915 Ἀλλὰ
1828 1861 1924 1915 Ῥα

2064 1876 2228 1919 tatem
2262 1865 2333 1929 ei,
2378 1864 2468 1933 qui
2509 1875 2592 1919 est
2639 1865 2786 1920 solus
2845 1863 3007 1919 Deus.
3062 1864 3171 1919 Sed
3217 1865 3491 1935 Rapsaces
3530 1865 3637 1919 dux

383 1959 567 2028 eam;
603 1975 688 2010 σοι
720 1958 937 2020 πάντως
966 1961 992 2010 ό
1023 1956 1116 2011 τοῦ
1155 1956 1499 2026 Σεναχηρεὶμ
1530 1956 1590 2008 οὑ
1624 1956 1820 2026 μικρὸς
1880 1958 1961 2018 είς

385 2051 716 2119 ὑπόδειγμα,
743 2050 801 2114 ὃς
834 2051 924 2103 καὶ
948 2049 1110 2111 αὐτός
1128 2065 1259 2101 ποτε
1284 2049 1425 2100 κατὰ
1449 2048 1584 2100 Θεοῦ
1611 2049 1957 2119 μεγαλορῤή-

387 2159 525 2211 μονα
564 2141 819 2208 γλῶσσαν
860 2141 1042 2210 ἀφεὶς,
1082 2140 1214 2202 ὅσας
1265 2138 1515 2191 ἀπώλεσε
1546 2138 1836 2208 μυριάδας,
1867 2140 1961 2190 καὶ

382 2230 532 2294 ὅπως
574 2231 832 2296 ἀνέζευξε
898 2229 1016 2300 μετ’
1065 2229 1355 2299 αἰσχύνης,
1410 2228 1615 2292 ὀλίγοις
1657 2228 1959 2294 ἄγνωστος.

385 2323 509 2376 Ὅτι
569 2322 626 2373 δὲ
676 2321 1017 2392 πολυαρχίαν
1078 2320 1111 2390 ἢ
1173 2319 1472 2372 πολυθεῖαν
1520 2318 1961 2384 καταγινώσκεις

383 2413 561 2483 ἡμῶν,
609 2416 795 2482 ἡμεῖς,
834 2413 1041 2466 ἄνωθεν
1074 2411 1174 2464 καὶ
1217 2413 1279 2463 ὲκ
1326 2412 1582 2482 πατέρων
1614 2408 1806 2478 ὥσπερ
1838 2410 1960 2462 τινὰ

385 2505 582 2574 κλῆρον
638 2503 996 2574 ἐκδεξάμενοι
1048 2502 1147 2572 τὴν
1201 2501 1510 2564 εὐσέϐειαν,
1567 2500 1629 2552 οὐ
1685 2500 1960 2571 μοναρχίᾳ

385 2596 827 2665 καταστενοῦμεν
873 2594 1130 2665 θεότητα,
1171 2594 1295 2647 οὐδὲ
1352 2593 1587 2663 ἀφθονίᾳ
1648 2590 1962 2662 προσώπων

384 2687 723 2757 πολυαρχίαν
753 2686 1071 2754 εἰσάγομεν,
1104 2684 1244 2739 ἀλλὰ
1277 2685 1379 2754 τὴν
1416 2686 1548 2755 μίαν
1592 2683 1756 2754 φύσιν
1786 2684 1963 2737 ἀδιαι-

385 2779 556 2849 pitu,-
597 2768 839 2855 stirpi:
883 2775 1221 2846 διαιροῦντες
1273 2775 1560 2845 πρόσωπα,
1607 2776 1829 2844 Πατέρα
1860 2773 1959 2826 καὶ

388 2867 514 2919 Υίδν
543 2868 638 2919 καὶ
670 2865 827 2934 ᾰγιον
848 2865 1071 2934 Πνεῦμα
1094 2880 1108 2896 ·
1138 2865 1228 2919 τὸν
1260 2864 1410 2928 Υίὸν,
1438 2866 1517 2927 είς
1546 2864 1605 2917 ὃν
1643 2865 1804 2935 ὑμεῖς
1836 2865 1959 2916 ἐνυ-

388 2956 626 3028 ϐρίζετε,
678 2954 1053 3026 ὁμολογοῦμεν
1112 2955 1256 3008 κατὰ
1295 2955 1422 3017 τοὺς
1457 2953 1633 3016 θείους
1684 2952 1962 3021 ὲνανθρω-

387 3047 562 3118 πῆσαι
592 3047 899 3119 χρησμοὺς,
937 3046 1031 3099 καὶ
1071 3046 1177 3099 ὑπὸ
1220 3044 1330 3098 τῶν
1387 3044 1668 3115 ὑμετέρων
1713 3060 1961 3116 σταυρω-

387 3138 546 3208 θῆναι
574 3138 832 3208 πατέρων
884 3137 982 3208 τῆς
1028 3136 1137 3189 τῶν
1176 3135 1433 3189 ἁπάντων
1470 3136 1633 3187 ἕνεκα
1660 3134 1959 3204 σωτηρίας,

384 3231 776 3299 ἀγνοησάντων
824 3228 1012 3289 κακῶς
1073 3229 1303 3281 ἐκείνων
1355 3229 1417 3281 τὸ
1468 3231 1566 3298 τῆς
1639 3225 1954 3297 οἰκονομίας

387 3323 711 3393 μυστήριον,
751 3321 813 3374 ὲκ
840 3322 1049 3390 νεκρῶν
1085 3337 1143 3371 τε
1167 3322 1468 3391 τριήμερον
1506 3321 1827 3390 ἀναστῆναι,
1864 3321 1958 3374 καὶ

390 3413 530 3482 πρὸς
576 3412 838 3480 οὐρανοὺς
886 3411 1264 3481 ἀναληφθῆναι
1320 3410 1503 3474 πάλιν,
1538 3413 1634 3464 καὶ
1684 3411 1775 3463 τὸν
1830 3410 1961 3463 ἴδιον

384 3503 740 3575 ἀνυψωθῆναι
774 3502 1014 3571 Πατέρα.

2064 1956 2337 2011 exercitus
2389 1955 2769 2011 Senuacberib
2814 1971 2925 2009 non
2984 1972 3211 2026 parvum
3273 1957 3369 2011 tibi
3423 1955 3638 2011 dederit

2062 2048 2372 2118 exemplum
2414 2064 2429 2101 :
2489 2048 2581 2116 qui
2631 2063 2757 2101 cum
2807 2049 2924 2117 ipse
2973 2063 3193 2116 quoque
3242 2046 3531 2117 aliquando
3581 2046 3639 2100 in

2065 2141 2257 2204 Deum,
2302 2153 2493 2208 magna
2553 2139 2865 2207 loquentem
2919 2148 2978 2193 et
3021 2140 3320 2210 jactantem
3369 2138 3641 2194 vibrasset

2062 2232 2322 2296 linguam,
2354 2230 2498 2299 quod
2534 2230 2818 2284 hominum
2856 2231 3023 2285 millia
3072 2230 3394 2300 perdiderit,
3425 2242 3476 2284 et
3512 2244 3640 2284 cum

2061 2331 2269 2393 quanto
2294 2322 2562 2377 dedecore
2584 2322 2893 2387 recesserit,
2920 2323 3081 2392 pauci
3101 2332 3229 2377 sum
3255 2322 3347 2391 qui
3369 2324 3638 2376 nesciant.

2062 2413 2218 2479 Quod
2248 2420 2430 2466 autem
2465 2425 2568 2465 nos
2602 2425 2851 2475 accusas,
2891 2412 3032 2481 quod
3087 2413 3379 2467 multorum
3433 2412 3643 2481 princi-

2062 2516 2271 2575 patum,
2301 2512 2357 2558 et
2393 2503 2594 2558 multos
2628 2503 2762 2557 deos
2789 2502 3139 2566 inducamus,
3181 2517 3301 2565 nos,
3331 2504 3422 2571 qui
3456 2501 3643 2555 multis

2060 2596 2267 2652 abhinc
2296 2596 2535 2661 seculis,
2565 2608 2819 2665 tanquam
2847 2594 3245 2658 lnereditatem,
3277 2610 3305 2646 a
3341 2593 3647 2663 majoribus

2062 2703 2247 2744 veram
2299 2688 2613 2757 accepimus
2665 2687 3003 2757 religionem,
3051 2701 3154 2740 nec
3210 2685 3525 2739 monarebia
3584 2686 3642 2737 in

2059 2789 2273 2834 aretum
2303 2780 2626 2834 adducimus
2646 2780 3012 2844 divinitatem,
3037 2794 3138 2833 nec
3164 2779 3495 2832 abundantia
3520 2794 3643 2845 per-

2059 2887 2314 2927 sonarum
2369 2871 2681 2927 inducimus
2734 2872 3029 2926 multorum
3080 2870 3495 2940 principatum:
3544 2869 3638 2922 sed

2062 2979 2224 3018 unam
2264 2972 2515 3020 naturam
2568 2964 2701 3018 citra
2749 2963 3073 3019 divisionem
3129 2964 3181 3016 in
3234 2972 3346 3016 tres
3378 2974 3642 3031 personas

2063 3055 2400 3118 dividentes,
2428 3055 2666 3119 l’atrem,
2693 3064 2748 3108 et
2775 3053 2998 3116 Filium,
3021 3061 3074 3106 et
3094 3051 3361 3121 Spiritum
3391 3058 3641 3103 sanctum

2065 3145 2393 3201 conﬁtemur
2421 3161 2434 3198 :
2470 3144 2665 3199 Filium
2716 3159 2848 3199 vero
2880 3144 3082 3214 ipsum,
3113 3157 3275 3213 quem
3307 3155 3402 3195 vos
3449 3150 3644 3194 contu.

2068 3237 2248 3290 nit-liis
2277 3235 2573 3300 inceSsitis,
2618 3235 2896 3291 hominem
2926 3248 3050 3289 esse
3095 3233 3325 3293 factum,
3358 3239 3420 3285 ut
3458 3229 3647 3284 divina

2066 3327 2433 3396 praedixerunt
2458 3341 2739 3396 responsa,
2775 3335 2832 3380 et
2862 3341 2894 3379 a
2916 3324 3115 3380 vestris
3144 3323 3441 3395 majoribus
3461 3332 3647 3375 actum

2065 3413 2237 3469 fuisse
2268 3414 2321 3467 in
2348 3428 2566 3467 crucem
2594 3423 2818 3481 propter
2847 3413 3081 3468 silutem
3111 3412 3383 3472 omnium,
3418 3424 3541 3464 cum
3565 3408 3649 3463 illi

2067 3504 2208 3557 male
2239 3504 2582 3572 ignorasseut
2615 3501 3042 3571 dispensationis
3067 3501 3270 3554 divina:
3300 3499 3649 3569 mysterium,

386 3604 442 3649 et
478 3595 645 3649 tertio
678 3594 767 3649 die
817 3595 1185 3648 resurrexisse
1223 3610 1252 3647 a
1296 3592 1547 3655 mortuis,
1597 3602 1651 3646 et
1699 3607 1885 3645 rursus
1918 3594 1984 3646 ad
2019 3592 2213 3646 emtum
2276 3593 2609 3657 ascendisse,
2657 3602 2710 3645 et
2751 3592 2804 3644 in
2838 3592 3006 3645 altum
3053 3591 3327 3645 sublatum
3371 3587 3538 3642 fuisse
3575 3587 3651 3641 ad

385 3701 546 3740 suum
574 3687 811 3752 Patrem,
843 3697 898 3741 et
923 3688 1218 3752 credimus,
1247 3696 1302 3740 et
1331 3686 1712 3755 pra'dicamus.

454 3772 536 3828 E'.
574 3773 661 3847 Μὴ
684 3775 1033 3847 ἀνασχομένη
1080 3775 1266 3828 τοίνυν
1298 3775 1380 3827 ἔτι
1412 3775 1523 3827 τῶν
1558 3775 1721 3845 ἱερῶν
1749 3773 1957 3828 τούτων

388 3864 614 3919 ἀκούειν
654 3865 829 3934 λόγων
859 3869 893 3938 η
954 3865 1186 3937 βέϐηλος
1218 3867 1379 3936 ἀκοὴ,
1415 3866 1580 3937 ἔργου
1616 3868 1815 3937 εἴχετο.
1850 3867 1960 3920 Καὶ

389 3956 457 4029 δὴ
511 3961 650 4027 πρὸς
684 3956 1003 4027 πολιορκίαν
1052 3957 1421 4028 τραπόμενος,
1480 3959 1663 4012 πᾶσαν
1708 3958 1960 4009 ἑλέπολιν

385 4049 559 4100 ἐκίνει
610 4049 751 4099 κατά
784 4046 883 4116 τῆς
930 4048 1163 4113 πόλεως,
1217 4046 1479 4115 ἀσφαλῶς
1537 4047 1633 4109 τὰς
1692 4046 1960 4109 διεξόδους

392 4135 670 4207 φρουρῶν,
700 4135 796 4189 καὶ
835 4136 1084 4206 οἰόμενος
1115 4137 1239 4199 τοὺς
1266 4125 1416 4188 ἔνδον
1451 4135 1782 4207 πολυημέρῳ
1816 4136 1961 4206 λιμῷ

389 4227 881 4298 παραστήσασθαι.
911 4227 1053 4290 Τούς
1072 4244 1132 4281 τε
1164 4230 1222 4281 ὲν
1254 4229 1447 4299 ἀγροῖς
1487 4229 1582 4283 καὶ
1612 4228 1961 4299 προαστείοις

384 4320 752 4389 Χριστιανοὺς
797 4319 1008 4383 πάντας
1067 4318 1395 4390 συναγαγὼν
1442 4320 1536 4384 οὓς
1583 4322 1682 4392 μὲν
1734 4322 1966 4389 ἀνεῖλεν,

388 4410 482 4474 οὓς
510 4412 569 4464 δὲ
624 4415 737 4475 τοῖς
769 4411 861 4464 ὑπ’
907 4412 1070 4466 αὐτὸν
1113 4411 1251 4481 πρὸς
1300 4412 1546 4464 δουλείαν
1580 4414 1829 4467 ἀπέδοτο.
1874 4413 1964 4476 Ὣς

386 4502 444 4557 δὴ
476 4507 613 4572 πρὸς
653 4505 833 4557 πάντα
880 4503 1143 4571 γενναίως
1176 4504 1229 4555 οἱ
1284 4502 1529 4568 εὐσεϐεῖς
1564 4506 1775 4559 πολῖται
1813 4503 1960 4575 ὴμύο
1987 4484 2041 4545 D

388 4612 565 4658 νοντο,
594 4596 683 4647 ὅτε
728 4596 922 4665 χρόνος
952 4597 1276 4667 τριϐόμενος
1332 4598 1610 4669 ήμϐλυνεν
1663 4597 1816 4669 αὐτῷ
1866 4599 1964 4661 τὰς

391 4684 644 4749 ἐλπίδας.
696 4685 834 4755 δόλῳ
887 4686 986 4755 τὴν
1038 4686 1243 4740 ἀλωσιν
1297 4687 1552 4739 ὑπελθεῖν
1599 4687 1807 4754 ἔκρινε,
1868 4686 1966 4739 καὶ

395 4774 565 4844 μόνην
596 4775 697 4844 τὴν
718 4779 797 4838 εἰς
826 4776 926 4845 τὴν
964 4775 1118 4827 πόλιν
1167 4777 1314 4828 αίτεῖ
1357 4774 1594 4842 πάροδον
1645 4776 1787 4828 κατά
1834 4774 1963 4828 θέαν

388 4862 553 4932 δῆθεν
586 4864 696 4917 τῶν
735 4868 792 4916 ἐν
820 4863 959 4933 αὐτῇ
984 4880 998 4893 ·
1033 4862 1289 4933 φοϐεροῖς
1316 4861 1583 4931 πρότερον
1616 4862 1964 4933 χρησάμενος

391 4957 600 5026 ὅρκοις,
649 4957 745 5008 καὶ
780 4956 947 5025 μέσον
984 4956 1277 5025 παρενθεὶς
1310 4954 1418 5008 τῶν
1451 4953 1767 5023 λεγομένων
1800 4954 1964 5005 αὐτὸν

389 5046 483 5097 τὸν
530 5043 625 5096 τοῦ
657 5044 821 5113 νόμου
850 5045 1009 5109 Θεὸν,
1050 5044 1125 5107 ὡς
1154 5044 1277 5097 οὔτε
1328 5060 1381 5098 τι
1416 5046 1579 5097 πλέον
1628 5045 1828 5104 αὐτοὺς
1855 5044 1964 5097 τῶν

396 5136 644 5205 συνήθων
675 5136 891 5206 δρᾶσαι,
923 5136 1048 5189 circa
1096 5138 1205 5207 μὴν
1235 5138 1296 5188 τὸ
1336 5137 1566 5204 πάτριον
1593 5134 1964 5205 ἐξομόσασθαι

355 5220 364 5311 'I
398 5226 559 5288 σέϐας
587 5228 1020 5294 καταναγκάσει,
1057 5226 1178 5277 οὐδὲ
1208 5225 1380 5279 κακόν
1396 5241 1449 5276 τι
1481 5224 1667 5294 ἕτερον
1703 5230 1899 5295 μικρὶν
1931 5224 1963 5295 ἢ

398 5318 586 5390 μεῖζον
618 5317 915 5389 ἐργάσεται
948 5317 1163 5383 τούτου,
1192 5317 1330 5373 ἀλλά
1361 5317 1531 5389 μόνης
1564 5334 1623 5369 τε
1659 5317 1963 5370 ἀπολαύσει

391 5410 502 5465 τῶν
532 5413 590 5463 ὲν
640 5413 708 5482 τῇ
740 5412 897 5464 πόλει
923 5410 1070 5476 θέας,
1118 5413 1214 5465 καὶ
1258 5411 1351 5464 τὸν
1401 5412 1618 5481 ἐτήσιον
1675 5410 1968 5465 ἀπολαϐὼν

399 5504 588 5573 φόρον,
621 5504 680 5566 ὃς
726 5504 823 5557 και
854 5503 1047 5574 πρώην
1084 5503 1323 5557 ἐδίδοτο.
1377 5500 1497 5556 εἶτα
1542 5505 1758 5557 ἐκεῖθεν
1802 5502 1965 5566 εὐθὺς

396 5596 700 5660 ὑπεξέλθοι.

472 5773 562 5839 ς’.
601 5770 788 5826 Ταῦτα
823 5772 1017 5835 εἰπὼν,
1056 5775 1151 5827 καὶ
1180 5773 1499 5846 διαθέμενος
1534 5776 1630 5839 τὰς
1670 5776 1967 5847 συνθήκας,

2135 3772 2197 3826 ν.
2235 3769 2351 3825 Non
2387 3770 2730 3826 sustinentes
2759 3780 2941 3826 autem
2976 3772 3076 3826 bos
3100 3787 3286 3827 saeros
3313 3774 3503 3829 audire
3526 3790 3645 3831 sera

2066 3879 2258 3918 mones
2288 3878 2451 3918 aures
2485 3863 2745 3932 profanae,
2777 3864 2846 3918 ad
2882 3863 3023 3919 facta
3053 3879 3113 3919 se
3140 3866 3516 3920 contulerunt.
3544 3869 3649 3921 ita-

2063 3971 2169 4026 que
2199 3957 2266 4011 ad
2293 3955 2653 4010 obsidendum
2676 3971 2773 4010 rex
2795 3970 3098 4011 conversus
3122 3957 3421 4022 civitatem,
3450 3960 3645 4013 adver-

2064 4064 2158 4102 sus
2188 4065 2307 4102 eam
2352 4048 2605 4103 movebat
2647 4063 2843 4104 omnes
2888 4049 3191 4115 machinas,
3229 4065 3422 4106 omnes
3467 4052 3649 4105 exitus

2066 4136 2356 4207 diligenter
2381 4138 2700 4193 custodiens
2726 4148 2784 4193 et
2812 4140 3084 4202 muniens,
3117 4148 3172 4193 et
3210 4150 3409 4209 putans
3439 4141 3554 4195 fore
3583 4150 3647 4197 ut

2068 4230 2365 4283 multorum
2397 4228 2610 4283 dierum
2649 4232 2793 4284 fame
2820 4245 2914 4284 eos
2959 4231 3015 4283 in
3060 4245 3211 4284 suam
3251 4233 3519 4303 redigeret
3548 4248 3647 4302 po-

2078 4328 2353 4374 testatem.
2383 4303 2454 4373 Et
2482 4334 2604 4372 cum
2631 4319 2937 4389 collegisset
2959 4334 3151 4373 omnes
3172 4320 3485 4376 C||Ti>liill10
3496 4340 3533 4383 e,
3553 4322 3647 4391 qui

2074 4422 2230 4463 erant
2262 4409 2317 4463 in
2345 4411 2490 4478 agris
2516 4425 2567 4463 ei
2592 4409 2891 4473 suburbiis,
2924 4410 3062 4465 alios
3095 4412 3315 4480 quidem
3348 4414 3651 4477 interemit,

2069 4500 2208 4554 alios
2238 4515 2369 4553 vero
2403 4500 2491 4560 iis,
2520 4500 2611 4567 qui
2644 4509 2801 4555 erant
2827 4502 2883 4553 in
2913 4502 3033 4570 ejus
3058 4502 3286 4564 ditione,
3322 4504 3567 4557 vendidit
3591 4504 3651 4555 in

2067 4590 2408 4646 servitutem.
2431 4588 2568 4643 Cum
2598 4600 2781 4645 autem
2813 4591 2888 4660 pii
2914 4592 3063 4646 cives
3094 4608 3155 4646 se
3177 4594 3437 4648 adversus
3461 4596 3650 4647 omnia

2067 4681 2284 4735 fortiter
2308 4680 2691 4745 defenderent,
2725 4691 2781 4734 et
2807 4691 3023 4750 tempus
3050 4684 3194 4750 quod
3223 4684 3524 4745 terebatur,
3565 4695 3647 4753 ty-

2068 4785 2241 4824 ranno
2288 4783 2442 4838 spem
2478 4770 2804 4824 reddidisset
2838 4771 2994 4824 valde
3028 4774 3251 4837 exilem,
3298 4774 3489 4826 statuit
3519 4773 3651 4827 dolo

2066 4876 2263 4931 capere
2287 4861 2580 4914 civitatem.
2614 4859 2798 4929 Itaque
2848 4865 2985 4931 petit
3022 4870 3080 4916 ut
3123 4864 3175 4917 ei
3208 4863 3399 4917 liceret
3430 4865 3648 4934 ingredi

2037 4952 2366 5035 'civitatein,
2421 4963 2479 5005 ut
2530 4951 2738 5006 videret
2786 4953 2997 5006 scilicet
3041 4968 3127 5015 ea.
3165 4969 3288 5022 qua:
3339 4955 3409 5009 ibi
3463 4966 3646 5021 erant,

2066 5045 2219 5113 prius
2255 5046 2482 5098 terribili
2541 5045 2755 5113 prolato
2782 5046 3160 5113 jurejurando,
3204 5054 3261 5101 et
3294 5047 3384 5110 iis,
3410 5064 3529 5118 quae
3557 5051 3641 5103 di-

2068 5135 2354 5197 cebantur,
2396 5133 2719 5203 interposito
2772 5135 2889 5203 ipso
2935 5135 3069 5205 legis
3117 5135 3250 5200 Deo,
3296 5152 3356 5192 se
3389 5139 3527 5192 nihil
3561 5139 3649 5193 eis

2068 5238 2191 5280 esse
2216 5226 2485 5278 facturum
2513 5234 2708 5291 praeter
2732 5241 2818 5287 ea,
2851 5241 2968 5294 quae
2990 5238 3394 5282 consueverant
3418 5246 3434 5283 :
3464 5244 3647 5299 neque

2070 5326 2384 5371 coacturum
2410 5327 2471 5371 ut
2492 5320 2719 5386 patriam
2739 5319 3055 5387 abjurarent
3078 5320 3394 5391 religionem
3423 5339 3438 5375 :
3466 5336 3649 5391 neque

2068 5409 2287 5479 aliquod
2319 5408 2463 5461 aliud
2492 5411 2694 5462 malum
2722 5425 3000 5481 magnum,
3029 5422 3123 5465 aut
3154 5427 3380 5481 parvum
3415 5412 3495 5467 eis
3520 5427 3648 5467 esse

2070 5499 2362 5564 facturum,
2395 5501 2489 5555 sed
2528 5501 2703 5556 solum
2748 5518 2810 5557 ea
2857 5504 3121 5568 visurum,
3161 5520 3282 5575 quae
3313 5514 3443 5559 sunt
3473 5505 3526 5558 in
3559 5506 3643 5559 ci-

2070 5592 2237 5646 vitate
2262 5608 2278 5648 ι
2307 5600 2362 5645 et
2389 5607 2632 5647 annuum
2666 5592 2926 5647 tributum
2953 5606 3309 5665 accepturum
3328 5598 3473 5665 quod
3490 5598 3650 5666 prius

2073 5683 2304 5737 dabatur
2328 5702 2341 5737 :
2368 5682 2569 5738 deinde
2588 5696 2770 5740 autem
2804 5702 2863 5740 se
2895 5688 3042 5740 illinc
3060 5689 3243 5742 statim
3266 5702 3639 5743 excessurum.

2150 5774 2234 5828 γι.
2266 5772 2390 5831 liam
2421 5789 2544 5829 cum
2579 5776 2829 5838 dixisset.
2878 5788 2929 5831 et
2980 5787 3133 5846 μα’·ιιι
3173 5785 3439 5832 conventa
3482 5778 3637 5832 iniis~
