4132 6448
534 411 670 476 1255

1827 404 1982 464 ΜΕΝ
1991 403 2106 462 SIS
2143 402 2426 464 OCTOBE
2435 406 2500 467 R.

3652 410 3788 476 1256

526 529 632 581 set,
665 525 722 573 et
752 526 1092 588 postremum
1137 515 1384 586 jurasset
1421 512 1830 583 jusjurandum,
1881 526 2107 582 persua-

2225 512 2310 563 καὶ
2343 513 2688 575 τελευταίους
2726 512 2982 582 ὑποσχὼν
3005 514 3222 584 ὅρκους,
3263 516 3441 570 πείθει
3472 520 3597 582 τοὺς
3626 523 3688 574 ἐν
3719 527 3786 593 τῇ

527 607 622 661 det
652 608 740 668 iis,
767 607 861 669 qui
908 613 1036 660 sunt
1077 605 1133 658 in
1186 604 1427 668 civitate,
1463 618 1583 656 cum
1633 603 1742 656 Deo
1794 602 2106 656 universum

532 697 941 767 permisissent,
971 696 1064 764 qui
1100 704 1184 750 est
1216 696 1370 749 testis
1399 694 1749 756 sacramenti,
1799 705 1852 748 et
1886 693 1989 748 hoc
2020 710 2108 746 so-

529 789 641 842 lum
697 787 978 849 dixissent,
1008 786 1226 856 regibus
1260 801 1357 840 nos
1394 785 1586 838 cedere
1615 784 1924 839 didicimus.
1955 784 2108 849 Quod

532 878 578 930 si
614 889 668 930 tu
724 893 886 932 secus
925 879 1184 931 statueris
1236 877 1434 940 facere,
1485 891 1644 942 quam
1696 876 1858 930 nobis
1908 876 2112 938 dixisti,

536 967 704 1032 Deus,
756 969 847 1036 qui
900 977 984 1021 est
1033 977 1310 1036 spectator
1354 966 1735 1035 jurisjurandi,
1786 967 1836 1019 id
1889 966 2114 1018 omnino

531 1059 847 1123 ulciscetnr,
905 1074 1083 1127 neque
1140 1059 1232 1112 diu
1305 1060 1524 1113 dilIeret
1576 1057 1894 1111 vindictam.
1949 1056 2115 1110 Nt'blS

530 1149 702 1213 enim,
745 1149 1022 1210 dicebant.
1059 1147 1332 1202 oChriste
1377 1149 1648 1211 Salvator,
1686 1157 1738 1201 ct
1761 1145 1857 1200 Fili
1899 1146 2015 1208 Dei,
2061 1155 2116 1199 ct

535 1241 704 1304 Deus,
767 1256 868 1310 pro
923 1249 973 1294 te
1019 1241 1101 1294 vel
1163 1242 1419 1294 omnibus
1470 1239 1676 1308 privari
1746 1237 2115 1299 facultatibus,

531 1341 695 1401 atque
729 1333 867 1386 adeo
908 1332 1022 1400 ipsa
1053 1335 1182 1394 vita,
1211 1348 1322 1385 non
1391 1332 1512 1385 leve
1558 1338 1642 1384 est
1691 1330 1925 1383 lucrum.
1957 1329 2116 1382 Absit

531 1434 735 1486 autem,
775 1434 834 1476 ut
863 1434 1014 1475 tuum
1049 1439 1246 1476 nomen
1275 1438 1559 1491 negemus,
1600 1431 1658 1476 ut
1693 1432 1776 1475 est
1825 1422 2113 1490 impiorum

533 1512 846 1566 institutum
886 1514 898 1565 !
939 1528 1041 1566 nec
1073 1514 1116 1566 si
1144 1513 1247 1566 tale
1287 1513 1414 1581 quid
1442 1513 1753 1576 fecerimus,
1792 1526 1914 1575 nos,
1951 1526 1982 1564 ο
2011 1511 2112 1575 sol,

533 1604 786 1672 aspicias.
819 1603 952 1667 Quae
992 1603 1154 1656 simul
1203 1613 1365 1671 atque
1415 1599 1705 1663 dixisSent,
1755 1612 1894 1656 totas
1927 1613 2111 1670 portas

533 1693 789 1760 aperiunt
816 1703 870 1746 et
901 1693 1040 1745 intra
1075 1693 1245 1761 ipsam
1289 1695 1593 1755 civitatem,
1625 1705 1883 1762 tanquam
1926 1695 2110 1762 lupum

535 1780 588 1831 in
625 1781 928 1843 stabulum,
967 1781 1168 1833 malum
1199 1795 1380 1848 regem
1432 1763 1742 1834 admittunt.
1799 1782 1888 1835 ille
1927 1795 2107 1834 autezu

2213 604 2387 666 πόλει,
2436 605 2554 674 Θεῷ
2602 607 2664 657 τὸ
2707 607 2814 658 πᾶν
2867 607 3273 676 ἐπιτρέψαντας
3331 610 3410 676 τῷ
3454 611 3561 665 τῶν
3601 615 3786 684 ὅρκων

2216 693 2479 762 μάρτυρι,
2527 694 2621 746 καὶ
2674 694 2831 746 τοῦτο
2885 695 3220 758 ὑπειπόντας
3284 698 3463 767 μόνον,
3524 702 3605 754 ὃτι
3663 703 3792 766 Τοῖς

2215 785 2527 854 βασιλεῦσιν
2575 784 2820 838 ὑπείκειν
2862 787 3164 857 ἐμάθομεν,
3225 790 3318 841 καὶ
3369 789 3473 856 ὡς,
3505 792 3569 844 Et
3595 809 3650 844 τι
3680 793 3788 845 τῶν

2215 879 2353 945 πρὸς
2413 877 2563 944 ἡμᾶς
2621 875 2801 943 λόγων
2862 872 3021 941 οὗτος
3081 879 3597 947 μεταϐουλεύσεται,
3655 884 3791 935 ἀλλὰ

2213 969 2348 1030 Θεὸς
2377 967 2542 1020 αὑτὸν
2567 967 2786 1030 πάντως
2809 969 2836 1020 ὁ
2874 969 2984 1021 τῶν
3022 970 3202 1037 ὅρκων
3227 970 3426 1040 ἔφορος
3467 974 3785 1039 ἀμυνεῖται,

2217 1062 2307 1114 καὶ
2335 1061 2394 1114 ού
2429 1061 2624 1130 βραδὺς
2644 1062 2795 1115 ἔσται
2823 1065 2960 1132 πρὸς
2994 1062 3091 1132 τὴν
3119 1063 3418 1132 ἐκδίκησιν.
3468 1063 3630 1133 Ἡμῖν
3661 1066 3790 1134 γάρ,

2215 1147 2259 1205 ὦ
2290 1153 2493 1224 Σῶτερ,
2519 1153 2726 1222 ἔλεγον,
2756 1155 2984 1224 Χριστέ,
3018 1155 3112 1208 καὶ
3150 1155 3285 1208 Θεοῦ
3321 1157 3416 1208 Υἱὲ
3456 1157 3550 1208 καὶ
3580 1157 3704 1218 Θεέ,
3734 1159 3791 1210 τὸ

2220 1247 2361 1316 ὑπὲρ
2390 1246 2484 1299 σοῦ
2516 1248 2610 1300 καὶ
2641 1249 2961 1314 περιουσίας
2994 1250 3176 1318 πάσης
3210 1249 3538 1319 στερηθῆναι
3569 1250 3668 1301 καὶ
3694 1252 3790 1317 τῆς

2218 1338 2363 1407 ζωῆς
2430 1339 2624 1409 κέρδος
2696 1339 2827 1392 αὐτὸ
2883 1340 3064 1409 τυχόν.
3121 1341 3271 1410 Μηδέ
3323 1342 3536 1409 γένοιτο
3585 1342 3647 1393 τὸ
3709 1342 3794 1395 σὸν

2216 1431 2362 1498 ἡμᾶς
2384 1429 2808 1498 ἀπαρνήσασθαι
2831 1430 3024 1498 ὄνομα,
3048 1430 3125 1494 ὡς
3162 1435 3271 1494 τοῖς
3299 1434 3523 1486 ἀσεϐέσι
3559 1434 3783 1495 σκοπὸς,

2219 1523 2352 1590 μηδέ
2425 1522 2665 1574 τοιοῦτον
2727 1524 3280 1593 καταπραξαμένους,
3351 1519 3394 1577 ὦ
3457 1527 3602 1594 ἥλιε,
3665 1527 3793 1587 tam;

2215 1615 2382 1683 ἡμᾶς.
2421 1615 2526 1666 Καὶ
2575 1614 2691 1681 ἃμα
2749 1614 3006 1682 λέγοντες
3041 1616 3167 1678 ὅλας
3207 1619 3522 1670 ἀναπετὼσι
3556 1618 3658 1678 τὰς
3691 1617 3790 1667 πύ-

2217 1706 2335 1767 λας,
2371 1705 2467 1757 καὶ
2500 1705 2674 1773 αὐτῆς
2707 1705 2856 1757 ἔνδον
2889 1707 2987 1774 τῆς
3014 1707 3222 1767 πόλεως
3258 1709 3332 1768 ὼς
3357 1709 3413 1758 ἐν
3444 1709 3602 1778 σηκῷ
3634 1710 3794 1762 λύκον

2222 1799 2314 1849 τὸν
2351 1796 2588 1865 ποιηρὸν
2622 1797 2948 1866 εἰσδέχονται
2973 1797 3219 1866 βασιλέα.
3255 1797 3312 1849 Ὀ
3341 1798 3415 1862 δὲ,
3457 1800 3552 1852 καὶ
3586 1800 3792 1869 σχῆμα,

535 1885 662 1924 cuin
695 1879 750 1922 et
778 1870 1027 1939 figuram,
1081 1880 1138 1924 et
1189 1871 1378 1934 situm,
1433 1881 1487 1923 et
1534 1872 1677 1924 illam
1729 1873 1964 1926 civitatis
1996 1874 2114 1926 Iau-

2408 1847 2411 1848 ⁷
2477 1847 2549 1865 11⁷
2686 1847 2727 1848 ⁷“
2768 1847 2821 1866 Is’
2898 1847 3095 1866 'VI’W"
3141 1847 3218 1851 ”“⁷
3282 1847 3299 1849 “
3350 1847 3415 1862 ή’⁷
3460 1847 3551 1852 ““⁷““
3591 1847 3792 1869 ⁷1.Ίι“”⁷⁷

2225 1891 2316 1941 καὶ
2367 1889 2542 1951 θέσιν,
2599 1889 2694 1940 καὶ
2741 1889 2798 1940 τὸ
2846 1887 3278 1958 πολυάνθρωπον
3331 1891 3508 1942 ἐκεῖνο
3555 1891 3660 1959 τῆς
3702 1892 3793 1942 πό-

535 1965 720 2018 tlasset
749 1963 1139 2031 frequentiam,
1172 1973 1228 2016 et
1257 1964 1458 2017 civium
1493 1980 1709 2033 quoque
1745 1965 2115 2034 splendorem,

538 2070 790 2125 egressus
840 2063 945 2117 est,
993 2054 1044 2106 in
1119 2069 1235 2118 cos,
1287 2057 1380 2123 qui
1443 2056 1764 2110 habitabant
1817 2059 2116 2119 civitatem,

539 2147 724 2214 gravia
760 2162 1015 2210 versans,
1057 2155 1116 2198 ut
1169 2148 1428 2201 indicavit
1465 2150 1666 2209 exitus,
1712 2149 2118 2218 jusjurandum,

539 2250 595 2291 et
625 2248 782 2306 pacta
808 2247 1104 2297 conventa,
1137 2245 1192 2289 et
1230 2252 1571 2306 quaecunque
1623 2239 1728 2291 alia
1770 2241 1851 2291 eis
1891 2239 2122 2307 praebuit

541 2331 606 2382 ad
649 2329 810 2383 fidem
848 2327 1194 2393 faciendam,
1225 2344 1288 2382 ea
1316 2344 1438 2383 esse
1487 2331 1805 2384 existimans
1854 2331 2117 2400 puerilem

541 2421 946 2485 deceptiouem.

615 2509 724 2561 V‘ll.
745 2510 877 2562 Cum
901 2516 1081 2562 autem
1097 2509 1206 2578 jam
1233 2524 1292 2564 se
1315 2519 1531 2580 pararet
1550 2509 1616 2564 ad
1640 2524 1736 2565 eos
1761 2511 2118 2576 evertendos,

543 2609 702 2654 vocat
762 2609 916 2654 extra
975 2600 1272 2655 civitatem.
1349 2603 1593 2656 Aderant
1642 2617 1772 2656 vero
1815 2605 2124 2674 quicunque

541 2701 698 2745 erant
727 2691 967 2761 insignes
1001 2691 1198 2760 opibus
1227 2702 1282 2746 et
1310 2693 1502 2762 gloria.
1538 2694 1657 2746 Praa
1695 2695 1907 2747 caeteris
1941 2704 2123 2748 autem

541 2784 608 2843 is,
631 2779 720 2849 qui
752 2789 806 2834 et
846 2780 1072 2844 canitie,
1108 2787 1163 2833 et
1195 2780 1481 2850 sapientia,
1513 2780 1580 2848 let
1607 2795 1820 2834 morum
1860 2779 2125 2834 modestia

544 2879 662 2924 erat
723 2871 1232 2940 praestantissimus,
1277 2873 1516 2935 divinus,
1557 2871 1803 2940 inquam,
1865 2871 2123 2936 Arethas,

545 2963 636 3014 cui
684 2961 785 3030 ipsi
822 2971 1041 3032 quoque
1081 2963 1260 3017 fuerat
1309 2963 1600 3017 commissa
1649 2965 1819 3018 rectio
1865 2962 2122 3018 civitatis.

544 3051 753 3107 Omnes
787 3054 953 3122 igitur
1003 3054 1483 3118 commendabant,
1534 3054 1892 3117 extollebant,
1949 3054 2126 3107 laudt-

2221 1983 2381 2044 λεως,
2419 1980 2492 2042 ὡς
2527 1980 2581 2033 δὲ
2629 1980 2722 2033 καὶ
2762 1982 2820 2033 τὸ
2864 1981 3164 2050 περιφανὲς
3199 1982 3308 2033 τῶν
3356 1981 3597 2034 πολιτῶν
3639 1985 3796 2034 ἐπαι-

2221 2072 2403 2134 νέσας,
2447 2071 2618 2142 ἐξῄει,
2645 2071 2795 2125 δεινά
2833 2073 2960 2124 κατ’
3011 2073 3194 2124 αὐτῶν
3242 2073 3348 2142 ἄρα
3379 2073 3487 2124 τῶν
3516 2072 3619 2143 τὴν
3645 2073 3798 2125 πόλιν

2223 2163 2525 2216 οἰκούντων
2585 2163 2662 2226 ὡς
2691 2165 2750 2216 τὸ
2795 2165 2976 2234 πέρας
3015 2164 3206 2229 ἔδειξε,
3268 2167 3539 2236 στρέφων,
3603 2168 3796 2236 ὅρκους

2224 2257 2318 2309 καὶ
2361 2257 2661 2326 συνθήκας,
2700 2258 2794 2309 καὶ
2845 2258 2946 2309 ὅσα
3007 2258 3143 2310 ἄλλα
3197 2259 3334 2325 πρὸς
3391 2259 3578 2310 πίστιν
3617 2260 3798 2322 αὐτοῖς

2225 2347 2560 2416 παρέσχετο,
2601 2347 2809 2399 παίδων
2841 2347 3059 2416 ἀπάτην
3091 2345 3231 2400 εἶναι
3264 2347 3518 2416 νομίσας,
3564 2353 3662 2403 καὶ
3695 2350 3793 2420 ἢδη

2226 2437 2361 2507 πρὸς
2385 2439 2704 2507 ἀνατροπὴν
2734 2439 2915 2490 αὐτῶν
2941 2437 3523 2507 παρασκευαζόμενος.

2297 2527 2372 2583 Ζ’.
2427 2530 2638 2582 Ἐωθεν
2683 2525 2775 2582 οῦν
2815 2529 2931 2599 ἅμα
2966 2530 3107 2598 φωτὶ
3143 2529 3248 2593 ἔξω
3282 2529 3482 2599 τειχῶν
3509 2529 3612 2598 τὴν
3647 2528 3795 2581 πόλιν

2226 2621 2411 2675 ἐκάλει
2437 2637 2450 2652 ⁸
2489 2622 2583 2673 καὶ
2614 2621 2868 2690 παρῆσαν
2907 2622 3020 2674 ὅσοι
3059 2620 3279 2689 πλούτῳ
3321 2625 3414 2673 καὶ
3448 2619 3579 2689 δόξῃ
3620 2619 3798 2688 διαφέο

2231 2728 2414 2784 ροντες
2447 2706 2591 2781 ’ἦσαν
2614 2728 2627 2742 ’
2655 2711 2751 2763 καὶ
2788 2711 2894 2780 πρὸ
2923 2710 3034 2762 τῶν
3062 2710 3237 2764 ἄλλων
3274 2710 3439 2772 αὐτὸς
3479 2712 3508 2762 ό
3544 2711 3644 2764 καὶ
3665 2711 3796 2763 πάνυ

2226 2822 2336 2856 των
2360 2802 2524 2873 πολιᾷ
2551 2804 2646 2856 καὶ
2682 2802 2919 2866 συνέσει,
2959 2803 3052 2856 καὶ
3083 2803 3159 2871 τῷ
3204 2803 3312 2856 τῶν
3344 2802 3492 2872 ἠθῶν
3539 2803 3796 2872 εὐκόσμῳ

2225 2893 2656 2963 διαφορώτατός,
2699 2893 2932 2963 ’Δρέθας
2952 2895 2979 2946 ό
3009 2893 3175 2957 θεῖος,
3203 2893 3371 2962 φημὶ,
3425 2894 3453 2945 ὁ
3495 2893 3595 2945 καὶ
3626 2893 3790 2960 αὐτὴν

2225 2984 2398 3052 δήπου
2425 2983 2527 3052 τὴν
2560 2982 2734 3055 ἀρχὴν
2768 2983 2870 3053 τῆς
2943 2983 3153 3045 πόλεως
3181 2983 3690 3052 ἐγκεχειρισμένος.
3735 2981 3795 3035 Οἳ

2228 3077 2322 3127 καὶ
2369 3069 2511 3143 ἦσαν
2547 3073 2978 3139 ἐπιθειάζοντες,
3019 3073 3423 3142 εὐφημοῦντες,
3478 3076 3576 3126 καὶ
3622 3075 3796 3127 πᾶσαν

542 3143 754 3210 busque
783 3145 1157 3208 celebrabant,
1184 3153 1241 3198 et
1267 3159 1485 3198 omnem
1517 3142 1782 3197 honorem
1816 3143 2123 3198 tribuebant

2225 3142 2786 3237 tipljadnovépov-ce;
2815 3165 2892 3234 τῷ
2912 3163 3161 3218 δοκοῦντι
3200 3165 3406 3232 σωτῆρι
3436 3167 3531 3218 καὶ
3563 3165 3792 3235 βασιλεῖ.

546 3236 621 3298 ei,
651 3235 745 3306 qui
780 3236 1072 3290 videbatur
1108 3251 1230 3290 esse
1255 3245 1504 3290 servator
1547 3246 1604 3289 et
1635 3249 1756 3290 rex.
1801 3233 1898 3288 llle
1928 3244 2117 3289 autem

541 3327 650 3382 sibi
705 3329 881 3396 culpae
932 3326 1176 3382 dandum
1216 3341 1339 3382 esse
1383 3327 1655 3391 tribuens,
1708 3325 1854 3395 quod
1883 3324 2126 3379 differret

543 3419 698 3472 cerni
733 3419 935 3483 malus,
972 3433 1083 3473 non
1111 3417 1351 3486 amplius
1429 3428 1763 3488 exspectans
1806 3418 2002 3487 aperit,
2031 3418 2124 3488 qui

543 3511 694 3566 intus
747 3511 975 3574 latebat,
1026 3511 1274 3575 Dunaan,
1327 3519 1384 3564 et
1429 3509 1593 3579 jussit
1642 3511 1896 3579 protinus
1935 3524 2124 3564 omnes

545 3604 814 3658 custodiri
849 3604 903 3657 in
936 3603 1190 3658 vinculis.
1229 3602 1436 3657 Deinde
1473 3602 1639 3657 etiam
1688 3602 1919 3671 privavit
1954 3600 2126 3656 facul-

549 3696 776 3759 tatibus,
833 3704 890 3750 et
943 3695 1154 3766 rogavit
1202 3693 1426 3749 ubinam
1475 3704 1621 3748 esset
1678 3693 1878 3747 Paulus
1932 3707 2124 3747 eorum

547 3786 862 3855 episcOpus.
917 3783 1052 3840 Cum
1118 3792 1304 3838 autem
1353 3784 1466 3853 jam
1533 3782 1749 3836 duobus
1790 3789 1919 3834 ante
1965 3781 2125 3834 annis

547 3891 674 3931 eum
729 3875 1089 3930 intellexisset
1139 3890 1260 3930 esse
1311 3883 1613 3936 mortuum,
1661 3888 1772 3926 non
1815 3873 2018 3927 habens
2071 3871 2124 3926 in

552 3983 715 4037 quem
751 3967 887 4021 iram
915 3965 1258 4030 immitteret,
1291 3965 1575 4021 contendit
1599 3964 1669 4019 ad
1713 3963 2016 4033 pulverem,
2071 3970 2126 4014 et

546 4058 712 4126 jussit
740 4059 1058 4127 sepulcrum
1093 4057 1354 4120 eﬂ'odere,
1383 4065 1439 4111 et
1473 4056 1618 4109 illius
1659 4069 1860 4122 corpus
1899 4053 2126 4108 combu-

548 4154 737 4200 rentes
772 4149 824 4198 in
855 4161 1038 4200 aerem
1075 4145 1357 4200 ventilare.
1392 4144 1552 4197 Aliud
1588 4157 1806 4212 quoque
1856 4141 2126 4211 excogitat

551 4236 753 4289 furiosa
787 4235 988 4299 anima,
1024 4249 1124 4289 nec
1155 4250 1274 4288 eam
1317 4233 1462 4302 capit
1494 4233 1718 4287 satietas
1756 4231 1958 4300 aliquid
2005 4246 2124 4283 uio-

552 4326 718 4379 lieudi
749 4327 1014 4380 adversus
1042 4325 1407 4389 Christianos,
1438 4324 1534 4378 sed
1571 4323 1732 4393 jubet
1763 4322 1990 4376 accendi
2032 4337 2121 4375 ro-

551 4432 700 4485 gum,
733 4416 824 4484 qui
857 4417 1028 4470 multa
1075 4415 1310 4469 aleretur
1341 4416 1586 4479 materia,
1619 4422 1674 4468 et
1716 4413 1901 4468 statim
1927 4413 2123 4467 civita-

554 4505 644 4565 tis,
679 4513 734 4557 et
762 4507 910 4574 ejus,
943 4519 1064 4573 qua:
1095 4512 1176 4557 est
1223 4503 1600 4567 circumcirca,
1658 4503 1895 4572 regionis
1945 4516 2128 4555 sacer-
2161 4508 2205 4564 ι)

552 4599 729 4660 dotes,
766 4607 824 4650 et
862 4597 1188 4660 monachos,
1215 4603 1271 4649 et
1325 4595 1436 4649 Deo
1485 4604 1833 4651 consecratas
1866 4593 2126 4664 virgines,

551 4687 683 4754 quin
731 4687 896 4740 etiam
929 4687 1162 4740 feminas
1217 4701 1338 4754 qua:
1374 4687 1535 4739 vitam
1563 4686 1839 4754 elegerant
1869 4683 2132 4739 monasti-

553 4793 696 4841 cam,
729 4791 922 4832 omnes
949 4778 1112 4832 simul
1149 4777 1205 4830 in
1241 4792 1366 4830 eum
1420 4776 1592 4848 injici.
1634 4776 1677 4830 li
1725 4776 1896 4842 enim,
1930 4776 2128 4845 inquit,

555 4876 685 4922 sunt
713 4867 876 4937 plane
926 4883 1093 4922 causa
1137 4855 1368 4921 aliorum
1419 4867 1695 4932 interitus,
1738 4867 2131 4936 persuadentes

556 4960 878 5012 cruciﬁxum
914 4957 1116 5021 colere,
1161 4967 1418 5026 tanquam
1455 4959 1649 5011 Deum.
1699 4959 1779 5011 Ad
1828 4959 1944 5011 haec
2001 4974 2130 5026 per-

563 5047 688 5101 inde
714 5062 778 5100 ac
810 5049 856 5101 si
887 5063 994 5101 non
1039 5047 1335 5114 sullleeret,
1384 5049 1528 5117 quod
1578 5052 1780 5102 laetum
1831 5049 2028 5112 fuerat,
2065 5051 2131 5104 ad

558 5141 677 5210 ejus
725 5139 1206 5209 incomparabilem
1252 5141 1645 5195 ostendendam
1709 5141 2130 5209 improbitatem,

565 5239 625 5283 ut
663 5229 799 5284 alios
827 5246 1044 5301 quoque
1069 5232 1170 5285 sibi
1207 5231 1580 5302 subjungeret,
1616 5232 1970 5286 vehementer
2004 5248 2134 5286 con-

563 5323 761 5382 tendit.
796 5332 850 5376 et
876 5323 1040 5391 jussit
1073 5339 1355 5392 praecones
1385 5325 1540 5378 obire
1571 5325 1852 5378 civitatem
1881 5337 1934 5378 et
1965 5326 2137 5395 regio-

557 5429 682 5468 nem
717 5416 1113 5480 proclamantes
1152 5425 1212 5469 ut
1241 5417 1519 5470 Christum
1567 5426 1850 5486 negarent,
1906 5427 1961 5469 et
1992 5418 2134 5470 vive-

558 5514 681 5568 rent
701 5502 946 5574 Judaice,
971 5507 1160 5561 eadem
1186 5522 1305 5576 qua:
1336 5521 1429 5561 rex
1451 5508 1772 5561 sentientes.

633 5621 770 5676 Vlll.
807 5620 981 5677 Porro
1025 5631 1210 5676 autem
1255 5623 1374 5691 ipse
1404 5636 1621 5691 quoque
1669 5636 1760 5674 rex
1813 5623 2028 5676 Arethae
2059 5622 2137 5676 si-

562 5713 709 5765 milia
736 5714 1076 5780 consulebat,
1101 5713 1388 5783 adjiciens,
1441 5715 1585 5782 quod
1629 5713 1727 5781 ipsi
1775 5729 1990 5782 quoque
2037 5729 2136 5767 no-

561 5814 682 5854 rant
710 5805 1125 5874 Homani,illius
1171 5805 1405 5875 majores
1455 5806 1508 5858 in
1558 5821 1777 5859 crucem
1819 5807 1991 5876 egisse
2029 5807 2128 5859 lio-

2237 3259 2296 3311 ’0
2323 3258 2381 3310 δὲ
2411 3257 2622 3327 μέμψιν
2644 3253 2786 3310 εἶναι
2815 3257 3048 3328 νομίσας
3078 3257 3140 3311 τὸ
3165 3258 3244 3320 είς
3264 3257 3534 3320 ἀναϐολὰς
3565 3256 3796 3326 ὀφθῆναι

2225 3350 2419 3414 κακὸς,
2467 3351 2561 3401 καὶ
2622 3348 2698 3419 μὴ
2757 3348 3083 3416 ἀναμείνας,
3131 3348 3503 3402 ἀνακαλύπτει
3533 3349 3628 3400 τὸν
3655 3347 3795 3400 ἔνδον

2225 3439 2608 3511 κρυπτόμενον
2657 3439 3060 3506 Δουναάνμκαὶ⁵
3100 3440 3314 3502 πάντας
3363 3439 3526 3500 εὐθὺς
3577 3439 3795 3493 ἐκέλευε

2229 3531 2485 3593 δεθέντας
2535 3531 2918 3602 φρουρεῖσθαι.
2968 3529 3102 3586 Εῐτα
3151 3532 3248 3585 καὶ
3298 3531 3405 3584 τῶν
3445 3532 3797 3602 ὑπαρχόντων

2227 3622 2493 3691 ἐγύμνου,
2540 3623 2636 3675 καὶ
2679 3623 3091 3688 διεπυνθάνετο,
3136 3623 3242 3675 ποῦ
3279 3624 3345 3677 ἂν
3400 3623 3486 3692 εἴη
3529 3625 3739 3685 Παῦλος
3769 3623 3796 3675 ό

2223 3714 2430 3766 τούτων
2481 3714 2808 3776 ἐπίσκοπος.
2843 3714 2934 3775 Ὠς
2965 3715 3022 3766 δέ
3063 3715 3317 3768 τεθνάναι
3349 3715 3605 3786 δεύτερον
3641 3715 3795 3769 αὑτὸν

2225 3806 2328 3876 ἥδη
2387 3806 2583 3876 χρόνον
2636 3807 2934 3876 ἐμάνθανε,
2984 3806 3060 3877 μὴ
3107 3806 3250 3876 ἔχων
3303 3807 3437 3859 ὅπου
3489 3811 3589 3876 τὴν
3634 3806 3796 3877 ὀργὴν

2227 3896 2411 3964 ἐπαφῇ
2454 3894 2591 3964 πρὸς
2619 3895 2719 3964 τὴν
2766 3897 2915 3946 κόνιν
2960 3895 3182 3965 ἐχώρει,
3217 3895 3312 3947 καὶ⁵
3361 3897 3683 3965 ἀνορύττειν
3711 3895 3794 3947 τὸν

2224 3985 2397 4054 τάφον
2437 3985 2798 4056 προσέταττε,
2848 3985 2943 4038 καὶ
2988 3986 3080 4039 τὸν
3111 3986 3323 4039 ἐκείνου
3382 3988 3580 4057 νεκρὸν
3641 4004 3797 4040 κατα-

2227 4075 2505 4138 καίοντας,
2541 4077 2621 4137 είς
2651 4077 2788 4145 ἀέρα
2820 4074 3044 4143 λικμᾷν,
3067 4074 3328 4143 Εὑρίσκει
3357 4078 3450 4128 καὶ
3484 4075 3656 4146 ἀλλην
3683 4073 3797 4126 ἐπί-

2225 4181 2375 4217 νοιαν
2400 4166 2430 4234 ἡ
2461 4164 2746 4232 μανιώδης
2771 4163 2940 4233 ψυχὴ,
2968 4164 3063 4215 καὶ
3089 4164 3150 4217 οὐ
3175 4164 3447 4234 λαμϐάνει
3482 4163 3643 4232 κόρον
3665 4161 3798 4214 κατά

2224 4255 2570 4323 Χριστιανῶν
2630 4253 2781 4306 κακά
2833 4253 3224 4307 τεκταίνουσα·
3282 4253 3418 4308 ἀλλά
3469 4256 3654 4323 πυράν
3706 4252 3798 4320 ὕλῃ

2226 4347 2396 4417 πολλῇ
2441 4348 2810 4417 τρεφομένην,
2855 4347 3168 4400 ἀνακαῦσαι
3197 4347 3435 4409 κελεύει,
3489 4349 3584 4398 καὶ
3633 4363 3798 4414 παρι-

2230 4439 2422 4507 χρῆμα
2461 4438 2588 4499 τούς
2619 4453 2679 4489 τε
2728 4438 2829 4504 τῆς
2878 4436 3086 4499 πόλεως
3131 4436 3228 4488 καὶ
3259 4435 3599 4506 περιοικίδας
3641 4437 3798 4504 ἱερεῖς

2234 4531 2332 4582 καί
2365 4529 2718 4598 μονάζοντας,
2757 4528 2850 4589 τάς
2883 4526 2962 4596 τῷ
2988 4525 3108 4595 Θεῷ
3140 4527 3448 4597 ίερωμένας
3476 4526 3796 4595 παρθένους,

2235 4620 2373 4690 πρὸς
2406 4619 2462 4671 δέ
2503 4621 2597 4671 καὶ
2644 4620 2936 4686 γυναῖκας,
2972 4618 3095 4670 ὅσαι
3126 4617 3217 4669 τὸν
3259 4617 3560 4684 ἀσκητικὸν
3599 4617 3797 4666 εἵλοντο

2233 4713 2368 4783 βίον,
2403 4711 2635 4781 ἀθρόους
2657 4709 2793 4780 ὁμοῦ
2826 4709 3036 4771 πάντας
3068 4709 3128 4760 ἐν
3155 4708 3295 4778 αὐτῇ
3327 4706 3610 4776 ἐμϐαλεῖν.
3647 4697 3796 4758 Οὗτοι

2233 4819 2365 4876 γαρ,
2423 4804 2609 4873 φησὶν,
2648 4801 2894 4871 ἀτεχνῶς
2942 4801 3106 4854 αἴτιοι
3135 4803 3234 4869 τῆς
3267 4800 3375 4852 τῶν
3425 4799 3604 4852 ἄλλων
3652 4799 3797 4848 ἀπω-

2232 4899 2406 4960 λείας,
2438 4895 2834 4957 ἀναπείθοντες
2859 4895 3224 4965 προσανέχειν
3247 4892 3322 4953 di;
3359 4890 3466 4960 θεῷ
3502 4889 3579 4959 τῷ
3610 4891 3796 4941 ἐσταυ-

2235 4995 2485 5060 ρωμένῳ.
2533 4984 2664 5040 Εἶτα
2708 4987 2964 5055 καθάπερ
3006 4986 3108 5038 οὐκ
3157 4984 3463 5054 ἀρκοῦντος
3509 4982 3603 5034 τοῦ
3657 4995 3796 5049 γενοο

2237 5081 2402 5148 μένου
2429 5076 2817 5146 ἀπαράμιλλον
2845 5075 3012 5128 αὐτοῦ
3041 5075 3323 5138 ἀποδεῖξαι
3348 5073 3447 5143 τὴν
3471 5072 3792 5142 μοχθηρίαν·

2236 5171 2321 5221 ἴνα
2361 5169 2462 5220 κᾶν
2493 5167 2624 5234 γοῦν
2655 5166 2780 5228 τοὺς,
2810 5165 3005 5227 ἄλλους
3040 5165 3457 5233 ὑποποιήσαιτο.
3501 5164 3562 5216 ὐ
3599 5163 3675 5225 δὲ,
3711 5161 3795 5211 καὶ

2237 5259 2730 5330 προσαγωνίξεται,
2777 5257 2876 5309 καὶ
2929 5258 3179 5326 κήρυκας
3226 5256 3331 5307 ἀνὰ
3370 5257 3469 5324 τὴν
3513 5255 3666 5306 πόλιν
3713 5255 3796 5303 καὶ

2236 5353 2333 5420 τὴν
2367 5352 2551 5420 χώραν
2582 5349 2800 5401 ἐκέλευε
2832 5345 3091 5411 διαθέειν,
3141 5345 3481 5413 ἐμϐοῶντας,
3536 5344 3798 5412 ἀπαρνου-

2241 5443 2435 5512 μένους
2461 5442 2552 5493 τὸν
2596 5439 2832 5510 Χριστὸν
2878 5439 2978 5508 ζῇν
3019 5437 3330 5502 ίουδαῖκῶς,
3365 5437 3437 5488 τὰ
3479 5436 3619 5487 αὐτά
3675 5447 3798 5502 φρο-

2239 5536 2466 5597 νοῦντας
2497 5533 2574 5603 τῷ
2607 5533 2836 5602 βασιλεῖ.

2309 5629 2391 5683 η’.
2426 5629 2594 5690 Αὐτὸς
2636 5629 2691 5680 δὲ
2737 5626 3012 5696 βασιλεὺς,
3078 5627 3190 5688 τοῖς
3250 5625 3382 5692 περὶ
3454 5621 3682 5694 Ἀρέθαν
3735 5617 3798 5669 τὰ

2239 5723 2400 5788 ὅμοια
2436 5720 2814 5784 συνεϐούλευε,
2849 5717 3165 5789 προστιθεὶς
3191 5719 3268 5769 ὃτι
3309 5719 3400 5770 καὶ
3460 5718 3613 5767 αὐτοὶ
3640 5714 3798 5781 ἐγνω-

2243 5829 2339 5864 σαν
2402 5810 2665 5880 Ῥωμαῖοι
2747 5810 3032 5880 ἄνθρωπον
3081 5807 3490 5876 ὲσταυρωκέφαι
3538 5807 3662 5868 τοὺς
3705 5819 3797 5854 πα·
