4132 6446
535 433 672 496 1259

1837 430 2124 492 MENSIS
2165 429 2535 495 OCTOBER.

3669 429 3800 496 1260

541 547 683 598 dona
715 554 768 598 ct
801 545 1038 600 honores
1072 544 1377 616 proposuit,
1413 560 1596 600 acrem
1651 545 1896 615 ipsorum
1931 543 2100 598 zelum

2227 545 2576 614 προετείνετο
2618 541 3034 614 διαψυχραίνειν
3087 539 3234 597 οὕτω
3272 540 3365 596 τὸν
3394 540 3595 615 θερμὸν
3641 545 3800 600 αὑτοῦ

533 637 591 690 in
627 637 882 706 pietatem
934 639 1013 692 sic
1051 639 1381 709 refrigerare
1433 638 1779 692 machinans.
1817 636 2113 706 Postquam

531 737 717 782 autem
749 727 880 782 vidit
918 739 1184 802 martyres
1235 732 1461 784 omnino
1495 746 1657 786 aures
1703 745 1816 785 non
1866 731 2116 801 prabere

532 820 842 892 premiSsis,
903 832 1092 876 contra
1145 834 1328 877 autem
1391 839 1556 892 quam
1617 831 1876 892 poterant
1927 823 2116 878 claris-

530 913 669 965 sima
701 927 836 965 voce
865 912 1104 967 clamare
1140 929 1156 966 :
1188 913 1305 966 Non
1343 923 1394 968 te
1429 928 1713 982 negamus,
1761 914 1851 983 qui
1882 928 1943 968 es
1976 930 2116 969 unus

530 1000 839 1066 Trinitatis,
872 1017 904 1056 ο
939 1000 1177 1058 Verbum
1213 1002 1309 1057 Dei
1368 1011 1425 1058 et
1455 1004 1672 1058 Christe
1701 1022 1714 1058 :
1747 1020 1926 1074 nequc
1967 1013 2114 1058 tuam

530 1092 828 1148 irridemus
855 1103 1126 1165 susceptae
1153 1095 1337 1150 carnis
1385 1094 1852 1165 dispensationem
1887 1113 1902 1149 :
1936 1110 2114 1165 neque

531 1183 660 1246 tuis,
693 1200 832 1254 quas
863 1196 1089 1256 prepter
1120 1202 1222 1242 nos
1251 1203 1444 1257 passus
1467 1203 1548 1252 es,
1585 1187 2034 1257 perpessionibns
2059 1197 2115 1241 et

529 1277 682 1331 cruci
731 1277 981 1334 Judaicte
1053 1280 1404 1346 insultamus,
1455 1295 1552 1335 eos
1613 1281 1837 1350 quidem
1900 1280 2114 1335 vinctos

527 1370 708 1425 adhuc
760 1372 1000 1427 detinuit
1052 1390 1066 1427 :
1108 1375 1166 1428 in
1217 1374 1379 1428 aliain
1430 1383 1614 1428 autem
1679 1372 2108 1437 multitudinem,

520 1475 648 1528 qua:
695 1461 926 1516 collecta
967 1463 1068 1518 fuit
1107 1478 1173 1518 ex
1207 1464 1355 1518 omni
1407 1478 1608 1535 genere
1654 1472 1709 1517 et
1739 1472 1920 1529 aetate,
1966 1479 2114 1518 rnor-

528 1552 600 1605 tis
632 1552 754 1606 tulit
786 1555 1152 1621 sententiam;
1215 1556 1476 1610 uxoribus
1520 1571 1652 1610 vero
1683 1562 1739 1611 et
1779 1555 1966 1610 liberis
2012 1571 2109 1610 eo-

528 1656 672 1708 rum,
698 1642 788 1712 qui
820 1644 1228 1709 detinebantur,
1288 1653 1586 1715 martyrum
1612 1654 1741 1700 ante
1774 1645 1961 1700 oculos
2004 1660 2102 1700 eo-

527 1749 647 1786 rum
681 1733 954 1801 adduetis,
991 1736 1326 1805 provocabat
1373 1739 1438 1790 ad
1485 1736 1685 1791 Christi
1735 1737 2107 1808 negationem,

525 1826 727 1894 partim
765 1827 984 1896 quidem
1015 1828 1201 1893 minis,
1229 1830 1429 1899 partim
1468 1837 1653 1885 autem
1684 1830 1898 1886 blandis
1929 1831 2110 1887 verbis

2221 638 2349 706 περὶ
2382 637 2480 707 τὴν
2515 635 2798 689 εύσέὸειαν
2844 635 3008 704 ζῆλον
3045 634 3463 706 μηχανώμενος.
3493 635 3579 697 Ὠς
3605 636 3660 690 δὲ
3680 640 3801 702 τοὺς

2223 729 2506 799 μάρτυρας
2547 727 2694 799 ἑώρα
2733 727 2869 796 μηδὲ
2895 726 3055 794 όλίγα
3084 726 3186 796 τὴν
3213 727 3386 797 ἀκοὴν
3420 726 3664 790 διδόντας
3687 729 3801 792 ταῖς

2220 819 2572 887 ὑποσχέσεσι,
2593 819 2907 872 τούναντίον
2939 820 3036 888 μὲν
3063 816 3158 871 οῦν
3179 819 3276 872 καὶ
3306 818 3538 890 λαμπρᾷ
3568 822 3630 888 τῇ
3657 822 3800 891 φωνῇ

2218 911 2293 972 ὡς
2325 906 2474 980 εἶχον
2492 909 2874 973 ἀναϐοῶντας·
2897 911 3014 961 Οὐκ
3049 909 3366 980 ἀρνούμεθὰ
3385 924 3444 960 σε
3467 910 3557 960 τὸν
3585 909 3682 962 ἕνα
3707 908 3802 978 τῆς

2219 1001 2471 1070 Τράδος,
2501 1001 2642 1070 Αόγε
2672 1000 2808 1054 Θεοῦ
2834 1001 2930 1054 καὶ
2959 1000 3187 1070 Χριστὲ,
3211 999 3333 1051 οὐδὲ
3356 999 3457 1068 τὴν
3483 997 3582 1068 σὴν
3603 1001 3803 1051 οίκονο-

2220 1093 2350 1163 μίαν
2399 1093 3004 1164 διαχλευάζομεν,οὐδὲ
3040 1092 3151 1146 τῶν
3196 1091 3264 1144 δι’
3305 1091 3451 1161 ἡμᾶς
3493 1107 3588 1143 σου
3619 1089 3803 1143 παθῶν

2230 1184 2540 1247 Ἰουδαῖκῶς
2575 1183 2789 1237 καὶτοῦ
2829 1181 3068 1253 σταυροῦ
3115 1181 3558 1252 κατορχούμεθα’
3583 1181 3803 1244 τούτους

2219 1274 2320 1343 μὲν
2347 1273 2430 1326 ἔτι
2481 1277 2865 1345 παρακατεῖχε
2912 1273 3194 1344 δεσμίους,
3222 1274 3301 1344 τῷ
3333 1273 3392 1326 δὲ
3423 1271 3571 1342 ἄλλῳ
3613 1273 3804 1342 πλήθει

2211 1364 2291 1436 τῷ
2320 1365 2378 1432 ἐξ
2411 1365 2631 1434 ἁπάσης
2665 1366 2803 1429 ἰδίας
2852 1364 3264 1434 συνειλεγμένῳ
3314 1364 3408 1416 καὶ
3439 1363 3677 1434 ἡλικίας,
3707 1364 3800 1432 τήν

2212 1457 2308 1511 τοῦ
2342 1458 2577 1512 Θανάτου
2607 1458 2791 1528 ψῆφον
2817 1459 3124 1528 ἐπήγαγεν.
3143 1456 3182 1508 Γ
3187 1457 3412 1517 υναῖκας
3441 1454 3496 1507 δὲ
3525 1457 3621 1507 καὶ
3641 1456 3800 1508 τέκνα

2212 1548 2323 1602 τῶν
2353 1550 2739 1621 κατεχομένων
2770 1549 3067 1620 μαρτύρων
3098 1546 3222 1601 κατ’
3253 1547 3570 1617 ὀφθαλμοὺς
3625 1547 3800 1602 αὐτῶν

2211 1643 2456 1713 ἀγαγὼν,
2485 1646 2620 1716 πρὸς
2649 1645 2882 1716 ἄρνησιν
2903 1643 3213 1708 ἐξεκαλεῖτο
3235 1641 3497 1713 Χριστοῦ,
3521 1640 3683 1693 τοῦτο
3709 1641 3800 1710 μὲν

2213 1739 2662 1805 ἁπειλῶν,τοῦτο
2686 1740 2743 1794 δὲ
2776 1741 2871 1792 καὶ
2903 1737 3224 1798 κολακείαις
3261 1736 3451 1798 δεινῶς
3494 1733 3798 1810 ὑπερχόμε-

2213 1846 2338 1893 νος·
2371 1831 2523 1884 ἔστιν
2559 1834 2648 1885 ὅτε
2692 1831 2788 1885 καὶ
2841 1833 2951 1884 πᾶν
3001 1827 3141 1893 εἶδος
3200 1828 3579 1897 κολαστηρίων
3617 1827 3802 1889 αὑταῖς

523 1931 618 1972 eas
657 1919 1000 1988 aggrediens,
1027 1935 1422 1989 nonnunquam
1451 1937 1614 1976 omne
1642 1922 1895 1992 supplicii
1940 1938 2100 1994 genus

2217 1923 2739 1993 ἐπανατεινόμενος,
2765 1923 2974 1976 τέκνων
3001 1940 3060 1974 τε
3091 1923 3186 1976 καὶ
3218 1924 3422 1990 γονέων
3447 1921 3542 1973 καὶ
3586 1918 3801 1988 περιοῦ-

525 2009 582 2063 in
629 2026 724 2064 eas
767 2011 1078 2076 intentans,
1122 2014 1554 2084 liberorumque,
1604 2023 1661 2068 et
1702 2025 2016 2084 parentum,
2055 2022 2110 2070 et

522 2098 840 2154 facultatum
880 2141 896 2165 ,
946 2111 1003 2156 et
1031 2102 1206 2171 ipsius
1249 2119 1466 2173 quoque
1530 2105 1718 2174 patria:
1756 2121 1851 2160 eas
1899 2115 2110 2162 terrens

520 2192 846 2248 amissione.
886 2193 993 2246 lila:
1017 2202 1200 2248 autem
1249 2195 1504 2251 dicebant
1535 2212 1550 2250 :
1581 2194 1871 2264 Omnibus,
1926 2214 1960 2254 ο
1995 2215 2106 2264 rex,

520 2300 645 2355 qua:
677 2301 709 2340 a
740 2297 793 2340 te
824 2285 1156 2350 oﬂ'eruntur,
1185 2286 1301 2342 sive
1337 2302 1400 2342 ea
1428 2287 1542 2342 sint
1585 2287 1752 2354 bona,
1785 2289 1902 2343 sive
1951 2290 2110 2344 aliter

521 2391 582 2432 se
618 2379 876 2445 habeant,
922 2379 1156 2433 libenter
1201 2378 1366 2434 hodie
1417 2381 1814 2446 renuntiantes,
1845 2397 1964 2450 qua:
1991 2398 2021 2436 a
2058 2391 2109 2437 te

518 2471 830 2526 maledictis
861 2471 1179 2535 incessitur,
1226 2471 1432 2526 Christi
1475 2488 1694 2528 crucem
1741 2473 2055 2528 extollimus
2091 2492 2104 2530 :

517 2572 578 2618 et
606 2563 699 2632 qui
727 2563 784 2616 in
812 2562 929 2632 ipsa
982 2573 1228 2618 nostram
1279 2565 1597 2633 procuravit
1647 2565 1904 2632 salutem,
1947 2565 2106 2620 Chri-

521 2665 668 2710 stum
701 2657 1009 2724 sequimur.
1043 2655 1203 2710 Esset
1230 2659 1379 2711 enim
1425 2672 1455 2712 a
1500 2658 1712 2714 ratione
1748 2659 2014 2722 alienum,
2051 2668 2107 2715 et

519 2748 683 2804 nimis
736 2748 1236 2813 eﬂeminatum,ex
1285 2750 1444 2805 nobis
1495 2751 1716 2821 quidem
1768 2752 1922 2819 alias,
1984 2768 2106 2822 qua:

519 2854 644 2896 cum
681 2840 880 2895 talibus
908 2841 1040 2896 viris
1059 2841 1452 2898 cohabitar'unt
1477 2882 1492 2908 ,
1563 2844 1659 2914 qui
1711 2857 1944 2900 mortem
1977 2860 2104 2915 pro-

517 2942 642 3004 pter
671 2932 948 2988 Christum
993 2933 1273 3011 elegerunt
1305 2951 1318 2988 :
1351 2935 1490 2990 alias
1505 2946 1712 3003 autem,
1733 2952 1853 3006 qua:
1881 2937 2105 3009 virgini-

518 3032 685 3078 tatem
717 3033 997 3089 exercent,
1027 3037 1088 3080 ut
1113 3042 1234 3095 quae
1261 3025 1484 3082 Christo
1521 3027 1630 3082 sint
1653 3027 1962 3098 desponsae,
1991 3045 2099 3083 non

515 3129 642 3170 esse
668 3114 852 3169 animo
884 3116 1150 3178 masculo,
1175 3126 1230 3171 et
1270 3126 1509 3172 vestram
1545 3119 1682 3172 iram
1713 3119 1872 3189 plane
1909 3120 2102 3176 incon-

519 3205 813 3260 sideratatn
845 3222 956 3261 non
986 3218 1176 3262 nostro
1215 3209 1492 3266 sustinere
1523 3226 1774 3283 corpore.

598 3297 688 3352 λι.
727 3296 840 3352 Rex
878 3307 1058 3353 autem
1094 3300 1179 3355 :0
1221 3300 1462 3367 feminas,
1496 3281 1693 3373 inquit,
1745 3320 1966 3374 possum
2004 3321 2100 3361 vos
2127 3281 2169 3340 (ί

515 3390 718 3445 merito
762 3405 976 3460 magna:
1022 3407 1287 3448 accusare
1336 3394 1602 3458 stultitiae,
1670 3397 1814 3464 quod
1865 3397 2104 3451 hominis

507 3483 684 3553 plani,
717 3493 771 3538 et
795 3485 1225 3556 pratstigiatoris,
1260 3495 1314 3541 ct
1339 3487 1432 3556 qui
1467 3487 1703 3542 violenta
1749 3496 1925 3542 morte
1975 3504 2102 3558 per-

503 3574 610 3641 :iit,
661 3578 890 3646 gratiam
930 3577 1164 3646 eligitis,
1217 3587 1273 3631 et
1301 3577 1676 3647 voluptatibus
1731 3579 2099 3648 pt'msentibus

511 3680 688 3736 spem,
717 3668 876 3737 cujus
903 3669 1143 3722 incertus
1171 3668 1473 3734 estexitus,
1505 3670 1768 3738 praeferre
1807 3671 2096 3725 statuistis.

517 3757 777 3823 ρυωάω
804 3769 994 3812 autem
1026 3775 1093 3814 ex
1137 3759 1442 3815 acrioribus
1476 3764 1744 3818 matribus
1788 3773 1842 3816 et
1904 3779 2099 3818 mona~

513 3849 652 3912 chis,
685 3864 795 3903 non
827 3850 1064 3905 ferentes
1094 3850 1298 3906 Christi
1351 3853 1736 3906 contumeliam
1757 3893 1771 3918 ,
1817 3869 1927 3908 usae
1970 3865 2100 3909 sunt

511 3943 569 3994 in
603 3955 782 4009 regem
814 3941 1419 4011 verbis-asperioribus,
1453 3959 1576 3996 eum
1620 3945 1818 4012 ipsum,
1855 3945 1946 4014 qui
1979 3962 2095 3999 nia-

511 4029 728 4085 ledietis
757 4032 1161 4097 incessebatur,
1197 4032 1480 4088 Christum
1515 4045 1772 4089 vocantes
1813 4039 1882 4088 ad
1933 4037 2096 4090 ulto-

507 4135 658 4174 nem.
713 4120 867 4185 Quod
891 4122 1108 4190 quidem
1145 4138 1288 4194 tegre
1322 4125 1505 4178 ferens
1538 4124 1820 4190 Hebraeus,
1881 4127 1940 4179 in
2001 4141 2096 4181 eas

510 4209 878 4262 communiter
929 4216 1254 4279 pronuntiat
1305 4213 1672 4280 sententiam,
1711 4223 1770 4267 ut
1810 4213 1990 4284 gladio
2014 4216 2096 4269 fe-

509 4301 751 4354 riantur.
781 4299 1006 4355 Licebat
1039 4317 1172 4372 ergo
1205 4301 1391 4357 videre
1417 4302 1676 4358 mulieres
1705 4314 1921 4360 sanctas
1949 4307 2091 4361 trahi

512 4393 785 4459 crinibus,
830 4401 884 4447 et
933 4393 1016 4446 sic
1075 4394 1203 4448 duci
1252 4395 1322 4448 ad
1383 4396 1737 4466 supplicium,
1774 4397 1856 4452 vel
1911 4401 2091 4468 potius

507 4484 640 4538 ferri
669 4485 937 4554 promptis
954 4494 1008 4540 et
1024 4485 1296 4542 alacribus
1315 4487 1563 4556 pedibus,
1593 4499 1648 4544 et
1680 4489 1835 4546 sitire
1855 4501 2088 4546 mortem

2215 2017 2484 2080 σιῶν,κα“ι
2512 2018 2681 2086 αὐτῆς
2711 2016 2993 2086 πατρίδος,
3043 2016 3304 2068 ἐπισείων
3355 2014 3457 2085 τὴν
3516 2012 3797 2082 στέρησιν.

2211 2107 2282 2159 Δί
2311 2107 2392 2172 δὲ,
2422 2107 2618 2168 Πᾶσιν,
2650 2105 2826 2172 εἷπον,
2857 2109 2968 2168 τοῖς
2994 2106 3143 2177 παρὰ
3189 2105 3284 2157 σοῦ
3338 2103 3796 2173 προτεινομένοις,

2211 2190 2257 2249 ὦ
2284 2194 2530 2265 βασιλεῦ,
2564 2196 2674 2247 εἴτε
2704 2198 2919 2266 χρηστὰ
2947 2191 3080 2258 εἶεν,
3109 2195 3220 2247 εἴτε
3247 2195 3340 2247 καὶ
3371 2193 3547 2256 ἄλλως
3585 2194 3796 2261 ἔχοντα,

2211 2284 2382 2356 ἡδέως
2427 2286 2871 2356 ἀποταττόμεναι
2913 2285 3280 2357 σήμερον,τὸν
3300 2285 3403 2337 ὐπῦ
3426 2285 3520 2336 σοῦ
3558 2283 3798 2352 βλασφη·

2214 2376 2488 2448 μούμενον
2541 2377 2772 2448 αἴρομεν
2814 2378 2908 2430 τοῦ
2949 2379 3154 2448 Κυρίου
3210 2378 3448 2446 σταυρόν
3472 2392 3486 2406 ⁸
3515 2375 3713 2442 καὶτῷ
3743 2378 3798 2424 έν

2209 2467 2361 2538 αὐτῷ
2385 2467 2483 2536 τὴν
2512 2468 2670 2538 ἡμῶν
2689 2468 3249 2537 πραγματευσαμένῳ
3270 2463 3546 2535 σωτηρίαν
3578 2463 3797 2518 ἀκολου-

2211 2556 2415 2628 οοῦμεν
2443 2557 2688 2627 Χριστῷ.
2731 2557 2966 2625 Ἀλογον
3023 2557 3132 2628 γὰρ
3172 2556 3390 2626 ἀληθῶς
3444 2558 3539 2608 καὶ
3601 2551 3796 2624 κομιδῆ

2207 2654 2520 2719 γυναικεῖον
2545 2653 2642 2709 τὰς
2680 2650 2777 2720 μὲν
2811 2651 2968 2721 ήμῶν
3003 2651 3231 2722 ἀνδράσι
3257 2650 3523 2714 τοιούτοις
3549 2665 3800 2718 συνοικη-

2209 2746 2403 2810 σάσας,
2429 2744 2478 2796 οἳ
2507 2744 2568 2796 τὺ
2621 2744 2959 2798 κινδυνεύειν
3002 2745 3090 2798 διὰ
3145 2745 3385 2815 Χριστὸν
3423 2743 3658 2806 εἵλοντο,
3702 2740 3796 2803 τὰς

2206 2837 2262 2890 δὲ
2290 2838 2384 2892 καὶ
2423 2837 2734 2908 παρθενίαν
2769 2837 3140 2909 ἀσκουμένας,
3185 2838 3281 2891 ᾶτε
3331 2834 3793 2906 νυμφευσαμένας

2205 2931 2450 3003 Χριστῷ,
2472 2933 2548 3001 μὴ
2584 2931 2682 3001 τὴν
2715 2929 2894 3002 ψυχὴν
2929 2929 3266 3001 ἁρῤενῶσαι,
3288 2928 3495 2982 καὶτὸν
3527 2927 3796 2998 ὑμέτερον

2207 3022 2496 3090 ἀλόγιστον
2537 3020 2682 3074 οὕτω
2747 3021 2920 3092 Θυμὸν
2963 3024 3022 3075 ἐν
3070 3021 3148 3093 τῷ
3202 3022 3319 3091 ἰδίῳ
3376 3020 3790 3090 καθυποστῆναι

2207 3112 2441 3182 σώματι.

2277 3293 2386 3350 IA'.
2421 3295 2529 3348 Καὶ
2565 3298 2591 3348 ό
2633 3294 2928 3365 βασιλεύς·
2974 3295 3184 3366 Πολλὴν
3248 3295 3445 3364 ἔγωγε,
3509 3295 3792 3364 γυναῖκες,

2207 3385 2395 3439 ἄνοιαν
2434 3384 2542 3454 ἑχω
2574 3387 3007 3453 καταγινώσκειν
3053 3385 3233 3455 ὑμῶν,
3262 3387 3344 3437 ὅτι
3380 3387 3537 3455 χάριν
3577 3384 3792 3454 ἀνθρὼ-

2204 3495 2307 3532 που
2339 3479 2546 3534 πλάνου
2601 3480 2695 3532 καὶ
2730 3479 2926 3550 γόητος
2963 3482 3056 3532 καὶ
3094 3479 3379 3550 βιοοανοῦς
3421 3481 3654 3533 Θάνατον
3703 3481 3789 3531 al-

2207 3571 2409 3641 ρεῖσϐε,
2437 3573 2532 3624 καὶ
2570 3571 2679 3624 τῶν
2715 3572 3003 3642 παρόντων
3038 3573 3208 3642 ήδέων
3242 3571 3464 3635 ἐλπίδας
3511 3572 3708 3644 ἄδηλον
3733 3572 3793 3624 τὸ

2205 3662 2379 3732 πέρας
2408 3661 2640 3732 ἐχούσας
2671 3663 2948 3733 προτιμᾷν
2999 3662 3228 3730 ἔγνωτε.
3257 3664 3349 3733 Μὴ
3389 3664 3711 3731 ἐνεγκόντες
3736 3661 3791 3716 δὲ

2200 3769 2345 3815 τινες
2377 3752 2484 3807 τῶν
2520 3753 2870 3823 Θερμοτέρων
2905 3753 3167 3823 Πατέρων
3201 3770 3260 3806 τε
3309 3756 3404 3807 καὶ
3436 3753 3788 3824 μοναξουσῶν

2199 3841 2297 3912 τὴν
2329 3845 2472 3896 κατὰ
2504 3843 2742 3913 Χριστοῦ
2784 3842 2964 3912 ὓϐριν,
2994 3847 3357 3916 τραχυτέροις
3385 3849 3526 3900 κατὰ
3563 3846 3663 3898 τοῦ
3695 3846 3790 3915 βα-

2202 3932 2397 3996 σιλέως
2429 3937 2737 4007 ἐχρήσαντο
2793 3937 3061 4008 ῥήμασιν,
3087 3939 3250 3990 αὑτὸν
3285 3940 3376 3992 τὸν
3418 3939 3787 4010 βλασφημούι

2200 4042 2361 4096 μενον
2395 4029 2598 4098 Κύριον
2649 4031 2729 4092 είς
2787 4029 3001 4100 ἄμυναν
3036 4032 3457 4100 ἐκκαλούμενοι,
3483 4034 3570 4101 ἐφ’
3612 4028 3658 4101 ᾧ
3693 4031 3787 4085 καὶ

2196 4118 2582 4188 χαλεπήναντα
2644 4121 2734 4172 τὸν
2782 4121 3054 4192 Ἐὗραῖον,
3115 4125 3272 4194 κοινῇ
3314 4124 3413 4194 τὴν
3465 4126 3554 4179 διὰ
3598 4126 3784 4194 ξίφους

2194 4214 2480 4283 ἀναίρεσιν
2512 4217 2634 4268 κατ’
2655 4216 2839 4270 αὐτῶν
2887 4219 3300 4288 ἀποφήνασθαι.
3333 4216 3442 4275 Ἦν
3492 4220 3593 4276 οὖν
3628 4226 3783 4278 ἑλκο-

2199 4305 2372 4375 μένας
2425 4307 2555 4359 ίδεῖν
2585 4307 2695 4362 τῶν
2726 4310 2933 4381 τριχῶν
2963 4315 3230 4380 γυναῖκας
3271 4313 3451 4381 ὁσίας,
3502 4318 3602 4368 καὶ
3651 4319 3786 4388 πρὸς

2197 4398 2429 4454 θάνατον
2484 4400 2659 4463 οὕτως
2728 4405 3109 4475 ἐπαγομένας,
3137 4407 3342 4477 μᾶλλον
3371 4410 3427 4462 δὲ
3451 4413 3547 4462 καὶ
3580 4413 3787 4480 προϐύ-

2195 4509 2316 4562 μοις
2377 4495 2536 4548 ποσὶν
2568 4496 2740 4559 αὐτας
2773 4500 3103 4568 φερομένας,
3131 4501 3226 4553 καὶ
3277 4501 3378 4571 τὴν
3412 4503 3503 4556 δια
3542 4504 3782 4575 Χριστὸν

505 4581 730 4644 propter
772 4576 1074 4632 Christum.
1101 4577 1296 4648 Magna
1329 4594 1459 4634 vero
1487 4591 1678 4634 eratet
1708 4575 1968 4650 prmclara
2000 4583 2088 4636 in-

2203 4584 2432 4654 Ξιψώσας
2473 4591 2710 4659 σφαγήν.
2733 4590 2840 4642 Καὶ
2867 4591 2976 4661 γὰρ
3033 4592 3238 4662 ἅμιλλά
3281 4610 3366 4657 τις
3416 4597 3517 4648 οὐκ
3551 4598 3784 4668 ἀγεννὴς

506 4675 584 4718 tet
620 4679 715 4719 eas
741 4669 1044 4723 contentio.
1087 4668 1368 4725 Monachze
1418 4672 1565 4726 enim
1600 4671 1840 4742 virgines
1877 4689 2090 4744 nequa-

501 4772 666 4827 quam
695 4761 1292 4834 concedebantpritnas
1320 4776 1504 4834 partes
1526 4766 1593 4820 iis
1644 4782 1764 4836 quae
1790 4777 1947 4822 erant
1961 4767 2089 4838 jun-

505 4862 607 4908 ειη
626 4853 1011 4909 matrimonio:
1035 4855 1443 4926 Recordemini,
1468 4858 1736 4923 dicentes,
1760 4862 1903 4931 quod
1933 4861 2088 4931 prius

497 4944 663 5000 vobis
708 4944 914 5000 fuimus
969 4948 1282 5016 propositae,
1318 4959 1373 5001 et
1417 4951 1474 5002 in
1521 4952 1705 5019 templi
1735 4951 2005 5021 ingressu,
2034 4960 2088 5004 et

498 5040 556 5090 in
593 5045 1064 5091 sacramentorum
1104 5037 1543 5106 participatione,
1572 5049 1626 5093 et
1662 5057 1713 5092 ιιι
1742 5041 1999 5107 statione,
2030 5050 2087 5096 et

495 5144 550 5181 ιιι
611 5126 862 5183 sessione
919 5141 935 5181 :
985 5137 1043 5181 et
1098 5128 1222 5183 ideo
1269 5139 1488 5199 oportet
1537 5147 1685 5184 nunc
1730 5147 1948 5202 quoque
1984 5147 2086 5187 nos

465 5229 625 5274 ante
675 5235 774 5274 vos
821 5229 877 5274 et
915 5227 1128 5274 vestros
1159 5225 1384 5277 maritos
1433 5224 1693 5294 consequi
1740 5225 2081 5296 martyrium.

497 5311 803 5382 Martyrum
838 5321 1020 5369 autem
1055 5329 1278 5380 uxores,
1306 5329 1428 5383 qua:
1458 5315 1566 5385 jam
1604 5316 1768 5370 etiam
1805 5320 2081 5370 vocaban-

504 5415 592 5458 tur
621 5411 849 5469 matres,
884 5419 1233 5474 nequaquam
1265 5407 1517 5462 fcrehant
1555 5409 1608 5461 in
1655 5411 1943 5480 praesentia
1990 5411 2084 5464 ha-

500 5499 632 5551 bere
655 5496 926 5552 secundas
956 5508 1160 5567 partes.
1189 5500 1431 5555 Infantes
1453 5517 1669 5572 quoque
1714 5503 2080 5556 balbutientes

502 5599 709 5644 matres
749 5593 1284 5661 praetcreurrebant,
1338 5604 1394 5647 et
1444 5595 1550 5663 ipsi
1599 5609 1815 5664 quoque
1860 5594 2081 5649 carnili-

502 5697 622 5737 cent
650 5685 1021 5752 provocabant
1051 5686 1117 5739 ad
1145 5695 1400 5740 mortem.
1450 5686 1709 5740 Sciebant
1749 5689 1899 5740 enim
1945 5687 2080 5740 alias

497 5787 716 5840 quoque
741 5792 941 5843 pueros
984 5777 1153 5831 fuisse
1184 5776 1403 5832 Christo
1444 5791 1664 5848 prepter
1684 5781 1858 5849 ipsum
1893 5792 2077 5832 sacras

496 5865 704 5919 oblatas
753 5869 1024 5924 victitnas.
1084 5870 1174 5925 hic
1242 5871 1411 5924 beatae
1443 5873 1546 5924 illa:
1596 5883 1825 5926 mortem
1877 5872 2074 5940 praeri-

2196 4679 2327 4747 περὶ
2356 4679 2523 4742 αὐτὰ,
2558 4679 2764 4734 ἵστατο.
2801 4681 3062 4754 Ἐπείπερ
3094 4685 3150 4737 αἱ
3183 4686 3520 4756 μονάζουσαι
3552 4690 3656 4758 μὲν
3691 4694 3781 4742 καὶ

2192 4770 2461 4842 παρθένοι
2502 4772 2614 4824 τῶν
2675 4775 2963 4845 πρωτείων
3017 4777 3125 4828 οὐδ’
3153 4779 3289 4842 ὅλως
3324 4782 3445 4842 ταῖς
3481 4783 3590 4834 ὑπὸ
3617 4783 3781 4851 ζυγὸν

2194 4861 2500 4928 ἐξίσταντο,
2539 4862 2976 4938 Ἀναμνήσθητε,
3006 4868 3288 4937 λέγουσαι,
3319 4873 3401 4925 ὅτι
3437 4876 3531 4926 καὶ
3589 4879 3778 4946 πρότε-

2191 4969 2285 5022 ρον
2316 4953 2455 5027 ὑπὲρ
2498 4957 2641 5028 ὑμᾶς
2675 4960 2767 5011 ἐπί
2797 4977 2854 5012 τε
2885 4965 2952 5032 τῇ
2983 4961 3092 5014 τῶν
3121 4963 3284 5032 ἱερῶν
3337 4966 3554 5037 εἰσόδῳ,
3585 4971 3678 5018 καὶ
3712 4965 3775 5029 τῇ

2186 5044 2294 5100 τῶν
2325 5047 2499 5115 ἁγίων
2533 5049 2858 5122 μεταλήψει,
2881 5056 2948 5124 τῇ
2978 5054 3169 5107 στάσει
3213 5072 3271 5108 τε
3308 5059 3404 5109 καὶ
3435 5061 3499 5124 τῇ
3533 5053 3776 5123 καθέδρᾳ

2189 5141 2666 5211 προτετιμήμεθαο
2696 5145 2788 5196 καὶ
2817 5144 2906 5198 διὰ
2941 5147 3102 5200 τοῦτο
3133 5149 3240 5220 χρὴ
3275 5152 3372 5203 καὶ⁵
3401 5151 3467 5201 τὰ
3499 5148 3596 5201 νῦν
3626 5149 3775 5217 ἡμᾶς

2193 5233 2295 5302 πρὸ
2329 5233 2484 5303 ὑμῶν
2516 5251 2574 5286 τε
2609 5236 2701 5291 καὶ
2737 5238 2847 5291 τῶν
2882 5240 3170 5311 ὑμετέρων
3224 5244 3438 5312 ἀνδρῶν
3480 5239 3774 5305 καταξιοῦ-

2189 5325 2316 5376 σθαι
2347 5327 2440 5378 τοῦ
2479 5330 2805 5400 μαρτυρίου.
2846 5333 2912 5386 Δί
2953 5335 3010 5386 δὲ
3043 5336 3344 5408 μαρτύρων
3385 5336 3644 5401 γυναῖκες
3673 5334 3774 5404 ήδη

2186 5418 2278 5471 καὶ
2330 5423 2567 5491 μητέρες
2599 5423 2936 5493 καλούμεναι
2974 5425 3293 5490 δευτερείων
3323 5423 3431 5475 οὐδ’
3461 5424 3597 5488 ὅλως
3632 5429 3776 5478 κατὰ

2184 5509 2244 5562 τὸ
2278 5511 2452 5578 παρὸν
2488 5515 2790 5582 ἠνείχοντο.
2845 5512 3219 5583 ’Υπεφέλλιζε
3248 5516 3304 5568 δὲ
3361 5518 3456 5568 καὶ
3481 5516 3550 5568 τὰ
3576 5517 3776 5570 παιδία

2183 5603 2535 5670 παραθέιντα
2563 5605 2679 5666 ταῖς
2714 5604 2979 5676 μητράσι,
3002 5606 3094 5658 καὶ
3128 5607 3220 5658 τὸν
3269 5606 3463 5677 δήμιον
3496 5606 3776 5671 ἐξεκαλεῖ·

2181 5708 2242 5744 το
2288 5696 2383 5746 κα)⁸
2426 5694 2569 5747 αὐτὰ
2614 5696 2748 5766 πρὸς
2799 5698 2888 5751 τὸν
2947 5698 3200 5753 θάνατον.
3261 5698 3502 5769 ’ῌδεσαν
3534 5699 3646 5768 γὰρ
3678 5700 3776 5751 καὶ

2181 5786 2370 5840 ἄλλοτε
2401 5788 2596 5852 παῖδας
2644 5789 2766 5859 ἱερὰ.
2813 5777 3037 5861 Χριστῷ
3081 5791 3543 5862 προσενεχθέντας
3575 5792 3647 5843 δι’
3676 5794 3747 5845 αὑ
3773 5820 3776 5823 -

2183 5881 2271 5933 τὸν
2302 5882 2521 5951 agar-.1.
2549 5883 2702 5935 Οὕτω
2737 5883 2802 5954 δὴ
2857 5886 2950 5937 καὶ
2986 5887 3074 5939 τὶν
3115 5888 3349 5940 θάνατον
3388 5887 3443 5938 ai
3499 5891 3772 5957 μακάριαι
