4132 6442
433 468 570 532 1263

1725 469 2012 530 MENSIS
2046 473 2415 534 OCTOBER.

3568 477 3706 543 1264

429 597 532 652 ego
562 596 594 636 a
637 580 726 636 tali
775 579 966 636 lauder
1021 579 1226 650 lingua,
1271 594 1392 650 quae
1433 593 1492 634 se
1534 579 1771 634 armavit
1821 588 2006 634 contra

2124 580 2297 652 αύτης
2346 581 2655 653 τιμηθῆναι
2696 581 2971 652 γλώττης,
3003 583 3102 656 τῆς
3138 586 3515 660 δπλισαμένης
3565 600 3711 647 κατὰ

429 675 626 739 Deum,
685 688 866 743 neque
911 687 978 727 eo
1035 671 1326 740 procedam
1381 672 1661 734 amentiae,
1712 679 1771 726 ut
1823 686 2012 726 verser

431 783 557 821 rum
589 769 674 833 iis,
695 767 794 836 qui
831 765 941 820 Deo
976 775 1106 820 sunt
1156 765 1296 818 adeo
1344 764 1574 828 inimici,
1609 773 1665 819 et
1709 763 1763 818 in
1817 779 2012 830 pecca-

431 869 612 912 torum
672 857 917 910 habitem
965 854 1356 910 tabernaculis.
1406 841 1546 908 Cum
1606 869 1703 908 rex
1750 854 1867 908 hzec
1912 869 2010 908 au«

430 949 646 1011 diisset,
695 949 778 1002 ira
831 947 999 1001 corde
1067 962 1354 1010 accensus,
1409 957 1623 1015 aspexit
1651 945 1721 999 ad
1771 961 1867 1000 eos
1917 944 2010 1013 qui

427 1043 680 1107 aderant,
729 1048 785 1096 et
843 1055 968 1094 cum
1036 1039 1286 1104 dixisset,
1327 1037 1500 1104 Quam
1560 1038 1909 1109 impudenter
1946 1040 2010 1101 lin

426 1147 527 1185 nos
577 1147 634 1186 se
684 1133 821 1202 gerit
885 1133 1002 1186 hinc
1056 1132 1396 1185 exsecranda
1464 1131 1784 1185 muliercula
1817 1129 2012 1200 ljubet

427 1227 549 1292 ejus
574 1226 738 1295 capiti
777 1224 984 1279 auferri
1024 1233 1430 1296 tegumentum,
1480 1232 1534 1278 et
1570 1223 1691 1293 ejus
1720 1223 2008 1292 .liliarum;

424 1324 479 1367 ct
509 1315 588 1368 sic
618 1330 713 1368 eas
741 1316 891 1370 nudo
919 1314 1119 1384 capite,
1148 1324 1210 1369 et
1241 1315 1514 1383 promissa
1536 1329 1716 1382 coma,
1746 1314 1800 1370 in
1826 1323 2009 1369 castra

429 1405 556 1460 duci
588 1421 686 1476 per
719 1406 1098 1477 ignominiam.

494 1586 629 1642 XlV.
668 1585 970 1656 Egrediens
1016 1599 1146 1656 ergo
1181 1599 1445 1655 generosa
1494 1583 1713 1650 mulier,
1769 1599 1894 1639 cum
1925 1585 2008 1639 vi-

423 1679 598 1735 disset
643 1694 896 1749 magnam
951 1680 1278 1733 feminarum
1327 1677 1738 1732 multitudinem
1781 1677 2006 1732 flentem

421 1782 478 1828 et
513 1773 838 1842 eiulantem,
870 1772 1018 1841 quod
1051 1771 1176 1849 talis
1223 1770 1486 1824 nobilitas
1530 1770 1839 1825 afficeretur
1870 1785 2006 1824 con-

423 1863 796 1927 tumelia,illa
851 1878 946 1918 cas
987 1877 1182 1917 severe
1253 1871 1309 1917 et
1358 1863 1647 1932 magnifice
1707 1863 1929 1918 intuens
1989 1877 2005 1914 :

2113 673 2284 726 Θεοῦ’
2341 673 2477 744 μηδὲ
2534 674 2688 744 παρά
2745 674 3000 728 τοσοῦτον
3049 676 3240 741 ἀνοίας
3287 677 3525 749 ἔλθοιμι,
3566 679 3710 737 ὥστε

2111 765 2553 836 ἀναστρέφεσθαι
2586 768 2697 828 τοῖς
2727 764 2903 829 οὕτως
2932 766 3291 837 ὲχθραίνουσι
3327 769 3405 840 τῷ
3438 771 3583 842 Θεῷ,
3613 773 3711 828 καὶ

2115 859 2176 910 ἐν
2230 859 2600 929 σκηνώμασιν
2657 859 3008 929 ἁμαρτωλῶν
3080 864 3390 918 κατοικεῖν.
3437 863 3712 919 Τούτωνὸ

2115 951 2368 1022 βασιλεὺς
2398 953 2473 1017 ὼς
2502 954 2706 1024 ἤκουσε
2744 953 2903 1024 θυμῴ
2932 957 3033 1025 τὴν
3068 957 3306 1028 καρδίαν
3346 958 3706 1024 ἀνακαυθεὶς,

2111 1046 2389 1114 ἀπέϐλεψε
2419 1047 2554 1118 πρὸς
2583 1047 2711 1111 τοὺς
2751 1047 3056 1118 παρόντας,
3081 1051 3198 1115 καὶ,
3231 1043 3335 1104 Οἷα
3389 1050 3514 1104 καθ’
3547 1053 3708 1123 ἡμῶν

2110 1138 2458 1193 ἀναιδεύεται
2496 1140 2556 1193 τὸ
2589 1145 2900 1212 κατάρατον
2936 1141 3092 1194 τουτὶ
3133 1142 3381 1212 γύναιον,
3432 1142 3703 1214 εἰρηκὼς,

2111 1231 2328 1284 κελεύει
2382 1231 2480 1304 τὴν
2538 1232 2638 1304 τῆς
2691 1234 2934 1305 κεφαλῆς
2987 1235 3341 1305 ἀφαιρεῖσθαι
3389 1236 3711 1306 καλύπτραν

2110 1325 2282 1395 αὐτῆς
2311 1343 2371 1378 τε
2419 1326 2508 1378 καὶ
2545 1325 2654 1380 τῶν
2704 1326 3045 1398 θυγατέρων,
3082 1328 3180 1380 καὶ
3235 1327 3412 1392 οὕτως
3444 1329 3708 1393 ἀσκεπείς

2109 1419 2206 1472 καὶ
2237 1417 2374 1490 βαθὺ
2408 1419 2670 1490 κομώσας
2721 1419 2810 1474 ἐπ’
2861 1419 3096 1491 αίσχύνῃ
3130 1422 3282 1492 παρά
3312 1421 3373 1474 τὸ
3404 1423 3709 1493 στρατόπε-

2109 1511 2200 1565 δον
2233 1511 2489 1580 ἄγεσθαι.

2181 1605 2276 1658 ΙΔ’.
2328 1603 2580 1670 Ἐξιοῠσα
2629 1606 2813 1660 τοίνυν
2853 1608 2886 1679 ἡ
2923 1608 3154 1676 γενναία
3211 1607 3310 1662 καὶ
3352 1607 3564 1679 πλῆθος
3615 1608 3697 1662 ὅτι

2111 1695 2248 1748 πολὺ
2286 1699 2568 1766 γυναικῶν
2603 1699 2791 1753 ἰδοῦσα
2847 1700 2977 1771 περὶ
3037 1701 3211 1772 αὐτὴν
3263 1700 3578 1770 ἀνοιμῶζον
3613 1702 3707 1755 καὶ

2111 1788 2536 1860 παθαινόμενον,
2561 1791 2636 1854 ὡς
2666 1791 2926 1862 τοιαύτης
2955 1791 3121 1863 δῆθεν
3167 1783 3456 1860 εὐγενείας
3490 1790 3709 1862 ὑϐριζο-

2115 1881 2308 1952 μένης,
2332 1885 2532 1952 σεμνὸν
2557 1883 2743 1954 ἐκείνη
2777 1884 2916 1954 πρὸς
2951 1885 3122 1947 αὐτὰς
3168 1883 3356 1936 ἰδοῦσα
3391 1882 3490 1935 καὶ
3529 1899 3704 1952 μεγα-

423 1955 573 2020 δείον
607 1955 809 2025 ίιιίίυίιι
841 1970 875 2010 ο
914 1955 1126 2046 δεηίοίξν
1155 1955 1300 2046 ειυρά
1334 1965 1564 2025 Propter
1609 1970 1712 2010 n05
1762 1955 2008 2010 ἀοιοτθπὶ
2039 1950 2082 2006 Β
2110 1950 2308 2043 λόφρον
2328 2013 2342 2038 ,
2370 1950 2485 2028 Οἷδ’
2509 1950 3002 2045 ὃτι,φησὶν,-φίλαι
3055 1978 3344 2044 γυναῖκες,
3378 1950 3708 2046 περιπαθεῖς

421 2047 698 2116 accipitis,
729 2046 932 2115 partim
965 2045 1188 2114 quidem
1243 2043 1481 2100 fortasse
1531 2055 1753 2115 propter
1799 2054 2010 2100 natura:

419 2139 826 2208 cognationem,
855 2137 1060 2206 partim
1108 2146 1292 2191 autem
1337 2137 1485 2207 quod
1536 2138 1757 2209 indigna
1801 2153 1868 2192 ae
1901 2153 2008 2207 pu-

421 2231 601 2285 denda
633 2230 822 2285 videar
865 2229 976 2299 pati
1024 2243 1148 2283 cum
1197 2229 1430 2284 filiabus.
1481 2227 1588 2284 Sed
1635 2244 1706 2283 ne
1753 2229 2006 2283 doleatis.

418 2321 532 2377 Nos
565 2323 714 2375 enim
749 2337 862 2376 non
925 2321 1050 2376 idco
1095 2323 1478 2392 negaverimus
1529 2321 1841 2375 effectorem
1885 2323 2009 2377 coeli

418 2423 474 2468 et
505 2424 685 2474 terrae,
717 2428 896 2480 neque
925 2429 1047 2482 qua:
1083 2426 1210 2467 sunt
1242 2413 1310 2467 ad
1343 2424 1560 2484 tempus
1607 2415 1827 2468 aeternis
1865 2431 2005 2485 prm-

422 2505 739 2560 tuletimus.
799 2506 935 2559 Nam
990 2505 1126 2559 mihi
1192 2507 1412 2575 quidem
1481 2521 1514 2560 a
1562 2507 1862 2576 majoribus
1910 2523 2010 2576 per

419 2601 827 2654 successionem
859 2599 1038 2668 pietas
1083 2606 1137 2652 et
1166 2613 1294 2653 vera
1343 2598 1566 2668 religio,
1611 2609 1668 2653 et
1707 2615 1738 2653 a
1789 2600 2009 2655 Christo

419 2691 785 2756 denominari,
821 2700 878 2745 et
908 2707 1036 2746 eum
1072 2705 1236 2744 nosse
1268 2689 1465 2754 Deum,
1497 2690 1692 2745 tradita
1719 2692 1854 2746 mihi
1885 2691 2008 2748 fue-

418 2792 549 2838 runt
583 2785 638 2837 in
692 2784 1112 2849 haircditatem;
1149 2798 1257 2836 non
1310 2782 1447 2836 mihi
1499 2793 1680 2836 autem
1735 2783 1859 2850 soli,
1910 2783 2006 2839 sed

420 2876 694 2931 universae
725 2891 944 2946 quoque
994 2892 1128 2930 mea:
1173 2875 1507 2945 cognationi.
1556 2873 1788 2946 Propter
1843 2891 2005 2946 quem

417 2984 518 3041 ego
547 2969 797 3039 amplexa
826 2968 1248 3034 continentiam,
1288 2968 1608 3024 viduitatem
1647 2968 1861 3038 praetuli
1889 2984 2005 3022 nia-

419 3063 690 3116 trimonio
728 3071 827 3115 :et
856 3078 918 3115 ex
969 3061 1345 3127 facultatibus,
1383 3075 1520 3129 quas
1562 3060 1852 3124 habebam,
1881 3060 2006 3130 plu«

417 3152 620 3206 rimum
648 3153 899 3207 distribui
933 3154 1291 3222 pauperibus.
1329 3150 1470 3205 Sunt
1500 3166 1630 3207 vero
1663 3151 1842 3206 adhuc
1871 3152 2005 3206 mihi

419 3261 630 3316 magna:
659 3247 864 3300 divitia:
896 3246 948 3298 in
981 3259 1117 3299 auro
1151 3253 1207 3298 et
1241 3251 1494 3316 argento,
1526 3252 1584 3298 et
1617 3260 1812 3314 magna
1863 3245 2002 3298 inul-

418 3339 596 3394 titudo
649 3353 956 3401 servorum,
1037 3336 1229 3392 multae
1286 3347 1470 3391 autem
1522 3339 1898 3406 possessiones
1954 3348 2010 3392 et

417 3446 608 3501 greges
635 3446 652 3496 ;
677 3445 866 3484 verum
902 3429 1031 3483 licet
1061 3438 1142 3483 tot
1171 3429 1310 3484 bona
1342 3428 1477 3483 mihi
1512 3438 1824 3500 suppetant,
1855 3430 2008 3484 nolui

418 3534 624 3591 tamen,
660 3533 718 3578 ut
766 3523 951 3577 multae
1001 3523 1122 3577 alia:
1170 3524 1432 3578 mulieres
1463 3523 1663 3588 solent,
1715 3524 1800 3590 ad
1840 3525 2007 3578 alium

419 3618 677 3672 maritum
712 3616 935 3678 intueri,
967 3615 1178 3670 etiamsi
1207 3630 1330 3672 cum
1363 3617 1552 3670 multis
1583 3616 1804 3670 casibus
1829 3626 1883 3669 et
1916 3630 2009 3670 ca-

419 3711 785 3776 lamitatibus,
851 3725 974 3779 quae
1038 3709 1220 3765 viduis
1283 3710 1510 3765 evenire
1581 3719 2004 3776 consueverunt,

419 3817 566 3872 saepe
597 3803 700 3854 sim
727 3802 1023 3855 colluctata
1054 3816 1068 3854 :
1103 3799 1248 3869 quod
1277 3801 1496 3869 quidem
1532 3800 1617 3855 vel
1639 3801 1816 3855 solum
1856 3799 2008 3855 suffi-

419 3893 495 3946 oit
529 3892 598 3946 ad
628 3891 844 3946 mollem
874 3891 1054 3946 adhuc
1101 3900 1155 3945 et
1191 3902 1440 3945 tenerum
1479 3891 1724 3946 animum
1770 3892 2007 3946 incitan-

423 3986 555 4038 dum
615 3983 685 4037 ad
766 3985 1038 4038 secundas
1094 3984 1338 4054 nuptias.
1400 3983 1471 4038 Et
1532 3983 1767 4039 fortasse
1826 3985 2009 4041 nullus

421 4090 600 4130 meam
629 4075 943 4129 daumasset
984 4076 1356 4144 iuventutem,
1399 4091 1518 4146 qua:
1556 4075 1735 4146 ipsum
1785 4076 1856 4131 ad
1902 4077 2008 4132 hoc

421 4167 665 4223 habebat
721 4178 1017 4237 patronum
1061 4167 1304 4222 divinum
1348 4167 1697 4238 Apostolum.
1745 4167 1851 4224 Sed
1893 4169 2010 4224 haec

423 4261 608 4314 omnia
635 4259 1022 4329 parvifaciens,
1053 4260 1107 4312 in
1139 4259 1244 4314 hoc
1271 4259 1447 4313 solum
1477 4260 1720 4314 animum
1752 4261 2006 4328 intendo,

425 4362 487 4405 ut
520 4366 647 4405 cum
681 4349 902 4404 Christo
934 4352 1036 4405 sim
1071 4366 1182 4404 una
1217 4366 1339 4406 cum
1369 4353 1592 4417 sanctis,
1617 4367 1740 4422 qua:
1776 4368 2008 4423 praeces-

423 4454 642 4510 serunt,
673 4443 999 4496 mulieribus
1026 4451 1081 4496 et
1108 4443 1459 4512 martyribus.
1493 4443 1605 4512 Ego
1631 4453 1814 4498 autent
1851 4445 2008 4501 vobis

421 4538 535 4607 jam
565 4536 809 4592 secundo
859 4551 1121 4605 appareo.
1157 4533 1294 4588 Nam
1352 4535 1506 4605 prius
1551 4539 1606 4591 in
1658 4537 2008 4593 matrimonio

2120 2065 2206 2136 ἐφ’
2247 2069 2382 2137 ἡμῖν
2408 2068 2713 2138 γεγένησθε
2741 2083 2757 2099 ·
2796 2067 2958 2122 τοῦτο
2994 2068 3095 2140 μὲν
3149 2070 3282 2131 ἴσως
3360 2069 3458 2122 καὶ
3514 2067 3604 2120 διὰ
3647 2065 3706 2118 τδ

2112 2159 2377 2228 συγγενὲς
2405 2161 2506 2231 τῆς
2533 2159 2779 2229 φύσεως,
2805 2160 2967 2213 τοῦτο
2993 2159 3052 2214 δὲ
3087 2160 3182 2215 καὶ
3203 2159 3266 2212 τὸ
3299 2158 3484 2212 δοκεῖν
3515 2157 3700 2228 αἰσχύ·

2111 2267 2210 2320 νης
2250 2249 2378 2314 ἀξια
2437 2251 2579 2322 μετά
2633 2251 2747 2305 τῶν
2801 2251 3126 2322 θυγατέρων
3178 2252 3328 2322 ἡμᾶς
3381 2251 3702 2321 ὑπομένειν.

2120 2343 2266 2396 Ἀλλ’
2320 2343 2383 2396 ού
2430 2345 2586 2414 παρὰ
2635 2343 2798 2398 τοῦτο
2854 2343 2924 2398 ἂν
2972 2346 3134 2415 ἡμεῖς
3175 2343 3567 2415 ἁρνησαίμεθα
3617 2342 3706 2396 τὸν

2109 2435 2341 2507 ποιητὴν
2371 2437 2606 2508 ούρανοῦ
2638 2437 2735 2492 καὶ
2762 2438 2890 2507 γῆς,
2923 2437 3048 2490 οὐδὲ
3073 2437 3182 2490 τῶν
3213 2436 3402 2490 ἀϊδίων
3435 2440 3510 2490 τὰ
3541 2436 3706 2506 πρόσο
3786 2465 3794 2475 -

2109 2547 2282 2602 καιρα
2309 2530 2783 2601 προτιμήσαιμεν.
2821 2529 2979 2599 Ἐμοὶ⁸
3009 2531 3119 2600 γὰρ
3146 2529 3210 2582 ὲκ
3256 2528 3548 2599 προγόνων
3580 2527 3705 2597 κλῆ-

2109 2639 2206 2696 ρος
2263 2622 2552 2692 ἀδιάδοχος
2625 2623 2659 2690 ὴ
2700 2621 2983 2700 εὐσέϐεια,
3043 2623 3139 2675 καί
3187 2620 3248 2674 τὸ
3307 2619 3418 2675 ἀπὸ
3465 2617 3710 2704 Χριστοῦ.

2107 2715 2416 2793 καλεῖσθαι,
2469 2720 2566 2770 καὶ
2621 2715 2814 2769 τοῦτον
2873 2717 3079 2768 εἰδέναι
3133 2714 3298 2770 Θεόν.
3343 2713 3462 2768 Οὐκ
3500 2714 3624 2784 ἐμοὶ
3645 2711 3701 2764 δὲ

2111 2809 2277 2880 μόνῃ,
2303 2807 2444 2862 ἀλλά
2486 2809 2584 2862 καὶ
2630 2810 2784 2880 πασῃ
2827 2810 2893 2879 τῇ
2919 2807 3220 2880 συγγενείᾳ
3263 2806 3330 2878 δὴ
3356 2809 3426 2878 τῇ
3456 2807 3593 2877 ἐμῇ.
3628 2797 3702 2857 Δι’

2107 2899 2166 2952 ὃν
2225 2898 2339 2968 ἐγὼ
2390 2900 2756 2972 σωφροσύνην
2815 2899 3217 2968 ἀσπασαμένη,
3259 2898 3499 2968 χηρείαν
3578 2912 3704 2966 προ-

2109 2991 2287 3062 έθηκα
2326 2996 2532 3062 γάμου,
2575 2995 2670 3047 καὶ
2699 2994 2799 3063 τὴν
2833 2992 3022 3046 οὐσίαν
3051 2991 3252 3062 πολλὴν
3289 2991 3457 3044 οὖσαν
3515 2989 3703 3042 διενει-

2113 3086 2309 3156 μάμην
2358 3088 2473 3148 τοῖς
2520 3086 2772 3154 πένησιν.
2823 3084 2984 3136 Ἐστι
3024 3084 3082 3137 δέ
3123 3099 3213 3152 μοι
3262 3081 3362 3134 καὶ
3396 3079 3594 3152 συχνὸς
3625 3079 3700 3131 ἔτι

2109 3179 2341 3242 πλοῦτος
2373 3180 2432 3232 ἐν
2460 3176 2691 3249 ἀργύρῳ
2740 3194 2798 3230 τε
2841 3176 2939 3231 καὶ
2972 3176 3185 3247 χρυσῷ,
3221 3174 3358 3228 πολύ
3387 3190 3447 3226 τε
3487 3171 3696 3226 οἰκείων

2035 3290 2080 3349 c
2114 3271 2352 3341 πλῆθος,
2385 3271 2562 3324 πολλά
2596 3269 2655 3323 δὲ
2686 3271 2948 3341 κτήματα
2983 3268 3081 3322 καὶ
3110 3266 3463 3338 βοσκήματα,
3499 3264 3593 3318 καὶ
3620 3279 3698 3315 το-

2113 3365 2328 3428 σούτοις
2357 3363 2584 3435 κομῶσα
2618 3365 2735 3427 τοῖς
2782 3361 3040 3432 ἀγαθοῖς,
3092 3361 3246 3432 ὅμως
3299 3360 3398 3430 οὐχ
3447 3358 3695 3427 εἱλόμην,

2111 3457 2254 3510 κατὰ
2283 3454 2384 3518 τὰς
2411 3454 2612 3520 πολλὰς
2641 3455 2750 3510 τῶν
2784 3454 3086 3524 γυναικῶν,
3111 3453 3249 3524 πρὸς
3283 3452 3480 3523 ἕτερον
3528 3450 3691 3518 ἀνδρα

2112 3546 2329 3622 βλέψαι,
2355 3547 2540 3601 καίτοι
2560 3564 2624 3616 γε
2653 3546 2878 3620 μυρίαις
2896 3543 3256 3617 περιστάσεσί
3277 3560 3338 3596 τε
3359 3543 3457 3595 καὶ
3487 3555 3694 3608 συμφο·

2113 3641 2237 3710 ραῖς
2293 3635 2382 3692 οἷα
2412 3640 2484 3692 τὰ
2513 3641 2614 3710 τῆς
2671 3639 2927 3712 χηρείας,
2958 3637 3225 3699 πολλάκις
3259 3633 3694 3696 διαπαλαίσασα,

2109 3732 2247 3802 ὅπερ
2281 3732 2468 3786 ἰκανὸν
2495 3733 2587 3785 καὶ
2621 3733 2785 3800 μόνον
2827 3728 3048 3798 ἁπαλὴν
3097 3730 3177 3780 ἔτι
3226 3729 3323 3780 καὶ
3353 3727 3489 3779 νέαν
3523 3723 3696 3795 ψυχὴν

2112 3824 2250 3894 πρὸς
2279 3823 2568 3892 δευτέρους
2601 3820 2818 3891 γάμους
2842 3819 3170 3890 διερεθίσαι.
3198 3816 3310 3870 Καὶ
3339 3817 3476 3880 ἴσως
3529 3813 3696 3873 οὐδεὶς

2111 3917 2199 3982 ὄιν⁸
2228 3933 2330 3988 μου
2389 3915 2489 3986 τῆς
2556 3913 2813 3984 νεότητος
2876 3911 3288 3978 κατεγίνωσκεν
3345 3907 3510 3962 αὐτὸν
3565 3903 3694 3973 προς

2109 4007 2272 4063 τοῦτο
2323 4007 2415 4060 τὸν
2476 4007 2623 4060 θεῖον
2695 4003 3030 4058 ’Δπόστολον
3087 4001 3391 4072 συνήγορον
3450 3998 3693 4069 ὲχούσης.

2123 4101 2288 4158 Ἀλλὰ
2316 4100 2494 4154 ταῦτα
2548 4098 2681 4171 περὶ
2746 4097 3032 4158 ἐλάττονος
3089 4095 3271 4148 πάντα
3315 4092 3545 4162 θεμένη,
3583 4089 3692 4151 ἑνός

2111 4194 2230 4264 είμι
2292 4193 2486 4260 μόνου,
2538 4189 2634 4243 τοῦ
2695 4192 2940 4242 συνεῖναι
2971 4185 3195 4256 Χριστῴ
3243 4187 3365 4247 ταῖς
3397 4178 3694 4254 προλαϐού-

2112 4304 2237 4349 σαις
2292 4283 2412 4354 ἅμα
2443 4281 2698 4351 γυναιξὶν
2752 4281 2941 4350 ἁγίαις
2997 4279 3092 4331 καὶ
3139 4277 3440 4347 μάρτυσιν.
3478 4272 3615 4341 Ἐγὼ
3643 4272 3694 4323 δὲ

2111 4380 2242 4450 ὑμῖν
2277 4377 2378 4448 ήδη
2413 4375 2666 4444 δεύτερον
2689 4372 3062 4443 ἐμφανίζομαι
3119 4369 3175 4421 ἐν
3207 4385 3268 4420 τε
3301 4367 3380 4437 τῷ
3407 4365 3504 4421 τοῦ
3536 4379 3694 4435 προσ-

2109 4471 2306 4540 καίρου
2357 4467 2595 4537 νυμφίου
2633 4465 2796 4535 γάμῳ
2820 4505 2834 4530 ,
2865 4467 2960 4516 καὶ
2989 4461 3084 4514 νῦν
3147 4461 3206 4512 ἐν
3236 4459 3315 4530 τῷ
3364 4458 3464 4512 τοῦ
3492 4457 3694 4526 ἀφθάρ-

2108 4580 2203 4616 του
2265 4561 2362 4612 καὶ
2419 4556 2718 4623 ἀθανάτου,
2748 4556 2885 4626 πρὸς
2945 4555 3003 4608 ὃν
3057 4553 3382 4622 ἐπείγομαι,
3411 4543 3574 4616 κα.ὶῷ
3601 4546 3692 4616 τὴν

423 4630 634 4700 sponsi,
666 4628 756 4698 qui
791 4635 907 4682 erat
932 4626 998 4680 ad
1027 4637 1242 4697 tempus
1276 4644 1290 4681 ι
1323 4641 1472 4681 nunc
1515 4643 1645 4682 vero
1690 4629 1743 4682 in
1796 4629 2004 4698 nuptiis

2112 4652 2470 4724 σωφροσύνην
2531 4649 2765 4703 ἄσπιλον
2820 4647 3149 4718 διετήρησα,
3201 4643 3550 4716 μαρτυρήσει
3605 4653 3691 4708 μοι

422 4721 750 4774 immortalis
789 4729 845 4774 et
883 4718 1049 4772 alieni
1074 4719 1142 4772 ab
1171 4717 1418 4784 interitu,
1452 4721 1520 4772 ad
1567 4735 1730 4788 quem
1782 4719 2005 4785 festino,

421 4822 478 4866 et
515 4813 602 4867 cui
632 4811 1034 4865 immaculatam
1067 4809 1388 4864 conservavi
1442 4811 1863 4878 continentiam,
1921 4826 2008 4865 me

423 4906 641 4960 videtis.
678 4905 849 4960 Filias
879 4919 1098 4974 quoque
1129 4904 1232 4973 ipsi
1277 4903 1475 4958 studeo
1530 4905 1900 4974 despondere,
1947 4913 2008 4958 ut

420 5014 543 5067 qua:
585 5013 774 5052 earum
815 4997 1100 5064 hucusque
1141 4995 1410 5066 integram
1451 4999 1516 5050 ad
1573 4997 1678 5050 hoc
1725 4997 2008 5066 virginita-

422 5101 534 5145 tem
591 5089 988 5143 conservarim.
1040 5087 1181 5143 llinc
1236 5087 1372 5142 mihi
1423 5088 1617 5158 plenus
1652 5101 1735 5144 est
1785 5092 2008 5145 animus

423 5179 704 5248 voluptate
763 5187 819 5232 et
848 5176 990 5231 bona
1040 5192 1159 5246 spe.
1204 5177 1356 5249 ltogo
1386 5193 1482 5234 vos
1530 5179 1715 5249 igitur,
1753 5190 1812 5234 ut
1868 5181 2004 5235 mihi

422 5271 607 5340 potius
647 5268 1125 5340 congratulcmini,
1177 5284 1356 5338 neque
1399 5281 1507 5325 tam
1553 5272 1774 5341 abiecto
1821 5274 2006 5328 animo

421 5363 822 5430 lamentemini,
863 5371 916 5416 et
963 5363 1096 5417 mihi
1132 5365 1509 5418 transmutetis
1536 5365 1736 5418 festum
1787 5367 1843 5420 in
1901 5367 2004 5421 tri-

423 5455 653 5511 stitiam.
704 5457 876 5510 Porro
927 5465 1110 5509 autem
1151 5455 1307 5510 vobis
1352 5472 1569 5526 quoque
1611 5459 2002 5534 consuluerim,

424 5557 484 5603 ut
509 5564 608 5604 vos
657 5547 903 5616 undique
955 5547 1234 5612 muniatis,
1284 5559 1339 5603 et
1386 5563 1637 5619 magnam
1697 5551 2006 5608 adhibeatis

419 5641 758 5707 cautionem,
805 5655 898 5705 ne,
940 5641 1093 5695 vobis
1157 5656 1268 5695 non
1319 5642 1753 5708 advertentibus,
1794 5642 2006 5698 auferat

420 5736 546 5788 lidci
583 5735 923 5799 thesaurum,
956 5735 1046 5803 qui
1096 5745 1179 5789 est
1227 5737 1456 5792 callidus
1503 5738 1814 5793 sulfurandi
1870 5739 2006 5794 arti-

418 5833 529 5891 lex,
567 5837 621 5880 et
651 5830 950 5883 maximum
984 5832 1136 5887 vobis
1173 5833 1277 5887 hoc
1315 5834 1578 5889 damnum
1605 5836 1818 5903 all‘erat,
1856 5833 2002 5906 quod

421 5921 682 5988 pertingit
717 5935 886 5988 usque
930 5925 992 5977 ad
1029 5926 1201 5993 ipsam
1231 5927 1493 5981 animam.
1535 5925 1652 5981 ,1.ιιιι
1693 5947 1817 5985 vero
1850 5944 2000 6000 qum-

2112 4747 2208 4799 καὶ
2235 4743 2420 4808 αὐτὸς,
2447 4736 2492 4810 ᾧ
2526 4744 2620 4794 καὶ
2652 4741 2752 4803 τὰς
2785 4738 3096 4808 θυγατέρας
3117 4735 3502 4806 νυμφευθῆναι
3529 4748 3685 4785 σπουο

2109 4838 2278 4904 δάζω,
2301 4838 2433 4906 ὑγιῆ
2465 4838 2560 4889 καὶ
2591 4833 2774 4890 αὐτῶν
2804 4835 2886 4895 είς
2916 4832 3081 4902 δεῦρο
3108 4832 3208 4900 τὴν
3263 4828 3562 4899 παρθενίαν
3591 4840 3688 4894 cpu-

2111 4929 2340 4994 λάξασα.
2373 4928 2654 4982 Ἐντεῦθεν
2684 4924 2880 4998 ἡδονῆς
2914 4923 3026 4993 ἐγὼ
3060 4926 3152 4976 καί
3179 4921 3436 4992 χρηστῶν
3468 4918 3688 4972 ἐλπίδων

2109 5024 2208 5093 τὴν
2243 5023 2422 5092 ψυχὴν
2480 5019 2734 5090 ἔμπλεώς
2764 5021 2902 5086 εἰμι,
2952 5019 3049 5071 καί
3086 5033 3178 5086 μοι
3245 5012 3567 5082 συνήδεσθαι
3599 5005 3683 5060 καὶ

2111 5119 2256 5190 ὑμᾶς
2291 5117 2450 5183 ἀξιῶ,
2482 5115 2619 5186 μηδὲ
2668 5111 2918 5181 ἀγεννῶς
2981 5109 3125 5164 οὕτω
3180 5107 3538 5180 θρηνεῖν,καὶ
3592 5099 3684 5168 τὴν

2110 5207 2305 5280 ἑορτὴν
2334 5207 2460 5277 ἐμοὶ
2499 5206 2634 5276 πρὸς
2679 5205 2985 5275 κατήφειαν
3041 5199 3425 5272 μεταϐάλλειν.
3456 5190 3684 5264 Συμόου-

2109 5300 2367 5371 λεύσαιμι
2395 5299 2441 5353 δ’
2472 5299 2539 5353 ἂν
2588 5297 2687 5352 καλ⁵
2723 5300 2853 5368 ὑμῖν
2900 5294 3102 5365 πολλὴν
3130 5290 3471 5362 πανταχόθεν
3495 5282 3684 5336 ἐπιδείο

2109 5393 2342 5448 κνυσθαι
2370 5393 2468 5465 τὴν
2501 5392 2823 5463 ἀσφάλειαν,
2853 5392 2928 5462 μή
2958 5407 3061 5442 που
3095 5389 3235 5456 λάθῃ
3259 5384 3353 5438 καί
3377 5397 3518 5443 τινος
3539 5377 3685 5449 ὑμῶν

2109 5489 2200 5542 τὴν
2232 5487 2335 5558 τῆς
2368 5488 2608 5549 πίστεως
2652 5485 2930 5556 θησαυρὸν
2966 5483 2993 5534 ὁ
3022 5478 3198 5541 δεινὸς
3251 5474 3571 5544 suosua“,
3598 5470 3684 5522 καὶ

2109 5580 2207 5651 τὴν
2243 5582 2511 5650 μεγίστην
2538 5579 2746 5646 ταύτην
2774 5575 2982 5646 ζημίαν
3028 5572 3125 5627 καὶ
3150 5574 3230 5635 εἰς
3259 5569 3430 5639 αὐτὴν
3455 5567 3685 5634 ῆκουσαν

2109 5679 2212 5744 τὴν
2238 5673 2415 5744 ψυχὴν
2443 5667 2757 5743 ζημιῶσαι.
2811 5668 2923 5722 Καὶ
2975 5669 3098 5720 ὅσαι
3127 5667 3186 5717 δὲ
3219 5665 3326 5717 τῶν
3375 5656 3681 5727 Ἐλληνίδων

2110 5767 2390 5836 γυναικῶν
2424 5763 2660 5817 ἐνταῦθα
2705 5762 2807 5816 καὶ
2850 5759 3150 5830 Ἑϐραΐδων
3203 5755 3417 5828 (πολλαὶ
3460 5753 3585 5819 γὰρ,
3611 5745 3682 5807 ὡς

2110 5859 2246 5929 ὁρῶ,
2284 5858 2374 5911 ἐπὶ
2410 5861 2478 5929 τῇ
2526 5857 2628 5926 θέα
2660 5855 2902 5922 πάρεστε
2955 5852 3155 5926 ταύτῃ)
3206 5848 3538 5918 ἀποθέμεναι
3593 5842 3679 5890 και

2114 5954 2360 6017 agema:
2398 5953 2498 6017 μὲν
2528 5953 2656 6014 τοὺς
2685 5949 2930 6018 μακροὺς
2965 5946 3168 6018 μύθους
3205 5947 3294 5997 καὶ
3351 5944 3562 6013 λήρους,
3590 5935 3679 5986 καὶ
