4132 6436
503 319 640 387 1265
1646 327 2084 386 ΜΑΗΊῪΗΠΜ

2188 329 2214 386 i.
2254 325 2605 386 AHE'I‘H.‘B.
3609 314 3741 378 1266

496 431 622 494 τοὺς
666 429 903 500 ὀνόματα
957 433 1116 503 μόνον
1175 436 1336 496 δντας
1371 437 1526 499 θεούς
1554 454 1566 466 ·
1597 440 1652 489 αί
1678 440 1734 490 δὲ
1761 440 1861 509 τὴν
1893 438 2072 502 σκιὰν,

2188 456 2396 506 cunque
2447 440 2537 494 hic
2590 436 2722 491 estis
2765 435 3021 490 mulieres
3079 435 3332 504 gentiles,
3384 440 3444 487 et
3511 429 3797 486 Hebraea:-

495 523 592 593 ὀψὲ
619 522 752 591 γοῦν
779 537 909 577 ποτε
939 526 1033 578 καὶ
1061 527 1269 591 τύπους
1302 531 1396 580 καὶ
1426 528 1496 580 τά
1544 529 1851 600 αἰνίγματα
1905 547 2075 596 μετα-

2188 533 2383 601 i_mu1tae
2407 532 2576 592 enim,
2609 537 2668 582 ut
2690 527 2870 590 video,
2903 527 2992 581 hic
3017 524 3222 580 adestis
3243 523 3310 579 ad
3330 519 3749 594 spectaculum),

499 614 702 721 μάθετε
727 615 826 687 τὴν
863 617 1127 686 ἀλήθειαν
1169 621 1264 672 καὶ
1291 619 1367 690 τῷ
1394 621 1552 685 Λέγω
1585 625 1681 674 καὶ
1716 622 1836 692 θεῷ
1860 623 1938 692 τῷ
1980 625 2076 692 τῆς

2188 637 2272 677 ιοε
2334 636 2550 690 quoque
2626 619 2911 690 depositis,
2975 617 3206 690 gentiles
3258 615 3503 686 quidem,
3579 611 3803 679 longis'

501 705 732 807 Τριάδος
772 706 855 760 ἑνὶ
885 709 1306 778 προσελθοῦσαι,
1341 711 1650 782 φωτίσθητε
1698 713 1787 766 διὰ
1840 713 1940 782 τῆς
1974 714 2075 766 αύ-

2188 713 2377 768 i‘abulis
2427 722 2482 767 et
2517 713 2694 782 nugis,
2738 722 2794 766 et
2842 709 2971 773 diis,
3022 709 3115 779 qui
3151 717 3280 763 sunt
3327 706 3442 760 solo
3479 705 3699 758 nomine
3735 718 3752 757 :

495 796 589 849 τοῦ
627 796 884 868 λατρείας
915 800 1008 853 καὶ
1047 801 1145 869 τῆς
1178 801 1272 854 τοῦ
1327 802 1471 855 θείου
1529 804 1901 874 Ξαπτίσματος
1949 807 2078 858 ἁνα-

2188 807 2420 860 ilebraeae
2459 814 2662 867 autem,
2698 804 2895 857 umbra
2942 801 3160 856 tandem
3210 809 3268 854 et
3311 799 3495 869 ﬁguris
3535 805 3585 850 et
3622 796 3753 848 aeni-

491 890 824 1030 γεᾌήσῐως,
847 893 942 945 καὶ
974 891 1050 964 μὴ
1098 891 1240 946 οὕτω
1268 897 1386 958 ταῖς
1421 895 1702 959 ἀσεϐείαις
1759 897 1912 968 ὑμῶν
1955 915 2077 950 συν-

491 990 572 1026 απ
636 995 704 1030 na
744 995 789 1030 ε.

491 990 789 1046 αποΑησυε.

2183 899 2474 969 grnatibus,
2511 897 2714 952 discite
2737 896 3048 957 veritatem,
3082 892 3476 948 etaccedentes
3520 888 3585 940 ad
3620 885 3755 938 Ver--

2181 989 2310 1043 bum
2338 997 2393 1044 et
2427 991 2622 1054 Deum,
2655 988 2747 1058 qui
2795 995 2880 1042 est
2935 1001 3078 1040 unus
3131 981 3436 1040 Trinitatis.
3488 995 3586 1047 per
3629 978 3752 1044 eius
3821 1023 3825 1026 λ

492 1066 698 1216 ευιιέιιη
746 1069 1141 1128 illuminemini
1180 1081 1236 1129 et
1265 1074 1434 1130 divini
1477 1075 1822 1146 baptismatis
1863 1077 2356 1148 regenerationem,
2390 1093 2569 1148 neque
2611 1077 2690 1133 sic
2727 1077 2905 1132 simuL
2954 1073 3190 1146 pereatis
3238 1073 3290 1127 in
3327 1069 3521 1126 vestris
3568 1065 3754 1136 impie-

494 1162 590 1216 tati
638 1179 721 1216 us.

518 1177 721 1218 anuus.

563 1254 680 1362 "5"...
707 1257 895 1362 'i'aﬁta
940 1261 1042 1330 τῆς
1097 1262 1380 1334 μάρτυρος
1431 1266 1528 1320 καὶ
1589 1266 1726 1322 ἄλλα
1757 1269 2077 1333 πλείωταίς

2249 1263 2364 1320 XV.
2407 1264 2550 1320 Cum
2599 1275 2805 1336 martyr
2848 1265 2963 1318 haec
2993 1273 3049 1318 et
3079 1262 3180 1316 alia
3215 1261 3364 1329 plura
3399 1259 3606 1314 diceret
3634 1271 3755 1309 mu-

494 1345 879 1412 συνελθούσαις
911 1353 1126 1418 γυναιξὶ
1180 1353 1588 1423 διαλεγομένης,
1648 1357 1792 1421 τινὲς
1845 1357 1957 1412 τῶν
2009 1358 2078 1412 τὰ

2188 1357 2424 1418 iieribus,
2470 1355 2692 1424 quidam
2725 1369 2791 1408 ex
2831 1354 2918 1416 iis,
2948 1353 3038 1422 qui
3082 1367 3206 1407 cum
3251 1364 3378 1415 rege
3417 1347 3754 1406 sentiebant.

494 1435 761 1508 βασιλέως
797 1443 1138 1511 φρονούντων
1167 1445 1362 1516 ἐκείνῳ
1394 1449 1911 1515 προσαγγειλάντων
1935 1450 2078 1503 αὐτὰ

2188 1447 2254 1504 illi
2291 1447 2407 1500 haec
2437 1444 2838 1508 renuntiarunt,
2873 1452 2929 1498 et
2954 1442 3098 1512 quod
3128 1446 3471 1510 perverteret
3507 1435 3758 1490 multitu-

493 1531 586 1584 καὶ
618 1532 698 1584 ὅτι
733 1531 1044 1604 διαστρέφοι
1089 1537 1404 1607 τδπλῆθος.
1453 1537 1513 1592 '0
1545 1538 1799 1609 βασιλεὺς
1839 1541 1934 1594 καὶ
1979 1537 2080 1594 αὗ-

2188 1539 2387 1594 dinem.
2437 1534 2550 1591 Rex
2587 1536 2788 1605 itaque,
2825 1550 2886 1589 ea
2931 1549 3121 1588 rursus
3162 1531 3446 1592 accersita,
3491 1526 3758 1582 simulans

493 1620 581 1726 θις
612 1620 954 1726 μετῆάκλητον
997 1625 1170 1695 αὐτὴν
1227 1628 1600 1696 ποιησάμενος
1643 1631 1736 1684 καὶ
1766 1631 1855 1684 τὸν
1904 1634 2078 1701 πρᾶον

2188 1629 2662 1686 mansuetudinem
2708 1644 2723 1682 :
2759 1626 2981 1698 Magna,
3017 1625 3212 1695 inquit,
3266 1637 3400 1678 usus
3443 1635 3562 1676 sum
3601 1621 3655 1672 in
3701 1627 3756 1673 te

493 1710 836 1780 ὑποκριθεὶς,
873 1713 1072 1784 Πολλῇ,
1115 1716 1298 1786 φησὶν,
1355 1720 1679 1789 ἐχρησάμην
1739 1719 1832 1772 ἐπί
1883 1737 1966 1773 σοι
2009 1723 2076 1792 τῇ

2188 1723 2459 1794 patientia,
2491 1722 2596 1777 hoc
2622 1722 2876 1776 consulto
2899 1729 2954 1775 et
2986 1734 3099 1773 non
3121 1715 3527 1773 inconsiderate
3551 1710 3756 1766 faciens

498 1803 876 1874 μακροθυμίᾳ,
927 1807 1154 1878 προνοίᾳ
1207 1809 1369 1863 τοῦτο
1419 1810 1790 1883 φιλανθρώπῳ
1848 1814 1942 1866 καὶ
1975 1812 2076 1866 ούκ

494 1893 705 1961 ἀλόγως
737 1895 927 1960 ποιῶν,
951 1899 1118 1968 ὅπως,
1151 1903 1199 1955 εἰ
1223 1903 1299 1975 μή
1329 1919 1380 1955 τι
1408 1900 1554 1968 ἄλλο,
1581 1902 1717 1956 ἀλλὰ
1741 1906 1854 1966 τοῖς
1883 1903 2078 1974 ὲπὶξσοὶ

497 1983 592 2035 καὶ
617 1987 739 2048 ταῖς
764 1985 1068 2058 θυγατράσι
1101 1993 1528 2062 καταχεομένοις
1555 1993 1818 2064 δάκρυσιν
1848 1994 2076 2048 ὲπικλα·

499 2075 708 2140 σθεῖσα,
737 2079 1017 2150 πεισθείης
1041 2083 1195 2150 ἡμῖν.
1233 2084 1298 2136 Ἦ
1319 2083 1536 2154 δέοΚαὶ
1567 2083 1652 2148 τίς
1684 2101 1775 2154 με,
1809 2084 1936 2154 ἔφη,
1964 2103 2080 2138 πει-

499 2164 720 2218 σθείσάν
754 2184 857 2235 σοι,
890 2169 1132 2239 βασιλεῦ,
1164 2173 1258 2227 τοῦ
1291 2174 1464 2245 πυρὸς
1499 2173 1726 2245 ῥύσεται
1780 2175 1879 2228 τοῦ
1913 2177 2078 2230 ἀσϐέ-

503 2272 633 2309 στου
663 2273 682 2320 ;
715 2257 904 2323 Οὕτως
937 2260 1106 2328 ἔλεξε,
1139 2265 1231 2316 καὶ
1249 2267 1326 2328 είς
1355 2265 1581 2335 οὐρανὸν
1599 2265 1759 2329 εὐθὺς
1789 2266 2077 2333 ἀπιδοῦσα,

496 2347 590 2416 Μὴ
621 2349 834 2414 γένοιτό
869 2369 980 2421 μοι,
1016 2355 1204 2425 φησὶν,
1232 2419 1236 2424 _
1261 2355 1498 2410 ἀθάνατε
1545 2357 1792 2427 βασιλεῦ,
1829 2358 2081 2428 ἀπαρνή-

499 2440 699 2494 σασθαί
747 2459 806 2496 σε
841 2444 934 2498 τὸν
969 2446 1062 2499 τοῦ
1108 2447 1242 2502 Θεοῦ
1290 2450 1555 2519 μονογενῆ
1593 2451 1743 2515 Υίδν,
1799 2452 1892 2503 καὶ
1921 2451 2080 2521 ἀνδρὶ

499 2533 813 2602 πεισθῆναι,
869 2535 946 2606 τῷ
999 2537 1059 2590 σέ
1105 2555 1165 2591 τε
1229 2539 1578 2609 ἀθετήσαντι,
1618 2542 1713 2594 καὶ
1767 2542 2078 2613 ὲπιορκίαις

495 2625 645 2724 ἡμᾶς
668 2627 1036 2724 ἀπατήσαντι.
1067 2631 1178 2699 Τὴν
1207 2634 1522 2704 παρρησίαν
1549 2635 1731 2687 τοίνυν
1757 2637 1785 2689 ὁ
1825 2635 2079 2706 Ἐϐραῖος

496 2717 595 2781 τῆς
617 2717 876 2781 γενναίας
909 2719 1009 2770 οὐκ
1043 2720 1306 2789 ἐνεγκὼν,
1333 2721 1470 2774 ἀλλὰ
1499 2724 1601 2791 τὴν
1633 2725 1838 2794 σκηνὴν
1872 2725 1968 2778 καὶ
2017 2728 2078 2779 τί)

499 2803 723 2873 πλάσμα
756 2805 946 2874 λύσας,
995 2811 1088 2862 καὶ
1116 2810 1308 2880 ἄγριόν
1337 2829 1387 2865 τι
1439 2811 1642 2884 βλέψας
1685 2814 1779 2867 καὶ
1809 2815 2030 2882 φονικὸν
2062 2857 2077 2881 ,

497 2892 893 2968 Τολμηροτάτη
939 2895 1238 2967 γῦναικὼν,
1267 2903 1392 2972 ἔφη,
1444 2903 1552 2972 ἐγὼ
1589 2922 1684 2958 σου
1716 2906 1813 2967 τὰς
1869 2906 2078 2976 σάρκας

497 2987 624 3056 ἄρτι
651 2989 962 3057 καταξανῶ,
1005 2994 1098 3046 καὶ
1147 2994 1546 3066 διαψηλαφὴσω
1599 2996 1666 3051 τὰ
1717 2998 1946 3066 ἔγκατα,
1982 3000 2078 3051 καὶ

2182 1824 2402 1884 propter
2426 1813 2840 1884 benignitatem,
2870 1820 2928 1866 ut
2959 1810 3132 1865 fracta
3169 1805 3444 1878 lacrymis,
3475 1819 3596 1871 quae
3629 1815 3759 1871 pro-

2181 1915 2300 1974 pter
2337 1915 2388 1960 te
2428 1903 2754 1967 funduntur,
2788 1911 2842 1957 et
2870 1910 3092 1972 propter
3138 1898 3296 1961 ﬁlias,
3343 1894 3500 1949 nobis
3537 1906 3757 1962 pareas.

2181 1997 2274 2051 llla
2314 2005 2494 2050 autem
2529 2013 2544 2050 :
2577 1995 2711 2061 Quis
2761 2008 2870 2059 me,
2921 1993 3117 2062 inquit,
3144 2005 3177 2044 ο
3205 2003 3317 2048 rex,
3350 1987 3394 2042 si
3431 1986 3528 2040 tibi
3564 1997 3752 2053 parue-

2181 2086 2304 2149 rim,
2343 2086 2588 2141 liberarit
2627 2085 2694 2138 ab
2735 2085 2882 2154 igne,
2929 2083 3022 2152 qui
3069 2096 3180 2135 non
3218 2085 3399 2148 potest
3439 2071 3712 2143 exstingui
3737 2073 3762 2124 2

2182 2175 2271 2230 Sic
2303 2175 2458 2238 dixit,
2489 2185 2540 2228 et
2570 2175 2766 2228 cmlum
2801 2173 2984 2227 statim
3013 2172 3232 2226 intuens
3274 2187 3287 2222 :
3349 2165 3523 2229 Absit,
3563 2163 3760 2232 inquit,

2183 2283 2215 2322 ο
2244 2267 2354 2321 Rex
2381 2267 2721 2330 immortalis,
2754 2272 2814 2319 ut
2850 2275 2902 2319 te
2943 2279 3161 2333 negem,
3206 2261 3299 2330 qui
3349 2273 3408 2314 es
3456 2258 3604 2312 solus
3639 2255 3762 2308 uni-

2184 2358 2396 2430 genitus
2435 2358 2530 2412 Dei
2567 2358 2757 2417 Filius,
2807 2365 2861 2411 et
2905 2355 3122 2410 credam
3172 2353 3311 2414 viro,
3352 2349 3446 2419 qui
3482 2357 3533 2403 te
3570 2345 3785 2402 habuit.

2184 2448 2541 2516 contemptui,
2587 2458 2643 2502 et
2685 2464 2785 2502 nos
2829 2446 3046 2515 decepit
3093 2443 3363 2514 per-jurio.
3403 2439 3522 2494 Non
3575 2439 3760 2493 ferens

2183 2541 2365 2612 itaque
2407 2541 2667 2597 Hebraeus
2710 2541 3020 2596 libertatem
3056 2535 3314 2607 loquendi
3349 2546 3640 2604 generosae
3674 2529 3756 2584 fe~

2183 2635 2367 2697 minae,
2398 2635 2494 2690 sed
2521 2634 2766 2702 deposita
2798 2649 2986 2695 scena,
3017 2639 3072 2685 et
3102 2630 3278 2684 ablata
3307 2628 3545 2687 ﬁctione,
3573 2631 3759 2677 torve-

2183 2741 2289 2796 que
2323 2741 2442 2779 eam
2477 2734 2530 2778 et
2567 2724 2766 2779 furiose
2813 2724 3034 2778 intuens
3073 2740 3086 2775 :
3125 2718 3520 2781 Audacissima,
3565 2712 3761 2782 inquit,

2182 2818 2400 2880 mulier,
2446 2832 2547 2887 ego
2595 2817 2690 2871 tibi
2723 2818 2833 2886 jam
2873 2830 3066 2869 carnes
3108 2813 3412 2880 discerpam
3454 2823 3518 2862 ac
3549 2807 3768 2860 dilace-

2183 2906 2340 2967 rabo,
2393 2915 2447 2959 et
2494 2905 2751 2959 intestina
2800 2902 3155 2958 contreetabo
3193 2919 3206 2954 :
3241 2908 3296 2953 et
3340 2898 3386 2952 si
3429 2895 3559 2965 quid
3599 2891 3766 2947 exiis

2187 2999 2350 3052 fuerit
2389 2997 2680 3066 reliquum,
2715 2996 2764 3049 id
2793 3009 3064 3064 apponam
3107 2990 3476 3047 devorandum
3513 2985 3764 3041 canibus.

499 3077 554 3130 εί
574 3097 625 3132 τι
655 3081 712 3134 δὲ
762 3084 968 3137 τούτων
1008 3062 1326 3157 ὑπολειφθῇ,
1354 3062 1480 3142 κυσὶ
1515 3062 1817 3160 παραθήσω
1847 3091 2076 3159 τροφήν.

2189 3090 2394 3145 Videbo
2421 3099 2632 3153 autem,
2655 3090 2909 3158 quisnam
2947 3095 3001 3140 te
3033 3085 3106 3139 sit
3139 3099 3168 3138 e
3193 3083 3328 3137 meis
3361 3079 3611 3134 manibus
3641 3090 3763 3129 ere-

502 3172 612 3225 Καὶ
640 3173 735 3226 ῐδω
765 3175 849 3238 τίς
879 3179 908 3230 δ
960 3179 1069 3231 τῶν
1115 3180 1262 3252 ἐμῶν
1319 3179 1708 3252 ἐξαιρούμενός
1745 3199 1806 3235 σε
1858 3181 2078 3254 χειρῶν,

503 3261 610 3316 κᾶν
657 3267 706 3318 εί
757 3267 828 3321 τὰ
876 3269 1110 3338 μάλιστα
1148 3272 1437 3342 σύμμαχον
1489 3275 1839 3344 παρα-στῆναί
1876 3291 1957 3326 σοι
1989 3275 2082 3326 τὶν

499 3353 822 3427 Ναζωραῖον
849 3358 1064 3430 ἄμαχον
1090 3363 1416 3435 προσδοκᾷς.
1455 3363 1718 3417 Ἐνταῦοα
1737 3363 1813 3434 μὴ
1847 3365 2082 3433 ἀνασχο-

503 3445 642 3515 μένη
672 3447 780 3500 τῶν
809 3450 902 3503 τοῦ
939 3455 1140 3522 μιαροῦ
1172 3455 1348 3522 λόγων
1379 3459 1413 3526 ἡ
1447 3457 1641 3525 πρώτη
1687 3456 1798 3509 τῶν
1847 3457 2083 3524 θυγατέ-

501 3555 613 3607 ρων
641 3539 745 3609 τῆς
775 3543 1076 3612 μάρτυρος,
1104 3547 1410 3601 δωδέκατον
1443 3549 1544 3619 ἤδη
1594 3565 1700 3600 που
1730 3548 1832 3618 τῆς
1863 3549 2084 3619 ἡλικίας

2185 3189 2402 3251 pturus,
2441 3179 2660 3234 etiamsi
2701 3179 2938 3232 maxime
2977 3184 3264 3244 exspectas
3294 3171 3410 3226 fore
3443 3177 3502 3224 ut
3543 3174 3634 3222 det
3669 3164 3769 3220 tibi

2186 3274 2446 3330 auxilium
2463 3271 2815 3326 Nazaraanus.
2844 3268 2998 3322 Tune
3021 3264 3337 3322 exsecrandi
3373 3261 3580 3334 tyranni
3605 3258 3770 3337 verba

2187 3381 2298 3421 non
2353 3365 2533 3419 ferens
2576 3362 2750 3431 prima
2807 3358 3040 3412 ﬁliarum
3091 3355 3366 3425 martyris,
3409 3367 3612 3406 annum
3655 3349 3770 3418 jam

2187 3472 2352 3529 agens
2381 3453 2788 3516 duodecimum,
2816 3449 3028 3520 tyranni
3057 3447 3248 3502 oculos
3270 3443 3638 3512 computavit.
3665 3440 3768 3506 Qui

2186 3560 2369 3604 autem
2421 3540 2928 3605 circumsistebant,
2981 3555 3088 3595 non
3133 3539 3332 3601 zelum,
3383 3543 3441 3590 et
3501 3533 3578 3596 id,
3623 3530 3773 3601 quod

501 3625 711 3696 ἄγουσα
744 3631 958 3699 χρόνον,
1009 3633 1186 3687 σιέλου
1218 3634 1278 3688 τὺ
1324 3635 1500 3706 στόμα
1534 3637 1812 3706 πλήσασα,
1852 3637 2082 3704 κατέχεε

2188 3639 2305 3710 iure
2355 3636 2534 3691 fuerat
2592 3635 2820 3698 factum,
2871 3632 3180 3695 laudantes,
3230 3628 3324 3684 sed
3369 3625 3602 3696 tempori
3647 3638 3770 3677 ser-

499 3719 597 3787 τῆς
620 3719 795 3789 ὄψεως
817 3723 913 3775 τοῦ
939 3727 1230 3795 τυράννου.
1257 3729 1320 3780 Οί
1349 3728 1406 3780 δὲ
1433 3728 1875 3798 περιεστηκότες,
1903 3730 1960 3781 οὐ
1990 3728 2082 3781 τὸν

502 3810 666 3878 ζῆλον
697 3814 790 3867 καὶ
822 3815 881 3866 τὸ
912 3816 1138 3881 δικαίως
1165 3819 1458 3889 γενόμενον
1510 3820 1920 3881 ἐπαινέσαντες.
1949 3819 2084 3873 ἀλλὰ

504 3905 593 3957 τὸν
624 3907 817 3977 καιρὸν
847 3908 1266 3978 θεραπεύοντες,
1295 3913 1466 3983 αὐτήν
1497 3929 1555 3965 τε
1584 3913 1679 3964 καὶ
1713 3910 1812 3982 τὴν
1850 3910 2085 3981 ἀδελφὴν

504 3997 702 4049 αὐτίκα
735 3999 878 4069 ξίφει
907 4002 1351 4075 διαχειρίζονται,
1390 4006 1485 4058 καὶ
1511 4007 1636 4068 ταῖς
1668 4006 1860 4076 χερσὶν
1901 4007 1965 4058 ὲκ
1990 4003 2083 4057 τοῦ

505 4090 906 4162 καταρρέοντος
965 4096 1196 4166 αἵματος
1249 4099 1300 4150 oi
1369 4098 1656 4168 θηριώδεις
1720 4097 2087 4158 ὑπολαϐόντες

503 4184 876 4253 προσφέρουσι
929 4191 992 4256 τῇ
1053 4191 1221 4261 μητρί
1262 4190 1452 4244 ’τοῦτο
1511 4191 1820 4262 προσταγὲν
1883 4194 1948 4244 ὲκ
1993 4188 2086 4244 τοῦ

506 4269 796 4340 βασιλέως.
845 4276 909 4329 Ἦ
932 4277 990 4331 δὲ
1038 4277 1104 4345 (ὣ
1129 4280 1304 4351 ψυχῆς
1334 4281 1634 4351 γενναίας)ί
1664 4282 1837 4351 ἡδέως
1865 4298 1925 4335 τε
1951 4282 2088 4332 ἁπο-

2187 3730 2421 3792 vientes,
2467 3727 2639 3796 ipsam
2681 3735 2737 3779 et
2785 3739 3033 3780 sororem
3081 3736 3214 3776 ense
3250 3734 3374 3774 mox
3417 3716 3717 3773 conﬁciunt
3755 3733 3770 3768 :

2187 3829 2244 3875 et
2279 3833 2404 3873 cum
2432 3833 2496 3871 ex
2531 3814 2804 3870 defluente
2847 3811 3115 3884 sanguine
3164 3809 3420 3864 manibus
3466 3805 3623 3875 plane
3669 3801 3772 3856 feri

2189 3911 2442 3968 homines
2467 3907 2829 3976 accepissent,
2859 3919 2984 3960 eum
3015 3902 3175 3958 matri
3204 3902 3461 3957 offerunt.
3484 3897 3596 3951 Rex
3621 3895 3770 3948 enim

2189 4005 2264 4057 ita
2293 4002 2555 4069 iusserat.
2600 3998 2690 4052 Illa
2722 4013 2852 4052 vero
2881 3995 2932 4065 (ο
2968 3996 3164 4051 fortem
3193 4003 3247 4049 et
3284 4001 3612 4064 generosum
3648 3986 3771 4040 ani-

2191 4110 2338 4149 mum
2366 4095 2421 4162 ι)
2454 4101 2510 4147 et.
2555 4091 2788 4146 libenter
2807 4105 2930 4143 eum
2973 4095 3175 4159 gustat,
3215 4094 3290 4151 et,
3315 4098 3438 4139 cum
3469 4082 3534 4136 ad
3573 4079 3772 4134 cadum

2190 4185 2503 4239 sustulisset
2531 4183 2721 4237 oculos
2761 4198 2778 4237 :
2821 4179 2966 4242 Tibi,
3010 4178 3208 4247 inquit,
3258 4173 3486 4229 Domine
3530 4170 3768 4232 Christe,

2195 4279 2299 4333 hoc
2321 4293 2501 4332 meum
2524 4275 2696 4330 oil'ero
2731 4273 3084 4336 sacriﬁcium,
3116 4279 3171 4325 et
3195 4269 3291 4324 tibi
3327 4277 3593 4338 martyres
3617 4263 3776 4318 exhi-

505 4365 752 4432 γεύεται,
789 4373 883 4421 καὶ
931 4371 1066 4442 πρὸς
1104 4374 1333 4444 οὐρανὸν
1369 4373 1680 4444 άνασχοῦσα
1728 4374 1855 4438 τοὺς
1885 4373 2084 4440 ὀφθαλ-

2195 4373 2298 4427 bco
2319 4380 2496 4426 castas
2521 4358 2781 4438 virgines,
2803 4381 2925 4436 quae
2941 4377 3174 4434 egressa:
3195 4370 3318 4416 sunt
3343 4375 3410 4413 ex
3436 4369 3593 4412 utero
3617 4370 3772 4410 meo:

507 4459 662 4526 μοὺς.
719 4461 809 4514 Σοὶ
839 4462 937 4534 τὴν
972 4465 1112 4534 ἐμὴν
1144 4466 1370 4537 ταύτην,
1406 4467 1532 4538 ἔφη,
1576 4468 1823 4522 Δέσποτα
1852 4465 2082 4536 Χριστὲ,

506 4553 806 4622 προσφέρω
835 4553 1027 4608 θυσίαν
1057 4556 1155 4609 καὶ
1215 4558 1502 4629 μάρτυρας
1534 4557 1792 4627 παριστῶ
1824 4573 1908 4609 σοι
1942 4572 2088 4625 παρ’

507 4641 692 4706 θένους
728 4647 921 4712 ἁγνάς,
949 4647 1049 4709 τὰς
1090 4649 1156 4701 ὲκ
1199 4651 1299 4718 τῆς
1327 4649 1530 4718 ὀσφύος
1561 4650 1627 4720 δὴ
1655 4651 1752 4719 τῆς
1805 4649 1968 4719 ἐμῆς·
1999 4643 2088 4708 αἷς

2197 4479 2322 4518 cum
2353 4461 2552 4530 quibus
2580 4474 2669 4514 me
2705 4472 2924 4528 quoque
2953 4459 3402 4510 connumeratam
3432 4449 3686 4504 introduc
3720 4448 3780 4506 in,

2200 4563 2350 4610 tuum
2379 4550 2700 4609 thalamum,
2731 4555 2809 4607 et,
2842 4556 2902 4600 ut
2923 4545 3054 4600 dicit
3079 4545 3298 4598 divinus
3329 4541 3523 4603 David,
3547 4541 3775 4594 ostende

2196 4652 2428 4697 matrem
2460 4647 2681 4708 preptcr
2715 4637 2854 4690 ﬁlios
2880 4636 3178 4689 iaztanteni.

508 4740 656 4810 κάμὲ
685 4742 1124 4812 συναριθμήσας,
1180 4744 1238 4796 ὲν
1267 4743 1346 4814 τῷ
1376 4745 1630 4815 νυμφῶνι
1661 4744 1740 4816 τῷ
1771 4744 1850 4814 σῷ
1904 4739 2268 4808 συνεισάγαγε
2294 4751 2308 4767 '
2369 4736 2466 4791 καὶ
2526 4735 2588 4787 τὸ
2645 4731 2920 4801 τοῦαθείου
2951 4726 3138 4794 Δαυῒδ,
3195 4725 3407 4798 μητέρα
3455 4722 3650 4788 δεῖξον,
3681 4723 3776 4777 ἐπὶ

509 4837 720 4899 τέκνοις
748 4837 1210 4909 εὐφραινομένην.

583 4933 698 5001 ις’.
728 4936 837 4989 Καὶ
865 4938 893 4989 ὁ
926 4936 1198 5006 βασιλεὺς,
1234 4937 1526 5009 βαρυτάτῳ
1577 4938 1790 5008 κέντρῳ
1817 4937 1917 5007 τῆς
1960 4935 2095 4988 ἀθυ-

518 5028 644 5094 μίας
669 5028 920 5098 πληγεὶς,
942 5031 1038 5084 ἆτε
1056 5031 1236 5094 πάσας
1263 5031 1535 5099 ἀπογνοὺς
1560 5029 1656 5093 τὰς
1684 5029 1906 5091 ἐλπίδας
1933 5030 2096 5094 ,άποο

514 5119 770 5186 φαίνεται
811 5123 930 5175 κατ’
962 5123 1155 5192 αὐτῆς,
1181 5124 1359 5177 τοιάδε
1390 5124 1527 5193 πρὸς
1555 5123 1684 5187 τοὺς
1731 5122 1992 5184 συνόντας
2019 5121 2094 5174 εί-

517 5211 634 5262 πὼν
654 5225 668 5240 ·
714 5207 1142 5281 Ἐθαυμάσαμεν
1165 5213 1262 5266 τοῦ
1297 5214 1523 5276 κάλλους
1581 5215 1750 5284 αύτήν
1775 5229 1834 5266 τε
1870 5213 1966 5266 καὶ
1996 5212 2095 5274 τὰς

516 5299 822 5372 θυγατέρας
851 5305 1022 5374 αὐτῆς
1053 5303 1398 5373 (ὁμολογήσω
1432 5302 1540 5372 γὰρ
1558 5300 1855 5370 τ’ἅληθὲς)⁶
1915 5299 2095 5370 πολλῷ

517 5390 575 5444 δὲ
605 5389 700 5444 τοῦ
732 5393 1010 5462 σώφρονος
1055 5394 1238 5447 αὐτῶν
1267 5393 1429 5446 πλέον
1459 5393 1701 5464 ἥττημαι
1723 5392 1820 5444 καὶ
1844 5391 2095 5460 κοσμίου.

520 5484 630 5537 Καὶ
657 5485 746 5538 διὰ
773 5486 934 5539 τοῦτο
964 5485 1271 5554 θαυμάζειν
1314 5483 1405 5555 μδι
1451 5484 1686 5548 ἔπεισιν,
1717 5485 1800 5547 είς
1831 5485 1956 5536 ὅσον
1985 5483 2094 5552 ἄρα

523 5575 722 5643 μανίας
773 5576 824 5628 oi.
856 5575 1178 5641 Χριστιανοὶ
1231 5575 1644 5644 κεχωρήκασιν,
1693 5572 1768 5635 ὡς
1825 5570 2097 5640 ἀνθρώπῳ

524 5664 814 5735 προσέχειν
843 5661 1105 5732 βιοθανεί,
1132 5663 1226 5718 καὶ
1250 5666 1348 5736 τὴν
1374 5663 1585 5717 οίκείαν
1605 5662 1924 5732 ἐπιτρέπειν
1946 5658 2096 5730 αὐτῷ

526 5755 819 5824 σωτηρίαν,
854 5753 1044 5826 πλάνῳ
1072 5756 1170 5809 καὶ
1212 5755 1368 5825 γόητι
1428 5756 1728 5825 γενομένῳ,
1767 5753 1859 5807 καὶ
1916 5751 2094 5823 μάτην

525 5847 714 5908 ἑαυτὸν
739 5845 1018 5904 ἁνειπὸντι
1051 5848 1204 5908 Θεόν.

2266 4929 2408 4985 XVI.
2459 4928 2571 4983 Rex
2619 4933 2798 4979 autem
2849 4921 3171 4994 gravissimo
3215 4917 3574 4990 aegritudinis.
3606 4915 3779 4971 animi

2195 5024 2419 5081 stimulo
2446 5020 2743 5083 sauciatus,
2785 5027 2844 5072 ut
2869 5019 2960 5084 qui
3000 5030 3218 5069 omnem
3261 5027 3411 5081 spem
3441 5011 3600 5080 plane
3626 5008 3777 5077 obje-

2195 5117 2381 5178 cisset,
2405 5115 2461 5167 in
2484 5127 2603 5167 eam
2634 5111 2737 5165 fert
2763 5108 3116 5172 sententiam,
3143 5120 3266 5159 cum
3290 5104 3412 5158 hmo
3432 5102 3662 5156 dixisset
3685 5099 3774 5161 iis,

2193 5206 2286 5277 qui
2333 5205 2494 5260 simul
2544 5211 2700 5256 erant
2730 5218 2744 5252 :
2775 5201 2905 5269 Ejus
2944 5196 3164 5266 quidem
3205 5204 3261 5249 et
3306 5194 3536 5247 ﬁliarum
3593 5188 3780 5244 mirati

2200 5312 2391 5353 sumus
2419 5293 2879 5365 pulchritudinem
2910 5293 3121 5360 (verum
3146 5287 3314 5340 enim.
3333 5283 3586 5351 fatebor),
3609 5280 3780 5335 multo

2199 5399 2380 5443 autem
2418 5389 2589 5457 magis
2620 5386 2793 5439 victus
2837 5398 2957 5437 sum
3001 5383 3069 5434 ab
3097 5394 3283 5432 carum
3332 5374 3696 5446 temperantia
3722 5380 3782 5428 et

2201 5479 2596 5537 moderatione.
2627 5477 2694 5530 Et
2725 5476 2847 5529 ideo
2876 5473 3010 5528 mihi
3047 5471 3196 5526 venit
3228 5470 3296 5522 in
3315 5476 3553 5522 mentem
3605 5465 3778 5521 adrni-

2200 5572 2329 5633 rari,
2347 5570 2414 5624 ad
2447 5579 2706 5638 quantam
2728 5568 3019 5618 amentiam
3052 5565 3436 5631 processerunt
3454 5555 3778 5620 Christiani,

2201 5673 2256 5716 ut
2303 5661 2485 5714 colant
2532 5657 2832 5719 hominem,
2863 5655 2955 5724 qui
3008 5659 3182 5706 morte
3233 5650 3394 5720 periit
3433 5648 3690 5708 violenta,
3723 5657 3779 5698 et

2205 5768 2356 5808 suam
2383 5750 2431 5805 ei
2465 5748 2786 5819 permittant
2817 5745 3066 5807 salutem,
3091 5739 3182 5811 qui
3210 5739 3311 5806 fuit
3349 5740 3541 5810 planus
3567 5747 3621 5793 et
3645 5752 3783 5806 prae-

2183 5830 2468 5915 ‘stigiator,
2505 5850 2556 5898 et
2589 5855 2646 5896 se
2679 5839 2845 5896 Deum
2885 5848 3086 5894 temere
3109 5832 3419 5904 appellavit.
