4132 6466
376 357 512 422 124³1

1652 360 1704 421 Μ
1718 361 1934 421 ENSIS
1972 359 2316 423 OCTOBER

2756 262 2769 289 Ι

3486 349 3627 418 1368

444 469 606 524 χνιι.
651 470 913 540 Sequenti
959 483 1140 527 autem
1172 473 1261 527 die
1309 489 1433 528 cum
1472 474 1526 528 in
1575 474 1694 528 loco
1733 473 1949 528 excelso

2122 475 2223 530 lZ'.
2254 475 2365 528 Καὶ
2395 476 2461 544 τῇ
2486 474 2615 544 ἑξῆς
2637 471 2731 527 Eni.
2756 470 3035 543 μετεώρου
3068 467 3322 535 καθίσας,
3349 467 3472 530 τοὺς
3494 461 3631 535 περὶ

371 562 730 627 consedisset,
755 563 967 617 vocarit
991 561 1250 617 Aretbam
1285 578 1408 618 cum
1437 565 1617 626 sociis,
1645 578 1765 634 qua:
1787 572 1943 618 erant

370 668 603 707 innuero
630 653 858 708 trecenti
898 664 952 707 et
982 655 1358 726 quadraginta.
1388 656 1491 722 Qui
1532 671 1655 710 cum
1699 654 1942 710 adstitis-

370 754 514 806 sent,
558 760 808 815 magnum
840 747 1058 799 intuens
1087 745 1367 810 Arctbam,
1402 748 1493 816 qui
1543 756 1661 802 erat
1685 746 1941 811 aﬂabilis,

368 845 427 890 et
461 838 791 901 moderatus,
820 847 873 892 et
906 840 1147 893 moribus
1178 839 1467 894 maximam
1499 839 1947 895 ostendebatvir—

369 937 541 981 tutum
587 947 599 983 :
634 927 743 982 Cur
768 938 916 984 tanta
961 945 1039 993 es,
1085 931 1281 1001 inquit,
1315 933 1559 993 audacia,
1593 949 1625 986 ο
1659 940 1823 1002 caput
1854 947 1948 985 ex-

369 1019 717 1085 secrandum,
745 1031 805 1075 ut
838 1022 892 1075 in
935 1032 1175 1076 nostram
1223 1023 1437 1090 quidem
1483 1025 1731 1094 insurgas
1759 1032 1949 1093 poten-

370 1111 525 1175 tiam,
564 1113 663 1166 tuti
715 1124 895 1168 autem
940 1116 1147 1170 civitati
1200 1126 1256 1171 et
1298 1128 1457 1171 ιιιιιιω
1493 1118 1819 1187 persuadeas
1859 1131 1946 1171 re-

371 1202 548 1270 gioni,
598 1213 659 1258 ut
695 1214 748 1259 te
799 1206 973 1260 solum
1021 1208 1201 1261 colant
1244 1218 1502 1277 tanquam
1542 1219 1849 1282 tyrannum,
1895 1216 1949 1263 et

373 1290 553 1347 verbis
597 1295 705 1348 tuis
754 1305 976 1351 utantur
1019 1306 1276 1368 tanquam
1325 1300 1533 1371 legibus
1580 1319 1594 1353 :
1638 1310 1946 1354 nostrarum

376 1398 509 1438 vero
539 1384 718 1455 legum
753 1396 808 1441 et
842 1390 1131 1443 VCI'IlOl'lllll
1162 1392 1365 1444 nullam
1411 1393 1612 1447 ducant
1657 1391 1946 1457 rationem,

374 1483 431 1529 et
460 1479 853 1531 exsecrandum
875 1478 1152 1536 hominem
1189 1481 1356 1536 Deum
1384 1483 1675 1551 appelli-nt,
1701 1483 1788 1551 qui
1823 1498 1948 1536 cum

375 1564 480 1619 sibi
527 1567 789 1622 auxilium
838 1568 985 1625 ferre
1033 1587 1142 1627 non
1191 1572 1451 1642 potuerit,
1483 1589 1580 1629 vos
1624 1590 1751 1628 eum
1795 1575 1951 1629 vobis

376 1654 704 1712 adhibuistis
732 1659 1037 1727 adiutorem
1072 1680 1085 1715 :
1125 1673 1178 1717 et
1204 1677 1305 1717 nec
1336 1673 1488 1717 tuum
1516 1673 1723 1733 patrem
1751 1679 1811 1717 es
1832 1663 1953 1717 imi~

379 1754 546 1811 tatus,
577 1750 668 1819 qui
702 1758 830 1804 ante
859 1760 910 1805 te
938 1753 1226 1823 imperavit
1253 1753 1443 1824 Νάξιαι
1475 1770 1489 1807 :
1522 1755 1588 1807 iis
1616 1761 1816 1818 autem,
1856 1753 1950 1823 qui

379 1853 481 1893 nos
533 1854 954 1910 pra-cesserunt,
1010 1846 1228 1913 regibus
1278 1845 1377 1900 fuit
1435 1845 1954 1901 obedientissimus?

382 1928 490 1983 Sed
532 1931 635 1986 nisi
684 1942 943 1997 mutatus,
974 1946 1029 1989 et
1068 1935 1137 1989 ad
1191 1944 1243 1990 te
1303 1935 1539 2001 rediens,
1574 1935 1715 1990 hanc
1760 1951 1956 1990 vanam

386 2020 655 2090 repuleris
704 2024 1048 2093 opinionem,
1105 2042 1216 2080 non
1274 2041 1327 2082 te
1382 2026 1654 2097 profunda
1704 2035 1960 2082 senectus

386 2118 491 2165 nec
516 2111 802 2169 simulatus
837 2115 929 2171 hic
959 2116 1180 2172 habitus
1202 2117 1512 2186 iuvabunt:
1546 2119 1641 2172 sed
1675 2127 1730 2172 tu
1765 2127 1821 2172 et
1836 2132 1959 2171 om-

388 2217 488 2256 nes
543 2203 620 2256 tui
672 2205 861 2257 eadem
916 2207 1220 2275 patiemini,
1272 2223 1393 2276 quae
1471 2207 1572 2261 viri
1631 2216 1688 2261 et
1741 2209 1961 2262 l’eniinre

387 2292 539 2358 prius
562 2293 833 2347 interfecti
869 2313 882 2349 :
911 2312 1048 2365 quos
1074 2309 1334 2365 quantum
1373 2298 1577 2367 juverit
1599 2297 1773 2352 Mariae
1802 2308 1857 2353 et
1880 2298 1960 2352 fa-

387 2382 471 2436 bri
494 2384 657 2445 lilius.
679 2401 873 2440 onmcs
902 2387 1109 2441 sciunt.
1138 2390 1317 2442 Senex
1347 2397 1552 2452 autem,
1576 2397 1725 2444 stans
1747 2389 1959 2461 cogita-

387 2477 628 2541 bundus,
660 2487 717 2533 et
759 2487 946 2549 aperte
979 2481 1274 2535 ostendens
1303 2495 1361 2536 se
1389 2495 1529 2550 mgre
1566 2480 1708 2535 ferre
1761 2494 1958 2550 super-

390 2570 535 2622 biam
569 2568 859 2623 verborum
896 2570 1058 2641 regis,
1090 2585 1214 2625 cum
1266 2585 1325 2625 se
1348 2571 1698 2627 sustinuisset
1754 2579 1810 2625 et
1845 2570 1961 2626 col-

388 2659 610 2729 legisset
638 2661 915 2728 spiritum,
950 2670 1005 2715 et
1037 2675 1100 2715 ex
1153 2663 1263 2717 imo
1315 2665 1648 2731 suspirasset
1684 2681 1697 2717 :
1728 2662 1846 2716 Non
1878 2677 1961 2727 es,

390 2752 587 2821 inquit,
616 2766 650 2805 ο
678 2768 792 2818 rex,
827 2768 988 2808 causa
1015 2769 1229 2818 eorum,
1259 2769 1379 2823 quae
1405 2754 1661 2810 dicuntur
1688 2764 1781 2809 aut
1803 2754 1959 2820 ﬁunt,

394 2844 490 2898 sed
518 2844 695 2899 nostri
727 2844 895 2908 cives,
929 2845 1020 2910 qui
1046 2860 1222 2899 meam
1256 2855 1704 2916 contempserunt
1742 2856 1965 2901 sentcn-

394 2933 546 2998 tiam,
577 2949 700 3004 qua:
749 2935 848 2989 tibi
904 2951 1013 2990 non
1045 2935 1371 3006 pcrtimebat
1421 2937 1632 3007 ingredi
1663 2936 1960 3001 civitatem,

394 3034 583 3081 contra
611 3037 792 3082 autem
852 3028 1117 3083 adversus
1145 3038 1198 3083 te
1233 3028 1545 3099 depugnare
1600 3030 1878 3093 incitabat,
1909 3038 1966 3084 et

2061 568 2290 639 ’Ᾱρέθαν
2323 566 2532 629 ἐκάλει,
2566 563 2918 635 τριακοσίους
2951 564 3043 618 καὶ
3088 560 3501 631 τεσσαράκοντα
3529 556 3631 611 τὸν

2050 659 2282 729 ἀριθμὸν
2310 658 2491 723 ὄντας.
2524 658 2632 711 Καὶ
2680 656 3099 726 παραστάντων,
3132 652 3211 724 τῷ
3272 650 3495 720 μεγάλῳ
3537 650 3632 702 ἐν·

2055 752 2180 807 ιδὼν
2222 752 2447 823 Ἀρέθᾳ,
2480 751 2753 821 εὖσυνέτῳ
2770 767 2829 804 τε
2861 749 2976 803 ὄντι
3006 746 3104 819 τὴν
3131 744 3374 810 ἔντευξιν
3409 744 3502 798 καὶ
3533 761 3633 796 κο-

2053 844 2198 916 σμίῳ
2238 845 2333 897 καὶ
2370 843 2574 915 πολλὴν
2620 844 2754 914 ὅσην
2804 841 3006 913 ἀρετὴν
3044 841 3123 910 τῷ
3189 838 3312 911 ἤθει
3363 835 3634 906 παραδει-

2052 938 2258 1002 κνύντι,
2291 937 2385 1000 Είς
2407 936 2461 989 τί
2500 934 2777 998 τοσοῦτον,
2810 928 2985 997 εἶπεν,
3019 928 3406 1001 ἀπεθρασύνω,
3436 923 3640 996 ,μιαρὲ

2054 1028 2287 1100 κεφαλὴ,
2323 1029 2465 1083 ὥστε
2510 1027 2604 1081 τοῦ
2636 1027 2872 1098 κράτους
2914 1025 3013 1095 μὲν
3045 1024 3144 1076 τοῦ
3180 1019 3452 1092 ἡμετέρου
3498 1033 3638 1070 κατ-

2054 1121 2392 1193 επαρθῆναι,
2422 1118 2581 1173 πόλιν
2616 1118 2672 1172 δὲ
2705 1117 2833 1187 ὅλην
2861 1117 2955 1170 καὶ
2988 1114 3175 1186 χώραν
3193 1109 3465 1179 τοσαύτην
3498 1109 3639 1162 ἀνα.

2055 1219 2241 1270 πεῖσαι
2299 1214 2446 1284 μόνῳ
2469 1211 2830 1284 προσανέχειν
2857 1209 2941 1262 σοὶ
2972 1207 3048 1272 ὡς
3075 1206 3350 1278 τυράννῳ,
3393 1202 3490 1256 καὶ
3517 1202 3639 1261 τοῖς

2055 1309 2234 1377 λόγοις
2256 1305 2519 1368 τοιούτοις
2546 1305 2620 1369 ὼς
2641 1304 2825 1373 νόμοις
2844 1299 3152 1372 κεχρῆσθαι
3172 1313 3186 1330 °
3214 1296 3428 1364 διλογεῖν
3456 1294 3511 1347 δὲ
3545 1292 3639 1345 νό-

2060 1418 2175 1474 μων
2205 1400 2493 1471 ἡμετέρων
2521 1398 2614 1452 καὶ
2642 1396 2839 1465 λόγων,
2886 1394 2980 1448 καὶ
3009 1391 3298 1463 ἄνθρωπον
3351 1386 3639 1474 ἐπάρατον

2057 1490 2416 1561 ἐπιφημίζειν
2458 1487 2614 1551 Θεὸν,
2666 1485 2725 1541 δν
2756 1484 2851 1539 καὶ
2907 1481 3216 1553 ἀϐοήθητον
3250 1479 3404 1542 ὅντα,
3439 1473 3643 1546 βοηθὸν

2059 1586 2216 1654 ὑμεῖς
2264 1579 2701 1652 ὲπεγράψασθε·
2758 1578 2853 1630 καὶ
2903 1575 3026 1628 οὐδὲ
3067 1573 3158 1626 τὸν
3217 1571 3310 1625 σὺν
3370 1568 3642 1639 ἐμιμήσω

2060 1679 2283 1750 πατέρα
2335 1674 2428 1727 τδν
2477 1672 2720 1744 ἄρξαντα
2765 1670 2873 1741 πρὸ
2925 1668 3021 1722 σοῦ
3060 1667 3161 1738 τῆς
3206 1663 3448 1732 Νεγρὰν,
3487 1661 3646 1720 ὅπως

2062 1771 2236 1841 ἐφάνη
2265 1772 2378 1831 τοῖς
2415 1765 2522 1836 πρὸ
2576 1763 2736 1833 ἡμῶν
2795 1758 3075 1833 βασιλεῦσι
3115 1756 3261 1828 μάλα
3314 1752 3644 1841 πειθήνιος;

2070 1839 2289 1917 ’Ᾰλλίεί
2348 1858 2423 1930 μὴ
2466 1854 2785 1928 μεταϐαλὼν
2842 1854 2936 1908 καὶ
2987 1850 3279 1923 γενόμενος
3311 1842 3507 1900 ἑαυτοῦ
3545 1839 3647 1910 τὴν

2059 1956 2221 2027 κενὴν
2249 1954 2456 2023 ταύτην
2489 1949 2687 2023 ἀπώσῃ
2708 1948 2886 2015 δόξαν,
2921 1944 3047 1999 οὔτε
3086 1944 3146 1997 τὸ
3179 1941 3314 2013 βαθύ
3352 1956 3408 1992 σε
3436 1936 3646 2027 γῆρας,

2058 2024 2189 2099 οὔτε
2217 2045 2277 2096 τὸ
2319 2038 2798 2108 διαπεπλασμένον
2829 2035 2986 2109 τοῦτο
3038 2033 3135 2086 τοῦ
3179 2029 3459 2101 σχήματος
3498 2024 3653 2091 ὠφε-

2069 2135 2326 2206 λήσουσιν
2352 2150 2364 2164 ·
2398 2132 2535 2186 ἀλλά
2565 2129 2634 2184 τὰ
2665 2131 2829 2197 ὃμοια
2867 2125 2930 2178 σύ
2975 2141 3034 2177 τε
3057 2122 3153 2175 καὶ
3185 2120 3235 2173 οἱ
3267 2122 3397 2185 περὶ
3421 2115 3481 2166 σε
3505 2112 3649 2206 πάν-

2058 2202 2149 2290 τες
2181 2228 2293 2288 τοῖς
2324 2221 2801 2295 προανῃρημένοις
2840 2216 3069 2287 ἀνδράσι
3100 2212 3197 2267 καὶ⁵
3249 2206 3469 2279 γυναιξὶ
3528 2202 3649 2256 πεί⁶

2062 2319 2240 2372 σεσθε·
2278 2315 2371 2380 οὓς
2425 2315 2526 2389 ὅσα
2559 2316 2587 2368 6
2633 2314 2699 2365 ὲκ
2730 2310 2833 2379 τῆς
2864 2307 3086 2378 Μαρίας
3129 2303 3224 2357 καὶ
3257 2298 3352 2354 τοῦ
3386 2298 3645 2356 τέκτονος

2060 2411 2260 2480 ὢνησε,
2320 2410 2524 2469 πάντες
2565 2407 2767 2458 ἴσασιν.
2811 2404 2873 2455 '0
2926 2401 2983 2453 δὲ
3030 2402 3232 2469 γέρων,
3264 2394 3357 2447 ἐπὶ
3393 2388 3651 2480 συννοίας

2061 2474 2254 2565 ἑστώς,
2299 2501 2392 2553 καὶ
2423 2500 2580 2568 δῆλος
2609 2496 2685 2550 ῶν
2733 2495 2824 2548 ὲπῖ
2852 2495 2921 2564 τῇ
2973 2484 3328 2559 ὑπερηφανίᾳ
3384 2482 3498 2534 τῶν
3552 2474 3652 2568 ⁸τοιῖ

2064 2591 2329 2664 βασιλέως
2378 2564 2554 2655 λόγων
2601 2582 2906 2655 περιαλγὴς
2961 2576 3226 2647 γεγονὼς,
3275 2569 3522 2664 ἐπισχὼν
3554 2564 3652 2619 καὶ

2065 2659 2328 2747 συλλέξας
2354 2678 2572 2747 πνεῦμα
2596 2677 2689 2731 καὶ
2715 2674 2899 2746 βάθιον
2923 2667 3256 2747 ἀνοιμώξας,
3303 2663 3418 2717 Οὐκ
3445 2659 3646 2747 αἴτιος,

2040 2775 2190 2844 ηῑφη,
2235 2745 2347 2826 τῶν
2390 2745 2740 2839 λαλουμένων
2766 2765 2801 2835 ἢ
2846 2746 3240 2835 πραττομένων
3270 2756 3360 2821 σὺ,
3394 2745 3647 2844 βασιλεῖξ.

2064 2838 2183 2921 ἀλλί
2210 2865 2260 2919 oi
2292 2861 2393 2930 τῆς
2430 2838 2642 2922 πόλεως
2671 2858 2767 2912 καὶ
2806 2856 3095 2927 ἡμέτεροι,
3122 2850 3171 2904 οἳ
3213 2847 3312 2920 τὴν
3353 2844 3498 2913 ἐμὴν
3524 2838 3650 2910 ἠθέ-

2065 2975 2237 3028 τησαν
2272 2953 2498 3024 γνώμην
2552 2951 2614 3003 οὐ
2650 2943 3091 3019 παραχωροῦσαν
3141 2958 3224 2994 σοι
3279 2937 3377 3007 τῆς
3436 2930 3649 3039 είσὸδου

2066 3051 2167 3120 τῆς
2206 3048 2413 3108 πόλεως
2438 3061 2453 3076 ’
2486 3041 2798 3098 τούναντίον
2831 3039 2932 3109 μὲν
2963 3035 3057 3090 οὖν
3108 3034 3203 3088 καὶ
3261 3032 3647 3120 ἀντιστρατευ-

395 3132 519 3172 eum
547 3119 654 3172 tuis
686 3128 795 3172 tam
836 3119 1021 3174 multis
1066 3119 1304 3174 millibus
1346 3136 1542 3175 manus
1566 3135 1875 3185 conserere,
1906 3127 1965 3174 ut

2074 3115 2270 3197 σασθαι
2300 3135 2680 3209 παρορμῶσαν
2711 3132 2804 3187 καὶ
2836 3129 3137 3202 συμϐαλεῖν
3170 3123 3264 3179 σοῦ
3294 3124 3417 3184 ταῖς
3448 3115 3648 3212 μυριά-

395 3222 521 3262 tum
550 3206 858 3263 Madianitis
888 3209 1017 3264 olim
1049 3209 1268 3264 Gedeon
1298 3226 1421 3264 cum
1454 3213 1663 3280 paucis,
1712 3220 1769 3265 et
1804 3211 1967 3266 Chri-

2078 3248 2182 3295 σιν,
2248 3206 2462 3297 ὥσπερ*
2492 3206 2607 3287 τοῖς
2663 3220 3025 3291 Μαδιηναίοις
3098 3218 3223 3279 τοὺς
3272 3212 3400 3283 περὶ
3438 3207 3652 3263 Γεδεὼν

397 3310 505 3361 διο,
543 3297 638 3366 qui
694 3311 843 3352 nunc
870 3313 901 3352 a
938 3308 991 3353 te
1034 3299 1425 3362 contemnitur,
1449 3301 1595 3354 vires
1622 3300 1871 3369 ,addente
1915 3310 1973 3356 et

398 3389 780 3457 conﬁt-mante,
805 3400 858 3446 te
898 3407 1231 3463 expugnare,
1264 3399 1320 3448 et
1344 3392 1636 3455 demetere.
1671 3402 1727 3448 et
1748 3393 1973 3450 omnino

401 3482 604 3544 delere,
638 3483 814 3537 virum
862 3483 1090 3554 impium
1120 3494 1175 3539 et
1211 3484 1578 3555 fmdil‘ragum,
1604 3493 1662 3539 et
1690 3486 1976 3540 immemo-

400 3590 515 3628 rem
551 3583 837 3644 pactorum
861 3586 1278 3641 conventorum,
1309 3577 1511 3646 quibus
1537 3585 1588 3630 te
1618 3576 1893 3632 civitatem
1919 3584 1976 3632 et

402 3681 505 3722 nus
532 3678 871 3722 servaturum
900 3668 1266 3738 pollicebaris.

472 3864 663 3922 XVIII.
702 3865 933 3933 Quidam
962 3876 1144 3922 autem
1175 3882 1243 3922 ex
1274 3867 1363 3934 iis,
1398 3867 1639 3938 quicum
1675 3883 1801 3936 rege
1831 3882 1976 3922 con—

405 3957 680 4020 sidebant,
715 3959 906 4011 volens
962 3957 1244 4029 ingeniose
1272 3959 1445 4013 sancti
1478 3959 1640 4013 verba
1683 3959 1979 4027 reprehen-

405 4049 559 4115 dere,
585 4058 637 4104 et
674 4051 904 4120 tempori
935 4050 1091 4105 valde
1125 4050 1414 4106 serviens:
1457 4050 1565 4105 Sed
1613 4065 1745 4113 non,
1780 4049 1977 4118 inquit,

407 4141 488 4194 sic
515 4154 612 4194 vos
658 4141 815 4196 docet
865 4141 949 4196 lex
990 4138 1179 4213 Moysi,
1208 4141 1537 4197 contumelia
1582 4140 1799 4195 allicere
1831 4140 1980 4194 ειη-ἰ-

408 4240 552 4285 stum
602 4231 837 4286 Domini.
884 4230 1030 4286 Dicit
1071 4233 1218 4287 enim
1266 4249 1349 4290 :.r
1381 4231 1621 4302 Principi
1665 4231 1849 4302 pepuli
1900 4230 1978 4285 tui

404 4337 519 4377 non
548 4324 901 4379 maledices'.
932 4344 951 4376 ι
978 4323 1148 4378 Porro
1180 4333 1365 4378 autem
1392 4323 1508 4394 ipsa
1533 4337 1749 4392 quoque
1781 4322 1979 4392 scripta

409 4424 590 4470 vestra
622 4416 780 4471 vobis
803 4416 1000 4485 jubent
1025 4430 1204 4485 regem
1234 4418 1526 4479 honorare,
1558 4432 1653 4472 seu
1686 4417 1756 4470 sit
1783 4416 1978 4481 bonus,

2072 3320 2473 3392 ἑναριθμήτους
2512 3315 2800 3386 πρότερον,
2839 3312 2933 3367 καὶ
2971 3310 3064 3364 τοῦ
3109 3309 3213 3362 ὑπο
3245 3305 3340 3359 σοῦ
3396 3303 3494 3357 νῦν
3528 3301 3651 3354 ἀθε-

2072 3413 2340 3482 τουμένου
2379 3407 2623 3479 Χριστοῦ
2661 3405 3032 3476 ἐνισχύοντος,
3068 3392 3559 3467 καταγωνίσασθαί
3592 3407 3650 3442 σε

2074 3508 2168 3558 καὶ
2203 3501 2504 3574 ἐκθερίσαι,
2532 3500 2629 3554 καὶ
2668 3495 2967 3569 ἀφανισμῷ
3006 3487 3514 3565 παραπέμψασθαι,
3555 3485 3646 3539 ἀν-

2075 3596 2294 3666 θρωπον
2350 3591 2523 3662 ἀσεϐῆ
2570 3592 2666 3645 καὶ
2734 3585 3142 3656 παράσπονδον,
3208 3582 3303 3636 καὶ
3363 3579 3656 3648 ἀμνήμονα

2077 3687 2274 3756 λόγων,
2326 3678 2406 3747 οἷς
2446 3683 2645 3747 σώζειν
2675 3679 2775 3752 τὴν
2814 3679 2965 3731 πόλιν
3012 3676 3106 3730 καὶ
3140 3674 3286 3745 ἡμᾶς
3317 3667 3385 3743 ἦς
3424 3667 3654 3737 ὑποσχό-

2081 3793 2264 3849 μενος.

2150 3864 2259 3920 IH'.
2319 3863 2430 3919 Καί
2474 3880 2562 3927 τις
2605 3861 2713 3916 τῶν
2757 3857 3189 3929 συνεδρευόντων
3228 3852 3306 3923 τῷ
3347 3849 3562 3922 βασιλεῖ
3598 3847 3655 3912 ἐξ

2080 3957 2367 4028 ἀγχινοίας
2395 3954 2560 4026 δῆθεν
2611 3950 2968 4005 ἐπιλαϐέσθαι
3011 3947 3122 4001 τῶν
3154 3945 3251 4000 τοῦ
3292 3944 3450 4010 ἁγίου
3480 3941 3656 4007 ἳόγων

2082 4048 2422 4121 βουλόμενος,
2450 4047 2545 4100 καὶ
2573 4043 2650 4115 τῷ
2678 4042 2853 4113 καιρῷ
2884 4040 3053 4094 πολλὰ
3076 4037 3461 4111 χαριζόμενος,
3510 4031 3655 4087 Ἀλλ’

2080 4143 2178 4212 οὐχ
2211 4141 2375 4203 οὕτω,
2412 4138 2598 4210 φησὶν,
2654 4137 2801 4207 ὑμᾶς
2831 4140 2858 4190 6
2906 4138 3107 4197 οἰκεῖος
3144 4130 3459 4186 ὲκπαιδεύει
3492 4127 3653 4197 νόμος

2082 4232 2392 4303 ἐξυϐρίζειν
2439 4234 2520 4294 είς
2555 4231 2649 4283 τὸν
2682 4227 2776 4281 τοῦ
2803 4226 3012 4296 Κυρίου
3051 4223 3311 4295 Χριστόν.
3347 4220 3654 4291 «Ἄρχοντα

2081 4325 2190 4393 γὰρ
2219 4321 2314 4376 τοῦ
2335 4321 2466 4376 λαοῦ
2497 4337 2644 4385 σου,›
2674 4322 2857 4390 φησὶν,
2889 4338 2908 4371 r
2933 4319 3032 4372 οὐκ
3066 4317 3209 4387 ἐρεῖς
3240 4312 3449 4373 κακῶς.
3499 4330 3519 4364 ι
3554 4306 3659 4362 Καὶ

2086 4417 2225 4472 αὖτᾶ
2258 4416 2315 4469 δὲ
2343 4416 2412 4468 τά
2439 4414 2678 4485 ὑμέτερα
2706 4410 3008 4481 γράμματα
3043 4410 3169 4477 ὑμῖν
3193 4405 3543 4475 ὲγκελεὺεται
3567 4401 3655 4454 τὸν

408 4519 506 4560 seu
537 4505 754 4559 secus’.
782 4481 883 4560 Cui
906 4481 1127 4560 sanctus
1159 4504 1280 4560 :Tu
1298 4514 1506 4570 autem,
1534 4504 1967 4574 inquit.fortassr

2088 4506 2314 4574 βασιλέα
2351 4481 2540 4575 τιμᾷν,
2591 4481 2659 4558 ἀν
2696 4520 2758 4555 τε
2798 4500 3004 4567 ἀγαθὸς
3036 4495 3090 4571 ᾗ,
3131 4500 3197 4553 ἄν
3248 4513 3308 4549 τε
3346 4494 3422 4567 μὴ
3460 4494 3651 4555 οὕτως.

411 4610 520 4649 non
556 4595 777 4661 audisti,
815 4595 961 4666 quod
1000 4596 1069 4650 ab
1110 4596 1295 4651 Achab
1329 4596 1534 4651 dictum
1564 4605 1649 4650 est
1679 4594 1830 4659 Eliae,
1858 4610 1983 4650 cum

422 4686 696 4740 a‘zxiteum
742 4697 987 4741 evertere
1019 4687 1203 4742 lsrael.
1235 4685 1336 4742 Cui
1382 4687 1475 4742 ille
1513 4687 1832 4757 respondit:
1867 4685 1986 4742 Non

421 4792 513 4846 rgo
532 4785 740 4839 everte,
772 4777 867 4833 sed
898 4786 976 4842 tu,
995 4787 1053 4832 et
1079 4777 1272 4833 domus
1298 4779 1464 4849 patris
1494 4778 1575 4832 tui
1599 4777 1621 4810 ⁸
1642 4797 1658 4834 :
1683 4789 1793 4834 non
1818 4794 1989 4847 usque

412 4866 481 4918 ad
502 4865 688 4920 Achab
716 4866 888 4919 solum
917 4866 1122 4921 sistens
1147 4868 1557 4932 contumeliam,
1578 4868 1672 4923 sed
1704 4883 1799 4923 eos
1824 4868 1989 4922 etiam

322 4969 338 5045 ᾇ,
411 4957 914 5028 comprehenderis,
945 4958 1040 5028 qui
1090 4968 1248 5015 erant
1295 4960 1350 5014 in
1383 4974 1445 5014 ea
1479 4959 1662 5015 domo.
1702 4958 1990 5025 Quomodo

414 5064 550 5120 ergo
588 5064 647 5104 se
675 5050 941 5121 quispiam
973 5052 1029 5105 in
1054 5052 1225 5107 Deum
1259 5051 1346 5121 pie
1366 5065 1586 5122 gerens,
1619 5059 1675 5106 et
1703 5065 1887 5121 regem
1908 5066 1995 5105 ar-

418 5154 611 5209 guens,
643 5140 787 5209 quod
817 5155 878 5195 se
910 5139 1095 5210 inique
1122 5151 1294 5210 gerat,
1325 5155 1563 5209 unquam
1611 5139 1904 5195 offenderit
1929 5154 1995 5194 ac

421 5232 712 5286 violaverit
745 5232 938 5300 legem,
971 5232 1065 5301 qui
1112 5248 1223 5288 non
1265 5241 1353 5289 est
1376 5232 1584 5287 veritus
1616 5247 1678 5288 os
1710 5233 1763 5286 in
1794 5232 1993 5289 ccelum

420 5338 649 5393 ponere,
678 5333 735 5380 et
763 5324 1076 5380 Creatorem
1107 5335 1366 5396 appetere
1400 5324 1742 5381 maledictis?
1776 5324 1902 5383 Sed.
1937 5335 1999 5379 ut

418 5415 603 5482 video,
637 5415 758 5485 ejus
794 5416 1116 5486 patientiam
1140 5425 1197 5472 et
1228 5416 1572 5472 tolerantiam
1619 5417 1994 5480 contemnitis,

420 5517 480 5562 et
524 5522 625 5562 nos
654 5506 837 5563 facere
888 5508 1087 5565 similia
1130 5509 1453 5580 procuratis.
1503 5506 1584 5563 Tu
1620 5517 1827 5574 autem,
1873 5523 1992 5571 rex,

423 5611 547 5650 cum
579 5597 653 5653 sis
680 5607 873 5651 natura
900 5608 1009 5654 tam
1047 5598 1304 5668 injustas,
1333 5607 1389 5653 et
1435 5599 1581 5652 male
1626 5598 1807 5654 facere
1832 5613 1993 5667 para-

2087 4596 2228 4667 Πρδς
2257 4596 2316 4649 ὃν
2345 4597 2372 4649 6
2401 4594 2586 4661 ἀγιοςι
2614 4594 2688 4647 Σὺ
2745 4593 2801 4647 δὲ
2834 4591 2913 4663 τῷ
2963 4590 3169 4662 Ἀχαὰϐ
3216 4590 3509 4659 είρημένον
3554 4584 3653 4652 ἔφη

2088 4688 2224 4757 πρὶς
2274 4686 2461 4740 Ἠλίαν
2488 4688 2587 4738 οὐκ
2638 4685 2882 4752 ἤκουσας
2911 4681 3256 4753 διαστρέφειν
3307 4680 3541 4749 φήσαντι
3569 4676 3658 4726 τὶν

2099 4778 2340 4849 Ἰσραήλ.
2378 4778 2469 4840 Ὦς
2498 4776 2637 4845 πρὸς
2671 4775 2835 4829 αὐτὸν
2867 4775 3077 4836 ἐκεῖνος
3121 4772 3507 4845 ἀντέκρουσεν,
3549 4765 3659 4819 Οὐκ

2089 4869 2201 4936 ἐγὼ
2231 4868 2560 4938 διαστρέψω,
2620 4867 2884 4936 φάμενος,
2941 4863 3076 4917 ἀλλά
3114 4863 3178 4916 cii
3211 4863 3300 4915 καί
3336 4863 3364 4913 6
3394 4855 3539 4921 οἶκος
3568 4855 3658 4908 τοῦ

2091 4956 2297 5025 πατρός
2327 4973 2444 5018 σου,
2478 4955 2553 5026 μὴ
2586 4956 2749 5024 μέχρι
2780 4954 2874 5007 τοῦ
2923 4949 3131 5020 Ἀγαάϐ
3168 4958 3331 5021 μόνον
3361 4950 3461 5019 τὴν
3506 4946 3661 5017 ὕϐριν

2091 5049 2319 5118 στήσας,
2350 5047 2490 5101 ἀλλά
2523 5047 2618 5099 καὶ
2673 5048 2801 5109 τοὺς
2840 5047 2901 5098 ὲν
2957 5045 3035 5115 τῷ
3082 5043 3219 5113 οἴκῳ
3256 5041 3466 5110 ταύτην
3507 5054 3663 5107 περι-

2090 5139 2293 5193 λαϐών.
2334 5138 2458 5202 Πῶς
2497 5137 2564 5192 ἂν
2604 5133 2698 5192 οὖν
2736 5155 2818 5201 τις
2857 5138 2928 5191 τά
2965 5154 3029 5206 γε
3082 5138 3164 5199 είς
3219 5135 3353 5190 Θεὸν
3399 5132 3655 5193 εὐσεϐῶν,

2093 5233 2189 5286 καὶ
2229 5229 2460 5300 βασιλέα
2499 5229 2745 5299 ἐλέγχων
2802 5227 3251 5300 παρανομοῦντα,
3285 5225 3662 5297 παρανομήσοι

2096 5321 2251 5384 ποτὶ,
2289 5320 2381 5374 τὸν
2425 5321 2500 5391 μὴ
2535 5319 2747 5373 δειδιότα
2775 5318 2855 5382 εἰς
2884 5317 3115 5388 οὐρανὸν
3139 5316 3201 5369 τὸ
3243 5314 3417 5384 στόμα
3438 5309 3658 5371 τιθέναι,

2096 5417 2193 5466 καὶ
2228 5413 2411 5467 λαλεῖν
2449 5411 2806 5483 βλασφημίαν
2839 5410 2983 5463 κατὰ
3025 5409 3120 5462 τοῦ
3148 5408 3484 5470 Κτίσαντοςς
3509 5396 3546 5471 ἦ
3566 5398 3662 5466 τῆς

2094 5507 2295 5575 ἀνοχῆς
2327 5504 2495 5558 αὑτοῦ
2547 5504 2643 5557 καὶ
2685 5502 3077 5574 μακροθυμίας
3125 5495 3539 5565 καταφρονεῖτε,
3569 5486 3659 5542 καὶ

2092 5597 2243 5666 ἡμᾶς
2301 5595 2370 5648 τὰ
2430 5595 2591 5660 ὃμοια
2654 5595 2825 5647 ποιεῖν
2874 5587 3235 5656 ἀναγκάζετε.
3276 5586 3346 5640 Σὺ
3386 5585 3467 5653 δὲ,
3516 5580 3659 5652 βασι·

497 5776 513 5806 ⁸
540 5775 716 5839 list-tl.
766 5791 899 5841 \in,
946 5779 1039 5833 28.
1116 5780 1183 5834 Ἰ
1222 5778 1366 5835 Petr.
1403 5794 1461 5845 ιι,
1497 5779 1581 5832 l8.
1662 5786 1680 5816 ³
1714 5778 1774 5832 ΞΗ
1809 5776 1939 5842 Heg.
1978 5777 2217 5839 xun.l8.
