4132 6476
440 343 567 410 1271

1710 348 1992 409 MENSIS
2033 346 2397 414 OCTOBER.

3553 349 3695 418 12Ὶῖ

438 459 594 516 deret
615 458 993 531 unusquisque
1028 469 1296 527 vestrum,
1331 469 1562 515 mortem
1589 473 1708 515 esse
1724 472 2013 513 commune

2118 462 2349 519 θανάτου
2377 464 2535 537 χρέος
2588 466 2685 520 καὶ⁵
2713 466 2819 535 νέῳ
2857 467 2953 521 καὶ
2983 465 3222 536 γέροντι,
3251 465 3348 522 καὶ
3373 467 3697 539 ἀπαραίτηο

434 552 703 615 debitum,
761 560 818 606 et
861 551 1047 622 juveni
1083 561 1137 608 et
1176 552 1318 617 seni,
1361 562 1416 606 et
1460 566 1584 607 esse
1643 549 2010 605 inevitabilem

437 641 685 712 corporis
716 641 1154 697 dissolutionem.
1182 642 1369 713 itaque
1392 659 1500 697 non
1522 650 1869 711 exspectetur
1891 642 2012 696 linis

436 733 763 797 communis,
794 742 849 788 et
901 734 994 803 qui
1050 750 1146 789 sua
1189 743 1386 804 sponte
1441 736 1627 799 venit;
1657 735 1751 790 sed
1798 734 2014 789 studeat

435 824 683 892 quilibet,
715 833 775 878 ttt
817 824 890 879 sit
920 832 1089 894 quam
1136 826 1251 880 ﬁeri
1287 827 1485 895 poterit
1514 825 1782 897 gloriosus
1809 834 1865 878 et
1889 826 2015 879 bea-

436 924 544 970 tus.
581 914 851 995 Quidnam
881 927 1063 971 autem
1092 917 1289 972 dixerit
1313 918 1581 987 quispiam
1609 915 1869 986 martyrio
1894 915 2011 985 glo-

406 1006 653 1079 riosius,
691 1015 787 1061 aut
827 1008 1215 1078 quastuosius,
1246 1017 1341 1064 aut
1386 1008 1490 1078 piis
1519 1007 1833 1063 hominibus
1884 1006 2013 1061 bea-

436 1097 587 1153 tius?
617 1099 728 1170 Ego
762 1099 931 1162 enim,
963 1101 1006 1155 si
1064 1100 1183 1154 ﬁeri
1234 1107 1445 1170 posset,
1478 1108 1701 1169 propter
1730 1099 2012 1153 Christum

435 1188 574 1243 mori
604 1203 748 1259 sa‘pe
787 1199 842 1245 et
886 1191 1004 1261 ipse
1058 1190 1337 1260 eligerem,
1374 1198 1428 1244 et
1477 1189 1596 1243 aliis
1644 1188 2011 1252 consulerem,

433 1280 622 1349 sicque
647 1290 792 1335 esset
835 1290 891 1337 et
939 1282 1113 1350 major
1146 1280 1336 1351 gloria,
1368 1289 1421 1334 et
1462 1280 1671 1334 lucrum
1725 1280 1887 1349 longe
1920 1293 2015 1333 co-

432 1366 663 1440 piosius;
695 1371 802 1428 Sed
841 1389 968 1428 cum
1003 1375 1108 1428 hoc
1138 1371 1326 1427 haberi
1361 1386 1472 1426 non
1518 1370 1690 1438 possit
1733 1386 1764 1425 a
1794 1379 2012 1434 natura,

430 1463 599 1532 quod,
632 1464 715 1519 vel
734 1464 939 1519 invitus
970 1463 1151 1530 nobis,
1183 1464 1273 1517 illa
1291 1478 1356 1517 ex
1388 1478 1446 1518 se
1470 1462 1618 1526 facit,
1644 1462 2016 1531 praeripiamus

431 1569 555 1609 eum
584 1555 753 1627 gloria
783 1574 796 1609 :
822 1565 878 1611 et
911 1556 964 1610 id
995 1566 1251 1625 tanquam
1278 1554 1558 1624 proprium
1593 1553 2011 1617 cons:ituentcs,

429 1654 609 1702 astute
656 1647 904 1703 fallamus
951 1649 1356 1704 necessitatem.
1404 1646 1594 1702 Nullus
1640 1655 1927 1708 nostrum,
1982 1660 2017 1698 ο

431 1740 650 1806 fratres,
684 1741 755 1795 sit
775 1741 912 1796 adeo
933 1740 1056 1796 vita:
1086 1741 1340 1811 cupidus,
1367 1749 1424 1794 et
1451 1744 1590 1795 adeo
1617 1738 1795 1808 pusilli
1827 1749 1881 1792 et
1911 1739 2010 1794 ab—

425 1829 557 1898 jecti
581 1829 770 1890 animi.
799 1838 857 1884 ut
889 1846 985 1900 pro
1012 1830 1165 1885 brevl
1192 1840 1248 1886 et
1274 1829 1476 1884 misera
1496 1830 1605 1883 vita
1635 1829 1820 1899 perdat
1843 1839 2008 1884 aeter-

430 1921 684 1985 nitatem,
720 1930 775 1976 et
812 1938 932 1992 quae
987 1938 1267 1991 nunquam
1315 1921 1545 1976 solvitur
1590 1920 2006 1976 beatitudinem.

429 2013 720 2068 Communi
749 2015 992 2069 omnium
1023 2014 1245 2069 inimico
1286 2029 1315 2068 a
1336 2014 1499 2069 nobis
1532 2013 1672 2068 haud
1698 2013 1857 2068 detur
1886 2028 2010 2083 pars

431 2104 630 2172 aliqua,
680 2121 750 2159 ne
819 2120 941 2160 cum
995 2122 1163 2159 unum
1192 2105 1360 2160 fuerit
1388 2104 1704 2165 Sixﬂuratus,
1750 2105 2011 2174 glorietur

435 2210 746 2262 pervorsus,
773 2208 1031 2265 tanquam
1059 2196 1147 2265 qui
1183 2211 1373 2251 omnes
1410 2196 1637 2264 ceperit.
1672 2196 1776 2250 Sed
1798 2196 1890 2265 qui
1927 2204 2012 2251 est

432 2286 656 2355 quidem
707 2286 850 2349 talis,
883 2287 1074 2356 procul
1128 2286 1198 2342 sit
1225 2303 1254 2340 a
1280 2287 1449 2342 choro
1481 2296 1802 2356 martyrum,
1835 2303 2011 2357 neque

431 2376 506 2429 sit
529 2375 668 2430 falso
714 2376 953 2431 nominis
984 2376 1271 2447 particeps.
1314 2376 1371 2431 Si
1406 2375 1528 2442 quis
1560 2376 1706 2431 enim
1740 2386 1811 2441 te,
1848 2377 2008 2431 Citri-

430 2474 515 2519 ste
543 2472 596 2519 et
646 2462 877 2520 Verbum
908 2466 1020 2528 Dei,
1057 2466 1341 2537 negaverit
1367 2465 1529 2535 hujus
1558 2466 1683 2519 vitae
1715 2466 2008 2532 desiderio,

429 2554 500 2609 ab
527 2556 642 2623 ipsa
675 2555 909 2620 excidat,
945 2563 1001 2611 et
1044 2556 1337 2611 dehiscens
1380 2571 1505 2611 cum
1554 2565 1699 2611 terra
1759 2556 2008 2613 devoret.

432 2645 490 2699 Si
521 2647 643 2716 quis
659 2659 841 2702 autem
880 2662 946 2701 ex
973 2663 1091 2701 mea
1124 2648 1474 2718 cognatione,
1502 2658 1591 2701 aut
1624 2647 2008 2716 familiaritate,

431 2737 702 2793 desiderio
722 2739 989 2793 bonorum
1026 2740 1402 2809 praesentium,
1433 2747 1485 2793 te
1511 2738 1697 2795 relicto
1731 2739 2010 2803 Creatore,

430 2841 692 2901 sequatur
713 2830 858 2887 hunc
884 2831 1326 2901 regeminteritui
1355 2832 1652 2886 obnoxium
1676 2831 1973 2901 etimpium
1994 2872 2010 2898 ,

430 2939 502 2977 ne
532 2924 581 2978 ei
612 2924 791 2987 detur,
819 2939 851 2978 ο
880 2923 992 2979 Rex
1025 2924 1264 2985 Christe,
1298 2923 1386 2979 hic
1422 2922 1524 2977 frui
1582 2924 1664 2989 iis,
1686 2939 1805 2993 qua:
1823 2923 2012 2977 viden-

432 3025 521 3069 tur
570 3015 809 3084 jucunda
866 3026 919 3070 et
964 3014 1328 3082 delectabilia,
1372 3023 1429 3069 et
1474 3014 1718 3069 tradatur
1755 3014 1860 3081 iis,
1891 3030 2013 3086 quae

432 3116 562 3161 sunt
589 3108 720 3173 illic,
756 3108 1066 3164 tormentis.

503 3197 621 3254 XX.
653 3199 778 3255 Haec
800 3200 956 3266 dixit,
985 3212 1039 3254 et
1081 3200 1267 3255 statim
1302 3198 1556 3254 universa
1607 3200 1901 3255 multitudo
1925 3216 2013 3255 ca-

432 3290 573 3345 lidas
605 3290 894 3344 ellundens
922 3289 1213 3360 lacrymas,
1266 3289 1396 3344 Esto
1423 3290 1575 3343 bono
1603 3290 1810 3352 animo,
1837 3291 2013 3345 excla-

436 3381 622 3435 mavit.
649 3379 817 3435 Nemo
845 3380 989 3435 enim
1035 3389 1086 3435 te
1124 3380 1375 3446 deseret;
1422 3396 1548 3435 nam
1607 3380 1708 3443 tui,
1743 3390 1801 3435 ut
1838 3382 2012 3447 vides,

431 3472 701 3528 desiderio
734 3487 939 3527 omnes
957 3472 1039 3526 vel
1082 3481 1212 3526 ante
1256 3482 1310 3527 te
1346 3472 1483 3527 mori
1536 3488 1928 3542 preperamus.
1960 3483 2017 3528 et

435 3566 726 3636 praeripere
753 3567 896 3620 hunc
924 3565 1140 3620 beatum
1177 3566 1337 3619 linem
1371 3574 1425 3619 et
1454 3564 1891 3620 desiderabilem.
1920 3565 2015 3621 Ille

437 3667 621 3711 autem
672 3658 739 3714 ad
785 3658 901 3712 luce
929 3675 943 3710 :
973 3659 1102 3729 Ego,
1129 3659 1207 3714 ait
1256 3658 1533 3723 omnibus,
1571 3675 1670 3730 ego
1702 3675 1799 3715 vos
1825 3676 2017 3714 omnes

433 3744 759 3811 pratcedam,
789 3755 844 3799 et
888 3760 984 3800 ero
1019 3745 1174 3799 vobis
1214 3745 1270 3800 in
1298 3746 1409 3802 Deo
1439 3756 1621 3802 certus
1648 3749 1749 3803 via:
1777 3749 1906 3804 dux.
1945 3748 2018 3805 Ut

433 3849 535 3889 vos
565 3835 695 3890 mihi
725 3836 928 3903 primas
951 3837 1323 3893 conceditisin
1349 3839 1623 3902 omnibus,
1662 3839 1733 3893 ita
1763 3855 1860 3893 vos
1885 3841 2013 3895 mihi

435 3927 742 3992 concedite,
777 3937 835 3981 ut
870 3929 1076 3999 primus
1106 3930 1175 3984 ad
1201 3929 1478 3986 Christum
1507 3931 1782 3986 accedam.
1812 3932 2013 3987 Verum

435 4017 721 4074 enimvero
749 4019 853 4075 hoc
875 4036 1094 4090 quoque
1119 4020 1274 4076 vobis
1289 4021 1544 4077 ultimum
1562 4022 1632 4078 do
1662 4024 2012 4078 mandatum:

434 4110 491 4166 Si
519 4112 642 4183 quis
665 4128 910 4167 meorum
942 4113 1199 4179 filiorum,
1225 4121 1323 4168 aut
1348 4128 1560 4179 eorum,
1603 4113 1695 4183 qui
1723 4130 1921 4184 genere
1948 4113 2015 4170 ad

436 4217 525 4259 me
558 4207 812 4271 attinent,
850 4205 1074 4261 relictus
1094 4205 1276 4268 fuerit,
1302 4221 1636 4275 permanens
1658 4206 1711 4260 in
1752 4207 1858 4261 hoc
1879 4222 2017 4277 puro

437 4295 586 4351 cultu
633 4294 1089 4361 Christianorum,
1144 4299 1214 4352 sit
1265 4296 1438 4352 haeres
1487 4313 1737 4352 mearum
1794 4298 2017 4353 faculta-

439 4397 578 4442 tum.
618 4387 791 4442 Porro
818 4396 1001 4442 autem
1035 4396 1149 4443 tres
1201 4388 1319 4442 illas
1362 4405 1427 4443 ex
1492 4389 1581 4452 iis,
1606 4406 1727 4459 quae
1762 4391 1893 4445 mihi
1933 4407 2018 4446 re-

2113 572 2205 618 τος
2239 555 2273 625 ἡ
2305 558 2442 626 πρὸς
2475 558 2538 610 τὸ
2591 558 2752 629 σῶμα
2790 558 3059 621 διάλυσις.
3101 554 3236 610 Εἶτα
3273 557 3348 628 μὴ
3378 558 3697 626 αὐτόματον

2114 646 2211 700 καὶ⁵
2247 649 2427 701 κοινὸν
2467 648 2530 701 τὸ
2558 648 2710 712 τέλος
2744 651 2849 703 ἀνα
2860 650 3092 718 μενέτω,
3122 648 3242 703 ἀλλ’
3266 650 3344 711 ὡς
3364 648 3447 701 ενι
3477 648 3698 712 ἔνδοξον

2112 735 2246 795 αὐτὸ
2308 738 2406 790 καὶ⁵
2444 738 2719 808 μακάριον
2779 739 3063 793 σπευδέτω
3100 737 3377 805 γενέσθαι.
3421 739 3486 790 Τί
3515 738 3560 790 δ’
3623 737 3699 791 ἂν

2112 830 2255 883 εἴποι
2288 847 2373 893 τις
2422 831 2611 900 ἕτερον
2643 831 2737 886 τοῦ
2788 831 2877 885 διὰ
2918 832 3224 901 μαρτυρίου
3258 831 3447 893 τέλους
3479 830 3699 895 ἐνδοξό-

2112 939 2269 986 τερον
2303 921 2335 990 ἦ
2370 922 2656 976 εὖσεῦέσιν
2697 922 3010 993 ἀνθρώποις
3049 920 3506 992 μακαριώτερονς
3547 918 3696 985 Ἐγὼ

2114 1012 2224 1082 γὰρ
2257 1014 2306 1065 εί
2334 1008 2447 1068 οἷόν
2484 1031 2546 1067 τε
2591 996 2669 1084 ἦν
2703 1014 2793 1067 διὰ
2824 1014 3062 1083 Χριστὸν
3107 1012 3371 1071 πολλάκις
3393 1011 3695 1063 ἀποθανεῖν

2116 1104 2512 1159 συνεϐούλευσα
2540 1106 2628 1168 ἂν,
2654 1110 2750 1160 καὶ
2785 1103 2854 1178 ἦν
2885 1105 3033 1159 οὕτω
3072 1107 3168 1159 καὶ
3196 1106 3228 1173 ἠ
3278 1103 3406 1170 δῆξα
3461 1102 3697 1171 μείζων,

2115 1197 2211 1249 καὶ
2274 1199 2335 1250 τὸ
2391 1197 2583 1269 κέρδος
2630 1198 2774 1253 κατὰ
2823 1196 2961 1251 πολὺ
3015 1195 3406 1266 δαψιλέστερον
3427 1210 3444 1225 ·
3476 1196 3599 1247 ἐπεὶ
3633 1192 3702 1246 δι

2113 1287 2274 1343 τοῦτο
2301 1291 2454 1358 παρὰ
2507 1290 2608 1358 τῆς
2644 1291 2864 1358 φύσεως
2918 1290 3018 1342 οὐκ
3074 1288 3190 1341 ἔστι
3245 1286 3459 1345 λαϐεῖν.
3518 1284 3548 1338 ὃ
3597 1284 3703 1337 καὶ

2116 1379 2275 1448 ἡμῶν
2303 1381 2364 1432 οὐ
2393 1379 2755 1449 βουλομένων,
2785 1380 2879 1449 ἀφ’
2905 1378 3113 1447 ἑαυτῆς
3140 1378 3324 1446 εκείνη
3365 1378 3527 1439 ποιεῖ,
3553 1375 3705 1443 φθά-

2118 1487 2311 1534 σαντες
2338 1471 2497 1537 αὑτὸ,
2526 1471 2981 1542 προαρπὰσωμεν
3013 1470 3153 1539 μετὰ
3180 1468 3338 1538 δόξης
3382 1469 3476 1520 καὶ
3502 1466 3703 1536 ὥσπερ

2116 1560 2249 1613 [διον
2301 1560 2539 1628 θέμενοι,
2599 1558 2957 1629 σοφισὼμεθα
3004 1560 3107 1629 τὴν
3158 1558 3426 1626 ἀνάγκην.
3480 1555 3704 1625 Μηδεὶς

2116 1649 2272 1719 ἡμῶν
2327 1648 2504 1720 οῦτως
2544 1650 2770 1720 όφθήτω
2834 1648 3153 1719 φιλόιῖιυχος,
3206 1647 3446 1716 ἀδελφοὶ.
3502 1644 3704 1715 μηδεὶς

2117 1742 2371 1812 ἀγεννὴς,
2395 1742 2585 1812 μηδεὶς
2604 1742 2860 1812 ἄτολμος,
2889 1743 2966 1804 ὡς
2993 1742 3203 1811 μικρᾶς
3223 1740 3318 1792 καὶ
3340 1736 3702 1806 ταλαιπώρου

2114 1835 2259 1904 ζωῆς
2291 1835 2449 1896 ὅλους
2503 1834 2711 1896 αἰῶνας
2774 1832 2871 1887 καὶ
2905 1833 3177 1902 μηδέποτε
3240 1829 3514 1897 λυομένην
3560 1842 3705 1896 προ-

2113 1924 2269 1979 έσθαι
2291 1926 2689 1996 μακαριότητα.
2715 1925 2807 1994 Μή
2823 1924 2928 1978 πού
2950 1941 3035 1984 τις
3056 1924 3155 1978 καὶ
3177 1921 3307 1992 παρ’
3331 1923 3362 1991 ἡ
3375 1920 3491 1988 μῶν
3512 1918 3703 1987 δοθείη

2113 2015 2190 2085 τῷ
2222 2014 2386 2085 κοινῷ
2425 2015 2645 2069 πάντων
2674 2012 2921 2083 πολεμίῳ
2953 2011 3136 2082 μερὶς,
3163 2011 3256 2065 καὶ
3303 2010 3395 2062 τὸν
3433 2009 3530 2061 ἕνα
3574 2008 3706 2062 κλέ-

2111 2105 2241 2174 ψας,
2300 2103 2375 2166 ὡς
2428 2104 2637 2169 πάντας
2674 2101 2858 2155 λαόὼν
2909 2104 2937 2153 ό
2965 2100 3179 2160 σκολιὸς
3248 2098 3701 2167 ὲγκαυχήσηται.

2126 2198 2266 2250 ⁹Αλλ’
2294 2198 2322 2249 ὅ
2356 2212 2418 2263 γε
2450 2194 2697 2257 τοιοῦτος
2741 2191 3060 2266 πόρρωτοῦ
3123 2190 3465 2261 μαρτυρικοῦ
3500 2188 3702 2241 τούτου

2114 2288 2356 2357 γενέσθω
2397 2285 2583 2357 χοροῦ,
2617 2285 2757 2356 μηδὲ
2788 2285 3186 2354 συμμετεχέτω
3216 2281 3429 2353 ψευδῶς
3450 2281 3546 2333 τοῦ
3578 2280 3703 2333 ὀνό-

2118 2396 2309 2450 ματος.
2354 2378 2441 2439 Ὠς
2480 2377 2534 2430 εί
2553 2379 2635 2438 τίς
2682 2392 2768 2441 σε,
2806 2376 3009 2447 Χριστὲ
3035 2376 3128 2428 καὶ
3159 2374 3301 2442 Δόγε
3346 2371 3509 2433 Θεοῦ,
3544 2372 3703 2441 πόθῳ

2112 2473 2210 2541 τῆς
2241 2468 2476 2524 ἐνταῦθα
2509 2468 2659 2538 ζωῆς
2711 2468 3114 2538 ἅπαρνὴσαιτο,
3149 2465 3246 2518 καὶ
3294 2464 3501 2534 ταύτης
3531 2463 3701 2514 Exte-

2115 2581 2218 2627 σοι,
2251 2563 2347 2616 καὶ
2379 2562 2560 2625 ζῶντα
2588 2558 2778 2614 τοῦτον
2805 2560 2840 2629 ἡ
2872 2558 2945 2627 γῆ
2971 2557 3147 2627 στόμα
3172 2555 3490 2620 διανοίξασα
3516 2569 3689 2604 κατα-

2114 2657 2248 2710 πίοι.
2277 2657 2390 2710 Καὶ
2416 2653 2471 2708 ετ
2510 2672 2593 2716 τις
2624 2654 2683 2706 δὲ
2708 2654 2806 2723 τῆς
2838 2652 2980 2722 ἐμῆς
3011 2651 3333 2718 συγγενείας
3382 2647 3414 2717 ἦ
3447 2645 3701 2730 ἑταιρίας

2114 2748 2381 2819 ἐπιθυμίᾳ
2402 2746 2511 2800 τῶν
2541 2745 2826 2817 παρόντων
2854 2744 3046 2816 ἡδέων,
3075 2744 3133 2795 σὲ
3161 2742 3253 2795 τὸν
3284 2739 3526 2806 Κτίστην
3554 2739 3699 2789 ἀπο-

2114 2838 2518 2906 λιπίυν,ζόπίσω
2562 2837 2659 2889 τοῦ
2718 2834 2960 2905 φθαρτοῦ
3013 2833 3208 2886 τούτου
3256 2833 3349 2884 καὶ
3396 2827 3701 2889 δυσσεϐοῦς

2116 2930 2381 3001 βασιλέως
2402 2928 2783 2998 ἀκολουθήσοι.
2808 2928 3019 2995 γένοιτο
3031 2925 3199 2994 αὐτῷ.
3219 2922 3423 2991 Χριστὲ
3445 2918 3694 2989 βασιλεῦ,

2117 3026 2212 3077 καὶ
2242 3022 2352 3075 τῶν
2384 3021 2619 3074 ἐνταῦθα
2680 3019 2933 3090 τερπνῶν
2989 3019 3064 3089 μὴ
3105 3014 3435 3081 ἀπόνασθαι,
3459 3013 3697 3075 καὶτοῖς

2039 3125 2081 3182 C
2118 3117 2325 3171 ἐκεῖθεν
2358 3114 2645 3185 ἐκδοθῆναι
2682 3112 3088 3184 κολαστηρίοις.

2190 3205 2271 3260 κ’.
2311 3203 2500 3259 Ταῦτα
2530 3204 2658 3272 ἔφη.
2690 3202 2872 3257 καὶτὸ
2906 3200 3111 3270 πλῆθος
3141 3199 3304 3261 εὐθὺς
3337 3197 3510 3260 ἅπαν,
3540 3197 3689 3267 Θάρ-

2119 3302 2224 3370 ρει,
2253 3298 2346 3350 ἐπὶ
2380 3297 2606 3367 θερμοῖς
2634 3297 2748 3357 τοῖς
2776 3294 3041 3363 δάκρυσιν
3072 3290 3396 3360 ἀνεϐόησαν.
3430 3290 3544 3342 Οὐκ
3574 3288 3695 3340 ἐστι

2117 3393 2229 3461 γὰρ
2259 3387 2909 3457 ὄστις.ἀπολειφθήσετσί
2950 3401 3046 3438 σου
3073 3400 3087 3415 ·
3141 3384 3265 3436 ἐπεὶ
3306 3383 3400 3435 καὶ
3437 3380 3516 3447 τῷ
3564 3379 3699 3449 περὶ

2118 3483 2180 3535 σὲ
2209 3481 2359 3551 πόθῳ
2397 3480 2618 3544 πάντες,
2647 3478 2725 3541 ὡς
2768 3479 2924 3547 ὁρᾷς,
2970 3474 3330 3545 ὶπειγόμεθα,
3368 3475 3418 3526 εί
3462 3467 3575 3526 οἷόν
3607 3489 3693 3535 τε,

2118 3575 2214 3627 καὶ
2240 3570 2533 3640 προθανεῖν
2562 3586 2680 3633 σου,
2731 3570 2827 3623 καὶ
2857 3569 2920 3622 τὸ
2953 3568 3228 3639 μακάριον
3264 3566 3422 3620 τοῦτο
3452 3563 3549 3618 καὶ
3598 3580 3699 3616 πο-

2120 3664 2295 3718 θεινὸν
2326 3661 2680 3733 προαρπάσαι
2703 3660 2877 3724 τέλος,
2925 3661 2985 3714 '0
3019 3660 3078 3713 δὲ
3107 3661 3246 3730 πρὸς
3289 3657 3485 3722 ταῦτα,
3529 3654 3701 3722 Ἐγὼ,

2121 3759 2287 3811 πᾶσιν
2337 3755 2463 3826 ἔφη,
2515 3754 2625 3823 ἐγὼ
2692 3754 2912 3807 πάντων
2972 3751 3130 3822 ὑμῶν
3173 3752 3556 3820 ἀφηγήσομαι,
3600 3747 3702 3799 καὶ

2116 3847 2313 3916 ὁδηγδς
2347 3846 2591 3916 ἀπλανὴς
2632 3846 2763 3915 ὑμῖν
2797 3847 2854 3898 ἂν
2890 3844 3011 3915 Θεῷ
3052 3844 3392 3913 φανήσομαι.
3434 3840 3524 3903 Ὧς
3571 3839 3703 3907 ἐμοὶ

2117 3938 2228 3993 τῶν
2258 3937 2548 4009 πρωτείων
2588 3937 2650 3989 ὲν
2682 3937 2817 3989 πᾶσι
2851 3935 3256 4004 παρεχωρείτε,
3286 3931 3432 3985 οὕτω
3482 3947 3572 3999 μοι
3598 3926 3703 3981 καὶ

2120 4030 2323 4101 πρώτῳ
2378 4028 2606 4099 Χριστῷ
2638 4027 2995 4098 παραστῆναι
3031 4024 3499 4097 παραχωρήσατε.
3551 4020 3704 4089 Πλὴν

2118 4122 2255 4176 ἀλλὰ
2281 4122 2376 4175 καὶ
2400 4119 2607 4189 ταύτην
2628 4118 2954 4174 τελευταίαν
2979 4118 3109 4188 ὑμῖν
3129 4116 3271 4170 ὲντο)
3282 4117 3348 4186 ὴν
3371 4113 3661 4181 ὲπιδίδωμι
3684 4128 3699 4142 ·

2119 4214 2185 4267 Et
2203 4230 2285 4277 τις
2307 4212 2420 4266 τῶν
2447 4211 2600 4283 ἐμῶν
2622 4211 2848 4274 τέκνων,
2871 4210 2905 4280 ἢ
2925 4209 3034 4263 τῶν
3060 4212 3203 4262 κατὰ
3225 4208 3380 4276 γένος
3411 4222 3501 4275 μοι
3526 4219 3706 4274 προσ-

2118 4306 2363 4375 ηκόντων
2422 4302 2772 4373 ὑπολειφθείη
2811 4304 2879 4373 τῇ
2933 4300 3150 4371 καθαρᾷ
3200 4298 3372 4368 ταύτῃ
3407 4296 3516 4349 τῶν
3566 4296 3706 4364 X91-

2122 4394 2354 4448 στιανῶν
2396 4393 2655 4464 ἐμμένων
2697 4391 2942 4462 λατρεία,
2972 4393 3072 4460 τῆς
3119 4388 3264 4458 ἐμῆς
3294 4387 3543 4439 ἔστωσαν
3570 4385 3709 4451 κλη-

433 4487 600 4543 stant,
637 4479 1012 4549 possessiones
1067 4479 1463 4549 pulcherrimas
1509 4458 1637 4535 volo,
1678 4482 1899 4536 attribui
1927 4498 2013 4537 ca-

2123 4483 2344 4555 ρονόμοι
2384 4458 2728 4550 περιουσίας.
2767 4480 2876 4533 Καὶ
2897 4458 3035 4549 τρία
3053 4478 3112 4531 δὲ
3135 4476 3245 4529 τῶν
3268 4476 3571 4547 περιόντων
3599 4491 3698 4543 μοι

435 4569 651 4625 tholicm
696 4569 960 4634 ecclesite,
999 4584 1119 4639 qua:
1150 4555 1232 4625 est
1264 4569 1583 4625 aedificanda
1616 4590 1629 4625 :
1661 4587 1796 4642 quas
1850 4573 2015 4627 etiam

433 4665 541 4716 iam
582 4674 866 4716 consecro.
915 4660 1039 4716 Haec
1070 4676 1194 4717 cum
1228 4661 1473 4731 dixisset,
1515 4671 1571 4718 et
1607 4663 1808 4732 populo
1850 4663 2018 4718 bene-

439 4751 681 4815 dixisset,
711 4760 790 4812 ct,
824 4752 905 4806 Sit
929 4752 1026 4806 tibi
1060 4752 1254 4821 gloria,
1298 4768 1330 4806 ο
1359 4752 1608 4819 Domine,
1643 4761 1867 4823 propter
1900 4768 2019 4807 om-

434 4842 544 4904 nia,
567 4841 960 4910 subjunxisset,
984 4857 1283 4896 conversus
1313 4841 1447 4896 dicit
1476 4842 1588 4912 regi
1626 4859 1641 4896 :
1677 4842 1863 4897 Laudo
1890 4853 1959 4906 te,
1983 4857 2018 4897 ο

432 4946 548 4993 rex,
598 4931 744 5001 quod
794 4946 925 4986 usus
964 4935 1040 4987 sis
1086 4933 1371 5002 patientia,
1406 4943 1461 4988 et
1513 4950 1623 4989 non
1678 4935 2014 5003 confoderis,

434 5027 531 5072 aut
553 5018 913 5089 interruperis
940 5035 1115 5075 meam
1147 5022 1473 5081 orationem.
1506 5034 1566 5077 ut
1593 5040 1710 5079 mos
1760 5025 1860 5078 fuit
1883 5026 2016 5081 olim

434 5095 675 5182 regibus.
704 5109 973 5179 Quoniam
1033 5127 1164 5183 ergo
1210 5115 1356 5169 nosti
1406 5125 1655 5170 nostrum
1688 5132 1914 5187 secpum
1960 5127 2018 5174 et

433 5203 766 5267 institutum,
792 5218 989 5272 nempe
1023 5205 1168 5273 quod
1196 5205 1311 5260 fieri
1341 5223 1448 5260 non
1488 5215 1665 5278 potest
1701 5216 1779 5273 ut,
1812 5208 2014 5267 Christi

434 5296 582 5350 cultu
615 5297 827 5362 relicto,
853 5308 956 5351 n05
981 5296 1075 5351 tibi
1107 5298 1500 5365 assentiamur,
1539 5299 1620 5353 fac
1647 5302 1791 5367 quod
1822 5317 2017 5371 supcr-

435 5392 536 5448 cst,
570 5391 784 5453 tempus
805 5398 911 5436 non
942 5392 1123 5439 terens
1154 5384 1383 5439 diutius.

510 5576 633 5633 XXI
681 5577 815 5634 Cum
845 5580 1012 5634 sciret
1051 5594 1179 5650 ergo
1220 5596 1313 5634 rex
1371 5595 1561 5634 eorum
1624 5589 1863 5635 mentem
1894 5596 2016 5636 esse

437 5669 857 5734 immutabilem,
896 5686 997 5725 nec
1048 5669 1163 5724 ﬁeri
1194 5685 1352 5739 posse
1381 5681 1437 5723 ut
1482 5685 1576 5725 eos
1618 5671 1683 5724 ad
1722 5687 1874 5725 suam
1909 5680 2016 5725 tta-

437 5761 597 5815 ducat
630 5764 979 5827 srntentiam,
1006 5762 1168 5831 iussit
1200 5777 1293 5819 eos
1326 5761 1447 5818 duci
1484 5762 1548 5817 ad
1570 5765 1862 5834 quemdam
1904 5777 2012 5817 tor~

2119 4573 2427 4627 καλλίστων
2484 4569 2782 4640 κτημάτων
2830 4572 2896 4640 τῇ
2951 4569 3377 4637 οἰκοδομηθῆναι
3432 4564 3710 4637 μελλούσῃ

2121 4663 2389 4733 καθολικῇ
2432 4662 2733 4732 Ἐκκλησία
2770 4661 3125 4732 κληρωθῆναι
3180 4660 3467 4731 βούλομαι,
3522 4658 3560 4712 ἃ.
3607 4663 3712 4711 καὶ

2119 4756 2226 4829 ήδη
2258 4755 2491 4825 ἀφιερῶ.
2539 4751 2726 4806 Ταῦτα
2756 4753 2926 4805 εἰπὼν
2955 4754 3050 4807 καὶ
3086 4752 3178 4806 τὸν
3208 4751 3339 4805 λαὸν
3378 4751 3706 4818 εὐλογήσας,

2122 4848 2239 4911 καὶ,
2270 4845 2407 4910 Δόξα
2430 4863 2535 4912 σοι,
2570 4845 2768 4915 Κύριε,
2792 4846 3014 4898 πάντων
3043 4844 3251 4907 ἕνεκεν,
3284 4841 3554 4905 ἐπειπὼν,
3582 4841 3712 4893 ὲπι-

2124 4939 2387 5008 στραφεὶς
2418 4935 2567 5003 λέγει
2594 4936 2671 5007 τῷ
2698 4935 2934 5008 βασιλεῖ’
2964 4935 3206 4989 Ἐπαινῶ
3243 4949 3304 4985 σε
3337 4932 3711 5003 μακροθυμή-

2122 5044 2316 5093 σαντα,
2366 5026 2614 5097 βασιλεῦ,
2649 5028 2743 5081 κοιλ⁵
2776 5027 2853 5096 μὴ
2888 5025 3198 5095 συγχέαντά
3226 5042 3320 5094 μοι
3352 5024 3482 5084 τοὺς
3512 5022 3712 5091 λόγους

2121 5123 2155 5194 ἦ
2191 5123 2525 5193 διακόψαντα
2560 5122 2703 5176 κατὰ
2760 5124 2822 5175 τὸ
2854 5125 3024 5176 πάλαι
3064 5124 3179 5184 τοῖς
3240 5117 3528 5191 βασιλεῦσι
3553 5134 3709 5169 νενο-

2124 5216 2415 5284 μισμένον.
2448 5216 2561 5269 Καὶ
2591 5217 2772 5269 τοίνυν
2795 5215 2922 5268 ἐπεὶ
2941 5215 3033 5267 τὸν
3062 5213 3335 5284 ἡμέτερον
3371 5211 3545 5277 ἔγνως
3577 5224 3712 5260 axo-

2122 5307 2247 5369 πδν,
2296 5308 2370 5369 ὼς
2405 5307 2667 5360 ἀδύνατόν
2696 5309 2809 5359 ἐστι
2848 5307 2948 5376 τῆς
2982 5303 3227 5374 Χριστοῦ
3261 5300 3516 5369 λατρείας
3570 5302 3710 5365 ἀφε-

2125 5397 2320 5468 μένους
2352 5399 2497 5468 ἠμᾶς
2529 5397 2823 5451 συνθέσθαι
2853 5413 2958 5462 σοι,
2991 5397 3053 5449 τὸ
3088 5394 3508 5466 παριστάμενον
3530 5391 3705 5457 ποίει,

2124 5490 2203 5559 μὴ
2244 5489 2449 5559 τρίϐων
2480 5491 2573 5543 ἐπὶ
2614 5491 2748 5543 πολὺ
2778 5490 2871 5541 τὸν
2903 5488 3120 5560 καιρόν.

2196 5580 2325 5632 KA'.
2363 5577 2531 5641 Εἰδὼς
2562 5574 2656 5633 οὖν
2689 5582 2717 5633 ό
2742 5578 2998 5649 βασιλεὺς
3030 5577 3104 5642 ὡς
3134 5576 3237 5650 τὴν
3270 5574 3500 5645 γνώμην
3548 5574 3710 5644 ἐχου-

2123 5689 2210 5724 σιν
2252 5671 2693 5747 ἀμετάτρεπτον,
2728 5670 2823 5723 καὶ
2875 5669 2953 5733 ὡς
3013 5668 3119 5722 οὐκ
3165 5665 3233 5721 ἄν
3288 5681 3422 5719 ποτε
3480 5663 3708 5718 δύναιτο

2126 5765 2476 5836 μεταπείθειν
2501 5764 2717 5830 αὐτοὺς,
2749 5764 2841 5817 καὶ
2870 5763 2969 5829 τὴν
2992 5757 3316 5834 μεταϐολὴν
3345 5757 3708 5811 παντάπασιν
