4132 6458
370 354 510 420 1278

1520 351 1995 415 MARTYRIUM
2039 351 2100 413 S.
2143 353 2503 415 ARETHE.

3513 344 3651 416 12⁸14

367 470 666 540 ἀπογνοὺς,
706 466 791 533 εἷς
817 485 946 524 τινα
976 471 1321 545 χειμάρρουν
1359 469 1542 526 Ὀδίαν
1585 468 1731 525 οὕτω
1763 469 1957 525 καλού-

2067 481 2299 537 rentem,
2326 470 2418 540 qui
2449 477 2677 524 vocatur
2722 467 2907 535 Odias,
2942 476 2998 524 et
3040 466 3174 539 ipsis
3213 462 3326 522 illic
3372 464 3649 535 amputari

370 577 531 631 μενον
556 560 961 632 ἀπενεχθέντας
990 563 1279 618 ἐκέλευσεν
1307 561 1702 634 ἀποτμηθῆναι
1732 562 1834 626 τὰς
1862 578 1955 615 κε-

369 652 568 722 φαλὰς,
597 653 680 716 εἰς
706 652 768 706 ὃν
796 654 890 708 καὶ
916 656 1211 725 γενόμενον
1238 655 1336 710 καὶ
1360 655 1674 727 πρρσευχὴν
1702 654 1958 724 εὐθύμως

367 739 596 802 ιαυτοὺς
634 740 935 810 τρέψαντες
962 757 978 774 ο
1012 762 1033 796 ι
1078 743 1279 817 Κύριε,
1313 744 1511 815 Κύριε,
1570 744 1803 815 δύναμις
1858 745 1959 814 τῆς

364 832 645 901 σωτηρίας
677 832 858 900 ἡμῶν.
894 830 1073 901 εἷπον,
1117 836 1454 899 ἑπεσκίασας
1501 837 1596 889 ἐπὶ
1627 835 1729 907 τὴν
1786 851 1953 902 κεφα-

369 920 471 989 λὴν
505 921 666 991 ἡμῶν
691 923 750 975 ὲν
774 924 962 997 ἡμέρᾳ
1009 925 1275 997 πολέμου.
1303 945 1323 979 ι
1370 927 1670 998 Ὀδήγησον
1719 928 1817 981 καὶ
1861 926 1958 981 νῦν

365 1012 516 1083 ἡμᾶς
548 1015 629 1077 είς
673 1014 791 1068 ἁδὺν
828 1018 1088 1072 αἰωνίαν·
1122 1020 1204 1074 ὃτι
1233 1021 1336 1091 τῆς
1389 1022 1489 1091 σῆς
1531 1021 1755 1090 ἀγάπης
1803 1019 1959 1073 οὐδὲν

367 1102 479 1155 τῶν
518 1105 781 1159 ἁπάντων
813 1109 945 1177 ἡμῖν
974 1109 1111 1171 ὅλως
1142 1112 1521 1182 προετιμὴθη,
1546 1111 1606 1165 οὐ
1640 1110 1861 1181 πατρὶς,
1895 1109 1958 1162 οὐ

367 1194 547 1264 γένος,
597 1198 659 1250 οὐ
717 1198 979 1263 πλοῦτοςο
1034 1201 1170 1257 ἀλλά
1211 1204 1393 1258 πάντα
1441 1202 1815 1275 προηκάμεθα
1860 1202 1960 1256 καὶ

370 1286 546 1357 αὐτὴν
575 1287 666 1342 διὰ
702 1290 763 1342 σὲ
797 1290 900 1362 τὴν
948 1289 1118 1364 ζωὴν,
1174 1296 1272 1348 καὶ
1318 1295 1395 1359 ὡς
1442 1293 1694 1363 πρόϐατα
1741 1294 1959 1363 σφαγῆς

370 1381 766 1454 ἐλογίσθημεν.
796 1385 908 1439 Καὶ
933 1385 1031 1439 νῦν
1080 1387 1402 1459 ἱκετεύομεν
1432 1405 1446 1420 ο
1470 1387 1762 1459 γενηθήτω
1790 1389 1825 1457 ἡ
1861 1388 1957 1439 ἐκ-

368 1474 588 1544 δίκησις
618 1477 714 1529 τοῦ
758 1479 1001 1548 αἳματος
1036 1481 1148 1534 τῶν
1193 1481 1401 1536 δούλων
1433 1499 1532 1536 σου
1576 1481 1673 1535 τοῦ
1721 1482 1958 1551 ἐκκεχυ-

372 1566 556 1636 μένου.
581 1568 830 1640 Ἔπαρον
854 1571 957 1636 τὰς
989 1573 1182 1643 χεῖράς
1208 1589 1304 1628 σου
1336 1575 1429 1628 ἐπὶ
1455 1574 1554 1637 τὰς
1572 1574 1960 1644 ὑπερηφανίας

369 1660 571 1714 αὐτῶν.
616 1664 985 1735 Περιποίησαι
1046 1666 1175 1731 τοὺς
1233 1669 1387 1732 υἱοὺς
1444 1667 1556 1722 τῶν
1611 1667 1961 1739 θνησκόντων

369 1751 511 1822 ὑπὲρ
567 1752 687 1809 σοῦ.
740 1755 1031 1825 Κράτυνον
1082 1757 1189 1829 τὴν
1243 1758 1404 1812 πόλιν
1458 1777 1552 1813 σου
1605 1761 1813 1829 ταύτην
1858 1758 1959 1830 τὴν

368 1845 807 1919 ἐγκαυχωμένην
829 1847 908 1920 τῷ
935 1848 1106 1921 τιμίῳ
1135 1868 1231 1904 σου
1258 1852 1575 1922 αἴματικαὶ
1599 1852 1682 1923 τῷ
1710 1851 1954 1923 σταυρῷ,

367 1937 468 1991 καὶ
497 1938 612 2004 τοῖς
643 1939 899 1995 πάθεσιν.
943 1941 1109 2014 Ὁρᾷς
1147 1944 1299 2009 ὅπως
1334 1943 1509 2016 αὐτὴν
1542 1949 1590 1999 οἱ
1621 1945 1809 2017 ἐχθροί
1859 1962 1954 1998 σου

372 2028 677 2098 διέθηκαν·
727 2033 1092 2106 περιέκειραν
1135 2036 1232 2091 τὸν
1266 2039 1477 2109 κόσμον
1515 2038 1711 2108 αὐτῆς,
1759 2038 1960 2108 ἐϐεϐή-

366 2120 549 2174 λωταν
579 2122 638 2174 τὸ
668 2123 1031 2195 ἀγιαστήριόν
1087 2145 1208 2194 σου,
1233 2130 1327 2183 τὸν
1357 2131 1484 2184 ναὸν
1523 2131 1614 2184 τὸν
1662 2130 1819 2200 ἅγιόν
1861 2147 1956 2184 σου

370 2213 724 2284 ἐνέπρησαν·
791 2216 851 2270 ὃν
899 2218 1190 2290 ὑψωθῆναι
1230 2223 1328 2275 καὶ
1385 2223 1808 2293 κραταιωθῆναι
1860 2225 1957 2277 καὶ

366 2299 523 2367 αὖθις
548 2306 866 2378 εὐδόκησον,
888 2310 1066 2375 διδοὺς
1093 2314 1161 2367 τὰ
1188 2315 1444 2387 σκῆπτρα
1468 2314 1755 2385 βασιλεῦσι
1782 2318 1953 2388 Χρισ-

368 2401 597 2466 τιανοτς,
634 2401 729 2453 καὶ
765 2401 1091 2471 μεγαλύνων
1125 2405 1330 2469 αὐτοὺς
1365 2407 1426 2459 ἑν
1447 2407 1526 2474 τῷ
1555 2407 1786 2478 ὀνόματί
1835 2425 1955 2465 σου.

369 2491 483 2544 Καὶ
512 2492 627 2546 ὅσοι
656 2494 712 2548 δὲ
752 2495 841 2548 διὰ
869 2498 1039 2567 τιμῆς
1067 2497 1263 2564 ἄγουσι
1296 2499 1396 2569 τῆν
1427 2480 1740 2572 μαρτυρίαν
1768 2504 1951 2572 ἡμῶν,

373 2583 489 2654 βίον
512 2585 697 2650 αὐτοῖς
722 2588 1077 2658 ἀπρόσκοπον
1107 2589 1372 2661 δώρησαι,
1402 2593 1628 2660 ἀγαθῶν
1659 2594 1950 2665 ἀφθονίαν,

368 2680 465 2732 καὶ
495 2680 840 2752 συγγνώμην
872 2683 1187 2754 ἁμαρτιῶν,
1221 2686 1316 2737 καὶ
1351 2686 1501 2756 ἡμᾶς
1539 2687 1667 2750 τοῦς
1698 2689 1798 2753 τὴν
1833 2689 1958 2740 ἐπι-

370 2772 598 2841 φάνειαν
654 2774 753 2843 τὴν
806 2777 907 2846 σὴν
974 2778 1372 2847 ἀγαπήσαντας
1422 2779 1503 2840 είς
1549 2781 1649 2841 τὰς
1703 2780 1957 2844 αἰωνίους

372 2868 579 2935 σκηνὰς
631 2868 950 2939 πρόσδεξαι,
999 2871 1093 2923 καὶ
1147 2873 1260 2933 τοῖς
1296 2871 1394 2924 ἀπ’
1423 2870 1622 2935 αἰῶνός
1654 2889 1736 2926 σοι
1765 2873 1959 2942 εὐαρε-

375 2959 577 3028 τήσασι
634 2960 1070 3030 συναρίθμησον.
1122 2962 1309 3016 Ταῦτα
1361 2964 1635 3027 είπὸντες,
1689 2965 1957 3034 ἀλλήλους

377 3051 838 3119 περιεπτύξαντο.
893 3054 1006 3107 Καὶ
1060 3055 1152 3109 τὸν
1198 3054 1407 3125 αὐχένα
1456 3056 1677 3124 πρῶτον
1729 3058 1758 3110 ὁ
1813 3056 1957 3120 θεῖὸς

2062 563 2260 633 capita.
2300 562 2380 616 Ad
2408 578 2570 632 quem
2602 577 2728 617 eum
2774 560 3076 623 venissent,
3107 566 3163 613 et
3209 573 3269 614 se
3312 564 3569 628 prompto
3594 562 3652 612 et

2061 656 2226 713 alacri
2279 656 2465 711 animo
2518 655 2584 709 ad
2617 668 2812 724 preces
2842 651 3250 709 convertissem
3283 670 3298 705 :
3341 669 3360 702 ι
3400 648 3650 712 Domine,

2063 748 2314 812 Domine,
2345 747 2630 809 dixerunt,
2657 746 2832 800 virtus
2857 753 3059 799 nostra!
3098 742 3314 806 salutis,
3353 739 3657 795 obumbra-

2061 842 2129 897 sti
2156 857 2321 911 super
2351 850 2515 910 caput
2534 847 2782 894 nostrum
2808 838 2860 890 in
2886 837 2974 892 die
2995 835 3122 891 belli
3141 834 3188 889 ⁸.
3228 832 3413 887 »Νυηε
3436 846 3657 902 quoque

2061 933 2242 990 deduc
2298 948 2401 988 nos
2445 932 2501 986 in
2554 932 2722 985 vitam
2769 939 3029 984 mternam
3065 945 3079 984 :
3113 926 3372 995 quoniam
3422 923 3653 979 nihilex

2063 1027 2322 1103 omnibus
2352 1025 2509 1081 nobis
2554 1023 2727 1093 pluris
2760 1021 2885 1085 fuit,
2921 1035 3084 1091 quam
3135 1020 3214 1073 tui
3262 1016 3505 1080 dilectio,
3538 1030 3653 1070 non

2063 1119 2259 1189 patria.
2298 1133 2406 1172 non
2443 1131 2641 1188 genus.
2664 1130 2775 1169 non
2812 1113 3051 1168 divitias:
3091 1111 3187 1166 sed
3215 1110 3398 1164 omnia
3430 1116 3655 1178 propter

2063 1221 2117 1266 te
2146 1211 2510 1282 prodidimus,
2544 1211 2708 1266 etiam
2749 1209 2924 1280 ipsam
2957 1208 3147 1268 vitam,
3179 1216 3233 1260 et
3271 1213 3528 1274 tanquam
3559 1219 3652 1257 oc-
3700 1206 3704 1214 “

2061 1302 2286 1360 cisionis
2317 1318 2447 1359 oves
2476 1318 2668 1357 sumus
2691 1302 2926 1371 reputati
2947 1301 2993 1354 '.
3015 1300 3085 1354 Et
3121 1314 3266 1353 nunc
3293 1306 3344 1351 te
3375 1296 3652 1365 supplices

2062 1411 2341 1462 rogamus,
2368 1393 2490 1449 Fiat
2543 1393 2681 1449 ultio
2731 1392 3016 1464 sanguinis
3067 1405 3351 1445 servorum
3408 1397 3652 1450 tuorum,

2061 1491 2153 1558 qui
2186 1487 2531 1543 fuitell'usus.
2563 1487 2772 1542 Extolle
2817 1501 3013 1540 manus
3051 1492 3172 1539 tuas
3206 1499 3372 1552 super
3418 1481 3650 1536 istorum

2063 1581 2438 1652 superbiam'.
2471 1578 2703 1648 Suscipe
2744 1594 2808 1634 ac
2853 1577 3089 1633 defende
3142 1591 3332 1631 eorum
3364 1573 3526 1637 ﬁlios,
3558 1573 3653 1641 qui

2062 1690 2164 1745 pro
2181 1683 2232 1729 te
2249 1676 2583 1729 moriuntur.
2605 1672 2911 1728 Corrohora
2942 1670 3239 1730 civitatem,
3254 1682 3375 1737 quae
3393 1664 3657 1737 gloriatur

2066 1776 2161 1821 tuo
2197 1767 2435 1837 pretioso
2470 1766 2760 1837 sanguine,
2793 1773 2849 1819 et
2897 1778 3083 1827 cruce,
3111 1771 3167 1817 et
3188 1757 3653 1832 perpessionihus.

2072 1857 2231 1912 Vides
2275 1855 2736 1927 quemadmodum
2772 1868 2890 1908 eam
2948 1853 3023 1906 tui
3057 1849 3364 1904 aliecerunt
3404 1845 3653 1901 inimici:

2066 1949 2418 2004 attondcrunt
2437 1948 2557 2019 ejus
2576 1951 2990 2004 ornamentum,
3021 1941 3383 2011 profanarum
3401 1945 3660 1991 sanctua-

2066 2042 2207 2095 rium
2268 2052 2445 2102 tuum,
2493 2040 2756 2108 templum
2823 2045 3074 2091 sanctum
3118 2043 3273 2088 tuum
3327 2036 3659 2084 esusserunt

2065 2134 2211 2205 quod
2240 2134 2336 2187 tibi
2375 2135 2606 2202 placeat,
2642 2140 2701 2185 ut
2728 2145 2920 2207 rursus
2941 2127 3236 2182 extollatur
3260 2134 3316 2179 et
3347 2123 3657 2183 roboretur,

2067 2227 2249 2281 dando
2274 2234 2503 2296 sceptra
2554 2224 2770 2295 regibus
2814 2219 3165 2282 Christianis,
3198 2232 3405 2285 eosque
3434 2214 3660 2284 magnos

2066 2330 2123 2375 et
2151 2318 2365 2389 amplos
2401 2317 2683 2373 reddendo
2729 2316 2783 2370 in
2824 2325 2919 2369 tuo
2968 2312 3217 2368 nomine.
3247 2309 3349 2375 Qui
3385 2316 3568 2361 autem
3604 2308 3661 2360 in

2068 2413 2279 2467 honore
2310 2421 2558 2467 nostrum
2598 2408 2880 2463 habebunt
2906 2404 3254 2475 martyrium,
3287 2402 3354 2456 da
3380 2401 3463 2454 eis
3494 2399 3657 2453 vitam

2067 2506 2204 2560 citra
2238 2502 2402 2559 ullam
2440 2502 2826 2566 offensionem,
2870 2500 3144 2553 bonorum
3190 2495 3427 2563 cOpiain,
3454 2500 3509 2547 et
3568 2505 3661 2542 ve-

2067 2598 2213 2651 niam
2246 2606 2619 2667 peccatorum.
2650 2593 2760 2649 Nos
2781 2607 2912 2647 vero
2935 2592 3026 2662 qui
3064 2601 3217 2643 tuum
3252 2587 3547 2640 adventum
3573 2582 3660 2636 di-

2066 2691 2319 2753 leximus.
2338 2689 2393 2744 in
2420 2697 2623 2744 :eterna
2644 2682 2861 2753 suscipe
2879 2680 3253 2740 tabernacula,
3276 2687 3330 2733 et
3357 2692 3660 2731 annumera

2066 2783 2213 2838 inter
2245 2798 2360 2849 eos,
2391 2782 2485 2852 qui
2520 2781 2615 2835 tibi
2646 2779 2714 2834 ah
2765 2787 2975 2831 aeterno
3006 2775 3349 2843 placuerunt.
3381 2768 3508 2824 Haec
3533 2784 3659 2821 cum

2067 2875 2356 2936 dixissont,
2393 2888 2452 2927 se
2481 2872 2716 2926 invicem
2746 2876 2877 2924 sunt
2926 2867 3186 2935 amplexi.
3222 2863 3438 2917 Primus
3474 2870 3661 2914 autem

2067 2968 2286 3022 divinus
2315 2968 2573 3028 Arethas,
2600 2963 2815 3019 cervice
2850 2960 3132 3023 inclinata,
3164 2957 3333 3010 ictum
3365 2952 3525 3024 gladii
3572 2953 3664 3007 la:-

2070 3068 2251 3116 tantcr
2278 3059 2502 3130 excipit,
2535 3067 2588 3113 et
2615 3057 2690 3112 ita
2721 3058 2767 3109 ei
2792 3062 2959 3126 caput
2993 3060 3333 3121 amputatur.
3363 3049 3531 3101 Porro
3563 3062 3662 3100 au-

373 3135 681 3229 ἀποκλίνας
748 3138 1002 3210 Ἀρέθας,
1037 3141 1132 3210 ὑφ’
1190 3144 1402 3214 ὲτέρων
1458 3145 1553 3199 δύο
1601 3145 1958 3217 βαστάζεται,

2070 3163 2176 3208 tem
2209 3154 2449 3221 reliquus
2480 3166 2704 3220 quoque
2732 3149 2957 3212 chorus,
2997 3145 3239 3216 jucunda
3268 3153 3324 3198 et
3372 3158 3493 3210 quae
3525 3138 3662 3194 solvi

371 3224 489 3281 εἶτα
520 3231 614 3282 καὶ
659 3233 761 3303 τὴν
792 3233 1035 3305 κεφαλὴν
1066 3236 1404 3305 ἀφαιρεῖται.
1445 3239 1552 3291 Καὶ
1582 3240 1610 3291 ὁ
1662 3239 1852 3302 λοιπὸς
1898 3243 1959 3293 δὲ

377 3322 690 3386 ἀκολούθως
721 3327 910 3397 χορὸς,
962 3327 1255 3396 ήγλυκεῖα
1307 3330 1402 3383 καὶ
1434 3330 1632 3395 ἀλυτος
1686 3333 1958 3405 ἑταιρεία,

374 3412 452 3474 ὡς
481 3408 630 3484 εἶχον
661 3416 859 3487 τάχους
918 3419 996 3490 τῷ
1043 3420 1210 3492 τιμίῳ
1248 3422 1458 3476 ἐκείνου
1507 3423 1846 3496 χρησάμενοι
1879 3425 1964 3480 αῖ-

377 3521 535 3574 ματι,
584 3510 838 3580 καθάπερ
878 3513 984 3564 τινὶ
1018 3510 1181 3583 μύρῳ
1213 3514 1498 3567 πολυτελεῖ
1524 3515 1661 3586 πρὸς
1694 3517 1795 3585 τὴν
1826 3514 1989 3586 σφω’

376 3598 483 3669 γὴν
562 3600 830 3672 ἐχώρουν,
882 3604 980 3658 καὶ
1038 3607 1241 3675 σπουδῇ
1291 3608 1443 3679 πάσῃ
1487 3606 1580 3661 τὸν
1632 3606 1721 3662 διὰ
1773 3606 1964 3676 ξίφους

372 3690 623 3763 ἐδέχοντο
653 3695 909 3760 θάνατον,
948 3698 1151 3765 μικροῦ
1184 3698 1281 3751 καὶ
1328 3697 1586 3768 ἀλλήλοις
1618 3697 1717 3752 τοῦ
1764 3700 1963 3772 καιροῦ

375 3787 719 3858 φθονοῦντες,
754 3788 829 3850 ὡς
864 3788 1025 3841 πλέον
1072 3806 1125 3842 τι
1172 3789 1312 3861 πρὸς
1354 3790 1525 3864 τιμὴν
1577 3792 1835 3862 νέμοντος
1883 3790 1965 3864 τῷ

374 3879 511 3951 προθ
522 3882 697 3933 λνῦντι
741 3881 769 3935 ὁ
797 3881 1186 3951 ἐπερχόμενος.

447 3973 575 4028 KB‘.
617 3973 762 4044 Γυνὴ
808 3973 866 4027 δέ
919 3990 1003 4037 τις
1047 3973 1265 4027 παιδίον
1308 3972 1511 4045 ἔχουσα
1550 3974 1848 4047 παραθέον,
1900 3974 1964 4029 οὗ

372 4064 538 4118 πλέον
602 4064 831 4134 ῆπέντε
881 4065 1113 4135 χρόνους
1142 4066 1438 4136 γενόμενον
1468 4066 1656 4138 ὁρῶσα
1704 4067 1773 4121 τὰ
1821 4065 1965 4137 δρώ-

376 4172 540 4223 μενα,
572 4156 667 4209 καὶ
710 4154 847 4226 πρὸς
882 4159 977 4209 τὸν
1019 4156 1209 4226 ὅμοιον
1246 4156 1549 4230 διάθερμον
1579 4156 1739 4211 θεῖσα
1774 4157 1964 4228 ζῆλον,

372 4249 475 4316 τὴν
506 4247 777 4317 ταχίστην
842 4247 1279 4319 προσδραμοῦσα
1326 4248 1550 4304 καὶτοῦ
1599 4250 1834 4322 αἵματος
1870 4252 1969 4305 καὶ

373 4341 512 4410 αὑτὴ
541 4339 807 4403 λαϐοῦσα,
842 4340 1030 4408 ἐκείνη
1078 4358 1140 4395 τε
1217 4342 1479 4413 ἠλείψατο
1523 4342 1623 4397 καὶ
1661 4344 1757 4398 τὸν
1800 4345 1968 4399 παῖδα

377 4437 675 4507 μητρικαῖς
722 4433 882 4507 χερσὶ
937 4434 1275 4507 περιέχριεν.
1325 4434 1461 4490 Εἶτα
1509 4437 1607 4492 καὶ
1668 4439 1750 4501 εἰς
1799 4437 1967 4491 αὑτὸν

2066 3263 2176 3301 non
2202 3254 2416 3315 poterat
2440 3243 2723 3303 sodalitas,
2750 3257 2874 3296 eum
2909 3255 3069 3307 quam
3107 3236 3339 3291 maxima
3367 3242 3663 3305 potuerunt

2066 3339 2371 3402 celeritate,
2401 3351 2460 3391 se
2488 3335 2804 3389 venerando
2838 3333 3125 3387 auxissent
3171 3329 3319 3383 illius
3368 3327 3661 3396 sanguine,

2069 3443 2327 3503 tanquam
2387 3438 2670 3501 unguento
2721 3426 2905 3494 aliquo
2954 3424 3218 3494 pretioso.
3256 3427 3665 3487 consequenter

2066 3526 2133 3581 ad
2155 3533 2382 3580 mortem
2409 3523 2836 3581 contenderunt,
2856 3534 3017 3587 quam
3047 3515 3225 3587 gladio
3249 3528 3484 3583 propere
3503 3525 3663 3564 arce-

2067 3625 2287 3689 perunt,
2316 3615 2419 3669 sibi
2453 3614 2685 3667 invicem
2719 3620 2937 3679 tempus
2969 3605 3367 3679 propemodum
3402 3602 3662 3656 inviden-

2070 3720 2175 3772 tes,
2202 3715 2391 3777 utpote
2420 3703 2563 3774 quod
2601 3700 2730 3772 quid
2760 3700 2942 3768 majus
2978 3697 3044 3751 ad
3097 3696 3364 3750 honorem
3394 3691 3666 3745 tribucrc-
3697 3706 3704 3712 ·

2071 3809 2160 3854 tur
2190 3801 2262 3863 ei,
2301 3798 2392 3868 qui
2420 3797 2572 3867 prius
2602 3803 2722 3850 erat
2742 3803 3014 3856 mortuus,
3049 3803 3162 3859 prae
3191 3787 3306 3851 illo,
3335 3785 3429 3855 qui
3464 3781 3663 3837 deinde

2069 3891 2426 3958 sequebatur.

2143 3982 2309 4038 XXII.
2354 3980 2613 4049 Quardam
2673 3987 2855 4031 autem
2911 3973 3107 4027 mulier
3157 3970 3369 4033 habens
3429 3979 3663 4036 puerum

2069 4079 2621 4145 prmtereurrentem,
2654 4082 2765 4120 non
2817 4064 2939 4134 plus
2991 4078 3152 4132 quam
3206 4058 3452 4130 quinque
3488 4069 3665 4109 annos

2069 4176 2283 4225 natum,
2311 4179 2436 4218 cum
2463 4161 2675 4216 videret
2709 4174 2796 4220 ea,
2826 4173 2949 4227 qua
2997 4154 3223 4217 liehant,
3252 4159 3306 4205 ct
3331 4150 3396 4204 ad
3430 4150 3661 4203 similem

2070 4273 2299 4313 accensa
2348 4262 2496 4310 esset
2545 4251 2976 4313 a-mulationem,
3027 4246 3295 4301 citissime
3341 4254 3662 4304 accurrcns,

2073 4367 2198 4406 cum
2251 4351 2367 4420 ipsa
2433 4361 2654 4419 quoque
2707 4343 3009 4412 accepisset
3061 4340 3426 4409 sanguinem,
3471 4349 3532 4389 se
3573 4333 3666 4388 illo

2075 4444 2235 4500 unxit
2267 4452 2323 4497 et
2359 4441 2552 4494 lilium.
2581 4437 2790 4492 Deinde
2825 4436 3006 4506 ipsum
3044 4446 3226 4502 regem
3256 4427 3662 4487 ludiﬁcabatur.

372 4526 767 4582 ὲναπέσκωπτε
816 4526 908 4579 τὸν
955 4524 1210 4598 βασιλέα,
1263 4525 1534 4598 τύραννον
1582 4527 1965 4594 ἀποκαλοῦσα,

2074 4550 2202 4591 eum
2260 4546 2465 4587 vocans
2523 4538 2837 4600 tyrannum,
2878 4534 2935 4580 et
2984 4540 3149 4595 quam
3183 4522 3419 4576 maxima
3453 4526 3669 4588 poterat

371 4620 468 4674 Mi.
495 4617 754 4687 ὀξυτάτῃ,
787 4615 863 4678 ὡς
891 4611 1029 4686 εἶχε,
1062 4617 1239 4685 φωνῇ,
1277 4617 1475 4669 Ἔσται
1505 4615 1583 4686 τῷ
1615 4614 1830 4685 βασιλεῖ
1858 4613 1970 4667 τῶν

387 4709 660 4780 Ἐϐραίων
691 4710 767 4771 ὼς
804 4707 884 4777 τῷ
929 4708 1158 4776 Φαραὼ,
1185 4706 1446 4775 λέγουσα.
1481 4708 1545 4761 Οἱ
1602 4706 1818 4759 ἐκείνου
1856 4706 1969 4760 τοί-

2071 4641 2204 4683 voce
2231 4625 2458 4679 dlceus:
2491 4620 2612 4675 Erit
2634 4621 2991 4674 llehrzeorum
3024 4616 3159 4682 regi.
3191 4616 3336 4668 sicut
3367 4611 3668 4664 Pharaoni.

2067 4720 2217 4774 Illius
2251 4731 2384 4769 vero
2422 4712 2714 4772 satellites,
2746 4711 2836 4774 iis,
2862 4724 2984 4778 quas
3034 4706 3387 4766 dicebantur,
3439 4703 3663 4765 auditis,

375 4820 470 4857 νυν
503 4801 849 4856 ὑπασπισταὶ
878 4799 988 4853 τῶν
1017 4798 1333 4867 λεγομένων
1365 4799 1732 4864 ἀκουσάντες,
1769 4798 1965 4851 συλλα-

2067 4806 2518 4877 comprehensam
2561 4802 2751 4857 statim
2785 4799 3075 4854 mulierem
3132 4798 3341 4851 ducunt
3367 4795 3434 4849 ad
3485 4794 3664 4862 ipsum

376 4898 564 4960 δόντες
598 4895 759 4958 εὐθὺς
788 4896 891 4966 τὴν
936 4895 1181 4963 γυναῖκα
1214 4893 1291 4956 ὡς
1323 4892 1488 4946 αὑτὸν
1517 4893 1712 4958 ἄγουσι
1741 4893 1834 4944 τὸν
1864 4890 1965 4961 βα-

378 4991 556 5055 σιλέα,
590 4991 686 5043 καὶ
718 4988 866 5060 ἅπερ
893 4987 1092 5059 ἐκείνῳ
1125 4986 1340 5057 πικρῶς
1370 4984 1774 5055 διελοιδορεῖτο,
1823 4982 1967 5054 μετά

375 5083 578 5152 πολλῆς
623 5081 1033 5151 ἀπαγγέλλουσι
1078 5080 1178 5150 τῆς
1224 5079 1567 5151 προσθήκης.
1616 5077 1676 5132 '0
1718 5077 1799 5145 δὲ,
1832 5077 1967 5150 μηδὲ

373 5179 538 5246 λόγου
568 5176 703 5245 μηδὲ
738 5176 906 5246 ψιλῆς
966 5176 1108 5247 αὐτῇ
1147 5174 1421 5246 μεταδοὺς
1470 5173 1818 5247 ἐρωτήσεως,
1863 5169 1969 5224 ποῦ

377 5273 491 5343 γὰρ
520 5270 554 5342 ἢ
588 5270 811 5341 βασάνῳ
851 5269 915 5324 τὸ
946 5272 1207 5341 πρᾶγμα,
1244 5269 1278 5340 ἢ
1317 5270 1499 5342 κρίσει
1544 5271 1654 5324 τινὶ
1696 5268 1968 5335 δεδωκὼς,

372 5367 466 5419 τὸν
488 5364 576 5417 διὰ
607 5362 777 5434 πυρὸς
810 5363 982 5432 αὐτῆς
1012 5360 1461 5432 καταψηφίζεται
1491 5361 1748 5416 θάνατον.
1783 5361 1963 5424 Εὐθὺς

372 5455 469 5512 οὖν
493 5454 596 5524 ὖλη
638 5456 1015 5522 συνεφορεῖτο,
1049 5454 1146 5509 καὶ
1173 5453 1287 5526 πῦρ
1317 5454 1458 5527 αὐτῇ
1498 5454 1908 5527 ὑπερεϐάλλετο
1937 5457 1970 5526 ἡ

383 5546 521 5617 φλόξ
545 5562 602 5599 τε
634 5546 727 5599 ἐπὶ
761 5545 909 5616 μέγα
938 5545 1127 5618 ᾔρετο,
1179 5548 1278 5601 καὶ
1322 5546 1456 5619 θείῳ
1503 5548 1601 5602 καὶ
1648 5548 1841 5620 πίσση,
1873 5548 1974 5603 καὶ

378 5639 713 5711 κληματίσιν
766 5641 1057 5712 ἐτρέφετο.
1105 5635 1237 5695 Εἶτα
1275 5640 1370 5695 καὶ
1419 5642 1455 5712 ή
1494 5641 1633 5711 γυνὴ
1691 5642 1973 5713 περιεδεσ-

2069 4914 2282 4969 regem,
2330 4904 2388 4951 et
2423 4894 2736 4956 maledicta,
2765 4892 2963 4962 quibus
3009 4890 3161 4944 illum
3217 4888 3414 4944 acerbe
3446 4896 3669 4957 appete-

2070 4994 2185 5056 bat,
2226 4989 2549 5048 renuntiant
2573 5003 2698 5042 cum
2733 5001 2928 5056 magna
2953 4984 3295 5039 accessione.
3323 4982 3418 5037 llle
3457 4990 3664 5039 autem.

2071 5103 2197 5143 cum
2223 5100 2326 5141 nec
2349 5083 2397 5140 ei
2427 5082 2654 5137 fecisset
2681 5078 2898 5135 dicendi
2938 5086 3292 5148 potestatem,
3329 5085 3385 5129 et
3420 5088 3519 5127 nec
3545 5088 3666 5127 eam

2070 5178 2291 5250 quidem
2324 5176 2735 5244 interrogasset,
2777 5184 2901 5225 eam
2925 5167 3279 5231 condemnat,
3304 5175 3366 5220 ut
3394 5165 3519 5236 igne
3552 5177 3669 5216 mo-

2073 5278 2308 5327 reretur.
2334 5268 2533 5323 Statim
2562 5281 2691 5338 ergo
2723 5266 2826 5320 l‘uit
2849 5270 3107 5334 congesta
3142 5260 3392 5322 materia,
3422 5268 3480 5312 et
3528 5255 3668 5329 ignis

2075 5364 2124 5418 ei
2153 5363 2472 5433 subjectus:
2499 5366 2554 5415 et
2580 5358 2794 5413 ﬂamma
2826 5372 2884 5411 se
2917 5355 2971 5409 in
3002 5354 3171 5408 altmn
3198 5349 3668 5417 sustulit,sullure

2074 5468 2130 5513 et
2160 5456 2278 5528 pice
2302 5465 2357 5510 et
2387 5452 2685 5509 sarmentis
2716 5451 2946 5507 nutrita.
2978 5446 3186 5504 Deinde
3222 5444 3513 5500 fuitetiam
3541 5441 3666 5496 alli-

2074 5560 2198 5621 gata
2228 5548 2448 5613 mulier,
2477 5554 2533 5602 et
2564 5560 2685 5601 eam
2715 5544 2969 5600 lictorum
3001 5554 3194 5597 manus
3219 5535 3662 5609 complectehan-

2075 5651 2185 5710 tur,
2218 5647 2278 5695 ut
2320 5654 2448 5695 cum
2495 5636 2691 5693 fuisset
2720 5635 2803 5694 eis
2845 5647 2985 5690 onus
3015 5637 3235 5704 portatu
3284 5627 3465 5695 facile,
3498 5626 3577 5682 sic
3607 5625 3661 5680 in

456 5820 476 5849 ⁸
506 5816 647 5875 Psal.
679 5833 896 5885 exists,
927 5819 982 5875 8.
1057 5821 1078 5852 '
1109 5819 1251 5876 Psal.
1291 5835 1439 5888 sun,
1482 5820 1566 5877 12.
1646 5821 1665 5854 ⁶
1700 5820 1844 5876 Psal.
1883 5836 2067 5885 Lxxm,
2107 5821 2158 5877 5.
