4132 6452
552 314 690 378 1275

1837 318 2123 381 MENSIS
2161 321 2525 389 OCTOBER.

3671 325 3819 395 1276

544 424 780 482 mediam
820 423 1092 480 ﬂammam
1132 434 1279 483 recta
1317 424 1704 496 conjiceretur.
1737 427 1877 482 Puer
1908 435 2116 493 autem,

2240 436 2409 505 μεττο,
2438 434 2533 489 καὶ
2557 449 2770 504 οημιων
2801 432 2974 506 αὐτὴν
3006 432 3376 490 συνίπτυσσον
3403 436 3609 508 χεῖρες,
3632 443 3820 509 ὅπως,

545 520 636 588 qui
669 517 819 573 solus
864 528 1225 582 remanserat.
1259 517 1506 580 dolebat,
1543 518 1951 590 indignabatur,
1988 534 2131 591 aegre

549 609 780 671 ferebat,
820 624 928 662 non
958 624 1121 664 secus
1146 624 1209 663 ac
1234 623 1426 663 recens
1470 611 1576 664 nati
1608 611 1761 680 pulli,
1788 625 1895 664 non
1952 610 2132 667 ferens

547 701 741 755 matris
763 699 1091 755 absentiam.
1134 701 1306 757 Porro
1360 711 1543 757 autem
1579 703 1636 757 in
1680 719 1869 773 gyrum
1910 711 2134 757 vertens

549 790 771 855 oculos,
818 799 875 844 et
921 790 1253 846 amicissima
1301 793 1488 861 lingua
1526 802 1757 849 matrem
1809 792 2132 861 requirens,

548 879 699 932 videt
728 893 911 949 regem
942 879 1223 935 sedentem
1261 881 1316 935 in
1362 882 1603 944 excelso,
1640 892 1696 936 et
1722 880 1787 935 ad
1833 881 2010 950 ipsum
2045 894 2136 935 ac-

549 971 741 1033 currit,
786 970 976 1024 oeulos
1026 972 1233 1028 habens
1273 972 1465 1042 plenos
1513 972 1787 1043 lacrymis.
1829 970 2032 1025 Deinde
2076 986 2135 1025 se

549 1063 819 1131 provolvit
852 1064 919 1118 ad
944 1065 1088 1119 illius
1123 1065 1309 1133 pedes,
1338 1082 1440 1137 pro
1473 1075 1647 1121 matre
1672 1080 1869 1135 regans
1896 1072 1957 1119 ut
1981 1073 2139 1133 pote-

550 1160 658 1205 rat.
709 1151 803 1206 Ille
844 1160 1052 1215 autem,
1107 1167 1172 1207 eo
1221 1163 1443 1224 accepto
1492 1163 1547 1207 et
1605 1153 1837 1223 genibus
1880 1152 2136 1223 imposito

550 1243 690 1314 (erat
727 1243 872 1296 enim
911 1258 1045 1310 puer
1078 1244 1251 1299 scitus
1294 1253 1347 1299 et
1387 1245 1629 1317 elegans,
1667 1254 1721 1299 et
1746 1246 1859 1315 qui,
1891 1256 1950 1300 ut
1976 1262 2135 1317 puer,

549 1336 794 1390 suaviter
816 1334 1204 1403 balbutiebat),
1236 1336 1463 1406 rogabat
1490 1353 1614 1391 cum
1660 1353 1769 1406 quo
1800 1337 1986 1391 mallet
2019 1354 2139 1393 ver-

551 1426 684 1490 sari,
714 1434 770 1479 et
798 1441 959 1495 quem
985 1425 1155 1497 magis
1180 1426 1451 1498 diligeret.
1479 1426 1572 1482 Ille
1596 1436 1778 1481 autem
1805 1436 2035 1482 matrem
2056 1428 2140 1483 di—

552 1517 744 1582 cebat,
786 1526 1015 1571 matrem
1049 1535 1064 1571 :
1110 1527 1165 1572 et
1202 1534 1319 1573 eam
1361 1518 1592 1573 deﬂebat
1623 1519 1866 1573 assidue.
1907 1518 2138 1588 Propter

550 1610 891 1685 eam-enim,
917 1610 1116 1679 inquit,
1149 1611 1296 1676 veni,
1343 1619 1397 1665 et
1429 1625 1580 1682 rogo,
1615 1626 1649 1665 0
1680 1627 1794 1677 rex,
1823 1627 1943 1666 eam
1979 1610 2135 1678 solvi,

2233 526 2563 596 εὐκόμιστος
2605 526 2790 589 αὐτοῖς
2842 526 3116 595 γενομένη
3164 527 3387 598 φόρτος,
3438 529 3579 585 κατὰ
3632 530 3815 601 μέσης

2232 616 2378 672 οὕτω
2405 618 2605 687 φλογὸς
2637 618 2913 687 εὐστόχως
2941 618 3312 689 ἀκοντισθείη.
3357 616 3627 689 ’σμέντοι
3654 626 3819 690 παῖς,

2238 712 2399 780 μόνος
2447 708 2819 777 ἀπολειφθεὶς,
2875 709 3097 781 ἤχθετο,
3148 709 3438 780 ἤσχαλλεν,
3502 713 3818 783 ἐδυσφόρει,

2236 800 2491 872 καθάπερ
2541 801 2610 854 τὰ
2661 799 2899 868 νεουργά
2942 800 3051 853 τῶν
3094 800 3303 864 ἵππων,
3341 801 3441 871 τῆς
3492 803 3703 872 μητρὸς
3753 805 3819 858 οὐ

2236 890 2420 961 φέρων
2458 889 2559 960 τὴν
2605 890 2985 961 ἀλλοτρίωσιν.
3033 890 3252 961 ’Δμέλει
3301 891 3395 945 καὶ
3456 894 3639 947 πυκνά
3687 894 3826 956 τοὺς

2235 980 2551 1051 ὀφθαλμοὺς
2611 982 2992 1053 περιστρέφων
3049 986 3355 1056 πανταχοῦ,
3422 986 3520 1040 καὶ
3575 986 3826 1055 φιλτάτῃ

2237 1072 2460 1147 γλώσσῃ
2513 1074 2608 1128 καὶ
2663 1074 2875 1144 όμμασι
2929 1075 3032 1144 τὴν
3083 1076 3300 1146 μητέρα
3355 1075 3656 1146 ἐπιζητῶν,
3714 1076 3829 1146 ὁρᾷ

2238 1164 2553 1237 καθήμενον
2578 1165 2671 1217 ἐπὶ
2698 1164 2977 1235 μετεώρου
3007 1165 3099 1219 τὸν
3133 1166 3381 1237 βασιλέα,
3417 1169 3508 1221 καὶ
3552 1169 3696 1237 πρὸς
3726 1170 3829 1222 αὐ-

2237 1259 2330 1313 τὸν
2370 1258 2666 1331 ἀποτρέχει
2696 1258 2952 1329 δακρύων
2979 1260 3106 1322 τοὺς
3150 1259 3467 1329 ὀφθαλμοὺς
3497 1259 3823 1322 ὑπόπλεως.

2240 1346 2377 1404 Εἶτα
2401 1351 2513 1412 τοῖς
2546 1349 2760 1403 ἑκείνου
2798 1349 3266 1419 περιεκαλινδεῖτο
3302 1354 3480 1421 ποσίν,
3530 1353 3677 1424 ὑπὲρ
3721 1356 3826 1424 τῆς

2241 1443 2471 1515 μητρός,
2518 1445 2595 1509 ὡς
2625 1441 2762 1516 εἶχε,
2792 1445 3070 1515 δεόμενος.
3131 1448 3192 1500 'U
3223 1448 3279 1502 δὲ
3325 1449 3530 1513 λαϐὼν,
3577 1449 3676 1503 καὶ
3705 1450 3824 1511 τοῖς

2239 1537 2432 1605 γόνασι
2461 1536 2706 1608 περιθεὶς
2739 1533 2827 1607 (ἦν
2862 1539 2973 1608 γὰρ
2998 1540 3058 1591 τὸ
3093 1541 3313 1595 παιδίον
3354 1541 3449 1595 καὶ
3479 1542 3677 1611 χάριεν
3706 1536 3823 1594 οἷον

2241 1630 2337 1685 καὶ
2370 1630 2586 1684 ἀστεῖον
2614 1628 2713 1701 τὴν
2752 1629 2901 1699 ὄψιν,
2936 1632 3033 1684 καὶ
3064 1633 3237 1701 ἡδέως
3267 1633 3338 1685 τὰ
3371 1633 3597 1686 παιδικά
3628 1632 3824 1702 ψελλι-

551 1709 612 1753 ut
652 1715 736 1754 me
781 1716 997 1771 quoque
1042 1702 1206 1756 simul
1257 1711 1500 1756 assumat
1545 1702 1613 1757 ad
1669 1703 2011 1775 martyrium.
2043 1702 2136 1757 illa

2246 1720 2521 1791 ζόμενον),
2559 1719 2822 1790 ἀνηρώτα
2852 1721 2961 1775 τίνι
2993 1722 3197 1792 μᾶλλον
3229 1723 3295 1778 ἂν
3321 1723 3498 1777 ἒλοιτο
3540 1725 3821 1787 συνεῖναι,

550 1789 698 1843 enim
731 1805 816 1845 me
844 1806 988 1861 sazpe
1015 1790 1081 1846 ad
1111 1791 1214 1846 hoc
1244 1792 1457 1846 hortata
1485 1800 1588 1847 est.

2240 1785 2855 1879 ιαὶττίναπλέονηφιλετ.
2894 1813 2968 1866 Τὸ
2994 1785 3062 1868 ’δὲ
3102 1812 3201 1885 τὴν
3239 1815 3453 1885 μητέρα
3477 1814 3666 1882 ἔλεγε,
3724 1785 3828 1884 τὴν

556 1903 791 1973 μητέρα,
832 1904 927 1957 καὶ
955 1904 1162 1974 ταύτην
1196 1904 1419 1975 συνεχὲς
1468 1905 1809 1960 ἀνεκλαίετο.
1862 1906 1974 1959 Καὶ
2019 1904 2130 1977 γὰρ
2158 1907 2325 1976 αὑτῆς
2374 1906 2562 1960 ἕνεκεν
2613 1904 2915 1975 ἀφικόμην,
2953 1907 3109 1976 φησὶ,
3166 1910 3264 1962 καὶ
3310 1908 3654 1975 ἀπολυθῆναι
3693 1907 3830 1960 ταῦ-

549 2011 678 2063 την,
706 1988 752 2048 ὧ
785 1994 1034 2064 βασιλεῦ,
1087 1994 1305 2066 δέομαι,
1363 1997 1453 2051 ἵνα
1482 1998 1576 2052 καὶ
1621 1996 1723 2068 ἐμὲ
1771 1995 2180 2071 συμπαραλάδῃ
2237 1997 2375 2068 πρὸς
2407 1997 2467 2050 τὸ
2505 1996 2827 2068 μαρτύριον.
2872 1994 3088 2065 Ἐκείνη
3149 1998 3259 2069 γάρ
3307 2014 3378 2068 με
3429 1996 3693 2061 πολλάκις
3745 1997 3829 2061 είς

550 2087 745 2140 τοοῦτο
765 2087 1032 2151 ἑξεκαλεῖ.

622 2180 814 2235 XXIII.
847 2183 1146 2239 Attendens
1180 2194 1359 2240 autem
1397 2201 1489 2240 rex
1544 2186 1709 2241 verba
1758 2186 1914 2256 pueri
1948 2186 2132 2252 :Quid

550 2282 639 2327 est
679 2283 862 2329 autem
904 2275 1028 2339 hoc,
1065 2278 1262 2346 inquit,
1300 2278 1447 2348 quod
1494 2278 1635 2333 dicis
1684 2278 2041 2349 martyrium?
2066 2278 2136 2345 Ο,

551 2379 677 2433 quae
700 2365 866 2419 etiam
900 2367 1135 2424 infantes
1156 2370 1432 2438 sapientes
1454 2371 1652 2434 reddit,
1684 2380 1858 2437 tuam,
1883 2371 2135 2436 Domine,

2240 2369 2309 2424 Τὸ
2321 2370 2399 2430 δὲ,
2422 2369 2487 2420 Ὢ
2501 2367 2592 2436 τῆς
2611 2364 2991 2433 συνετιζούσης
3006 2368 3101 2420 καὶ
3121 2365 3369 2437 νηπίους,
3386 2366 3657 2432 Δέσποτα,
3678 2369 3828 2438 χάρι-

552 2454 779 2521 gratiam
817 2471 912 2521 pro
958 2455 1201 2521 Christo,
1232 2459 1430 2528 inquit,
1455 2460 1611 2525 mori,
1640 2471 1696 2514 et
1715 2475 1906 2515 rursus
1933 2461 2138 2516 vivere.

2246 2478 2339 2523 τος
2366 2461 2425 2513 τὸ
2456 2459 2747 2513 ἀποθανεῖν
2777 2458 2921 2528 ὑπὲρ
2951 2458 3212 2528 Χριστοῦ,
3246 2458 3376 2528 ἔφη,
3420 2458 3519 2511 καὶ
3543 2458 3705 2522 αὖθις
3731 2458 3829 2531 ζῆ-

558 2544 671 2600 Sed
713 2547 835 2616 quis
863 2557 947 2601 est
995 2549 1083 2603 hic
1124 2548 1397 2617 Christus,
1434 2566 1623 2606 rursus
1655 2550 1786 2606 dicit
1832 2551 1962 2605 rex?
1996 2551 2138 2606 Puer

2253 2568 2365 2606 σαι.
2416 2548 2582 2603 ’Δλλά
2616 2549 2699 2612 τίς
2727 2550 2755 2602 ό
2778 2548 3015 2619 Χριστὸς
3043 2540 3199 2611 οὗτός
3226 2548 3366 2613 ἐστι,
3416 2549 3580 2602 πάλιν
3611 2551 3643 2602 ό
3676 2548 3830 2619 βασι-

557 2644 741 2690 autem
778 2654 794 2692 :
827 2638 964 2694 Veni
1016 2641 1143 2704 huc,
1193 2641 1392 2711 inquit,
1427 2643 1492 2696 ad
1543 2642 1853 2704 ecclesiam,
1904 2652 1961 2698 et
2015 2658 2138 2697 eum

2248 2642 2398 2705 λεύς.
2438 2641 2554 2696 Kal
2581 2642 2641 2695 τὸ
2675 2640 2913 2695 παιδίον·
2948 2639 3119 2710 Δεῦρο
3162 2640 3313 2710 παρὰ
3347 2640 3449 2710 τὴν
3494 2641 3825 2712 ἐκκλησίαν,

557 2728 655 2782 tibi
685 2729 987 2784 ostendam.
1014 2732 1238 2787 interim
1271 2742 1453 2788 autem
1486 2749 1611 2788 cum
1643 2744 1873 2789 matrem
1902 2735 2138 2804 aspexis-

2244 2734 2371 2805 ἔφη,
2399 2734 2496 2787 καλ¹
2524 2733 2683 2787 αὑτὸν
2714 2732 2979 2797 ὑποδείξω
3007 2749 3113 2787 σοι.
3164 2733 3274 2785 Καὶ
3307 2730 3512 2802 μεταξὺ
3540 2730 3830 2802 παραθεα-

557 2826 665 2882 set,
695 2817 832 2875 ﬂens
860 2821 998 2875 dixit
1040 2839 1054 2876 :
1086 2822 1239 2885 Sine.
1270 2825 1389 2880 sine
1443 2840 1532 2879 me
1558 2826 1748 2880 venire
1785 2826 1850 2880 ad
1888 2836 2138 2881 matrem.

2247 2827 2485 2895 σάμενος
2535 2825 2637 2896 τὴν
2701 2824 2940 2895 μητέρα,
2981 2823 3212 2887 Ἐασον,
3275 2822 3828 2892 κλαυθμυριζόμενος

555 2907 728 2965 Video
767 2910 915 2966 enim
954 2926 1078 2966 eam
1132 2913 1298 2978 trahi,
1332 2921 1388 2969 et
1418 2915 1559 2969 male
1603 2914 1739 2969 allici
1772 2931 1800 2969 a
1832 2915 2138 2970 lictoribus.

2248 2913 2428 2981 εἶπεν,
2477 2916 2640 2971 ἔασον
2682 2915 2788 2988 τὴν
2845 2915 3066 2984 μητέρα
3115 2912 3469 2967 καταλαῦεῖν.
3523 2912 3673 2981 Ὀρῶ
3716 2914 3828 2982 γὰρ

552 2997 672 3053 Rex
696 3010 876 3056 autem
904 3018 918 3055 :
951 3000 1064 3055 Cur
1096 3002 1222 3066 huc,
1256 3003 1414 3068 dixit,
1450 3005 1670 3069 venisti,
1704 2990 1878 3061 matre
1917 3006 2138 3063 relicta!

2255 3007 2360 3061 ὑπὸ
2391 3006 2502 3059 τῶν
2528 3005 2741 3076 δημίων
2772 3003 3096 3074 ἑλκομένην,
3131 3003 3225 3056 καὶ
3258 3003 3444 3065 κακῶς
3472 3001 3819 3072 πάσχουσαν.

554 3085 661 3140 Sed
695 3088 770 3142 sis
805 3088 891 3141 hic
925 3089 1232 3152 nobiscum,
1261 3100 1317 3145 et
1346 3091 1486 3146 dabo
1515 3091 1609 3146 tibi
1643 3093 1917 3163 quoslibet
1938 3095 2138 3147 fruetus

2268 3097 2325 3152 Ὀ
2361 3097 2617 3167 βασιλεὺς
2662 3091 2778 3150 οὖν’
2828 3095 2939 3149 Kal
2969 3095 3116 3159 τίνος
3163 3094 3326 3165 χάριν
3373 3089 3511 3165 ἧκες
3556 3091 3825 3156 ἐνταῦθα,

555 3176 978 3247 pulcherrimos.
1024 3178 1136 3233 Hoc
1169 3180 1257 3233 ille
1290 3181 1506 3250 quidem
1536 3182 1696 3246 dixit,
1729 3192 1986 3252 tanquam
2017 3200 2138 3238 cum

2248 3188 2417 3255 λέγει,
2436 3187 2538 3259 τὴν
2570 3187 2782 3258 μητέρα
2801 3184 3154 3252 καταλιπών;
3190 3184 3335 3238 Ἀλλ’
3365 3183 3458 3236 ἔσο
3490 3183 3611 3254 μεθ’
3639 3182 3825 3252 ήμῶν,

555 3269 787 3339 simplici
842 3284 1035 3340 puero,
1072 3279 1237 3341 atque
1280 3272 1418 3327 adeo
1457 3289 1629 3343 puero
1660 3289 1719 3327 se
1760 3275 1905 3345 loqui
1953 3276 2138 3331 existi-

2244 3280 2339 3331 καὶ
2370 3278 2480 3331 πᾶν
2510 3276 2618 3330 τῶν
2645 3275 2881 3347 ὀπωρῶν
2911 3275 3202 3329 κάλλιστον
3228 3272 3483 3328 ἐπιδώσω
3511 3290 3614 3326 σοι.
3647 3271 3830 3326 Τοῦτο

556 3376 735 3414 mans.
774 3361 865 3415 Ille
894 3378 1024 3417 vero
1056 3363 1216 3433 longe
1248 3378 1414 3433 super
1437 3375 1653 3419 aetatem
1688 3367 1978 3435 prudentia
2005 3383 2138 3435 prse-

2244 3371 2453 3432 ὲκεῖνος
2509 3370 2609 3438 μὲν
2658 3372 2736 3430 ὼς
2789 3367 3038 3436 ἁπλοῖκῷ
3086 3368 3286 3436 παιδίῳ
3324 3366 3419 3419 καὶ
3464 3365 3674 3435 ἀφελεῖ.
3732 3367 3828 3419 καὶ

2306 2184 2434 2240 Kl".
2480 2182 2742 2254 Προσχὼν
2795 2184 2975 2237 τοίνυν
3004 2184 3032 2237 ό
3066 2181 3327 2248 βασιλεὺς
3360 2185 3472 2246 τοῖς
3511 2182 3605 2237 τοῦ
3634 2185 3829 2250 παιδὸς

2242 2277 2443 2343 λόγοις,
2468 2275 2534 2327 Τί
2562 2274 2620 2327 δέ
2649 2276 2765 2328 ἐστι
2797 2273 2977 2339 τοῦτο,
3003 2269 3178 2335 εἶπεν,
3207 2272 3237 2326 δ
3261 2272 3437 2342 λέγεις
3468 2273 3781 2344 μαρτύριον
3806 2291 3825 2343 ;

552 3451 702 3506 ditus
729 3495 746 3517 ,
784 3453 941 3522 plane
977 3455 1263 3519 renuebat,
1300 3457 1493 3511 dicens
1530 3474 1544 3510 :
1578 3456 1697 3511 Non
1731 3457 1819 3512 hic
1863 3458 2094 3512 manebo
2127 3475 2142 3512 :

553 3550 779 3597 matrem
809 3543 1100 3610 desidero;
1132 3560 1258 3599 nam
1291 3546 1588 3602 arbitratus
1622 3556 1673 3601 te
1707 3562 1828 3602 esse
1877 3548 2142 3603 Christia-

552 3650 709 3699 num,
742 3636 865 3690 veni
898 3651 997 3706 pro
1026 3652 1087 3691 ea
1122 3649 1433 3707 rogaturus.
1478 3638 1615 3693 Cum
1664 3639 1915 3695 Judaeum
1947 3652 2137 3696 autem

553 3724 885 3790 invenerim,
923 3735 1100 3781 tecum
1134 3742 1237 3781 nec
1274 3727 1394 3782 volo
1432 3729 1652 3799 quidem
1698 3730 1927 3795 versari,
1962 3746 2143 3800 neque

551 3819 799 3871 sustineo
827 3833 856 3870 a
894 3826 944 3871 te
973 3819 1203 3873 omnino
1235 3819 1437 3889 aliquid
1480 3821 1734 3891 accipere
1765 3839 1781 3875 :
1816 3823 1920 3876 hoc
1957 3832 2142 3878 autem

552 3908 727 3959 solum
763 3909 898 3963 mihi
929 3912 1188 3975 concede,
1220 3925 1253 3966 ο
1285 3927 1399 3977 rex,
1435 3922 1491 3966 ut
1514 3913 1581 3967 ad
1613 3922 1844 3968 matrem
1871 3924 2140 3972 revertar.

554 3995 757 4068 Regem
790 4006 1016 4068 stupore
1046 4000 1229 4054 aﬂ'ecit
1258 4003 1411 4073 pueri
1444 4004 1736 4072 sapientia.
1764 4005 2000 4070 Quidam
2043 4022 2144 4060 au-

553 4096 661 4142 tem
704 4092 887 4157 exiis,
934 4092 1026 4161 qui
1081 4093 1584 4161 circumsistebant,
1624 4098 1998 4167 excogitantes
2047 4098 2146 4152 ali-

549 4185 681 4254 quid
734 4187 1061 4256 sapientius,
1107 4191 1409 4245 censebant
1448 4200 1508 4245 ut
1551 4192 1732 4246 infans
1775 4193 2145 4249 abduceretur

548 4275 619 4329 ad
654 4277 919 4345 reginam,
952 4277 1029 4331 sic
1059 4287 1300 4333 teneram
1350 4289 1565 4335 aztatem
1605 4292 1869 4337 conantes
1901 4285 2141 4340 allicere.

548 4363 685 4421 Nam
719 4383 842 4441 eum
878 4382 1003 4440 rege
1028 4370 1248 4438 quidem
1284 4374 1738 4428 consuetudinem
1760 4376 2143 4433 existimabant

2245 3463 2375 3516 αὑτό
2429 3478 2493 3529 γε
2550 3461 2710 3515 τοῦτο
2763 3460 2915 3514 παιδὶ
2964 3459 3314 3530 ἐντυγχάνειν
3360 3459 3625 3529 οἰόμενος,
3679 3454 3828 3513 εἷπε.

2246 3553 2322 3606 Τὸ
2363 3552 2420 3606 δὲ
2467 3552 2577 3622 ἄρα
2626 3550 2807 3623 πολλῷ
2847 3552 2945 3620 τῆς
2999 3550 3219 3623 ἡλικίας
3250 3549 3349 3620 τὴν
3396 3550 3655 3620 φρόνησιν
3694 3568 3832 3621 προ-

2245 3645 2488 3716 ήκουσαν
2520 3645 2664 3717 ἔχον,
2729 3646 2988 3707 ἐπιεικῶς
3042 3644 3316 3706 ἀνένευεν,
3361 3641 3606 3707 Οὐκοῦν,
3640 3643 3828 3711 λέγον,

2242 3737 2341 3791 οὐκ
2386 3738 2619 3790 ἐνταῦθα
2672 3735 2996 3806 πιριμενῦ.
3057 3734 3209 3787 π)θῦ
3256 3735 3363 3804 γὰρ
3421 3734 3520 3803 τῆν
3576 3734 3823 3803 μητέρα.

2246 3831 2356 3884 Kal
2391 3831 2447 3883 σὲ
2477 3829 2535 3883 δὲ
2580 3828 2906 3899 Χριστιανδν
2968 3822 3110 3880 εἶναι
3168 3828 3419 3895 νομίσας,
3466 3823 3631 3898 ἦλθον
3687 3826 3829 3897 ὑπὲρ

2246 3922 2416 3990 αὐτῆς
2449 3922 2777 3990 δεησόμενος
2804 3937 2819 3951 ⁸
2853 3920 2989 3990 μετά
3028 3918 3292 3973 Ἰουδαίου
3324 3921 3431 3989 γὰρ
3459 3919 3581 3972 οιδὲ⁹
3611 3919 3826 3988 διατρί-

2244 4014 2363 4067 ϐειν
2390 4013 2527 4078 ὅλως
2560 4012 2749 4070 ἐθέλω,
2773 4011 2895 4065 οὐδὲ
2922 4010 3109 4064 λαϐεῖν
3146 4028 3200 4063 τι
3230 4010 3380 4077 rupi
3433 4010 3529 4063 σοῦ
3557 4010 3617 4062 τὸ
3646 4009 3829 4080 παρά-

2246 4120 2353 4157 παν
2381 4104 2669 4175 ἀνέχομαι.
2703 4102 2874 4156 Τοῦτο
2900 4102 2958 4157 δέ
2994 4118 3085 4172 μοι
3131 4099 3220 4162 δὸς
3258 4100 3443 4170 μόνον,
3490 4094 3534 4153 ὧ
3570 4098 3823 4167 βασιλεῦ,

2249 4198 2312 4251 τὸ
2346 4196 2486 4266 πρὸς
2521 4195 2620 4266 τὴν
2651 4194 2864 4266 μητέρα
2897 4194 3058 4247 πάλιν
3089 4192 3429 4246 ἐπανελθεῖν.
3491 4190 3820 4261 Ἐξέπληττε

2243 4287 2577 4360 τὸνβασιλέα
2595 4287 2656 4339 τδ
2673 4285 2956 4339 εὑσύνετον
2976 4283 3070 4338 τοῦ
3098 4283 3308 4347 παιδός.
3332 4283 3455 4335 Τῶν
3476 4277 3569 4335 οὖν
3600 4300 3660 4335 πε
3675 4296 3824 4351 ριεσ-

2241 4379 2431 4435 τώτων
2451 4380 2614 4444 τινες,
2642 4376 2955 4448 σοφώτερον
2978 4376 3141 4446 δῆθεν
3171 4393 3225 4428 τι
3251 4374 3557 4440 ποιοῦντες,
3584 4374 3825 4440 ἀπάγειν

548 4472 674 4513 esse
725 4474 896 4528 puero
941 4460 1254 4526 insolitam,
1288 4472 1348 4517 ut
1404 4462 1619 4520 virilem
1657 4475 1714 4521 et
1760 4468 2135 4537 asperiorem:

2244 4472 2381 4542 πρὶς
2406 4470 2505 4543 τήν
2546 4469 2867 4541 βασίλισσαν
2910 4468 2972 4521 τὸ
3033 4467 3246 4521 παιδίον
3285 4466 3473 4538 ἠξίουν
3518 4465 3580 4518 τὸ
3612 4465 3824 4519 ἁπαλὸν

549 4551 692 4621 quod
720 4551 765 4606 si
794 4552 1033 4608 audierit
1063 4555 1307 4626 reginam
1340 4548 1401 4611 et
1440 4558 1751 4624 mulierem,
1794 4571 2052 4631 prompto
2084 4573 2141 4617 et

548 4643 712 4697 alacri
762 4645 947 4700 animo
982 4662 1103 4701 eam
1163 4658 1506 4713 secuturum,
1541 4653 1724 4721 utqui
1771 4653 1953 4708 adhuc
1993 4655 2139 4724 apud

550 4744 782 4790 matrem
813 4737 1009 4794 blande
1032 4739 1385 4806 educaretur,
1421 4749 1477 4795 et
1510 4743 1743 4797 molliori
1770 4743 2141 4799 delectaretur

546 4828 974 4885 consuetudine.
1005 4830 1205 4885 Verum
1248 4832 1402 4900 pueri
1436 4846 1627 4887 rursus
1656 4834 2008 4903 intelligentia
2046 4852 2142 4891 su-

547 4920 764 4986 peravit
822 4919 1040 4975 illorum
1095 4921 1474 4977 calliditatem.
1519 4924 1586 4978 Et
1628 4940 1731 4980 nec
1779 4926 1860 4979 eis
1912 4925 2132 4993 quidem

547 5011 777 5066 mnnino
810 5012 877 5066 ad
910 5013 1026 5067 haec
1056 5014 1217 5068 dabat
1249 5030 1569 5085 responsum
1601 5034 1614 5071 :
1651 5018 1747 5072 sed
1786 5018 2140 5074 vehementer

548 5102 727 5154 solum
762 5104 993 5158 vocabat
1019 5114 1272 5172 matrem,
1304 5115 1359 5161 et
1387 5106 1441 5160 in
1477 5122 1595 5161 eam
1624 5124 1747 5162 eum
1779 5109 1962 5164 animo
1995 5118 2141 5166 totos

550 5196 823 5268 deligebat
852 5199 1062 5255 oculos.

2238 4560 2382 4616 οὕτω
2407 4560 2510 4628 τῆς
2551 4558 2770 4631 ἡλικίας
2811 4555 3111 4626 ὑποκλέψαι
3156 4556 3517 4627 πειρώμενοι.
3550 4556 3664 4626 Τὴν
3716 4555 3819 4627 μὲν

2237 4651 2349 4723 γὰρ
2401 4650 2541 4723 μετά
2597 4650 2690 4705 τοῦ
2754 4650 3021 4722 βασιλέως
3074 4648 3293 4719 ὁμιλίαν
3334 4647 3477 4718 ἀήθη
3539 4646 3616 4716 τῷ
3671 4645 3827 4699 παιδὶ

2238 4743 2406 4816 ᾤοντο
2451 4739 2589 4797 εἶναι
2617 4743 2693 4805 ὡς
2724 4739 2973 4813 ἀνδρώδη
3009 4742 3104 4793 καὶ
3133 4739 3482 4811 τραχυτέραν
3504 4755 3521 4770 ο
3562 4737 3693 4791 εἰδὲ
3726 4738 3825 4809 βαι

2239 4836 2486 4889 σίλισσαν
2529 4833 2783 4886 ἀκούσειε
2833 4833 2928 4885 καὶ
2974 4832 3234 4899 γυναῖκα,
3289 4828 3591 4900 προθύμως
3636 4827 3822 4889 αὐτοῖς

2237 4927 2652 4999 ἀκολουθήσειν,
2692 4928 2788 4981 ἅτε
2819 4924 2976 4995 παρά
3025 4926 3197 4996 μητρὶ
3226 4922 3532 4993 χαριέντως
3563 4919 3644 4975 ἔτι
3688 4934 3813 5005 τρε·

2238 5020 2493 5090 φόμενον,
2522 5018 2616 5073 καὶ
2657 5017 3041 5087 ἀπαλωτέραις
3082 5018 3273 5087 χαῖρον
3297 5014 3565 5085 ὁμιλίαις.
3611 5010 3757 5064 Ἀλλ’
3782 5010 3815 5078 ἦ

2236 5112 2330 5164 τοῦ
2364 5112 2551 5175 παιδδς
2578 5111 2792 5172 σύνεσις
2826 5111 2992 5162 πάλιν
3043 5107 3143 5180 τὴν
3178 5108 3412 5161 ἐκείνων
3467 5101 3814 5173 ὑπερέϐαλλε

2239 5203 2602 5274 πανουργίαν,
2644 5204 2743 5256 καὶ⁵
2775 5202 2897 5255 οὐδὲ
2927 5202 3227 5272 ἀπόκρισιν
3273 5198 3458 5274 αὑτοίς
3501 5197 3642 5258 ὅλως
3679 5193 3817 5264 πρὸς

549 5288 728 5342 ταῦτα
784 5289 981 5356 ἐδίδου,
1039 5292 1178 5346 ἀλλὰ
1222 5293 1392 5367 μόνην
1445 5295 1763 5350 ἀνεκαλεῖτο
1809 5296 2030 5369 θερμῶς
2062 5296 2162 5366 τὴν
2219 5298 2456 5368 μητέρα,
2495 5297 2592 5350 καὶ
2640 5294 2779 5363 πρὸς
2811 5295 2984 5365 αὐτὴν
3034 5292 3159 5347 ὅλον
3207 5291 3349 5362 μετά
3378 5290 3480 5358 τῆς
3522 5285 3705 5355 ψυχῆς
3752 5285 3816 5338 ἆυ

555 5383 714 5451 πεῖχε
738 5382 829 5435 τὸν
856 5382 1159 5453 ὀφθαλμόν.

629 5470 816 5527 XXIV.
850 5473 989 5528 Cum
1051 5484 1214 5529 etiam
1260 5475 1487 5533 vidisset
1540 5477 1690 5548 lnjici
1722 5477 1776 5532 in
1811 5478 2012 5550 ignem,
2045 5493 2139 5531 ve-

557 5565 871 5621 hementius
931 5565 1295 5621 inﬂammatus
1355 5568 1674 5634 visceribus,
1737 5571 1899 5626 audet
1951 5569 2135 5625 statim

562 5672 699 5725 puer
721 5656 923 5726 aliquid
994 5657 1191 5712 fortius
1231 5677 1245 5712 :
1291 5669 1346 5713 et
1403 5674 1529 5713 cum
1588 5660 1829 5715 stetisset
1862 5661 1928 5716 ad
1963 5676 2137 5728 genua

569 5745 781 5813 tyranni
812 5746 1058 5815 Dunaan,
1092 5763 1148 5803 se
1185 5749 1469 5817 inclinans,
1512 5748 1710 5805 acriter
1742 5751 1918 5821 ipsum
1957 5767 2137 5824 regem

2311 5474 2437 5527 ΚΝ.
2488 5470 2638 5526 Ἰδὼν
2666 5470 2725 5525 δὲ
2760 5469 3134 5543 ῥιπτουμένην
3164 5468 3340 5539 αὐτὴν
3379 5465 3523 5519 κατα
3553 5466 3654 5536 τῆς
3684 5466 3817 5534 cpio-

2237 5568 2353 5636 γος,
2385 5567 2481 5620 καὶ
2511 5566 2577 5621 τὰ
2611 5564 2894 5634 σπλάγχνα
2924 5561 3237 5625 διακαυθὲν,
3271 5560 3447 5632 τολμᾷ
3481 5576 3534 5611 τι
3565 5560 3662 5612 καὶ
3692 5576 3817 5612 πα·-

2243 5657 2615 5731 ραόολώτερον
2669 5656 2831 5720 εὐθὺς
2889 5655 2949 5708 τδ
3005 5654 3254 5708 παιδίον·
3304 5654 3399 5705 καὶ
3444 5652 3522 5714 ὡς
3568 5649 3817 5719 εἱστήκει

2243 5750 2377 5821 προς
2413 5752 2525 5812 τοῖς
2559 5747 2654 5802 τοῦ
2691 5747 2957 5819 τυράννου
2995 5746 3186 5816 γόνασι
3216 5744 3482 5812 Δουναὰν,
3535 5739 3817 5813 ἐπικύψας
