4132 6470
293 367 434 436 19.77

1458 371 1930 432 MARTYRIUM
1969 374 2029 432 S.
2074 375 2429 442 ARETHE.

3437 384 3572 449 1278

291 479 660 550 σφοδρότερον
689 481 832 535 κατὰ
886 478 981 534 τοῦ
1015 479 1192 552 μηροῦ
1225 479 1413 534 δάκνει
1459 479 1554 532 τὸν
1614 478 1864 548 βασιλέα.

1977 484 2262 540 mordetin
2291 486 2520 544 femore.
2556 489 2650 546 Ille
2681 499 2888 558 autem,
2915 491 3080 547 simul
3114 500 3278 562 atque
3305 492 3575 548 sensisset

300 572 362 626 Ὀ
401 572 456 625 δὲ
500 573 595 625 τοῦ
647 573 930 642 δήγματος
986 574 1104 644 ἄμα
1165 571 1512 643 αἰσθόμενος,
1550 571 1647 625 καὶ
1675 571 1873 626 διατα-

287 664 515 737 ραχθεὶς
543 665 711 719 αὐτὸν
750 667 1081 732 ἀπωθεῖται,
1129 667 1224 721 καὶ
1276 665 1388 720 τῶν
1429 667 1526 736 τῆς
1562 666 1873 736 συγκλήτου

287 759 400 812 τινὶ
459 759 854 830 παραδίδωσιν,
909 761 998 828 ἐφ’
1033 753 1077 828 ᾧ
1121 759 1325 830 μᾶλλον
1387 758 1704 823 Ἰουδαϊκῶς
1738 759 1874 830 παρ’

287 852 487 921 ἐκείνῳ
530 853 766 923 τραφείη
802 852 1014 906 καὶτὸν
1053 852 1487 924 Χριστιανισμὺν
1527 851 1873 922 ὲξομόσαιτο.

285 942 398 995 Καὶ
430 942 459 994 6
492 943 590 1013 μὲν
620 942 801 996 λαϐὼν
828 943 919 996 τὸν
977 943 1142 998 παῖδα
1201 943 1391 1015 ἀπῄει,
1440 942 1509 996 τὰ
1557 942 1874 1012 πραχθέντα

283 1035 620 1104 ποιούμενος
669 1037 758 1090 διὰ
811 1036 1116 1105 θαύματος,
1157 1039 1270 1098 τοῖς
1325 1036 1508 1099 ἄλλοις
1543 1053 1607 1088 τε
1665 1035 1872 1104 μεταξὺ

282 1125 651 1196 διηγούμενος
687 1163 703 1180 .
762 1127 852 1180 Ἐν
904 1126 1083 1196 τούτῳ
1131 1126 1189 1180 δέ
1244 1126 1306 1179 τὸ
1334 1127 1550 1180 παιδίον
1587 1124 1870 1190 διαλαθὸν,

282 1218 473 1288 δρόμῳ
500 1218 683 1288 πολλῷ
731 1219 869 1289 πρὸς
908 1219 1007 1289 τὴν
1058 1220 1274 1287 μητέρα
1324 1219 1545 1290 ἐχώρει,
1600 1219 1697 1272 κα)⁹
1728 1218 1872 1270 κατὰ

300 1309 493 1378 μέσης,
521 1309 671 1371 ὅπως
697 1304 834 1378 εἶχε.
861 1309 958 1379 τὴν
990 1310 1223 1379 κάμινον
1245 1311 1499 1381 είσπηδᾷ,
1527 1311 1629 1382 τὴν
1659 1311 1874 1382 μητέρα

284 1422 348 1456 τε
385 1402 462 1466 ὡς
500 1402 651 1474 αὐτῷ
685 1403 860 1456 ἐδόκει
907 1402 1227 1474 περιλαϐὸν,
1281 1405 1378 1458 καὶ
1412 1405 1701 1458 κάλλιστον
1731 1404 1870 1476 αὐτῇ

283 1496 544 1565 ἐντάφιον
567 1495 762 1548 ἑαυτὸν
789 1495 1047 1561 δεδωκὸς,
1077 1497 1170 1549 τὸν
1202 1497 1304 1565 τῆς
1354 1495 1666 1567 μαρτυρίας
1699 1495 1872 1566 ἄμφω

284 1587 694 1658 κληρονομοῦσι
726 1587 1016 1656 στέφανον.
1076 1587 1298 1642 Τούτων
1325 1586 1470 1642 οὕτω
1505 1588 1870 1657 τελουμένων,

282 1679 434 1732 ελεον
478 1679 741 1741 λαϐόντες
776 1680 884 1733 τῶν
930 1680 1106 1734 ταῦτα
1147 1681 1470 1750 πασχόντων
1523 1680 1871 1749 Χριστιανῶν

281 1770 335 1822 οἱ
370 1770 500 1839 περὶ
527 1769 620 1823 τὸν
671 1769 921 1840 βασιλέα,
953 1773 1048 1825 καὶ
1081 1771 1198 1824 ὅσοι
1245 1772 1347 1842 τῆς
1383 1771 1718 1840 συγκλήτου,
1756 1771 1872 1825 ἱκέ-

1979 590 2222 634 morsum
2276 590 2332 636 et
2368 581 2560 637 fuisset
2604 585 2990 648 conturbatus,
3035 600 3162 640 eum
3221 593 3449 656 repente
3478 583 3575 638 ab-

1971 665 2112 735 jicit,
2142 675 2199 722 et
2251 683 2376 724 eum
2453 672 2620 726 tradit
2657 673 2876 728 cuidam
2922 689 2987 728 ex
3035 682 3252 736 senatu.
3285 684 3346 729 ut
3374 673 3445 728 ab
3479 672 3574 726 illo

1975 758 2215 814 aleretur
2245 762 2474 818 maxime
2503 763 2750 827 Judaice,
2796 777 2852 820 et
2890 767 3168 836 abjuraret
3226 765 3560 822 Christiani-

1977 865 2178 906 smum.
2217 852 2284 907 Et
2342 853 2433 909 ille
2462 857 2683 924 quidem
2744 859 2947 922 abibat,
2993 866 3218 927 accepto
3245 873 3436 927 puero,
3472 857 3573 910 ad-

1976 943 2184 999 mirans
2217 960 2304 1008 ea,
2337 962 2461 1016 quae
2497 947 2639 1004 facta
2673 947 2909 1009 fuerant.
2943 959 2998 1003 et
3045 949 3208 1003 simul
3241 950 3406 1003 etiam
3439 963 3569 1000 nar-

1977 1049 2109 1089 rans
2143 1036 2286 1094 aliis.
2319 1037 2544 1092 Interim
2574 1049 2755 1094 autem
2792 1054 2950 1108 puer,
2979 1054 3044 1094 eo
3075 1039 3365 1102 insciente,
3397 1051 3570 1091 cursu

1975 1130 2260 1184 contendit
2291 1129 2356 1183 ad
2389 1139 2643 1196 matrem,
2684 1139 2740 1186 et
2777 1132 2948 1187 insilit
3001 1132 3058 1186 in
3120 1131 3357 1185 mediam
3391 1130 3573 1184 forna-

1974 1235 2115 1282 cem,
2171 1231 2531 1293 matremque,
2595 1233 2654 1279 ut
2707 1225 2756 1280 ei
2790 1223 3101 1285 videbatur,
3136 1223 3476 1293 complexus,
3514 1232 3572 1278 et

1977 1314 2412 1383 pulcherrimum
2443 1317 2664 1376 bustum
2719 1317 2958 1386 seipsum
2999 1316 3046 1370 ei
3080 1314 3322 1378 tradens,
3353 1313 3412 1366 fit
3445 1328 3570 1367 cum

1975 1406 2089 1475 ipsa
2132 1405 2308 1462 barres
2347 1422 2565 1462 coronae
2598 1408 2863 1478 martyrii.
2908 1407 3045 1462 Cum
3079 1408 3196 1462 haec
3227 1407 3304 1461 sic
3337 1405 3558 1470 ﬁerent,

1974 1497 2302 1566 patientium
2336 1497 2774 1553 Christianorum
2802 1499 2932 1554 moti
2967 1497 3341 1553 misericordia
3393 1498 3427 1551 ii
3467 1497 3562 1564 qui

1974 1598 2134 1644 erant
2198 1591 2344 1646 circa
2406 1607 2590 1661 regem
2651 1599 2708 1646 et
2763 1591 2879 1661 ipse
2928 1601 3179 1654 senatus,
3210 1590 3476 1658 rogabant
3509 1594 3571 1642 ut

1973 1690 2203 1738 caeteros
2262 1685 2554 1750 relaxaret,
2615 1692 2672 1740 et
2729 1699 2840 1738 non
2895 1685 3121 1754 penitus
3168 1683 3424 1752 perderet
3453 1690 3564 1737 tam

1974 1789 2224 1843 magnam
2259 1775 2557 1841 civitatem,
2588 1783 2645 1831 et
2701 1776 2902 1846 populo
2961 1785 3070 1829 tam
3107 1774 3450 1844 frequentem
3512 1782 3572 1829 et

279 1875 440 1912 τευον
468 1861 631 1913 αὑτὸν
664 1861 899 1927 ἀνεῖναι,
933 1861 1029 1916 καὶ
1097 1862 1172 1933 μὴ
1201 1862 1374 1934 ἄρδην
1403 1863 1681 1916 ἀπολέσαι
1709 1862 1866 1917 πόλιν

1972 1881 2092 1936 quae
2146 1867 2443 1936 quotannis
2504 1883 2702 1939 magna
2749 1867 3026 1937 pendebat
3056 1866 3359 1936 vectigalia.
3406 1863 3572 1919 Post-

279 1951 430 2006 οὕτω
462 1953 710 2022 μεγάλην
743 1953 840 2008 καὶ
875 1953 1333 2023 πολυάνθρωπον,
1395 1953 1490 2007 καὶ
1541 1954 1681 2007 πολὺ
1727 1953 1870 2024 πλῆ-

281 2045 376 2109 θος
409 2047 670 2100 ἐπετείων
693 2046 876 2117 φόρων
906 2047 1276 2118 παρέχουσαν.
1302 2046 1460 2100 Ἐπεὶ
1485 2042 1580 2100 οῦν
1607 2047 1666 2100 ἐν
1691 2045 1869 2116 τούτῳ

280 2139 600 2206 κατένευεν,
633 2141 666 2206 ή
704 2139 924 2210 σκληρᾶ
969 2140 1154 2210 ἐκείνη
1191 2142 1289 2194 καὶ
1335 2141 1677 2210 Φαραωνίτις
1714 2139 1867 2210 ψυχὴ

277 2227 375 2282 δύο
405 2228 596 2282 παθῶν
619 2229 678 2282 ἐν
703 2228 853 2298 αὐτῷ
881 2228 1298 2299 διερισαμένων,
1347 2231 1444 2282 καὶ
1474 2229 1740 2298 ὠμότητα
1777 2244 1869 2295 φι-

278 2319 656 2392 λοχρηματίας
688 2321 1087 2390 έκνικησάσης,
1119 2319 1172 2374 τί
1203 2321 1387 2386 noui;
1425 2319 1646 2390 Ταύτης
1675 2336 1738 2372 τε
1769 2319 1869 2389 τῆς

279 2413 493 2475 πόλεως
523 2411 619 2465 καὶ
652 2412 837 2484 πάσης
863 2412 967 2479 τῆς
1000 2409 1185 2482 χώρας
1229 2412 1290 2465 τὸ
1349 2411 1564 2476 νεάζων,
1608 2411 1778 2483 ἄρρεν
1807 2427 1868 2464 τε

289 2503 389 2554 καὶ
418 2501 575 2571 θῆλυ,
625 2501 1230 2573 ἐξανδραποδισάμενος
1254 2501 1336 2564 είς
1363 2500 1566 2563 πολλὰς
1595 2500 1869 2571 ἀριθμού-

285 2611 450 2664 μενον
484 2595 778 2666 μυριάδας,
812 2595 908 2648 καὶ
964 2595 1058 2658 οὒς
1093 2595 1194 2663 μὲν
1228 2594 1394 2658 αὐτὸς
1423 2592 1738 2664 κατασχὼν,
1774 2593 1869 2656 οὓς

280 2685 340 2737 δὲ
374 2686 467 2738 καὶ
507 2687 776 2751 διαδιδοὺς
811 2689 893 2751 εἰς
925 2687 1173 2741 δουλείαν
1203 2681 1287 2750 οἷς
1317 2687 1429 2755 ἄρα
1458 2685 1733 2753 ἐϐούλετο,
1762 2687 1864 2741 αὖ·

281 2775 370 2838 θις
395 2779 638 2847 ἐπανῆκε
670 2779 806 2850 πρὸς
837 2778 907 2832 τὰ
932 2779 1206 2849 βασίλεια,
1264 2778 1675 2849 δουλωσάμενος
1708 2779 1865 2833 πόλιν

282 2869 577 2942 ιλευθέραν
645 2872 743 2926 καὶ
794 2873 933 2944 μόνῃ
976 2875 1043 2943 τῇ
1099 2871 1292 2942 Τριάδι
1345 2872 1739 2941 ἀνακειμένην,
1789 2874 1859 2942 ἢν

277 2963 444 3026 αὐτὸς
484 2965 718 3035 Χριστὸς
781 2963 857 3033 τῷ
885 2965 999 3032 ἰδίῳ
1061 2963 1436 3034 ὲξηγοράσατο
1481 2965 1699 3033 αἵματι,
1744 2965 1868 3034 ἥτις

1969 1973 2131 2028 quam
2189 1967 2369 2014 autem
2404 1960 2506 2014 hac
2547 1960 2600 2014 in
2652 1975 2712 2014 re
2769 1960 2964 2015 annuit
2989 1960 3124 2014 dura
3158 1960 3246 2013 illa
3283 1958 3462 2011 anima
3515 1971 3573 2011 e;

1973 2048 2356 2104 Pharaonitica
2409 2049 2897 2121 crudelitatemque
2975 2051 3110 2104 vicit
3160 2047 3407 2110 avaritia,
3438 2044 3571 2115 quid

1968 2142 2134 2199 facit?
2161 2144 2298 2199 Cum
2334 2145 2497 2213 hujus
2543 2145 2781 2200 civitatis
2827 2156 2881 2199 et
2912 2144 3079 2199 totius
3121 2142 3364 2212 regionis
3417 2142 3572 2212 juveo

1967 2247 2092 2296 nes,
2128 2241 2235 2287 tam
2288 2233 2560 2289 masculos
2603 2249 2765 2304 quam
2823 2233 3078 2297 feminas,
3147 2231 3451 2302 redegisset
3515 2228 3569 2283 in

1973 2326 2319 2390 servitutem,
2370 2341 2606 2395 quorum
2677 2334 2834 2382 erant
2873 2326 3041 2380 multa
3104 2325 3294 2383 millia,
3343 2332 3397 2376 et
3439 2321 3574 2376 alios

1967 2415 2188 2486 quidem
2248 2417 2366 2486 ipse
2419 2418 2756 2481 retinuisset,
2805 2418 2942 2471 alios
2988 2425 3173 2470 autem
3246 2413 3567 2467 tradidisset

1967 2510 2167 2580 quibus
2196 2511 2388 2573 voluit,
2430 2526 2684 2566 reversus
2718 2520 2804 2564 est
2851 2511 2904 2563 in
2933 2509 3159 2580 regiam,
3215 2507 3394 2559 libera
3426 2506 3562 2559 civi-

1968 2610 2080 2657 tate
2104 2603 2297 2657 eﬂ‘eeta
2335 2618 2516 2666 serva,
2558 2618 2678 2673 quae
2715 2604 2966 2657 dedicata
2989 2610 3108 2656 erat
3143 2599 3243 2654 soli
3279 2597 3570 2660 Trinitati,

1975 2710 2138 2763 quam
2170 2695 2286 2764 ipse
2343 2695 2597 2750 Christus
2654 2695 2888 2749 redemit
2921 2693 3142 2764 proprio
3188 2691 3480 2760 sanguine,
3514 2697 3572 2743 et

1969 2801 2093 2855 quas
2153 2787 2204 2840 ei
2258 2786 2455 2841 obtulit
2511 2794 2720 2840 tantam
2771 2799 3065 2856 martyrum
3118 2784 3566 2844 multitudinem,

1975 2893 2164 2932 eorum
2195 2878 2454 2933 victorias
2485 2887 2542 2935 et
2587 2879 2891 2934 certamina
2951 2876 3210 2948 prmclare
3256 2873 3566 2946 praedicans

1981 2969 2100 3022 orbi
2137 2977 2314 3026 terrae.

277 3055 553 3126 τοσαύτην
583 3057 734 3127 αὐτῷ
777 3055 1076 3128 μαρτύρων
1101 3057 1330 3128 χορείαν
1372 3060 1721 3128 προσήγαγε,
1747 3059 1878 3122 τοὺς
1937 3059 2156 3128 ἀγῶνας
2185 3063 2368 3119 αὐτῶν
2399 3065 2492 3120 καὶ
2551 3063 2654 3130 τὰς
2716 3063 2877 3126 νίκας
2939 3062 3213 3136 λαμπρῶς
3265 3062 3329 3132 τῇ
3385 3059 3569 3112 οίκου-

283 3147 422 3218 μένῃ
458 3147 880 3218 ἀνακηρύξασα.

353 3243 484 3296 κε’.
513 3241 623 3296 Καὶ
654 3241 830 3296 ταῦτα
863 3245 963 3313 μὲν
991 3245 1058 3316 δὴ
1091 3247 1320 3300 τοιαῦτα.
1367 3245 1463 3298 καὶ
1516 3243 1691 3309 οὕτως
1721 3245 1869 3315 έχον-

2051 3241 2221 3298 XXV.
2257 3244 2323 3298 Et
2382 3244 2500 3299 hmc
2555 3244 2776 3314 quidem
2812 3244 2885 3297 ita
2921 3257 2980 3297 se
3031 3241 3330 3297 habebant.
3367 3242 3574 3299 Rever-

278 3350 370 3390 τα.
413 3335 931 3404 ’Υποστρέφοντιδὲ
985 3337 1064 3409 τῷ
1112 3339 1356 3410 Ἑϐραίῳ
1404 3338 1516 3408 πῦρ
1551 3337 1637 3407 ἐφ’
1680 3339 1870 3401 ἱκανὰς

278 3426 501 3498 ἡμέρας
538 3429 752 3499 ἑωρᾶτο
783 3429 852 3482 δι’
884 3431 1010 3500 ὅλης
1041 3431 1232 3494 νυκτὸς
1264 3431 1358 3483 τὸν
1385 3430 1584 3499 αἰθέρα
1604 3429 1870 3501 πληροῦν,

277 3521 378 3573 καὶ
413 3519 579 3573 αὐτόν
601 3537 662 3572 τε
692 3523 940 3575 Δουναὰν
963 3522 1061 3575 καὶ
1107 3521 1208 3589 τὴν
1243 3519 1410 3573 αὐτοῦ
1465 3520 1731 3590 στρατιὰν
1751 3522 1872 3585 ἑξε-

277 3609 559 3679 δειμάτου,
597 3613 696 3664 καὶ
728 3611 828 3682 τὴν
857 3611 1030 3681 ὀργὴν
1063 3611 1208 3664 κατὰ
1238 3611 1347 3663 τῶν
1383 3609 1599 3662 ἀσεϐῶν
1626 3612 1870 3678 ἐτεκμη-

279 3700 485 3771 ριοῦτο.
543 3697 679 3754 Εἶτα
706 3702 802 3754 καὶ
835 3701 946 3771 πῦρ
999 3700 1230 3767 ἄνωθεν,
1262 3702 1295 3770 ή
1356 3699 1577 3769 ἐντελὴς
1632 3698 1855 3767 μάστιξ,

279 3793 376 3846 ἐπὶ
397 3793 496 3862 τὴν
524 3795 648 3864 γῆν,
681 3793 827 3846 ῦετο.
870 3793 1012 3846 Ἀλλ’
1056 3793 1178 3845 οὐδὲ
1227 3792 1402 3863 βραχὺ
1441 3791 1710 3854 συνιέναι,
1745 3792 1870 3844 οὐδὲ

283 3885 725 3956 σωφρονίζεσθαι
755 3880 902 3955 εἶχεν
928 3887 958 3938 6
986 3884 1291 3951 ἀλιτήριος,
1332 3883 1442 3937 οὐδ’
1476 3883 1582 3937 ὑπὸ
1609 3887 1711 3954 τὴν
1740 3899 1871 3952 κραο

282 3977 446 4030 ταιὰν
477 3977 576 4030 τοῦ
616 3976 758 4030 Θεοῦ
795 3979 958 4047 χεῖρα
993 3975 1400 4029 καλύπτεσθαι.
1446 3977 1539 4040 Είς
1567 3975 1727 4030 τοῦτο
1758 3975 1870 4046 γὰρ

283 4069 490 4139 μανίας
525 4067 731 4138 ἐξήχθη
766 4067 908 4120 κατὰ
935 4065 1303 4137 Χριστιανῶν,
1335 4066 1410 4128 ὡς
1439 4067 1536 4119 καὶ
1566 4066 1869 4135 πρεσϐείαν

281 4160 570 4231 ἐκπέμψαι
599 4160 680 4230 τῷ
734 4159 843 4213 τῶν
888 4159 1116 4230 Περσῶν
1153 4157 1384 4228 βασιλεῖ,
1419 4158 1586 4224 ἀξιῶν
1621 4160 1717 4210 καὶ
1771 4158 1870 4210 αύ-

279 4255 375 4307 τὺν
406 4255 478 4306 τὰ
523 4254 688 4324 ὅμοια
737 4253 961 4323 δρᾶσαι,
1015 4250 1109 4304 καὶ
1139 4251 1350 4313 πάντας
1379 4251 1506 4313 τοὺς
1539 4248 1868 4317 εὑρισκομέ-

282 4362 404 4411 νους
448 4345 543 4400 ὑπ’
572 4347 769 4414 ἐκείνῳ
802 4344 1169 4412 Χριστιανοὺς
1199 4341 1370 4413 ἄρδην
1400 4339 1691 4405 ἀπολέσαι,
1718 4338 1773 4391 εί
1797 4355 1862 4408 γε

277 4439 374 4493 τὸν
404 4439 557 4510 ἥλιον
597 4437 830 4508 εὐμενῆ,
860 4437 1015 4506 φησὶ,
1049 4435 1294 4505 βούλοιτο
1322 4433 1470 4504 ἔχειν
1517 4433 1615 4487 καὶ
1647 4433 1741 4486 τὸν
1769 4433 1869 4486 αὺ-

279 4531 375 4584 τοῦ
405 4530 647 4600 πατέρα,
677 4529 752 4590 ὼς
771 4529 979 4592 ἐκεῖνος
996 4527 1341 4598 ἀπεφλυάρει
1363 4526 1454 4578 τὸν
1474 4525 1583 4578 τῶν
1597 4523 1691 4576 Ἐϐ
1701 4523 1868 4594 ραίων

281 4622 436 4676 Θεόν.
467 4590 714 4676 Τὰάύτὰ
741 4623 800 4675 δὲ
828 4590 1005 4676 ταῦτα
1035 4590 1133 4674 καί
1172 4590 1599 4690 Ἀλιαμουνδάρῳ
1629 4590 1713 4702 τῇ).
1777 4617 1869 4681 ὲξ-
1901 4590 1941 4644 D

276 4716 570 4785 ⁴ήγουμιξνιρ
597 4715 707 4767 τῶν
758 4711 865 4766 ὑπὸ
911 4711 1146 4781 Πέρσαις
1181 4709 1516 4780 Σαρακηνῶν
1557 4708 1871 4762 ἐπέστειλεν

281 4804 717 4875 ὑπισχνούμενος
758 4803 856 4857 καὶ
906 4803 1170 4873 χρήματα
1213 4801 1430 4866 δώσειν,
1471 4802 1522 4853 εί
1578 4801 1725 4854 κατὰ
1757 4802 1869 4854 τῶν

282 4897 389 4951 ὑπὸ
444 4900 601 4969 χεῖρα
659 4899 1006 4968 Χριστιανῶν
1061 4895 1305 4964 διωγμὸν
1354 4895 1596 4965 κινήσοι.
1663 4894 1805 4946 Ἀλλ’
1839 4897 1868 4946 ὁ

286 4989 385 5058 μὲν
416 4987 564 5042 οὕτω
592 4990 947 5061 Χριστιανοϊς
971 4987 1284 5060 ἀπήχθετο,
1316 4989 1412 5040 καὶ
1445 4985 1623 5050 οῦτως
1667 4986 1866 5053 ἐποίει,

284 5083 317 5150 ή
346 5081 470 5152 δίκη
493 5081 551 5136 δὲ
584 5085 712 5154 τοῖς
739 5081 1144 5152 πραττομένοις
1175 5082 1279 5133 οὐκ
1311 5078 1684 5150 ὲφησύχαζεν.
1728 5079 1865 5133 Ἰου·

287 5173 467 5236 στῖνος
511 5173 620 5244 γὰρ
671 5177 699 5227 6
759 5173 1051 5244 Ῥωμαίων
1090 5171 1327 5241 εὐσεϐὴς
1387 5171 1672 5241 βασιλεὺς,
1725 5171 1870 5226 οὔτω

283 5264 444 5329 δόξαν
476 5265 648 5330 αύτῷ,
674 5267 959 5338 εἰρηνικὰς
986 5264 1416 5335 Ἀλαμουνδάρῳ
1441 5265 1676 5328 σπονδὰς
1730 5265 1868 5334 πρὸς

281 5358 410 5420 τοὺς
443 5357 751 5428 ύποφᾶρους
795 5357 1087 5428 Ῥωμαίων
1127 5357 1478 5428 Σαρακηνοῦς
1501 5356 1693 5410 θέσθαι
1721 5374 1859 5427 παρρ-

281 5450 403 5523 ῄνει
432 5465 446 5480 ·
479 5453 576 5504 καὶ
601 5452 631 5503 6
656 5449 829 5504 ταῦτα
859 5448 1180 5522 πρεσϐεύων
1222 5449 1548 5520 ’Δϐράμιος,
1575 5449 1718 5520 ἀνὴρ
1748 5448 1866 5501 θεο-

282 5543 444 5615 φιλὴς
499 5543 593 5596 καὶ
645 5541 1040 5613 πρεσϐύτερος,
1077 5541 1444 5612 ἐξεπέμπετο.
1517 5540 1782 5611 Παρῆσαν
1808 5538 1867 5592 δὲ

280 5636 377 5690 καὶ
416 5635 524 5688 ἀπὸ
547 5635 640 5688 τοῦ
695 5632 917 5704 Περσῶν
965 5633 1230 5704 βασιλέως
1261 5634 1378 5686 ἐκεῖ
1406 5633 1558 5688 ἄλλοι
1605 5632 1667 5685 τέ
1696 5649 1863 5697 τινες,

281 5729 381 5784 καὶ
421 5730 686 5792 Ἰσαάκιος
736 5728 1130 5799 πρεσϐύτερος,
1181 5728 1209 5779 6
1241 5728 1474 5791 καὶτοῖς
1521 5729 1579 5779 ὲν
1623 5725 1846 5796 Περσίδι

251 5825 628 5894 -Χριστιανιίς
663 5820 964 5892 ὀρθοδόξοις
995 5819 1094 5886 τὰς
1124 5820 1448 5893 ἀποκρίσεις
1493 5818 1852 5888 διακονούμε-

1976 3344 2127 3391 lente
2152 3345 2337 3390 autem
2371 3335 2620 3399 Hebraeo,
2661 3335 2915 3404 apparuit
2938 3335 3082 3404 ignis
3118 3334 3568 3406 aliquotdiebus,

1977 3435 2087 3481 tota
2127 3435 2291 3481 nocte
2343 3427 2578 3496 implens
2604 3441 2813 3489 aerem,
2854 3425 2946 3494 qui
2992 3425 3173 3492 ipsum
3237 3425 3461 3479 Dunaan
3518 3438 3574 3483 et

1975 3519 2097 3587 ejus
2126 3518 2362 3572 terrebat
2399 3519 2723 3582 exercitum,
2755 3527 2810 3571 et
2848 3515 3249 3584 conjiciendam
3281 3518 3567 3586 praebebat

1974 3610 2069 3663 Dei
2123 3610 2260 3665 iram
2318 3611 2582 3667 adversus
2621 3611 2843 3680 impios.
2906 3607 3111 3662 Deinde
3163 3609 3302 3678 ignis
3339 3625 3564 3680 quoque

1974 3699 2229 3768 desuper,
2267 3700 2360 3770 qui
2388 3711 2507 3754 crat
2535 3698 2776 3768 perfecta
2823 3699 2996 3768 plaga,
3037 3697 3175 3766 pluit
3227 3699 3279 3752 in
3338 3708 3564 3754 terram.

1975 3789 2082 3845 Sed
2120 3806 2187 3845 ne
2213 3792 2290 3846 sic
2316 3792 2536 3859 quidem
2564 3793 2742 3861 potuit
2763 3789 2960 3856 corrigi
3002 3788 3329 3852 sceleratus,
3384 3805 3564 3860 neque

1973 3881 2116 3937 flecti
2164 3882 2267 3936 sub
2325 3883 2535 3951 potenti
2581 3897 2750 3936 manu
2789 3883 2908 3937 Dei.
2942 3880 3120 3936 Tanto
3153 3890 3339 3936 autem
3373 3881 3563 3937 furore

1974 3984 2094 4030 erat
2126 3990 2392 4029 accensus
2451 3975 2720 4030 adversus
2774 3973 3140 4040 Christianos,
3181 3982 3241 4028 ut
3295 3975 3461 4029 etiam
3502 3974 3572 4029 ad

1975 4083 2158 4135 regem
2193 4065 2480 4122 Persarum
2550 4067 2760 4120 miserit
2805 4066 3156 4135 legationem,
3205 4073 3262 4120 et
3299 4065 3572 4136 rogaverit

1974 4169 2033 4214 ut
2062 4161 2177 4228 ipse
2203 4175 2424 4229 quoque
2482 4158 2688 4212 faceret
2738 4158 2959 4220 similia,
2999 4169 3054 4212 et
3111 4173 3329 4221 omnes,
3378 4156 3472 4226 qui
3509 4157 3564 4209 in

1973 4267 2070 4306 sua
2127 4253 2338 4306 ditione
2412 4250 2862 4315 inveniebantur,
2917 4249 3264 4304 Christianos
3312 4247 3572 4318 perderet

1971 4343 2220 4398 funditus
2259 4358 2274 4396 :
2308 4342 2353 4396 si
2389 4340 2577 4406 vellet,
2608 4340 2886 4411 inquiens,
2932 4340 3103 4395 solem
3148 4339 3352 4394 habere
3379 4341 3567 4409 propi-

1976 4435 2132 4498 tium,
2175 4444 2233 4490 et
2278 4433 2398 4504 ejus
2447 4444 2678 4503 patrem.
2739 4435 2882 4487 sicut
2920 4432 3010 4488 ille
3070 4434 3381 4504 nugabatur
3449 4446 3574 4487 esse

1977 4527 2148 4582 Deum
2179 4525 2556 4582 Hebraeorum.
2617 4524 2854 4595 Scripsit
2907 4525 3078 4579 etiam
3121 4524 3192 4580 ad
3223 4523 3566 4579 Alamunda-

1975 4635 2097 4674 rum
2127 4618 2323 4672 ducem
2373 4616 2827 4680 Sarracenorum,
2880 4616 2972 4684 qui
3003 4625 3164 4671 erant
3210 4616 3316 4670 sub
3363 4615 3571 4679 Persis,

1977 4709 2306 4780 promittens
2345 4723 2405 4762 se
2449 4706 2500 4761 ei
2537 4707 2702 4761 etiam
2747 4706 3004 4760 daturum
3043 4704 3328 4773 pecunias,
3373 4703 3419 4756 si
3450 4719 3570 4757 mo-

1977 4815 2104 4860 veat
2135 4803 2572 4873 persecutionem
2603 4802 2867 4856 adversus
2893 4801 3265 4867 Christianos,
3309 4799 3400 4869 qui
3439 4810 3570 4854 sunt

1976 4897 2027 4952 ei
2067 4895 2320 4964 subjecti.
2370 4893 2474 4949 Sed
2523 4894 2613 4948 ille
2671 4893 2892 4963 quidem
2942 4899 3060 4946 erat
3128 4891 3263 4944 adeo
3328 4888 3572 4944 infestus

1975 4988 2329 5052 Christianis,
2363 4995 2419 5042 et
2470 4987 2548 5041 sic
2585 4985 2824 5041 faciebat
2855 5000 2870 5038 :
2899 4982 3108 5053 iustitia
3140 4993 3323 5036 autem
3358 4996 3570 5050 nequa-

1968 5095 2130 5150 quam
2169 5080 2412 5134 cessavit
2434 5079 2662 5148 implere
2702 5093 2832 5132 suas
2865 5086 3051 5147 partes
3105 5075 3161 5129 in
3206 5074 3295 5137 iis,
3330 5089 3452 5144 quae
3485 5074 3570 5128 sic

1968 5173 2189 5227 fiebant.
2230 5171 2483 5244 Justinus
2512 5171 2661 5226 enim
2709 5167 3052 5241 (imperator)
3101 5183 3229 5222 cum
3265 5167 3436 5230 sicci
3489 5166 3569 5220 vi-

1965 5281 2089 5321 sum
2117 5272 2282 5327 esset,
2322 5264 2572 5318 hortatus
2615 5273 2699 5318 est
2755 5263 3210 5327 Alamunuarum,
3244 5269 3304 5316 ut
3353 5259 3564 5316 foedera

1967 5356 2120 5424 pacis
2149 5354 2318 5410 iniret
2341 5369 2466 5408 cum
2499 5353 2821 5409 Sarracenis
2884 5352 3260 5406 Romanorum
3313 5351 3564 5421 vectiga-

1969 5449 2111 5504 libus
2141 5467 2154 5502 :
2191 5457 2248 5502 et
2276 5447 2480 5504 missus
2505 5456 2590 5502 est
2626 5447 2972 5510 Abraamius,
2999 5445 3084 5499 vir
3108 5445 3232 5514 pius
3272 5443 3568 5514 etpresby-

1969 5551 2074 5606 ter,
2109 5539 2201 5610 qui
2245 5540 2348 5594 hac
2370 5538 2694 5609 fungeretur
2735 5537 3028 5610 legatione.
3081 5535 3330 5590 Aderant
3371 5541 3558 5588 autem

1967 5633 2079 5688 illic
2135 5644 2357 5700 quoque
2395 5644 2426 5684 a
2473 5644 2600 5700 rege
2645 5629 2960 5695 Persarum,
3015 5641 3140 5681 cum
3187 5623 3276 5677 alii
3304 5621 3556 5692 quidam,

1966 5736 2081 5782 tum
2111 5723 2348 5780 lsaacius
2372 5737 2591 5793 quoque
2621 5721 2923 5792 presbyter,
2979 5717 3071 5788 qui
3119 5723 3348 5788 praeerat
3393 5714 3554 5770 Chri-

1965 5813 2154 5873 stianis
2185 5810 2522 5878 orthodoxis,
2585 5810 2679 5882 qui
2742 5810 2795 5864 in
2859 5808 3076 5864 Perside
3133 5811 3307 5862 erant.
3347 5802 3549 5858 Aderat
