4132 6522
624 331 768 399 1279

1924 333 2207 425 MENSIS
2246 334 2614 399 OCTOBER.

3769 325 3899 392 1280

612 460 796 506 autem
828 447 971 504 Silas
1001 463 1221 520 quoque
1257 447 1551 520 episcopus
1571 446 2051 512 Nestorianorum,
2085 422 2212 501 cum

2337 462 2429 511 νοςο
2465 443 2536 517 ἦν
2559 447 2617 502 δὲ
2649 413 2755 502 καὶ.
2783 448 2813 501 ό
2860 447 3020 511 Σίλας
3063 447 3092 500 ό
3118 445 3227 500 τῶν
3255 440 3641 515 Νεστοριανῶν
3672 440 3899 496 ἐπίσκο-

614 540 941 613 quihusdam
1004 541 1149 607 aliis,
1207 541 1405 611 partim
1434 540 1653 611 quidem
1704 555 1803 610 pro
1829 538 2057 595 Hebraeo
2083 538 2209 594 fun-

620 648 747 707 gens
804 632 1094 703 legatione,
1172 632 1368 701 partim
1435 647 1566 685 vero
1640 631 1833 687 volens
1911 629 2209 686 convenire

578 746 581 747 '
623 725 965 791 erthodoxos,
997 731 1054 779 et
1080 723 1366 793 disputare
1426 723 1690 779 adversus
1742 731 1889 778 recta
1930 724 2206 795 dogmata.

597 924 622 1034 λ
686 901 878 960 XXVI.
909 903 1045 959 Cum
1078 913 1258 959 autem
1281 920 1464 961 coram
1495 906 1655 961 dictis
1683 906 1872 977 legatis
1894 907 2214 975 legerentur

639 995 812 1034 illam
858 997 1001 1034 panic
1058 997 1466 1034 "amorim-mm
1541 1007 1590 1034 nl
1658 996 1795 1034 Qilnn
1853 999 2214 1034 ηοαοηιῖι-μιηι-

618 995 813 1052 .itterae
858 997 1003 1067 regis
1058 997 1489 1064 Homeritarum,
1541 1007 1596 1053 et
1658 996 1797 1056 Silas
1851 999 2214 1054 assentiretur

615 1102 785 1157 scopo
849 1088 969 1156 ejus
1012 1088 1105 1158 qui
1138 1087 1451 1154 scripserat,
1482 1098 1536 1143 et
1569 1088 1776 1143 diceret
1813 1087 2088 1143 Christum
2121 1102 2213 1142 so-

614 1177 729 1233 lum
757 1193 878 1233 esse
912 1178 1214 1242 hominem,
1245 1187 1301 1234 et
1325 1194 1436 1234 non
1469 1179 1638 1234 Deum
1675 1196 1688 1233 :
1718 1177 2005 1244 Quomodo
2040 1177 2211 1244 enim,

620 1267 900 1338 inquiens,
957 1269 1049 1339 qui
1100 1270 1346 1326 nascitur
1375 1284 1441 1325 ex
1498 1270 1754 1346 muliere,
1789 1276 1844 1324 et
1866 1269 2216 1357 cfomponitur

618 1371 796 1421 exeo,
856 1358 949 1428 qui
1010 1366 1095 1413 est
1155 1358 1214 1413 in
1266 1359 1405 1429 ipsa,
1456 1359 1752 1430 sanguine,
1806 1369 1861 1415 et
1919 1359 2217 1415 involvitur

618 1449 823 1517 fasciis,
865 1460 922 1507 et
968 1451 1230 1521 paulatim
1268 1452 1470 1523 accipit
1532 1452 1957 1518 incrementum,
2014 1453 2217 1510 deinde

619 1540 784 1597 etiam
822 1542 1055 1604 laborat,
1085 1551 1141 1598 et
1173 1543 1311 1605 sitit,
1339 1555 1395 1599 et
1427 1544 1647 1600 tandem
1679 1545 1733 1600 in
1765 1560 1985 1600 erucem
2018 1544 2215 1615 agitur,

621 1641 680 1686 et
739 1632 991 1697 moritur,
1050 1632 1194 1689 Deus
1223 1649 1344 1691 esse
1390 1636 1613 1701 dicitur,
1677 1645 1737 1691 ut
1768 1637 1906 1693 citra
1947 1637 2216 1693 rationem

621 1723 919 1778 Abraamio
946 1724 1159 1780 videtur
1181 1735 1238 1781 et
1262 1727 1504 1783 lsaacio?
1531 1728 1658 1785 Haec
1687 1745 1813 1785 cum
1850 1729 1929 1784 sic
1960 1729 2217 1785 diceren-

2313 553 2416 599 πος
2478 539 2621 606 μετά
2684 536 2779 591 καὶ
2832 536 3013 590 ἀλλων
3067 534 3257 598 τινῶν,
3321 532 3441 603 ἅμα
3507 532 3607 604 μὲν
3652 530 3763 602 τὴν
3816 531 3904 587 τοῦ

2324 629 2586 701 Ἐϐραίου
2622 629 2923 702 πρεσϐείαν
2969 628 3336 699 ἀποπληρῶν,
3385 624 3504 697 ἅμα
3553 625 3613 679 δὲ
3664 626 3765 679 καί
3798 626 3905 688 τοῖς

2313 722 2624 792 ὀρθοδόξοις
2653 725 2734 787 είς
2782 723 2978 790 λόγους
3026 721 3207 775 ἐλθεῖν
3260 720 3614 792 βουλόμενος,
3645 716 3748 770 καλ⁵
3780 718 3908 789 πρὸς

2313 814 2608 884 δογμάτων
2637 814 2927 886 ἀκρίϐειαν
2956 813 3410 884 διαμιλληθῆναι.

2392 908 2542 975 κεῖν.
2602 907 2727 961 Τῶν
2769 907 2825 960 δὲ
2855 907 3209 976 γραμμάτων
3263 904 3359 958 τοῦ
3400 901 3727 973 ὀμηριτῶν
3761 900 3910 972 βασις

2314 997 2477 1063 λέως,
2512 998 2601 1053 ἐπ’
2640 986 2817 1070 ὂψεσι
2839 998 2950 1052 τῶν
2980 996 3294 1068 εἰρημένων
3324 996 3613 1066 πρέσϐεων
3644 995 3908 1061 ὕπαναγι-

2317 1092 2716 1162 νωσκομὲνων,
2744 1092 2842 1145 καὶ
2878 1090 2977 1144 τοῦ
3011 1091 3144 1143 Σίλα
3173 1086 3629 1150 συνευδοκοῦντος
3678 1086 3764 1155 τῷ
3816 1086 3910 1140 τοῦ

2316 1183 2663 1253 γεγραφότος
2719 1182 2934 1251 σκοπῷ,
2992 1181 3153 1251 ψιλόν
3204 1197 3265 1234 τε
3322 1180 3621 1252 ἄνθρωπον
3650 1176 3800 1235 εἶναι
3830 1181 3911 1235 λέ·-

2316 1293 2504 1346 γοντος
2531 1277 2628 1329 καὶ
2650 1275 2712 1330 οὐ
2761 1274 2895 1329 Θεὸν
2955 1274 3046 1329 τὸν
3073 1273 3332 1345 Χριστὸν,
3400 1272 3430 1326 ὃ
3482 1272 3576 1326 καὶ
3619 1273 3911 1343 πεπληρωο

2319 1368 2594 1441 φορῆσθαι
2622 1368 2717 1422 καὶ
2744 1367 2909 1422 αὐτὸν
2960 1365 3188 1436 βασιλέα
3229 1364 3544 1435 Ῥωμαίων.
3625 1364 3758 1426 Πῶς
3787 1364 3890 1433 γάρ

2330 1462 2397 1517 ἄν
2425 1478 2532 1524 τις,
2567 1460 2725 1531 φησὶ,
2758 1458 3081 1530 τικτόμενος
3104 1460 3171 1512 ἐκ
3197 1456 3486 1523 γυναικός·
3528 1456 3626 1509 καὶ
3665 1455 3747 1525 τῷ
3780 1456 3910 1508 ἐκεῖ·

2328 1556 2424 1611 θεν
2473 1553 2673 1624 αἵματι
2733 1550 3182 1622 συμφυρόμενος,
3243 1547 3624 1617 εἱλισσόμενός
3680 1563 3741 1599 τε
3807 1548 3912 1610 τοῖς

2323 1649 2704 1721 σπαργάνοις,
2738 1648 2832 1702 καὶ
2887 1646 3183 1718 δεχόμενος
3217 1643 3365 1699 κατά
3415 1641 3615 1713 μικρὸν
3665 1637 3911 1707 αὔξησιν,

2294 1742 2448 1800 ιεῐτα
2497 1745 2593 1800 καὶ
2648 1741 2865 1798 κοπιῶν
2915 1740 3015 1794 καὶ
3072 1738 3298 1802 πεινῶν,
3352 1738 3446 1791 καὶ
3491 1735 3556 1789 τὸ
3583 1734 3903 1788 τελευταῖον

622 1824 733 1880 tur,
773 1816 809 1870 li
840 1817 944 1872 viri
998 1817 1071 1887 pii
1126 1833 1237 1873 non
1292 1817 1535 1876 ferentes
1586 1820 1795 1878 diutius
1855 1823 2029 1878 Deum
2081 1822 2221 1879 afﬁci

2337 1836 2748 1910 σταυρούμενός
2800 1851 2863 1889 τε
2919 1832 3016 1887 καὶ
3050 1830 3442 1901 ἀποθνήσκων,
3473 1826 3609 1890 Θεὸς
3648 1821 3800 1879 εἶναι
3827 1824 3910 1877 λέ-

621 1909 987 1977 contumelia,
1060 1909 1251 1966 scissis
1318 1912 1433 1968 suis
1460 1913 1728 1978 vestibus,
1782 1930 1880 1971 eos
1954 1916 2228 1972 vocabant

624 1998 936 2066 haereticos,
990 2012 1046 2057 et
1093 2018 1292 2074 magno
1350 2005 1540 2060 animo
1595 2021 1692 2062 eos
1757 2008 2105 2078 expellebant
2155 2011 2227 2066 ab

625 2093 855 2149 ecclesia
912 2095 1210 2161 catholica,
1290 2095 1603 2154 Nestorium
1661 2115 1853 2156 eorum
1903 2104 2227 2173 magistrum

627 2186 973 2251 damnautes,
1006 2195 1067 2242 ut
1089 2188 1183 2258 qui
1213 2190 1356 2244 tales
1385 2190 1993 2248 seminassetzizanias.
2023 2193 2230 2251 Deinde

630 2276 794 2333 etiam
823 2276 997 2333 fusius
1047 2279 1523 2348 persequebantur
1576 2295 1663 2347 ea,
1713 2297 1833 2350 qua!
1885 2284 2233 2354 pertinebant

632 2368 702 2424 ad
740 2367 981 2423 divinam
1023 2368 1205 2424 carnis
1253 2378 1521 2440 suscepta:
1566 2370 2033 2442 dispensationem
2062 2392 2076 2428 ι
2104 2375 2234 2445 ipsi-

631 2475 742 2532 que
767 2460 1077 2516 orthodoxa
1140 2461 1458 2517 divinorum
1504 2466 1881 2532 apostolorum
1921 2478 1977 2521 et
2005 2466 2231 2523 Patrum

629 2562 924 2623 sequentes
947 2551 1217 2623 dogmata,
1256 2552 1424 2608 Deum
1460 2554 1771 2624 perfectum
1832 2566 1889 2612 et
1950 2558 2233 2614 hominem

629 2641 934 2712 perfectum
965 2641 1372 2698 confitebantur
1389 2643 1693 2710 Christum,
1727 2645 1783 2700 in
1816 2662 1925 2701 una
1958 2647 2233 2719 hypostasi

632 2732 771 2788 duas
830 2743 1056 2801 naturas
1122 2735 1525 2805 coniungentes
1590 2736 1738 2791 circa
1827 2736 2232 2803 confusionem.

632 2827 816 2895 Atque
853 2841 977 2881 cum
1016 2827 1094 2882 sic
1137 2827 1359 2897 quidem
1421 2828 1565 2884 Silas
1614 2844 1646 2884 a
1697 2844 1866 2900 scopo
1920 2832 2235 2892 excidisset.

635 2916 893 2972 inanibus
925 2917 1008 2986 (ut
1060 2918 1287 2989 dicitur)
1329 2921 1584 2975 manibus
1622 2929 1709 2975 est
1764 2938 2038 2987 reversus,
2073 2933 2130 2978 et
2158 2926 2237 2980 sic

634 3022 774 3062 vana
807 3022 905 3077 spe
930 3006 1154 3063 delusus
1192 3024 1209 3065 :
1260 3010 1587 3067 Abraamius
1640 3022 1824 3068 autem
1853 3013 1972 3085 ipse
2015 3031 2236 3086 quoque

637 3097 847 3153 fmdere
878 3098 1015 3153 inito
1040 3115 1163 3154 cum
1203 3101 1601 3168 Alamundaru,
1655 3105 2005 3175 salutatoque
2032 3109 2236 3163 lsaacio

636 3189 693 3245 in
727 3190 1004 3246 Persidem
1031 3203 1360 3259 rcvertente,
1391 3195 1552 3251 rediit
1584 3204 1640 3251 et
1668 3197 1807 3267 ipse,
1836 3209 2001 3269 atque
2037 3202 2232 3257 omnia

638 3284 895 3350 exposuit
942 3283 1159 3339 Justino
1205 3287 1547 3355 imperatori,
1589 3297 1641 3343 et
1690 3292 1990 3359 prmsertim
2033 3310 2157 3363 quae
2203 3310 2234 3350 a

640 3388 770 3444 rege
817 3373 1223 3431 llomeritarum
1282 3377 1422 3432 facta
1475 3387 1530 3433 et
1591 3379 1796 3436 scrinta
1867 3391 1994 3437 sunt
2042 3394 2233 3440 contra

638 3464 1006 3524 Christianos.

714 3688 929 3745 XXVII.
958 3687 1053 3747 llle
1075 3704 1258 3750 autem
1291 3696 1411 3751 sine
1451 3712 1603 3752 mora
1627 3700 1849 3770 scripsit
1875 3699 1942 3754 ad
1962 3700 2236 3756 Asterium

641 3779 986 3836 Alexandriae
1013 3783 1354 3856 episcopum,
1388 3796 1449 3840 ut
1502 3785 1758 3843 incitaret
1790 3804 1973 3859 regem
2010 3788 2237 3845 Ethio-

643 3887 775 3943 pum
833 3873 901 3928 ad
962 3876 1294 3931 movendum
1347 3892 1498 3933 arma
1552 3878 1817 3936 adversus
1901 3878 2238 3937 Homeritas.

644 3965 851 4022 Eadem
917 3981 1137 4037 quoque
1188 3967 1292 4038 ipsi
1338 3969 1454 4040 regi
1514 3968 1835 4039 Ethiopum
1881 3986 1981 4041 per
2028 3971 2241 4029 litteras

647 4059 943 4121 nuntiavit.
969 4076 1206 4131 eumque
1233 4061 1439 4127 docuit,
1466 4062 1927 4132 quemadmodum
1950 4063 2243 4121 delevisset

649 4152 913 4207 Baehrens
946 4168 1141 4207 omnes
1170 4153 1540 4217 Christianos,
1569 4153 1661 4222 qui
1693 4163 1847 4208 erant
1890 4154 1946 4209 in
1989 4171 2087 4211 sua
2138 4172 2240 4226 po-

648 4251 846 4297 testate
879 4260 893 4296 :
926 4252 983 4297 et
1033 4240 1494 4313 quemadmodum
1557 4243 1774 4314 Nagran
1819 4246 2093 4300 civitatem
2146 4262 2243 4317 po-

651 4335 784 4405 pulo
868 4334 1371 4403 frequentissimam
1477 4333 1700 4391 fecisset
1799 4336 2237 4406 inliabitahilem,

652 4425 911 4480 omnibus
942 4426 1240 4495 puberibus
1268 4425 1467 4496 partim
1499 4426 1719 4495 quidem
1751 4428 2075 4498 interfectis,
2112 4446 2242 4500 par-

2328 1929 2616 2002 γοιτο,,ὡς
2644 1930 2766 1993 τοῖς
2816 1925 2948 1998 περὶ
3013 1921 3318 1995 Ἀϐράμιόν
3352 1937 3416 1974 τε
3473 1918 3572 1974 καὶ
3646 1916 3914 1972 Ἱσαάκιον

2328 2023 2542 2091 ἀλόγως
2570 2020 2727 2074 δοκεῖ
2753 2034 2770 2085 ;
2803 2015 3028 2070 Τούτων
3053 2012 3198 2068 οὕτω
3225 2011 3542 2080 λεγομένων
3571 2008 3621 2062 oi
3651 2005 3918 2077 Θεοφιλεῖς

2329 2108 2477 2172 οὗτοι
2524 2104 2600 2185 μὴ
2648 2112 2938 2180 στέγοντες
2981 2109 3077 2162 ἐπὶ
3127 2105 3267 2160 πολὺ
3326 2100 3771 2172 καθυϐρίζεσθαι
3834 2098 3917 2152 τὸν

2331 2206 2485 2270 Θεὸν,
2528 2204 2628 2268 τὰς
2661 2201 2873 2257 ἑαυτῶν
2918 2199 3159 2270 ἐσθῆτας
3208 2193 3671 2268 διαρρηξάμενοι,
3726 2193 3922 2261 αίρετιυ

2333 2297 2466 2360 κοὺς
2495 2312 2555 2349 τε
2585 2292 2900 2348 ἀπεκάλουν
2926 2291 3147 2354 αὐτοῦς,
3179 2288 3275 2343 καὶ
3307 2288 3409 2358 τῆς
3435 2283 3739 2350 καθολικῆς
3767 2279 3920 2335 ὲκθῦο

2339 2407 2456 2461 μως
2509 2387 2898 2456 ἀπεκήρυττον
2986 2380 3324 2451 ἐκκλησίας,
3387 2375 3586 2439 αὐτοὺς
3640 2373 3780 2444 ὁμοῦ
3832 2373 3921 2424 καὶ

2334 2481 2631 2551 Νεστόριον
2659 2477 2754 2532 τὸν
2778 2473 3122 2536 διδάσκαλον,
3148 2469 3245 2526 ἀτε
3271 2469 3336 2541 δὴ
3372 2472 3581 2540 σπορέα
3616 2465 3729 2519 τῶν
3753 2461 3920 2516 sciati-

2335 2591 2446 2628 των
2489 2568 2879 2643 βλασφημιῶν.
2918 2563 3055 2621 Εἶτα
3083 2565 3181 2621 καὶ
3211 2560 3565 2633 διεξήρχοντό
3604 2559 3676 2612 τά
3722 2556 3820 2626 τῆς
3850 2556 3921 2607 οι-

2340 2662 2605 2732 κονομίας
2639 2658 3002 2731 πλατύτερον,
3038 2656 3136 2711 καὶ
3164 2654 3239 2718 ὡς
3267 2656 3385 2715 τοῖς
3414 2651 3657 2720 δόγμασι
3683 2649 3798 2710 τοῖς
3829 2648 3918 2716 ὁρ·

2338 2754 2577 2820 θοδόξοις
2604 2751 2715 2807 τῶν
2746 2750 2910 2806 θείων
2954 2747 3274 2804 ἀποστόλων
3322 2744 3420 2799 καὶ
3476 2742 3745 2814 Πατέρων
3797 2743 3920 2792 ἀκο-

2338 2846 2685 2909 λουθοῦντες,
2722 2844 2856 2898 Θεὸν
2882 2842 3092 2897 τέλειον
3124 2840 3417 2911 ἄνθρωπον
3443 2835 3769 2906 ὡμολόγουν
3790 2833 3919 2903 Χρι·

2341 2940 2487 3006 στὸν,
2521 2939 2582 2994 ἐν
2611 2937 2914 2992 ὑποστάσει
2953 2937 3055 3006 μιᾷ
3088 2933 3189 2997 τὰς
3221 2933 3317 2987 δύο
3369 2930 3566 3001 φύσεις
3598 2926 3923 2998 ἀσυγχὺτως

2343 3033 2729 3096 συνάπτοντες.
2762 3028 2922 3084 Οὕτω
2948 3030 3056 3100 ’μὲν
3082 3024 3178 3083 οὗν
3234 3026 3639 3096 ἀστοχήσαντες
3704 3021 3755 3074 οἱ
3804 3018 3925 3089 περὶ

2264 3164 2308 3226 c
2341 3127 2506 3182 Σίλαν
2523 3129 2729 3191 κεναῖς,
2746 3126 2775 3180 δ
2791 3125 3029 3194 λέγεται,
3053 3122 3241 3195 χερσὶν
3264 3120 3599 3226 ἐπανῄεσαν,
3621 3114 3914 3226 καὶοοᾴῦξιυς

2338 3219 2612 3283 αὐτοῖς,τά
2633 3218 2742 3271 τῶν
2772 3216 3007 3270 ἐλπίδων
3030 3212 3374 3284 ἐματαιώθη.
3403 3212 3468 3264 Oi
3488 3209 3545 3264 δὲ
3574 3209 3705 3278 περὶ
3732 3204 3925 3275 Ἀϐρά-

2340 3326 2489 3381 μιον,
2522 3311 2623 3364 καὶ
2650 3308 2810 3363 αὐτώ⁵
2853 3307 2994 3379 πρὸς
3040 3302 3485 3376 ’Δλαμούνδαρον
3537 3300 3779 3360 σπονδὰς
3809 3297 3927 3350 θέν-

2336 3417 2429 3464 τες
2463 3398 2775 3471 εἰρηνικὰς,
2831 3398 3201 3467 ὑπέστρεφον,
3246 3394 3343 3449 καὶ
3398 3392 3579 3446 πάντα
3631 3388 3926 3455 διεσάφουν

2349 3490 2624 3560 Ἰονστίνῳ
2652 3489 2732 3558 τῷ
2760 3486 2993 3559 βασιλεῖ,
3020 3487 3121 3541 ὅσα
3148 3502 3210 3538 τε
3237 3482 3488 3554 ἐπράχθη
3510 3480 3588 3550 τῷ
3618 3479 3733 3532 τῶν
3770 3478 3930 3548 Ὀμηι

2342 3581 2510 3655 ριτῶν
2542 3580 2778 3651 βασιλεῖ,
2826 3579 2919 3632 καὶ
2966 3579 3073 3631 ὅσα
3128 3574 3273 3629 κατά
3306 3570 3653 3642 Χριστιανῶν
3687 3569 3924 3639 ἐγράψη.

2410 3672 2535 3729 KZ'.
2581 3672 2643 3728 Ὀ
2686 3673 2767 3738 δὲ,
2804 3672 2879 3741 μὴ
2914 3669 3236 3740 ἀναμείνας,
3261 3667 3527 3737 ’Δστερίῳ
3555 3665 3634 3733 τῷ
3680 3661 3928 3727 Ἀλεξαν-

2344 3767 2537 3837 δρείας
2568 3764 2897 3819 ἐπέστελλεν
2920 3761 3213 3832 ἐπισκόπῳ
3243 3757 3610 3831 παρορμῆσαι
3639 3756 3737 3810 τὸν
3780 3755 3926 3825 βασι-

2339 3862 2440 3916 λέα
2494 3861 2604 3916 τῶν
2653 3860 2949 3926 Αἰθιόπων,
2986 3858 3130 3912 ὅπλα
3162 3857 3307 3911 κατά
3348 3852 3458 3907 τῶν
3506 3850 3820 3922 Ὀμηριτῶν
3850 3867 3925 3902 κι-

2342 3954 2504 4025 νῆσαι
2529 3995 2543 4020 ,
2573 3953 2642 4008 τά
2674 3952 2816 4007 αὐτά
2842 3952 2937 4004 καὶ
2964 3948 3129 4012 αὐτὸς
3156 3946 3236 4018 τῷ
3266 3945 3378 4001 τῶν
3403 3943 3689 3999 Αἰθιόπων
3726 3940 3927 4011 βασιλεῖ

2343 4038 2667 4115 γεγραφὼς,
2683 4045 2776 4097 καὶ
2801 4041 3120 4106 άναδιδάξας
3143 4041 3295 4103 ὅπως
3316 4055 3374 4092 τε
3392 4039 3521 4100 τοὺς
3553 4037 3649 4090 ὑπ’
3674 4034 3838 4090 αὑτὸν
3854 4050 3933 4085 τε·

2344 4134 2571 4200 λοῦντας
2599 4136 2883 4198 Αἰθίοπας,
2906 4134 3268 4205 Χριστιανοὺς
3294 4131 3541 4191 ἅπαντας
3570 4125 3933 4206 ἀφανίσειενσὸ

2357 4227 2629 4297 Ἐϐραῖος,
2668 4227 2766 4280 καὶ
2806 4227 2958 4289 ὅπως
2981 4225 3205 4293 Νεγρᾶν
3226 4222 3330 4293 τήν
3350 4221 3506 4277 πόλιν
3538 4217 3740 4288 εὐσεϐῆ
3772 4212 3928 4270 οὖσαν

2346 4320 2442 4375 καὶ
2475 4320 2911 4390 πολυάνθρωπον
2961 4318 3224 4385 ἀνίκητον
3270 4315 3672 4385 ἀπεργάσαιτο,
3710 4309 3806 4372 οὓς
3838 4306 3929 4376 μὲν

2346 4411 2547 4482 ἡϐηδὸν
2559 4409 2940 4480 κατασφάξας,
2957 4394 3049 4472 οὓς
3062 4408 3119 4461 δὲ
3136 4410 3228 4461 καὶ
3241 4406 3677 4474 δουλωσάμενος,
3695 4402 3783 4455 καὶ
3801 4402 3936 4458 ὅπως

654 4516 753 4571 tim
787 4492 969 4569 autem
1004 4514 1239 4569 redactis
1271 4492 1325 4567 in
1359 4492 1683 4569 servitutem
1715 4532 1731 4568 :
1759 4516 2015 4587 quodque
2055 4492 2234 4587 regem

2348 4503 2420 4556 τὰ
2441 4502 2607 4572 ὃμοια
2625 4502 2720 4555 καὶ
2734 4501 2827 4554 τὸν
2848 4500 2960 4554 τῶν
2994 4499 3222 4570 Περσῶν
3247 4498 3477 4568 βασιλέα
3493 4492 3934 4565 ’Δλαμούνδαρον

656 4609 823 4662 etiam
879 4606 1169 4662 Persarum
1210 4615 1264 4661 et
1302 4606 1735 4661 Alamundarum
1784 4608 1929 4662 idem
1976 4608 2068 4663 ille
2109 4609 2250 4664 inci-

658 4711 846 4760 tasset.
906 4709 967 4753 ut
1033 4697 1279 4755 facerent
1332 4697 1554 4753 similia.
1616 4696 1958 4753 Postremum
2029 4698 2248 4767 adjecit,

657 4790 795 4857 fore,
838 4791 945 4845 nisi
979 4790 1095 4861 ipse
1120 4798 1442 4860 exsurgeret
1488 4789 1554 4843 ad
1588 4788 1851 4843 ultionem
1875 4830 1890 4855 ,
1931 4797 1990 4843 ut
2025 4789 2172 4843 Deus
2220 4803 2253 4843 e

659 4886 890 4956 vestigio
933 4886 983 4941 ei
1016 4889 1370 4941 irasceretur.
1418 4883 1484 4939 Et
1526 4883 1643 4938 haec
1688 4882 1905 4953 quidem
1956 4881 2253 4952 imperator

656 4976 931 5031 Justinus.
1007 4975 1132 5045 Ipse
1196 4990 1415 5045 quoque
1484 4972 1800 5044 patriarcha
1852 4971 2253 5029 Alexandrinus

660 5079 1015 5138 posteaquam
1067 5084 1189 5124 cum
1236 5066 1524 5121 monachis
1555 5066 1895 5131 orthodoxis,
1951 5067 2045 5135 qui
2092 5075 2253 5122 erant

663 5163 719 5216 in
758 5160 927 5216 Nitria
985 5170 1041 5214 et
1077 5161 1133 5214 in
1169 5159 1367 5225 Scete,
1400 5160 1600 5214 multas
1630 5159 1742 5215 Deo
1784 5159 1927 5217 fudit
1973 5159 2254 5229 supplica-

665 5256 866 5319 tiones,
910 5253 1023 5323 rcgi
1059 5253 1135 5307 illi
1177 5267 1240 5306 ea
1274 5253 1622 5321 signiﬁcavit.
1645 5267 1766 5323 quae
1801 5252 1892 5323 pio
1923 5252 2254 5308 videbantur

661 5344 902 5400 Justino.
984 5342 1103 5398 Non
1136 5344 1382 5397 latebant
1425 5352 1611 5396 autem
1668 5355 1771 5395 nec
1821 5341 1974 5410 prius
2028 5340 2251 5409 quidem

665 5438 992 5508 Ethiopum
1035 5451 1218 5507 regem
1247 5451 1330 5501 ea,
1365 5451 1485 5504 quae.
1517 5433 1658 5489 facta
1690 5433 1928 5496 fuerant,
1966 5433 2061 5487 sed
2119 5442 2257 5487 tem-

670 5546 802 5603 pore
827 5531 952 5584 anni
989 5528 1315 5600 prohibente
1359 5526 1510 5598 (erat
1565 5526 1712 5580 enim
1742 5525 1953 5593 hiems)
1986 5524 2068 5578 vel
2113 5523 2255 5577 invio

669 5633 761 5679 tus
779 5622 1013 5694 quievit.
1057 5621 1246 5689 Itaque
1272 5634 1396 5674 cum
1432 5618 1671 5672 validum
1709 5616 2023 5688 collegisset
2050 5616 2259 5671 exerci-

673 5728 789 5769 tum
851 5725 961 5769 tam
1025 5729 1089 5768 ex
1146 5712 1304 5776 suis,
1359 5725 1519 5781 quam
1575 5724 1640 5765 ex
1700 5707 1917 5764 auxiliis
1963 5723 2138 5778 usque
2192 5708 2258 5763 ad

677 5812 900 5863 centum
955 5815 1005 5861 et
1064 5802 1255 5876 viginti
1307 5802 1515 5871 millia,
1574 5816 1741 5858 naves
1808 5809 1992 5856 autem
2047 5800 2260 5857 lndicas

2353 4594 2662 4667 παροξῦναι
2711 4593 3071 4665 ποιήσασθαι.
3123 4590 3393 4664 Προσθεὶς
3443 4590 3543 4655 ὡς,
3573 4591 3625 4641 εί
3656 4585 3735 4658 μὴ
3762 4586 3935 4638 διανα-

2356 4691 2520 4762 σταίη
2569 4690 2708 4761 πρὸς
2748 4688 2994 4760 ἄμυναν,
3038 4686 3107 4740 δι’
3135 4685 3309 4756 ὀργῆς
3368 4684 3471 4753 μὲν
3514 4680 3667 4751 αὑτῴ
3695 4679 3789 4731 τὸν
3812 4674 3935 4727 Θεὸν

2355 4781 2580 4836 ἔσεσθαι
2613 4779 2767 4848 παρά
2794 4780 2986 4843 πόδας·
3017 4777 3086 4831 τὰ
3131 4776 3190 4831 δὲ
3231 4774 3542 4845 Ῥωμαϊκά.
3589 4770 3749 4841 φησὶ,
3781 4782 3935 4835 στραο

2363 4873 2614 4943 τεύματα
2641 4873 2736 4927 καλ⁵
2758 4872 3029 4943 ἡμέτερα,
3063 4869 3154 4924 διά
3184 4885 3245 4922 τε
3277 4864 3502 4922 Κοπτοῦ
3552 4858 3934 4931 Καιϐερνίκης.

2354 4967 2453 5021 καὶ
2484 4965 2771 5038 βλεμμίων
2810 4964 2925 5017 τῶν
2951 4961 3228 5032 νομάδων,
3256 4958 3345 5027 ἐφ’
3370 4951 3417 5025 ᾧ
3452 4952 3789 5026 ἀμυνεῖσθαι
3818 4949 3936 5038 τοὺς

2356 5037 2580 5122 ἀσεϐεῖς
2614 5057 3043 5127 ἐκπεμπόμενα,
3105 5051 3300 5129 βλάψει
3350 5050 3452 5120 μὲν
3493 5050 3554 5101 ἐν
3605 5047 3674 5116 τῇ
3726 5037 3937 5129 παρόδῳ

2355 5152 2459 5223 τὴν
2509 5149 2827 5221 ὑμετέραν,
2885 5144 3093 5201 τὸνκδὲ
3164 5127 3476 5214 Ὀμηρίτην
3530 5137 3775 5207 ἀφανιεί.
3833 5127 3936 5223 Kel-

2357 5220 2531 5296 ταῦτα
2566 5242 2664 5313 μὲν
2692 5243 2720 5293 ὁ
2752 5239 3010 5311 βασιλεὺς
3071 5238 3362 5297 Ὶουστίνος
3386 5249 3401 5263 ·
3446 5233 3550 5286 οὐκ
3596 5227 3852 5283 ἐλάνθανε
3884 5220 3935 5272 δὲ

2358 5335 2481 5389 οὐδὲ
2519 5334 2791 5406 πρότερον
2824 5333 2892 5385 τὰ
2922 5330 3211 5400 γινόμενα,
3238 5327 3331 5380 τὸν
3366 5324 3592 5395 βασιλέα
3626 5321 3735 5374 τῶν
3765 5313 3935 5371 Αἰθιό-

2361 5448 2500 5494 πων,
2551 5427 2691 5480 em
2761 5426 2862 5495 τῆς
2909 5425 3059 5494 ὥρας
3112 5419 3412 5491 εῖργούσης
3458 5416 3623 5472 αὐτὸν
3656 5409 3935 5483 (χειμῶνος

2360 5520 2471 5591 γάρ
2513 5518 2794 5587 ἐτελεῖτο),
2822 5516 2916 5570 καὶ
2965 5514 3118 5569 ἄκων
3147 5512 3457 5585 ἡσύχαζεν.
3515 5508 3577 5561 '0
3615 5506 3799 5573 μέντοι
3844 5516 3937 5591 παῖ

2360 5587 2630 5682 έρίάρχης
2680 5606 3093 5677 Ἀλεξανδρείας
3148 5605 3246 5656 σὺν
3296 5604 3412 5662 τοῖς
3476 5599 3534 5651 ἐν
3583 5593 3803 5665 Νητρίᾳ
3857 5587 3935 5642 καὶ

2364 5706 2564 5775 Σκήτει
2595 5700 2924 5773 μονάζουσιν
2979 5696 3308 5769 ὀρθοδόξοις,
3340 5694 3614 5759 πάννυχον
3648 5687 3786 5757 πρὸς
3811 5683 3935 5780 Θεὸν

2367 5772 2607 5866 θέμενος
2651 5792 2892 5848 ἱκετείαν
2928 5789 3102 5845 ἔωθεν
3169 5787 3358 5857 ἐδήλου
3419 5782 3494 5854 τῷ
3527 5777 3741 5853 βασιλεῖ
3767 5772 3834 5829 τὰ
3865 5772 3935 5840 τῷ
