  <div class='ocr_page' id='page_1' title='image "/cluster/home/n/w/nwhite01/storage/ocr_20150623/115:no.2/coo.31924054870195/648.png"; bbox 0 0 4132 6454; ppageno 0'>
   <div class='ocr_carea' id='block_1_1' title="bbox 266 482 400 548">
    <p class='ocr_par' dir='ltr' id='par_1_1' title="bbox 266 482 400 548">
     <span class='ocr_line' id='line_1_1' title="bbox 266 482 400 548; baseline -0.015 0"><span class='ocrx_word' id='word_1_1' title='bbox 266 482 400 548; x_wconf 83' lang='grc'><strong>1281</strong></span> 
     </span>
    </p>
   </div>
   <div class='ocr_carea' id='block_1_2' title="bbox 1421 470 2389 534">
    <p class='ocr_par' dir='ltr' id='par_1_2' title="bbox 1421 470 2389 534">
     <span class='ocr_line' id='line_1_2' title="bbox 1421 470 2389 534; baseline 0 0"><span class='ocrx_word' id='word_1_2' title='bbox 1421 472 1890 534; x_wconf 76' lang='lat' dir='ltr'><strong>MARTYRIUM</strong></span> <span class='ocrx_word' id='word_1_3' title='bbox 1933 473 1993 534; x_wconf 90' lang='lat' dir='ltr'><strong>S.</strong></span> <span class='ocrx_word' id='word_1_4' title='bbox 2037 470 2389 534; x_wconf 62' lang='lat' dir='ltr'><strong>ARETHZE.</strong></span> 
     </span>
    </p>
   </div>
   <div class='ocr_carea' id='block_1_3' title="bbox 3395 461 3532 539">
    <p class='ocr_par' dir='ltr' id='par_1_3' title="bbox 3395 461 3532 539">
     <span class='ocr_line' id='line_1_3' title="bbox 3395 461 3532 539; baseline -0.007 0"><span class='ocrx_word' id='word_1_5' title='bbox 3395 461 3532 539; x_wconf 70' lang='lat'><strong>1232</strong></span> 
     </span>
    </p>
   </div>
   <div class='ocr_carea' id='block_1_4' title="bbox 259 580 1863 658">
    <p class='ocr_par' dir='ltr' id='par_1_4' title="bbox 259 583 1840 658">
     <span class='ocr_line' id='line_1_4' title="bbox 259 583 1840 658; baseline -0.006 -13"><span class='ocrx_word' id='word_1_6' title='bbox 259 590 480 645; x_wconf 78' lang='grc' dir='ltr'><strong>εὐσεϐεῖ</strong></span> <span class='ocrx_word' id='word_1_7' title='bbox 533 587 796 642; x_wconf 75' lang='grc' dir='ltr'><strong>δοκοῦντα</strong></span> <span class='ocrx_word' id='word_1_8' title='bbox 873 587 1166 658; x_wconf 73' lang='grc' dir='ltr'><strong>’Ῑουστίνῳ,</strong></span> <span class='ocrx_word' id='word_1_9' title='bbox 1229 587 1352 642; x_wconf 70' lang='grc' dir='ltr'><strong>οὐδὲ</strong></span> <span class='ocrx_word' id='word_1_10' title='bbox 1405 585 1572 648; x_wconf 73' lang='grc' dir='ltr'><strong>αὐτὸς</strong></span> <span class='ocrx_word' id='word_1_11' title='bbox 1619 583 1840 654; x_wconf 79' lang='grc' dir='ltr'><strong>ἀπαρά-</strong></span> 
     </span>
    </p>
   </div>
   <div class='ocr_carea' id='block_1_5' title="bbox 1962 580 3534 658">
    <p class='ocr_par' dir='ltr' id='par_1_5' title="bbox 1962 580 3534 654">
     <span class='ocr_line' id='line_1_5' title="bbox 1962 580 3534 654; baseline 0.004 -18"><span class='ocrx_word' id='word_1_12' title='bbox 1962 580 2284 652; x_wconf 74' lang='lat' dir='ltr'><strong>eptuaginta</strong></span> <span class='ocrx_word' id='word_1_13' title='bbox 2313 582 2368 636; x_wconf 89' lang='lat' dir='ltr'><strong>in</strong></span> <span class='ocrx_word' id='word_1_14' title='bbox 2406 584 2520 652; x_wconf 91' lang='lat' dir='ltr'><strong>ipsa</strong></span> <span class='ocrx_word' id='word_1_15' title='bbox 2556 582 2737 638; x_wconf 84' lang='lat' dir='ltr'><strong>hieme</strong></span> <span class='ocrx_word' id='word_1_16' title='bbox 2757 583 3175 650; x_wconf 81' lang='lat' dir='ltr'><strong>construxisset,</strong></span> <span class='ocrx_word' id='word_1_17' title='bbox 3205 584 3340 654; x_wconf 88' lang='lat' dir='ltr'><strong>quin</strong></span> <span class='ocrx_word' id='word_1_18' title='bbox 3368 586 3534 643; x_wconf 87' lang='lat' dir='ltr'><strong>etiam</strong></span> 
     </span>
    </p>
   </div>
   <div class='ocr_carea' id='block_1_6' title="bbox 265 677 1827 752">
    <p class='ocr_par' dir='ltr' id='par_1_6' title="bbox 265 677 1827 752">
     <span class='ocr_line' id='line_1_6' title="bbox 265 677 1827 752; baseline -0.004 -17"><span class='ocrx_word' id='word_1_19' title='bbox 265 698 462 745; x_wconf 81' lang='grc' dir='ltr'><strong>σκευος</strong></span> <span class='ocrx_word' id='word_1_20' title='bbox 519 677 608 752; x_wconf 79' lang='grc' dir='ltr'><strong>ἧν·</strong></span> <span class='ocrx_word' id='word_1_21' title='bbox 669 681 827 750; x_wconf 83' lang='grc' dir='ltr'><strong>ἐτυχε</strong></span> <span class='ocrx_word' id='word_1_22' title='bbox 881 683 992 752; x_wconf 71' lang='grc' dir='ltr'><strong>γὰρ</strong></span> <span class='ocrx_word' id='word_1_23' title='bbox 1054 679 1452 748; x_wconf 78' lang='grc' dir='ltr'><strong>συλλεξάμενος</strong></span> <span class='ocrx_word' id='word_1_24' title='bbox 1525 677 1827 746; x_wconf 78' lang='grc' dir='ltr'><strong>ἀξιόμαχον</strong></span> 
     </span>
    </p>
   </div>
   <div class='ocr_carea' id='block_1_7' title="bbox 262 766 1845 845">
    <p class='ocr_par' dir='ltr' id='par_1_7' title="bbox 262 766 1845 845">
     <span class='ocr_line' id='line_1_7' title="bbox 262 766 1845 845; baseline -0.004 -18"><span class='ocrx_word' id='word_1_25' title='bbox 262 773 529 845; x_wconf 79' lang='grc' dir='ltr'><strong>στρατιάν</strong></span> <span class='ocrx_word' id='word_1_26' title='bbox 589 774 653 826; x_wconf 79' lang='grc' dir='ltr'><strong>ἐκ</strong></span> <span class='ocrx_word' id='word_1_27' title='bbox 699 789 760 824; x_wconf 85' lang='grc' dir='ltr'><strong>τε</strong></span> <span class='ocrx_word' id='word_1_28' title='bbox 791 772 1004 834; x_wconf 80' lang='grc' dir='ltr'><strong>οἰκείας</strong></span> <span class='ocrx_word' id='word_1_29' title='bbox 1051 773 1147 824; x_wconf 76' lang='grc' dir='ltr'><strong>καὶ</strong></span> <span class='ocrx_word' id='word_1_30' title='bbox 1190 768 1535 840; x_wconf 80' lang='grc' dir='ltr'><strong>συμμαχίδος</strong></span> <span class='ocrx_word' id='word_1_31' title='bbox 1566 769 1695 838; x_wconf 80' lang='grc' dir='ltr'><strong>ἄχρι</strong></span> <span class='ocrx_word' id='word_1_32' title='bbox 1735 766 1845 820; x_wconf 80' lang='grc' dir='ltr'><strong>τῶν</strong></span> 
     </span>
    </p>
   </div>
   <div class='ocr_carea' id='block_1_8' title="bbox 262 861 1848 932">
    <p class='ocr_par' dir='ltr' id='par_1_8' title="bbox 262 861 1848 932">
     <span class='ocr_line' id='line_1_8' title="bbox 262 861 1848 932; baseline -0.006 -13"><span class='ocrx_word' id='word_1_33' title='bbox 262 863 598 919; x_wconf 74' lang='grc' dir='ltr'><strong>δυοκαίδεκα</strong></span> <span class='ocrx_word' id='word_1_34' title='bbox 627 864 933 932; x_wconf 87' lang='grc' dir='ltr'><strong>μυριάδων.</strong></span> <span class='ocrx_word' id='word_1_35' title='bbox 961 861 1072 916; x_wconf 85' lang='grc' dir='ltr'><strong>Ἦν</strong></span> <span class='ocrx_word' id='word_1_36' title='bbox 1100 861 1157 914; x_wconf 83' lang='grc' dir='ltr'><strong>δὲ</strong></span> <span class='ocrx_word' id='word_1_37' title='bbox 1187 864 1285 914; x_wconf 70' lang='grc' dir='ltr'><strong>καὶ</strong></span> <span class='ocrx_word' id='word_1_38' title='bbox 1316 861 1484 914; x_wconf 84' lang='grc' dir='ltr'><strong>πλοῖα</strong></span> <span class='ocrx_word' id='word_1_39' title='bbox 1512 875 1848 913; x_wconf 83' lang='grc' dir='ltr'><strong>κατεσκευα-</strong></span> 
     </span>
    </p>
   </div>
   <div class='ocr_carea' id='block_1_9' title="bbox 266 949 1846 1025">
    <p class='ocr_par' dir='ltr' id='par_1_9' title="bbox 266 949 1846 1025">
     <span class='ocr_line' id='line_1_9' title="bbox 266 949 1846 1025; baseline -0.004 -16"><span class='ocrx_word' id='word_1_40' title='bbox 266 955 376 1018; x_wconf 81' lang='grc' dir='ltr'><strong>κὼς</strong></span> <span class='ocrx_word' id='word_1_41' title='bbox 413 955 795 1025; x_wconf 78' lang='grc' dir='ltr'><strong>ἐϐδομήκοντα</strong></span> <span class='ocrx_word' id='word_1_42' title='bbox 830 955 964 1024; x_wconf 80' lang='grc' dir='ltr'><strong>παρ’</strong></span> <span class='ocrx_word' id='word_1_43' title='bbox 1019 953 1171 1022; x_wconf 86' lang='grc' dir='ltr'><strong>αύτῷ</strong></span> <span class='ocrx_word' id='word_1_44' title='bbox 1216 952 1293 1024; x_wconf 84' lang='grc' dir='ltr'><strong>τῷ</strong></span> <span class='ocrx_word' id='word_1_45' title='bbox 1325 952 1596 1024; x_wconf 85' lang='grc' dir='ltr'><strong>χειμῶνι·</strong></span> <span class='ocrx_word' id='word_1_46' title='bbox 1637 950 1698 1004; x_wconf 84' lang='grc' dir='ltr'><strong>οὐ</strong></span> <span class='ocrx_word' id='word_1_47' title='bbox 1737 949 1846 1020; x_wconf 74' lang='grc' dir='ltr'><strong>μὴν</strong></span> 
     </span>
    </p>
   </div>
   <div class='ocr_carea' id='block_1_10' title="bbox 267 1043 1843 1117">
    <p class='ocr_par' dir='ltr' id='par_1_10' title="bbox 267 1043 1843 1117">
     <span class='ocr_line' id='line_1_10' title="bbox 267 1043 1843 1117; baseline -0.003 -17"><span class='ocrx_word' id='word_1_48' title='bbox 267 1046 406 1100; x_wconf 72' lang='grc' dir='ltr'><strong>ἀλλὰ</strong></span> <span class='ocrx_word' id='word_1_49' title='bbox 437 1047 532 1097; x_wconf 76' lang='grc' dir='ltr'><strong>καὶ</strong></span> <span class='ocrx_word' id='word_1_50' title='bbox 561 1047 625 1098; x_wconf 85' lang='grc' dir='ltr'><strong>ἐκ</strong></span> <span class='ocrx_word' id='word_1_51' title='bbox 657 1047 767 1100; x_wconf 82' lang='grc' dir='ltr'><strong>τῶν</strong></span> <span class='ocrx_word' id='word_1_52' title='bbox 796 1047 1058 1117; x_wconf 85' lang='grc' dir='ltr'><strong>ἐμπόρων</strong></span> <span class='ocrx_word' id='word_1_53' title='bbox 1086 1045 1314 1116; x_wconf 84' lang='grc' dir='ltr'><strong>Περσῶν</strong></span> <span class='ocrx_word' id='word_1_54' title='bbox 1344 1063 1402 1099; x_wconf 89' lang='grc' dir='ltr'><strong>τε</strong></span> <span class='ocrx_word' id='word_1_55' title='bbox 1429 1047 1525 1098; x_wconf 80' lang='grc' dir='ltr'><strong>καὶ</strong></span> <span class='ocrx_word' id='word_1_56' title='bbox 1547 1043 1843 1107; x_wconf 78' lang='grc' dir='ltr'><strong>Αἰθιόπων,</strong></span> 
     </span>
    </p>
   </div>
   <div class='ocr_carea' id='block_1_11' title="bbox 268 1133 1850 1208">
    <p class='ocr_par' dir='ltr' id='par_1_11' title="bbox 268 1133 1850 1208">
     <span class='ocr_line' id='line_1_11' title="bbox 268 1133 1850 1208; baseline -0.001 -20"><span class='ocrx_word' id='word_1_57' title='bbox 268 1136 547 1208; x_wconf 81' lang='grc' dir='ltr'><strong>ἐμπορίας</strong></span> <span class='ocrx_word' id='word_1_58' title='bbox 579 1138 745 1208; x_wconf 85' lang='grc' dir='ltr'>χάριν</span> <span class='ocrx_word' id='word_1_59' title='bbox 788 1141 973 1191; x_wconf 78' lang='grc' dir='ltr'><strong>ἐκεῖσε</strong></span> <span class='ocrx_word' id='word_1_60' title='bbox 1024 1138 1360 1207; x_wconf 87' lang='grc' dir='ltr'><strong>κατάραντα,</strong></span> <span class='ocrx_word' id='word_1_61' title='bbox 1393 1137 1524 1206; x_wconf 90' lang='grc' dir='ltr'><strong>περί</strong></span> <span class='ocrx_word' id='word_1_62' title='bbox 1574 1151 1677 1188; x_wconf 88' lang='grc' dir='ltr'><strong>που</strong></span> <span class='ocrx_word' id='word_1_63' title='bbox 1726 1133 1850 1202; x_wconf 80' lang='grc' dir='ltr'><strong>ἐξή-</strong></span> 
     </span>
    </p>
   </div>
   <div class='ocr_carea' id='block_1_12' title="bbox 263 1223 1848 1299">
    <p class='ocr_par' dir='ltr' id='par_1_12' title="bbox 263 1223 1848 1299">
     <span class='ocr_line' id='line_1_12' title="bbox 263 1223 1848 1299; baseline 0 -19"><span class='ocrx_word' id='word_1_64' title='bbox 263 1244 435 1280; x_wconf 85' lang='grc' dir='ltr'><strong>κοντα</strong></span> <span class='ocrx_word' id='word_1_65' title='bbox 486 1229 860 1292; x_wconf 83' lang='grc' dir='ltr'><strong>συνελέξαντο.</strong></span> <span class='ocrx_word' id='word_1_66' title='bbox 901 1229 1044 1281; x_wconf 88' lang='grc' dir='ltr'><strong>Ὅσα</strong></span> <span class='ocrx_word' id='word_1_67' title='bbox 1089 1227 1222 1297; x_wconf 80' lang='grc' dir='ltr'><strong>γοῦν</strong></span> <span class='ocrx_word' id='word_1_68' title='bbox 1273 1229 1618 1299; x_wconf 82' lang='grc' dir='ltr'><strong>πεπονηκότα</strong></span> <span class='ocrx_word' id='word_1_69' title='bbox 1667 1223 1737 1298; x_wconf 75' lang='grc' dir='ltr'><strong>ἧν</strong></span> <span class='ocrx_word' id='word_1_70' title='bbox 1789 1225 1848 1291; x_wconf 81' lang='grc' dir='ltr'><strong>ἐξ</strong></span> 
     </span>
    </p>
   </div>
   <div class='ocr_carea' id='block_1_13' title="bbox 264 1317 1850 1389">
    <p class='ocr_par' dir='ltr' id='par_1_13' title="bbox 264 1317 1850 1389">
     <span class='ocr_line' id='line_1_13' title="bbox 264 1317 1850 1389; baseline -0.001 -18"><span class='ocrx_word' id='word_1_71' title='bbox 264 1318 453 1371; x_wconf 79' lang='grc' dir='ltr'><strong>αὐτῶν</strong></span> <span class='ocrx_word' id='word_1_72' title='bbox 508 1320 1042 1389; x_wconf 75' lang='grc' dir='ltr'><strong>ἐπισκευασάμενος,</strong></span> <span class='ocrx_word' id='word_1_73' title='bbox 1102 1320 1198 1374; x_wconf 77' lang='grc' dir='ltr'><strong>καὶ</strong></span> <span class='ocrx_word' id='word_1_74' title='bbox 1260 1318 1441 1372; x_wconf 88' lang='grc' dir='ltr'><strong>πάντα</strong></span> <span class='ocrx_word' id='word_1_75' title='bbox 1485 1317 1712 1388; x_wconf 80' lang='grc' dir='ltr'><strong>θέμενος</strong></span> <span class='ocrx_word' id='word_1_76' title='bbox 1759 1319 1850 1370; x_wconf 77' lang='grc' dir='ltr'><strong>εύ-</strong></span> 
     </span>
    </p>
   </div>
   <div class='ocr_carea' id='block_1_14' title="bbox 263 1409 1846 1484">
    <p class='ocr_par' dir='ltr' id='par_1_14' title="bbox 263 1409 1846 1484">
     <span class='ocr_line' id='line_1_14' title="bbox 263 1409 1846 1484; baseline 0.001 -22"><span class='ocrx_word' id='word_1_77' title='bbox 263 1409 466 1481; x_wconf 80' lang='grc' dir='ltr'><strong>τρεπῆ,</strong></span> <span class='ocrx_word' id='word_1_78' title='bbox 499 1410 618 1480; x_wconf 76' lang='grc' dir='ltr'><strong>ἅμα</strong></span> <span class='ocrx_word' id='word_1_79' title='bbox 663 1411 785 1484; x_wconf 79' lang='grc' dir='ltr'><strong>έαρι</strong></span> <span class='ocrx_word' id='word_1_80' title='bbox 842 1415 943 1482; x_wconf 77' lang='grc' dir='ltr'><strong>τὴν</strong></span> <span class='ocrx_word' id='word_1_81' title='bbox 976 1412 1244 1481; x_wconf 82' lang='grc' dir='ltr'><strong>στρατιὰν</strong></span> <span class='ocrx_word' id='word_1_82' title='bbox 1277 1412 1557 1482; x_wconf 74' lang='grc' dir='ltr'><strong>ἐμϐαλὼν,</strong></span> <span class='ocrx_word' id='word_1_83' title='bbox 1612 1411 1756 1464; x_wconf 86' lang='grc' dir='ltr'><strong>ὅπλα</strong></span> <span class='ocrx_word' id='word_1_84' title='bbox 1785 1427 1846 1464; x_wconf 85' lang='grc' dir='ltr'><strong>τε</strong></span> 
     </span>
    </p>
   </div>
   <div class='ocr_carea' id='block_1_15' title="bbox 266 1496 1850 1570">
    <p class='ocr_par' dir='ltr' id='par_1_15' title="bbox 266 1496 1850 1570">
     <span class='ocr_line' id='line_1_15' title="bbox 266 1496 1850 1570; baseline -0.003 -18"><span class='ocrx_word' id='word_1_85' title='bbox 266 1503 363 1552; x_wconf 82' lang='grc' dir='ltr'><strong>καὶ</strong></span> <span class='ocrx_word' id='word_1_86' title='bbox 411 1500 609 1563; x_wconf 84' lang='grc' dir='ltr'><strong>ίππους</strong></span> <span class='ocrx_word' id='word_1_87' title='bbox 638 1502 735 1553; x_wconf 87' lang='grc' dir='ltr'><strong>καί</strong></span> <span class='ocrx_word' id='word_1_88' title='bbox 785 1501 887 1569; x_wconf 82' lang='grc' dir='ltr'><strong>τὴν</strong></span> <span class='ocrx_word' id='word_1_89' title='bbox 951 1499 1117 1570; x_wconf 78' lang='grc' dir='ltr'><strong>ἀλλην</strong></span> <span class='ocrx_word' id='word_1_90' title='bbox 1147 1497 1537 1570; x_wconf 78' lang='grc' dir='ltr'><strong>παρασκευὴν,</strong></span> <span class='ocrx_word' id='word_1_91' title='bbox 1587 1496 1850 1566; x_wconf 72' lang='grc' dir='ltr'><strong>ἠπείγετο</strong></span> 
     </span>
    </p>
   </div>
   <div class='ocr_carea' id='block_1_16' title="bbox 269 1587 1850 1663">
    <p class='ocr_par' dir='ltr' id='par_1_16' title="bbox 269 1587 1850 1663">
     <span class='ocr_line' id='line_1_16' title="bbox 269 1587 1850 1663; baseline -0.003 -19"><span class='ocrx_word' id='word_1_92' title='bbox 269 1592 544 1662; x_wconf 76' lang='grc' dir='ltr'><strong>συμμίξαι</strong></span> <span class='ocrx_word' id='word_1_93' title='bbox 581 1594 694 1656; x_wconf 86' lang='grc' dir='ltr'><strong>τοῖς</strong></span> <span class='ocrx_word' id='word_1_94' title='bbox 725 1592 1030 1663; x_wconf 89' lang='grc' dir='ltr'><strong>πολεμίοις.</strong></span> <span class='ocrx_word' id='word_1_95' title='bbox 1072 1594 1184 1646; x_wconf 75' lang='grc' dir='ltr'><strong>Καὶ</strong></span> <span class='ocrx_word' id='word_1_96' title='bbox 1222 1591 1290 1646; x_wconf 86' lang='grc' dir='ltr'><strong>δι’</strong></span> <span class='ocrx_word' id='word_1_97' title='bbox 1343 1591 1576 1660; x_wconf 78' lang='grc' dir='ltr'><strong>ἠπείρου</strong></span> <span class='ocrx_word' id='word_1_98' title='bbox 1629 1589 1729 1658; x_wconf 82' lang='grc' dir='ltr'><strong>μὲν</strong></span> <span class='ocrx_word' id='word_1_99' title='bbox 1773 1587 1850 1650; x_wconf 85' lang='grc' dir='ltr'><strong>ὡς</strong></span> 
     </span>
    </p>
   </div>
   <div class='ocr_carea' id='block_1_17' title="bbox 266 1676 1851 1752">
    <p class='ocr_par' dir='ltr' id='par_1_17' title="bbox 266 1676 1851 1752">
     <span class='ocr_line' id='line_1_17' title="bbox 266 1676 1851 1752; baseline -0.002 -20"><span class='ocrx_word' id='word_1_100' title='bbox 266 1681 334 1732; x_wconf 78' lang='grc' dir='ltr'><strong>ἐκ</strong></span> <span class='ocrx_word' id='word_1_101' title='bbox 355 1680 509 1735; x_wconf 83' lang='grc' dir='ltr'><strong>νότου</strong></span> <span class='ocrx_word' id='word_1_102' title='bbox 538 1683 638 1751; x_wconf 85' lang='grc' dir='ltr'><strong>τῆς</strong></span> <span class='ocrx_word' id='word_1_103' title='bbox 692 1682 994 1747; x_wconf 81' lang='grc' dir='ltr'><strong>Αἰθιόπων,</strong></span> <span class='ocrx_word' id='word_1_104' title='bbox 1044 1679 1322 1752; x_wconf 81' lang='grc' dir='ltr'><strong>ἐξέπεμπέ</strong></span> <span class='ocrx_word' id='word_1_105' title='bbox 1369 1695 1521 1741; x_wconf 90' lang='grc' dir='ltr'><strong>τινας</strong></span> <span class='ocrx_word' id='word_1_106' title='bbox 1552 1677 1661 1731; x_wconf 85' lang='grc' dir='ltr'><strong>τῶν</strong></span> <span class='ocrx_word' id='word_1_107' title='bbox 1710 1676 1851 1748; x_wconf 87' lang='grc' dir='ltr'><strong>Βαρ-</strong></span> 
     </span>
    </p>
   </div>
   <div class='ocr_carea' id='block_1_18' title="bbox 1949 673 3542 748">
    <p class='ocr_par' dir='ltr' id='par_1_18' title="bbox 1949 673 3542 748">
     <span class='ocr_line' id='line_1_18' title="bbox 1949 673 3542 748; baseline 0.004 -20"><span class='ocrx_word' id='word_1_108' title='bbox 1949 688 2016 728; x_wconf 81' lang='lat' dir='ltr'><strong>ex</strong></span> <span class='ocrx_word' id='word_1_109' title='bbox 2048 674 2479 743; x_wconf 72' lang='lat' dir='ltr'><strong>negotiatoribus</strong></span> <span class='ocrx_word' id='word_1_110' title='bbox 2523 673 2703 730; x_wconf 85' lang='lat' dir='ltr'><strong>Persis</strong></span> <span class='ocrx_word' id='word_1_111' title='bbox 2733 684 2791 730; x_wconf 88' lang='lat' dir='ltr'><strong>et</strong></span> <span class='ocrx_word' id='word_1_112' title='bbox 2838 676 3216 747; x_wconf 61' lang='lat' dir='ltr'><strong>Etliiopibus.</strong></span> <span class='ocrx_word' id='word_1_113' title='bbox 3273 677 3365 748; x_wconf 85' lang='lat' dir='ltr'><strong>qui</strong></span> <span class='ocrx_word' id='word_1_114' title='bbox 3411 679 3542 735; x_wconf 88' lang='lat' dir='ltr'><strong>illuc</strong></span> 
     </span>
    </p>
   </div>
   <div class='ocr_carea' id='block_1_19' title="bbox 1948 767 3544 842">
    <p class='ocr_par' dir='ltr' id='par_1_19' title="bbox 1948 767 3544 842">
     <span class='ocr_line' id='line_1_19' title="bbox 1948 767 3544 842; baseline 0.007 -24"><span class='ocrx_word' id='word_1_115' title='bbox 1948 773 2216 818; x_wconf 77' lang='lat' dir='ltr'><strong>venerant</strong></span> <span class='ocrx_word' id='word_1_116' title='bbox 2247 775 2570 820; x_wconf 74' lang='lat' dir='ltr'><strong>mercatura:</strong></span> <span class='ocrx_word' id='word_1_117' title='bbox 2593 767 2767 838; x_wconf 89' lang='lat' dir='ltr'><strong>gratia</strong></span> <span class='ocrx_word' id='word_1_118' title='bbox 2789 809 2805 833; x_wconf 94' lang='lat'><strong>,</strong></span> <span class='ocrx_word' id='word_1_119' title='bbox 2835 783 3007 823; x_wconf 84' lang='lat' dir='ltr'><strong>naves</strong></span> <span class='ocrx_word' id='word_1_120' title='bbox 3045 769 3184 823; x_wconf 91' lang='lat' dir='ltr'><strong>altas</strong></span> <span class='ocrx_word' id='word_1_121' title='bbox 3229 770 3544 842; x_wconf 74' lang='lat' dir='ltr'><strong>collegisset</strong></span> 
     </span>
    </p>
   </div>
   <div class='ocr_carea' id='block_1_20' title="bbox 1949 855 3538 932">
    <p class='ocr_par' dir='ltr' id='par_1_20' title="bbox 1949 855 3538 932">
     <span class='ocr_line' id='line_1_20' title="bbox 1949 855 3538 932; baseline 0.008 -24"><span class='ocrx_word' id='word_1_122' title='bbox 1949 855 2016 909; x_wconf 85' lang='lat' dir='ltr'><strong>ad</strong></span> <span class='ocrx_word' id='word_1_123' title='bbox 2046 857 2328 926; x_wconf 74' lang='lat' dir='ltr'><strong>sexaginta</strong></span> <span class='ocrx_word' id='word_1_124' title='bbox 2364 880 2378 913; x_wconf 84' lang='lat'><strong>:</strong></span> <span class='ocrx_word' id='word_1_125' title='bbox 2417 874 2653 929; x_wconf 92' lang='lat' dir='ltr'><strong>cumque</strong></span> <span class='ocrx_word' id='word_1_126' title='bbox 2683 875 2812 925; x_wconf 87' lang='lat' dir='ltr'><strong>eas,</strong></span> <span class='ocrx_word' id='word_1_127' title='bbox 2848 877 2968 931; x_wconf 82' lang='lat' dir='ltr'><strong>quae</strong></span> <span class='ocrx_word' id='word_1_128' title='bbox 3002 876 3069 916; x_wconf 80' lang='lat' dir='ltr'><strong>cx</strong></span> <span class='ocrx_word' id='word_1_129' title='bbox 3097 862 3231 932; x_wconf 87' lang='lat' dir='ltr'><strong>ipsis</strong></span> <span class='ocrx_word' id='word_1_130' title='bbox 3275 865 3538 932; x_wconf 62' lang='lat' dir='ltr'><strong>collapsa</strong></span> 
     </span>
    </p>
   </div>
   <div class='ocr_carea' id='block_1_21' title="bbox 1951 945 3540 1027">
    <p class='ocr_par' dir='ltr' id='par_1_21' title="bbox 1951 945 3540 1027">
     <span class='ocr_line' id='line_1_21' title="bbox 1951 945 3540 1027; baseline 0.006 -28"><span class='ocrx_word' id='word_1_131' title='bbox 1951 945 2207 1014; x_wconf 81' lang='lat' dir='ltr'><strong>fuerant,</strong></span> <span class='ocrx_word' id='word_1_132' title='bbox 2245 949 2608 1006; x_wconf 87' lang='lat' dir='ltr'><strong>instaurasset</strong></span> <span class='ocrx_word' id='word_1_133' title='bbox 2657 968 2720 1008; x_wconf 93' lang='lat' dir='ltr'><strong>ac</strong></span> <span class='ocrx_word' id='word_1_134' title='bbox 2757 952 3061 1018; x_wconf 79' lang='lat' dir='ltr'><strong>refecisset,</strong></span> <span class='ocrx_word' id='word_1_135' title='bbox 3107 964 3163 1010; x_wconf 92' lang='lat' dir='ltr'><strong>et</strong></span> <span class='ocrx_word' id='word_1_136' title='bbox 3203 955 3390 1011; x_wconf 80' lang='lat' dir='ltr'><strong>omnia</strong></span> <span class='ocrx_word' id='word_1_137' title='bbox 3447 974 3540 1027; x_wconf 87' lang='lat' dir='ltr'><strong>pa-</strong></span> 
     </span>
    </p>
   </div>
   <div class='ocr_carea' id='block_1_22' title="bbox 1951 1040 3537 1117">
    <p class='ocr_par' dir='ltr' id='par_1_22' title="bbox 1951 1040 3537 1117">
     <span class='ocr_line' id='line_1_22' title="bbox 1951 1040 3537 1117; baseline 0.009 -29"><span class='ocrx_word' id='word_1_138' title='bbox 1951 1046 2149 1102; x_wconf 88' lang='lat' dir='ltr'><strong>rasset,</strong></span> <span class='ocrx_word' id='word_1_139' title='bbox 2182 1040 2330 1094; x_wconf 88' lang='lat' dir='ltr'><strong>veris</strong></span> <span class='ocrx_word' id='word_1_140' title='bbox 2375 1041 2533 1097; x_wconf 90' lang='lat' dir='ltr'><strong>initio</strong></span> <span class='ocrx_word' id='word_1_141' title='bbox 2567 1044 2738 1099; x_wconf 79' lang='lat' dir='ltr'><strong>movit</strong></span> <span class='ocrx_word' id='word_1_142' title='bbox 2769 1048 3094 1113; x_wconf 79' lang='lat' dir='ltr'><strong>exercitum,</strong></span> <span class='ocrx_word' id='word_1_143' title='bbox 3145 1049 3424 1117; x_wconf 89' lang='lat' dir='ltr'><strong>armisque</strong></span> <span class='ocrx_word' id='word_1_144' title='bbox 3482 1061 3537 1102; x_wconf 89' lang='lat' dir='ltr'><strong>et</strong></span> 
     </span>
    </p>
   </div>
   <div class='ocr_carea' id='block_1_23' title="bbox 1951 1130 3538 1208">
    <p class='ocr_par' dir='ltr' id='par_1_23' title="bbox 1951 1130 3538 1208">
     <span class='ocr_line' id='line_1_23' title="bbox 1951 1130 3538 1208; baseline 0.005 -26"><span class='ocrx_word' id='word_1_145' title='bbox 1951 1130 2108 1199; x_wconf 89' lang='lat' dir='ltr'><strong>equis</strong></span> <span class='ocrx_word' id='word_1_146' title='bbox 2145 1139 2205 1185; x_wconf 86' lang='lat' dir='ltr'><strong>et</strong></span> <span class='ocrx_word' id='word_1_147' title='bbox 2252 1132 2360 1187; x_wconf 90' lang='lat' dir='ltr'><strong>alio</strong></span> <span class='ocrx_word' id='word_1_148' title='bbox 2400 1143 2662 1204; x_wconf 89' lang='lat' dir='ltr'><strong>apparatu</strong></span> <span class='ocrx_word' id='word_1_149' title='bbox 2696 1138 3047 1206; x_wconf 88' lang='lat' dir='ltr'><strong>properabat,</strong></span> <span class='ocrx_word' id='word_1_150' title='bbox 3081 1151 3141 1194; x_wconf 88' lang='lat' dir='ltr'><strong>ut</strong></span> <span class='ocrx_word' id='word_1_151' title='bbox 3191 1140 3374 1208; x_wconf 71' lang='lat' dir='ltr'><strong>praelio</strong></span> <span class='ocrx_word' id='word_1_152' title='bbox 3405 1154 3538 1193; x_wconf 65' lang='lat' dir='ltr'><strong>com</strong></span> 
     </span>
    </p>
   </div>
   <div class='ocr_carea' id='block_1_24' title="bbox 1951 1219 3536 1300">
    <p class='ocr_par' dir='ltr' id='par_1_24' title="bbox 1951 1219 3536 1300">
     <span class='ocr_line' id='line_1_24' title="bbox 1951 1219 3536 1300; baseline 0.005 -26"><span class='ocrx_word' id='word_1_153' title='bbox 1951 1219 2161 1293; x_wconf 77' lang='lat' dir='ltr'><strong>ﬂigeret</strong></span> <span class='ocrx_word' id='word_1_154' title='bbox 2191 1239 2316 1277; x_wconf 85' lang='lat' dir='ltr'><strong>cum</strong></span> <span class='ocrx_word' id='word_1_155' title='bbox 2350 1225 2606 1282; x_wconf 85' lang='lat' dir='ltr'><strong>inimicis.</strong></span> <span class='ocrx_word' id='word_1_156' title='bbox 2647 1227 2710 1281; x_wconf 84' lang='lat' dir='ltr'><strong>Et</strong></span> <span class='ocrx_word' id='word_1_157' title='bbox 2738 1243 2836 1298; x_wconf 88' lang='lat' dir='ltr'><strong>per</strong></span> <span class='ocrx_word' id='word_1_158' title='bbox 2884 1229 3263 1285; x_wconf 87' lang='lat' dir='ltr'><strong>continentem</strong></span> <span class='ocrx_word' id='word_1_159' title='bbox 3311 1231 3536 1300; x_wconf 87' lang='lat' dir='ltr'><strong>quidem</strong></span> 
     </span>
    </p>
   </div>
   <div class='ocr_carea' id='block_1_25' title="bbox 1946 1315 3532 1392">
    <p class='ocr_par' dir='ltr' id='par_1_25' title="bbox 1946 1315 3532 1392">
     <span class='ocr_line' id='line_1_25' title="bbox 1946 1315 3532 1392; baseline 0.006 -24"><span class='ocrx_word' id='word_1_160' title='bbox 1946 1315 2014 1369; x_wconf 91' lang='lat' dir='ltr'><strong>ab</strong></span> <span class='ocrx_word' id='word_1_161' title='bbox 2073 1315 2316 1371; x_wconf 82' lang='lat' dir='ltr'><strong>inferiori</strong></span> <span class='ocrx_word' id='word_1_162' title='bbox 2396 1327 2550 1388; x_wconf 87' lang='lat' dir='ltr'><strong>parte</strong></span> <span class='ocrx_word' id='word_1_163' title='bbox 2614 1318 2910 1390; x_wconf 66' lang='lat' dir='ltr'><strong>EthiOpiaa</strong></span> <span class='ocrx_word' id='word_1_164' title='bbox 2972 1322 3119 1378; x_wconf 89' lang='lat' dir='ltr'><strong>misit</strong></span> <span class='ocrx_word' id='word_1_165' title='bbox 3213 1323 3532 1392; x_wconf 87' lang='lat' dir='ltr'><strong>quindecim</strong></span> 
     </span>
    </p>
   </div>
   <div class='ocr_carea' id='block_1_26' title="bbox 1947 1406 3538 1486">
    <p class='ocr_par' dir='ltr' id='par_1_26' title="bbox 1947 1406 3538 1486">
     <span class='ocr_line' id='line_1_26' title="bbox 1947 1406 3538 1486; baseline 0.006 -26"><span class='ocrx_word' id='word_1_166' title='bbox 1947 1406 2117 1460; x_wconf 84' lang='lat' dir='ltr'><strong>millia</strong></span> <span class='ocrx_word' id='word_1_167' title='bbox 2145 1407 2466 1480; x_wconf 62' lang='lat' dir='ltr'><strong>Etliiopum</strong></span> <span class='ocrx_word' id='word_1_168' title='bbox 2499 1411 2566 1467; x_wconf 89' lang='lat' dir='ltr'><strong>ad</strong></span> <span class='ocrx_word' id='word_1_169' title='bbox 2597 1411 2950 1470; x_wconf 88' lang='lat' dir='ltr'><strong>Homeritidis</strong></span> <span class='ocrx_word' id='word_1_170' title='bbox 3000 1424 3187 1486; x_wconf 84' lang='lat' dir='ltr'><strong>partes</strong></span> <span class='ocrx_word' id='word_1_171' title='bbox 3228 1417 3400 1486; x_wconf 84' lang='lat' dir='ltr'><strong>magis</strong></span> <span class='ocrx_word' id='word_1_172' title='bbox 3448 1431 3538 1469; x_wconf 87' lang='lat' dir='ltr'><strong>oc-</strong></span> 
     </span>
    </p>
   </div>
   <div class='ocr_carea' id='block_1_27' title="bbox 1947 1497 3532 1577">
    <p class='ocr_par' dir='ltr' id='par_1_27' title="bbox 1947 1497 3532 1577">
     <span class='ocr_line' id='line_1_27' title="bbox 1947 1497 3532 1577; baseline 0.008 -27"><span class='ocrx_word' id='word_1_173' title='bbox 1947 1497 2270 1565; x_wconf 87' lang='lat' dir='ltr'><strong>cidentales,</strong></span> <span class='ocrx_word' id='word_1_174' title='bbox 2307 1514 2366 1556; x_wconf 88' lang='lat' dir='ltr'><strong>ut</strong></span> <span class='ocrx_word' id='word_1_175' title='bbox 2397 1502 2516 1572; x_wconf 89' lang='lat' dir='ltr'><strong>ipse</strong></span> <span class='ocrx_word' id='word_1_176' title='bbox 2550 1506 2774 1575; x_wconf 88' lang='lat' dir='ltr'><strong>quidem</strong></span> <span class='ocrx_word' id='word_1_177' title='bbox 2807 1523 2906 1577; x_wconf 89' lang='lat' dir='ltr'><strong>per</strong></span> <span class='ocrx_word' id='word_1_178' title='bbox 2934 1524 3084 1563; x_wconf 90' lang='lat' dir='ltr'><strong>mare</strong></span> <span class='ocrx_word' id='word_1_179' title='bbox 3113 1525 3238 1565; x_wconf 91' lang='lat' dir='ltr'><strong>cum</strong></span> <span class='ocrx_word' id='word_1_180' title='bbox 3274 1509 3532 1571; x_wconf 87' lang='lat' dir='ltr'><strong>navibus,</strong></span> 
     </span>
    </p>
   </div>
   <div class='ocr_carea' id='block_1_28' title="bbox 1949 1588 3538 1668">
    <p class='ocr_par' dir='ltr' id='par_1_28' title="bbox 1949 1588 3538 1668">
     <span class='ocr_line' id='line_1_28' title="bbox 1949 1588 3538 1668; baseline 0.006 -28"><span class='ocrx_word' id='word_1_181' title='bbox 1949 1588 2026 1641; x_wconf 86' lang='lat' dir='ltr'><strong>illi</strong></span> <span class='ocrx_word' id='word_1_182' title='bbox 2066 1598 2248 1645; x_wconf 88' lang='lat' dir='ltr'><strong>autem</strong></span> <span class='ocrx_word' id='word_1_183' title='bbox 2278 1607 2376 1662; x_wconf 90' lang='lat' dir='ltr'><strong>per</strong></span> <span class='ocrx_word' id='word_1_184' title='bbox 2415 1601 2617 1650; x_wconf 90' lang='lat' dir='ltr'><strong>terram</strong></span> <span class='ocrx_word' id='word_1_185' title='bbox 2648 1595 2946 1663; x_wconf 89' lang='lat' dir='ltr'><strong>irruentes,</strong></span> <span class='ocrx_word' id='word_1_186' title='bbox 2983 1597 3174 1654; x_wconf 87' lang='lat' dir='ltr'><strong>hostes</strong></span> <span class='ocrx_word' id='word_1_187' title='bbox 3193 1599 3266 1668; x_wconf 40' lang='lat' dir='ltr'><strong>.in</strong></span> <span class='ocrx_word' id='word_1_188' title='bbox 3292 1598 3538 1653; x_wconf 90' lang='lat' dir='ltr'><strong>medium</strong></span> 
     </span>
    </p>
   </div>
   <div class='ocr_carea' id='block_1_29' title="bbox 1958 1692 2297 1739">
    <p class='ocr_par' dir='ltr' id='par_1_29' title="bbox 1958 1692 2297 1739">
     <span class='ocr_line' id='line_1_29' title="bbox 1958 1692 2297 1739; baseline 0.015 -6"><span class='ocrx_word' id='word_1_189' title='bbox 1958 1692 2297 1739; x_wconf 88' lang='lat' dir='ltr'><strong>coercerent.</strong></span> 
     </span>
    </p>
   </div>
   <div class='ocr_carea' id='block_1_30' title="bbox 268 1767 3540 1853">
    <p class='ocr_par' dir='ltr' id='par_1_30' title="bbox 268 1767 3540 1853">
     <span class='ocr_line' id='line_1_30' title="bbox 268 1767 3540 1853; baseline 0.001 -27"><span class='ocrx_word' id='word_1_190' title='bbox 268 1773 454 1845; x_wconf 76' lang='grc' dir='ltr'><strong>ὀάρων</strong></span> <span class='ocrx_word' id='word_1_191' title='bbox 511 1775 788 1828; x_wconf 78' lang='grc' dir='ltr'><strong>Αἰθιόπων</strong></span> <span class='ocrx_word' id='word_1_192' title='bbox 834 1774 1061 1846; x_wconf 88' lang='grc' dir='ltr'><strong>μυρίους</strong></span> <span class='ocrx_word' id='word_1_193' title='bbox 1116 1772 1212 1826; x_wconf 79' lang='grc' dir='ltr'><strong>καὶ</strong></span> <span class='ocrx_word' id='word_1_194' title='bbox 1242 1769 1712 1839; x_wconf 78' lang='grc' dir='ltr'><strong>πεντακισχιλίους</strong></span> <span class='ocrx_word' id='word_1_195' title='bbox 1750 1767 1888 1837; x_wconf 83' lang='grc' dir='ltr'><strong>πρὸς</strong></span> <span class='ocrx_word' id='word_1_196' title='bbox 1926 1769 1996 1821; x_wconf 76' lang='grc' dir='ltr'><strong>τὰ</strong></span> <span class='ocrx_word' id='word_1_197' title='bbox 2052 1770 2148 1823; x_wconf 83' lang='grc' dir='ltr'><strong>τοῦ</strong></span> <span class='ocrx_word' id='word_1_198' title='bbox 2214 1772 2514 1846; x_wconf 86' lang='grc' dir='ltr'><strong>Ὃμηρίτου</strong></span> <span class='ocrx_word' id='word_1_199' title='bbox 2565 1776 3026 1853; x_wconf 81' lang='grc' dir='ltr'><strong>άνατολικὼτερα,</strong></span> <span class='ocrx_word' id='word_1_200' title='bbox 3087 1781 3166 1846; x_wconf 84' lang='grc' dir='ltr'><strong>ὠς</strong></span> <span class='ocrx_word' id='word_1_201' title='bbox 3211 1779 3278 1835; x_wconf 78' lang='grc' dir='ltr'><strong>ἂν</strong></span> <span class='ocrx_word' id='word_1_202' title='bbox 3323 1782 3388 1834; x_wconf 81' lang='grc' dir='ltr'><strong>ἐκ</strong></span> <span class='ocrx_word' id='word_1_203' title='bbox 3435 1777 3540 1850; x_wconf 79' lang='grc' dir='ltr'><strong>μέν</strong></span> 
     </span>
    </p>
   </div>
   <div class='ocr_carea' id='block_1_31' title="bbox 266 1863 3541 1948">
    <p class='ocr_par' dir='ltr' id='par_1_31' title="bbox 266 1863 3541 1948">
     <span class='ocr_line' id='line_1_31' title="bbox 266 1863 3541 1948; baseline 0.001 -26"><span class='ocrx_word' id='word_1_204' title='bbox 266 1867 491 1938; x_wconf 78' lang='grc' dir='ltr'><strong>δυσμῶν</strong></span> <span class='ocrx_word' id='word_1_205' title='bbox 540 1863 695 1933; x_wconf 71' lang='grc' dir='ltr'><strong>οὗτος</strong></span> <span class='ocrx_word' id='word_1_206' title='bbox 739 1869 830 1923; x_wconf 73' lang='grc' dir='ltr'><strong>διὰ</strong></span> <span class='ocrx_word' id='word_1_207' title='bbox 861 1868 1141 1938; x_wconf 76' lang='grc' dir='ltr'><strong>θαλάσσης</strong></span> <span class='ocrx_word' id='word_1_208' title='bbox 1175 1867 1316 1938; x_wconf 71' lang='grc' dir='ltr'><strong>μετὰ</strong></span> <span class='ocrx_word' id='word_1_209' title='bbox 1362 1865 1472 1920; x_wconf 84' lang='grc' dir='ltr'><strong>τῶν</strong></span> <span class='ocrx_word' id='word_1_210' title='bbox 1524 1863 1752 1932; x_wconf 86' lang='grc' dir='ltr'><strong>πλοίων,</strong></span> <span class='ocrx_word' id='word_1_211' title='bbox 1800 1865 2002 1920; x_wconf 84' lang='grc' dir='ltr'><strong>ἐκεῖνοι</strong></span> <span class='ocrx_word' id='word_1_212' title='bbox 2049 1866 2108 1921; x_wconf 77' lang='grc' dir='ltr'><strong>δὲ</strong></span> <span class='ocrx_word' id='word_1_213' title='bbox 2160 1868 2248 1924; x_wconf 80' lang='grc' dir='ltr'><strong>διὰ</strong></span> <span class='ocrx_word' id='word_1_214' title='bbox 2295 1870 2402 1942; x_wconf 77' lang='grc' dir='ltr'><strong>γῆς</strong></span> <span class='ocrx_word' id='word_1_215' title='bbox 2447 1871 2509 1938; x_wconf 72' lang='grc' dir='ltr'><strong>ἐξ</strong></span> <span class='ocrx_word' id='word_1_216' title='bbox 2557 1873 2834 1928; x_wconf 78' lang='grc' dir='ltr'><strong>ἀνατολῶν</strong></span> <span class='ocrx_word' id='word_1_217' title='bbox 2870 1876 3224 1948; x_wconf 66' lang='grc' dir='ltr'><strong>ἐμϐαλόντες,</strong></span> <span class='ocrx_word' id='word_1_218' title='bbox 3255 1879 3384 1941; x_wconf 81' lang='grc' dir='ltr'><strong>τοὺς</strong></span> <span class='ocrx_word' id='word_1_219' title='bbox 3438 1893 3541 1930; x_wconf 84' lang='grc' dir='ltr'><strong>πο-</strong></span> 
     </span>
    </p>
   </div>
   <div class='ocr_carea' id='block_1_32' title="bbox 282 1966 1116 2038">
    <p class='ocr_par' dir='ltr' id='par_1_32' title="bbox 282 1966 1116 2038">
     <span class='ocr_line' id='line_1_32' title="bbox 282 1966 1116 2038; baseline 0.002 -18"><span class='ocrx_word' id='word_1_220' title='bbox 282 1967 504 2038; x_wconf 83' lang='grc' dir='ltr'><strong>λεμίους</strong></span> <span class='ocrx_word' id='word_1_221' title='bbox 532 1968 613 2030; x_wconf 82' lang='grc' dir='ltr'><strong>εἰς</strong></span> <span class='ocrx_word' id='word_1_222' title='bbox 639 1969 807 2036; x_wconf 80' lang='grc' dir='ltr'><strong>μέσον</strong></span> <span class='ocrx_word' id='word_1_223' title='bbox 840 1966 1116 2037; x_wconf 81' lang='grc' dir='ltr'><strong>εἰρξωσιν.</strong></span> 
     </span>
    </p>
   </div>
   <div class='ocr_carea' id='block_1_33' title="bbox 340 2054 1863 2132">
    <p class='ocr_par' dir='ltr' id='par_1_33' title="bbox 340 2057 1856 2131">
     <span class='ocr_line' id='line_1_33' title="bbox 340 2057 1856 2131; baseline -0.002 -18"><span class='ocrx_word' id='word_1_224' title='bbox 340 2060 480 2115; x_wconf 78' lang='lat' dir='ltr'><strong>Kl&#39;l&#39;.</strong></span> <span class='ocrx_word' id='word_1_225' title='bbox 518 2061 583 2112; x_wconf 90' lang='grc' dir='ltr'><strong>Οί</strong></span> <span class='ocrx_word' id='word_1_226' title='bbox 620 2062 719 2130; x_wconf 85' lang='grc' dir='ltr'><strong>μὲν</strong></span> <span class='ocrx_word' id='word_1_227' title='bbox 769 2059 863 2114; x_wconf 77' lang='grc' dir='ltr'><strong>οὖν</strong></span> <span class='ocrx_word' id='word_1_228' title='bbox 896 2060 1202 2131; x_wconf 79' lang='grc' dir='ltr'><strong>Βάρσαροι,</strong></span> <span class='ocrx_word' id='word_1_229' title='bbox 1245 2059 1472 2122; x_wconf 79' lang='grc' dir='ltr'><strong>πολλαῖς</strong></span> <span class='ocrx_word' id='word_1_230' title='bbox 1519 2057 1758 2130; x_wconf 76' lang='grc' dir='ltr'><strong>ἡμέραις</strong></span> <span class='ocrx_word' id='word_1_231' title='bbox 1789 2057 1856 2111; x_wconf 81' lang='grc' dir='ltr'><strong>δι’</strong></span> 
     </span>
    </p>
   </div>
   <div class='ocr_carea' id='block_1_34' title="bbox 1962 2054 3543 2132">
    <p class='ocr_par' dir='ltr' id='par_1_34' title="bbox 2030 2054 3543 2132">
     <span class='ocr_line' id='line_1_34' title="bbox 2030 2054 3543 2132; baseline 0.013 -23"><span class='ocrx_word' id='word_1_232' title='bbox 2030 2054 2272 2112; x_wconf 76' lang='lat' dir='ltr'><strong>XXVIII.</strong></span> <span class='ocrx_word' id='word_1_233' title='bbox 2313 2057 2581 2114; x_wconf 68' lang='lat' dir='ltr'><strong>Caeterum</strong></span> <span class='ocrx_word' id='word_1_234' title='bbox 2613 2059 2690 2115; x_wconf 91' lang='lat' dir='ltr'><strong>illi</strong></span> <span class='ocrx_word' id='word_1_235' title='bbox 2721 2061 2962 2132; x_wconf 89' lang='lat' dir='ltr'><strong>quidem,</strong></span> <span class='ocrx_word' id='word_1_236' title='bbox 2999 2076 3124 2118; x_wconf 89' lang='lat' dir='ltr'><strong>cum</strong></span> <span class='ocrx_word' id='word_1_237' title='bbox 3179 2068 3380 2122; x_wconf 88' lang='lat' dir='ltr'><strong>multos</strong></span> <span class='ocrx_word' id='word_1_238' title='bbox 3426 2069 3543 2128; x_wconf 81' lang='lat' dir='ltr'><strong>dies</strong></span> 
     </span>
    </p>
   </div>
   <div class='ocr_carea' id='block_1_35' title="bbox 268 2147 1845 2219">
    <p class='ocr_par' dir='ltr' id='par_1_35' title="bbox 268 2147 1845 2219">
     <span class='ocr_line' id='line_1_35' title="bbox 268 2147 1845 2219; baseline -0.003 -16"><span class='ocrx_word' id='word_1_239' title='bbox 268 2147 518 2219; x_wconf 76' lang='grc' dir='ltr'><strong>ἀνύδρων</strong></span> <span class='ocrx_word' id='word_1_240' title='bbox 549 2163 610 2200; x_wconf 85' lang='grc' dir='ltr'><strong>τε</strong></span> <span class='ocrx_word' id='word_1_241' title='bbox 637 2150 735 2202; x_wconf 73' lang='grc' dir='ltr'><strong>καὶ</strong></span> <span class='ocrx_word' id='word_1_242' title='bbox 769 2149 1052 2204; x_wconf 82' lang='grc' dir='ltr'><strong>δυσϐάτων</strong></span> <span class='ocrx_word' id='word_1_243' title='bbox 1082 2149 1404 2211; x_wconf 79' lang='grc' dir='ltr'><strong>ὁδεύσαντες</strong></span> <span class='ocrx_word' id='word_1_244' title='bbox 1459 2149 1570 2200; x_wconf 80' lang='grc' dir='ltr'><strong>τῶν</strong></span> <span class='ocrx_word' id='word_1_245' title='bbox 1599 2147 1845 2218; x_wconf 86' lang='grc' dir='ltr'><strong>χωρίων,</strong></span> 
     </span>
    </p>
   </div>
   <div class='ocr_carea' id='block_1_36' title="bbox 271 2239 1850 2313">
    <p class='ocr_par' dir='ltr' id='par_1_36' title="bbox 271 2239 1850 2313">
     <span class='ocr_line' id='line_1_36' title="bbox 271 2239 1850 2313; baseline -0.003 -18"><span class='ocrx_word' id='word_1_246' title='bbox 271 2239 513 2304; x_wconf 66' lang='grc' dir='ltr'><strong>ἅπαντες</strong></span> <span class='ocrx_word' id='word_1_247' title='bbox 559 2241 955 2312; x_wconf 82' lang='grc' dir='ltr'><strong>διεφθάρησαν,</strong></span> <span class='ocrx_word' id='word_1_248' title='bbox 999 2244 1140 2313; x_wconf 81' lang='grc' dir='ltr'><strong>μήτε</strong></span> <span class='ocrx_word' id='word_1_249' title='bbox 1193 2240 1331 2312; x_wconf 79' lang='grc' dir='ltr'><strong>πρὸς</strong></span> <span class='ocrx_word' id='word_1_250' title='bbox 1391 2240 1482 2293; x_wconf 61' lang='grc' dir='ltr'><strong>τὸν</strong></span> <span class='ocrx_word' id='word_1_251' title='bbox 1525 2239 1850 2310; x_wconf 80' lang='grc' dir='ltr'><strong>’ομηρίτην,</strong></span> 
     </span>
    </p>
   </div>
   <div class='ocr_carea' id='block_1_37' title="bbox 275 2335 1848 2409">
    <p class='ocr_par' dir='ltr' id='par_1_37' title="bbox 275 2335 1848 2409">
     <span class='ocr_line' id='line_1_37' title="bbox 275 2335 1848 2409; baseline 0 -20"><span class='ocrx_word' id='word_1_252' title='bbox 275 2338 416 2408; x_wconf 82' lang='grc' dir='ltr'><strong>μήτε</strong></span> <span class='ocrx_word' id='word_1_253' title='bbox 477 2336 616 2409; x_wconf 78' lang='grc' dir='ltr'><strong>πρὸς</strong></span> <span class='ocrx_word' id='word_1_254' title='bbox 651 2337 750 2408; x_wconf 77' lang='grc' dir='ltr'><strong>τὴν</strong></span> <span class='ocrx_word' id='word_1_255' title='bbox 799 2339 1010 2392; x_wconf 85' lang='grc' dir='ltr'><strong>οἰκείαν</strong></span> <span class='ocrx_word' id='word_1_256' title='bbox 1041 2337 1440 2408; x_wconf 85' lang='grc' dir='ltr'><strong>διαρκέσαντες</strong></span> <span class='ocrx_word' id='word_1_257' title='bbox 1474 2335 1848 2406; x_wconf 81' lang='grc' dir='ltr'><strong>ὑποστρέψαι.</strong></span> 
     </span>
    </p>
   </div>
   <div class='ocr_carea' id='block_1_38' title="bbox 285 2423 1856 2498">
    <p class='ocr_par' dir='ltr' id='par_1_38' title="bbox 285 2423 1856 2498">
     <span class='ocr_line' id='line_1_38' title="bbox 285 2423 1856 2498; baseline -0.002 -20"><span class='ocrx_word' id='word_1_258' title='bbox 285 2425 346 2478; x_wconf 82' lang='grc'><strong>’0</strong></span> <span class='ocrx_word' id='word_1_259' title='bbox 374 2425 434 2478; x_wconf 87' lang='grc' dir='ltr'><strong>δέ</strong></span> <span class='ocrx_word' id='word_1_260' title='bbox 473 2441 536 2494; x_wconf 88' lang='grc' dir='ltr'><strong>γε</strong></span> <span class='ocrx_word' id='word_1_261' title='bbox 598 2426 877 2497; x_wconf 73' lang='grc' dir='ltr'><strong>βασιλεὺς,</strong></span> <span class='ocrx_word' id='word_1_262' title='bbox 923 2427 1026 2498; x_wconf 69' lang='grc' dir='ltr'><strong>ήδη</strong></span> <span class='ocrx_word' id='word_1_263' title='bbox 1058 2429 1188 2497; x_wconf 72' lang='grc' dir='ltr'><strong>περὶ</strong></span> <span class='ocrx_word' id='word_1_264' title='bbox 1217 2427 1308 2478; x_wconf 76' lang='grc' dir='ltr'><strong>τὸν</strong></span> <span class='ocrx_word' id='word_1_265' title='bbox 1339 2424 1573 2478; x_wconf 79' lang='grc' dir='ltr'><strong>ἔκπλουν</strong></span> <span class='ocrx_word' id='word_1_266' title='bbox 1598 2423 1695 2489; x_wconf 84' lang='grc' dir='ltr'><strong>ὢν,</strong></span> <span class='ocrx_word' id='word_1_267' title='bbox 1727 2423 1856 2492; x_wconf 84' lang='grc' dir='ltr'><strong>άφί-</strong></span> 
     </span>
    </p>
   </div>
   <div class='ocr_carea' id='block_1_39' title="bbox 277 2516 1854 2590">
    <p class='ocr_par' dir='ltr' id='par_1_39' title="bbox 277 2516 1854 2590">
     <span class='ocr_line' id='line_1_39' title="bbox 277 2516 1854 2590; baseline -0.003 -17"><span class='ocrx_word' id='word_1_268' title='bbox 277 2534 406 2573; x_wconf 80' lang='grc' dir='ltr'><strong>κετο</strong></span> <span class='ocrx_word' id='word_1_269' title='bbox 435 2519 516 2581; x_wconf 87' lang='grc' dir='ltr'><strong>είς</strong></span> <span class='ocrx_word' id='word_1_270' title='bbox 540 2519 602 2571; x_wconf 85' lang='grc' dir='ltr'><strong>τὸ</strong></span> <span class='ocrx_word' id='word_1_271' title='bbox 634 2519 800 2590; x_wconf 83' lang='grc' dir='ltr'><strong>ἰερδν,</strong></span> <span class='ocrx_word' id='word_1_272' title='bbox 839 2520 934 2572; x_wconf 72' lang='grc' dir='ltr'><strong>καὶ</strong></span> <span class='ocrx_word' id='word_1_273' title='bbox 983 2518 1090 2588; x_wconf 84' lang='grc' dir='ltr'><strong>πρὸ</strong></span> <span class='ocrx_word' id='word_1_274' title='bbox 1124 2519 1224 2588; x_wconf 84' lang='grc' dir='ltr'><strong>τῆς</strong></span> <span class='ocrx_word' id='word_1_275' title='bbox 1261 2518 1472 2570; x_wconf 82' lang='grc' dir='ltr'><strong>εἰσόδου</strong></span> <span class='ocrx_word' id='word_1_276' title='bbox 1507 2519 1566 2570; x_wconf 86' lang='grc' dir='ltr'><strong>ἐν</strong></span> <span class='ocrx_word' id='word_1_277' title='bbox 1591 2516 1671 2587; x_wconf 86' lang='grc' dir='ltr'><strong>τῷ</strong></span> <span class='ocrx_word' id='word_1_278' title='bbox 1719 2532 1854 2583; x_wconf 84' lang='grc' dir='ltr'><strong>προ-</strong></span> 
     </span>
    </p>
   </div>
   <div class='ocr_carea' id='block_1_40' title="bbox 276 2609 1854 2682">
    <p class='ocr_par' dir='ltr' id='par_1_40' title="bbox 276 2609 1854 2682">
     <span class='ocr_line' id='line_1_40' title="bbox 276 2609 1854 2682; baseline -0.003 -18"><span class='ocrx_word' id='word_1_279' title='bbox 276 2611 414 2681; x_wconf 84' lang='grc' dir='ltr'><strong>νάῳ,</strong></span> <span class='ocrx_word' id='word_1_280' title='bbox 447 2611 546 2682; x_wconf 80' lang='grc' dir='ltr'><strong>τὴν</strong></span> <span class='ocrx_word' id='word_1_281' title='bbox 578 2611 851 2681; x_wconf 84' lang='grc' dir='ltr'><strong>βασίλειον</strong></span> <span class='ocrx_word' id='word_1_282' title='bbox 882 2609 1090 2680; x_wconf 80' lang='grc' dir='ltr'><strong>ἐσθῆτα</strong></span> <span class='ocrx_word' id='word_1_283' title='bbox 1129 2610 1312 2676; x_wconf 79' lang='grc' dir='ltr'><strong>ἐκδὺς,</strong></span> <span class='ocrx_word' id='word_1_284' title='bbox 1343 2609 1514 2664; x_wconf 74' lang='grc' dir='ltr'><strong>τᾶλλα</strong></span> <span class='ocrx_word' id='word_1_285' title='bbox 1544 2627 1605 2662; x_wconf 88' lang='grc' dir='ltr'><strong>τε</strong></span> <span class='ocrx_word' id='word_1_286' title='bbox 1656 2609 1854 2661; x_wconf 83' lang='grc' dir='ltr'><strong>ἀποθέ-</strong></span> 
     </span>
    </p>
   </div>
   <div class='ocr_carea' id='block_1_41' title="bbox 281 2701 1856 2774">
    <p class='ocr_par' dir='ltr' id='par_1_41' title="bbox 281 2701 1856 2774">
     <span class='ocr_line' id='line_1_41' title="bbox 281 2701 1856 2774; baseline -0.001 -20"><span class='ocrx_word' id='word_1_287' title='bbox 281 2719 444 2773; x_wconf 88' lang='grc' dir='ltr'><strong>μενος</strong></span> <span class='ocrx_word' id='word_1_288' title='bbox 501 2704 814 2774; x_wconf 84' lang='grc' dir='ltr'><strong>παράσημα</strong></span> <span class='ocrx_word' id='word_1_289' title='bbox 865 2703 968 2772; x_wconf 77' lang='grc' dir='ltr'><strong>τῆς</strong></span> <span class='ocrx_word' id='word_1_290' title='bbox 1023 2701 1224 2771; x_wconf 78' lang='grc' dir='ltr'><strong>ἀρχῆς,</strong></span> <span class='ocrx_word' id='word_1_291' title='bbox 1259 2707 1317 2754; x_wconf 85' lang='grc' dir='ltr'><strong>ἐν</strong></span> <span class='ocrx_word' id='word_1_292' title='bbox 1349 2701 1611 2770; x_wconf 88' lang='grc' dir='ltr'><strong>ἰδιωτικῷ</strong></span> <span class='ocrx_word' id='word_1_293' title='bbox 1648 2702 1746 2772; x_wconf 84' lang='grc' dir='ltr'><strong>μέν</strong></span> <span class='ocrx_word' id='word_1_294' title='bbox 1778 2701 1856 2752; x_wconf 87' lang='grc' dir='ltr'><strong>εἰ-</strong></span> 
     </span>
    </p>
   </div>
   <div class='ocr_carea' id='block_1_42' title="bbox 281 2788 1858 2861">
    <p class='ocr_par' dir='ltr' id='par_1_42' title="bbox 281 2788 1858 2861">
     <span class='ocr_line' id='line_1_42' title="bbox 281 2788 1858 2861; baseline -0.002 -18"><span class='ocrx_word' id='word_1_295' title='bbox 281 2788 446 2860; x_wconf 81' lang='grc' dir='ltr'><strong>σῆλθε</strong></span> <span class='ocrx_word' id='word_1_296' title='bbox 496 2791 575 2860; x_wconf 83' lang='grc' dir='ltr'><strong>τῷ</strong></span> <span class='ocrx_word' id='word_1_297' title='bbox 630 2792 876 2861; x_wconf 79' lang='grc' dir='ltr'><strong>σχήματι</strong></span> <span class='ocrx_word' id='word_1_298' title='bbox 900 2806 915 2822; x_wconf 78' lang='grc' dir='ltr'><strong>ο</strong></span> <span class='ocrx_word' id='word_1_299' title='bbox 979 2791 1109 2853; x_wconf 74' lang='grc' dir='ltr'><strong>στὰς</strong></span> <span class='ocrx_word' id='word_1_300' title='bbox 1139 2791 1196 2842; x_wconf 82' lang='grc' dir='ltr'><strong>δὲ</strong></span> <span class='ocrx_word' id='word_1_301' title='bbox 1229 2792 1519 2843; x_wconf 80' lang='grc' dir='ltr'><strong>κατέναντι</strong></span> <span class='ocrx_word' id='word_1_302' title='bbox 1541 2789 1635 2842; x_wconf 83' lang='grc' dir='ltr'><strong>τοῦ</strong></span> <span class='ocrx_word' id='word_1_303' title='bbox 1670 2788 1858 2841; x_wconf 86' lang='grc' dir='ltr'><strong>θυσια-</strong></span> 
     </span>
    </p>
   </div>
   <div class='ocr_carea' id='block_1_43' title="bbox 281 2879 1858 2952">
    <p class='ocr_par' dir='ltr' id='par_1_43' title="bbox 281 2879 1858 2952">
     <span class='ocr_line' id='line_1_43' title="bbox 281 2879 1858 2952; baseline -0.001 -19"><span class='ocrx_word' id='word_1_304' title='bbox 281 2883 530 2952; x_wconf 80' lang='grc' dir='ltr'><strong>στηρίου,</strong></span> <span class='ocrx_word' id='word_1_305' title='bbox 561 2884 656 2934; x_wconf 73' lang='grc' dir='ltr'><strong>καὶ</strong></span> <span class='ocrx_word' id='word_1_306' title='bbox 703 2881 878 2934; x_wconf 84' lang='grc' dir='ltr'><strong>πολλὰ</strong></span> <span class='ocrx_word' id='word_1_307' title='bbox 921 2881 1139 2951; x_wconf 75' lang='grc' dir='ltr'><strong>δεηθεὶς</strong></span> <span class='ocrx_word' id='word_1_308' title='bbox 1163 2881 1258 2934; x_wconf 80' lang='grc' dir='ltr'><strong>τοῦ</strong></span> <span class='ocrx_word' id='word_1_309' title='bbox 1292 2882 1452 2947; x_wconf 76' lang='grc' dir='ltr'><strong>Θεοῦ,</strong></span> <span class='ocrx_word' id='word_1_310' title='bbox 1486 2882 1580 2934; x_wconf 75' lang='grc' dir='ltr'><strong>καὶ</strong></span> <span class='ocrx_word' id='word_1_311' title='bbox 1607 2879 1858 2950; x_wconf 81' lang='grc' dir='ltr'><strong>ἀναμνή-</strong></span> 
     </span>
    </p>
   </div>
   <div class='ocr_carea' id='block_1_44' title="bbox 281 2972 1857 3044">
    <p class='ocr_par' dir='ltr' id='par_1_44' title="bbox 281 2972 1857 3044">
     <span class='ocr_line' id='line_1_44' title="bbox 281 2972 1857 3044; baseline 0 -19"><span class='ocrx_word' id='word_1_312' title='bbox 281 2988 383 3035; x_wconf 91' lang='grc' dir='ltr'><strong>σας</strong></span> <span class='ocrx_word' id='word_1_313' title='bbox 410 2975 516 3026; x_wconf 84' lang='grc' dir='ltr'><strong>τῶν</strong></span> <span class='ocrx_word' id='word_1_314' title='bbox 544 2975 664 3026; x_wconf 88' lang='grc' dir='ltr'><strong>κατ’</strong></span> <span class='ocrx_word' id='word_1_315' title='bbox 690 2975 967 3041; x_wconf 78' lang='grc' dir='ltr'><strong>Αἴγυπτον</strong></span> <span class='ocrx_word' id='word_1_316' title='bbox 994 2975 1344 3044; x_wconf 79' lang='grc' dir='ltr'><strong>θαυμασίων,</strong></span> <span class='ocrx_word' id='word_1_317' title='bbox 1400 2975 1498 3027; x_wconf 78' lang='grc' dir='ltr'><strong>καὶ</strong></span> <span class='ocrx_word' id='word_1_318' title='bbox 1558 2972 1670 3027; x_wconf 82' lang='grc' dir='ltr'><strong>τῶν</strong></span> <span class='ocrx_word' id='word_1_319' title='bbox 1711 2973 1857 3026; x_wconf 76' lang='grc' dir='ltr'><strong>κατὰ</strong></span> 
     </span>
    </p>
   </div>
   <div class='ocr_carea' id='block_1_45' title="bbox 281 3065 1860 3138">
    <p class='ocr_par' dir='ltr' id='par_1_45' title="bbox 281 3065 1860 3138">
     <span class='ocr_line' id='line_1_45' title="bbox 281 3065 1860 3138; baseline 0.003 -23"><span class='ocrx_word' id='word_1_320' title='bbox 281 3065 384 3136; x_wconf 76' lang='grc' dir='ltr'><strong>τὴν</strong></span> <span class='ocrx_word' id='word_1_321' title='bbox 417 3065 624 3136; x_wconf 80' lang='grc' dir='ltr'><strong>ἔρημον</strong></span> <span class='ocrx_word' id='word_1_322' title='bbox 680 3071 790 3129; x_wconf 87' lang='grc' dir='ltr'><strong>τοῖς</strong></span> <span class='ocrx_word' id='word_1_323' title='bbox 849 3066 1126 3137; x_wconf 75' lang='grc' dir='ltr'><strong>Ἑϐραίοις</strong></span> <span class='ocrx_word' id='word_1_324' title='bbox 1183 3068 1334 3138; x_wconf 85' lang='grc' dir='ltr'><strong>αύτῷ</strong></span> <span class='ocrx_word' id='word_1_325' title='bbox 1381 3068 1711 3137; x_wconf 80' lang='grc' dir='ltr'><strong>γενομένων,</strong></span> <span class='ocrx_word' id='word_1_326' title='bbox 1763 3066 1860 3119; x_wconf 74' lang='grc' dir='ltr'><strong>καὶ</strong></span> 
     </span>
    </p>
   </div>
   <div class='ocr_carea' id='block_1_46' title="bbox 294 3157 1862 3231">
    <p class='ocr_par' dir='ltr' id='par_1_46' title="bbox 294 3157 1862 3231">
     <span class='ocr_line' id='line_1_46' title="bbox 294 3157 1862 3231; baseline 0.003 -23"><span class='ocrx_word' id='word_1_327' title='bbox 294 3157 385 3220; x_wconf 87' lang='grc' dir='ltr'><strong>Ὠς</strong></span> <span class='ocrx_word' id='word_1_328' title='bbox 415 3159 719 3228; x_wconf 78' lang='grc' dir='ltr'><strong>αχὰριστοι,</strong></span> <span class='ocrx_word' id='word_1_329' title='bbox 752 3160 904 3230; x_wconf 77' lang='grc' dir='ltr'><strong>φησί,</strong></span> <span class='ocrx_word' id='word_1_330' title='bbox 939 3161 1068 3229; x_wconf 79' lang='grc' dir='ltr'><strong>περὶ</strong></span> <span class='ocrx_word' id='word_1_331' title='bbox 1096 3159 1188 3213; x_wconf 81' lang='grc' dir='ltr'><strong>τὸν</strong></span> <span class='ocrx_word' id='word_1_332' title='bbox 1230 3160 1550 3231; x_wconf 84' lang='grc' dir='ltr'><strong>εὐεργέτην,</strong></span> <span class='ocrx_word' id='word_1_333' title='bbox 1579 3161 1678 3212; x_wconf 87' lang='grc' dir='ltr'><strong>ούκ</strong></span> <span class='ocrx_word' id='word_1_334' title='bbox 1720 3160 1862 3212; x_wconf 84' lang='grc' dir='ltr'><strong>ἐκεῖ·</strong></span> 
     </span>
    </p>
   </div>
   <div class='ocr_carea' id='block_1_47' title="bbox 1953 2147 3542 2229">
    <p class='ocr_par' dir='ltr' id='par_1_47' title="bbox 1953 2147 3542 2229">
     <span class='ocr_line' id='line_1_47' title="bbox 1953 2147 3542 2229; baseline 0.009 -27"><span class='ocrx_word' id='word_1_335' title='bbox 1953 2147 2058 2202; x_wconf 90' lang='lat' dir='ltr'><strong>iter</strong></span> <span class='ocrx_word' id='word_1_336' title='bbox 2095 2150 2356 2206; x_wconf 82' lang='lat' dir='ltr'><strong>fecissent</strong></span> <span class='ocrx_word' id='word_1_337' title='bbox 2409 2168 2508 2222; x_wconf 91' lang='lat' dir='ltr'><strong>per</strong></span> <span class='ocrx_word' id='word_1_338' title='bbox 2541 2153 2660 2208; x_wconf 89' lang='lat' dir='ltr'><strong>loca</strong></span> <span class='ocrx_word' id='word_1_339' title='bbox 2693 2155 2844 2210; x_wconf 88' lang='lat' dir='ltr'><strong>arida</strong></span> <span class='ocrx_word' id='word_1_340' title='bbox 2891 2164 2947 2210; x_wconf 92' lang='lat' dir='ltr'><strong>et</strong></span> <span class='ocrx_word' id='word_1_341' title='bbox 2999 2157 3232 2211; x_wconf 83' lang='lat' dir='ltr'><strong>transitu</strong></span> <span class='ocrx_word' id='word_1_342' title='bbox 3277 2159 3542 2229; x_wconf 80' lang='lat' dir='ltr'><strong>ditlicilia,</strong></span> 
     </span>
    </p>
   </div>
   <div class='ocr_carea' id='block_1_48' title="bbox 1952 2244 3548 2318">
    <p class='ocr_par' dir='ltr' id='par_1_48' title="bbox 1952 2244 3548 2318">
     <span class='ocr_line' id='line_1_48' title="bbox 1952 2244 3548 2318; baseline 0.008 -24"><span class='ocrx_word' id='word_1_343' title='bbox 1952 2255 2145 2296; x_wconf 88' lang='lat' dir='ltr'><strong>omnes</strong></span> <span class='ocrx_word' id='word_1_344' title='bbox 2182 2244 2534 2308; x_wconf 89' lang='lat' dir='ltr'><strong>interierunt,</strong></span> <span class='ocrx_word' id='word_1_345' title='bbox 2567 2255 2628 2300; x_wconf 93' lang='lat' dir='ltr'><strong>ut</strong></span> <span class='ocrx_word' id='word_1_346' title='bbox 2651 2246 2745 2316; x_wconf 89' lang='lat' dir='ltr'><strong>qui</strong></span> <span class='ocrx_word' id='word_1_347' title='bbox 2773 2262 2876 2302; x_wconf 93' lang='lat' dir='ltr'><strong>nec</strong></span> <span class='ocrx_word' id='word_1_348' title='bbox 2902 2248 3194 2318; x_wconf 81' lang='lat' dir='ltr'><strong>pervenire</strong></span> <span class='ocrx_word' id='word_1_349' title='bbox 3243 2249 3312 2305; x_wconf 86' lang='lat' dir='ltr'><strong>ad</strong></span> <span class='ocrx_word' id='word_1_350' title='bbox 3343 2249 3548 2308; x_wconf 80' lang='lat' dir='ltr'><strong>limae-</strong></span> 
     </span>
    </p>
   </div>
   <div class='ocr_carea' id='block_1_49' title="bbox 1953 2331 3542 2409">
    <p class='ocr_par' dir='ltr' id='par_1_49' title="bbox 1953 2331 3542 2409">
     <span class='ocr_line' id='line_1_49' title="bbox 1953 2331 3542 2409; baseline 0.009 -24"><span class='ocrx_word' id='word_1_351' title='bbox 1953 2331 2147 2396; x_wconf 89' lang='lat' dir='ltr'><strong>ritam,</strong></span> <span class='ocrx_word' id='word_1_352' title='bbox 2183 2347 2288 2389; x_wconf 91' lang='lat' dir='ltr'><strong>nec</strong></span> <span class='ocrx_word' id='word_1_353' title='bbox 2342 2334 2409 2388; x_wconf 89' lang='lat' dir='ltr'><strong>ad</strong></span> <span class='ocrx_word' id='word_1_354' title='bbox 2451 2336 2728 2407; x_wconf 83' lang='lat' dir='ltr'><strong>regionem</strong></span> <span class='ocrx_word' id='word_1_355' title='bbox 2779 2353 2934 2392; x_wconf 84' lang='lat' dir='ltr'><strong>suam</strong></span> <span class='ocrx_word' id='word_1_356' title='bbox 3001 2341 3282 2409; x_wconf 89' lang='lat' dir='ltr'><strong>potuerint</strong></span> <span class='ocrx_word' id='word_1_357' title='bbox 3338 2344 3542 2400; x_wconf 87' lang='lat' dir='ltr'><strong>redire.</strong></span> 
     </span>
    </p>
   </div>
   <div class='ocr_carea' id='block_1_50' title="bbox 1953 2420 3542 2499">
    <p class='ocr_par' dir='ltr' id='par_1_50' title="bbox 1953 2420 3542 2499">
     <span class='ocr_line' id='line_1_50' title="bbox 1953 2420 3542 2499; baseline 0.01 -25"><span class='ocrx_word' id='word_1_358' title='bbox 1953 2420 2069 2476; x_wconf 75' lang='lat' dir='ltr'><strong>Rex</strong></span> <span class='ocrx_word' id='word_1_359' title='bbox 2119 2431 2304 2478; x_wconf 89' lang='lat' dir='ltr'><strong>autem</strong></span> <span class='ocrx_word' id='word_1_360' title='bbox 2339 2441 2464 2479; x_wconf 90' lang='lat' dir='ltr'><strong>cum</strong></span> <span class='ocrx_word' id='word_1_361' title='bbox 2508 2427 2620 2496; x_wconf 85' lang='lat' dir='ltr'><strong>jam</strong></span> <span class='ocrx_word' id='word_1_362' title='bbox 2656 2437 2806 2483; x_wconf 87' lang='lat' dir='ltr'><strong>esset</strong></span> <span class='ocrx_word' id='word_1_363' title='bbox 2847 2430 3237 2499; x_wconf 79' lang='lat' dir='ltr'><strong>navigaturus,</strong></span> <span class='ocrx_word' id='word_1_364' title='bbox 3281 2433 3432 2487; x_wconf 84' lang='lat' dir='ltr'><strong>venit</strong></span> <span class='ocrx_word' id='word_1_365' title='bbox 3472 2435 3542 2490; x_wconf 91' lang='lat' dir='ltr'><strong>ad</strong></span> 
     </span>
    </p>
   </div>
   <div class='ocr_carea' id='block_1_51' title="bbox 1956 2514 3547 2594">
    <p class='ocr_par' dir='ltr' id='par_1_51' title="bbox 1956 2514 3547 2594">
     <span class='ocr_line' id='line_1_51' title="bbox 1956 2514 3547 2594; baseline 0.009 -29"><span class='ocrx_word' id='word_1_366' title='bbox 1956 2514 2242 2583; x_wconf 88' lang='lat' dir='ltr'><strong>templum,</strong></span> <span class='ocrx_word' id='word_1_367' title='bbox 2275 2517 2343 2570; x_wconf 89' lang='lat' dir='ltr'><strong>ad</strong></span> <span class='ocrx_word' id='word_1_368' title='bbox 2375 2517 2536 2584; x_wconf 87' lang='lat' dir='ltr'><strong>cujus</strong></span> <span class='ocrx_word' id='word_1_369' title='bbox 2572 2518 2742 2587; x_wconf 82' lang='lat' dir='ltr'><strong>fores,</strong></span> <span class='ocrx_word' id='word_1_370' title='bbox 2798 2519 2943 2590; x_wconf 82' lang='lat' dir='ltr'><strong>regia</strong></span> <span class='ocrx_word' id='word_1_371' title='bbox 3007 2531 3158 2576; x_wconf 84' lang='lat' dir='ltr'><strong>veste</strong></span> <span class='ocrx_word' id='word_1_372' title='bbox 3197 2523 3426 2594; x_wconf 84' lang='lat' dir='ltr'><strong>aliisque</strong></span> <span class='ocrx_word' id='word_1_373' title='bbox 3464 2525 3547 2580; x_wconf 81' lang='lat' dir='ltr'><strong>in-</strong></span> 
     </span>
    </p>
   </div>
   <div class='ocr_carea' id='block_1_52' title="bbox 1954 2606 3542 2683">
    <p class='ocr_par' dir='ltr' id='par_1_52' title="bbox 1954 2606 3542 2683">
     <span class='ocr_line' id='line_1_52' title="bbox 1954 2606 3542 2683; baseline 0.008 -23"><span class='ocrx_word' id='word_1_374' title='bbox 1954 2606 2145 2677; x_wconf 89' lang='lat' dir='ltr'><strong>signiis</strong></span> <span class='ocrx_word' id='word_1_375' title='bbox 2189 2607 2401 2677; x_wconf 90' lang='lat' dir='ltr'><strong>imperii</strong></span> <span class='ocrx_word' id='word_1_376' title='bbox 2439 2610 2739 2679; x_wconf 89' lang='lat' dir='ltr'><strong>depositis,</strong></span> <span class='ocrx_word' id='word_1_377' title='bbox 2773 2612 3052 2682; x_wconf 88' lang='lat' dir='ltr'><strong>ingressus</strong></span> <span class='ocrx_word' id='word_1_378' title='bbox 3083 2615 3306 2683; x_wconf 86' lang='lat' dir='ltr'><strong>quidem</strong></span> <span class='ocrx_word' id='word_1_379' title='bbox 3353 2625 3436 2670; x_wconf 88' lang='lat' dir='ltr'><strong>est</strong></span> <span class='ocrx_word' id='word_1_380' title='bbox 3485 2618 3542 2673; x_wconf 89' lang='lat' dir='ltr'><strong>in</strong></span> 
     </span>
    </p>
   </div>
   <div class='ocr_carea' id='block_1_53' title="bbox 1955 2699 3543 2774">
    <p class='ocr_par' dir='ltr' id='par_1_53' title="bbox 1955 2699 3543 2774">
     <span class='ocr_line' id='line_1_53' title="bbox 1955 2699 3543 2774; baseline 0.009 -25"><span class='ocrx_word' id='word_1_381' title='bbox 1955 2699 2169 2766; x_wconf 84' lang='lat' dir='ltr'><strong>privato</strong></span> <span class='ocrx_word' id='word_1_382' title='bbox 2200 2701 2410 2755; x_wconf 85' lang='lat' dir='ltr'><strong>habitu.</strong></span> <span class='ocrx_word' id='word_1_383' title='bbox 2467 2699 2628 2755; x_wconf 83' lang='lat' dir='ltr'><strong>Stans</strong></span> <span class='ocrx_word' id='word_1_384' title='bbox 2656 2712 2838 2756; x_wconf 88' lang='lat' dir='ltr'><strong>autem</strong></span> <span class='ocrx_word' id='word_1_385' title='bbox 2872 2718 2938 2757; x_wconf 84' lang='lat' dir='ltr'><strong>ex</strong></span> <span class='ocrx_word' id='word_1_386' title='bbox 2981 2703 3213 2760; x_wconf 71' lang='lat' dir='ltr'><strong>adverso</strong></span> <span class='ocrx_word' id='word_1_387' title='bbox 3243 2722 3384 2774; x_wconf 71' lang='lat' dir='ltr'><strong>arae,</strong></span> <span class='ocrx_word' id='word_1_388' title='bbox 3418 2723 3543 2763; x_wconf 91' lang='lat' dir='ltr'><strong>cum</strong></span> 
     </span>
    </p>
   </div>
   <div class='ocr_carea' id='block_1_54' title="bbox 1957 2789 3545 2872">
    <p class='ocr_par' dir='ltr' id='par_1_54' title="bbox 1957 2789 3545 2872">
     <span class='ocr_line' id='line_1_54' title="bbox 1957 2789 3545 2872; baseline 0.008 -29"><span class='ocrx_word' id='word_1_389' title='bbox 1957 2789 2131 2845; x_wconf 89' lang='lat' dir='ltr'><strong>Deum</strong></span> <span class='ocrx_word' id='word_1_390' title='bbox 2163 2793 2396 2846; x_wconf 90' lang='lat' dir='ltr'><strong>multum</strong></span> <span class='ocrx_word' id='word_1_391' title='bbox 2428 2804 2660 2861; x_wconf 85' lang='lat' dir='ltr'><strong>orasset,</strong></span> <span class='ocrx_word' id='word_1_392' title='bbox 2685 2809 2739 2850; x_wconf 87' lang='lat' dir='ltr'><strong>et</strong></span> <span class='ocrx_word' id='word_1_393' title='bbox 2768 2795 2909 2850; x_wconf 82' lang='lat' dir='ltr'><strong>facta</strong></span> <span class='ocrx_word' id='word_1_394' title='bbox 2940 2797 3008 2850; x_wconf 90' lang='lat' dir='ltr'><strong>ab</strong></span> <span class='ocrx_word' id='word_1_395' title='bbox 3051 2796 3174 2866; x_wconf 89' lang='lat' dir='ltr'><strong>ipso</strong></span> <span class='ocrx_word' id='word_1_396' title='bbox 3223 2798 3278 2851; x_wconf 91' lang='lat' dir='ltr'><strong>in</strong></span> <span class='ocrx_word' id='word_1_397' title='bbox 3309 2797 3545 2872; x_wconf 64' lang='lat' dir='ltr'><strong>Egypto</strong></span> 
     </span>
    </p>
   </div>
   <div class='ocr_carea' id='block_1_55' title="bbox 1957 2881 3546 2957">
    <p class='ocr_par' dir='ltr' id='par_1_55' title="bbox 1957 2881 3546 2957">
     <span class='ocr_line' id='line_1_55' title="bbox 1957 2881 3546 2957; baseline 0.008 -22"><span class='ocrx_word' id='word_1_398' title='bbox 1957 2881 2219 2936; x_wconf 84' lang='lat' dir='ltr'><strong>miracula</strong></span> <span class='ocrx_word' id='word_1_399' title='bbox 2251 2892 2412 2954; x_wconf 89' lang='lat' dir='ltr'><strong>atque</strong></span> <span class='ocrx_word' id='word_1_400' title='bbox 2459 2885 2511 2939; x_wconf 93' lang='lat' dir='ltr'><strong>in</strong></span> <span class='ocrx_word' id='word_1_401' title='bbox 2561 2886 2677 2953; x_wconf 83' lang='lat' dir='ltr'><strong>ipsa</strong></span> <span class='ocrx_word' id='word_1_402' title='bbox 2708 2886 3003 2942; x_wconf 87' lang='lat' dir='ltr'><strong>solitudine</strong></span> <span class='ocrx_word' id='word_1_403' title='bbox 3037 2904 3136 2957; x_wconf 90' lang='lat' dir='ltr'><strong>pro</strong></span> <span class='ocrx_word' id='word_1_404' title='bbox 3188 2887 3428 2946; x_wconf 68' lang='lat' dir='ltr'><strong>liebraais</strong></span> <span class='ocrx_word' id='word_1_405' title='bbox 3488 2893 3546 2948; x_wconf 87' lang='lat' dir='ltr'><strong>in</strong></span> 
     </span>
    </p>
   </div>
   <div class='ocr_carea' id='block_1_56' title="bbox 1959 2974 3549 3042">
    <p class='ocr_par' dir='ltr' id='par_1_56' title="bbox 1959 2974 3549 3042">
     <span class='ocr_line' id='line_1_56' title="bbox 1959 2974 3549 3042; baseline 0.006 -16"><span class='ocrx_word' id='word_1_406' title='bbox 1959 2974 2280 3028; x_wconf 76' lang='lat' dir='ltr'><strong>memoriam</strong></span> <span class='ocrx_word' id='word_1_407' title='bbox 2336 2984 2650 3030; x_wconf 84' lang='lat' dir='ltr'><strong>revocasset</strong></span> <span class='ocrx_word' id='word_1_408' title='bbox 2695 2992 2708 3029; x_wconf 93' lang='lat'><strong>:</strong></span> <span class='ocrx_word' id='word_1_409' title='bbox 2749 2975 2854 3040; x_wconf 89' lang='lat' dir='ltr'><strong>Illi,</strong></span> <span class='ocrx_word' id='word_1_410' title='bbox 2907 2977 3163 3042; x_wconf 88' lang='lat' dir='ltr'><strong>dicebat,</strong></span> <span class='ocrx_word' id='word_1_411' title='bbox 3195 2979 3419 3035; x_wconf 82' lang='lat' dir='ltr'><strong>fuerunt</strong></span> <span class='ocrx_word' id='word_1_412' title='bbox 3466 2982 3549 3035; x_wconf 89' lang='lat' dir='ltr'><strong>in-</strong></span> 
     </span>
    </p>
   </div>
   <div class='ocr_carea' id='block_1_57' title="bbox 1963 3065 3547 3134">
    <p class='ocr_par' dir='ltr' id='par_1_57' title="bbox 1963 3065 3547 3134">
     <span class='ocr_line' id='line_1_57' title="bbox 1963 3065 3547 3134; baseline 0.006 -17"><span class='ocrx_word' id='word_1_413' title='bbox 1963 3067 2099 3134; x_wconf 82' lang='lat' dir='ltr'><strong>grati</strong></span> <span class='ocrx_word' id='word_1_414' title='bbox 2131 3065 2186 3118; x_wconf 92' lang='lat' dir='ltr'><strong>in</strong></span> <span class='ocrx_word' id='word_1_415' title='bbox 2224 3074 2275 3120; x_wconf 90' lang='lat' dir='ltr'><strong>te</strong></span> <span class='ocrx_word' id='word_1_416' title='bbox 2304 3065 2713 3122; x_wconf 77' lang='lat' dir='ltr'><strong>benel‘aetorem</strong></span> <span class='ocrx_word' id='word_1_417' title='bbox 2733 3107 2747 3131; x_wconf 92' lang='lat'><strong>,</strong></span> <span class='ocrx_word' id='word_1_418' title='bbox 2787 3083 2966 3134; x_wconf 88' lang='lat' dir='ltr'><strong>neque</strong></span> <span class='ocrx_word' id='word_1_419' title='bbox 3012 3069 3086 3123; x_wconf 91' lang='lat' dir='ltr'><strong>illi</strong></span> <span class='ocrx_word' id='word_1_420' title='bbox 3114 3071 3292 3125; x_wconf 90' lang='lat' dir='ltr'><strong>solum</strong></span> <span class='ocrx_word' id='word_1_421' title='bbox 3315 3114 3328 3134; x_wconf 92' lang='lat'><strong>,</strong></span> <span class='ocrx_word' id='word_1_422' title='bbox 3359 3074 3456 3127; x_wconf 91' lang='lat' dir='ltr'><strong>sed</strong></span> <span class='ocrx_word' id='word_1_423' title='bbox 3509 3073 3547 3127; x_wconf 89' lang='lat' dir='ltr'><strong>ii</strong></span> 
     </span>
    </p>
   </div>
   <div class='ocr_carea' id='block_1_58' title="bbox 1962 3157 3546 3232">
    <p class='ocr_par' dir='ltr' id='par_1_58' title="bbox 1962 3157 3546 3232">
     <span class='ocr_line' id='line_1_58' title="bbox 1962 3157 3546 3232; baseline 0.004 -22"><span class='ocrx_word' id='word_1_424' title='bbox 1962 3157 2150 3222; x_wconf 87' lang='lat' dir='ltr'><strong>etiam,</strong></span> <span class='ocrx_word' id='word_1_425' title='bbox 2181 3159 2272 3227; x_wconf 89' lang='lat' dir='ltr'><strong>qui</strong></span> <span class='ocrx_word' id='word_1_426' title='bbox 2309 3175 2374 3212; x_wconf 79' lang='lat' dir='ltr'><strong>ex</strong></span> <span class='ocrx_word' id='word_1_427' title='bbox 2411 3160 2492 3213; x_wconf 83' lang='lat' dir='ltr'><strong>eis</strong></span> <span class='ocrx_word' id='word_1_428' title='bbox 2520 3161 2634 3213; x_wconf 84' lang='lat' dir='ltr'><strong>nati</strong></span> <span class='ocrx_word' id='word_1_429' title='bbox 2664 3168 2814 3214; x_wconf 89' lang='lat' dir='ltr'><strong>sunt.</strong></span> <span class='ocrx_word' id='word_1_430' title='bbox 2847 3158 2928 3214; x_wconf 91' lang='lat' dir='ltr'><strong>Tu</strong></span> <span class='ocrx_word' id='word_1_431' title='bbox 2960 3161 3105 3216; x_wconf 91' lang='lat' dir='ltr'><strong>enim</strong></span> <span class='ocrx_word' id='word_1_432' title='bbox 3132 3163 3261 3228; x_wconf 82' lang='lat' dir='ltr'><strong>scis,</strong></span> <span class='ocrx_word' id='word_1_433' title='bbox 3293 3163 3546 3232; x_wconf 88' lang='lat' dir='ltr'><strong>Domine,</strong></span> 
     </span>
    </p>
   </div>
   <div class='ocr_carea' id='block_1_59' title="bbox 287 3245 1863 3325">
    <p class='ocr_par' dir='ltr' id='par_1_59' title="bbox 287 3245 1862 3320">
     <span class='ocr_line' id='line_1_59' title="bbox 287 3245 1862 3320; baseline 0.001 -19"><span class='ocrx_word' id='word_1_434' title='bbox 287 3264 370 3301; x_wconf 89' lang='grc' dir='ltr'><strong>νοι</strong></span> <span class='ocrx_word' id='word_1_435' title='bbox 405 3251 592 3314; x_wconf 85' lang='grc' dir='ltr'><strong>μόνον,</strong></span> <span class='ocrx_word' id='word_1_436' title='bbox 625 3250 764 3302; x_wconf 78' lang='grc' dir='ltr'><strong>ἀλλά</strong></span> <span class='ocrx_word' id='word_1_437' title='bbox 827 3251 922 3303; x_wconf 76' lang='grc' dir='ltr'><strong>καὶ</strong></span> <span class='ocrx_word' id='word_1_438' title='bbox 974 3245 1123 3303; x_wconf 78' lang='grc' dir='ltr'><strong>οὗτοι</strong></span> <span class='ocrx_word' id='word_1_439' title='bbox 1175 3251 1226 3304; x_wconf 90' lang='grc' dir='ltr'><strong>οί</strong></span> <span class='ocrx_word' id='word_1_440' title='bbox 1279 3251 1506 3304; x_wconf 85' lang='grc' dir='ltr'><strong>ἐκείνων</strong></span> <span class='ocrx_word' id='word_1_441' title='bbox 1569 3251 1862 3320; x_wconf 85' lang='grc' dir='ltr'><strong>γεγόνασιν</strong></span> 
     </span>
    </p>
   </div>
   <div class='ocr_carea' id='block_1_60' title="bbox 1962 3245 3550 3325">
    <p class='ocr_par' dir='ltr' id='par_1_60' title="bbox 1963 3251 3550 3325">
     <span class='ocr_line' id='line_1_60' title="bbox 1963 3251 3550 3325; baseline 0.006 -24"><span class='ocrx_word' id='word_1_442' title='bbox 1963 3263 2127 3318; x_wconf 91' lang='lat' dir='ltr'><strong>quam</strong></span> <span class='ocrx_word' id='word_1_443' title='bbox 2156 3265 2214 3304; x_wconf 89' lang='lat' dir='ltr'><strong>se</strong></span> <span class='ocrx_word' id='word_1_444' title='bbox 2246 3251 2385 3304; x_wconf 87' lang='lat' dir='ltr'><strong>male</strong></span> <span class='ocrx_word' id='word_1_445' title='bbox 2419 3252 2691 3322; x_wconf 86' lang='lat' dir='ltr'><strong>gesserint</strong></span> <span class='ocrx_word' id='word_1_446' title='bbox 2716 3251 2770 3305; x_wconf 92' lang='lat' dir='ltr'><strong>in</strong></span> <span class='ocrx_word' id='word_1_447' title='bbox 2809 3261 2898 3305; x_wconf 90' lang='lat' dir='ltr'><strong>tua</strong></span> <span class='ocrx_word' id='word_1_448' title='bbox 2926 3252 3146 3307; x_wconf 84' lang='lat' dir='ltr'><strong>civitate</strong></span> <span class='ocrx_word' id='word_1_449' title='bbox 3167 3292 3182 3319; x_wconf 93' lang='lat'><strong>,</strong></span> <span class='ocrx_word' id='word_1_450' title='bbox 3217 3263 3276 3308; x_wconf 94' lang='lat' dir='ltr'><strong>ut</strong></span> <span class='ocrx_word' id='word_1_451' title='bbox 3327 3253 3420 3324; x_wconf 90' lang='lat' dir='ltr'><strong>qui</strong></span> <span class='ocrx_word' id='word_1_452' title='bbox 3451 3271 3550 3325; x_wconf 81' lang='lat' dir='ltr'><strong>po-</strong></span> 
     </span>
    </p>
   </div>
   <div class='ocr_carea' id='block_1_61' title="bbox 286 3339 1863 3415">
    <p class='ocr_par' dir='ltr' id='par_1_61' title="bbox 286 3341 1860 3415">
     <span class='ocr_line' id='line_1_61' title="bbox 286 3341 1860 3415; baseline 0.002 -23"><span class='ocrx_word' id='word_1_453' title='bbox 286 3341 523 3409; x_wconf 77' lang='grc' dir='ltr'><strong>ἐκγονοι,</strong></span> <span class='ocrx_word' id='word_1_454' title='bbox 562 3341 659 3394; x_wconf 76' lang='grc' dir='ltr'><strong>καὶ</strong></span> <span class='ocrx_word' id='word_1_455' title='bbox 707 3343 808 3395; x_wconf 80' lang='grc' dir='ltr'><strong>ὅσα</strong></span> <span class='ocrx_word' id='word_1_456' title='bbox 847 3341 1297 3412; x_wconf 78' lang='grc' dir='ltr'><strong>ἐπονηρεύσαντο</strong></span> <span class='ocrx_word' id='word_1_457' title='bbox 1346 3344 1403 3396; x_wconf 83' lang='grc' dir='ltr'><strong>ἐν</strong></span> <span class='ocrx_word' id='word_1_458' title='bbox 1441 3346 1509 3415; x_wconf 81' lang='grc' dir='ltr'><strong>τῇ</strong></span> <span class='ocrx_word' id='word_1_459' title='bbox 1545 3345 1700 3396; x_wconf 79' lang='grc' dir='ltr'><strong>πόλει</strong></span> <span class='ocrx_word' id='word_1_460' title='bbox 1743 3359 1860 3408; x_wconf 83' lang='grc' dir='ltr'><strong>σου,</strong></span> 
     </span>
    </p>
   </div>
   <div class='ocr_carea' id='block_1_62' title="bbox 1962 3339 3550 3415">
    <p class='ocr_par' dir='ltr' id='par_1_62' title="bbox 1966 3339 3550 3410">
     <span class='ocr_line' id='line_1_62' title="bbox 1966 3339 3550 3410; baseline 0.005 -19"><span class='ocrx_word' id='word_1_461' title='bbox 1966 3339 2155 3406; x_wconf 91' lang='lat' dir='ltr'><strong>pulum</strong></span> <span class='ocrx_word' id='word_1_462' title='bbox 2197 3339 2347 3394; x_wconf 89' lang='lat' dir='ltr'><strong>illum</strong></span> <span class='ocrx_word' id='word_1_463' title='bbox 2382 3356 2480 3410; x_wconf 91' lang='lat' dir='ltr'><strong>per</strong></span> <span class='ocrx_word' id='word_1_464' title='bbox 2521 3341 2705 3395; x_wconf 85' lang='lat' dir='ltr'><strong>dolum</strong></span> <span class='ocrx_word' id='word_1_465' title='bbox 2764 3341 3248 3408; x_wconf 89' lang='lat' dir='ltr'><strong>circumvenerint,</strong></span> <span class='ocrx_word' id='word_1_466' title='bbox 3281 3353 3337 3398; x_wconf 87' lang='lat' dir='ltr'><strong>et</strong></span> <span class='ocrx_word' id='word_1_467' title='bbox 3366 3345 3550 3401; x_wconf 85' lang='lat' dir='ltr'><strong>consi-</strong></span> 
     </span>
    </p>
   </div>
   <div class='ocr_carea' id='block_1_63' title="bbox 281 3431 1863 3507">
    <p class='ocr_par' dir='ltr' id='par_1_63' title="bbox 281 3431 1863 3506">
     <span class='ocr_line' id='line_1_63' title="bbox 281 3431 1863 3506; baseline 0.001 -20"><span class='ocrx_word' id='word_1_468' title='bbox 281 3431 376 3486; x_wconf 77' lang='grc' dir='ltr'><strong>τὸν</strong></span> <span class='ocrx_word' id='word_1_469' title='bbox 405 3432 535 3486; x_wconf 87' lang='grc' dir='ltr'><strong>λαόν</strong></span> <span class='ocrx_word' id='word_1_470' title='bbox 585 3449 679 3485; x_wconf 91' lang='grc' dir='ltr'><strong>σου</strong></span> <span class='ocrx_word' id='word_1_471' title='bbox 731 3435 1435 3506; x_wconf 80' lang='grc' dir='ltr'><strong>καταπανουργευσάμενοι,</strong></span> <span class='ocrx_word' id='word_1_472' title='bbox 1495 3434 1590 3487; x_wconf 74' lang='grc' dir='ltr'><strong>καὶ</strong></span> <span class='ocrx_word' id='word_1_473' title='bbox 1649 3433 1863 3504; x_wconf 85' lang='grc' dir='ltr'><strong>βουλευ-</strong></span> 
     </span>
    </p>
   </div>
   <div class='ocr_carea' id='block_1_64' title="bbox 1962 3431 3547 3507">
    <p class='ocr_par' dir='ltr' id='par_1_64' title="bbox 1967 3431 3547 3507">
     <span class='ocr_line' id='line_1_64' title="bbox 1967 3431 3547 3507; baseline 0.006 -23"><span class='ocrx_word' id='word_1_474' title='bbox 1967 3431 2098 3484; x_wconf 92' lang='lat' dir='ltr'><strong>lium</strong></span> <span class='ocrx_word' id='word_1_475' title='bbox 2136 3431 2363 3486; x_wconf 89' lang='lat' dir='ltr'><strong>inierint</strong></span> <span class='ocrx_word' id='word_1_476' title='bbox 2390 3432 2655 3487; x_wconf 89' lang='lat' dir='ltr'><strong>adversus</strong></span> <span class='ocrx_word' id='word_1_477' title='bbox 2690 3443 2912 3488; x_wconf 86' lang='lat' dir='ltr'><strong>sanctos</strong></span> <span class='ocrx_word' id='word_1_478' title='bbox 2943 3442 3086 3499; x_wconf 90' lang='lat' dir='ltr'><strong>tuos,</strong></span> <span class='ocrx_word' id='word_1_479' title='bbox 3111 3444 3166 3488; x_wconf 92' lang='lat' dir='ltr'><strong>et</strong></span> <span class='ocrx_word' id='word_1_480' title='bbox 3206 3435 3261 3489; x_wconf 89' lang='lat' dir='ltr'><strong>in</strong></span> <span class='ocrx_word' id='word_1_481' title='bbox 3287 3451 3420 3502; x_wconf 87' lang='lat' dir='ltr'><strong>eos,</strong></span> <span class='ocrx_word' id='word_1_482' title='bbox 3451 3436 3547 3507; x_wconf 82' lang='lat' dir='ltr'><strong>qui</strong></span> 
     </span>
    </p>
   </div>
   <div class='ocr_carea' id='block_1_65' title="bbox 287 3524 1863 3595">
    <p class='ocr_par' dir='ltr' id='par_1_65' title="bbox 287 3526 1863 3595">
     <span class='ocr_line' id='line_1_65' title="bbox 287 3526 1863 3595; baseline 0.001 -19"><span class='ocrx_word' id='word_1_483' title='bbox 287 3527 516 3593; x_wconf 82' lang='grc' dir='ltr'><strong>σάμενοι</strong></span> <span class='ocrx_word' id='word_1_484' title='bbox 550 3527 696 3579; x_wconf 85' lang='grc' dir='ltr'><strong>κατὰ</strong></span> <span class='ocrx_word' id='word_1_485' title='bbox 757 3527 868 3579; x_wconf 86' lang='grc' dir='ltr'><strong>τῶν</strong></span> <span class='ocrx_word' id='word_1_486' title='bbox 927 3527 1100 3595; x_wconf 80' lang='grc' dir='ltr'><strong>ἁγίων</strong></span> <span class='ocrx_word' id='word_1_487' title='bbox 1162 3543 1282 3591; x_wconf 91' lang='grc' dir='ltr'><strong>σου,</strong></span> <span class='ocrx_word' id='word_1_488' title='bbox 1321 3527 1416 3579; x_wconf 77' lang='grc' dir='ltr'><strong>καὶ</strong></span> <span class='ocrx_word' id='word_1_489' title='bbox 1448 3526 1529 3579; x_wconf 71' lang='grc' dir='ltr'><strong>ἔτι</strong></span> <span class='ocrx_word' id='word_1_490' title='bbox 1567 3527 1709 3580; x_wconf 85' lang='grc' dir='ltr'><strong>κατά</strong></span> <span class='ocrx_word' id='word_1_491' title='bbox 1755 3526 1863 3578; x_wconf 82' lang='grc' dir='ltr'><strong>τῶν</strong></span> 
     </span>
    </p>
   </div>
   <div class='ocr_carea' id='block_1_66' title="bbox 1962 3524 3549 3595">
    <p class='ocr_par' dir='ltr' id='par_1_66' title="bbox 1967 3524 3549 3592">
     <span class='ocr_line' id='line_1_66' title="bbox 1967 3524 3549 3592; baseline 0.004 -15"><span class='ocrx_word' id='word_1_492' title='bbox 1967 3530 2194 3588; x_wconf 85' lang='lat' dir='ltr'><strong>restant,</strong></span> <span class='ocrx_word' id='word_1_493' title='bbox 2242 3524 2421 3578; x_wconf 90' lang='lat' dir='ltr'><strong>adhuc</strong></span> <span class='ocrx_word' id='word_1_494' title='bbox 2465 3525 2607 3578; x_wconf 88' lang='lat' dir='ltr'><strong>mala</strong></span> <span class='ocrx_word' id='word_1_495' title='bbox 2644 3525 3054 3580; x_wconf 86' lang='lat' dir='ltr'><strong>machinentur.</strong></span> <span class='ocrx_word' id='word_1_496' title='bbox 3096 3527 3254 3592; x_wconf 79' lang='lat' dir='ltr'><strong>Quod</strong></span> <span class='ocrx_word' id='word_1_497' title='bbox 3282 3526 3329 3582; x_wconf 91' lang='lat' dir='ltr'><strong>si</strong></span> <span class='ocrx_word' id='word_1_498' title='bbox 3363 3536 3549 3583; x_wconf 86' lang='lat' dir='ltr'><strong>nostra</strong></span> 
     </span>
    </p>
   </div>
   <div class='ocr_carea' id='block_1_67' title="bbox 289 3615 1863 3689">
    <p class='ocr_par' dir='ltr' id='par_1_67' title="bbox 289 3617 1863 3689">
     <span class='ocr_line' id='line_1_67' title="bbox 289 3617 1863 3689; baseline -0.001 -19"><span class='ocrx_word' id='word_1_499' title='bbox 289 3617 738 3688; x_wconf 73' lang='grc' dir='ltr'><strong>ὑπολειπομένων</strong></span> <span class='ocrx_word' id='word_1_500' title='bbox 771 3619 988 3689; x_wconf 81' lang='grc' dir='ltr'><strong>πονηρά</strong></span> <span class='ocrx_word' id='word_1_501' title='bbox 1045 3618 1437 3689; x_wconf 88' lang='grc' dir='ltr'><strong>σκεπτόμενοι,</strong></span> <span class='ocrx_word' id='word_1_502' title='bbox 1488 3619 1582 3672; x_wconf 73' lang='grc' dir='ltr'><strong>καὶ</strong></span> <span class='ocrx_word' id='word_1_503' title='bbox 1614 3617 1690 3681; x_wconf 84' lang='grc' dir='ltr'><strong>ὡς</strong></span> <span class='ocrx_word' id='word_1_504' title='bbox 1748 3619 1863 3685; x_wconf 82' lang='grc' dir='ltr'><strong>είγε</strong></span> 
     </span>
    </p>
   </div>
   <div class='ocr_carea' id='block_1_68' title="bbox 1962 3615 3551 3689">
    <p class='ocr_par' dir='ltr' id='par_1_68' title="bbox 1968 3615 3551 3684">
     <span class='ocr_line' id='line_1_68' title="bbox 1968 3615 3551 3684; baseline 0.004 -16"><span class='ocrx_word' id='word_1_505' title='bbox 1968 3625 2190 3684; x_wconf 88' lang='lat' dir='ltr'><strong>peccata</strong></span> <span class='ocrx_word' id='word_1_506' title='bbox 2223 3615 2276 3670; x_wconf 90' lang='lat' dir='ltr'><strong>id</strong></span> <span class='ocrx_word' id='word_1_507' title='bbox 2310 3627 2614 3681; x_wconf 87' lang='lat' dir='ltr'><strong>merentur,</strong></span> <span class='ocrx_word' id='word_1_508' title='bbox 2649 3617 2745 3672; x_wconf 90' lang='lat' dir='ltr'><strong>sed</strong></span> <span class='ocrx_word' id='word_1_509' title='bbox 2777 3632 2847 3672; x_wconf 92' lang='lat' dir='ltr'><strong>ne</strong></span> <span class='ocrx_word' id='word_1_510' title='bbox 2885 3627 2939 3672; x_wconf 93' lang='lat' dir='ltr'><strong>tu</strong></span> <span class='ocrx_word' id='word_1_511' title='bbox 2983 3634 3081 3674; x_wconf 91' lang='lat' dir='ltr'><strong>nos</strong></span> <span class='ocrx_word' id='word_1_512' title='bbox 3116 3620 3300 3674; x_wconf 86' lang='lat' dir='ltr'><strong>tradas</strong></span> <span class='ocrx_word' id='word_1_513' title='bbox 3333 3621 3551 3674; x_wconf 88' lang='lat' dir='ltr'><strong>illorum</strong></span> 
     </span>
    </p>
   </div>
   <div class='ocr_carea' id='block_1_69' title="bbox 287 3707 1863 3782">
    <p class='ocr_par' dir='ltr' id='par_1_69' title="bbox 287 3709 1863 3781">
     <span class='ocr_line' id='line_1_69' title="bbox 287 3709 1863 3781; baseline -0.001 -21"><span class='ocrx_word' id='word_1_514' title='bbox 287 3710 344 3761; x_wconf 79' lang='lat' dir='ltr'><strong>ei.</strong></span> <span class='ocrx_word' id='word_1_515' title='bbox 377 3710 662 3780; x_wconf 79' lang='grc' dir='ltr'><strong>ἡμέτεραι,</strong></span> <span class='ocrx_word' id='word_1_516' title='bbox 701 3711 973 3776; x_wconf 83' lang='grc' dir='ltr'><strong>Δέσποτα,</strong></span> <span class='ocrx_word' id='word_1_517' title='bbox 1030 3709 1532 3781; x_wconf 76' lang='grc' dir='ltr'><strong>παρεμποδίζουσιν</strong></span> <span class='ocrx_word' id='word_1_518' title='bbox 1575 3709 1863 3779; x_wconf 84' lang='grc' dir='ltr'><strong>ἁμαρτίαι,</strong></span> 
     </span>
    </p>
   </div>
   <div class='ocr_carea' id='block_1_70' title="bbox 1962 3707 3552 3782">
    <p class='ocr_par' dir='ltr' id='par_1_70' title="bbox 1966 3707 3552 3782">
     <span class='ocr_line' id='line_1_70' title="bbox 1966 3707 3552 3782; baseline 0.003 -22"><span class='ocrx_word' id='word_1_519' title='bbox 1966 3707 2220 3761; x_wconf 89' lang='lat' dir='ltr'><strong>manibus</strong></span> <span class='ocrx_word' id='word_1_520' title='bbox 2256 3723 2270 3760; x_wconf 89' lang='lat'><strong>:</strong></span> <span class='ocrx_word' id='word_1_521' title='bbox 2305 3708 2451 3776; x_wconf 91' lang='lat' dir='ltr'><strong>quod</strong></span> <span class='ocrx_word' id='word_1_522' title='bbox 2487 3719 2671 3762; x_wconf 90' lang='lat' dir='ltr'><strong>autem</strong></span> <span class='ocrx_word' id='word_1_523' title='bbox 2709 3711 2825 3780; x_wconf 91' lang='lat' dir='ltr'><strong>ipse</strong></span> <span class='ocrx_word' id='word_1_524' title='bbox 2866 3709 3127 3776; x_wconf 88' lang='lat' dir='ltr'><strong>volueris,</strong></span> <span class='ocrx_word' id='word_1_525' title='bbox 3166 3711 3270 3766; x_wconf 89' lang='lat' dir='ltr'><strong>hoc</strong></span> <span class='ocrx_word' id='word_1_526' title='bbox 3295 3721 3552 3782; x_wconf 83' lang='lat' dir='ltr'><strong>excepto,</strong></span> 
     </span>
    </p>
   </div>
   <div class='ocr_carea' id='block_1_71' title="bbox 290 3801 1868 3874">
    <p class='ocr_par' dir='ltr' id='par_1_71' title="bbox 290 3801 1868 3874">
     <span class='ocr_line' id='line_1_71' title="bbox 290 3801 1868 3874; baseline 0.001 -20"><span class='ocrx_word' id='word_1_527' title='bbox 290 3802 427 3854; x_wconf 78' lang='grc' dir='ltr'><strong>ἀλλὰ</strong></span> <span class='ocrx_word' id='word_1_528' title='bbox 473 3803 548 3871; x_wconf 81' lang='grc' dir='ltr'><strong>μὴ</strong></span> <span class='ocrx_word' id='word_1_529' title='bbox 583 3805 706 3865; x_wconf 86' lang='grc' dir='ltr'><strong>ταῖς</strong></span> <span class='ocrx_word' id='word_1_530' title='bbox 754 3801 981 3855; x_wconf 78' lang='grc' dir='ltr'><strong>ἐκείνων</strong></span> <span class='ocrx_word' id='word_1_531' title='bbox 1021 3802 1320 3874; x_wconf 82' lang='grc' dir='ltr'><strong>παραδῴης</strong></span> <span class='ocrx_word' id='word_1_532' title='bbox 1371 3803 1584 3873; x_wconf 77' lang='grc' dir='ltr'><strong>χερσὶν,</strong></span> <span class='ocrx_word' id='word_1_533' title='bbox 1631 3803 1748 3856; x_wconf 83' lang='grc' dir='ltr'><strong>ἀλλ’</strong></span> <span class='ocrx_word' id='word_1_534' title='bbox 1791 3803 1868 3864; x_wconf 83' lang='grc' dir='ltr'><strong>ὡς</strong></span> 
     </span>
    </p>
   </div>
   <div class='ocr_carea' id='block_1_72' title="bbox 289 3893 1861 3967">
    <p class='ocr_par' dir='ltr' id='par_1_72' title="bbox 289 3893 1861 3967">
     <span class='ocr_line' id='line_1_72' title="bbox 289 3893 1861 3967; baseline 0.001 -19"><span class='ocrx_word' id='word_1_535' title='bbox 289 3893 358 3948; x_wconf 78' lang='grc' dir='ltr'><strong>ἂν</strong></span> <span class='ocrx_word' id='word_1_536' title='bbox 414 3895 578 3958; x_wconf 73' lang='grc' dir='ltr'><strong>αὐτὸς</strong></span> <span class='ocrx_word' id='word_1_537' title='bbox 637 3895 955 3965; x_wconf 77' lang='grc' dir='ltr'><strong>ἐθελήσειας</strong></span> <span class='ocrx_word' id='word_1_538' title='bbox 1010 3895 1284 3965; x_wconf 85' lang='grc' dir='ltr'><strong>τιμωρίαν</strong></span> <span class='ocrx_word' id='word_1_539' title='bbox 1323 3897 1456 3965; x_wconf 77' lang='grc' dir='ltr'><strong>ἡμῖν</strong></span> <span class='ocrx_word' id='word_1_540' title='bbox 1510 3895 1723 3962; x_wconf 83' lang='grc' dir='ltr'><strong>ἐπίθες,</strong></span> <span class='ocrx_word' id='word_1_541' title='bbox 1787 3898 1861 3967; x_wconf 87' lang='grc' dir='ltr'><strong>μή</strong></span> 
     </span>
    </p>
   </div>
   <div class='ocr_carea' id='block_1_73' title="bbox 290 3985 1872 4058">
    <p class='ocr_par' dir='ltr' id='par_1_73' title="bbox 290 3985 1872 4058">
     <span class='ocr_line' id='line_1_73' title="bbox 290 3985 1872 4058; baseline 0.001 -18"><span class='ocrx_word' id='word_1_542' title='bbox 290 4005 423 4040; x_wconf 82' lang='grc' dir='ltr'><strong>ποτε</strong></span> <span class='ocrx_word' id='word_1_543' title='bbox 459 3990 678 4054; x_wconf 81' lang='grc' dir='ltr'><strong>εἴπωσι,</strong></span> <span class='ocrx_word' id='word_1_544' title='bbox 717 3989 826 4041; x_wconf 84' lang='grc' dir='ltr'><strong>Ποῦ</strong></span> <span class='ocrx_word' id='word_1_545' title='bbox 857 3992 1004 4042; x_wconf 84' lang='grc' dir='ltr'><strong>ἐστιν</strong></span> <span class='ocrx_word' id='word_1_546' title='bbox 1033 3989 1118 4056; x_wconf 83' lang='grc' dir='ltr'><strong>ἐφ’</strong></span> <span class='ocrx_word' id='word_1_547' title='bbox 1147 3985 1191 4055; x_wconf 82' lang='grc' dir='ltr'>ᾦ</span> <span class='ocrx_word' id='word_1_548' title='bbox 1224 3988 1605 4058; x_wconf 84' lang='grc' dir='ltr'><strong>ἐγκαυχῶνται</strong></span> <span class='ocrx_word' id='word_1_549' title='bbox 1635 3989 1872 4057; x_wconf 81' lang='grc' dir='ltr'><strong>Χριστὸς</strong></span> 
     </span>
    </p>
   </div>
   <div class='ocr_carea' id='block_1_74' title="bbox 291 4081 1872 4151">
    <p class='ocr_par' dir='ltr' id='par_1_74' title="bbox 291 4081 1872 4151">
     <span class='ocr_line' id='line_1_74' title="bbox 291 4081 1872 4151; baseline -0.001 -18"><span class='ocrx_word' id='word_1_550' title='bbox 291 4082 387 4133; x_wconf 73' lang='grc' dir='ltr'><strong>καὶ</strong></span> <span class='ocrx_word' id='word_1_551' title='bbox 425 4084 453 4134; x_wconf 84' lang='grc' dir='ltr'>ὁ</span> <span class='ocrx_word' id='word_1_552' title='bbox 489 4082 680 4135; x_wconf 84' lang='grc' dir='ltr'><strong>τούτου</strong></span> <span class='ocrx_word' id='word_1_553' title='bbox 716 4082 987 4148; x_wconf 85' lang='grc' dir='ltr'><strong>σταυρός;</strong></span> <span class='ocrx_word' id='word_1_554' title='bbox 1033 4081 1222 4133; x_wconf 87' lang='grc' dir='ltr'><strong>Ταύτα</strong></span> <span class='ocrx_word' id='word_1_555' title='bbox 1266 4081 1366 4134; x_wconf 82' lang='grc' dir='ltr'><strong>σὺν</strong></span> <span class='ocrx_word' id='word_1_556' title='bbox 1402 4081 1672 4151; x_wconf 84' lang='grc' dir='ltr'><strong>δάκρυσιν</strong></span> <span class='ocrx_word' id='word_1_557' title='bbox 1705 4081 1872 4132; x_wconf 68' lang='grc' dir='ltr'><strong>ἐπευο</strong></span> 
     </span>
    </p>
   </div>
   <div class='ocr_carea' id='block_1_75' title="bbox 295 4171 1864 4242">
    <p class='ocr_par' dir='ltr' id='par_1_75' title="bbox 295 4171 1864 4242">
     <span class='ocr_line' id='line_1_75' title="bbox 295 4171 1864 4242; baseline -0.001 -18"><span class='ocrx_word' id='word_1_558' title='bbox 295 4173 553 4242; x_wconf 78' lang='grc' dir='ltr'><strong>ξάμενος,</strong></span> <span class='ocrx_word' id='word_1_559' title='bbox 617 4175 710 4227; x_wconf 75' lang='grc' dir='ltr'><strong>καὶ</strong></span> <span class='ocrx_word' id='word_1_560' title='bbox 744 4174 1090 4239; x_wconf 83' lang='grc' dir='ltr'><strong>ἐπιθειάσας,</strong></span> <span class='ocrx_word' id='word_1_561' title='bbox 1145 4172 1314 4236; x_wconf 76' lang='grc' dir='ltr'><strong>ἔξεισι</strong></span> <span class='ocrx_word' id='word_1_562' title='bbox 1358 4174 1454 4225; x_wconf 73' lang='grc' dir='ltr'><strong>καὶ</strong></span> <span class='ocrx_word' id='word_1_563' title='bbox 1490 4171 1587 4224; x_wconf 83' lang='grc' dir='ltr'><strong>τοῦ</strong></span> <span class='ocrx_word' id='word_1_564' title='bbox 1627 4171 1734 4224; x_wconf 83' lang='grc' dir='ltr'><strong>νεὼ</strong></span> <span class='ocrx_word' id='word_1_565' title='bbox 1769 4171 1864 4224; x_wconf 74' lang='grc' dir='ltr'><strong>καὶ</strong></span> 
     </span>
    </p>
   </div>
   <div class='ocr_carea' id='block_1_76' title="bbox 295 4263 1872 4337">
    <p class='ocr_par' dir='ltr' id='par_1_76' title="bbox 295 4263 1872 4337">
     <span class='ocr_line' id='line_1_76' title="bbox 295 4263 1872 4337; baseline -0.001 -20"><span class='ocrx_word' id='word_1_566' title='bbox 295 4267 394 4335; x_wconf 80' lang='grc' dir='ltr'><strong>τῆς</strong></span> <span class='ocrx_word' id='word_1_567' title='bbox 435 4265 665 4330; x_wconf 61' lang='grc' dir='ltr'><strong>πόλεως,</strong></span> <span class='ocrx_word' id='word_1_568' title='bbox 721 4266 819 4319; x_wconf 73' lang='grc' dir='ltr'><strong>καὶ</strong></span> <span class='ocrx_word' id='word_1_569' title='bbox 853 4265 989 4337; x_wconf 75' lang='grc' dir='ltr'><strong>πρός</strong></span> <span class='ocrx_word' id='word_1_570' title='bbox 1019 4283 1142 4318; x_wconf 88' lang='grc' dir='ltr'><strong>τινα</strong></span> <span class='ocrx_word' id='word_1_571' title='bbox 1180 4269 1420 4336; x_wconf 70' lang='grc' dir='ltr'><strong>μοναχὸν</strong></span> <span class='ocrx_word' id='word_1_572' title='bbox 1455 4265 1786 4336; x_wconf 82' lang='grc' dir='ltr'><strong>προδλέπειν</strong></span> <span class='ocrx_word' id='word_1_573' title='bbox 1811 4263 1872 4316; x_wconf 86' lang='grc' dir='ltr'><strong>τὸ</strong></span> 
     </span>
    </p>
   </div>
   <div class='ocr_carea' id='block_1_77' title="bbox 297 4354 1872 4426">
    <p class='ocr_par' dir='ltr' id='par_1_77' title="bbox 297 4354 1872 4426">
     <span class='ocr_line' id='line_1_77' title="bbox 297 4354 1872 4426; baseline -0.002 -18"><span class='ocrx_word' id='word_1_574' title='bbox 297 4357 498 4426; x_wconf 84' lang='grc' dir='ltr'><strong>μέλλον</strong></span> <span class='ocrx_word' id='word_1_575' title='bbox 524 4354 594 4406; x_wconf 87' lang='grc' dir='ltr'><strong>δι’</strong></span> <span class='ocrx_word' id='word_1_576' title='bbox 621 4357 818 4425; x_wconf 73' lang='grc' dir='ltr'><strong>ἀρετῆς</strong></span> <span class='ocrx_word' id='word_1_577' title='bbox 854 4356 1117 4425; x_wconf 76' lang='grc' dir='ltr'><strong>ἐργασίαν</strong></span> <span class='ocrx_word' id='word_1_578' title='bbox 1161 4354 1484 4424; x_wconf 74' lang='grc' dir='ltr'><strong>ἠξιωμένον,</strong></span> <span class='ocrx_word' id='word_1_579' title='bbox 1523 4355 1619 4406; x_wconf 68' lang='grc' dir='ltr'><strong>καὶ</strong></span> <span class='ocrx_word' id='word_1_580' title='bbox 1652 4355 1710 4406; x_wconf 89' lang='grc' dir='ltr'><strong>ἐν</strong></span> <span class='ocrx_word' id='word_1_581' title='bbox 1734 4370 1872 4423; x_wconf 83' lang='grc' dir='ltr'><strong>πυρ-</strong></span> 
     </span>
    </p>
   </div>
   <div class='ocr_carea' id='block_1_78' title="bbox 302 4447 1872 4519">
    <p class='ocr_par' dir='ltr' id='par_1_78' title="bbox 302 4447 1872 4519">
     <span class='ocr_line' id='line_1_78' title="bbox 302 4447 1872 4519; baseline -0.002 -18"><span class='ocrx_word' id='word_1_582' title='bbox 302 4451 482 4519; x_wconf 81' lang='grc' dir='ltr'><strong>γίσκῳ</strong></span> <span class='ocrx_word' id='word_1_583' title='bbox 513 4449 836 4518; x_wconf 87' lang='grc' dir='ltr'><strong>στενοχώρῳ</strong></span> <span class='ocrx_word' id='word_1_584' title='bbox 863 4448 956 4501; x_wconf 77' lang='grc' dir='ltr'><strong>ἐπὶ</strong></span> <span class='ocrx_word' id='word_1_585' title='bbox 983 4448 1199 4519; x_wconf 87' lang='grc' dir='ltr'><strong>χρόνοις</strong></span> <span class='ocrx_word' id='word_1_586' title='bbox 1234 4447 1337 4518; x_wconf 68' lang='grc' dir='ltr'><strong>ἤδη</strong></span> <span class='ocrx_word' id='word_1_587' title='bbox 1367 4447 1527 4499; x_wconf 79' lang='grc' dir='ltr'><strong>πέντε</strong></span> <span class='ocrx_word' id='word_1_588' title='bbox 1552 4447 1648 4499; x_wconf 73' lang='grc' dir='ltr'><strong>καὶ</strong></span> <span class='ocrx_word' id='word_1_589' title='bbox 1675 4462 1872 4499; x_wconf 84' lang='grc' dir='ltr'><strong>τεσσα-</strong></span> 
     </span>
    </p>
   </div>
   <div class='ocr_carea' id='block_1_79' title="bbox 309 4537 1870 4613">
    <p class='ocr_par' dir='ltr' id='par_1_79' title="bbox 309 4537 1870 4613">
     <span class='ocr_line' id='line_1_79' title="bbox 309 4537 1870 4613; baseline -0.003 -18"><span class='ocrx_word' id='word_1_590' title='bbox 309 4543 549 4613; x_wconf 83' lang='grc' dir='ltr'><strong>ράκοντα</strong></span> <span class='ocrx_word' id='word_1_591' title='bbox 602 4540 1028 4610; x_wconf 83' lang='grc' dir='ltr'><strong>καθειργμένον,</strong></span> <span class='ocrx_word' id='word_1_592' title='bbox 1085 4539 1339 4604; x_wconf 77' lang='grc' dir='ltr'><strong>πεζεύων</strong></span> <span class='ocrx_word' id='word_1_593' title='bbox 1376 4539 1608 4608; x_wconf 60' lang='grc' dir='ltr'><strong>ἀφίκετο</strong></span> <span class='ocrx_word' id='word_1_594' title='bbox 1654 4539 1748 4591; x_wconf 72' lang='grc' dir='ltr'><strong>ἐπὶ</strong></span> <span class='ocrx_word' id='word_1_595' title='bbox 1773 4537 1870 4591; x_wconf 85' lang='grc' dir='ltr'><strong>τοῦ</strong></span> 
     </span>
    </p>
   </div>
   <div class='ocr_carea' id='block_1_80' title="bbox 296 4631 1873 4702">
    <p class='ocr_par' dir='ltr' id='par_1_80' title="bbox 296 4631 1873 4702">
     <span class='ocr_line' id='line_1_80' title="bbox 296 4631 1873 4702; baseline -0.004 -14"><span class='ocrx_word' id='word_1_596' title='bbox 296 4633 464 4689; x_wconf 81' lang='grc' dir='ltr'><strong>αὑτοῦ</strong></span> <span class='ocrx_word' id='word_1_597' title='bbox 534 4634 840 4702; x_wconf 86' lang='grc' dir='ltr'><strong>σχήματος,</strong></span> <span class='ocrx_word' id='word_1_598' title='bbox 897 4632 1239 4700; x_wconf 80' lang='grc' dir='ltr'><strong>πευσόμενός</strong></span> <span class='ocrx_word' id='word_1_599' title='bbox 1302 4649 1358 4684; x_wconf 88' lang='grc' dir='ltr'><strong>τι</strong></span> <span class='ocrx_word' id='word_1_600' title='bbox 1411 4631 1522 4684; x_wconf 84' lang='grc' dir='ltr'><strong>τῶν</strong></span> <span class='ocrx_word' id='word_1_601' title='bbox 1571 4635 1716 4684; x_wconf 69' lang='grc' dir='ltr'><strong>κατα</strong></span> <span class='ocrx_word' id='word_1_602' title='bbox 1773 4632 1873 4700; x_wconf 72' lang='grc' dir='ltr'><strong>τὴν</strong></span> 
     </span>
    </p>
   </div>
   <div class='ocr_carea' id='block_1_81' title="bbox 1965 3796 3552 3874">
    <p class='ocr_par' dir='ltr' id='par_1_81' title="bbox 1965 3796 3552 3874">
     <span class='ocr_line' id='line_1_81' title="bbox 1965 3796 3552 3874; baseline 0.005 -24"><span class='ocrx_word' id='word_1_603' title='bbox 1965 3796 2127 3852; x_wconf 81' lang='lat' dir='ltr'><strong>nobis</strong></span> <span class='ocrx_word' id='word_1_604' title='bbox 2158 3798 2378 3868; x_wconf 85' lang='lat' dir='ltr'><strong>impone</strong></span> <span class='ocrx_word' id='word_1_605' title='bbox 2407 3801 2762 3869; x_wconf 88' lang='lat' dir='ltr'><strong>supplicium,</strong></span> <span class='ocrx_word' id='word_1_606' title='bbox 2791 3816 2861 3856; x_wconf 91' lang='lat' dir='ltr'><strong>ne</strong></span> <span class='ocrx_word' id='word_1_607' title='bbox 2891 3800 3033 3856; x_wconf 76' lang='lat' dir='ltr'><strong>forte</strong></span> <span class='ocrx_word' id='word_1_608' title='bbox 3064 3802 3284 3857; x_wconf 87' lang='lat' dir='ltr'><strong>dicant:</strong></span> <span class='ocrx_word' id='word_1_609' title='bbox 3318 3803 3552 3874; x_wconf 71' lang='lat' dir='ltr'><strong>Ubinam</strong></span> 
     </span>
    </p>
   </div>
   <div class='ocr_carea' id='block_1_82' title="bbox 1967 3889 3553 3965">
    <p class='ocr_par' dir='ltr' id='par_1_82' title="bbox 1967 3889 3553 3965">
     <span class='ocr_line' id='line_1_82' title="bbox 1967 3889 3553 3965; baseline 0.004 -22"><span class='ocrx_word' id='word_1_610' title='bbox 1967 3899 2050 3944; x_wconf 90' lang='lat' dir='ltr'><strong>est</strong></span> <span class='ocrx_word' id='word_1_611' title='bbox 2079 3891 2318 3958; x_wconf 88' lang='lat' dir='ltr'><strong>ipsorum</strong></span> <span class='ocrx_word' id='word_1_612' title='bbox 2356 3889 2632 3957; x_wconf 88' lang='lat' dir='ltr'><strong>Christus,</strong></span> <span class='ocrx_word' id='word_1_613' title='bbox 2671 3902 2894 3962; x_wconf 88' lang='lat' dir='ltr'><strong>propter</strong></span> <span class='ocrx_word' id='word_1_614' title='bbox 2929 3909 3092 3963; x_wconf 91' lang='lat' dir='ltr'><strong>quem</strong></span> <span class='ocrx_word' id='word_1_615' title='bbox 3127 3894 3464 3965; x_wconf 87' lang='lat' dir='ltr'><strong>gloriantur,</strong></span> <span class='ocrx_word' id='word_1_616' title='bbox 3495 3903 3553 3950; x_wconf 88' lang='lat' dir='ltr'><strong>et</strong></span> 
     </span>
    </p>
   </div>
   <div class='ocr_carea' id='block_1_83' title="bbox 1968 3982 3549 4061">
    <p class='ocr_par' dir='ltr' id='par_1_83' title="bbox 1968 3982 3549 4061">
     <span class='ocr_line' id='line_1_83' title="bbox 1968 3982 3549 4061; baseline 0.004 -23"><span class='ocrx_word' id='word_1_617' title='bbox 1968 3998 2102 4038; x_wconf 81' lang='lat' dir='ltr'><strong>crux</strong></span> <span class='ocrx_word' id='word_1_618' title='bbox 2134 3982 2287 4053; x_wconf 75' lang='lat' dir='ltr'><strong>ejus?</strong></span> <span class='ocrx_word' id='word_1_619' title='bbox 2308 3984 2432 4038; x_wconf 57' lang='lat' dir='ltr'><strong>Ilaec</strong></span> <span class='ocrx_word' id='word_1_620' title='bbox 2457 4001 2580 4039; x_wconf 91' lang='lat' dir='ltr'><strong>cum</strong></span> <span class='ocrx_word' id='word_1_621' title='bbox 2612 3997 2867 4055; x_wconf 84' lang='lat' dir='ltr'><strong>precatus</strong></span> <span class='ocrx_word' id='word_1_622' title='bbox 2899 3987 3242 4043; x_wconf 80' lang='lat' dir='ltr'><strong>fuissetcum</strong></span> <span class='ocrx_word' id='word_1_623' title='bbox 3275 3989 3549 4061; x_wconf 86' lang='lat' dir='ltr'><strong>lacrymis,</strong></span> 
     </span>
    </p>
   </div>
   <div class='ocr_carea' id='block_1_84' title="bbox 1969 4074 3551 4150">
    <p class='ocr_par' dir='ltr' id='par_1_84' title="bbox 1969 4074 3551 4150">
     <span class='ocr_line' id='line_1_84' title="bbox 1969 4074 3551 4150; baseline 0.006 -23"><span class='ocrx_word' id='word_1_624' title='bbox 1969 4074 2247 4144; x_wconf 89' lang='lat' dir='ltr'><strong>egreditur</strong></span> <span class='ocrx_word' id='word_1_625' title='bbox 2276 4093 2306 4130; x_wconf 90' lang='lat' dir='ltr'><strong>e</strong></span> <span class='ocrx_word' id='word_1_626' title='bbox 2338 4077 2562 4146; x_wconf 90' lang='lat' dir='ltr'><strong>templo,</strong></span> <span class='ocrx_word' id='word_1_627' title='bbox 2593 4087 2647 4131; x_wconf 89' lang='lat' dir='ltr'><strong>et</strong></span> <span class='ocrx_word' id='word_1_628' title='bbox 2681 4093 2710 4131; x_wconf 92' lang='lat' dir='ltr'><strong>e</strong></span> <span class='ocrx_word' id='word_1_629' title='bbox 2753 4078 2991 4143; x_wconf 85' lang='lat' dir='ltr'><strong>civitate,</strong></span> <span class='ocrx_word' id='word_1_630' title='bbox 3044 4088 3100 4135; x_wconf 94' lang='lat' dir='ltr'><strong>et</strong></span> <span class='ocrx_word' id='word_1_631' title='bbox 3146 4080 3213 4135; x_wconf 90' lang='lat' dir='ltr'><strong>ad</strong></span> <span class='ocrx_word' id='word_1_632' title='bbox 3259 4081 3551 4150; x_wconf 83' lang='lat' dir='ltr'><strong>quemdam</strong></span> 
     </span>
    </p>
   </div>
   <div class='ocr_carea' id='block_1_85' title="bbox 1972 4167 3553 4242">
    <p class='ocr_par' dir='ltr' id='par_1_85' title="bbox 1972 4167 3553 4242">
     <span class='ocr_line' id='line_1_85' title="bbox 1972 4167 3553 4242; baseline 0.003 -21"><span class='ocrx_word' id='word_1_633' title='bbox 1972 4167 2348 4233; x_wconf 89' lang='lat' dir='ltr'><strong>monachum,</strong></span> <span class='ocrx_word' id='word_1_634' title='bbox 2414 4168 2507 4237; x_wconf 91' lang='lat' dir='ltr'><strong>qui</strong></span> <span class='ocrx_word' id='word_1_635' title='bbox 2581 4176 2805 4238; x_wconf 80' lang='lat' dir='ltr'><strong>prapter</strong></span> <span class='ocrx_word' id='word_1_636' title='bbox 2885 4170 3104 4225; x_wconf 88' lang='lat' dir='ltr'><strong>virtutis</strong></span> <span class='ocrx_word' id='word_1_637' title='bbox 3175 4174 3553 4242; x_wconf 88' lang='lat' dir='ltr'><strong>operationem</strong></span> 
     </span>
    </p>
   </div>
   <div class='ocr_carea' id='block_1_86' title="bbox 1971 4258 3557 4330">
    <p class='ocr_par' dir='ltr' id='par_1_86' title="bbox 1971 4258 3557 4330">
     <span class='ocr_line' id='line_1_86' title="bbox 1971 4258 3557 4330; baseline 0.003 -18"><span class='ocrx_word' id='word_1_638' title='bbox 1971 4258 2170 4328; x_wconf 88' lang='lat' dir='ltr'><strong>dignus</strong></span> <span class='ocrx_word' id='word_1_639' title='bbox 2201 4267 2322 4314; x_wconf 89' lang='lat' dir='ltr'><strong>erat</strong></span> <span class='ocrx_word' id='word_1_640' title='bbox 2371 4258 2614 4326; x_wconf 87' lang='lat' dir='ltr'><strong>habitus,</strong></span> <span class='ocrx_word' id='word_1_641' title='bbox 2665 4271 2723 4314; x_wconf 94' lang='lat' dir='ltr'><strong>ut</strong></span> <span class='ocrx_word' id='word_1_642' title='bbox 2773 4261 3099 4330; x_wconf 68' lang='lat' dir='ltr'><strong>praevideret</strong></span> <span class='ocrx_word' id='word_1_643' title='bbox 3139 4263 3344 4327; x_wconf 81' lang='lat' dir='ltr'><strong>futura,</strong></span> <span class='ocrx_word' id='word_1_644' title='bbox 3391 4272 3447 4316; x_wconf 89' lang='lat' dir='ltr'><strong>et</strong></span> <span class='ocrx_word' id='word_1_645' title='bbox 3499 4264 3557 4317; x_wconf 88' lang='lat' dir='ltr'><strong>in</strong></span> 
     </span>
    </p>
   </div>
   <div class='ocr_carea' id='block_1_87' title="bbox 1970 4351 3563 4425">
    <p class='ocr_par' dir='ltr' id='par_1_87' title="bbox 1970 4351 3563 4425">
     <span class='ocr_line' id='line_1_87' title="bbox 1970 4351 3563 4425; baseline 0.006 -20"><span class='ocrx_word' id='word_1_646' title='bbox 1970 4359 2207 4422; x_wconf 89' lang='lat' dir='ltr'><strong>augusta</strong></span> <span class='ocrx_word' id='word_1_647' title='bbox 2239 4351 2501 4406; x_wconf 91' lang='lat' dir='ltr'><strong>turricula</strong></span> <span class='ocrx_word' id='word_1_648' title='bbox 2526 4355 2639 4424; x_wconf 87' lang='lat' dir='ltr'><strong>jam</strong></span> <span class='ocrx_word' id='word_1_649' title='bbox 2679 4353 3039 4424; x_wconf 79' lang='lat' dir='ltr'><strong>quadraginta</strong></span> <span class='ocrx_word' id='word_1_650' title='bbox 3089 4356 3331 4425; x_wconf 87' lang='lat' dir='ltr'><strong>quinque</strong></span> <span class='ocrx_word' id='word_1_651' title='bbox 3383 4371 3563 4414; x_wconf 68' lang='lat' dir='ltr'><strong>annos</strong></span> 
     </span>
    </p>
   </div>
   <div class='ocr_carea' id='block_1_88' title="bbox 1973 4442 3563 4514">
    <p class='ocr_par' dir='ltr' id='par_1_88' title="bbox 1973 4442 3563 4514">
     <span class='ocr_line' id='line_1_88' title="bbox 1973 4442 3563 4514; baseline 0.003 -16"><span class='ocrx_word' id='word_1_652' title='bbox 1973 4442 2155 4498; x_wconf 79' lang='lat' dir='ltr'><strong>fuerat</strong></span> <span class='ocrx_word' id='word_1_653' title='bbox 2178 4443 2460 4508; x_wconf 87' lang='lat' dir='ltr'><strong>inclusus,</strong></span> <span class='ocrx_word' id='word_1_654' title='bbox 2512 4447 2678 4514; x_wconf 80' lang='lat' dir='ltr'><strong>pedes</strong></span> <span class='ocrx_word' id='word_1_655' title='bbox 2723 4447 2875 4500; x_wconf 87' lang='lat' dir='ltr'><strong>venit</strong></span> <span class='ocrx_word' id='word_1_656' title='bbox 2907 4446 2959 4500; x_wconf 93' lang='lat' dir='ltr'><strong>in</strong></span> <span class='ocrx_word' id='word_1_657' title='bbox 3009 4448 3201 4502; x_wconf 87' lang='lat' dir='ltr'><strong>eodem</strong></span> <span class='ocrx_word' id='word_1_658' title='bbox 3255 4448 3464 4512; x_wconf 85' lang='lat' dir='ltr'><strong>habitu,</strong></span> <span class='ocrx_word' id='word_1_659' title='bbox 3492 4447 3563 4503; x_wconf 84' lang='lat' dir='ltr'><strong>de</strong></span> 
     </span>
    </p>
   </div>
   <div class='ocr_carea' id='block_1_89' title="bbox 1972 4536 3565 4610">
    <p class='ocr_par' dir='ltr' id='par_1_89' title="bbox 1972 4536 3565 4610">
     <span class='ocr_line' id='line_1_89' title="bbox 1972 4536 3565 4610; baseline 0.003 -21"><span class='ocrx_word' id='word_1_660' title='bbox 1972 4537 2163 4607; x_wconf 62' lang='lat' dir='ltr'><strong>praelio</strong></span> <span class='ocrx_word' id='word_1_661' title='bbox 2197 4537 2599 4590; x_wconf 84' lang='lat' dir='ltr'><strong>sciscitaturus.</strong></span> <span class='ocrx_word' id='word_1_662' title='bbox 2641 4536 2838 4590; x_wconf 76' lang='lat' dir='ltr'><strong>Attulit</strong></span> <span class='ocrx_word' id='word_1_663' title='bbox 2869 4546 3053 4592; x_wconf 86' lang='lat' dir='ltr'><strong>autem</strong></span> <span class='ocrx_word' id='word_1_664' title='bbox 3088 4539 3391 4608; x_wconf 86' lang='lat' dir='ltr'><strong>composita</strong></span> <span class='ocrx_word' id='word_1_665' title='bbox 3426 4555 3565 4610; x_wconf 91' lang='lat' dir='ltr'><strong>quo-</strong></span> 
     </span>
    </p>
   </div>
   <div class='ocr_carea' id='block_1_90' title="bbox 1975 4625 3563 4696">
    <p class='ocr_par' dir='ltr' id='par_1_90' title="bbox 1975 4625 3563 4696">
     <span class='ocr_line' id='line_1_90' title="bbox 1975 4625 3563 4696; baseline 0.003 -16"><span class='ocrx_word' id='word_1_666' title='bbox 1975 4641 2082 4696; x_wconf 91' lang='lat' dir='ltr'><strong>que</strong></span> <span class='ocrx_word' id='word_1_667' title='bbox 2115 4625 2466 4694; x_wconf 81' lang='lat' dir='ltr'><strong>thymiamata</strong></span> <span class='ocrx_word' id='word_1_668' title='bbox 2490 4665 2505 4690; x_wconf 92' lang='lat'><strong>,</strong></span> <span class='ocrx_word' id='word_1_669' title='bbox 2538 4625 2594 4679; x_wconf 89' lang='lat' dir='ltr'><strong>in</strong></span> <span class='ocrx_word' id='word_1_670' title='bbox 2639 4627 2839 4695; x_wconf 82' lang='lat' dir='ltr'><strong>quibus</strong></span> <span class='ocrx_word' id='word_1_671' title='bbox 2869 4628 3032 4680; x_wconf 90' lang='lat' dir='ltr'><strong>etiam</strong></span> <span class='ocrx_word' id='word_1_672' title='bbox 3077 4642 3275 4682; x_wconf 88' lang='lat' dir='ltr'><strong>aurum</strong></span> <span class='ocrx_word' id='word_1_673' title='bbox 3326 4630 3563 4684; x_wconf 82' lang='lat' dir='ltr'><strong>latenter</strong></span> 
     </span>
    </p>
   </div>
   <div class='ocr_carea' id='block_1_91' title="bbox 303 4714 1863 4817">
    <p class='ocr_par' dir='ltr' id='par_1_91' title="bbox 303 4719 1863 4796">
     <span class='ocr_line' id='line_1_91' title="bbox 303 4719 1863 4796; baseline -0.002 -17"><span class='ocrx_word' id='word_1_674' title='bbox 303 4728 505 4796; x_wconf 67' lang='grc' dir='ltr'><strong>μάχην.</strong></span> <span class='ocrx_word' id='word_1_675' title='bbox 553 4725 823 4794; x_wconf 77' lang='grc' dir='ltr'><strong>Ἐπήγετο</strong></span> <span class='ocrx_word' id='word_1_676' title='bbox 850 4723 906 4775; x_wconf 77' lang='grc' dir='ltr'><strong>δὲ</strong></span> <span class='ocrx_word' id='word_1_677' title='bbox 933 4724 1024 4775; x_wconf 76' lang='grc' dir='ltr'><strong>καὶ</strong></span> <span class='ocrx_word' id='word_1_678' title='bbox 1060 4722 1382 4791; x_wconf 83' lang='grc' dir='ltr'><strong>θυμιάματα</strong></span> <span class='ocrx_word' id='word_1_679' title='bbox 1412 4723 1666 4789; x_wconf 84' lang='grc' dir='ltr'><strong>σύνθετα,</strong></span> <span class='ocrx_word' id='word_1_680' title='bbox 1703 4724 1762 4776; x_wconf 81' lang='grc' dir='ltr'><strong>ἐν</strong></span> <span class='ocrx_word' id='word_1_681' title='bbox 1793 4719 1863 4786; x_wconf 85' lang='grc' dir='ltr'><strong>οἷς</strong></span> 
     </span>
    </p>
   </div>
   <div class='ocr_carea' id='block_1_92' title="bbox 1962 4714 3562 4817">
    <p class='ocr_par' dir='ltr' id='par_1_92' title="bbox 1979 4714 3562 4789">
     <span class='ocr_line' id='line_1_92' title="bbox 1979 4714 3562 4789; baseline 0.002 -17"><span class='ocrx_word' id='word_1_682' title='bbox 1979 4717 2369 4772; x_wconf 86' lang='lat' dir='ltr'><strong>immiscuerat.</strong></span> <span class='ocrx_word' id='word_1_683' title='bbox 2398 4714 2531 4780; x_wconf 79' lang='lat' dir='ltr'><strong>Quae</strong></span> <span class='ocrx_word' id='word_1_684' title='bbox 2574 4730 2698 4770; x_wconf 89' lang='lat' dir='ltr'><strong>cum</strong></span> <span class='ocrx_word' id='word_1_685' title='bbox 2732 4717 3050 4771; x_wconf 90' lang='lat' dir='ltr'><strong>tradidisset</strong></span> <span class='ocrx_word' id='word_1_686' title='bbox 3091 4719 3232 4783; x_wconf 88' lang='lat' dir='ltr'><strong>seni,</strong></span> <span class='ocrx_word' id='word_1_687' title='bbox 3283 4721 3562 4789; x_wconf 61' lang='lat' dir='ltr'><strong>quaerebat</strong></span> 
     </span>
    </p>
   </div>
   <div class='ocr_carea' id='block_1_93' title="bbox 298 4807 1863 4888">
    <p class='ocr_par' dir='ltr' id='par_1_93' title="bbox 298 4813 1863 4888">
     <span class='ocr_line' id='line_1_93' title="bbox 298 4813 1863 4888; baseline -0.002 -19"><span class='ocrx_word' id='word_1_688' title='bbox 298 4814 366 4888; x_wconf 72' lang='grc' dir='ltr'><strong>ἦν</strong></span> <span class='ocrx_word' id='word_1_689' title='bbox 400 4818 494 4870; x_wconf 73' lang='grc' dir='ltr'><strong>καὶ</strong></span> <span class='ocrx_word' id='word_1_690' title='bbox 522 4817 744 4888; x_wconf 85' lang='grc' dir='ltr'><strong>χρυσίον</strong></span> <span class='ocrx_word' id='word_1_691' title='bbox 761 4813 973 4884; x_wconf 69' lang='grc' dir='ltr'><strong>ἀδήλως</strong></span> <span class='ocrx_word' id='word_1_692' title='bbox 999 4813 1435 4883; x_wconf 77' lang='grc' dir='ltr'><strong>συγκαταμίξας.</strong></span> <span class='ocrx_word' id='word_1_693' title='bbox 1465 4814 1534 4866; x_wconf 81' lang='grc' dir='ltr'>Ἃ</span> <span class='ocrx_word' id='word_1_694' title='bbox 1568 4815 1662 4866; x_wconf 71' lang='grc' dir='ltr'><strong>καὶ</strong></span> <span class='ocrx_word' id='word_1_695' title='bbox 1680 4815 1760 4885; x_wconf 84' lang='grc' dir='ltr'><strong>τῷ</strong></span> <span class='ocrx_word' id='word_1_696' title='bbox 1785 4815 1863 4883; x_wconf 86' lang='grc' dir='ltr'><strong>γέ-</strong></span> 
     </span>
    </p>
   </div>
   <div class='ocr_carea' id='block_1_94' title="bbox 1962 4807 3558 4888">
    <p class='ocr_par' dir='ltr' id='par_1_94' title="bbox 1981 4807 3558 4881">
     <span class='ocr_line' id='line_1_94' title="bbox 1981 4807 3558 4881; baseline 0.002 -17"><span class='ocrx_word' id='word_1_697' title='bbox 1981 4825 2194 4881; x_wconf 87' lang='lat' dir='ltr'><strong>preces,</strong></span> <span class='ocrx_word' id='word_1_698' title='bbox 2236 4818 2292 4863; x_wconf 91' lang='lat' dir='ltr'><strong>et</strong></span> <span class='ocrx_word' id='word_1_699' title='bbox 2322 4807 2774 4878; x_wconf 77' lang='lat' dir='ltr'><strong>significationem</strong></span> <span class='ocrx_word' id='word_1_700' title='bbox 2809 4824 3025 4875; x_wconf 88' lang='lat' dir='ltr'><strong>eorum,</strong></span> <span class='ocrx_word' id='word_1_701' title='bbox 3058 4827 3180 4881; x_wconf 73' lang='lat' dir='ltr'><strong>qua:</strong></span> <span class='ocrx_word' id='word_1_702' title='bbox 3207 4821 3364 4867; x_wconf 91' lang='lat' dir='ltr'><strong>erant</strong></span> <span class='ocrx_word' id='word_1_703' title='bbox 3396 4827 3558 4867; x_wconf 59' lang='lat' dir='ltr'><strong>cven&#39;a</strong></span> 
     </span>
    </p>
   </div>
   <div class='ocr_carea' id='block_1_95' title="bbox 300 4905 1882 4980">
    <p class='ocr_par' dir='ltr' id='par_1_95' title="bbox 300 4905 1882 4980">
     <span class='ocr_line' id='line_1_95' title="bbox 300 4905 1882 4980; baseline -0.004 -17"><span class='ocrx_word' id='word_1_704' title='bbox 300 4925 450 4980; x_wconf 85' lang='grc' dir='ltr'><strong>ροντι</strong></span> <span class='ocrx_word' id='word_1_705' title='bbox 480 4908 775 4972; x_wconf 69' lang='grc' dir='ltr'><strong>ἐπιδιδοὺς,</strong></span> <span class='ocrx_word' id='word_1_706' title='bbox 801 4907 982 4978; x_wconf 76' lang='grc' dir='ltr'><strong>ἐξῄτει</strong></span> <span class='ocrx_word' id='word_1_707' title='bbox 1007 4905 1172 4974; x_wconf 78' lang='grc' dir='ltr'><strong>εὐχὴν</strong></span> <span class='ocrx_word' id='word_1_708' title='bbox 1204 4908 1298 4958; x_wconf 79' lang='grc' dir='ltr'><strong>καί</strong></span> <span class='ocrx_word' id='word_1_709' title='bbox 1322 4905 1556 4975; x_wconf 75' lang='grc' dir='ltr'><strong>δήλωσιν</strong></span> <span class='ocrx_word' id='word_1_710' title='bbox 1581 4907 1691 4959; x_wconf 85' lang='grc' dir='ltr'><strong>τῶν</strong></span> <span class='ocrx_word' id='word_1_711' title='bbox 1711 4906 1882 4976; x_wconf 81' lang='grc' dir='ltr'><strong>ἐκδη-</strong></span> 
     </span>
    </p>
   </div>
   <div class='ocr_carea' id='block_1_96' title="bbox 302 4999 1880 5072">
    <p class='ocr_par' dir='ltr' id='par_1_96' title="bbox 302 4999 1880 5072">
     <span class='ocr_line' id='line_1_96' title="bbox 302 4999 1880 5072; baseline -0.003 -17"><span class='ocrx_word' id='word_1_712' title='bbox 302 5003 570 5072; x_wconf 85' lang='grc' dir='ltr'><strong>σομένων.</strong></span> <span class='ocrx_word' id='word_1_713' title='bbox 617 5003 677 5052; x_wconf 89' lang='lat' dir='ltr'><strong>&#39;U</strong></span> <span class='ocrx_word' id='word_1_714' title='bbox 702 5001 758 5053; x_wconf 77' lang='grc' dir='ltr'><strong>δὲ</strong></span> <span class='ocrx_word' id='word_1_715' title='bbox 787 5001 880 5054; x_wconf 84' lang='grc' dir='ltr'><strong>τὸν</strong></span> <span class='ocrx_word' id='word_1_716' title='bbox 911 4999 1062 5052; x_wconf 85' lang='grc' dir='ltr'><strong>δόλον</strong></span> <span class='ocrx_word' id='word_1_717' title='bbox 1089 4999 1375 5068; x_wconf 76' lang='grc' dir='ltr'><strong>φωράσας,</strong></span> <span class='ocrx_word' id='word_1_718' title='bbox 1412 4999 1509 5051; x_wconf 73' lang='grc' dir='ltr'><strong>καὶ</strong></span> <span class='ocrx_word' id='word_1_719' title='bbox 1532 4999 1694 5066; x_wconf 85' lang='grc' dir='ltr'><strong>γνοὺς</strong></span> <span class='ocrx_word' id='word_1_720' title='bbox 1721 4999 1880 5069; x_wconf 83' lang='grc' dir='ltr'><strong>ἀκρι-</strong></span> 
     </span>
    </p>
   </div>
   <div class='ocr_carea' id='block_1_97' title="bbox 299 5088 1908 5163">
    <p class='ocr_par' dir='ltr' id='par_1_97' title="bbox 299 5088 1908 5163">
     <span class='ocr_line' id='line_1_97' title="bbox 299 5088 1908 5163; baseline -0.011 -3"><span class='ocrx_word' id='word_1_721' title='bbox 299 5094 410 5158; x_wconf 74' lang='grc' dir='ltr'><strong>⁶ὦς</strong></span> <span class='ocrx_word' id='word_1_722' title='bbox 470 5095 620 5155; x_wconf 78' lang='grc' dir='ltr'><strong>ὅστις</strong></span> <span class='ocrx_word' id='word_1_723' title='bbox 670 5091 781 5163; x_wconf 82' lang='grc' dir='ltr'><strong>εἴη,</strong></span> <span class='ocrx_word' id='word_1_724' title='bbox 817 5093 1001 5146; x_wconf 84' lang='grc' dir='ltr'><strong>Ἔστω</strong></span> <span class='ocrx_word' id='word_1_725' title='bbox 1053 5093 1194 5162; x_wconf 80' lang='grc' dir='ltr'><strong>μετὰ</strong></span> <span class='ocrx_word' id='word_1_726' title='bbox 1253 5088 1372 5155; x_wconf 81' lang='grc' dir='ltr'><strong>σοῦ,</strong></span> <span class='ocrx_word' id='word_1_727' title='bbox 1424 5090 1580 5161; x_wconf 76' lang='grc' dir='ltr'><strong>φησὶ,</strong></span> <span class='ocrx_word' id='word_1_728' title='bbox 1614 5091 1771 5154; x_wconf 83' lang='grc' dir='ltr'><strong>Θεὸς,</strong></span> <span class='ocrx_word' id='word_1_729' title='bbox 1820 5089 1908 5154; x_wconf 83' lang='grc' dir='ltr'><strong>ὃς</strong></span> 
     </span>
    </p>
   </div>
   <div class='ocr_carea' id='block_1_98' title="bbox 301 5180 1879 5253">
    <p class='ocr_par' dir='ltr' id='par_1_98' title="bbox 301 5180 1879 5253">
     <span class='ocr_line' id='line_1_98' title="bbox 301 5180 1879 5253; baseline -0.003 -16"><span class='ocrx_word' id='word_1_730' title='bbox 301 5187 399 5238; x_wconf 76' lang='grc' dir='ltr'><strong>καὶ</strong></span> <span class='ocrx_word' id='word_1_731' title='bbox 430 5183 825 5253; x_wconf 84' lang='grc' dir='ltr'><strong>συμδασιλεύει</strong></span> <span class='ocrx_word' id='word_1_732' title='bbox 859 5199 964 5237; x_wconf 91' lang='grc' dir='ltr'><strong>σοι.</strong></span> <span class='ocrx_word' id='word_1_733' title='bbox 1007 5183 1156 5252; x_wconf 81' lang='grc' dir='ltr'><strong>Πλὴν</strong></span> <span class='ocrx_word' id='word_1_734' title='bbox 1188 5180 1303 5233; x_wconf 79' lang='grc' dir='ltr'><strong>ἀλλ’</strong></span> <span class='ocrx_word' id='word_1_735' title='bbox 1355 5181 1514 5235; x_wconf 87' lang='grc' dir='ltr'><strong>άπιθι</strong></span> <span class='ocrx_word' id='word_1_736' title='bbox 1544 5197 1879 5252; x_wconf 85' lang='grc' dir='ltr'><strong>κατωχυρω-</strong></span> 
     </span>
    </p>
   </div>
   <div class='ocr_carea' id='block_1_99' title="bbox 305 5267 1885 5347">
    <p class='ocr_par' dir='ltr' id='par_1_99' title="bbox 305 5267 1885 5347">
     <span class='ocr_line' id='line_1_99' title="bbox 305 5267 1885 5347; baseline -0.002 -20"><span class='ocrx_word' id='word_1_737' title='bbox 305 5277 467 5346; x_wconf 83' lang='grc' dir='ltr'><strong>μένος</strong></span> <span class='ocrx_word' id='word_1_738' title='bbox 498 5277 565 5344; x_wconf 84' lang='grc' dir='ltr'><strong>τῇ</strong></span> <span class='ocrx_word' id='word_1_739' title='bbox 599 5277 707 5328; x_wconf 84' lang='grc' dir='ltr'><strong>τῶν</strong></span> <span class='ocrx_word' id='word_1_740' title='bbox 743 5275 1040 5347; x_wconf 86' lang='grc' dir='ltr'><strong>μαρτύρων</strong></span> <span class='ocrx_word' id='word_1_741' title='bbox 1071 5273 1258 5346; x_wconf 79' lang='grc' dir='ltr'><strong>θυσίᾳ,</strong></span> <span class='ocrx_word' id='word_1_742' title='bbox 1312 5267 1385 5344; x_wconf 79' lang='grc' dir='ltr'><strong>ἦς</strong></span> <span class='ocrx_word' id='word_1_743' title='bbox 1416 5271 1717 5344; x_wconf 73' lang='grc' dir='ltr'><strong>ὠσφράνθη</strong></span> <span class='ocrx_word' id='word_1_744' title='bbox 1772 5271 1885 5325; x_wconf 81' lang='grc' dir='ltr'><strong>Κύ-</strong></span> 
     </span>
    </p>
   </div>
   <div class='ocr_carea' id='block_1_100' title="bbox 309 5365 1882 5442">
    <p class='ocr_par' dir='ltr' id='par_1_100' title="bbox 309 5365 1882 5442">
     <span class='ocr_line' id='line_1_100' title="bbox 309 5365 1882 5442; baseline -0.004 -19"><span class='ocrx_word' id='word_1_745' title='bbox 309 5387 445 5442; x_wconf 87' lang='grc' dir='ltr'><strong>ριος,</strong></span> <span class='ocrx_word' id='word_1_746' title='bbox 501 5371 598 5422; x_wconf 67' lang='grc' dir='ltr'><strong>καὶΙ</strong></span> <span class='ocrx_word' id='word_1_747' title='bbox 654 5373 775 5432; x_wconf 84' lang='grc' dir='ltr'><strong>ταῖς</strong></span> <span class='ocrx_word' id='word_1_748' title='bbox 846 5370 1037 5438; x_wconf 75' lang='grc' dir='ltr'><strong>εὐχαῖς</strong></span> <span class='ocrx_word' id='word_1_749' title='bbox 1098 5365 1406 5438; x_wconf 84' lang='grc' dir='ltr'><strong>ἀρχιερέως</strong></span> <span class='ocrx_word' id='word_1_750' title='bbox 1444 5365 1882 5435; x_wconf 79' lang='grc' dir='ltr'><strong>’Δλεξανδρείας,</strong></span> 
     </span>
    </p>
   </div>
   <div class='ocr_carea' id='block_1_101' title="bbox 305 5462 1208 5534">
    <p class='ocr_par' dir='ltr' id='par_1_101' title="bbox 305 5462 1208 5534">
     <span class='ocr_line' id='line_1_101' title="bbox 305 5462 1208 5534; baseline -0.001 -17"><span class='ocrx_word' id='word_1_751' title='bbox 305 5463 546 5524; x_wconf 79' lang='grc' dir='ltr'><strong>καὶτοῖς</strong></span> <span class='ocrx_word' id='word_1_752' title='bbox 580 5463 843 5534; x_wconf 86' lang='grc' dir='ltr'><strong>δάκρυσιν</strong></span> <span class='ocrx_word' id='word_1_753' title='bbox 890 5462 1208 5516; x_wconf 80' lang='grc' dir='ltr'><strong>Ὶουστίνου.</strong></span> 
     </span>
    </p>
   </div>
   <div class='ocr_carea' id='block_1_102' title="bbox 381 5553 1888 5621">
    <p class='ocr_par' dir='ltr' id='par_1_102' title="bbox 381 5553 1888 5621">
     <span class='ocr_line' id='line_1_102' title="bbox 381 5553 1888 5621; baseline -0.004 -12"><span class='ocrx_word' id='word_1_754' title='bbox 381 5555 513 5611; x_wconf 78' lang='grc' dir='ltr'><strong>ΚΘ’.</strong></span> <span class='ocrx_word' id='word_1_755' title='bbox 554 5557 775 5610; x_wconf 76' lang='grc' dir='ltr'><strong>Τούτων</strong></span> <span class='ocrx_word' id='word_1_756' title='bbox 806 5558 1048 5619; x_wconf 64' lang='grc' dir='ltr'><strong>ἁκοὰσας</strong></span> <span class='ocrx_word' id='word_1_757' title='bbox 1087 5554 1409 5620; x_wconf 69' lang='grc' dir='ltr'><strong>Ἐλεσϐαὲν,</strong></span> <span class='ocrx_word' id='word_1_758' title='bbox 1445 5557 1538 5607; x_wconf 72' lang='grc' dir='ltr'><strong>καὶ</strong></span> <span class='ocrx_word' id='word_1_759' title='bbox 1571 5553 1888 5621; x_wconf 79' lang='grc' dir='ltr'><strong>περαιτέρω</strong></span> 
     </span>
    </p>
   </div>
   <div class='ocr_carea' id='block_1_103' title="bbox 311 5645 1890 5720">
    <p class='ocr_par' dir='ltr' id='par_1_103' title="bbox 311 5645 1890 5720">
     <span class='ocr_line' id='line_1_103' title="bbox 311 5645 1890 5720; baseline -0.006 -17"><span class='ocrx_word' id='word_1_760' title='bbox 311 5650 390 5720; x_wconf 83' lang='grc' dir='ltr'><strong>μὴ</strong></span> <span class='ocrx_word' id='word_1_761' title='bbox 427 5647 714 5718; x_wconf 77' lang='grc' dir='ltr'><strong>πειράζειν</strong></span> <span class='ocrx_word' id='word_1_762' title='bbox 775 5648 1036 5718; x_wconf 74' lang='grc' dir='ltr'><strong>προσθεὶς</strong></span> <span class='ocrx_word' id='word_1_763' title='bbox 1092 5645 1512 5716; x_wconf 68' lang='grc' dir='ltr'><strong>ἐπευλογηθεὶς,</strong></span> <span class='ocrx_word' id='word_1_764' title='bbox 1547 5648 1716 5716; x_wconf 73' lang='grc' dir='ltr'><strong>ἀπῄει</strong></span> <span class='ocrx_word' id='word_1_765' title='bbox 1768 5645 1890 5714; x_wconf 85' lang='grc' dir='ltr'><strong>χαί-</strong></span> 
     </span>
    </p>
   </div>
   <div class='ocr_carea' id='block_1_104' title="bbox 314 5735 1890 5813">
    <p class='ocr_par' dir='ltr' id='par_1_104' title="bbox 314 5735 1890 5813">
     <span class='ocr_line' id='line_1_104' title="bbox 314 5735 1890 5813; baseline -0.002 -21"><span class='ocrx_word' id='word_1_766' title='bbox 314 5759 444 5813; x_wconf 89' lang='grc' dir='ltr'><strong>ρων,</strong></span> <span class='ocrx_word' id='word_1_767' title='bbox 474 5741 569 5794; x_wconf 70' lang='grc' dir='ltr'><strong>καὶ</strong></span> <span class='ocrx_word' id='word_1_768' title='bbox 614 5738 1175 5809; x_wconf 80' lang='grc' dir='ltr'><strong>παρακελευσάμενος</strong></span> <span class='ocrx_word' id='word_1_769' title='bbox 1227 5738 1306 5808; x_wconf 82' lang='grc' dir='ltr'><strong>τῷ</strong></span> <span class='ocrx_word' id='word_1_770' title='bbox 1354 5736 1751 5806; x_wconf 75' lang='grc' dir='ltr'><strong>στρατεύματι,</strong></span> <span class='ocrx_word' id='word_1_771' title='bbox 1815 5735 1890 5805; x_wconf 83' lang='grc' dir='ltr'><strong>μὴ</strong></span> 
     </span>
    </p>
   </div>
   <div class='ocr_carea' id='block_1_105' title="bbox 309 5827 1891 5904">
    <p class='ocr_par' dir='ltr' id='par_1_105' title="bbox 309 5827 1891 5904">
     <span class='ocr_line' id='line_1_105' title="bbox 309 5827 1891 5904; baseline -0.005 -18"><span class='ocrx_word' id='word_1_772' title='bbox 309 5833 479 5886; x_wconf 73' lang='grc' dir='ltr'><strong>⁴πλέον</strong></span> <span class='ocrx_word' id='word_1_773' title='bbox 529 5833 564 5903; x_wconf 80' lang='grc' dir='ltr'><strong>ἦ</strong></span> <span class='ocrx_word' id='word_1_774' title='bbox 622 5833 845 5904; x_wconf 79' lang='grc' dir='ltr'><strong>ἡμερῶν</strong></span> <span class='ocrx_word' id='word_1_775' title='bbox 897 5832 1073 5885; x_wconf 77' lang='grc' dir='ltr'><strong>εἴκοσι</strong></span> <span class='ocrx_word' id='word_1_776' title='bbox 1120 5833 1330 5903; x_wconf 69' lang='grc' dir='ltr'><strong>τροφάς</strong></span> <span class='ocrx_word' id='word_1_777' title='bbox 1383 5827 1748 5899; x_wconf 73' lang='grc' dir='ltr'><strong>ἐπιφέρεσθαι</strong></span> <span class='ocrx_word' id='word_1_778' title='bbox 1798 5829 1891 5878; x_wconf 69' lang='grc' dir='ltr'><strong>τὶν</strong></span> 
     </span>
    </p>
   </div>
   <div class='ocr_carea' id='block_1_106' title="bbox 310 5917 1888 5992">
    <p class='ocr_par' dir='ltr' id='par_1_106' title="bbox 310 5917 1888 5992">
     <span class='ocr_line' id='line_1_106' title="bbox 310 5917 1888 5992; baseline -0.008 -11"><span class='ocrx_word' id='word_1_779' title='bbox 310 5923 478 5981; x_wconf 75' lang='grc' dir='ltr'><strong>πλοῦν</strong></span> <span class='ocrx_word' id='word_1_780' title='bbox 510 5925 768 5978; x_wconf 79' lang='grc' dir='ltr'><strong>ἐποιεῖτο.</strong></span> <span class='ocrx_word' id='word_1_781' title='bbox 807 5923 941 5976; x_wconf 77' lang='grc' dir='ltr'><strong>Οὐδέ</strong></span> <span class='ocrx_word' id='word_1_782' title='bbox 976 5925 1003 5976; x_wconf 84' lang='grc' dir='ltr'>ὁ</span> <span class='ocrx_word' id='word_1_783' title='bbox 1047 5921 1151 5976; x_wconf 82' lang='grc' dir='ltr'><strong>τῶν</strong></span> <span class='ocrx_word' id='word_1_784' title='bbox 1191 5919 1510 5992; x_wconf 81' lang='grc' dir='ltr'><strong>Ὀμηριτῶν</strong></span> <span class='ocrx_word' id='word_1_785' title='bbox 1562 5917 1756 5990; x_wconf 77' lang='grc' dir='ltr'><strong>ἡμέλει</strong></span> <span class='ocrx_word' id='word_1_786' title='bbox 1792 5917 1888 5989; x_wconf 82' lang='grc' dir='ltr'><strong>βα-</strong></span> 
     </span>
    </p>
   </div>
   <div class='ocr_carea' id='block_1_107' title="bbox 1980 4899 3562 4973">
    <p class='ocr_par' dir='ltr' id='par_1_107' title="bbox 1980 4899 3562 4973">
     <span class='ocr_line' id='line_1_107' title="bbox 1980 4899 3562 4973; baseline 0.001 -17"><span class='ocrx_word' id='word_1_787' title='bbox 1980 4911 2120 4957; x_wconf 90' lang='lat' dir='ltr'><strong>tura.</strong></span> <span class='ocrx_word' id='word_1_788' title='bbox 2159 4901 2252 4956; x_wconf 90' lang='lat' dir='ltr'><strong>Ille</strong></span> <span class='ocrx_word' id='word_1_789' title='bbox 2280 4909 2487 4966; x_wconf 91' lang='lat' dir='ltr'><strong>autem,</strong></span> <span class='ocrx_word' id='word_1_790' title='bbox 2541 4899 2667 4955; x_wconf 90' lang='lat' dir='ltr'><strong>dolo</strong></span> <span class='ocrx_word' id='word_1_791' title='bbox 2715 4900 3096 4971; x_wconf 82' lang='lat' dir='ltr'><strong>deprehenso,</strong></span> <span class='ocrx_word' id='word_1_792' title='bbox 3151 4917 3274 4958; x_wconf 92' lang='lat' dir='ltr'><strong>cum</strong></span> <span class='ocrx_word' id='word_1_793' title='bbox 3309 4904 3562 4973; x_wconf 85' lang='lat' dir='ltr'><strong>quisnam</strong></span> 
     </span>
    </p>
   </div>
   <div class='ocr_carea' id='block_1_108' title="bbox 1933 4989 3564 5072">
    <p class='ocr_par' dir='ltr' id='par_1_108' title="bbox 1933 4989 3564 5072">
     <span class='ocr_line' id='line_1_108' title="bbox 1933 4989 3564 5072; baseline 0.002 -27"><span class='ocrx_word' id='word_1_794' title='bbox 1933 5056 1948 5072; x_wconf 47' lang='lat'><strong><em>&#39;</em></strong></span> <span class='ocrx_word' id='word_1_795' title='bbox 1977 5001 2149 5054; x_wconf 84' lang='lat' dir='ltr'><strong>esset,</strong></span> <span class='ocrx_word' id='word_1_796' title='bbox 2179 4991 2385 5060; x_wconf 83' lang='lat' dir='ltr'><strong>optime</strong></span> <span class='ocrx_word' id='word_1_797' title='bbox 2414 4998 2604 5045; x_wconf 90' lang='lat' dir='ltr'><strong>nosset</strong></span> <span class='ocrx_word' id='word_1_798' title='bbox 2631 5006 2648 5044; x_wconf 86' lang='lat'><strong>:</strong></span> <span class='ocrx_word' id='word_1_799' title='bbox 2683 4989 2770 5044; x_wconf 88' lang='lat' dir='ltr'><strong>Sit</strong></span> <span class='ocrx_word' id='word_1_800' title='bbox 2797 5004 2998 5056; x_wconf 89' lang='lat' dir='ltr'><strong>tecum,</strong></span> <span class='ocrx_word' id='word_1_801' title='bbox 3027 4992 3238 5061; x_wconf 87' lang='lat' dir='ltr'><strong>inquit,</strong></span> <span class='ocrx_word' id='word_1_802' title='bbox 3271 4991 3435 5069; x_wconf 85' lang='lat' dir='ltr'><strong>Deus,</strong></span> <span class='ocrx_word' id='word_1_803' title='bbox 3471 4995 3564 5063; x_wconf 89' lang='lat' dir='ltr'><strong>qui</strong></span> 
     </span>
    </p>
   </div>
   <div class='ocr_carea' id='block_1_109' title="bbox 1980 5082 3567 5154">
    <p class='ocr_par' dir='ltr' id='par_1_109' title="bbox 1980 5082 3567 5154">
     <span class='ocr_line' id='line_1_109' title="bbox 1980 5082 3567 5154; baseline 0.003 -17"><span class='ocrx_word' id='word_1_804' title='bbox 1980 5083 2145 5137; x_wconf 89' lang='lat' dir='ltr'><strong>etiam</strong></span> <span class='ocrx_word' id='word_1_805' title='bbox 2167 5092 2344 5139; x_wconf 83' lang='lat' dir='ltr'><strong>tecum</strong></span> <span class='ocrx_word' id='word_1_806' title='bbox 2377 5093 2589 5154; x_wconf 87' lang='lat' dir='ltr'><strong>regnat.</strong></span> <span class='ocrx_word' id='word_1_807' title='bbox 2625 5082 2979 5139; x_wconf 78' lang='lat' dir='ltr'><strong>Vcrumenim</strong></span> <span class='ocrx_word' id='word_1_808' title='bbox 3017 5101 3152 5140; x_wconf 83' lang='lat' dir='ltr'><strong>vero</strong></span> <span class='ocrx_word' id='word_1_809' title='bbox 3183 5087 3292 5150; x_wconf 89' lang='lat' dir='ltr'><strong>abi,</strong></span> <span class='ocrx_word' id='word_1_810' title='bbox 3322 5087 3567 5141; x_wconf 87' lang='lat' dir='ltr'><strong>munitus</strong></span> 
     </span>
    </p>
   </div>
   <div class='ocr_carea' id='block_1_110' title="bbox 1981 5175 3567 5247">
    <p class='ocr_par' dir='ltr' id='par_1_110' title="bbox 1981 5175 3567 5247">
     <span class='ocr_line' id='line_1_110' title="bbox 1981 5175 3567 5247; baseline -0.001 -17"><span class='ocrx_word' id='word_1_811' title='bbox 1981 5185 2284 5247; x_wconf 87' lang='lat' dir='ltr'><strong>martyrum</strong></span> <span class='ocrx_word' id='word_1_812' title='bbox 2331 5176 2622 5240; x_wconf 78' lang='lat' dir='ltr'><strong>sacrificio,</strong></span> <span class='ocrx_word' id='word_1_813' title='bbox 2667 5177 2814 5245; x_wconf 89' lang='lat' dir='ltr'><strong>quod</strong></span> <span class='ocrx_word' id='word_1_814' title='bbox 2866 5175 3008 5231; x_wconf 88' lang='lat' dir='ltr'><strong>Deus</strong></span> <span class='ocrx_word' id='word_1_815' title='bbox 3060 5184 3145 5232; x_wconf 92' lang='lat' dir='ltr'><strong>est</strong></span> <span class='ocrx_word' id='word_1_816' title='bbox 3187 5177 3466 5240; x_wconf 87' lang='lat' dir='ltr'><strong>odoratus,</strong></span> <span class='ocrx_word' id='word_1_817' title='bbox 3514 5191 3567 5230; x_wconf 89' lang='lat' dir='ltr'><strong>et</strong></span> 
     </span>
    </p>
   </div>
   <div class='ocr_carea' id='block_1_111' title="bbox 1985 5263 3560 5337">
    <p class='ocr_par' dir='ltr' id='par_1_111' title="bbox 1985 5263 3560 5337">
     <span class='ocr_line' id='line_1_111' title="bbox 1985 5263 3560 5337; baseline -0.003 -17"><span class='ocrx_word' id='word_1_818' title='bbox 1985 5268 2245 5337; x_wconf 87' lang='lat' dir='ltr'><strong>precibus</strong></span> <span class='ocrx_word' id='word_1_819' title='bbox 2275 5267 2550 5336; x_wconf 81' lang='lat' dir='ltr'><strong>pontiﬁcis</strong></span> <span class='ocrx_word' id='word_1_820' title='bbox 2579 5266 2940 5332; x_wconf 61' lang='lat' dir='ltr'><strong>Alexandriae,</strong></span> <span class='ocrx_word' id='word_1_821' title='bbox 2975 5274 3031 5320; x_wconf 90' lang='lat' dir='ltr'><strong>et</strong></span> <span class='ocrx_word' id='word_1_822' title='bbox 3064 5265 3317 5336; x_wconf 88' lang='lat' dir='ltr'><strong>lacrymis</strong></span> <span class='ocrx_word' id='word_1_823' title='bbox 3342 5263 3560 5320; x_wconf 80' lang='lat' dir='ltr'><strong>Justini.</strong></span> 
     </span>
    </p>
   </div>
   <div class='ocr_carea' id='block_1_112' title="bbox 2061 5550 3565 5610">
    <p class='ocr_par' dir='ltr' id='par_1_112' title="bbox 2061 5550 3565 5610">
     <span class='ocr_line' id='line_1_112' title="bbox 2061 5550 3565 5610; baseline -0.003 -2"><span class='ocrx_word' id='word_1_824' title='bbox 2061 5552 2254 5608; x_wconf 73' lang='lat' dir='ltr'><strong>XXIX.</strong></span> <span class='ocrx_word' id='word_1_825' title='bbox 2313 5554 2438 5608; x_wconf 72' lang='lat' dir='ltr'><strong>Ilaec</strong></span> <span class='ocrx_word' id='word_1_826' title='bbox 2493 5568 2615 5606; x_wconf 90' lang='lat' dir='ltr'><strong>cum</strong></span> <span class='ocrx_word' id='word_1_827' title='bbox 2665 5552 2930 5606; x_wconf 89' lang='lat' dir='ltr'><strong>audiisset</strong></span> <span class='ocrx_word' id='word_1_828' title='bbox 2981 5550 3277 5610; x_wconf 82' lang='lat' dir='ltr'><strong>Elesbaan,</strong></span> <span class='ocrx_word' id='word_1_829' title='bbox 3346 5557 3400 5602; x_wconf 90' lang='lat' dir='ltr'><strong>et</strong></span> <span class='ocrx_word' id='word_1_830' title='bbox 3440 5562 3565 5603; x_wconf 86' lang='lat' dir='ltr'><strong>eum</strong></span> 
     </span>
    </p>
   </div>
   <div class='ocr_carea' id='block_1_113' title="bbox 1989 5638 3569 5714">
    <p class='ocr_par' dir='ltr' id='par_1_113' title="bbox 1989 5638 3569 5714">
     <span class='ocr_line' id='line_1_113' title="bbox 1989 5638 3569 5714; baseline -0.004 -13"><span class='ocrx_word' id='word_1_831' title='bbox 1989 5661 2097 5701; x_wconf 90' lang='lat' dir='ltr'><strong>non</strong></span> <span class='ocrx_word' id='word_1_832' title='bbox 2142 5654 2407 5700; x_wconf 87' lang='lat' dir='ltr'><strong>tentasset</strong></span> <span class='ocrx_word' id='word_1_833' title='bbox 2437 5645 2695 5714; x_wconf 87' lang='lat' dir='ltr'><strong>amplius,</strong></span> <span class='ocrx_word' id='word_1_834' title='bbox 2731 5642 3111 5697; x_wconf 78' lang='lat' dir='ltr'><strong>benedictione</strong></span> <span class='ocrx_word' id='word_1_835' title='bbox 3147 5648 3391 5709; x_wconf 82' lang='lat' dir='ltr'><strong>accepta,</strong></span> <span class='ocrx_word' id='word_1_836' title='bbox 3435 5638 3569 5694; x_wconf 76' lang='lat' dir='ltr'><strong>abiit</strong></span> 
     </span>
    </p>
   </div>
   <div class='ocr_carea' id='block_1_114' title="bbox 1987 5731 3567 5808">
    <p class='ocr_par' dir='ltr' id='par_1_114' title="bbox 1987 5731 3567 5808">
     <span class='ocr_line' id='line_1_114' title="bbox 1987 5731 3567 5808; baseline -0.008 -14"><span class='ocrx_word' id='word_1_837' title='bbox 1987 5740 2163 5794; x_wconf 69' lang='lat' dir='ltr'><strong>laetus.</strong></span> <span class='ocrx_word' id='word_1_838' title='bbox 2197 5739 2264 5793; x_wconf 80' lang='lat' dir='ltr'><strong>Et</strong></span> <span class='ocrx_word' id='word_1_839' title='bbox 2293 5752 2418 5792; x_wconf 90' lang='lat' dir='ltr'><strong>cum</strong></span> <span class='ocrx_word' id='word_1_840' title='bbox 2446 5737 2701 5808; x_wconf 71' lang='lat' dir='ltr'><strong>iussisset</strong></span> <span class='ocrx_word' id='word_1_841' title='bbox 2732 5735 3030 5798; x_wconf 80' lang='lat' dir='ltr'><strong>exercitui,</strong></span> <span class='ocrx_word' id='word_1_842' title='bbox 3063 5749 3130 5788; x_wconf 91' lang='lat' dir='ltr'><strong>ne</strong></span> <span class='ocrx_word' id='word_1_843' title='bbox 3165 5737 3370 5787; x_wconf 79' lang='lat' dir='ltr'><strong>ferrent</strong></span> <span class='ocrx_word' id='word_1_844' title='bbox 3406 5731 3567 5786; x_wconf 84' lang='lat' dir='ltr'><strong>viati-</strong></span> 
     </span>
    </p>
   </div>
   <div class='ocr_carea' id='block_1_115' title="bbox 1990 5820 3567 5898">
    <p class='ocr_par' dir='ltr' id='par_1_115' title="bbox 1990 5820 3567 5898">
     <span class='ocr_line' id='line_1_115' title="bbox 1990 5820 3567 5898; baseline -0.006 -15"><span class='ocrx_word' id='word_1_845' title='bbox 1990 5846 2114 5884; x_wconf 90' lang='lat' dir='ltr'><strong>cum</strong></span> <span class='ocrx_word' id='word_1_846' title='bbox 2163 5830 2286 5898; x_wconf 83' lang='lat' dir='ltr'><strong>plus</strong></span> <span class='ocrx_word' id='word_1_847' title='bbox 2341 5843 2502 5894; x_wconf 80' lang='lat' dir='ltr'><strong>quam</strong></span> <span class='ocrx_word' id='word_1_848' title='bbox 2553 5828 2743 5897; x_wconf 81' lang='lat' dir='ltr'><strong>viginti</strong></span> <span class='ocrx_word' id='word_1_849' title='bbox 2805 5829 3060 5891; x_wconf 86' lang='lat' dir='ltr'><strong>dierum,</strong></span> <span class='ocrx_word' id='word_1_850' title='bbox 3110 5823 3397 5895; x_wconf 72' lang='lat' dir='ltr'><strong>navigavit.</strong></span> <span class='ocrx_word' id='word_1_851' title='bbox 3459 5820 3567 5878; x_wconf 53' lang='lat' dir='ltr'><strong>Sud</strong></span> 
     </span>
    </p>
   </div>
   <div class='ocr_carea' id='block_1_116' title="bbox 1997 5913 3569 5990">
    <p class='ocr_par' dir='ltr' id='par_1_116' title="bbox 1997 5913 3569 5990">
     <span class='ocr_line' id='line_1_116' title="bbox 1997 5913 3569 5990; baseline -0.003 -16"><span class='ocrx_word' id='word_1_852' title='bbox 1997 5936 2170 5990; x_wconf 65' lang='lat' dir='ltr'><strong>neque</strong></span> <span class='ocrx_word' id='word_1_853' title='bbox 2209 5917 2488 5989; x_wconf 66' lang='lat' dir='ltr'><strong>neglig-ens</strong></span> <span class='ocrx_word' id='word_1_854' title='bbox 2530 5915 2631 5970; x_wconf 71' lang='lat' dir='ltr'><strong>fuit</strong></span> <span class='ocrx_word' id='word_1_855' title='bbox 2667 5933 2761 5972; x_wconf 80' lang='lat' dir='ltr'><strong>rex</strong></span> <span class='ocrx_word' id='word_1_856' title='bbox 2809 5919 3246 5987; x_wconf 77' lang='lat' dir='ltr'><strong>llomeritarum;</strong></span> <span class='ocrx_word' id='word_1_857' title='bbox 3295 5930 3416 5968; x_wconf 78' lang='lat' dir='ltr'><strong>nam</strong></span> <span class='ocrx_word' id='word_1_858' title='bbox 3453 5913 3569 5980; x_wconf 59' lang='lat' dir='ltr'><strong>ipsi:</strong></span> 
     </span>
    </p>
   </div>
  </div>
