4132 6490
592 480 735 551 1283

1888 470 2170 533 MENSIS
2202 468 2566 533 OCTOBER.

590 608 836 669 quoque,
886 601 942 649 et
987 594 1106 651 suis
1160 600 1217 648 et
1266 588 1627 648 auxiliaribus
1675 588 1922 645 collectis
1974 588 2184 659 copiis,

2300 589 2500 653 σιλεῦς,
2535 585 2668 641 am
2696 587 2792 641 καὶ
2842 584 3007 653 αύτδς
3037 585 3160 639 ὅσον
3189 582 3390 637 οἰκεῖον
3443 581 3539 637 καὶ
3573 581 3712 637 ὅσον
3745 598 3879 654 συμ-

593 683 910 758 ρείεείιίίυηι
958 683 1182 739 tenebat
1230 681 1287 736 in
1339 690 1483 737 terra
1533 687 1592 736 et
1649 679 1708 734 in
1758 678 1917 734 mari.
1974 676 2178 734 Verum

591 790 718 833 cum
750 774 840 827 ille
864 773 1193 838 exercituum,
1219 770 1313 841 qui
1346 779 1467 827 erat
1495 769 1553 826 in
1589 777 1757 833 terra,
1785 768 1856 823 ab
1885 766 2182 823 alliictione

594 874 647 917 et
697 864 966 919 malorum
1020 864 1375 934 perpessione
1409 860 1582 916 audiit
1626 860 1887 930 periisse,
1919 874 2027 913 non
2065 872 2183 912 am-

596 956 740 1027 plius
776 955 974 1008 timens
1009 953 1224 1009 hostem
1277 967 1308 1004 a
1354 949 1701 1013 continenti,
1758 949 1814 1004 in
1854 948 1973 1003 sola
2013 947 2183 1001 muris

595 1046 918 1102 versabatur
961 1044 1237 1100 custodia.
1286 1042 1474 1111 Itaque
1513 1042 1875 1097 considerans
1910 1040 2184 1110 angustis.

596 1138 796 1195 simum
843 1152 969 1192 esse
1016 1135 1240 1202 l'retuui,
1294 1136 1439 1204 quod
1492 1141 1579 1188 est
1626 1134 1769 1188 inter
1797 1132 2084 1200 Ethiopes
2129 1139 2186 1185 et

599 1228 950 1294 llomeritas,
1010 1242 1190 1295 neque
1238 1239 1503 1295 superare
1557 1223 1902 1278 latitudinem
1950 1222 2184 1276 duorum

600 1320 927 1386 stadiorum,
961 1328 1017 1372 et
1048 1317 1288 1386 alioquin
1319 1316 1521 1371 habere
1545 1315 1705 1368 etiam
1731 1328 1883 1378 saxa,
1915 1312 2101 1369 multis
2127 1313 2187 1368 in

599 1409 735 1466 locis
772 1410 1033 1476 latentia,
1071 1424 1196 1465 cum
1224 1423 1448 1479 gravem
1502 1407 1736 1462 ferream
1787 1404 2188 1460 construxisset

601 1512 881 1567 catenam,
909 1510 966 1557 et
990 1516 1113 1572 quae
1141 1509 1328 1573 posset
1362 1500 1504 1554 ferre
1531 1500 1641 1553 vim
1672 1506 1961 1552 ventorum
1987 1504 2044 1551 et
2083 1510 2189 1550 un-

600 1592 818 1659 darum,
867 1601 922 1646 et
973 1606 1094 1647 eam
1146 1590 1409 1662 utrinque
1455 1591 1514 1646 in
1564 1601 1707 1646 terra
1754 1589 2028 1662 alligasset
2072 1590 2189 1659 ipse

601 1683 825 1738 Dunaan
848 1722 864 1750 ,
901 1692 959 1737 ut
990 1682 1371 1749 existimabat,
1411 1681 1677 1737 Elesbaan
1714 1682 2041 1752 prohibebat
2069 1682 2187 1736 adi-

605 1785 739 1839 tum,
769 1776 862 1831 ubi
910 1776 1131 1847 quidem
1179 1784 1340 1831 erant
1388 1776 1623 1831 latentes
1674 1785 1865 1845 petrae,
1906 1774 2188 1845 plumbum

603 1867 821 1924 circulis
850 1878 1057 1925 catenae
1099 1870 1440 1940 appendens,
1489 1875 1547 1925 et
1593 1867 1800 1922 ferrum
1851 1867 2059 1923 faciens
2103 1883 2190 1921 re-

2292 679 2529 751 μαχικδν
2557 676 2976 747 συλλεξάμενος,
3012 676 3109 729 καὶ
3156 673 3303 730 κατά
3330 672 3437 742 γῆν
3468 670 3645 743 ἰφρού
3656 688 3745 741 ρει
3787 674 3881 727 καὶ

2288 771 2432 825 κατὰ
2461 769 2761 825 θάλασσαν.
2824 767 2983 822 Ἐπεὶ
3031 766 3091 820 δὶ
3143 766 3244 837 τὴν
3278 766 3423 820 κατά
3471 766 3577 833 γῆν
3610 763 3881 835 στρατιάν

2286 863 2384 918 τοῦ
2431 862 2725 917 Ἐλεσθαὰν
2780 861 3110 930 διεφθάρθαι
3162 858 3270 912 ὑπὸ
3320 858 3712 920 κακοπαθείας
3745 856 3877 910 ἐπύ-

2268 951 2439 1029 ⁸θετο,
2476 951 2680 1021 μηκέτι
2711 950 2977 1019 πολέμιον
3004 951 3071 1002 ὲκ
3099 948 3198 1017 τῆς
3240 946 3471 1018 ἠπείρου
3500 945 3719 1013 δεδιὼς,
3755 946 3881 1017 περὶ

2294 1040 2465 1112 μόνην
2494 1043 2596 1110 τὴν
2625 1041 2729 1110 τῆς
2777 1038 3057 1109 θαλάσσης
3081 1036 3321 1128 ιέγίνετο
3372 1037 3656 1107 φυλακὴν,
3693 1041 3791 1091 καὶ
3818 1036 3879 1109 δὴ

2291 1134 2582 1203 σκοπήσας
2634 1133 2718 1185 ὅτι
2767 1127 3111 1191 στενώτατος
3151 1130 3180 1183 6
3210 1127 3420 1203 μεταξὺ
3451 1127 3554 1198 τῆς
3592 1127 3878 1182 Αἰθιόπων

2242 1293 2261 1309 ⁸
2291 1226 2386 1281 καὶ
2433 1225 2535 1295 τῆς
2602 1223 2920 1294 Ὀμηριτῶν
2973 1222 3253 1292 θαλάσσης
3303 1220 3576 1292 πορθμὸς,
3645 1221 3746 1274 καὶ
3802 1222 3875 1291 μὴ

2291 1315 2457 1369 πλέον
2510 1313 2606 1368 δύο
2637 1314 2871 1367 σταδίων
2896 1311 2957 1366 τδ
2987 1330 3170 1382 ευρος,
3204 1312 3383 1374 ἄλλως
3414 1328 3476 1364 τε
3507 1313 3609 1365 καὶ
3641 1310 3879 1379 ὑφάλους

2292 1405 2568 1477 πολλαχοῦ
2607 1405 2815 1476 πέτρας
2845 1403 3010 1474 ἔχων,
3066 1404 3297 1475 βαρεῖαν
3346 1405 3412 1458 ὲκ
3448 1403 3680 1474 σιδήρου
3710 1419 3877 1459 κατα-

2294 1499 2709 1568 σκευασάμενος
2741 1497 2957 1563 ἆλυσιν,
2994 1497 3088 1549 καὶ
3115 1497 3237 1547 οἵαν
3268 1494 3607 1564 πνευμάτων
3639 1494 3767 1564 βίας
3793 1494 3879 1548 καὶ

2294 1591 2559 1661 κυμάτων
2605 1589 2769 1657 ὕϐριν
2816 1589 3160 1657 ὑπενεγκεῖν,
3202 1588 3299 1641 καὶ
3349 1585 3559 1656 ταύτην
3612 1587 3876 1656 ἑκατέραν

2299 1683 2477 1753 άκτῆς
2506 1684 2771 1753 ίκδήσας,
2804 1681 2904 1753 τὴν
2943 1679 3158 1749 ἔφοδον,
3189 1678 3265 1742 ὡς
3299 1676 3437 1749 ᾤετο
3461 1678 3542 1749 τῷ
3576 1677 3876 1731 Ἔλεσδαὰν

2295 1776 2668 1847 ἀπετείχιζεν,
2720 1775 2853 1829 ἔνθα
2915 1773 3018 1844 μὲν
3075 1772 3274 1843 ὓφαλοι
3330 1772 3556 1841 πέτραι,
3614 1771 3875 1840 μόλυϐδον

2296 1873 2411 1934 τοῖς
2460 1869 2673 1939 κρίνοις
2721 1864 2929 1937 ξγχέων
2960 1866 3053 1920 καὶ
3090 1862 3448 1918 διαναπαύων
3498 1864 3594 1915 τὸν
3626 1862 3867 1932 σίδηρον,

601 1955 911 2025 quiesc‘ere,
961 1957 1053 2012 ubi
1099 1968 1283 2011 autem
1340 1965 1460 2011 erat
1509 1956 1841 2028 profundum
1873 1997 1889 2024 ,
1932 1957 2196 2027 conligatis

2300 1964 2427 2017 ἔνθα
2453 1962 2508 2015 δὲ
2538 1953 2699 2032 βάθος
2725 1956 2814 2032 ἦν,
2842 1962 2958 2024 τοῖς
2980 1958 3375 2028 ἐλαφροτάτοις
3400 1958 3511 2011 τῶν
3545 1956 3728 2024 ξύλων
3756 1973 3874 2010 συν-

602 2061 729 2105 cum
760 2047 926 2121 lignis
945 2047 1258 2114 levissimis,
1288 2058 1343 2104 et
1365 2048 1660 2105 sublevans
1681 2055 1955 2103 catenam.
1984 2048 2192 2105 Deinde

601 2137 770 2192 etiam
806 2139 1048 2194 validum
1097 2140 1367 2195 inducens
1413 2141 1740 2206 exercitum,
1767 2139 1918 2193 venit
1961 2141 2018 2195 in
2067 2154 2193 2195 eum

605 2229 808 2294 locum,
850 2229 909 2285 in
955 2246 1117 2302 quem
1167 2233 1596 2302 exspectabatur
1632 2240 1901 2287 venturus
1948 2247 2069 2289 esse
2100 2247 2195 2286 rex

604 2317 954 2393 EthiOpum.

678 2411 848 2466 XXX.
893 2411 987 2467 ille
1018 2422 1204 2467 autem
1236 2427 1363 2469 cum
1390 2426 1555 2468 vento
1592 2429 1726 2470 usus
1749 2426 1898 2470 esset
1927 2414 2197 2481 secundo,

604 2504 839 2559 accessit
872 2503 940 2559 ad
977 2505 1159 2559 locum
1193 2505 1611 2574 speculandum,
1636 2514 1692 2561 et
1719 2507 1986 2579 praemisit
2007 2505 2198 2560 decem

607 2610 820 2650 naves:
850 2610 993 2665 quae,
1019 2611 1144 2650 cum
1198 2597 1386 2651 dolutn
1437 2600 1756 2663 nescirent,
1793 2612 1863 2652 ex
1905 2596 2200 2666 improviso

607 2682 869 2754 ingressae
925 2693 1054 2737 sunt
1103 2684 1160 2738 in
1215 2684 1664 2754 angustissimum
1713 2687 1940 2740 fretum.
1992 2686 2114 2751 Quo
2145 2687 2198 2739 in

607 2774 729 2829 loco
762 2776 929 2831 etiam
962 2775 1107 2829 Deus
1135 2775 1267 2830 facit
1293 2777 1557 2832 miracula
1581 2816 1596 2844 ,
1628 2792 1810 2848 parite
1854 2792 1976 2833 esse
2011 2786 2200 2831 osten-

606 2865 743 2921 dens
774 2867 1034 2936 potentiae
1075 2867 1370 2923 humanam
1402 2870 1801 2935 inventionem,
1834 2869 1923 2925 ubi
1959 2869 2076 2939 ipse
2105 2870 2202 2923 ad-

602 2954 799 3025 juvare
835 2966 892 3009 et
921 2971 1081 3028 opem
1118 2957 1263 3012 ferre
1316 2960 1570 3015 voluerit.
1618 2959 1843 3029 Magnus
1882 2959 2031 3014 enim
2068 2960 2200 3027 qui-

607 3045 733 3102 dam
808 3046 1009 3102 l'luctus
1071 3048 1433 3116 incurvatus,
1505 3065 1632 3106 cum
1687 3052 1855 3106 veluti
1935 3051 2201 3105 reﬂuxum

607 3138 898 3208 quemdam
933 3140 1153 3194 fecisset
1182 3157 1354 3210 aquae,
1395 3154 1622 3212 portans
1653 3158 1822 3197 unum
1857 3159 1921 3197 ex
1950 3143 2199 3211 navigiis,

610 3231 796 3300 posuit
837 3248 1001 3305 super
1056 3242 1333 3299 catenam,
1390 3237 1528 3288 adeo
1598 3246 1658 3289 ut
1707 3236 1988 3290 videretur
2044 3242 2202 3291 navis

2293 2055 2455 2120 δέων,
2490 2053 2587 2106 καὶ
2617 2051 3001 2119 ὐποκουφίζων
3040 2050 3140 2121 τὴν
3182 2050 3396 2115 ἅλυσιν,
3429 2043 3551 2101 εἶτα
3582 2047 3685 2100 καὶ
3713 2047 3876 2117 βαρὺν

2293 2146 2638 2215 ἐπαγόμενον
2663 2145 2914 2215 στρατὸν,
2940 2143 3251 2212 ἀφικνεῖται
3272 2140 3384 2211 ὅπη
3413 2139 3785 2212 προσδόκιμος
3810 2133 3876 2208 ἦν

2293 2239 2321 2293 6
2347 2236 2454 2290 τῶν
2479 2236 2759 2289 Αἰθιόπων
2791 2232 3083 2303 ἀφίξεσθαι
3130 2231 3410 2302 βασιλεύς.

2369 2413 2449 2472 Λ’.
2500 2415 2591 2477 '0;
2624 2414 2683 2469 δὲ
2711 2414 2964 2477 κάκεῖνος
2995 2411 3255 2475 εὐπλοίας
3296 2411 3481 2482 τυχὼν
3516 2411 3868 2483 παρεγένετο,

2299 2510 2392 2562 ἐπὶ
2417 2505 2774 2575 κατασκοπὴν
2805 2505 2901 2560 τοῦ
2948 2506 3144 2570 τόπου,
3174 2507 3311 2560 δέκα
3337 2504 3448 2558 τῶν
3476 2506 3688 2561 πλοίων
3742 2520 3871 2578 προ-

2312 2601 2592 2670 έπεμπεν,
2626 2601 2770 2667 άπερ
2796 2600 2900 2653 ούκ
2932 2598 3112 2653 εἰδότα
3130 2598 3221 2653 τὸν
3250 2598 3423 2664 δόλον,
3469 2598 3648 2670 εἰσῄει
3676 2599 3871 2667 ἀπροο-

2303 2691 2485 2763 ράτως
2518 2694 2601 2755 εἰς
2647 2690 2709 2745 τὸ
2737 2690 2833 2744 τοῦ
2866 2691 3038 2744 τόπου
3070 2688 3431 2755 στενώτατον,
3460 2689 3596 2745 ινθα
3633 2689 3727 2744 καὶ
3749 2689 3869 2742 θαυ-

2304 2786 2609 2855 ματουργεῖ
2635 2800 2689 2837 τι
2730 2783 2886 2848 Θεδς,
2942 2782 3053 2836 οὐδ’
3082 2784 3246 2851 ὀλίγα
3294 2783 3613 2854 δυναμένην
3667 2782 3870 2845 δεικνὺς

2300 2874 2399 2938 τὴν
2439 2873 2794 2944 ἀνθρωπίνην
2814 2872 3084 2936 ἐπίνοιαν,
3116 2872 3251 2924 ὅπου
3288 2872 3683 2942 συναιρόμενος
3713 2870 3867 2933 αὐτὸς

2301 2967 2397 3019 καὶ
2425 2966 2825 3037 συλλαμϐάνων
2852 2966 3195 3037 εὑρίσκεται.
3231 2964 3396 3033 Μέγα
3426 2965 3540 3034 γάρ
3571 2981 3626 3019 τι
3669 2979 3873 3033 κυρτω-

2304 3059 2395 3115 θεν
2446 3058 2621 3130 κῦμα.
2645 3060 2741 3113 καὶ
2772 3058 2965 3130 ὥσπερ
2996 3057 3275 3129 άνάῤῥουν
3309 3057 3543 3127 ποιῆσαν
3578 3056 3660 3126 τῷ
3701 3055 3868 3121 ὕδατι,

2304 3150 2362 3205 ἓν
2394 3150 2505 3205 τῶν
2539 3150 2748 3205 πλοίων
2782 3149 3194 3211 ύποδαστάσαν,
3243 3148 3501 3217 ὑπεράνω
3530 3148 3745 3201 τέθεικε
3778 3144 3869 3213 τῆς

2246 3307 2266 3326 Ἰ
2308 3244 2576 3309 ἁλύσεως,
2607 3241 2682 3305 ὼς
2713 3240 2812 3296 καὶ
2854 3242 3036 3294 δοκεῖν
3070 3240 3162 3294 ὲπί
3196 3255 3343 3302 τινος
3380 3240 3592 3306 πέτρας
3639 3239 3764 3300 τοὺς
3814 3237 3868 3288 ἐν

606 3336 729 3377 esse
773 3322 991 3377 cuidam
1027 3326 1147 3394 rupi
1186 3325 1395 3379 innixa.
1454 3325 1670 3381 Deinde
1716 3338 1908 3382 exorta
1953 3328 2197 3397 quaedam

2302 3336 2380 3404 τῷ
2409 3337 2584 3405 πλοίῳ
2613 3334 3105 3406 προσερεισθῆναι.
3141 3328 3276 3387 Εἶτα
3307 3331 3507 3385 θύελλά
3529 3348 3614 3394 τις
3645 3329 3871 3401 προσδα-

607 3412 844 3482 procella
891 3429 1015 3468 cum
1064 3429 1212 3469 mare
1253 3427 1479 3486 repente
1531 3422 1937 3486 conturbasset,
1989 3421 2203 3474 estoliit

609 3503 807 3558 Ductus
837 3502 1117 3560 montibus
1148 3521 1311 3576 pares
1359 3510 1744 3579 magnitudine
1778 3528 1793 3564 :
1829 3521 1883 3564 ct
1932 3514 2201 3564 undarum

610 3594 731 3649 aliae
759 3596 982 3664 quidem
1011 3600 1343 3654 amovcbant
1379 3602 1524 3673 ligna
1555 3611 1761 3657 catena)
1788 3602 2006 3673 alligata
2025 3641 2041 3668 ,
2083 3605 2205 3656 aiis:

610 3693 793 3738 autem
848 3687 1106 3743 tollentes
1178 3705 1349 3744 naves
1407 3694 1460 3745 in
1513 3695 1726 3759 altum,
1775 3698 2203 3749 transmiserunt

611 3790 805 3833 omnes
842 3795 1005 3852 supra
1036 3788 1307 3836 catenam.
1346 3783 1440 3839 illa
1474 3794 1659 3839 autem
1698 3794 1754 3840 et
1776 3801 1807 3839 a
1843 3786 1993 3841 venti
2036 3788 2206 3841 vehe-

613 3872 818 3925 mentia
869 3881 925 3926 et
953 3890 984 3926 ει
1032 3872 1329 3941 ﬂuctibus,
1380 3877 1472 3946 qui
1517 3877 1573 3930 in
1611 3892 1730 3931 eam
1781 3878 2156 3947 irrumpebant
2186 3919 2203 3942 ,

614 3961 901 4032 disrupta,
962 3965 1199 4034 praebuit
1256 3967 1472 4023 caeteris
1566 3968 1802 4022 navibus
1872 3968 2204 4024 inoll'ensum

615 4053 824 4107 aditum
867 4055 1129 4113 adversus
1173 4056 1536 4115 Homeritam.
1590 4059 1791 4116 Decem
1847 4061 2015 4133 igitur
2059 4079 2205 4134 prae-

616 4144 775 4200 dictae
824 4147 1157 4217 appulerunt
1228 4150 1438 4217 littori,
1509 4153 1653 4222 quod
1715 4152 1906 4208 aberat
1971 4155 2207 4211 ducenta

616 4239 812 4305 stadia,
851 4240 943 4294 ubi
986 4256 1080 4296 rex
1115 4252 1234 4297 erat
1266 4258 1391 4298 cum
1416 4244 1682 4300 exercitu.
1724 4244 1970 4317 Reliqua:
2019 4256 2202 4302 autem

619 4345 806 4397 naves,
839 4342 1005 4386 vento
1064 4342 1395 4399 retroactze,
1450 4334 1591 4388 nihil
1655 4343 1909 4405 poterunt
1962 4336 2199 4392 ellieere.

615 4420 847 4477 Emissis
910 4423 1097 4492 itaque
1157 4425 1380 4495 triginta
1430 4425 1674 4481 millibus
1724 4427 2204 4496 cataphractorum

617 4513 890 4579 equitum,
926 4513 1153 4568 Dunaan
1191 4516 1527 4588 impediebat
1556 4534 1769 4583 eorum,
1812 4520 1904 4590 qui
1940 4530 2099 4575 erant
2149 4521 2202 4575 in

618 4604 808 4660 decem
842 4607 1111 4674 navibus,
1158 4612 1366 4664 exitum
1400 4610 1457 4664 in
1493 4620 1715 4666 terram.
1770 4610 1970 4684 Viginti
2019 4623 2201 4670 autem

617 4714 685 4752 es
716 4699 980 4770 dispersis
1008 4701 1259 4768 navibus,
1292 4702 1384 4758 ubi
1412 4712 1531 4757 erat
1574 4703 1688 4774 ipse
1718 4703 1984 4759 Elesbaan
2006 4743 2023 4769 ,
2060 4706 2202 4761 haud

618 4794 793 4847 multo
841 4802 968 4864 post
1017 4794 1147 4849 illuc
1197 4797 1328 4867 ipsa:
1381 4796 1547 4852 etiam
1594 4797 1951 4867 appulerunt.
2018 4796 2205 4855 Tertio

617 4874 675 4937 ν(
690 4899 751 4938 ro
780 4885 868 4940 die
900 4886 1125 4961 reliquae
1148 4886 1364 4958 quoque
1409 4901 1737 4959 apparentes
1765 4904 1935 4944 naves
1960 4929 1976 4956 ,
2026 4905 2202 4961 appu-

619 4976 801 5031 lerunt
829 4987 883 5032 et
911 4978 1043 5048 ipsae
1077 4979 1236 5051 longe
1277 4979 1532 5035 inferius.
1571 4980 1838 5050 tlpinatus
1863 4991 2048 5037 autem
2095 4982 2209 5039 Du»

621 5084 765 5125 naan
827 5063 973 5125 inter
1019 5071 1210 5142 plures
1267 5088 1390 5130 esse
1452 5088 1677 5144 regem,
1730 5076 1937 5146 majore
1982 5084 2207 5145 accepto
2254 5063 2266 5075 ’

622 5159 869 5215 exercitu
928 5161 1061 5217 illuc
1110 5163 1279 5230 venit,
1326 5179 1494 5236 parva
1552 5166 1742 5221 relicta
1797 5167 2065 5232 custodia,
2116 5166 2207 5222 ubi

621 5262 741 5308 crat
771 5267 961 5308 revera
1014 5244 1308 5310 Elesbaan.
1335 5255 1475 5311 Cum
1524 5268 1712 5312 autem
1760 5266 2029 5313 tereretur
2068 5267 2208 5313 tem-

625 5359 751 5409 pus,
807 5358 912 5399 nec
942 5361 975 5401 c
1025 5347 1259 5401 navibus
1309 5347 1677 5403 educerentur
1723 5349 1888 5417 acies,
1937 5349 2211 5404 defecerat

624 5435 849 5505 quidem
883 5450 1022 5507 aqua
1054 5446 1112 5492 et
1161 5437 1321 5492 cibus
1350 5439 1440 5504 iis,
1473 5440 1565 5509 qui
1602 5450 1763 5495 erant
1819 5442 1873 5494 in
1927 5443 2158 5496 navibus
2190 5458 2205 5497 :

625 5523 908 5595 equitibus
936 5536 1121 5583 autem
1146 5526 1387 5585 llebrreis
1417 5531 1496 5585 sol
1525 5540 1649 5586 erat
1671 5530 1955 5599 molestus,
1984 5541 2210 5603 totoque

627 5614 717 5671 die
748 5631 843 5669 eos
876 5613 1235 5673 vehementer
1264 5620 1581 5691 impetebat.

698 5724 892 5780 XXXI.
934 5727 1204 5783 Caeterum
1249 5731 1528 5801 equitibus
1565 5734 1683 5789 suis
1733 5733 1962 5791 Dunaan
2012 5752 2204 5807 magna

627 5818 972 5873 machinatus
998 5831 1082 5875 est
1110 5824 1484 5893 tabernacula,
1516 5841 1821 5899 eorumque
1868 5830 2060 5886 umbra
2109 5834 2210 5885 de-

629 5902 765 5970 pulit
792 5916 1004 5977 mtum,
1034 5914 1124 5980 qui
1162 5913 1426 5972 :tll‘erebat
1456 5918 1782 5976 molestiam.
1823 5920 1996 5977 Porro
2022 5931 2205 5977 autem

2304 3428 2494 3492 λούσα,
2526 3426 2625 3497 τὴν
2654 3427 2933 3481 θάλασσαν
2986 3443 3049 3479 τε
3098 3426 3500 3494 διαταράξασα,
3531 3424 3622 3478 ίσα
3658 3425 3751 3476 καὶ
3779 3424 3870 3476 αύ-

2302 3522 2414 3583 τοίς
2438 3520 2623 3589 ὄρεσιν
2651 3518 2913 3588 ἀνήγειρε
2944 3516 3192 3585 κύματα*
3229 3515 3409 3569 καὶτὸ
3437 3515 3535 3584 μὲν
3561 3514 3670 3567 τῶν
3702 3513 3871 3583 κυμά-

2302 3629 2412 3665 των
2460 3612 2529 3664 τὰ
2568 3608 2975 3680 προσδεδὶμὲνα
3010 3606 3353 3676 ύπεκούφιζε
3386 3610 3450 3678 τῇ
3503 3606 3692 3660 ἁλύσει
3725 3605 3866 3671 ξύλα,

2303 3702 2364 3756 τὸ
2393 3701 2452 3753 δὲ
2502 3702 2640 3772 πρὸς
2700 3700 2835 3769 ὕψος
2891 3701 2953 3753 τὸ
3010 3700 3197 3752 πλοῖον
3254 3698 3620 3768 μετεωρίζον,
3675 3696 3867 3753 ἄνωθεν

2305 3795 2484 3848 πάντα
2513 3792 2786 3857 διεόίσαζε
2810 3792 2911 3861 τῆς
2942 3790 3209 3853 ἁλύσεως.
3256 3790 3324 3843 Ἠ
3352 3791 3413 3843 δὲ
3448 3791 3552 3843 ὑπό
3580 3807 3639 3843 τε
3665 3790 3758 3857 τῆς
3783 3786 3867 3840 τοῦ

2307 3883 2542 3955 σφοδροῦ
2594 3883 2908 3953 πνεύματος
2940 3884 3086 3952 βίας,
3118 3883 3226 3935 ύπό
3255 3899 3315 3936 τε
3354 3882 3466 3935 τῶν
3498 3897 3866 3953 προσαρασσοο

2308 3980 2490 4049 μένων
2520 3978 2657 4048 αὐτῇ
2691 3977 2952 4047 κυμάτων
2977 3975 3325 4041 διακοπεῖσα,
3357 3974 3574 4044 ἁδλαὸἧ
3609 3977 3710 4043 τὴν
3746 3974 3866 4045 πρδς

2304 4068 2397 4124 τὸν
2441 4068 2750 4138 Ὀμηρίτην
2803 4065 3011 4122 εἴσοδον
3057 4067 3171 4128 τοῖς
3224 4064 3435 4126 πλοίοις
3492 4060 3867 4134 παρέσχετο,ἃ

2306 4162 2404 4216 καὶ
2468 4160 2744 4230 προσέσχε
2811 4160 2893 4229 τῷ
2950 4156 3211 4227 αἰγιαλῷ,
3259 4157 3573 4220 διακοσίους
3624 4159 3867 4225 ἀπέχοντι

2308 4252 2578 4317 σταδίους,
2609 4248 2671 4306 οὗ
2703 4247 2773 4323 ἦν
2803 4250 2945 4318 μετὰ
2968 4251 3080 4304 τῶν
3100 4251 3527 4322 στρατευμάτων
3558 4252 3586 4302 ὁ
3613 4247 3864 4320 βασιλεύς.

2305 4344 2388 4397 Τά
2412 4344 2469 4398 δὲ
2502 4344 2668 4399 λοιπὰ
2700 4344 2884 4408 πλοῖα,
2910 4342 3019 4396 ὑπὸ
3046 4340 3142 4394 τοῦ
3193 4340 3502 4410 πνεύματος
3531 4341 3708 4394 ὀπίσω
3733 4341 3866 4391 tm-

2306 4437 2530 4507 νόμενα,
2566 4434 2719 4490 ούδὶν
2746 4431 2897 4505 εἶχεν
2937 4435 3148 4490 άνύειν.
3181 4434 3555 4505 Τρισμυρίους
3584 4429 3679 4486 οὖν
3701 4431 3864 4492 ἱππεῖς

2307 4530 2743 4600 καταφράκτους
2803 4529 3100 4599 ἐκπέμψας
3157 4529 3186 4582 6
3242 4527 3513 4590 Δουναὰν,
3554 4528 3737 4595 ἐπεῖχε
3782 4521 3865 4589 τὴν

2308 4623 2419 4678 τῶν
2447 4623 2581 4677 δέκα
2614 4622 2820 4677 πλοίων
2844 4624 2938 4675 ἐπὶ
2960 4621 3062 4692 τὴν
3093 4620 3197 4690 γῆν
3221 4620 3423 4685 ἔξοδον.
3456 4619 3652 4673 Εἴκοσι
3695 4618 3748 4671 δὲ
3771 4616 3866 4668 τῶν

2322 4716 2802 4786 διεσκεδασμένων
2854 4714 3078 4781 πλοίων,
3142 4714 3274 4767 ἔνθα
3299 4708 3371 4783 ἦν
3410 4716 3507 4766 καὶ
3539 4712 3703 4775 αὐτὸς
3741 4710 3865 4762 Ἐλε-

2308 4810 2504 4876 σσαὰν,
2546 4809 2808 4881 ὥρμησεν
2828 4809 2995 4863 αὐτοῦ
3023 4825 3127 4867 που
3151 4808 3244 4862 τοῦ
3268 4807 3536 4877 βασιλέως
3569 4805 3748 4875 ἐγγύς.
3772 4798 3862 4853 Ali

2308 4902 2366 4955 δὲ
2397 4902 2587 4971 τρίτης
2620 4900 2864 4970 φανέντα
2889 4901 2988 4953 καὶ
3024 4900 3095 4957 τά
3127 4900 3313 4963 λοιπὰ,
3344 4896 3564 4967 ὣρμισε
3596 4897 3689 4949 καὶ
3736 4888 3858 4945 αὐτὰ

2309 4994 2490 5066 πολλῷ
2519 4995 2838 5064 κατωτέρω.
2872 4994 2985 5048 Καὶ
3009 4992 3074 5062 δὴ
3099 4991 3330 5061 νομίσας
3357 4992 3386 5043 6
3413 4993 3659 5042 Δουναάν
3687 4990 3738 5039 ἐν
3758 4982 3856 5043 τοῖς

2312 5088 2554 5143 πλείοσιν
2576 5081 2727 5143 εἶναι
2757 5086 2850 5153 τὸν
2883 5084 3140 5155 βασιλέα,
3175 5083 3293 5152 τὴν,
3313 5082 3487 5135 πλείω
3517 5078 3695 5133 λαὸὼν
3723 5088 3865 5144 στρα-

2308 5186 2432 5235 τιαν
2483 5180 2670 5234 ἐκεῖσε
2729 5177 2986 5247 ἀφίκετο,
3033 5177 3136 5246 τὴν
3164 5175 3337 5245 ἄλλην
3389 5168 3494 5228 ὦδε
3544 5164 3859 5227 καταλιπὼν,

2320 5272 2452 5326 ἔνθα
2479 5273 2546 5342 τῇ
2584 5269 2818 5341 ἀληθεία
2844 5265 2914 5340 ἦν
2963 5271 2993 5320 6
3052 5266 3370 5321 Ἐλεοδαάν.
3424 5266 3514 5329 Ὠς
3550 5264 3608 5318 δε
3645 5266 3672 5318 6
3698 5258 3862 5331 χρόνος

2310 5361 2580 5434 ἐτρίϐετο,
2636 5361 2735 5415 καὶ
2783 5362 2889 5415 οὑκ
2918 5357 2990 5433 ἦν
3040 5350 3500 5428 ἀντεπεξαγωγὴ,
3553 5353 3861 5409 ἐπιλελοίπει

2313 5456 2415 5526 μὲν
2448 5454 2511 5509 τδ
2544 5453 2692 5521 ὕδωρ
2724 5455 2821 5508 καὶ
2850 5454 2921 5508 τὰ
2950 5454 3099 5508 σιτία
3127 5453 3256 5516 τοὺς
3283 5456 3342 5506 ιν
3367 5453 3483 5514 τοῖς
3508 5449 3731 5510 πλοίοις·
3760 5439 3864 5496 ίλύα

2311 5565 2406 5603 πει
2431 5548 2488 5602 δι
2514 5552 2609 5602 καὶ
2633 5548 2665 5599 6
2681 5547 2833 5619 ἠλιος
2857 5547 2985 5611 τοὺς
3007 5549 3194 5613 ἰππείς
3223 5546 3291 5601 διὶ
3321 5546 3451 5615 ὅλης
3476 5545 3687 5616 ἡμέρας
3712 5548 3864 5608 προσ·

2314 5641 2529 5695 δάλλων
2561 5640 2701 5694 πολύ
2710 5659 2754 5699 ς.

2382 5732 2512 5791 AA'.
2544 5736 2672 5798 Τοῖς
2704 5735 2806 5805 μὲν
2853 5728 2950 5785 οὖν
3006 5730 3269 5786 ἱππεῦσιν
3302 5730 3410 5795 ιξω
3459 5728 3665 5800 σκηνὰς
3694 5727 3865 5793 διαμη⁶
3944 5804 3952 5813 ,

2315 5830 2703 5900 χανησάμενος
2732 5828 2761 5880 6
2791 5824 3033 5881 Δουναὰν
3066 5823 3331 5894 μεγάλας,
3368 5823 3464 5877 καὶ
3505 5823 3757 5890 τέσσαρσι
3782 5829 3861 5867 κα·

2321 5922 2514 5993 μήλοις
2542 5920 2806 5996 άλλήλαις
2841 5915 3332 5987 συνεζευγμέναις,
3363 5917 3603 5987 εκάστην
3632 5911 3730 5967 τῶν
3751 5921 3863 5973 σκηο
