4132 6460
400 448 540 516 tua

1552 407 2026 507 numnum
2063 441 2128 507 s.
2168 439 2522 505 Αιυιτιιδι.

3526 447 3662 514 I286

402 565 513 623 νῶν
538 561 747 622 ἄνωθεν
784 561 995 629 κοντοῖς
1017 562 1330 636 φερομένην
1358 559 1670 634 προσδήσας
1711 560 1787 626 ὡς
1802 561 1983 616 δοκεῖν

2087 558 2237 645 misit
2270 557 2441 614 etiam
2467 556 2763 628 quemdam
2793 573 2860 615 ex
2893 559 3011 617 suis
3040 561 3288 633 cognatis
3318 577 3445 619 cum
3471 565 3660 635 viginti

401 659 472 713 τά
500 654 602 730 ὅρη
634 656 909 712 κινεῖσθαί
939 673 1054 710 τισι
1090 657 1363 727 μηχαναῖς
1396 652 1493 708 καὶ
1526 651 1794 723 φέρεσθαι
1831 652 1978 706 κατὰ

399 750 512 805 τῶν
543 749 746 805 πλοίων
777 751 846 821 τῇ
882 750 949 804 ἐκ
979 747 1190 803 τούτων
1218 747 1352 818 σκιᾷ
1382 744 1445 799 τὸ
1471 742 1681 798 λυποῦν
1715 742 1813 797 τοῦ
1841 741 1979 796 κεύ-

404 859 578 914 ματος
607 840 969 915 ἀπεκρούετο.
1000 840 1313 910 Ἐξέπεμπε
1340 838 1398 891 δὲ
1417 836 1510 892 καί
1524 853 1648 893 τινα
1668 834 1779 890 τῶν
1804 834 1970 889 αὐτοῦ

400 918 685 1003 συγγενῶν
720 933 865 1006 μετὰ
914 931 1220 1004 δισμυρίων
1268 929 1506 993 ἱππέων,
1539 929 1678 999 πρὸς
1706 928 1772 981 τὸ
1802 943 1978 981 κατα-

399 1026 677 1096 σκοπῆσαι
705 1025 770 1079 τὸ
819 1025 1010 1096 μέρος,
1052 1023 1184 1077 ἔνθα
1224 1019 1293 1095 ἦν
1322 1022 1351 1074 ό
1389 1019 1712 1078 Ἐλεσϐαάν.
1747 1019 1860 1074 Καί
1890 1034 1981 1081 τις

398 1119 511 1173 τῶν
542 1116 816 1189 εὐνούχων
848 1114 945 1169 τοῦ
998 1114 1287 1186 βασιλέως,
1322 1110 1616 1167 ὑπολαϐὼν
1643 1110 1838 1165 τοῦτον
1894 1111 1980 1173 είς

399 1209 707 1281 γυμνάσιον
772 1208 997 1275 ὶξιέναι,
1050 1207 1277 1279 δοράτια
1332 1206 1498 1259 πέντε
1551 1205 1740 1276 χρυσᾶ
1795 1200 1979 1255 λαϐὼν

403 1301 734 1373 συνεξῆλθεν
765 1299 939 1372 αὐτῷ.
974 1298 1135 1353 Ἐπεὶ
1161 1298 1218 1351 δὲ
1255 1298 1382 1362 τοὺς
1411 1298 1541 1369 περὶ
1564 1297 1663 1351 τὸν
1683 1294 1980 1350 Ἐλεσϐαὰν

404 1391 899 1464 δπαγρυπνοῦντας
928 1390 1101 1463 εὕροι,
1128 1389 1315 1444 λαϐὼν
1342 1389 1436 1443 τὸν
1462 1389 1743 1459 εὐνοῦχον,
1774 1387 1869 1441 καί
1899 1403 1982 1441 τι-

402 1502 502 1549 νας
532 1484 643 1539 τῶν
672 1482 839 1538 αὐτοῦ
875 1485 1050 1555 τρεῖς,
1085 1479 1367 1553 μακρόθεν
1406 1479 1573 1551 ἀπῄει
1609 1479 1745 1550 πρὸς
1776 1478 1979 1548 θήραν.

403 1576 640 1646 Ἔτυχον
663 1576 720 1629 δέ
748 1592 899 1638 τινες
920 1573 1030 1631 τῶν
1058 1573 1155 1627 τοῦ
1219 1570 1519 1628 Ἑλεσϐαὰν
1547 1570 1625 1641 τῷ
1664 1568 1829 1642 λιμῷ,
1860 1586 1982 1622 πιε-

407 1664 626 1736 ζόμενοι
672 1666 856 1719 ἵππων
908 1663 1199 1728 ἐπιϐάντες
1246 1663 1441 1726 νυκτὸς
1475 1663 1613 1734 πρδις
1661 1662 1789 1724 τοὺς
1820 1660 1982 1714 πολε-

407 1758 566 1828 μίους
617 1756 1043 1828 διαδιδράσκειν,
1097 1753 1150 1809 οἶ
1190 1755 1286 1808 καὶ
1323 1753 1712 1824 περιτυχόντες
1769 1752 1979 1816 αὐτοῖς,

401 1851 533 1913 τοὺς
567 1847 670 1919 μὲν
724 1846 922 1910 ἄλλους
967 1845 1331 1912 ἀπέκτειναν,
1388 1845 1485 1898 τὸν
1517 1845 1755 1915 συγγενῆ
1789 1841 1848 1896 δὲ
1881 1845 1980 1895 λα-

2080 650 2324 706 millibus
2351 650 2599 719 equitum
2625 650 2695 705 ad
2728 651 3120 721 speculandam
3156 663 3368 723 partem
3403 655 3573 724 illam,
3605 659 3661 714 in

2076 757 2186 813 qua
2215 750 2337 797 erat
2359 741 2650 801 Elesbaan.
2675 741 2910 810 Quidam
2940 753 3123 799 autem
3162 760 3231 800 ex
3265 748 3537 804 eunuchis
3575 764 3667 806 re-

2075 832 2159 904 gis
2190 832 2489 889 arbitratus
2537 848 2664 888 eum
2698 834 2848 889 exire
2901 836 2968 891 ad
3025 850 3085 890 se
3129 838 3527 905 exercendum,
3572 855 3668 896 ac-

2078 928 2251 994 ceptis
2274 928 2519 997 quinque
2549 928 2736 983 aureis
2767 928 3049 996 lanceolis,
3083 944 3209 985 cum
3246 944 3313 986 eo
3347 940 3433 987 est
3478 946 3666 1004 egres-

2084 1029 2207 1071 sus.
2261 1016 2398 1073 Cum
2434 1019 2483 1074 is
2537 1029 2721 1075 autem
2780 1020 3046 1076 Elesbaan
3108 1024 3298 1093 copias
3355 1024 3664 1081 invenisset

2079 1106 2397 1177 vigilantes,
2446 1123 2685 1178 quarum
2737 1125 2867 1180 pars
2916 1111 3031 1181 jam
3064 1127 3097 1167 e
3133 1113 3369 1168 navibus
3411 1129 3661 1186 egressa,

2077 1192 2257 1249 locum
2289 1195 2345 1250 in
2398 1196 2584 1251 littore
2622 1207 2960 1269 occuparat,
3011 1211 3240 1271 accepto
3279 1205 3556 1269 eunucho,
3608 1212 3670 1259 ct

2079 1284 2253 1343 tribus
2282 1302 2349 1341 et
2378 1286 2514 1352 suis,
2549 1287 2684 1344 abiit
2711 1289 2901 1359 procul
2928 1289 2997 1346 ad
3029 1292 3402 1347 venationem.
3427 1292 3661 1356 Quidam

2078 1383 2262 1429 autem
2292 1389 2360 1431 ex
2393 1375 2664 1432 Elesbaau
2695 1380 2940 1435 exercitu
2979 1382 3228 1451 oppressi
3277 1382 3421 1438 fame
3441 1422 3457 1447 ,
3490 1397 3666 1454 equos

2080 1474 2244 1521 noctu
2295 1469 2767 1535 conscenderant,
2820 1479 2882 1525 ut
2936 1472 3123 1528 hostes
3174 1473 3502 1545 eﬂ‘ugerent.
3556 1474 3665 1540 Qui

2079 1570 2203 1612 cum
2234 1556 2289 1611 in
2339 1573 2437 1613 eos
2489 1559 2831 1627 incidissent,
2865 1563 3002 1619 alios
3048 1565 3272 1633 quidem
3314 1567 3659 1634 occiderunt,

2079 1650 2223 1721 regis
2251 1661 2433 1706 autem
2464 1663 2756 1724 cognatum
2788 1656 3094 1726 capientes,
3121 1666 3178 1712 et
3212 1673 3411 1713 aureas
3445 1659 3669 1714 lanceas

2079 1748 2364 1809 portantes
2395 1779 2412 1806 ,
2462 1742 2533 1797 ad
2584 1758 2756 1799 naves
2805 1745 3109 1801 redierunt.
3161 1747 3269 1803 Eas
3309 1759 3492 1804 autem
3539 1765 3668 1804 cum

2080 1832 2383 1901 accepisset
2410 1849 2503 1889 rex
2534 1836 2682 1906 pius,
2705 1839 2889 1893 statim
2935 1839 3045 1893 Deo
3073 1838 3363 1894 dedicavit.
3411 1839 3533 1910 Ipse
3569 1853 3670 1893 au-

404 1917 604 2003 ϐόντες-
623 1938 720 1993 τοῦ
746 1937 1040 2009 βασιλέως,
1070 1937 1168 1991 καὶ
1199 1937 1270 1990 τά
1329 1936 1513 2006 χρυσᾶ
1558 1934 1785 2004 δόρατα,
1841 1933 1979 2003 πρὸς

2087 1934 2220 1990 tem,
2260 1926 2470 1996 reliquo
2493 1938 2707 1983 armato
2738 1929 2985 1985 exercitu
3031 1930 3276 1985 immisso
3303 1930 3360 1985 in
3390 1929 3673 1986 breviores

404 2034 474 2086 τὰ
503 2033 664 2085 πλοῖα
700 2030 863 2085 πάλιν
909 2028 1250 2100 ἀνέστρεφον
1272 2043 1288 2059 ⁸
1337 2027 1375 2081 ἃ
1408 2027 1505 2081 καὶ
1554 2025 1739 2080 λαϐὼν
1768 2027 1797 2079 ὁ
1827 2025 1984 2078 εὐσε-

407 2124 507 2196 ϐὴς
539 2122 792 2195 βασιλεὺς
816 2123 982 2186 εὐθὺς
1019 2120 1241 2176 ἀνέθετο
1276 2120 1355 2191 τῷ
1387 2119 1526 2190 Θεῷ.
1553 2119 1725 2182 Αὐτὸς
1757 2117 1816 2171 δὲ
1877 2116 1979 2188 τὴν

412 2212 674 2285 στρατιὰν
747 2211 1101 2281 ὡπλισμένην
1151 2213 1210 2265 εν
1271 2213 1386 2272 τοῖς
1444 2208 1801 2279 βραχυτέροις
1869 2207 1980 2260 τῶν

410 2304 613 2361 πλοίων
642 2303 920 2374 ἐμϐαλὼν,
958 2302 1152 2372 ἐξῆλθε
1182 2303 1319 2373 πρὸς
1350 2303 1476 2364 τοὺς
1516 2302 1577 2354 ἐν
1607 2297 1843 2369 αἰγιαλῷ
1876 2314 1979 2351 πο-

406 2395 657 2468 λεμίους,
716 2399 814 2451 καὶ
849 2397 1032 2467 μάχην
1088 2395 1363 2464 συνάψας,
1418 2394 1565 2448 νῶτα
1616 2392 1811 2455 δόντας
1851 2390 1977 2452 τοὺς

420 2490 713 2559 Ἐϐραίους
755 2489 997 2556 πολέμου
1045 2486 1196 2557 νόμω
1243 2486 1455 2546 πάντας
1486 2483 1853 2550 κατέσφαξεν,
1901 2482 1980 2544 ὡς

410 2582 548 2653 μηδὲ
596 2579 830 2649 ἄγγελον
878 2581 988 2634 τῶν
1018 2579 1329 2650 γενομένων
1364 2575 1745 2630 ὑπολιπέσθαι.
1787 2573 1972 2643 Ἐχων

405 2673 600 2732 dixiin
627 2673 723 2727 τοῦ
760 2674 1027 2745 pactum;
1062 2672 1324 2741 συγγενῆ,
1359 2669 1646 2723 δεικνύντα
1705 2666 1805 2738 τὴν
1833 2666 1971 2736 πρὸς

408 2770 561 2843 Φαρῆ
585 2767 685 2842 τὴν
716 2769 871 2822 πόλιν
894 2768 1038 2834 ὁδον,
1069 2765 1199 2819 ἔνθα
1220 2760 1290 2835 ἦν
1322 2763 1390 2817 τὰ
1425 2761 1677 2833 βασίλεια
1709 2759 1975 2824 Δουναὰν,

411 2863 609 2919 ἄνεισι.
637 2863 750 2918 Kal.
772 2859 978 2930 ταύτης
1014 2858 1323 2929 κρατήσας,
1360 2855 1661 2924 ἀφυλάκτῳ
1689 2863 1749 2905 τε
1773 2853 1839 2921 τῇ
1876 2854 1977 2903 πό-

409 2956 495 3011 λει
522 2952 860 3027 περιτυχὼν,
895 2953 1078 3006 πάντα
1104 2949 1196 3003 τὸν
1236 2947 1369 3018 περὶ
1405 2948 1474 3000 τά
1515 2943 1770 3015 βασίλεια
1812 2940 1976 2995 πλοῦ-

372 3090 377 3095 .
410 3063 524 3113 τον,
553 3048 649 3100 καὶ
679 3044 848 3107 αὑτάς
879 3041 1150 3112 λαμϐάνει
1181 3042 1279 3104 τὰς
1316 3038 1619 3111 βασιλίδας.

484 3137 607 3191 ω.
644 3135 757 3208 Τὴν
815 3135 872 3186 δι
915 3132 1019 3202 τῆς
1063 3131 1275 3194 πόλεως
1311 3130 1538 3194 ἆλωσιν,
1588 3130 1683 3183 καὶ
1714 3130 1815 3201 τὴν
1866 3130 1979 3185 τῶν

2086 2030 2278 2082 naves,
2317 2032 2569 2088 egressus
2598 2027 2683 2073 est
2712 2019 2779 2074 ad
2808 2020 3013 2087 hostes,
3045 2020 3137 2089 qui
3170 2028 3328 2075 erant
3359 2021 3415 2074 in
3455 2021 3671 2088 littore,

2088 2113 2145 2161 et
2175 2121 2355 2177 pugna
2388 2117 2533 2161 terra
2576 2108 2832 2179 marique
2874 2111 3190 2169 commissa.
3229 2108 3527 2175 Hebraeos,
3570 2110 3671 2180 qui

2088 2205 2235 2269 terga
2269 2198 2559 2264 dederant,
2590 2199 2715 2270 jure
2761 2200 2887 2255 belli
2930 2214 3124 2256 omnes
3157 2201 3383 2265 occidit,
3436 2202 3574 2257 adeo
3610 2208 3672 2256 ut

2086 2304 2157 2345 ne
2201 2306 2344 2347 unus
2388 2290 2608 2360 quidem
2665 2292 2741 2347 sit
2791 2292 3016 2351 relictus
3061 2292 3139 2347 rei
3191 2303 3359 2364 gesta:
3417 2294 3672 2352 nuntius.

2085 2378 2221 2435 Cum
2251 2389 2437 2435 autem
2470 2380 2696 2436 haberet
2726 2392 3021 2453 cognatum
3055 2384 3219 2454 regis,
3248 2385 3339 2454 qui
3382 2385 3433 2439 ei
3478 2394 3674 2441 osten-

2084 2471 2250 2527 debat
2284 2472 2450 2538 viam,
2490 2488 2613 2543 qua
2639 2472 2789 2529 ducit
2818 2475 2889 2529 ad
2915 2475 3191 2531 civitatein
3223 2475 3401 2532 Phare
3421 2518 3436 2544 ,
3471 2478 3527 2533 in
3559 2492 3673 2548 qua

2084 2567 2205 2615 erat
2235 2560 2383 2630 regia
2418 2558 2668 2627 Dunaan,
2700 2561 2769 2617 ad
2797 2562 2944 2617 illam
2978 2565 3253 2621 ascendit.
3284 2566 3402 2631 Qua
3442 2568 3670 2636 potitus,

2085 2658 2146 2709 ut
2198 2652 2292 2720 qui
2326 2651 2724 2709 incustoditam
2776 2653 3100 2710 oll'endissct
3150 2657 3466 2722 civitatem,
3526 2659 3675 2728 capit

2084 2757 2278 2798 omnes
2304 2744 2546 2813 divitias,
2575 2760 2698 2815 qua:
2726 2755 2886 2802 erant
2928 2746 2984 2802 in
3019 2746 3186 2821 regia,
3214 2757 3269 2805 et
3313 2749 3463 2819 ipsas
3505 2749 3672 2806 etiam

2091 2848 2332 2904 reginas.

2157 3140 2375 3198 XXXII.
2417 3143 2616 3200 Verum
2665 3159 2788 3200 cum
2840 3155 3055 3223 captam
3104 3146 3322 3214 urbem,
3358 3156 3414 3203 et
3463 3149 3670 3221 regiam

415 3227 705 3300 βασιλείων
753 3223 1079 3294 διαφθορὰν,
1110 3215 1192 3275 Est
1222 3221 1279 3275 δὲ
1334 3220 1432 3276 καὶ
1469 3221 1571 3293 τὴν
1615 3218 1725 3274 τῶν
1758 3222 1978 3276 οἰκείων

2087 3240 2403 3301 occupatam
2441 3273 2457 3298 ,
2511 3246 2673 3304 atque
2725 3250 2856 3291 suos
2912 3215 3068 3293 bello
3152 3247 3344 3308 captos
3412 3215 3677 3296 aitdiisset

412 3316 795 3389 αἰχμαλωσίαν
824 3313 1070 3368 Δουναάν
1118 3312 1510 3375 διενωτισθεὶς,
1538 3312 1639 3365 καὶ
1671 3311 1856 3376 δείσας
1908 3314 1982 3383 μὴ

2093 3322 2345 3388 Dunaan,
2403 3326 2606 3380 timens
2649 3341 2720 3381 ne
2769 3327 2940 3397 aliqui
2981 3343 3046 3382 ex
3093 3331 3340 3400 cognatis
3378 3332 3680 3388 deﬁcerent

411 3409 520 3463 τῶν
551 3407 715 3462 αὑτοῦ
747 3404 1025 3474 συγγενῶν
1048 3421 1192 3468 τινες
1230 3403 1310 3474 τῷ
1347 3403 1642 3459 Ἐλεσϐαάν
1672 3404 1988 3476 προσρυῶσι

417 3500 511 3555 τοῦ
535 3498 669 3552 Θεοῦ
693 3497 997 3567 σφήλαντας
1024 3496 1118 3566 τὴν
1147 3496 1313 3559 αὑτοῦ
1336 3498 1562 3566 γνώμην
1582 3500 1792 3567 χρυσῆν
1822 3513 1990 3549 κατα-

414 3590 822 3659 σκευασάμενος
843 3586 1054 3649 άλυσιν,
1078 3585 1411 3656 καὶενδήσας
1423 3586 1586 3639 αὐτόν
1602 3603 1662 3639 τε
1680 3587 1986 3653 κάκείνους,

415 3679 652 3750 ικάθητο
670 3677 781 3731 τῶν
803 3675 1143 3749 πραγμάτων
1164 3675 1486 3746 ἠμεληκὼς.
1517 3677 1582 3729 Oi
1605 3676 1786 3746 μέντοι
1806 3678 1991 3731 Αίθίου

416 3788 538 3837 πες,
566 3771 617 3825 oi
636 3772 696 3826 ὲν
726 3770 838 3833 τοῖς
868 3769 1092 3834 πλοίοις,
1116 3769 1283 3838 μηδὲν
1298 3769 1425 3840 περὶ
1452 3767 1749 3823 Ἐλεσϐαάν
1776 3770 1868 3823 τοῦ
1896 3772 1991 3822 oti.-

413 3864 522 3919 τῶν
548 3861 834 3934 βασιλέως,
868 3859 903 3932 ἢ
930 3858 1039 3912 τῶν
1072 3858 1165 3912 ὑπ’
1203 3859 1368 3913 αὑτοῦ
1412 3861 1817 3929 πεπραγμένων
1849 3863 1990 3931 ἀκη-

418 3956 606 4018 κοότες
636 3953 831 4007 σπάνει
862 3968 923 4006 τε
952 3950 1062 4004 τῶν
1079 3950 1391 4019 ἀναγκαίων
1405 3951 1862 4021 διαφθειρόμενοι,
1896 3954 1991 4006 καὶ

415 4049 474 4103 ἐν
511 4046 702 4115 ἀπόρῳ
723 4044 900 4106 ὅντες,
963 4042 1321 4110 ἀπογνόντες,
1371 4043 1672 4114 ἐτράποντο
1705 4044 1842 4113 πρὸς
1871 4046 1990 4097 lxa-

418 4138 567 4192 τείαν
605 4136 698 4189 τοῦ
728 4134 912 4189 Θείου.
953 4134 1062 4188 Καὶ
1094 4134 1165 4186 τὰ
1198 4134 1411 4204 μέγα>.α
1453 4135 1561 4188 τῶν
1590 4135 1793 4188 πλοίων
1836 4135 1993 4205 ἐνδή-

418 4243 613 4289 σαντες
669 4225 809 4297 πρὸς
877 4226 1050 4279 ἑαυτὰ
1114 4225 1400 4291 κυκλόθεν,
1454 4225 1662 4279 ἄνωθέν
1698 4243 1759 4281 τε
1804 4228 1875 4280 τὰ
1896 4230 1990 4280 εὑ-

421 4319 572 4389 μήκη
606 4316 741 4382 ξύλα
776 4316 870 4370 καὶ
908 4316 1056 4369 ἱστία
1084 4316 1611 4386 προσεπιδὴσαντες,
1653 4321 1748 4370 καὶ
1781 4316 1973 4385 ὥσπερ

414 4413 541 4464 τινὰ
581 4409 734 4461 πόλιν
761 4411 820 4462 ὲν
848 4409 916 4479 τῇ
953 4406 1202 4479 θαλάσσῃ
1232 4407 1800 4479 διαμηχανησάμενοι,
1843 4411 1901 4462 ἐν
1931 4410 1988 4462 δὲ

419 4504 539 4563 ταῖς
577 4500 841 4567 πλαγίαις
887 4498 1091 4563 ἔξωθεν
1145 4500 1213 4552 τὰ
1254 4497 1574 4569 βραχύτερα
1624 4499 1737 4553 τῶν
1765 4500 1988 4565 πλοίων,

2088 3413 2154 3467 ad
2189 3411 2501 3481 Elesbaan,
2549 3426 2733 3471 mente
2784 3419 2833 3471 ei
2884 3434 2913 3471 a
2964 3417 3072 3471 Beo
3108 3419 3307 3479 ablata.
3343 3436 3465 3476 cum
3511 3435 3676 3476 aurea

2087 3515 2281 3560 catena
2341 3520 2399 3560 se
2474 3518 2532 3561 et
2615 3508 2734 3562 illos
2821 3509 3121 3580 alligassct,
3187 3512 3411 3567 sedebat
3470 3514 3676 3570 nullam

2089 3611 2273 3652 rerum
2314 3611 2504 3652 curam
2526 3613 2745 3668 gerens.
2776 3598 2881 3666 Qui
2922 3609 3104 3656 autem
3139 3607 3193 3656 in
3225 3604 3478 3674 pluribus
3504 3604 3678 3660 navi-

2088 3687 2194 3743 bus
2221 3697 2381 3743 erant
2412 3688 2723 3760 Ethiopes,
2759 3707 2884 3747 cum
2917 3693 3056 3747 nihil
3098 3696 3437 3751 audivissent
3470 3700 3534 3752 de
3574 3713 3678 3755 suo

2089 3795 2218 3851 rege
2249 3780 2540 3853 Elesbaan,
2574 3794 2671 3839 aut
2699 3785 2768 3840 de
2820 3785 2906 3852 iis,
2951 3802 3075 3857 quae
3117 3800 3381 3858 gesserat,
3417 3800 3474 3843 et
3522 3789 3676 3845 labo-

2089 3880 2278 3926 rarent
2333 3872 2517 3941 inopia
2592 3889 2775 3929 rerum
2841 3877 3321 3943 necessariarum,
3382 3892 3678 3949 essentque

2088 3959 2273 4015 animo
2313 3960 2466 4015 dubii
2510 3969 2567 4017 et
2612 3964 2882 4035 perplexi,
2907 3967 3160 4021 conversi
3224 3976 3354 4022 sunt
3404 3969 3470 4023 ad
3502 3968 3675 4024 Deum

2088 4052 2528 4120 supplicandum.
2559 4055 2623 4109 Et
2654 4071 2777 4110 cum
2816 4071 3038 4128 magnas
3079 4058 3299 4127 quidem
3333 4074 3500 4113 naves
3534 4061 3680 4115 inter

2089 4157 2148 4198 se
2175 4143 2512 4214 alligassem,
2554 4155 2612 4200 et
2652 4161 2818 4217 super
2847 4148 3080 4220 oblonga
3121 4149 3267 4220 ligna
3309 4152 3428 4205 vela
3477 4151 3676 4207 deinde

2090 4233 2437 4299 vinxissent,
2468 4245 2527 4291 et
2561 4237 2731 4293 veluti
2765 4241 3059 4309 quamdam
3098 4241 3374 4297 civitatem
3426 4242 3485 4296 in
3539 4241 3676 4297 mari

2089 4334 2277 4379 essent
2322 4326 2570 4383 fabricati
2602 4332 2985 4387 :extrinsecus
3021 4342 3205 4387 autem
3255 4334 3543 4390 breviores
3583 4351 3680 4389 na-

2091 4431 2208 4484 ves,
2244 4432 2366 4489 qua:
2412 4422 2685 4489 quoddam
2742 4439 3025 4479 murorum
3075 4425 3432 4480 imitabantur
3477 4443 3680 4498 propu-

2094 4511 2422 4577 gnaculum,
2455 4513 2838 4579 ordinassent,
2890 4530 3086 4571 omnes
3132 4516 3295 4570 simul
3341 4518 3677 4588 congregati,

421 4593 737 4665 προτείχιόν
788 4608 843 4644 τι
902 4590 1242 4661 μιμούμενα,
1300 4590 1748 4663 παραξεύξαντες
1799 4592 1985 4663 ἀθρόοι

2096 4612 2219 4652 cum
2252 4599 2510 4670 lacrymis
2543 4603 2653 4656 Deo
2689 4603 2906 4674 longam
2956 4606 3278 4659 obtulerunt
3325 4608 3679 4676 supplicatio-

418 4685 726 4755 γενόμενοι,
771 4681 910 4751 μετὰ
936 4682 1189 4750 δακρύων
1230 4682 1515 4751 ἱκετηρίαν
1538 4682 1618 4752 τῷ
1642 4683 1759 4754 Θεῷ
1786 4684 1992 4753 προσῆ-

2096 4703 2244 4745 nem.
2281 4689 2489 4745 Deinde
2522 4707 2647 4746 cum
2678 4707 2833 4746 sacra
2863 4704 3172 4764 gustassent
3199 4698 3480 4766 mysteria,
3526 4709 3581 4753 et
3615 4714 3675 4754 se

419 4794 516 4847 γον
557 4776 793 4847 μακράν.
865 4770 998 4826 Εἶτα
1033 4772 1141 4824 τῶν
1192 4772 1355 4840 ἱερῶν
1404 4775 1848 4844 ἀπογευσάμενοι
1892 4794 1985 4845 μυ-

2095 4790 2435 4845 armassent,
2485 4781 2895 4839 descenderunt
2949 4786 3002 4839 in
3052 4801 3221 4841 naves
3263 4788 3589 4842 breviores:
3623 4798 3680 4846 et

422 4867 664 4937 στηρίων
696 4863 795 4919 καὶ
840 4863 1229 4932 ὁπλισάμενοι,
1267 4861 1591 4915 κατέϐαινον
1624 4863 1721 4915 ἐπὶ
1756 4865 1829 4916 τὰ
1860 4868 1996 4935 βρα-

418 4958 627 5029 χύτερα
664 4955 845 5009 πλοῖα·
881 4955 975 5017 καὶ
1002 4953 1228 5015 στάντες
1255 4954 1321 5007 ὲκ
1346 4951 1609 5025 πλαγίου,
1638 4954 1718 5022 τῷ
1748 4955 1831 5024 μὴ
1854 4958 1992 5023 pada-

420 5050 523 5119 ϐην
563 5047 689 5099 τινὰ
724 5044 832 5098 ὑπὸ
861 5044 972 5097 τῶν
1008 5041 1181 5113 βελῶν
1212 5041 1509 5115 ὑπομένειν
1536 5041 1649 5095 τῶν
1692 5043 1991 5111 πολεμίων,

422 5140 600 5193 ὤθουν
630 5137 772 5203 αὐτὰ
810 5136 947 5207 πρὸς
995 5136 1105 5206 τὴν
1128 5134 1256 5209 γῆν,
1297 5132 1465 5208 αὐτοί,
1489 5149 1550 5187 τε
1614 5136 1712 5189 καὶ
1750 5136 1896 5189 am
1934 5137 1997 5189 τὸ

423 5230 719 5288 ναυτικόν·
751 5231 819 5284 τὰ
857 5230 915 5283 δὲ
974 5231 1090 5293 τοῖς
1151 5226 1412 5303 μεγάλοις
1464 5226 1851 5296 ,συνδεδεμένα
1902 5229 1998 5281 καὶ

424 5308 568 5376 αὑτά
629 5306 1070 5389 συνεφειλκοντο,
1121 5302 1281 5389 ἄχρις
1337 5317 1409 5372 ἂν
1436 5318 1496 5373 αι
1548 5319 1786 5389 πλευραὶ
1815 5319 1998 5374 αὐτῶν

427 5414 858 5487 προσοκείλασαι
914 5414 1289 5483 προσήρεισαν
1344 5410 1422 5481 τῷ
1472 5411 1737 5483 αἰγιαλῷ,
1789 5411 1866 5474 ὡς
1907 5428 1999 5480 γε..

423 5507 614 5577 νέσθαι
648 5508 825 5577 τεῖχος
852 5504 1039 5569 αὐτοῖς
1068 5505 1165 5559 καὶ
1190 5506 1303 5568 τοῖς
1339 5504 1775 5575 Ὁμηρίταυςτά
1807 5505 1997 5560 πλοῖα.

424 5598 839 5669 Βροσϐαλόντες
867 5596 925 5649 δὲ
965 5599 1016 5650 οί
1050 5597 1302 5668 πολέμιοι
1324 5600 1449 5662 ,τοῖς
1481 5597 1672 5669 δόρασι
1722 5597 1819 5650 καὶ
1874 5600 1997 5660 ταῖς

428 5678 671 5757 πέλταις
702 5693 1000 5748 ,κατέκλων
1054 5693 1160 5756 τὰς
1217 5692 1327 5748 τῶν
1385 5692 1745 5767 βραχυτέρων
1795 5693 2002 5747 πλοίων

430 5790 693 5859 πλευρὰς,
727 5789 819 5841 καὶ
848 5787 1018 5840 πολλὰ
1048 5786 1172 5849 τοὺς
1199 5784 1468 5849 Αἰθίοπας
1521 5785 1782 5841 ἐλύπουν.
1839 5788 1903 5838 Oi
1943 5785 2000 5839 δὲ

425 5881 567 5942 πρὸς
597 5880 812 5935 ἄμυναν
843 5878 1003 5944 αὖθις
1032 5878 1170 5945 μετὰ
1217 5878 1470 5949 δακρύων
1513 5878 1869 5943 ἐξεκαλοῦντο
1909 5879 2001 5933 τὸν

2098 4878 2307 4926 stantes
2335 4886 2402 4925 ex
2428 4871 2676 4941 obliquo,
2708 4887 2779 4927 ne
2811 4875 3121 4944 acciperent
3156 4875 3376 4947 aliquod
3419 4875 3680 4933 damnum

2098 4972 2130 5011 a
2167 4958 2291 5013 telis
2318 4960 2582 5028 hostium,
2610 4975 2709 5017 eas
2736 4963 2842 5032 ipsi
2872 4966 3114 5034 majores
3142 4975 3267 5036 post
3313 4982 3373 5023 se
3401 4968 3682 5024 trahentes

2096 5049 2460 5121 impulserlnt
2485 5052 2552 5108 ad
2577 5063 2805 5121 terram,
2831 5055 3005 5111 donec
3034 5058 3261 5127 appulsa
3290 5072 3479 5114 eorum
3506 5060 3677 5115 latera

2098 5138 2202 5193 lin
2235 5140 2438 5195 fixerant
2483 5142 2539 5196 in
2578 5142 2798 5208 littore,
2840 5144 2982 5199 adeo
3020 5156 3080 5200 ut
3125 5160 3294 5202 naves
3326 5160 3515 5203 essent
3553 5149 3638 5218 ips
3661 5164 3683 5204 ε

2098 5245 2202 5301 pro
2229 5246 2411 5286 muro.
2442 5232 2641 5289 Hostes
2676 5248 2807 5290 vero
2833 5236 3110 5291 irruentes
3138 5252 3263 5291 cum
3295 5238 3521 5304 lanceis,
3558 5254 3679 5292 con.-

2099 5319 2417 5393 l'riagebant
2471 5325 2642 5382 latera
2709 5327 3025 5382 brevior-um
3080 5328 3328 5394 navium,
3389 5337 3446 5383 et
3493 5343 3681 5399 magna

2098 5413 2355 5469 molestia
2400 5416 2713 5475 aﬁeiebant
2742 5419 3056 5491 Ethiopes.
3105 5419 3210 5487 Qui
3262 5434 3387 5475 cum
3432 5420 3687 5491 lacrymis

2100 5519 2294 5561 rursus
2350 5507 2567 5564 Domini
2615 5512 2947 5568 invocabant
2991 5513 3280 5566 auxilium.
3329 5513 3451 5581 Ipse
3505 5520 3687 5564 auttm

2102 5611 2201 5652 eos
2252 5602 2498 5656 exaudiit
2530 5613 2642 5671 μοι
2687 5605 2871 5659 statim
2928 5618 3030 5657 vox
3084 5604 3331 5673 quaedam
3395 5602 3498 5656 fuit
3549 5602 3690 5656 co‘lo

2101 5690 2378 5755 exaudita,
2402 5708 2527 5763 qua:
2556 5696 2773 5751 dicebat
2808 5712 2825 5752 :
2858 5697 3103 5763 Gabriel,
3149 5696 3390 5759 Gabriel,
3420 5694 3636 5749 Gabriel
3670 5713 3685 5749 :

2104 5790 2161 5836 et
2196 5783 2415 5854 quidam
2452 5801 2518 5841 ex
2553 5788 2683 5852 illis.
2717 5790 2809 5860 qui
2848 5805 3017 5845 naves
3072 5788 3445 5860 impellebant,
3480 5786 3689 5854 virgam

2088 5873 2289 5932 .l‘erens
2313 5876 2568 5948 ferream,
2600 5895 2723 5953 quae
2755 5892 2996 5940 superne
3038 5883 3259 5938 cuidem
3295 5878 3529 5937 habebat
3560 5894 3691 5936 cru-
