4132 6442
569 426 700 492 1287

1851 418 2136 481 MENSIS
2173 418 2536 481 OCTOBER.

3731 421 3836 483 288

520 543 722 603 irem,
763 535 977 590 inferne
1030 542 1214 588 autem
1273 531 1516 585 lanceam
1566 545 1692 584 cum
1754 539 2054 595 enatasset,
2091 538 2147 584 et

2251 529 2494 600 Κύριονο
2535 531 2630 583 καὶ
2691 529 2856 591 αὐτὸς
2909 531 3181 600 ἐπήκουεν
3234 530 3436 596 αὐτῶν,
3492 532 3587 585 καὶ⁵
3624 532 3832 598 εὐθέως

565 630 732 684 unius
767 627 888 695 equi
921 625 1146 679 caudam
1201 622 1692 692 apprehendisset.
1743 623 1796 676 in
1839 624 1960 691 ejus
2006 624 2151 676 latus

572 721 688 790 figit
719 721 962 773 lanceam
994 717 1148 781 adeo,
1209 726 1268 769 ut
1311 731 1437 769 mox
1483 716 1736 770 turbatus
1772 731 1944 783 equus
1995 715 2148 783 deje-

564 810 702 863 cerit
743 809 994 868 hostem,
1044 815 1101 859 et
1131 805 1221 858 alii
1256 805 1469 873 equites
1531 806 1725 859 timore
1772 805 1951 858 affecti
2011 806 2152 859 ceci-

564 906 744 957 derint
777 902 832 954 in
869 913 1068 954 terram

2255 622 2408 689 φωνή
2448 639 2529 684 τις
2587 620 2880 691 οὐρανόθεν
2937 619 3188 690 ἠκούετο,
3247 621 3507 688 λέγουσα,
3559 623 3831 693 Γαϐριὴλ,

2251 713 2513 780 Γαϐριὴλ,
2566 712 2829 782 Γαϐριὴλ·
2862 713 2958 765 καί
2994 731 3078 775 τις
3113 713 3172 778 ἐξ
3212 714 3458 777 ἐκείνων,
3489 715 3537 766 οἳ
3575 715 3645 766 τὰ
3678 715 3836 767 πλοῖα

2248 803 2498 867 διώθουν,
2529 803 2757 872 σιδηρᾶν
2787 804 2966 872 φέρων
2989 804 3208 873 ῥάϐδον,
3234 807 3468 873 σταυρὸν
3498 805 3597 875 μὲν
3625 807 3834 858 ἄνωθεν

2249 896 2500 965 ἔχουσαν,
2538 895 2740 966 λόγχην
2771 897 2826 948 δέ
2863 897 3134 960 κάτωθεν,
3167 897 3586 967 διανηξάμενος,
3620 901 3718 950 καὶ
3745 899 3834 949 οὐ-

563 995 663 1063 ρᾶς
712 993 831 1056 ἐνὸς
891 991 1062 1044 ἵππου
1121 991 1536 1061 ἐπιλαϐόμενος,
1589 990 1735 1044 κατά
1797 989 1898 1058 τῆς
1961 987 2154 1042 τούτου
2221 987 2466 1056 πλευρᾶς
2521 987 2621 1056 τὴν
2673 987 2873 1056 λόγχην
2935 990 3337 1056 καταπηγνῦει,
3381 991 3452 1052 ὡς
3491 991 3694 1043 αὐτίκα
3727 993 3839 1042 δια-

559 1089 906 1160 ταραχθέντα
959 1087 1050 1140 τὸν
1108 1086 1294 1150 ἵππον,
1349 1087 1648 1140 ἀποϐαλεῖν
1705 1086 1798 1139 τὸν
1853 1085 2132 1155 πολέμιον,
2195 1085 2290 1136 καὶ
2323 1083 2450 1144 τοὺς
2501 1082 2942 1145 ἄλλους’ξππεῖς
2996 1085 3484 1148 ἀποδειλιάσαντας
3540 1085 3680 1155 πρὸς
3746 1085 3838 1155 τὴν

559 1182 660 1250 γῆν
695 1182 869 1248 τραπὲ
879 1181 1020 1233 σθαι.

637 1273 882 1329 XXXIII.
927 1273 1281 1329 Confidentes
1330 1274 1512 1343 itaque
1554 1273 1841 1342 Ethiopes
1887 1287 2012 1327 eum
2061 1271 2154 1326 tle-

563 1366 912 1418 scendissent
941 1379 972 1418 e
1003 1365 1256 1426 navibus,
1280 1374 1335 1419 et
1367 1380 1562 1418 manus
1587 1364 2001 1418 conseruissent
2030 1378 2151 1416 cum

564 1456 834 1522 hostibus,
871 1471 966 1510 eos
1003 1456 1288 1521 fuderunt,
1326 1467 1380 1509 et
1408 1472 1601 1510 omnes
1633 1456 2052 1518 interfecerunt,
2097 1461 2154 1508 et

564 1547 774 1615 regium
836 1547 1064 1615 ingressi
1123 1547 1576 1613 tabernaculum,
1637 1547 1929 1602 inveniunt
1978 1563 2146 1600 aurea

565 1648 755 1690 catena
790 1636 1031 1690 vinctum
1069 1653 1191 1690 cum
1230 1638 1316 1700 iis,
1353 1639 1444 1706 qui
1475 1654 1674 1704 genere
1705 1639 1771 1692 ad
1804 1639 1982 1707 ipsum
2016 1639 2144 1691 atti-

556 1729 787 1792 nebant,
819 1729 1048 1781 Duuaan
1091 1744 1271 1798 regem
1315 1729 1623 1785 Hebraeum.
1668 1727 1802 1785 Cum
1833 1740 2012 1784 autem
2057 1731 2140 1784 in-

2300 1264 2450 1316 iAI".
2496 1261 3008 1333 Ἀναθαρσήσαντες
3057 1262 3115 1315 δὲ
3146 1262 3196 1314 οἱ
3247 1261 3509 1326 Αἰθιόπες
3559 1268 3658 1320 καὶ
3709 1269 3836 1323 ἁποο

2256 1355 2454 1419 ϐάντες
2512 1355 2621 1408 τῶν
2676 1356 2903 1420 πλοίων,
2961 1356 3061 1408 καὶ⁵
3111 1356 3482 1424 συμϐαλόντες
3519 1362 3638 1421 τοῖς
3670 1364 3824 1415 πολε-

2253 1446 2420 1516 μίοις,
2456 1446 2758 1516 ἐτρέψαντό
2795 1466 2851 1500 τε
2890 1449 2986 1500 καὶ
3031 1448 3435 1518 διεχειρίσαντο
3467 1453 3705 1515 πάντας,
3740 1458 3832 1508 καὶ

2252 1542 2336 1601 είς
2374 1539 2472 1610 τὴν
2507 1540 2782 1610 βασίλειον
2809 1539 3058 1604 ἐλθόντες
3120 1541 3351 1612 σκηνὴν,
3389 1543 3744 1612 εὑρίσκουσιν
3774 1552 3830 1602 ἐν

2258 1632 2448 1686 ἁλύσει
2485 1635 2661 1702 χρυσῇ
2703 1632 2992 1700 δεδεμένον
3041 1631 3138 1685 σὺν
3190 1638 3305 1698 τοῖς
3339 1639 3690 1707 προσήκουσι
3741 1641 3833 1694 καὶ

2254 1726 2419 1780 αὐτὸν
2457 1726 2522 1796 δὴ
2579 1727 2822 1780 Δουναὰν
2848 1727 2940 1778 τὸν
2989 1726 3267 1796 Ἐϐραῖον.
3327 1729 3616 1794 Μαθόντες
3651 1732 3706 1784 δὲ
3741 1735 3832 1787 καὶ

563 1821 903 1875 tellexissent
932 1838 1091 1875 suum
1128 1836 1346 1892 quoque
1383 1839 1568 1894 regem
1601 1825 2139 1893 praestantissimum,

2255 1819 2345 1870 τὸν
2385 1817 2599 1870 ἑαυτῶν
2634 1818 2857 1887 βασιλέα
2897 1817 2990 1871 τὸν
3045 1820 3277 1888 ἄριστον
3316 1822 3495 1876 πάντα
3535 1823 3832 1880 Ἐλεσϐαὰν

562 1921 619 1966 et
649 1913 796 1967 omni
833 1928 900 1966 ex
932 1925 1086 1982 parte
1129 1917 1396 1984 optimum
1438 1915 1704 1970 Elesbaan
1735 1916 1842 1968 illic
1877 1930 2145 1984 occupas-

565 2013 648 2058 set
677 2004 902 2074 regiam,
931 2021 1158 2075 propere
1187 2007 1255 2061 ad
1287 2021 1413 2060 eum
1445 2016 1818 2072 accesserunt,
1849 2019 1903 2062 et
1935 2008 2142 2072 omnia,

564 2111 684 2165 qua:
714 2105 865 2167 gesta
903 2095 1137 2160 fuerant,
1165 2106 1557 2166 exposuerunt.
1590 2098 1684 2153 llle
1731 2108 1939 2165 autem,
2003 2114 2146 2170 prae-

567 2187 709 2241 sidio
743 2188 933 2240 relicto
965 2188 1016 2238 in
1064 2187 1308 2249 ciVItate,
1364 2191 1601 2242 maxima
1651 2189 1791 2244 abiit
1844 2189 2143 2245 celeritate.

565 2278 635 2332 Et
664 2293 785 2331 cum
820 2278 1118 2331 invenisset
1149 2279 1377 2331 Dunaan
1420 2294 1586 2332 aurea
1618 2279 1707 2332 illa
1748 2280 1993 2335 vinctum
2041 2297 2145 2336 ca—

564 2376 715 2429 tena,
750 2367 926 2436 ipsum
960 2366 1237 2421 interfecit
1265 2378 1321 2420 et
1355 2376 1638 2436 cognatos,
1684 2368 1854 2422 Deum
1895 2371 2144 2437 laudans,

565 2467 622 2512 et
681 2459 951 2514 insultans
1003 2458 1206 2513 Christi
1267 2458 1559 2522 hostibus,
1619 2476 1836 2530 poenam
1884 2462 2148 2516 dantibus

565 2552 854 2606 audacium
901 2567 1124 2604 suorum
1167 2551 1506 2615 facinorum,
1551 2567 1672 2620 qua:
1717 2552 2052 2607 admiserant
2092 2553 2146 2607 in

564 2643 838 2698 Christum
890 2651 947 2695 et
997 2643 1205 2696 Christi
1273 2657 1513 2696 crucem.
1577 2660 1595 2694 ι
1648 2642 1948 2698 Laetabitur
1999 2645 2146 2698 enim

563 2734 745 2801 justus
785 2733 997 2801 (inquit
1047 2748 1277 2802 magnus
1335 2733 1547 2804 David)
1594 2749 1718 2788 eum
1777 2735 1973 2789 viderit
2023 2737 2148 2789 vin-

566 2823 766 2877 dictam
804 2826 846 2878 ".
889 2842 906 2875 ι
949 2824 1014 2878 Et
1050 2825 1172 2880 ideo
1199 2825 1290 2894 qui
1344 2843 1409 2879 ex
1462 2828 1542 2879 eis
1587 2826 1810 2881 fuerunt
1852 2827 2141 2894 Vulnerati,

575 2933 594 2966 ι
630 2930 738 2968 non
771 2914 994 2970 fuerunt
1039 2917 1309 2970 vulnerati
1373 2917 1550 2988 gladio
1608 2929 1700 2989 (ut
1751 2919 1884 2974 dicit
1933 2920 2148 2975 divinus

567 3003 771 3075 Isaias)
833 3020 1012 3074 neque
1066 3007 1264 3062 mortui
1317 3021 1549 3072 eorum,
1611 3010 1814 3063 mortui
1865 3010 2008 3064 bello
2037 3011 2079 3064 ⁸.
2121 3030 2139 3062 ι

567 3092 665 3147 Est
700 3096 843 3147 enim
879 3111 965 3149 ris
1002 3094 1161 3150 fortis
1190 3109 1244 3151 et
1279 3098 1433 3160 dura,
1467 3099 1545 3152 ira
1603 3099 1697 3154 Dei
1725 3102 1872 3171 (ipse
1903 3116 1990 3156 me
2029 3118 2148 3155 rur-

567 3199 663 3238 sus
690 3183 905 3252 dcect),
939 3197 998 3239 ut
1029 3187 1264 3256 grando,
1319 3203 1437 3257 quae
1471 3190 1726 3244 deorsum
1773 3193 1980 3256 fertur,
2036 3207 2144 3246 non

569 3273 777 3329 habens
826 3287 1196 3345 tegumentum
1236 3296 1249 3332 :
1281 3289 1340 3334 ut
1390 3295 1544 3350 aqua:
1584 3297 1793 3352 magnae
1827 3283 2139 3351 multitudo,

565 3382 691 3434 quae
725 3370 890 3422 trahit
921 3370 1198 3439 regionem
1229 3373 1271 3426 ’.

640 3457 879 3514 ΧΧΧΝ.
921 3461 1196 3517 Reversus
1250 3478 1380 3534 ergo
1430 3463 1697 3520 Elesbaan
1747 3468 1816 3522 ad
1868 3469 2142 3524 civitatem

568 3548 766 3612 I’hare,
803 3568 995 3606 omnes
1023 3553 1319 3619 interemit,
1351 3558 1440 3626 qui
1471 3569 1628 3614 erant
1660 3561 1712 3612 in
1738 3561 1907 3630 regia,
1933 3575 1989 3616 et
2019 3580 2142 3618 cum

571 3642 732 3696 vellet
778 3645 1065 3700 ecclesiam
1118 3649 1173 3700 in
1227 3663 1288 3702 ea
1316 3649 1606 3716 aediﬁcare,
1641 3651 1746 3707 fuit
1786 3653 1901 3723 ipse
1934 3656 2145 3725 primus

569 3733 750 3803 opifex
807 3737 1044 3790 aediﬁcii.
1105 3736 1439 3807 Significavit
1497 3754 1682 3798 autem
1747 3747 1966 3813 omnia,
2024 3763 2146 3817 qua:

572 3834 722 3890 gesta
773 3824 990 3879 fuerant
1015 3865 1029 3888 ,
1067 3829 1307 3897 pontifici
1342 3833 1720 3900 Alexandriae,
1756 3845 1810 3889 et
1857 3847 1956 3906 per
1989 3838 2143 3893 illum

571 3910 791 3968 JuStino
827 3917 1165 3986 imperatori.
1199 3919 1516 3976 Patriarcba
1561 3934 1743 3978 autem
1801 3927 2146 3984 Alexandriae

570 4006 883 4060 ordinatum
938 4011 1258 4080 episcopum
1324 4014 1474 4068 misit
1525 4015 1594 4069 ad
1646 4015 1974 4073 Homeritas.
2041 4021 2145 4086 Qui

570 4113 697 4153 cum
729 4100 836 4153 illis
863 4114 1242 4158 consecrasset
1273 4107 1554 4175 templum,
1587 4111 1734 4178 quod
1766 4110 1944 4166 fuerat
1975 4113 2144 4167 aedifi-

569 4200 773 4255 catum,
805 4191 1045 4261 baptizat
1073 4197 1295 4262 quidem
1335 4213 1546 4262 omnes,
1577 4200 1668 4268 qui
1711 4212 1869 4254 erant
1899 4203 1954 4256 in
2005 4204 2144 4259 civi-

572 4280 776 4333 tatibus
807 4291 862 4334 et
907 4285 1059 4351 pagis
1097 4283 1538 4353 liomeritarum,
1576 4289 1632 4341 in
1676 4293 1900 4346 nomine
1942 4303 2145 4349 sanctae

573 4369 880 4453 Trinitatis.
911 4372 986 4424 Ex
1026 4375 1106 4426 eis
1141 4385 1322 4428 autem
1354 4377 1573 4432 ordinat
1611 4380 1871 4436 diaconos
1919 4393 1976 4438 et
2016 4401 2142 4454 pre-

2253 1909 2352 1979 τὴν
2387 1909 2668 1977 βασίλειον
2705 1911 3057 1979 κατασχόντα
3086 1911 3243 1963 πόλιν
3293 1911 3478 1965 ἐκεῖσε
3512 1918 3826 1985 τυγχάνειν,

2249 2001 2456 2070 σπουδῇ
2469 2017 2526 2052 τε
2551 2001 2626 2062 ὡς
2651 2000 2813 2053 αὐτὸν
2835 2002 3117 2070 ἀφίκοντο,
3147 2003 3242 2054 καὶ
3269 2001 3449 2056 πάντα
3470 2007 3537 2056 τὰ
3569 2008 3831 2076 γενόμενα

2247 2092 2564 2159 διεσάφουν.
2604 2093 2663 2146 Ὀ
2696 2092 2780 2158 δὲ,
2818 2094 3067 2162 φρουρὰν
3099 2093 3157 2145 ὲν
3204 2095 3273 2164 τῇ
3307 2095 3459 2146 πόλει
3491 2098 3826 2166 καταλιπὼν,

2246 2184 2414 2254 ἀπῄει
2452 2184 2549 2236 σὺν
2584 2183 2760 2253 τάχει,
2795 2183 2892 2236 καὶ
2932 2185 3023 2236 τὸν
3053 2187 3298 2238 Δουναὰν
3334 2186 3536 2256 εὑρὼν,
3571 2189 3672 2256 τὴν
3701 2207 3829 2260 χρυ-

2250 2276 2348 2346 σῆν
2407 2275 2628 2345 ἐκείνην
2687 2274 3080 2344 περικείμενον
3146 2274 3362 2340 ἅλυσιν,
3403 2279 3576 2331 αὐτὸν»
3628 2297 3684 2333 τε
3738 2283 3826 2336 καὶ

2247 2367 2375 2429 τοὺς
2401 2368 2691 2434 συγγενεῖς
2722 2365 2957 2427 ἀνεῖλεν,
2987 2366 3319 2428 ἐπιθειάξων
3346 2367 3541 2434 πολλὰ,
3582 2373 3676 2423 καὶ
3702 2375 3827 2441 ἐφη-

2251 2457 2475 2525 δόμενος
2506 2455 2600 2507 ἐπὶ
2628 2457 2738 2517 τοῖς
2774 2456 2990 2524 ἐχθροῖς
3022 2456 3116 2507 τοῦ
3148 2457 3414 2526 Χριστοῦ,
3439 2459 3600 2528 δίκην
3631 2461 3823 2514 διδοῦσι

2253 2548 2366 2600 τῶν
2397 2545 2802 2616 τολμηθέντων,
2859 2541 2934 2597 ὢν
2986 2562 3044 2598 τε
3100 2549 3180 2610 εἰς
3231 2549 3600 2618 Χριστιανοὺς
3639 2554 3823 2616 αὐτοὺς

2248 2640 2343 2691 καὶ
2376 2639 2467 2690 τὸν
2491 2636 2584 2691 τοῦ
2610 2636 2850 2707 Χριστοῦ
2900 2640 3134 2708 σταυρὸν
3181 2640 3639 2712 ἐπλημμέλησαν.
3678 2663 3696 2695 ι
3724 2643 3822 2696 E5.

2249 2730 2627 2800 φρανθήσεται
2661 2734 2771 2798 γάρ
2799 2729 3008 2791 δίκαιος
3027 2733 3076 2800 (ό
3107 2731 3282 2800 μέγας
3311 2733 3414 2803 ἔφη
3444 2735 3655 2801 saeta),
3689 2738 3811 2788 ὅταν

2250 2818 2334 2888 ίδῃ
2369 2819 2671 2889 ἐκδίκησιν.
2715 2837 2734 2870 ι
2764 2822 2862 2875 Διά
2891 2821 3046 2874 τοῦτο
3103 2825 3196 2875 καὶ
3248 2826 3537 2892 γεγόνασιν
3586 2831 3636 2879 οἱ
3670 2845 3824 2898 τραυ-

2251 2910 2439 2975 ματίαι
2473 2909 2670 2971 αὐτῶν,
2708 2929 2726 2962 ι
2767 2913 2827 2963 οὐ
2856 2915 3197 2980 τραυματίαι
3251 2918 3547 2985 μαχαίρας,
3588 2937 3607 2968 ι
3640 2919 3699 2970 τὸ
3734 2917 3820 2970 τοῦ

2251 2998 2394 3050 θείου
2450 3001 2615 3066 φάναι
2650 3001 2899 3067 Ἡσαΐου,
2938 3022 2956 3054 ι
2993 3002 3104 3056 οὔθ’
3133 3006 3182 3057 οί
3213 3009 3400 3076 νεκροὶ
3432 3009 3620 3061 αὐτῶν
3649 3008 3823 3079 νεκροὶ

2250 3092 2513 3161 πολέμου.
2554 3112 2570 3143 ι
2611 3095 2855 3166 Ἰσχυρον
2906 3098 3015 3167 γὰρ
3045 3099 3139 3149 καὶ
3181 3099 3417 3170 σκληρὸν
3446 3104 3473 3154 ό
3510 3103 3682 3170 θυμὸς
3714 3104 3820 3154 Kac

2255 3183 2396 3250 ρίου,
2439 3185 2602 3247 αὑτός
2663 3203 2730 3255 με
2765 3187 3007 3239 διδάσκει
3058 3190 3246 3254 πάλιν,
3283 3191 3358 3253 ὡς
3404 3191 3619 3261 χάλαζα
3660 3209 3821 3245 κατα-

2254 3277 2556 3344 φερομένη,
2589 3278 2690 3329 οὑκ
2719 3278 2922 3347 ἔχουσα
2955 3284 3185 3350 σκέπην,
3211 3282 3285 3346 ὼς
3314 3282 3504 3348 ὓδατος
3537 3285 3671 3338 πολὺ
3698 3282 3825 3354 πλῆ-

2254 3366 2345 3428 θος
2378 3366 2540 3436 σύρον
2573 3369 2780 3439 χώραν.

2322 3456 2443 3512 ΛΔ’.
2499 3461 2665 3524 Αὖθις
2719 3462 2813 3516 οῦν
2849 3464 3204 3536 ὑποστρέψας
3250 3467 3547 3522 Ἐλεσϐαάν
3595 3469 3723 3538 πρὸς
3757 3468 3822 3522 τὰ

2253 3547 2405 3618 Φαρὴ
2438 3551 2535 3620 τὴν
2575 3553 2750 3619 πόλιν,
2789 3554 2993 3618 πάντας
3046 3557 3228 3610 ἀνεῖλε
3275 3561 3402 3622 τοὺς
3450 3562 3507 3612 ἐν
3533 3564 3647 3623 τοῖς
3679 3564 3823 3628 βασι-

2251 3640 2436 3708 λείοις,
2468 3645 2765 3714 ἐκκλησίαν
2786 3663 2845 3699 τε
2873 3649 2930 3700 ἐν
2954 3649 3092 3719 αὐτῇ
3119 3650 3643 3722 οἰκοδομησάμενος,
3671 3653 3822 3714 αὐτὸς

2251 3733 2464 3802 πρῶτος
2493 3737 2794 3808 αὐτουργὸς
2852 3740 2950 3811 τῆς
2999 3742 3293 3813 οἰκοδομῆς
3342 3746 3574 3812 γίνεται.
3610 3747 3818 3818 Ἐδήλου

2251 3841 2310 3878 τε
2338 3827 2406 3879 τὰ
2438 3825 2900 3898 διαπεπραγμένα
2936 3833 3118 3885 πάντα
3176 3835 3254 3902 τῷ
3295 3836 3702 3908 Ἀλεξανδρείας
3733 3838 3822 3907 ἁρ-

2251 3921 2427 3988 χιερεῖ
2465 3923 2560 3972 καί
2608 3921 2677 3973 δι’
2755 3923 2966 3976 ἐκείνου
3029 3926 3300 3998 Ἰουστίνῳ
3354 3929 3432 3999 τῷ
3485 3930 3718 3999 βασιλεῖ.
3762 3929 3818 3982 '0

2254 4013 2439 4080 μέντοι
2515 4016 2864 4088 πατριάρχης
2933 4019 3350 4091 Ἀλεξανδρείας
3413 4027 3814 4092 χειροτονήσας,

2250 4104 2551 4159 ἐπίσκοπον
2585 4111 2694 4170 τοῖς
2737 4109 3062 4180 Ὀμηριταῖς
3111 4114 3428 4184 ἐξέπεμπεν
3451 4131 3464 4145 ·
3528 4115 3586 4177 ὃς
3620 4118 3708 4166 καὶ
3736 4115 3819 4165 τὸν

2250 4197 2676 4267 οἰκοδομηθέντα
2729 4201 3080 4270 καθαγιάσας
3117 4205 3245 4258 ναὸν
3278 4206 3538 4275 βαπτίζει
3574 4210 3674 4277 μὲν
3704 4209 3820 4269 τοὺς

2250 4290 2308 4340 ἐν
2350 4291 2470 4351 ταῖς
2501 4291 2693 4345 πόλεσι
2747 4295 2844 4346 καὶ
2878 4294 3086 4365 χώραις
3144 4299 3254 4350 τῶν
3301 4300 3615 4370 Ὀμηριτῶν
3655 4301 3819 4354 amv-

2249 4395 2370 4444 τας,
2421 4382 2480 4433 ἐν
2525 4380 2603 4451 τῷ
2641 4383 2739 4452 τῆς
2776 4384 2939 4453 ἁγίας
2993 4388 3221 4457 Τριάδος
3255 4389 3513 4460 ὀνόματι·
3549 4392 3815 4450 διακόνους

572 4446 854 4530 sbyteros;
896 4471 950 4516 et
983 4465 1246 4532 ccclesiis,
1282 4483 1402 4537 qua:
1432 4471 1664 4526 erantin
1698 4473 1938 4544 regione,
1971 4477 2144 4533 reddit

2251 4471 2309 4524 δὲ
2343 4470 2403 4535 ἐξ
2431 4446 2614 4525 αὑτων
2649 4446 2747 4526 καὶ
2772 4446 3556 4552 πρεσϐυτέρους-χειροτονεῖ,
3613 4485 3704 4536 καὶ
3732 4487 3820 4549 τὴν

571 4560 773 4606 statum
804 4567 964 4608 suum
995 4555 1233 4612 solitum.

642 4731 862 4788 XXXV.
924 4734 1317 4792 Divinissimus
1361 4749 1542 4796 autem
1585 4759 1678 4798 rex
1726 4745 1844 4816 ipse
1887 4747 2149 4805 Elesbaan

577 4821 740 4878 simul
768 4841 891 4878 cum
923 4841 989 4879 eo
1024 4828 1173 4880 venit
1204 4828 1435 4898 Nagram
1482 4843 1781 4904 martyrum
1828 4838 2148 4907 civitatem;

573 4926 629 4968 et
685 4931 809 4970 cum
859 4917 971 4971 illic
1028 4919 1386 4976 exstruxisset
1435 4925 1742 4992 ecclesiam,
1807 4940 1860 4982 et
1911 4933 2153 5002 quinque

574 5008 952 5075 possessiones
1017 5011 1194 5081 regias
1267 5013 1318 5066 ei
1389 5017 1760 5084 attribuisset,
1827 5029 1886 5075 et
1952 5024 2153 5080 deinde

573 5101 738 5151 etiam
773 5117 836 5154 ex
869 5104 1124 5174 martyris
1149 5107 1371 5160 Arethae
1401 5111 1842 5177 possessionibus
1893 5123 2004 5170 tres
2053 5117 2154 5172 ad-

575 5185 818 5250 didisset,
874 5199 934 5242 ut
973 5191 1065 5245 ille
1100 5195 1460 5252 mandaverat
1513 5199 1568 5252 in
1617 5200 1724 5254 line
1775 5205 2042 5274 martyrii,
2097 5215 2154 5261 et

576 5279 883 5348 collegisset
933 5297 1146 5349 omnes,
1175 5288 1271 5356 qui
1313 5289 1532 5346 fuerant
1565 5293 1770 5348 redacti
1818 5294 1872 5348 in
1923 5299 2154 5352 servitu-

580 5377 713 5434 tem,
755 5380 810 5426 et
844 5372 980 5428 alias
1007 5376 1238 5446 dispersi
1264 5379 1320 5433 in
1347 5390 1591 5451 tempore
1626 5387 2034 5453 persecutionis
2054 5431 2070 5456 ,
2098 5398 2156 5444 et

576 5460 796 5516 Arethte
823 5468 1074 5536 martyris
1107 5469 1275 5524 lilium
1309 5472 1503 5527 ducem
1536 5476 1715 5545 gentis
1752 5481 2154 5547 conmituisset,

574 5561 630 5605 et
657 5569 842 5609 curam
873 5559 1133 5626 gessisset
1186 5564 1313 5630 loci,
1349 5564 1406 5617 in
1448 5581 1557 5634 quo
1610 5569 1868 5637 jacebant
1915 5572 1988 5626 ibi
2021 5589 2154 5628 con-

576 5659 859 5702 summatm
908 5662 1205 5724 martyrum
1260 5657 1543 5727 reliquiae,
1607 5670 1661 5715 et
1718 5663 1808 5731 jus
1859 5664 1994 5733 asyli
2043 5664 2156 5722 illic

657 5826 675 5856 τ
700 5828 844 5886 Psal.
876 5849 920 5886 ι·
947 5852 1004 5900 ιι,
1041 5839 1120 5891 ll.

1207 5841 1227 5870 ⁸
1255 5841 1357 5898 lsa.
1393 5860 1527 5906 un,
1555 5845 1606 5898 ‘2.
1701 5847 1720 5877 ’
1746 5845 1847 5900 lsa.
1886 5863 2079 5911 xxvut.
2113 5851 2170 5908 2.

2249 4563 2418 4634 ἀλλην
2448 4568 2850 4639 νενομισμένην
2875 4571 2995 4633 ταῖς
3023 4573 3167 4625 κατά
3189 4574 3354 4625 τόπον
3385 4575 3708 4646 ἐκκλησίαις
3734 4592 3822 4627 κα-

2249 4655 2515 4707 τάστασιν
2549 4657 2902 4714 ἀποδίδωσιν.

2321 4745 2447 4800 AE'.
2506 4748 2681 4812 Αὐτὸς
2725 4750 2781 4801 δὲ
2821 4753 2850 4803 ό
2892 4751 3170 4819 θειότατος
3215 4756 3473 4826 βασιλεὺς
3510 4757 3816 4820 Ἐλεσϐαὰν,

2250 4836 2368 4905 ἃμα
2399 4839 2548 4908 αὑτῷ
2572 4841 2650 4902 εἰς
2679 4839 2901 4911 Νεγρὰν
2927 4843 3028 4915 τὴν
3061 4847 3171 4899 τῶν
3198 4849 3496 4919 μαρτύρων
3520 4853 3815 4920 ἀφικνεῖται

2251 4929 2408 4981 πόλιν
2433 4944 2448 4961 ο
2491 4931 2716 4983 κάκεῖσε
2767 4933 3151 5005 δομησάμενο;
3188 4939 3506 5010 ἐκκλησίαν,
3556 4947 3646 4995 καὶ
3674 4944 3819 4995 πέντε

2251 5021 2364 5072 τῶν
2393 5019 2694 5090 βασιλικῶν
2723 5029 3021 5096 κτημάτων
3071 5030 3132 5082 ἐν
3183 5031 3321 5100 αὐτῇ
3365 5035 3665 5101 ἀποτάξας,
3712 5032 3817 5085 εἶτα

2253 5114 2346 5164 κα¹ι
2373 5115 2438 5166 ἐκ
2473 5112 2586 5169 τῶν
2630 5114 2728 5167 τοῦ
2781 5119 3064 5190 μάρτυρος
3114 5122 3314 5194 Ἀρέθα
3357 5126 3486 5194 τρία
3543 5126 3811 5196 προσθεὶς,

2252 5203 2327 5267 ὡς
2361 5206 2573 5270 ἐκεῖνος
2603 5211 2734 5281 περὶ
2765 5212 2837 5263 τὰ
2877 5212 2978 5282 τῆς
3009 5217 3320 5286 μαρτυρίας
3346 5218 3474 5289 τέλη
3530 5221 3815 5288 ἐπέσκηψε.

2258 5298 2468 5360 πάντας
2500 5316 2560 5352 τε
2589 5317 2719 5364 τους
2763 5303 3332 5376 ἡνδραποδισμένους,
3379 5313 3474 5363 καὶ
3505 5314 3629 5374 τοὺς
3659 5313 3820 5372 ἄλλως

2264 5386 2792 5463 διεσκορπισμένους
2827 5396 2885 5449 ἐν
2928 5397 3008 5468 τῷ
3037 5399 3134 5453 τοῦ
3161 5401 3407 5472 διωγμοῦ
3473 5405 3647 5475 καιρῷ
3695 5419 3813 5455 συν-

2255 5478 2502 5549 θροισᾱς,
2555 5487 2650 5537 καὶ
2679 5485 2772 5539 τὸν
2801 5485 2896 5539 τοῦ
2932 5487 3078 5542 θείου
3105 5494 3415 5564 ⁵μάρτυρος
3453 5495 3648 5565 Ἀρέθοι
3691 5493 3818 5558 υἱὸν,

2256 5573 2354 5626 τοῦ
2407 5573 2596 5640 ἔθνους
2646 5579 2892 5650 ἀρχηγὸν
2919 5585 3301 5656 καταστήσας,
3353 5586 3822 5659 ἐπιμελησάμενὸς

2254 5681 2315 5718 τε
2381 5668 2541 5723 τοῦτό
2599 5688 2705 5725 που
2737 5675 2792 5728 ὲν
2819 5667 2865 5744 ᾧ
2905 5676 2977 5730 τά
3005 5678 3114 5732 τῶν
3147 5681 3449 5754 μαρτύρων
3482 5681 3822 5736 τελειωθέντα
