4132 6444
506 374 639 438 i289

1610 373 2077 434 MARTYRIUM
2120 375 2177 435 S.
2226 375 2630 441 MARCIANL

3624 381 3760 445 1290

497 488 679 545 ἔκειτο
713 479 970 552 λείψανα,
1024 482 1117 536 καὶ
1153 481 1385 537 ἀσυλίαν
1448 484 1631 535 ἐκεῖσε
1667 482 2071 552 διορισάμενος,

2179 485 2597 553 constituisset,
2651 486 2800 543 radit
2858 488 3057 543 iterum
3108 490 3163 544 in
3210 491 3434 562 regiam.
3485 491 3586 547 ULi
3635 511 3762 553 cum

493 577 680 632 ἄπεισι
711 576 807 631 καὶ
854 574 992 647 πρὲις
1034 577 1106 628 τὰ
1141 573 1425 643 βασίλεια·
1462 573 1558 627 καὶ
1593 574 1708 637 τοῖς
1747 574 2075 644 Ὀμηρίταις

505 669 808 742 ’Δόράμιόν
854 685 999 733 τινα,
1056 667 1227 736 ἀνδρα
1274 664 1502 736 θεοφιλῆ
1556 664 1653 719 καὶ
1703 664 1782 735 τῷ
1829 663 2073 735 Χριστοῦ

491 761 720 831 ὀνόματι
764 758 1189 830 σεμνυνόμενον,
1225 756 1453 828 βασιλέα
1487 757 1878 828 χειροτονήσας
1908 755 1986 827 τῷ
2015 774 2073 810 τε

495 854 777 924 ὁσιωτάτῳ
821 852 1110 923 ἐπισκόπῳ
1166 849 1297 917 περί
1330 867 1431 902 που
1482 849 1710 921 μυρίους
1764 849 1876 902 τῶν
1934 850 2073 920 Χρι-

494 945 728 999 στιανῶν
778 945 1055 1001 Αἰθιόπων
1105 939 1405 1013 παραδοὺς,
1460 942 1706 995 ἐπάνεισι
1745 941 1954 1011 χαίρων
1986 943 2069 1003 είς

491 1036 567 1091 τὸ.
597 1037 775 1090 οἰκεία
828 1036 1075 1108 βασίλεια
1119 1035 1259 1106 μετὰ
1296 1033 1559 1104 λαφύρων
1619 1033 1713 1086 καὶ
1747 1032 1917 1095 λείας,
1954 1033 2073 1086 οὐδὲ

492 1126 713 1199 ἀριθμῷ
765 1127 1039 1199 ληφθῆναι
1105 1127 1319 1200 ῥᾳδίας,
1371 1127 1473 1180 οὐκ
1521 1124 1711 1196 ὀλίγην
1772 1124 2074 1196 χρημάτων

495 1219 809 1291 ἀπόμοιραν
836 1220 931 1273 καὶ
952 1218 1031 1290 τῷ
1063 1217 1280 1290 στρατῴ
1310 1217 1548 1280 διαδούς.

562 1309 704 1380 AG".
756 1310 1148 1382 ’Δμειϐόμενος
1175 1309 1234 1363 δὲ
1271 1311 1364 1363 τὸν
1389 1308 1526 1362 θεὸν
1557 1309 1657 1379 τῆς
1690 1307 1964 1379 τοσαύτης
1993 1307 2074 1360 νία

493 1420 593 1471 κης
620 1401 716 1454 καὶ
747 1403 991 1474 χάριτος,
1029 1401 1225 1455 ἐαυτὸν
1260 1400 1317 1454 δὲ
1349 1400 1551 1471 μᾶλλον
1595 1400 1765 1468 ἀξιῶν
1793 1401 1904 1454 τῶν
1955 1417 2075 1470 μειυ

492 1494 685 1559 ζόνων,
718 1496 780 1548 τὸ
817 1493 917 1565 μὲν
939 1494 1178 1565 διάδημα
1212 1494 1272 1546 τὸ
1307 1493 1581 1563 βασίλειον
1610 1493 1690 1556 εἰς
1724 1492 2073 1563 Ἰεροσόλυμα

491 1585 737 1655 πέμψας,
776 1588 832 1638 ἐν
862 1584 939 1655 τῷ
969 1584 1064 1639 τοῦ
1095 1584 1335 1656 Χριστοῦ
1361 1584 1491 1657 θείῳ
1519 1585 1610 1638 καὶ
1641 1584 1911 1659 ζωηφόρῳ
1937 1590 2074 1657 μνή-

492 1694 624 1747 ματι
658 1677 1014 1748 ἀνατίθησινο
1051 1678 1214 1742 αὐτὸς
1262 1676 1319 1730 δὲ
1369 1677 1586 1748 τρίχινα
1635 1677 1812 1742 ἐνδὺς,
1843 1678 1940 1730 καὶ
1978 1694 2069 1731 νυο

490 1767 617 1830 κτδς
643 1768 753 1822 τῶν
784 1767 1083 1839 βασιλείων
1130 1770 1227 1822 καὶ
1274 1768 1442 1838 αὐτῆς
1497 1766 1810 1833 ὑπεξελθὼν
1840 1767 1944 1838 τῆς
1976 1768 2073 1822 πό-

489 1860 648 1924 λεως,
681 1859 768 1931 ἐφ’
820 1860 879 1913 ἓν
913 1860 1024 1915 τῶν
1056 1861 1233 1932 ὁρέων
1272 1860 1482 1915 ἄνεισιν
1538 1862 1620 1924 εἰς
1648 1860 1860 1930 ἀνδρῶν
1902 1877 2071 1932 μονα-

491 1954 739 2024 στήριον,
772 1954 832 2007 ἐν
878 1953 1108 2025 οἰκίσκῳ
1139 1971 1199 2008 τε
1227 1954 1427 2028 βραχεῖ
1470 1954 1926 2026 ἐγκλεισάμενος,
1973 1954 2071 2010 καὶ

490 2045 820 2115 συνθέμενος
856 2047 980 2118 μηδ’
1025 2048 1156 2118 ὅλης
1198 2046 1413 2100 ἐκεῖθεν
1441 2047 1546 2119 τῆς
1600 2044 1748 2116 ζωῆς
1795 2043 2061 2113 ἐξελθεῖν,

487 2135 790 2209 ἀσκητικὸν
837 2139 1158 2195 ἐπανείλετο
1208 2138 1345 2211 βίον,
1380 2138 1551 2208 μηδὲν
1578 2136 1926 2209 κτησάμενος
1959 2137 2069 2191 τῶν

488 2228 585 2282 τοῦ
645 2232 854 2301 κόσμου
890 2230 1008 2285 ἀλλ’
1042 2231 1075 2305 ἢ
1116 2231 1293 2303 μόνην
1321 2230 1523 2302 ψίαθον
1551 2230 1645 2284 καὶ
1680 2229 1961 2284 κωθὼνιον
1990 2230 2073 2295 εἰς

496 2318 688 2384 ὓδατος
720 2321 1029 2388 κοινωνίαν,
1060 2323 1209 2396 ἄρτῳ
1236 2339 1294 2375 τε
1328 2322 1521 2395 βραχεῖ
1550 2322 1643 2378 καί
1670 2320 1821 2375 ὕδατι
1853 2320 2071 2387 ἀποζῶν

492 2415 584 2468 καὶ
634 2414 891 2487 λαχάνοις
940 2415 1192 2487 χλωροῖς,
1238 2415 1293 2471 εί
1322 2416 1426 2469 πού
1478 2432 1561 2478 τις
1594 2415 1828 2483 ἐνέγκοι,
1865 2414 1941 2486 μὴ
1964 2414 2071 2467 τῶν

490 2507 780 2577 κοσμικῶν
827 2525 951 2561 τινα
1013 2507 1357 2579 θεασάμενος
1412 2508 1472 2561 ἐν
1527 2507 1626 2580 ὅλῃ
1670 2506 1808 2577 ζωῇ,
1851 2507 1927 2578 μὴ
1982 2505 2071 2576 ἐφ’

485 2600 664 2671 δτέρῳ
695 2601 805 2655 τινί
838 2599 1181 2673 μετεωρίσας
1211 2600 1305 2655 τὸν
1352 2599 1502 2666 νοῦν,
1535 2598 1654 2655 ἀλλ’
1682 2597 1716 2671 ἢ
1750 2598 1898 2670 μόνῳ
1947 2597 2070 2670 Θεῷ

488 2692 869 2764 προσανέχων.
925 2691 1115 2756 Οὕτως
1173 2691 1448 2763 ἀσκήσας,
1502 2688 1649 2745 οὕτω
1691 2690 1924 2763 τελευτᾷ
1977 2693 2071 2745 τὸν

492 2782 631 2855 βίον,
673 2786 733 2838 ἐν
765 2785 993 2857 Χριστῷ
1037 2784 1219 2858 Ἰησοῦ
1272 2785 1351 2855 τῷ
1389 2783 1584 2856 Κυρίῳ
1618 2781 1801 2852 ἡμῶν,
1840 2776 1885 2851 ᾧ
1932 2784 2070 2854 πρέ·-

490 2893 580 2931 πει
608 2879 758 2932 πᾶσα
802 2877 951 2944 δόξα,
971 2878 1109 2951 τιμὴ
1130 2875 1490 2949 μεγαλωσύνη
1516 2892 1576 2929 τε
1603 2876 1698 2929 καί⁵
1724 2874 2073 2946 μεγαλοπρέ-

492 2986 645 3034 πεια,
683 2969 779 3024 νῦν
813 2970 910 3024 καὶ
936 2972 1024 3025 ἀεὶ
1056 2970 1156 3027 καὶ
1186 2971 1269 3037 εἰς
1298 2970 1427 3034 τοὺς
1460 2969 1661 3034 αἰῶνας
1692 2965 1802 3022 τῶν
1831 2968 2067 3025 αἰώνων.

502 3061 562 3115 ’Δ
570 3062 700 3137 μήν.

2179 575 2478 634 Homeritis
2532 581 2850 635 Ahramium
2899 581 3191 650 quemdam
3242 582 3424 638 virum
3472 584 3648 656 pium,
3708 598 3765 643 et

2177 666 2381 725 Christi
2411 672 2635 726 nomine
2667 671 2994 742 gloriantem
3021 673 3275 743 elegisset
3303 688 3517 744 regem,
3556 686 3612 729 et
3635 690 3763 730 san-

2178 761 2425 817 ctissimo
2460 761 2723 833 episc0po
2752 763 2819 817 ad
2856 763 3049 820 decem
3095 764 3265 818 millia
3316 766 3761 825 Christianorum

2177 852 2498 924 Althioputn
2536 855 2870 922 tradidisset,
2907 856 3064 911 iretus
3094 857 3237 912 redit
3266 856 3323 911 in
3365 872 3519 913 suam
3558 861 3761 932 regiam

2178 958 2302 999 cum
2339 945 2517 1014 praeda
2543 954 2598 999 et
2641 945 2834 1016 spoliis
2862 946 3394 1012 innumerabilibus,
3421 950 3559 1006 dans
3594 954 3760 1010 ctiam

2178 1039 2441 1092 exercitui
2477 1053 2586 1094 non
2629 1054 2851 1112 parvam
2890 1040 3139 1113 pecuniae
3177 1041 3509 1113 portionem.

2246 1302 2485 1361 XXXVI.
2531 1303 2642 1360 Deo
2671 1315 2851 1359 autem
2898 1320 3064 1378 agens
3109 1306 3312 1377 gratias
3352 1322 3452 1378 pro
3490 1317 3637 1363 tanta
3677 1300 3762 1362 vi-

2176 1399 2349 1454 ctoria
2393 1405 2449 1452 et
2493 1397 2691 1469 gratia,
2730 1397 3030 1468 volensque
3072 1398 3314 1468 seipsum
3367 1399 3592 1471 dignum
3642 1400 3765 1457 red-

2175 1492 2307 1547 dere
2361 1490 2703 1563 majoribus,
2760 1505 2888 1546 cum
2952 1491 3204 1547 diadema
3263 1491 3488 1562 quidem
3546 1493 3761 1564 regium

2177 1584 2413 1640 misisset
2465 1582 2918 1654 Hierosolymam,
2972 1582 3090 1654 ipse
3138 1583 3365 1641 indutus
3427 1584 3647 1650 cilicio,
3705 1595 3763 1640 ct

2175 1687 2341 1734 noctu
2379 1691 2635 1750 egressus
2665 1690 2696 1731 e
2732 1676 2881 1745 regia
2936 1685 2992 1731 et
3035 1676 3156 1748 ipsa
3204 1675 3461 1743 civitate,
3511 1678 3763 1734 ascendit

2176 1770 2233 1825 in
2269 1786 2438 1825 unum
2476 1779 2718 1824 montem
2759 1770 2828 1823 ad
2878 1769 3277 1825 monasterium
3325 1769 3609 1837 virorum,
3662 1772 3759 1841 qui

2173 1863 2597 1920 exercebantur.
2632 1861 2699 1943 [ίξι
2731 1878 2861 1919 eum
2901 1878 2962 1918 se
2997 1861 3051 1917 in
3082 1864 3279 1935 exigua
3327 1861 3618 1919 clausisset
3664 1866 3763 1919 do-

2172 1957 2456 2021 muncula,
2491 1964 2549 2011 et
2578 1954 2843 2011 voluisset
2890 1955 3043 2012 illinc
3082 1969 3195 2011 non
3224 1956 3409 2027 egredi
3455 1964 3568 2013 toto
3620 1963 3759 2013 tem-

2172 2062 2308 2118 pore
2349 2047 2510 2113 vitae,
2556 2046 2800 2118 regulam
2841 2048 3086 2118 suscepit
3130 2049 3492 2105 monasticam
3517 2085 3533 2112 ,
3569 2062 3636 2103 ex
3691 2047 3759 2104 iis

2172 2155 2293 2210 quae
2345 2147 2475 2194 sunt
2517 2138 2707 2193 mundi
2776 2137 2912 2192 nihil
2965 2136 3255 2211 possidens
3329 2147 3532 2212 prater
3581 2137 3756 2195 solam

2174 2240 2452 2295 stoream,
2502 2239 2560 2285 et
2617 2230 2879 2302 poculum
2942 2228 3011 2284 ad
3068 2243 3264 2299 aquam
3320 2228 3656 2295 bibendam,
3704 2239 3758 2283 et

2172 2337 2350 2396 pauco
2382 2336 2525 2393 pane
2557 2330 2613 2377 et
2642 2336 2783 2392 aqua
2823 2321 3049 2385 vivens,
3081 2331 3140 2376 et
3174 2319 3421 2375 oleribus
3452 2320 3720 2377 viridibus
3742 2362 3759 2386 ,

2172 2417 2218 2471 si
2258 2416 2384 2486 quis
2430 2413 2670 2479 aﬂ‘erret,
2703 2429 2827 2469 cum
2860 2414 3072 2468 nullum
3104 2428 3170 2468 ex
3200 2412 3497 2467 mundanis
3531 2413 3763 2469 vidisset

2173 2512 2288 2560 tcta
2339 2504 2471 2570 vita,
2518 2519 2633 2560 non
2686 2504 2753 2558 ad
2813 2501 3017 2575 aliquid
3065 2502 3214 2558 aliud
3259 2511 3499 2559 mentem
3552 2502 3761 2559 habens

2171 2606 2436 2659 erectam,
2488 2595 2599 2651 nisi
2658 2595 2726 2650 ad
2778 2594 2882 2650 soli
2951 2593 3066 2650 Deo
3131 2594 3460 2668 vacandum.
3514 2594 3764 2665 Denique

2172 2705 2298 2746 cum
2328 2689 2420 2745 diu
2452 2688 2531 2744 sic
2558 2702 2619 2745 se
2645 2686 2834 2743 divine
2869 2686 3245 2755 exercuisset,
3284 2687 3368 2744 sic
3396 2686 3562 2743 etiam
3592 2700 3625 2741 e
3650 2686 3761 2740 vita

2172 2781 2413 2845 excedit,
2476 2780 2538 2835 in
2585 2779 2810 2835 Christo
2850 2778 2982 2835 Jesu
3033 2778 3267 2837 Domino
3324 2787 3541 2843 nostro,
3596 2791 3762 2847 quem

2173 2875 2331 2930 decet
2361 2873 2543 2929 omnis
2574 2872 2768 2945 gloria,
2805 2873 2983 2928 bonos
3027 2882 3082 2931 et
3130 2871 3417 2928 veneratio
3441 2911 3457 2938 ,
3508 2884 3659 2925 nunc
3705 2877 3762 2930 et

2173 2982 2411 3038 semper,
2446 2975 2502 3023 et
2530 2966 2584 3020 in
2620 2965 2819 3021 saecula
2852 2963 3199 3023 saeculorum.
3233 2964 3433 3021 Amen.

496 3217 3724 3266 Μ

1117 3395 1757 3483 ΜΑΡΤΥΡΙΟΝ
1828 3393 2058 3481 ΤΩΝ
2135 3389 2476 3478 ΑΓΙΩΝ
2554 3385 3149 3479 ΜΑΡΤΥΡΩΝ

866 3583 1859 3729 ΜΑΡΚΙΑΝΟΥ
1991 3582 2293 3717 ΚΑΙ
2415 3579 3395 3719 ΜΑΡΤΥΡΙΟΥ

1846 3821 1984 3878 ΤΩΝ
2029 3820 2401 3879 ΝΟΤΔΡΙΩΝ.

1222 4177 1768 4271 MARTYBI
1792 4177 1955 4271 UM
2065 4178 2223 4270 SS.
2334 4171 3012 4267 MARTYRUM

920 4397 1852 4595 MARCIANI
1985 4402 2235 4555 ET
2373 4397 3335 4555 MARTYRII
3468 4336 3475 4341 ’

1887 4666 2363 4726 NOTARIORUM.

1037 4828 1237 4894 (Latine
1267 4846 1348 4895 ap.
1377 4832 1575 4882 Surium
1604 4832 1665 4881 ad
1698 4832 1828 4881 diem
1856 4832 1918 4881 25
1942 4830 2191 4890 Octobris,
2225 4831 2398 4881 Grece
2423 4840 2486 4877 ex
2523 4828 2632 4877 cod.
2657 4840 2749 4877 ms.
2790 4828 2947 4878 Paris.
2977 4842 3028 4878 n.
3055 4828 3218 4890 148M

565 5158 648 5219 ΔΖ
697 5153 1071 5230 Ἐπεχωρίαζε
1120 5154 1220 5226 μέν
1272 5153 1368 5210 καὶ
1407 5153 1675 5226 πρότερον
1710 5154 1812 5225 ἤδη
1858 5153 1920 5209 τὸ
1966 5154 2071 5208 τῶν

2252 5153 2293 5210 Ι.
2324 5154 2652 5209 Versabatur
2702 5152 2924 5224 quidem
2964 5153 3076 5225 jam
3112 5167 3333 5224 quoque
3380 5153 3533 5224 prius
3562 5154 3761 5225 dogma

506 5250 804 5328 ’Δρειανῶν
850 5248 1027 5318 δόγμα
1064 5248 1133 5318 τῇ
1184 5243 1478 5317 Ῥωμαίων
1531 5245 1880 5317 ἐπικρατείᾳ,
1928 5246 2070 5317 μέρη

2174 5245 2435 5302 Arianum
2491 5246 2545 5299 in
2586 5243 2796 5299 ditione
2828 5241 3227 5311 Romanorum,
3259 5252 3316 5300 et
3357 5246 3610 5303 vastabat
3638 5249 3759 5320 ejus

494 5356 556 5395 τε
584 5343 752 5411 αὐτῆς
774 5337 1120 5410 ἐλυμαίνετο,
1152 5337 1249 5392 καὶ
1278 5335 1407 5400 τοὺς
1432 5335 1664 5399 πολλοὺς
1695 5334 1758 5389 τὸ
1785 5334 2071 5407 ὁμοούσιον

2175 5345 2378 5406 partes,
2411 5352 2516 5392 nec
2547 5335 2765 5391 sinebat
2793 5334 2987 5405 vulgus
3030 5334 3366 5393 ortbodoxos
3420 5352 3558 5408 pure
3614 5342 3759 5396 tueri

495 5429 752 5500 καθαρῶς
783 5430 1108 5498 πρεσϐεύειν
1146 5430 1248 5482 οὐκ
1285 5428 1375 5483 εία
1412 5442 1429 5460 ⁸
1476 5429 1595 5484 ἀλλ’
1636 5427 1790 5483 οὔπω
1830 5425 2071 5483 τοσαῦτα

2174 5430 2531 5486 liomousiou.
2573 5428 2682 5485 Sed
2718 5429 2961 5485 nondum
2998 5428 3052 5485 id
3086 5429 3287 5484 malum
3321 5438 3470 5486 tanta
3503 5433 3760 5492 utebatur

495 5519 945 5593 ἐπαρρησιάσατο
991 5522 1054 5572 τὸ
1082 5522 1254 5573 κακὸν
1284 5520 1407 5574 οὐδὲ
1448 5519 1738 5582 τοσούτους
1777 5511 1893 5586 εἶχε
1945 5518 2071 5581 τοὺς

2174 5521 2447 5587 libertate,
2482 5539 2582 5577 nec
2633 5522 2868 5578 habebat
2902 5530 3011 5576 tam
3048 5521 3270 5586 multos,
3306 5522 3398 5593 qui
3428 5524 3477 5579 ei
3509 5524 3759 5581 adhaere-

495 5612 645 5680 αὐτῷ
689 5608 1145 5679 προσκειμένους,
1195 5609 1357 5682 Ἀρτι
1393 5610 1449 5666 δὲ
1496 5610 1598 5680 τῆς
1643 5609 1924 5681 βασιλείας
1975 5609 2071 5662 ἐπὶ

2179 5620 2319 5664 rent.
2355 5611 2491 5665 Cum
2533 5620 2714 5666 autem
2762 5612 2875 5682 jam
2905 5613 3151 5668 venisset
3196 5612 3486 5684 imperium
3516 5615 3582 5671 ad
3617 5615 3762 5674 Con-

496 5700 900 5765 Κωνστάντιον,
933 5699 1028 5754 τὸν
1072 5699 1168 5755 τοῦ
1214 5701 1453 5773 μεγάλου
1492 5700 1914 5756 Κωνσταντίνου
1948 5700 2068 5771 τρί-

2178 5703 2462 5767 stantium,
2487 5702 2654 5757 tilium
2689 5703 2867 5776 Magni
2882 5703 3249 5770 Constantini,
3278 5722 3441 5775 quem
3475 5708 3639 5763 etiam
3688 5724 3757 5769 ex

493 5808 586 5847 τον
615 5791 781 5846 παῖδα
807 5788 1090 5861 ἐλθούσης,
1120 5791 1180 5845 δν
1207 5794 1267 5845 αἱ
1299 5792 1527 5862 πράξεις
1561 5792 1737 5864 μέγαν
1761 5793 2011 5864 ἐκάλουν,
2038 5794 2070 5846 d

2175 5793 2341 5851 rebus
2390 5795 2561 5867 gestis
2606 5792 2858 5865 Magnum
2912 5805 3199 5863 vocarunt,
3230 5796 3449 5852 invidia:
3502 5809 3659 5869 pater
3703 5810 3760 5856 et

819 5887 1094 5950 Parnm.
1135 5890 1251 5952 Gn.
1293 5889 1458 5953 CXV
1469 5935 1485 5953 .
3309 5890 3378 5955 41
