4132 6450
460 326 588 394 1291

1759 322 2042 385 MENSIS
2079 325 2441 387 OCTOBER.

3595 322 3742 390 1292

460 439 615 495 bonis
644 440 712 496 ab
750 440 908 494 initio
938 437 1189 491 invidens
1237 435 1513 503 inimicus,
1550 452 1658 491 non
1700 438 1889 492 valens
1919 451 2031 506 per-

2149 438 2243 493 τοῦ
2282 438 2478 506 φθόνου
2516 436 2700 508 πατὴρ
2727 436 2816 489 καὶ
2845 439 2959 499 τοῖς
2992 436 3217 506 ἀγαθοῖς
3240 436 3452 494 ἀνωθεν
3491 438 3741 510 βασκαί-

459 534 691 587 suadere
730 531 1079 593 Christianis,
1120 537 1175 581 ut
1205 544 1268 582 ea
1329 528 1677 599 repellerent,
1715 545 1834 599 qua:
1877 539 2038 584 erant

456 623 918 686 Christianorum,
948 638 1047 693 per
1090 620 1379 692 quosdam,
1414 621 1506 692 qui
1564 620 1779 677 fuerant
1812 621 2038 693 indigne

456 716 636 787 adepti
689 716 1011 785 dignitatem
1068 714 1381 780 sacerdotii,
1416 730 1474 769 se
1517 714 1841 770 Constantio
1899 713 2037 770 insi-

456 822 653 868 nuans,
708 821 833 858 eum
884 812 1056 858 totum
1108 814 1372 873 quantum
1439 803 1647 859 inducit
1700 805 1769 859 ad
1824 802 2037 859 Ariani-

452 914 652 952 snium.
682 897 823 951 llinc
863 896 995 950 illud
1027 896 1253 967 impium
1304 895 1497 967 dogma
1530 896 1884 959 Arianorum,
1917 904 2037 950 tan-

452 1003 616 1055 quam
651 1001 803 1039 arma
855 985 1060 1055 al'qua,
1099 986 1416 1055 impositum
1451 987 1712 1063 potentiae
1746 986 2037 1056 imperato-

453 1080 552 1144 ris,
603 1079 938 1134 dilatabatur
985 1086 1041 1133 et
1099 1079 1420 1149 augebatur,
1454 1087 1510 1132 et
1553 1086 2037 1147 quantamcunque

451 1172 732 1239 regionem
771 1170 1146 1225 Romanorum
1180 1170 1404 1225 tenebat
1450 1168 1765 1239 imperium,
1794 1184 1892 1238 per
1927 1170 2035 1224 vim

451 1261 818 1317 contendebat
855 1261 922 1315 ad
955 1276 1108 1316 suam
1163 1260 1435 1315 adducere
1492 1259 1832 1329 opinionem.
1865 1258 1948 1314 Ob
1981 1259 2036 1315 id

450 1351 635 1424 igitur,
671 1352 762 1422 qui
814 1351 1092 1406 homousii
1129 1351 1389 1405 tenebant
1438 1349 1781 1418 opinionem,
1817 1359 1873 1404 et
1914 1366 2037 1421 quas

451 1455 579 1499 sunt
608 1442 1048 1498 Christianorum
1084 1442 1437 1507 exercebant,
1477 1450 1537 1494 ut
1568 1438 1915 1495 Christianos
1937 1441 2035 1497 de-

449 1545 559 1599 cet,
604 1534 982 1589 adiciebantur
1036 1531 1193 1585 malis
1252 1530 1767 1596 innumerabilibus,
1802 1531 2035 1586 maxime

448 1644 572 1684 cum
606 1627 878 1682 Eusebius
909 1636 964 1681 et
993 1623 1277 1694 Philippus
1337 1624 1591 1695 (quorum
1644 1624 1783 1678 alter
1813 1624 2033 1693 quidem

447 1730 678 1775 ornatus
710 1719 890 1773 fuerat
939 1717 1147 1771 honore
1195 1714 1497 1786 pnepositi,
1532 1714 1816 1785 Philippus
1848 1723 2032 1769 autem

448 1822 570 1868 erat
601 1810 891 1883 praefectus
926 1806 1201 1880 praetorio)
1239 1806 1478 1861 fuissent
1506 1806 1830 1862 Constantio
1863 1806 2032 1862 fomes
2065 1787 2107 1844 Β

445 1902 650 1955 amoris
680 1900 1031 1955 Arianorum.
1067 1896 1164 1952 Isti
1214 1896 1279 1952 ad
1316 1896 1537 1951 beatum
1568 1896 1797 1951 Paulum
1832 1896 2029 1966 expelli

448 1993 515 2048 ab
543 1992 811 2058 Ecclesia,
836 2000 890 2048 et
919 1991 1147 2062 impium
1178 1990 1299 2061 ejus
1323 1989 1444 2043 loco
1472 1988 1744 2045 introduci
1777 1987 2029 2045 Macedo-

444 2084 597 2140 nium
634 2084 914 2150 volebant,
947 2092 1002 2138 et
1030 2081 1211 2138 omnia
1272 2080 1566 2148 faciebant,
1599 2097 1631 2136 a
1678 2082 1878 2151 quibus
1911 2081 2033 2153 qui-

446 2177 571 2232 dem
602 2175 809 2239 verbis,
844 2190 875 2231 a
908 2174 1109 2245 quibus
1147 2180 1335 2226 autem
1367 2170 1547 2239 factis,
1588 2187 1619 2226 a
1650 2187 1889 2243 quonam
1931 2173 2030 2227 de-

445 2270 615 2340 nique
644 2270 847 2323 damno
864 2265 1205 2321 abstinentes
1226 2265 1496 2320 adversus
1528 2279 1646 2327 eos,
1677 2266 1771 2334 qui
1809 2274 2032 2320 tuentur

445 2358 815 2413 homousion?
847 2356 981 2411 Nam
1039 2356 1176 2411 alios
1233 2354 1456 2426 quidem
1498 2354 1804 2409 effecerunt
1858 2355 2030 2409 relin-

445 2466 613 2521 quere
643 2451 918 2505 civitatem
954 2466 968 2502 :
1004 2448 1137 2501 alios
1166 2457 1347 2501 autem
1380 2447 1712 2501 damnarunt
1742 2456 2025 2517 perpetuo,

442 2552 608 2613 atque
639 2540 878 2610 injuste,
898 2540 1094 2595 exsilio
1126 2557 1140 2593 :
1172 2540 1291 2593 aliis
1318 2552 1449 2594 vero
1483 2547 1845 2609 procurarunt
1865 2538 2028 2592 etiam

438 2649 474 2688 ο
506 2634 612 2687 vita
643 2632 949 2688 decessum.
997 2629 1136 2684 Hinc
1178 2628 1452 2686 frontibus
1509 2629 1787 2698 inscriptae
1844 2638 2030 2698 turpes

442 2734 608 2789 noun,
635 2725 814 2778 tacita:
845 2721 1006 2777 fidem
1036 2718 1407 2790 significantes
1439 2719 1823 2785 orthodoxam,
1849 2727 1905 2773 et
1925 2719 2031 2772 alia

441 2819 583 2874 mala
638 2811 1058 2868 innumerabilia
1110 2810 1416 2882 excogitata
1491 2808 1714 2867 fuerunt
1764 2811 2029 2865 adversus

439 2907 811 2970 Christianos,
838 2903 1050 2959 etiamsi
1100 2917 1268 2969 parva
1309 2901 1642 2956 videbantur
1693 2902 1799 2973 piis
1843 2903 2027 2956 omnia

445 3010 668 3071 propter
694 2997 995 3059 Christum,
1022 3003 1079 3049 et
1106 3007 1231 3048 cum
1260 3008 1356 3063 spe
1401 2991 1711 3047 futurorum
1744 3007 1852 3046 non
1898 3007 2030 3047 con-

2141 548 2247 585 νων
2271 530 2487 602 ἐχθρὸς,
2521 530 2643 582 ἐπεὶ
2680 530 2756 598 μὴ
2788 528 2997 582 πείθειν
3035 524 3151 594 οἷός
3177 548 3237 583 τε
3270 527 3340 604 ἦν
3366 532 3437 585 τὰ
3462 533 3742 603 Χριστια-

2140 622 2247 679 νῶν
2294 622 2635 679 ἀπωθεῖσθαι
2689 620 3075 693 Χριστιανοὺς,
3123 624 3215 678 διά
3257 641 3421 678 τινων
3469 627 3531 679 οὐ
3588 626 3739 699 πρὸς

2140 713 2323 780 ἀξίαν,
2358 714 2528 783 οῖμοι,
2577 713 2672 766 τοῦ
2718 713 2818 785 τῆς
2861 713 3161 787 ἱερωσύνης
3192 714 3506 787 ἀξιώματος
3556 717 3737 788 ἠξιω-

2143 805 2323 874 μένων
2395 804 2488 858 τδν
2570 804 2953 858 Κωνστόιντιον
3022 804 3277 862 ὑπελθὼν
3341 806 3422 869 είς
3485 805 3557 859 τὰ
3615 805 3736 861 τῶν

2154 895 2450 967 ’Δρειανῶν
2475 895 2597 949 ὅλον
2619 895 2915 963 ὑπάγεται.
2956 894 3241 949 Ἐντεῦθεν
3276 896 3338 949 τὸ
3372 895 3534 951 ἄθεον
3564 896 3736 951 τοῦτο

2138 988 2251 1044 τῶν
2294 988 2593 1060 Ἀρειανῶν
2643 988 2844 1059 δόγμα,
2887 986 3080 1059 ὥσπερ
3110 987 3277 1041 ὅπλον
3315 986 3412 1059 τὴν
3442 989 3536 1043 τοῦ
3586 1007 3735 1061 κρα-

2139 1080 2367 1145 τοῦντος
2397 1080 2763 1152 περιθέμενον
2791 1079 3141 1142 δυναστείαν,
3174 1079 3445 1134 ἐπλάτυνε
3478 1081 3600 1134 τότε
3634 1083 3736 1136 καὶ

2139 1168 2359 1241 ηὔξετο,
2411 1172 2505 1225 καὶ
2564 1171 2748 1224 πᾶσαν
2801 1170 2937 1238 ὅσην
2967 1171 3002 1240 ή
3051 1167 3350 1238 Ῥωμαίων
3390 1167 3543 1241 εἶχεν
3571 1171 3727 1243 ἀρχὴ

2139 1260 2606 1333 παραστήσασθαι
2666 1261 2807 1332 πρὸς
2860 1262 2985 1332 βίαν
3043 1263 3397 1332 ἐφιλονείκει.
3466 1265 3579 1319 Καὶ
3634 1265 3734 1317 διὰ

2137 1353 2297 1407 τοῦτο
2345 1354 2564 1426 μυρίοις
2607 1356 2660 1409 οί
2699 1355 2762 1409 τὸ
2803 1353 3095 1425 όμοούσιον
3140 1355 3482 1422 δοξάζοντες,
3517 1357 3615 1410 καὶ
3656 1357 3731 1409 τά

2136 1445 2487 1518 Χριστιανῶν
2518 1444 2593 1510 ὡς
2626 1447 2786 1516 Θέμις
2819 1445 3169 1519 Χριστιανοῖς
3201 1448 3502 1517 μετιόντες,
3534 1465 3731 1519 περιε-

2140 1540 2397 1593 ϐάλλοντο
2422 1541 2534 1602 τοῖς
2584 1542 2801 1606 κακοῖς,
2833 1537 3098 1592 Εὐσεϐίου
3149 1538 3386 1610 μάλιστα
3415 1542 3508 1594 καὶ
3535 1540 3734 1594 Φιλίπ-

2140 1649 2243 1685 που
2308 1625 2404 1702 (ὧν
2428 1631 2456 1683 ό
2506 1631 2608 1702 μὲν
2640 1633 2708 1702 τῇ
2742 1630 2841 1685 τοῦ
2876 1631 3248 1702 πραιποσίτου
3283 1632 3549 1702 τετίμητο
3574 1631 3730 1704 δόξῃ,

2137 1726 2165 1777 ὁ
2185 1725 2242 1779 δὲ
2266 1725 2334 1779 τὰ
2358 1726 2457 1797 τῆς
2482 1727 2755 1795 ἐπαρχίας
2770 1723 3003 1790 διεῖπεν,
3025 1728 3053 1778 ό
3070 1725 3363 1794 Φίλιππος)
3386 1726 3731 1794 ὑπέκκαυμα

2141 1814 2509 1885 Κωνσταντίῳ
2540 1814 2636 1868 τοῦ
2662 1815 2771 1868 τῶν
2812 1814 3109 1885 ’Δρειανῶν
3146 1813 3351 1884 ἔρωτος
3383 1817 3728 1883 γενομένων.

2137 1902 2302 1960 Οὗτοι
2343 1909 2440 1960 καὶ
2490 1906 2582 1960 τὸν
2636 1907 2911 1978 μακάριον
2958 1906 3304 1977 ἀπελαθῆναι
3346 1907 3563 1962 Παῦλον
3619 1909 3728 1980 τῆς

2148 1996 2501 2065 Ἐκκλησίας,
2536 1996 2962 2068 ἀντεισαχθῆναι
2994 1998 3052 2051 δὲ
3082 1998 3174 2052 τὸν
3202 1999 3439 2067 δυσσεϐῆ
3471 2000 3726 2053 Μακεδό-

2134 2108 2272 2155 νιον,
2334 2088 2624 2144 ἐϐούλοντό
2661 2106 2721 2145 τε
2762 2091 2860 2144 καὶ
2904 2091 3086 2145 πάντα
3136 2090 3395 2145 ἐποίουνο
3439 2091 3584 2156 τίνος
3623 2092 3727 2162 μὲν

2133 2184 2320 2254 λόγου,
2366 2185 2517 2248 τίνος
2543 2183 2599 2238 δὲ
2629 2181 2820 2255 ἔργου,
2876 2183 3037 2248 ποίας
3071 2183 3130 2237 δέ
3157 2183 3365 2254 βλάϐης
3417 2186 3561 2239 κατά
3610 2186 3728 2239 τῶν

2133 2276 2561 2350 πρεσϐευόντων
2590 2278 2650 2330 τδ
2682 2274 2973 2347 όμοούσιον
2995 2276 3404 2346 ἀποσχόμενοι;
3440 2274 3579 2339 Τοὺς
3621 2277 3727 2347 μὲν

2133 2370 2243 2440 γάρ
2296 2369 2397 2442 τὴν
2426 2370 2583 2423 πόλιν
2614 2368 2861 2422 ἐκλιπεῖν
2889 2367 3343 2437 παρεσκεύασαν,
3372 2367 3485 2421 τῶν
3520 2369 3577 2421 δὲ
3610 2370 3728 2423 ἄδι-

2133 2481 2232 2518 κον
2265 2463 2563 2532 ἀειφυγίαν
2606 2460 2962 2530 κατέκριναν,
2998 2463 3113 2524 τοῖς
3151 2459 3209 2514 δὲ
3266 2461 3362 2514 καὶ
3393 2461 3726 2531 ἀπαλλαγὴν

2131 2558 2233 2627 τῆς
2260 2557 2408 2625 ζωῆς
2442 2554 2841 2627 προεξένησαν.
2889 2552 3176 2608 Ἐντεῦθεν
3210 2556 3403 2623 ἀτιμοι
3447 2554 3590 2606 κατά
3626 2570 3727 2622 με·

2132 2648 2328 2701 τώπων
2354 2648 2590 2717 γραφαὶ,
2624 2644 3109 2715 ὑποσημαίνουσαι
3141 2644 3201 2697 τὺ
3233 2644 3541 2714 όρθόδοξον,
3578 2643 3723 2698 ἀλλα

2131 2757 2192 2793 τε
2226 2738 2399 2811 μυρία
2434 2737 2575 2792 κατά
2610 2737 2959 2808 Χριστιανῶν
2992 2738 3274 2792 ἐπενοεῖτο
3320 2738 3505 2801 καινά,
3536 2739 3587 2791 εί
3625 2738 3724 2791 καὶ

2136 2833 2313 2905 μικρά
2345 2831 2527 2886 πάντα
2554 2831 2644 2884 διὰ
2673 2831 2911 2900 Χριστὸν
2939 2829 3115 2885 ἐδόκει
3164 2832 3280 2895 τοῖς
3311 2829 3586 2896 εὐσεϐέσι,
3620 2831 3723 2882 καὶ

2132 2926 2242 2979 τῶν
2271 2924 2505 2979 ἐλπίδων
2548 2924 2650 2978 οὐκ
2688 2922 2839 2988 ἀξια.
2896 2921 3183 2977 Ἐντεῦθεν
3223 2923 3253 2975 ό
3299 2920 3555 2991 δεύτερος
3613 2922 3723 2991 μὲν

2132 3012 2292 3080 οὗτος
2318 3016 2532 3079 Παῦλος
2557 3019 2584 3069 ό
2633 3017 2734 3086 τῆς
2777 3014 3077 3085 ὁμολογίας
3122 3014 3439 3083 ἐπώνυμος,
3487 3012 3583 3066 τοῦ
3612 3013 3719 3081 τῆς

444 3087 689 3146 ferenda.
729 3088 869 3143 Hinc
922 3086 1199 3141 secundus
1251 3084 1473 3154 quidem
1525 3085 1613 3138 hic
1647 3085 1866 3150 Paulus,
1925 3084 2019 3154 qui

2132 3110 2532 3189 ιρχιερωσύνης
2549 3084 2740 3179 θρόνου
2763 3084 3154 3173 ἀποδιώκετπ,
3180 3106 3426 3167 ἀνίπτοις
3447 3103 3504 3157 δέ
3537 3103 3720 3175 χερσὶ,

443 3196 744 3253 cognomen
793 3179 987 3233 habuit
1017 3192 1050 3232 a
1093 3175 1462 3238 confessione,
1495 3175 1787 3245 expellitur
1827 3190 1855 3229 a
1892 3174 2021 3230 sede

444 3275 793 3346 pontiﬁcatus
827 3290 840 3325 :
879 3271 1042 3325 illotis
1070 3283 1273 3330 autem,
1307 3275 1366 3321 ut
1393 3266 1615 3334 dicitur,
1645 3267 1903 3337 pedibus,
1936 3283 2025 3321 sa-

442 3385 534 3425 cra
562 3367 944 3438 profanantur.

514 3459 579 3514 ιι.
611 3459 813 3513 Horum
844 3471 972 3526 ergo
1008 3451 1316 3510 Constantii
1346 3461 1653 3523 temporum
1683 3465 1823 3521 Opus
1857 3462 1943 3506 est
1970 3459 2028 3505 et

444 3552 771 3615 Marcianus,
800 3559 859 3605 et
888 3547 1176 3617 hlartyrius
1201 3562 1218 3602 :
1255 3544 1455 3614 quibus
1488 3543 1662 3614 patria
1691 3542 1912 3612 quidem
1944 3551 2029 3598 est

445 3646 576 3699 urbs
629 3658 824 3713 magna
883 3644 1077 3710 regia:
1121 3638 1377 3695 educatio
1422 3644 1606 3689 autent
1653 3643 1712 3688 et
1768 3632 2025 3695 eruditio,

442 3739 659 3807 qualem
682 3735 769 3790 vir
801 3733 922 3802 pius
953 3731 1156 3785 habere
1190 3728 1481 3800 Optaverit.
1526 3727 1724 3789 Mores,
1771 3724 1992 3793 benigni
2021 3754 2030 3763 -

445 3839 525 3881 tas
576 3835 632 3880 et
689 3822 1015 3887 moderatio,
1042 3830 1126 3875 est
1182 3831 1523 3882 accuratum,
1553 3834 1660 3887 quo
1705 3818 1777 3872 illi
1820 3831 2022 3887 cogno-

442 3928 691 3982 scuntur,
725 3916 1011 3970 indicium.
1065 3912 1122 3967 Si
1185 3920 1370 3967 autem
1433 3919 1650 3987 Oportet
1700 3911 1940 3965 breviter
1971 3918 2026 3964 et

443 4023 573 4064 vere
625 4007 829 4070 dicere,
863 4004 916 4059 id
957 4011 1116 4058 erant
1165 4003 1309 4057 inter
1341 4011 1569 4056 caeteros
1612 4003 1844 4065 virtute,
1878 4000 2023 4067 quod

443 4115 563 4158 esse
594 4100 823 4168 imperio
855 4095 1291 4166 eognoscebatur
1330 4108 1518 4148 eorum
1553 4093 1731 4162 patria
1769 4093 1912 4147 inter
1936 4110 2026 4147 ur-

436 4193 560 4245 bes.
597 4190 727 4243 Nam
765 4191 1041 4258 quomodo
1071 4188 1189 4256 ipsa
1216 4185 1474 4239 omnibus
1501 4183 1625 4237 aliis
1652 4182 1908 4255 praesidet
1945 4183 2026 4237 ci-

442 4283 720 4346 vitalibus,
769 4290 823 4335 et
857 4295 924 4334 eo
971 4277 1116 4347 quod
1160 4275 1309 4347 regia
1355 4283 1411 4328 et
1460 4273 1529 4327 sit
1579 4284 1638 4327 et
1685 4273 2020 4339 nominetur,

440 4374 675 4444 primum
710 4371 876 4426 habet
896 4372 1164 4425 honorem
1203 4381 1218 4419 :
1251 4367 1447 4427 eodem
1495 4363 1658 4423 modo
1708 4364 1765 4419 hi
1804 4379 2023 4434 quoque

2129 3210 2194 3264 τὸ
2226 3205 2321 3261 τοῦ
2352 3203 2535 3270 λόγου,
2578 3195 2907 3269 βιϐηλοῦται
2940 3198 3011 3250 τὰ
3057 3196 3214 3264 ἅγια.

2201 3446 2277 3501 Β⁸.
2310 3446 2432 3501 Τῶν
2456 3441 2588 3512 γοῦν
2620 3439 3017 3495 Κωνσταντίου
3043 3439 3250 3492 τούτων
3282 3435 3493 3505 καιρῶν
3547 3433 3714 3502 ἔργον

2133 3542 2224 3596 καὶ
2253 3535 2576 3608 Μαρκιανὸς
2605 3535 2699 3587 καί
2727 3531 3047 3605 Μαρτύριος
3070 3549 3082 3561 ·
3108 3525 3188 3594 οἷς
3222 3532 3421 3600 πατρὶς
3450 3528 3544 3599 μὲν
3571 3528 3712 3581 ἄστυ

2127 3634 2190 3684 τδ
2226 3632 2371 3698 μέγα
2394 3644 2455 3679 τε
2485 3627 2583 3681 καὶ
2610 3622 2914 3686 βασίλειον,
2959 3621 3227 3689 ἀναγωγὴ
3262 3620 3319 3674 δὲ
3351 3620 3446 3673 καὶ
3469 3616 3714 3681 παιδεία,

2130 3698 2250 3786 οἵας
2278 3722 2344 3775 ἄν
2377 3738 2459 3782 τις
2510 3717 2768 3784 θεοφιλὴς
2813 3714 2951 3784 ἀνὴρ
2974 3704 3159 3783 τυχᾶν
3201 3712 3443 3776 εὔξαιτο.
3480 3711 3715 3779 Τρόποι,

2129 3812 2436 3884 χρηστότης
2467 3808 2561 3861 καὶ
2595 3807 2870 3859 ἐπιείκεια
2918 3804 2980 3856 τὸ
3025 3802 3255 3857 ἐκείνων
3310 3800 3540 3871 ἀκριϐὲς
3570 3800 3720 3869 γνώ.

2133 3922 2325 3975 ρισμα.
2378 3902 2443 3954 El
2490 3899 2547 3953 δὲ
2596 3898 2679 3949 δεῖ
2729 3895 3019 3965 συντόμως
3081 3896 3179 3948 καὶ
3232 3893 3453 3964 ἀληθῶς
3512 3895 3715 3958 εἰπεῖν,

2125 3994 2287 4048 τοῦτο
2310 3995 2425 4055 τοῖς
2477 3991 2649 4044 πᾶσιν
2680 3990 2839 4051 ὄντες
2881 3988 2962 4049 εἰς
3022 3987 3250 4056 ἀρετὴν,
3281 3987 3420 4055 ὅπερ
3445 3987 3479 4053 ἡ
3512 3986 3716 4053 πατρὶς

2126 4087 2247 4147 ταῖς
2290 4082 2513 4136 πόλεσιν
2573 4078 2927 4148 ἐγνωρίζετο.
2984 4076 3098 4131 Καὶ
3156 4075 3348 4144 ὥσπερ
3401 4075 3543 4143 αῦτη
3599 4075 3715 4126 τῶν

2124 4177 2306 4231 ἄλλων
2334 4188 2394 4226 τε
2437 4172 2631 4227 πασῶν
2666 4169 3018 4241 προκάθηται
3037 4168 3269 4232 πόλεων,
3302 4166 3400 4220 καὶ
3441 4166 3519 4237 τῷ
3553 4164 3714 4236 βασι-

2123 4250 2252 4337 λικῆ
2299 4265 2395 4318 καὶ
2453 4258 2594 4317 εἶναι
2646 4264 2740 4317 καί
2774 4260 3140 4331 ὀνομάζεσθαι
3184 4260 3285 4329 τὴν
3326 4258 3551 4330 πρώτην
3594 4257 3714 4327 ἔχει

2124 4360 2330 4429 τιμήν·
2370 4357 2463 4411 τὸν
2514 4356 2677 4410 αὐτὸν
2709 4353 2774 4427 δὴ
2804 4354 2899 4406 καὶ
2942 4347 3091 4409 οὗτοι
3143 4351 3347 4422 τρόπον
3400 4351 3620 4403 πάντων
3650 4351 3714 4401 ἐν

437 4441 498 4519 in
526 4463 779 4519 omnibus
808 4462 971 4531 bonis
999 4458 1325 4519 obtinebant
1375 4454 1736 4519 dominatum,
1770 4470 1874 4510 nec
1905 4462 2024 4511 erat

2132 4453 2299 4506 πᾶσιν
2329 4450 2600 4519 ἐκράτουν
2642 4450 2977 4514 ἐπαινετοῖς,
3011 4448 3107 4503 καὶ
3135 4445 3379 4517 ζηλωτὸν
3417 4441 3484 4516 ῆν
3514 4445 3575 4497 τὺ
3600 4460 3714 4496 πα-

440 4557 765 4627 praeclarum
801 4553 1005 4623 aliquid
1049 4552 1294 4614 omnino,
1328 4550 1383 4604 in
1414 4564 1521 4619 quo
1551 4562 1662 4601 non
1709 4546 1800 4601 isti
1852 4547 2020 4601 habe-

438 4658 565 4703 rent
593 4647 819 4718 primas.
856 4644 1015 4716 Apud
1069 4642 1315 4699 divinum
1367 4655 1496 4711 ergo
1525 4639 1751 4694 Paulum
1780 4653 2026 4693 commo-

440 4752 648 4806 rantes,
681 4755 805 4795 cum
842 4739 1044 4793 scribae
1075 4744 1260 4791 essent
1305 4748 1518 4798 eorum,
1551 4747 1671 4799 quae
1699 4731 1769 4786 ab
1801 4732 1892 4785 illo
1925 4730 2023 4784 tie-

433 4831 589 4896 bant,
619 4838 676 4885 et
706 4829 909 4900 populo
940 4827 1158 4882 divinos
1204 4825 1373 4879 libros
1400 4824 1665 4895 legerent,
1712 4831 1821 4877 tam
1852 4820 2023 4875 vehe-

436 4929 675 4975 mentem
732 4920 792 4973 in
853 4918 1138 4974 Christum
1198 4929 1443 4970 amorem
1480 4912 1720 4977 ale-bant,
1756 4920 1815 4966 ut
1863 4910 2019 4964 nihili

434 5012 711 5067 ducentes
739 5010 1013 5066 insaniam
1050 5008 1423 5079 imperatoris,
1453 5004 1765 5061 vehementi
1811 5003 2020 5072 impetu

434 5104 831 5158 contenderent
872 5102 1136 5156 adversus
1166 5098 1372 5154 Christi
1407 5099 1614 5160 hostes,
1654 5111 1758 5150 nec
1792 5095 2020 5149 omnino

436 5195 780 5251 tolerandum
812 5202 1071 5265 putarent
1128 5193 1221 5247 Dei
1281 5191 1515 5249 Verbum
1543 5203 1609 5244 eo
1637 5188 1931 5253 deducere,
1960 5198 2019 5244 ut

434 5298 729 5346 censeatur
765 5302 853 5341 res
879 5294 1060 5340 creata
1092 5285 1225 5341 :sed
1276 5298 1396 5340 esse
1439 5283 1659 5355 quidem
1695 5297 1820 5335 cum
1859 5280 2021 5334 Patre

435 5390 715 5451 expertem
764 5377 1043 5450 principii,
1083 5386 1141 5432 et
1172 5375 1419 5448 ejusdem
1465 5375 1717 5432 essentia:
1760 5371 2021 5430 ostende-

434 5478 580 5535 rent,
612 5469 937 5523 Arianorum
989 5473 1172 5521 autem
1215 5464 1472 5536 profanas
1520 5465 1791 5519 novitates
1828 5462 1895 5517 ad
1930 5461 2015 5515 ni-

436 5559 608 5614 hilum
631 5560 964 5630 redigerent.

510 5652 602 5706 ιιι.
642 5652 861 5707 illorum
893 5665 1025 5720 ergo
1050 5650 1255 5716 verbis,
1291 5664 1398 5704 non
1422 5664 1581 5704 secus
1612 5664 1677 5704 ac
1715 5649 1856 5715 telis,
1889 5663 2018 5703 sau-

436 5741 564 5795 ciati
594 5741 874 5809 infelices,
907 5758 1031 5798 cum
1075 5756 1173 5795 nec
1205 5749 1431 5811 possent
1469 5742 1547 5796 eis
1583 5738 1858 5807 resistere,
1920 5752 2019 5793 nec
2065 5806 2095 5814 η

2126 4542 2309 4615 ράπαν
2341 4541 2513 4605 οὐδὲν,
2548 4541 2613 4609 ἐφ
2656 4534 2699 4607 ᾧ
2738 4540 2814 4611 μὴ
2837 4533 2983 4594 οὗτοί
3009 4540 3071 4593 τὸ
3119 4540 3390 4609 πρωτεῖον
3414 4533 3585 4607 εἶχον.
3617 4535 3713 4606 Τῷ

2125 4636 2253 4705 θείῳ
2281 4633 2576 4703 τοιγαροῦν
2607 4631 2808 4702 Παύλῳ
2840 4632 3092 4694 συνόντες
3126 4631 3223 4684 καὶ
3248 4631 3357 4682 τῶν
3380 4628 3471 4682 ὑπ’
3494 4627 3713 4681 ἐκείνου

2125 4725 2520 4795 πραττομένων
2576 4723 2731 4786 ὅντες
2782 4723 3146 4795 ὑπογραφεῖς,
3205 4720 3286 4793 τῷ
3331 4720 3448 4792 λαῷ
3501 4735 3559 4775 τε
3606 4720 3712 4783 τὰς

2124 4817 2274 4878 θείας
2299 4814 2853 4884 ύπαναγινώσκοντες
2909 4814 3153 4885 βίϐλους,
3184 4812 3332 4866 οὕτω
3380 4813 3590 4884 θερμὸν
3617 4812 3711 4864 τὸν

2123 4913 2202 4971 είς
2235 4909 2473 4979 Χριστὸν
2507 4908 2820 4978 ὑπέτρεφον
2845 4908 3049 4977 ἔρωτα,
3086 4907 3163 4969 ὡς
3192 4906 3349 4960 οὐδὲν
3376 4907 3705 4973 ὑπολογισα-

2126 5001 2326 5070 μένους
2356 5002 2459 5068 τὴν
2489 4998 2585 5052 τοῦ
2620 4998 2956 5069 κρατοῦντος
2989 4997 3193 5068 μανίαν
3210 4997 3419 5064 ὀξείαις
3451 4997 3710 5069 χωρῆσαι

2124 5094 2263 5148 κατά
2299 5093 2410 5147 τῶν
2454 5094 2860 5166 Χριπομάχων
2889 5095 3115 5163 ὁρμαῖς,
3171 5092 3270 5146 καὶ
3313 5091 3408 5145 τὸν
3439 5091 3533 5143 τοῦ
3567 5089 3709 5143 Θεοῦ

2122 5186 2297 5253 Λόγον
2364 5186 2448 5249 είς
2502 5185 2713 5258 κτίσμα
2764 5184 3104 5254 κατάγεσθαι
3144 5184 3273 5255 μηδ’
3307 5183 3447 5246 ὅλως
3476 5182 3706 5235 ἀνεκτδν

2124 5277 2543 5348 ποιῆσαι,;ἀλ).ᾶ
2571 5280 2909 5349 συνάναρχον
2942 5278 3043 5349 μέν
3070 5276 3149 5348 τῷ
3185 5276 3364 5347 Ha.th
3396 5275 3490 5329 καὶ
3508 5276 3712 5344 ὁμοσύ-

2125 5385 2240 5420 σιον
2293 5369 2455 5420 αὑτὸν
2517 5369 2826 5434 ἀποδεῖξαι,
2856 5370 2957 5431 τὰς
3007 5368 3065 5421 δὲ
3115 5366 3225 5421 τῶν
3281 5363 3709 5436 ἀρειανιζόντων

2125 5457 2388 5529 βεϐήλους
2417 5460 2753 5529 κενοφωνίας
2801 5460 2884 5523 είς
2908 5458 2969 5511 τὸ
2988 5457 3158 5531 μηδὲν
3189 5454 3329 5511 εἶναι
3350 5450 3708 5523 περιστῆσαι.

2196 5640 2272 5696 ιν.
2309 5641 2438 5704 Τοῖς
2478 5640 2708 5695 ἐκείνων
2755 5639 3053 5713 τοιγαροῦν
3096 5640 3337 5711 ῥήμασιν
3371 5630 3458 5690 οἷα
3489 5634 3707 5703 βέλεσιν

2124 5735 2174 5790 οί
2207 5731 2607 5813 κακοδαίμονες
2655 5731 2969 5808 βληθέντες,
3023 5732 3119 5783 καὶ
3172 5729 3308 5801 μηδι
3361 5728 3711 5790 ἀντιτείνειν,
