4132 6456
431 420 568 485 1:293

1486 423 1668 485 VlTA
1708 420 1769 479 S.
1811 418 2262 479 ANASTASIAE
2301 419 2663 484 ROMANfE.

3562 422 3696 486 1294

431 538 564 607 μηδὲ
599 539 675 599 εἰς
703 535 897 603 λόγους
924 537 1111 601 αὐτοῖς
1138 538 1335 608 χωρεῖν
1362 536 1499 599 ὅλως
1523 537 1764 606 ἔχοντες,
1816 533 2007 603 ὥσπερ

2114 546 2208 591 eos
2235 533 2510 588 sustinere
2555 534 2608 587 in
2660 532 3049 603 disputatione,
3083 548 3194 589 non
3225 548 3384 590 secus
3419 550 3484 591 ac
3516 538 3694 609 ignem

425 632 485 683 ἐν
515 627 712 699 σποδιᾷ
740 626 855 696 πῦρ
890 630 1013 692 ταῖς
1036 628 1220 683 αὐτῶν
1244 626 1507 689 διανοίαις
1538 626 1600 681 τὸ
1629 626 1849 695 δολερὸν
1879 624 2010 677 ύπο-

430 719 761 791 κρύψαντες,
810 720 1004 793 πρῶτα
1035 721 1134 791 μὲν
1167 722 1281 783 τοῖς
1333 721 1650 788 ἰπαγωγοῖς
1685 719 1797 772 τῶν
1837 717 2011 785 λόγων

426 815 553 876 τοὺς
581 811 784 880 ἄνδρας
815 811 1126 882 ύπήρχοντο
1149 826 1165 842 ⁸
1197 807 1320 865 εἷτα
1358 813 1456 865 καὶ
1506 811 1768 881 χρήματα
1816 808 2012 863 δώσειν

425 903 787 972 ὑπισχνοῦντο
840 902 891 954 οἱ
945 903 1181 974 ἄφρονες
1223 902 1479 967 ἐκείνοις,
1537 903 1593 956 οἰ
1650 917 1713 968 γε
1764 902 1861 955 καὶ
1910 899 2010 962 τὰς

423 995 601 1065 ψυχὰς
630 996 713 1048 ὅτι
770 994 845 1064 μὴ
883 995 1198 1065 ἀφῃροῦντο
1244 996 1588 1066 παραχρῆμα
1625 992 1715 1047 διὰ
1769 991 2010 1063 Χριστὸν

424 1084 826 1153 ἐδυσχέραινον.
878 1077 1044 1135 Οὗτοι
1099 1083 1232 1152 γοῦν
1293 1084 1355 1137 οὐ
1422 1082 1734 1144 κολακείαις
1785 1081 2012 1141 κλεπτό-

427 1191 600 1246 μενοι,
647 1176 708 1227 οὐ
765 1174 1070 1245 χρημάτων
1120 1175 1447 1247 ἡττώμενοι,
1502 1173 1640 1228 ἀλλὰ
1698 1175 1796 1243 τῆς
1853 1173 2011 1227 εύσε-

422 1269 577 1330 δείας
629 1269 724 1323 καὶ
757 1267 851 1320 τοῦ
898 1267 1065 1335 ὀρθοὖ
1115 1268 1393 1336 δόγματος
1449 1267 1695 1337 φύλακες
1754 1266 2006 1336 ἀκριϐεῖς

422 1355 565 1415 εἶναι
600 1360 938 1433 βουλόμενοι,
973 1356 1114 1427 πρὸς
1162 1358 1225 1411 τὸ
1259 1355 1516 1427 βραϐεῖον
1564 1356 1664 1427 τῆς
1716 1356 1829 1410 ἄνω
1866 1356 2004 1424 κλήο

424 1468 562 1516 σεως
592 1453 889 1509 ἔσπευδον·
930 1453 960 1507 ό
988 1452 1087 1508 καὶ
1120 1451 1284 1523 μόνον
1333 1450 1521 1511 αὐτοῖς
1582 1447 1858 1510 ὲποθείτο,
1916 1447 2010 1500 καὶ

421 1540 484 1605 οὗ
517 1547 701 1615 τυχεῖν
727 1546 865 1609 ὅλως
910 1542 1243 1614 ἐπεθύμουν.
1288 1539 1379 1605 Ὠς
1432 1539 1526 1594 οὖν
1564 1538 1786 1601 ἀπειλαί
1822 1555 1880 1590 τε
1912 1537 2009 1592 καὶ

421 1638 704 1693 κολακεῖαι
760 1639 859 1692 καὶ
932 1636 1157 1705 ἀγαθῶν
1214 1635 1437 1691 πάντων
1515 1631 1843 1700 ἐπαγγελίαι
1896 1632 2010 1693 τοῖς

434 1728 736 1799 ’Δρειανοῖς
779 1726 1127 1801 ὲξησθένουν,
1167 1729 1261 1785 καὶ
1297 1724 1512 1798 ἄμαχόν
1548 1741 1603 1778 τι
1641 1725 1879 1793 πρᾶγμα
1911 1724 2010 1791 τὴν

420 1822 592 1893 καλὴν
624 1822 840 1891 εκείνην
878 1821 1135 1877 ἔνστασιν
1174 1820 1283 1875 τῶν
1315 1818 1613 1890 μαρτύρων
1644 1816 1860 1887 ἑώρων,
1909 1814 2005 1868 θά-

2113 626 2324 689 cinere,
2359 626 2547 681 animo
2578 640 2680 680 suo
2721 624 2969 682 fraudem
3010 625 3273 693 celantes,
3307 628 3544 697 primum
3574 632 3698 699 qui-

2113 719 2237 775 dem
2299 717 2517 775 blandis
2565 718 2861 774 verborum
2905 717 3178 775 illecebris
3233 734 3329 774 eos
3366 721 3695 792 aggrediun-

2116 819 2203 866 tur
2227 810 2453 865 :deindc
2483 811 2636 880 ipsos
2653 810 2818 865 etiam
2847 825 2969 867 esse
2997 811 3256 879 pecunias
3292 812 3516 868 daturos
3546 815 3700 870 stulti

2111 912 2241 958 sunt
2293 902 2521 971 polliciti
2572 902 2704 967 illis,
2748 902 2842 969 qui
2899 917 3043 973 aegre
3085 902 3358 968 ferebant,
3390 906 3539 975 quod
3587 922 3700 962 non

2110 992 2308 1048 anima:
2337 991 2521 1047 statim
2553 991 2905 1047 auferrentur
2922 1003 3145 1063 propter
3167 995 3467 1050 Christum.
3501 994 3538 1051 li
3570 1013 3700 1068 ergo

2112 1098 2225 1139 non
2253 1081 2424 1137 illecti
2451 1082 2758 1147 blanditiis.
2789 1098 2899 1137 non
2930 1083 3061 1138 victi
3094 1084 3361 1152 pecuniis.
3393 1085 3490 1141 sed
3526 1084 3698 1154 pieta-

2114 1174 2184 1230 tis
2207 1184 2265 1231 et
2299 1176 2434 1233 recti
2484 1175 2756 1245 dogmatis
2803 1175 3051 1230 volentes
3080 1191 3205 1234 esse
3249 1178 3494 1233 accurati
3518 1188 3701 1233 custo-

2111 1267 2231 1331 des,
2258 1266 2671 1323 contendebant
2702 1266 2770 1322 ad
2804 1266 3055 1322 bravium
3083 1283 3338 1338 superna:
3369 1270 3697 1337 vocationis,

2111 1360 2257 1428 quod
2295 1358 2460 1415 etiam
2508 1357 2686 1419 solum
2732 1357 2804 1421 ah
2848 1360 2929 1414 eis
2976 1359 3415 1427 desiderabatur,
3453 1370 3509 1417 et
3552 1362 3700 1432 quod

2111 1451 2339 1507 omnino
2359 1448 2657 1518 cupiebant
2685 1450 2927 1519 assequi.
2952 1448 3090 1506 Cum
3113 1466 3245 1522 ergo
3273 1460 3331 1507 et
3360 1451 3525 1511 minae
3543 1453 3702 1509 Aria-

2110 1558 2333 1605 norum,
2365 1550 2422 1599 et
2471 1541 2842 1610 adulationes,
2894 1553 2951 1599 et
2996 1544 3266 1599 bonorum
3297 1545 3539 1599 omnium
3573 1561 3695 1615 pro-

2112 1634 2407 1695 missiones
2436 1632 2578 1689 nihil
2630 1634 2903 1697 haberent
2935 1636 3153 1713 virium,
3183 1647 3240 1695 et
3285 1652 3411 1694 csse
3451 1637 3698 1695 viderent

2111 1727 2596 1798 inexpugnabilem
2647 1736 2949 1799 martyrum
3005 1730 3397 1795 consmntiam,
3434 1745 3529 1787 eos
3569 1746 3701 1787 con-

2111 1820 2378 1877 demnant
2402 1830 2606 1887 morte.
2639 1836 2805 1891 quam
2837 1832 3060 1892 propter
3090 1822 3374 1881 Christum
3417 1824 3700 1881 desidera-

420 1891 580 1970 νατον
613 1915 795 1969 αὐτῶν
812 1914 873 1969 ὃν
906 1914 1140 1971 ἐπόθουν
1170 1912 1259 1968 διὰ
1284 1910 1520 1983 Χριστὸν
1556 1908 2001 1979 κατακρίνουσιν.
2041 1891 2083 1945 υ
2112 1913 2263 1969 bam.

492 2005 567 2064 A'.
616 2010 771 2062 Ἐπεὶ
792 2009 850 2061 δὲ
878 2010 972 2061 καὶ
1006 2008 1146 2075 πρὸς
1171 2007 1265 2058 τὸν
1294 2003 1589 2074 εἰρημένον
1614 2001 1718 2072 ἤδη
1742 2001 2003 2069 γεγόνασι

421 2100 610 2166 τόπον,
640 2098 833 2168 καιρὸν
856 2097 1100 2153 αἰτοῦσιν
1122 2098 1203 2161 εἰς
1228 2096 1564 2167 προσευχήν.
1589 2094 1699 2149 Καὶ
1722 2093 2003 2160 λαϐόντες,

419 2192 488 2245 τὰ
521 2191 750 2262 δμματά
780 2208 839 2244 τε
870 2189 1009 2260 ὁμοῦ
1042 2191 1138 2244 καὶ
1170 2191 1270 2251 τὰς
1298 2190 1491 2259 χεῖρας
1516 2187 1767 2257 αἴρουσιν
1802 2187 1884 2247 είς
1914 2184 2006 2240 τὸν

418 2283 672 2353 οὐρανὸν,
699 2284 813 2349 καὶ,
846 2284 1044 2353 Κύριε,
1084 2284 1114 2336 ό
1155 2280 1314 2345 Θεὸς,
1363 2282 1394 2334 ὁ
1438 2279 1655 2342 πλάσας
1688 2278 2007 2347 καταμόνας

417 2373 519 2438 τὰς
562 2375 793 2447 καρδίας
833 2376 1015 2445 ἡμῶν,
1043 2372 1324 2441 λέγουσιν,
1374 2373 1405 2426 ό
1454 2371 1640 2434 συνεὶς
1701 2371 1883 2424 πάντα
1937 2369 2005 2437 τα

418 2463 554 2535 ἔργα
585 2464 768 2535 ἡμῶν,
797 2466 857 2519 ὲν
900 2464 1095 2535 εἰρήνῃ
1127 2463 1228 2525 τὰς
1282 2462 1393 2516 τῶν
1452 2461 1563 2515 σῶν
1603 2460 1807 2514 δούλων
1855 2459 2007 2525 δέξαι

416 2556 620 2627 ψυχὰς,
660 2557 743 2610 ὅτι
770 2555 934 2609 ἓνεκα
969 2555 1065 2609 σοῦ
1086 2552 1494 2622 θανατούμεθα,
1524 2553 1622 2608 καὶ
1649 2553 1725 2614 ὼς
1755 2552 2005 2623 πρόϐατα

421 2648 637 2716 σφαγῆς
663 2646 997 2715 λογιζόμεθα
1029 2645 1124 2701 καὶ
1152 2644 1429 2715 χαίρομεν
1478 2643 1624 2699 οὕτω
1654 2646 1754 2713 τῆς
1799 2642 2006 2713 παρού-

420 2755 521 2809 σης
555 2738 704 2810 ζωῆς
743 2737 1224 2807 ἀπαλλαττόμενοι
1272 2734 1366 2790 διὰ
1408 2735 1491 2798 σὲ,
1552 2734 1649 2788 καὶ
1710 2733 1851 2805 πρὸς
1905 2733 2006 2804 τὴν

425 2831 579 2901 παρὰ
611 2833 697 2883 σοὶ
737 2828 1005 2899 προθύμῳ
1054 2827 1179 2885 ποδὶ
1220 2825 1582 2895 ἐπειγόμεθα.
1614 2824 1705 2895 Τῷ
1750 2824 1872 2895 Θεῷ
1896 2826 2006 2878 τῶν

419 2923 558 2977 ὅλων
606 2920 909 2991 εὐξάμενοι
937 2922 1031 2974 καί⁵
1065 2920 1129 2974 τὸ
1162 2918 1336 2989 Ἀμὴν
1367 2918 1710 2983 ἐπειπόντες,
1766 2918 1866 2989 τὴν
1918 2917 2007 2973 διὰ

425 3016 617 3086 ξίφους
663 3013 881 3083 πληγὴν
939 3012 1268 3081 ὑφίστανται
1300 3025 1316 3041 ·
1348 3012 1534 3065 καὶτὸ
1591 3009 1934 3080 μαρτυρικὸν
1978 3011 2007 3065 ὁ

421 3107 740 3179 Ηαρτύριος
780 3108 877 3160 σὺν
898 3105 1209 3176 Μαρκιανῷ
1241 3106 1492 3174 δέχονται
1523 3104 1699 3167 τέλος,
1736 3101 2000 3173 πέμπτην

420 3200 517 3255 ἐπὶ
554 3201 674 3264 ταῖς
718 3199 894 3253 εἰκοσι
940 3198 1036 3252 τοῦ
1086 3197 1417 3268 Ὀκτωὸρίου
1453 3197 1621 3267 μηνὸς
1649 3196 1897 3264 ἄγοντος.
1928 3194 2010 3248 Τὰ

419 3293 477 3347 δδ
504 3292 717 3347 τούτων
758 3293 916 3363 τίμια
943 3292 1182 3361 λείψανα
1225 3290 1339 3345 τῶν
1390 3289 1691 3360 ὀρθοδόξων
1730 3288 1876 3350 τινες
1917 3288 2013 3341 καὶ

420 3388 632 3440 πιστῶν
671 3386 1013 3455 ἀνελόμενοι,
1067 3384 1166 3438 καὶ
1210 3383 1485 3453 λαμπρῶς
1542 3380 2011 3451 περιστείλαντας,

2184 2025 2275 2082 ιν.
2309 2025 2444 2081 Cum
2477 2034 2661 2082 autem
2693 2028 2807 2097 jam
2845 2026 3227 2098 pervenissent
3253 2028 3321 2083 ad
3363 2029 3541 2086 locum
3569 2045 3701 2087 con-

2113 2118 2519 2182 summationis,
2550 2126 2768 2188 tempus
2816 2125 3016 2188 petunt
3062 2119 3131 2172 ad
3183 2120 3511 2176 orationem.
3544 2121 3701 2187 Quod

2114 2224 2241 2263 cum
2276 2209 2641 2278 accepissent,
2675 2209 2866 2264 oculos
2899 2215 2956 2263 et
2992 2222 3189 2264 manus
3220 2209 3383 2264 simul
3422 2212 3619 2267 tollunt
3647 2215 3701 2267 in

2111 2300 2337 2364 malum,
2372 2311 2429 2354 et
2458 2301 2651 2355 dicunt
2687 2316 2702 2355 :
2739 2299 2969 2355 Domine
3006 2300 3170 2363 Deus,
3199 2318 3218 2351 ι
3246 2300 3339 2369 qui
3385 2302 3703 2373 singulatim

2114 2392 2321 2446 tinxisti
2355 2392 2525 2448 cer-da
2566 2399 2778 2457 nostra,
2813 2393 2905 2462 qui
2934 2392 3191 2463 intelligis
3218 2393 3285 2446 in'
3317 2396 3499 2447 omnia
3535 2409 3704 2464 Opera

2114 2493 2325 2547 nostra,
2346 2502 2366 2535 ι
2390 2484 2605 2554 suscipe
2631 2483 2684 2538 in
2705 2498 2837 2554 pace
2852 2483 3064 2539 animas
3094 2492 3310 2540 tuorum
3334 2486 3661 2542 famulorum
3686 2506 3703 2542 :

2119 2594 2139 2627 ι
2163 2576 2425 2646 quoniam
2470 2586 2698 2646 propter
2727 2585 2781 2631 te
2814 2576 3210 2632 mortiﬁcamur
3250 2587 3306 2632 et
3361 2589 3702 2648 reputamur,

2115 2677 2377 2738 tanquam
2409 2683 2541 2723 oves
2572 2666 2936 2725 occisionis’:
2977 2686 2996 2719 ι
3034 2677 3088 2723 et
3115 2670 3415 2740 gaudemus
3441 2669 3521 2725 sic
3542 2686 3572 2725 a
3594 2671 3704 2727 vita

2114 2760 2373 2831 praesenti
2429 2760 2714 2815 discedere
2769 2768 2998 2830 propter
3048 2776 3250 2816 nomen
3312 2771 3487 2827 tuum,
3528 2772 3584 2817 et
3637 2765 3708 2817 ad

2115 2867 2259 2917 eam,
2281 2866 2404 2921 quae
2428 2859 2514 2906 est
2541 2852 2687 2921 apud
2718 2860 2792 2916 te,
2826 2852 2965 2922 pede
2989 2853 3155 2907 alacri
3192 2868 3573 2923 properamus.
3595 2854 3707 2909 Has

2115 2956 2241 2996 cum
2300 2954 2492 3010 preces
2535 2939 2812 2995 fudissent
2851 2941 2919 2995 ad
2977 2939 3148 2995 De'um
3192 2943 3574 2995 universorum
3605 2979 3620 3005 ,
3650 2953 3707 2995 et

2117 3034 2292 3087 Amen
2345 3032 2785 3102 subjunxissent,
2828 3034 3010 3105 gladio
3036 3035 3250 3104 plagam
3296 3035 3578 3105 accipiunt
3610 3044 3708 3089 :ct

2117 3121 2425 3177 Marcianus
2453 3139 2518 3178 ac
2534 3124 2824 3195 Martyrius
2842 3124 3005 3179 linem
3037 3125 3315 3195 accipiunt
3348 3125 3705 3196 martyricunt

2119 3213 2383 3267 vicesimo
2405 3214 2599 3282 quinto
2653 3214 2864 3268 mensis
2896 3213 3172 3270 Octobris.
3217 3213 3494 3269 Pretiosas
3523 3225 3705 3269 autem

2112 3315 2310 3356 eorum
2343 3302 2602 3372 reliquias
2616 3317 2741 3356 cum
2767 3302 3120 3357 sustulissent
3158 3303 3378 3372 quidam
3409 3304 3705 3359 orthodoxi

2113 3402 2172 3447 et
2202 3393 2412 3458 ﬁdeles,
2455 3403 2511 3448 et
2562 3394 2826 3462 praeclare
2872 3392 3334 3463 composuissent,
3370 3394 3424 3447 in
3476 3394 3706 3464 psalmis

421 3480 481 3532 ἂν
520 3476 758 3548 ψαλμοῖς
804 3479 902 3531 καὶ
958 3475 1153 3546 ὕμνοις
1205 3475 1357 3542 παρὰ
1386 3472 1463 3543 τῷ
1488 3472 1588 3542 τῆς
1614 3472 1820 3533 πόλεως
1846 3472 2008 3541 τείχει

2114 3494 2172 3538 et
2194 3484 2408 3553 hymnis
2421 3484 2503 3537 -ad
2533 3483 2574 3552 ἰ·
2599 3484 2801 3537 moenia
2826 3483 3066 3538 civitatis
3097 3484 3401 3539 honoriﬁce
3427 3486 3704 3555 deposue-

423 3570 663 3640 ἐντίμως
704 3571 763 3621 ὲν
820 3570 1078 3639 ἐπισήμῳ
1101 3568 1252 3637 λόφῳ
1275 3566 1602 3620 κατέθεντοο
1624 3563 1757 3618 ἔνθα
1794 3566 1886 3617 καὶ
1916 3566 2008 3633 τὴν

2117 3582 2248 3627 runt
2277 3571 2333 3626 in
2370 3571 2571 3641 insigni
2601 3572 2813 3626 tumulo
2847 3589 2861 3626 :
2899 3572 2993 3627 ubi
3023 3574 3189 3626 etiam
3239 3574 3526 3628 subierunt
3556 3574 3703 3628 illam

430 3660 776 3733 μαρτυρικὴν
794 3661 1010 3730 εκείνην
1042 3660 1321 3713 τελείωσιν
1345 3660 1440 3711 καὶ
1464 3658 1740 3728 μακαρίαν
1767 3657 2001 3725 ὑπέστη-

424 3770 526 3809 σαν
544 3754 801 3823 είςξδόξαν
828 3754 1063 3823 Πατρδς,
1090 3752 1225 3806 Υἰοῦ
1244 3754 1340 3806 καὶ
1358 3752 1515 3820 ἁγίου
1539 3751 1882 3820 Πνεύματος,
1914 3749 2009 3803 νῦν

424 3848 516 3900 καὶ
536 3848 626 3900 ἀεὶ⁵
647 3850 740 3900 καὶ
760 3847 840 3910 είς
868 3849 997 3911 τοὺς
1022 3846 1227 3909 αἰῶνας
1250 3847 1360 3900 τῶν
1389 3844 1624 3900 αἰώνων.
1670 3844 1868 3914 Ἀμήν.

500 3965 515 3994 ¹
551 3962 696 4018 Psal.
725 3979 900 4033 xxx",
938 3965 1026 4021 15.
1103 3966 1124 3996 '
1157 3964 1482 4028 Psal.x1.nr,
1507 3963 1600 4017 22.

426 4120 1350 4154 Μ

1336 4121 2867 4151 m

2116 3663 2461 3733 martyricam
2486 3672 2539 3715 et
2561 3663 2775 3716 beatam
2800 3664 3356 3729 consummationem,
3378 3666 3446 3717 ad
3476 3665 3702 3735 gloriam

2116 3752 2314 3817 Patris,
2347 3764 2402 3808 et
2452 3754 2596 3817 Filii,
2635 3755 2924 3825 sanctique
2957 3755 3214 3825 Spiritus.
3257 3771 3405 3810 nunc
3453 3764 3511 3810 et
3556 3770 3706 3812 sem-

2119 3861 2241 3916 per,
2278 3855 2333 3900 ct
2368 3847 2423 3900 in
2456 3848 2655 3908 saecula
2680 3849 3025 3904 saeculorum.
3060 3850 3255 3901 Amen.

2910 4118 3682 4151 ιιι-ΜΞ

1005 4243 1256 4332 ΒιοΣ
1330 4244 1530 4330 ΚΑΙ
1602 4240 2148 4331 ΠΟΛΙΤΕΙΑ
2221 4223 2419 4349 ΚΑΙ
2492 4241 3131 4345 ΜΑΡΤΥΡΙΟΝ

1582 4384 1723 4438 ΤΗΣ
1775 4384 1982 4439 ΔΓΙΑΣ
2030 4383 2564 4441 ΟΣΙΟΜΔΡΤΥΡΟΣ

810 4506 1875 4643 ΑΝΑΣΤΑΣΙΑΣ
2008 4512 2354 4639 ΤΗΣ
2489 4500 3285 4642 ΡΩΜΑΙΑΣ.

762 4827 1046 4923 VITA
1159 4828 1312 4917 ET
1426 4823 2270 4919 CONVERSATIO
2390 4828 2537 4917 ΕΤ
2651 4823 3391 4916 MABTYRIUM

1667 4976 1990 5039 SANCTIE
2054 4976 2474 5040 MARTYRIS

981 5132 2119 5291 ANASTASLZE
2309 5135 3170 5292 ROMANIE

572 5371 683 5429 Est
729 5380 933 5432 autem
987 5370 1112 5431 Ιιωο
1170 5367 1504 5430 Anastasio
1570 5367 1782 5428 senior
1819 5367 2519 5506 ngchictabrespectu
2571 5366 2832 5428 alterius
2886 5364 3261 5437 Anastasiw,
3321 5364 3395 5423 de
3448 5377 3573 5441 qua

2003 5466 2157 5506 eccm
2209 5465 2317 5506 νιε.

2003 5465 2317 5508 σσεηιονιε.

980 5567 1174 5618 (Latine
1204 5582 1288 5632 ap.
1320 5567 1519 5617 Surium
1547 5569 1605 5618 ail
1641 5569 1773 5618 diem
1830 5570 1893 5617 28
1920 5568 2173 5628 Octobris,
2211 5570 2383 5620 (imre
2411 5583 2474 5623 ex
2501 5572 2613 5621 cod.
2642 5585 2734 5620 ms.
2769 5570 2925 5621 Paris.
2958 5583 3008 5618 n.
3038 5569 3200 5624 1480.)

508 5793 557 5844 A‘
575 5831 590 5846 .
622 5790 812 5856 Διττάς
843 5780 977 5862 ἡμῖν
1011 5793 1036 5843 ὁ
1073 5791 1233 5859 λόγος
1280 5791 1636 5853 Ἀναστασίας
1661 5787 1769 5843 οἶδε
1813 5792 2008 5864 γνωρί-

2195 5790 2234 5847 l.
2272 5792 2492 5846 Litteris
2525 5791 2840 5845 mandatum
2873 5802 2976 5848 cst.
3013 5789 3147 5843 (luas
3178 5787 3345 5841 fuisse
3379 5784 3717 5850 Anastasius,

436 5883 591 5951 ζειν,
621 5885 910 5955 ὶπιφανεῖς
959 5885 1056 5955 μὲν
1090 5886 1260 5956 ἄμφω
1298 5886 1359 5938 τὺ
1410 5888 1552 5939 κατὰ
1616 5889 1793 5956 σάρκα
1827 5886 1985 5954 γένος
2010 5926 2024 5951 ,

2138 5886 2324 5940 ambas
2372 5884 2593 5955 quidem
2647 5898 2848 5948 genere
2910 5883 3120 5947 claras,
3171 5882 3329 5949 longe
3373 5891 3556 5935 autem
3605 5881 3721 5933 οια-
