4132 6474
511 445 642 512 12θῖ

1554 451 1736 514 νιΤΑ
1777 451 1837 513 S.
1875 448 2318 510 ANASTASLE
2361 447 2712 511 ROMAN/E.

3629 432 3760 494 1298

579 559 656 616 ιν.
705 561 771 616 Ἥ
802 559 932 632 γοῦν
966 565 1293 630 διδάσκαλος
1330 565 1502 636 αὑτῆς
1540 565 1732 634 Σοφία,
1755 563 1851 637 τὴν
1884 563 2089 634 ἀθρόαν

2205 565 2391 630 ianuis,
2417 561 2656 618 maxime
2693 563 2898 632 impetu
2932 557 3185 631 ingrcssi,
3216 553 3536 613 nominatim
3563 562 3768 620 quaere-

508 653 698 722 ἔφοδον
736 653 952 724 ἐκείνην
980 655 1314 729 θεασαμένη,
1367 657 1463 711 καὶ
1491 657 1592 730 τὴν
1637 658 1819 711 αίτίαν
1850 657 1951 710 οὐκ
2014 656 2076 708 ά-

511 745 821 813 γνοήοασα,
892 746 1010 800 ἀλλ’
1075 749 1284 812 εὐθέως
1315 749 1674 819 συμϐαλοῦσα
1723 749 1786 803 τὺ
1817 751 2074 820 πρᾶγμα,

511 836 674 906 χάριν
706 838 878 909 ᾔτησε
912 840 1040 902 τοὺς
1069 840 1436 910 στρατιώτας,
1455 841 1597 896 ὥστε
1633 841 1831 913 μικρὸν
1861 843 2085 912 ἀναμεῖ-

513 945 601 980 ναι
632 930 847 1000 χρόνον.
903 934 1015 986 Καὶ
1057 933 1334 1005 λαϐομένη
1389 938 1490 1005 τῆς
1539 936 1902 997 Ἀναστασίας
1946 935 2085 1003 μετὰ

510 1019 790 1088 δακρύων,
828 1025 1006 1078 στᾶσά
1048 1042 1108 1078 τε
1138 1027 1431 1080 κατέναντι
1469 1027 1564 1081 τοῦ
1611 1026 2002 1096 θυσιαστηρίου
2029 1028 2087 1079 ἐν

513 1113 842 1185 ἀποκρύφῳ,
881 1117 976 1169 καὶ
1008 1116 1129 1170 θεὸν
1165 1119 1424 1189 μάρτυρα
1462 1119 1573 1172 τῶν
1620 1119 1758 1188 πρὸς
1801 1120 1971 1189 αὐτὴν
2001 1119 2088 1172 λόο

515 1219 629 1268 γων
659 1208 1029 1278 ποιησαμένη,
1114 1209 1256 1278 Ἐγὼ
1299 1212 1400 1281 μέν
1457 1229 1540 1274 σε,
1578 1212 1941 1280 ποθεινοτάτη
1996 1229 2090 1280 μοι

517 1293 781 1368 θύγατερ,
823 1297 956 1368 ἔφη,
991 1301 1156 1353 παῖδα
1187 1302 1616 1371 παραλαϐοῦσα,
1649 1304 1804 1356 οὐδὲν
1838 1303 1949 1356 τῶν
2011 1304 2094 1364 εῑς

519 1387 662 1457 ἐμὴν
683 1389 918 1460 δύναμιν
957 1393 1052 1446 ἐπί
1116 1411 1198 1447 σοι
1241 1395 1342 1464 τῆς
1377 1396 1517 1447 κατὰ
1564 1395 1698 1448 Θεὸν
1745 1397 1996 1458 παιδείας
2029 1399 2093 1450 ἐκ

523 1479 751 1549 πρώτης
800 1482 1016 1552 ἡμέρας
1046 1486 1144 1538 καὶ
1175 1488 1255 1549 είς
1280 1487 1342 1539 τὸ
1368 1487 1545 1556 παρὸν
1598 1488 1848 1541 ἐνέλιπον
1874 1505 1890 1519 ο
1918 1489 1984 1542 σὺ
2014 1488 2093 1555 δὲ,

518 1569 600 1632 εἰς
631 1570 851 1638 ἠλικίαν
877 1575 976 1644 ἤδη
1034 1577 1128 1628 τοῦ
1159 1576 1529 1648 πληρώματος
1587 1580 1975 1649 καταντήσασα
2003 1580 2095 1632 τοῦ

525 1659 784 1729 Χριστοῦ,
811 1663 969 1718 ἄπιθι
999 1665 1137 1736 πρὸς
1178 1667 1338 1720 αὐτὸν
1361 1669 1771 1740 ἀγαλλιωμένη.
1809 1671 1966 1740 Αὖτῴ
1988 1672 2097 1742 γάρ

522 1767 582 1803 σε
623 1752 982 1824 νυμφεύομαι
1015 1757 1281 1828 σήμερον,
1334 1759 1432 1813 καὶ
1483 1760 1638 1830 αύτῷ
1672 1763 1961 1832 προσάγω,
2004 1762 2098 1816 καὶ

519 1847 671 1916 αὐτῷ
703 1851 1078 1922 παρατίθημι.
1127 1852 1256 1907 Ἰδοὺ
1279 1855 1376 1907 καὶ
1398 1857 1425 1908 6
1451 1855 1682 1925 νυμφὼν
1701 1857 1975 1927 εὐτρεπὴς
2002 1858 2094 1911 καὶ

518 1938 548 1989 6
587 1939 769 1992 καλῶν
795 1941 1057 2010 ἀψευδήςο
1092 1946 1188 1997 καὶ
1220 1947 1270 1998 οἱ
1308 1945 1408 2014 τῆς
1433 1948 1611 2018 χαρᾶς
1633 1947 1859 2016 ἄγγελοι
1898 1950 2095 2018 πάρει-

528 2046 638 2095 σιν,
690 2029 767 2095 ὡς
800 2033 1044 2102 Χριστοῦ
1079 2053 1138 2089 σε
1166 2037 1531 2101 δεξιώσασθαι
1562 2039 1802 2110 νύμφην,
1833 2042 1929 2094 καὶ
1960 2041 2098 2110 πρὸς

519 2120 646 2226 τοῦς
679 2121 958 2226 θαλάμους
981 2217 995 2226 ι
1027 2125 1107 2195 τῷ
1165 2127 1380 2196 βασιλεί
1421 2134 1859 2200 συνεισαγαγεῖν.
1905 2133 2098 2194 Βάδιζε

519 2213 702 2312 τοίνυν
722 2213 824 2312 τὴν
849 2217 1043 2312 στενὴν
1078 2217 1290 2288 ταύτην
1317 2219 1414 2273 καὶ
1443 2220 1838 2293 τεθλιμμένην,
1871 2222 1977 2286 ἕως
2009 2223 2100 2277 διὰ

519 2301 618 2368 τῆς
657 2301 800 2373 ὑπὲρ
831 2306 1002 2358 αὑτοῦ
1031 2309 1341 2378 μαρτυρίας
1361 2311 1419 2363 ἐν
1448 2310 1747 2382 εὐρυχώρῳ
1779 2313 1956 2384 στήσῃ
1972 2313 2100 2376 τοὺς

521 2391 692 2456 πόδας
725 2410 846 2448 σου.
881 2395 1040 2450 Ἐπεὶ
1079 2398 1174 2451 καὶ
1217 2397 1430 2453 δίκαιον
1453 2394 1500 2453 ὦ
1535 2405 1752 2466 τέκνον,
1795 2403 1858 2456 οὐ
1902 2406 2100 2460 παθεῖν

520 2479 664 2549 ὑπὲρ
693 2483 937 2552 Χριστοῦ
965 2487 1151 2554 μόνον,
1181 2487 1318 2540 ἀλλὰ
1353 2489 1449 2542 καὶ
1469 2491 1754 2556 πολλάκις,
1782 2492 1952 2562 είπερ
1983 2490 2097 2549 οἷόν

515 2586 580 2623 τε
615 2573 922 2643 καὶτοῦτο,
945 2575 1015 2629 δι’
1051 2579 1262 2632 ἐκεῖνον
1295 2579 1609 2637 ἀποθανεῖν.
1644 2585 1706 2636 El
1741 2585 1851 2654 γάρ
1895 2589 2099 2640 Δεσπό-

520 2678 620 2730 της
641 2661 718 2716 ὣν
745 2667 954 2730 ἐκεῖνος
975 2669 1218 2724 ἀπέθανε
1255 2671 1325 2725 δι’
1357 2674 1530 2743 ἡμᾶς,
1565 2674 1686 2738 πῶς
1712 2676 1774 2729 οὐ
1820 2677 1927 2749 χρὴ
1974 2679 2098 2732 δού-

519 2753 646 2817 λους
673 2755 837 2821 ὄντας
865 2759 1015 2829 ἡμᾶς
1072 2761 1163 2814 τὸν
1196 2762 1410 2817 ἐκείνου
1477 2765 1778 2835 προθύμως
1843 2771 2092 2839 μιμήσα-

523 2845 649 2898 σθαι
679 2845 951 2916 θάνατον;
993 2850 1204 2917 Ἀλλως
1234 2870 1294 2906 τε
1325 2855 1384 2908 δέ
1415 2855 1538 2911 οὐδὲ
1572 2856 1828 2936 θάνατος,
1851 2855 1896 2915 ὧ
1935 2863 2098 2932 μέλος

523 2937 682 3008 ἐμὸν,
726 2942 760 3012 η
803 2942 894 2998 διὰ
952 2945 1193 3015 Χριστὸν
1252 2948 1505 3019 τελευτὴ,
1568 2951 1688 3005 ἀλλ’
1755 2955 2097 3027 εὐφροσύνη,

521 3031 690 3102 χαρὰ,
719 3033 912 3105 ἡδονὴ,
942 3036 1292 3110 λαμπρότης,
1321 3043 1617 3114 ὡραιότης,
1655 3047 1794 3114 φῶς,
1836 3048 1973 3103 πολὺ
2007 3049 2102 3103 τοῦ

523 3126 703 3191 φωτὸς
724 3127 922 3182 τούτου
952 3129 1294 3203 γλυκύτερόν
1323 3150 1384 3186 τε
1405 3135 1500 3188 καὶ
1529 3136 1887 3209 ὡραιότερον.
1914 3141 2102 3196 Πάντα

2182 660 2310 715 bant
2345 658 2704 712 Anastasiam.

2257 751 2347 805 lll.
2382 749 2517 821 Eius
2549 756 2732 803 autem
2759 746 3012 816 magistra
3039 740 3244 810 Sophia
3272 755 3399 796 cum
3425 738 3780 806 repentinam

2187 847 2332 902 illam
2366 842 2670 913 aspexisset
2714 837 3097 915 irruptionem,
3126 842 3181 888 et
3220 845 3440 886 causam
3474 842 3586 882 non
3613 825 3771 896 igno-

2190 948 2384 998 rasset.
2419 937 2515 993 sed
2545 950 2658 990 rem
2712 931 2918 996 statim,
2944 937 3021 983 ut"
3042 937 3179 988 erat,
3226 922 3578 990 coniecisset,
3612 935 3639 972 a
3670 919 3773 972 mi-

2190 1033 2376 1086 litibus
2409 1027 2704 1100 postulavit
2737 1025 2876 1079 hanc
2903 1021 3156 1091 gratiam,
3186 1026 3244 1071 ut
3267 1030 3460 1081 parum
3489 1019 3775 1080 exspecta-

2193 1133 2336 1179 rent.
2373 1122 2506 1189 Quae
2533 1135 2656 1174 cum
2704 1118 3012 1188 lacrymans
3058 1109 3363 1179 accepisset
3403 1102 3767 1166 Anastasiatn,

2193 1227 2247 1274 et
2275 1233 2394 1272 eam
2425 1213 2709 1270 statuisset
2737 1227 2806 1266 ex
2828 1209 3058 1264 adverso
3087 1219 3214 1268 arae,
3249 1208 3483 1262 secreto,
3515 1204 3570 1250 et
3603 1195 3770 1250 Deum

2197 1319 2390 1365 testem
2427 1307 2693 1362 adhibens
2719 1317 2931 1364 eorum,
2953 1314 3074 1368 quae
3105 1295 3357 1350 dicebat:
3389 1292 3503 1362 Ego
3526 1288 3772 1358 quidem;

2197 1402 2396 1471 inquit,
2433 1415 2464 1455 ο
2491 1395 2889 1469 iucundissima
2919 1393 3050 1451 ﬁlia,
3087 1404 3212 1446 cum
3247 1397 3300 1442 te
3337 1385 3572 1455 puellam
3614 1396 3772 1435 acce-

2196 1495 2422 1565 pissem,
2467 1491 2608 1546 nihil
2651 1504 2680 1543 a
2722 1487 2900 1558 primo
2943 1485 3032 1539 die
3081 1482 3148 1536 ad
3204 1481 3516 1544 hocusque
3557 1484 3776 1543 tempus

2198 1582 2520 1655 praetermisi
2574 1595 2676 1651 pro
2738 1577 2970 1640 viribus,
3023 1572 3170 1644 quod
3228 1569 3531 1641 pertineret
3586 1566 3654 1620 ad
3721 1574 3774 1618 te

2201 1673 2591 1731 instituendam
2624 1671 2680 1726 in
2731 1669 2820 1734 iis,
2853 1683 2975 1738 quae
3026 1666 3092 1720 ad
3143 1665 3313 1718 Deum
3364 1660 3663 1731 pertinent.
3693 1655 3775 1709 Tu

2200 1779 2383 1824 autem
2413 1781 2537 1821 cum
2560 1765 2671 1834 jam
2706 1759 3026 1831 perveneris
3057 1757 3123 1811 ad
3160 1764 3373 1809 :rtatem
3421 1748 3780 1822 plenitudinis

2201 1859 2427 1921 Clu-isti,
2458 1855 2594 1911 vade
2640 1854 2706 1909 ad
2741 1853 2924 1923 ipsum
2971 1849 3274 1905 exsultans.
3319 1844 3395 1899 Te
3441 1843 3586 1898 enim
3621 1840 3782 1895 hodie

2200 1947 2537 2018 despondeo,
2565 1952 2621 1999 et
2646 1942 2836 2006 oﬂ'ero,
2860 1949 2916 1996 et
2944 1941 3120 1995 trado.
3143 1937 3283 1993 Ecce
3307 1935 3430 2004 jam
3448 1939 3533 1987 est
3561 1937 3784 2000 paratus

2203 2042 2500 2100 thalamus,
2551 2045 2606 2091 et
2649 2035 2741 2106 qui
2793 2045 2846 2088 te
2877 2041 3059 2097 vocat,
3093 2039 3179 2086 est
3227 2042 3391 2082 verax
3426 2042 3441 2078 :
3478 2031 3534 2078 et
3582 2022 3786 2076 adsunt

2203 2139 2386 2194 nuntii
2420 2136 2626 2208 gaudii,
2670 2142 2731 2188 ut
2775 2142 2829 2188 te
2862 2129 3138 2199 accipiant
3182 2123 3386 2179 Christi
3419 2133 3698 2190 sponsam,
3729 2125 3786 2168 et

2201 2206 2484 2288 deducant
2507 2227 2575 2282 ad
2613 2225 2816 2296 Regem
2850 2222 2908 2276 in
2952 2232 3191 2289 superna
3225 2212 3601 2270 tabernacula.
3636 2206 3785 2260 Vade

2200 2337 2328 2390 ergo
2371 2336 2472 2391 per
2518 2319 2658 2373 hanc
2700 2323 2912 2370 arctam
2963 2321 3020 2367 et
3064 2316 3348 2381 angustam
3402 2304 3569 2368 viam,
3607 2301 3787 2355 donec

2202 2429 2301 2484 per
2341 2390 2661 2482 martyrium
2695 2423 2797 2478 pro
2845 2406 2967 2474 ipso
3012 2409 3354 2470 susceptum,
3404 2396 3458 2449 in
3495 2390 3788 2448 latitudine

2203 2511 2406 2560 statuat
2446 2503 2616 2572 pedes
2661 2509 2806 2554 tuos.
2861 2495 2996 2550 Nam
3038 2495 3245 2562 justum
3298 2498 3401 2552 est,
3432 2500 3466 2541 ο
3505 2484 3635 2545 ﬁlia,
3672 2496 3784 2535 non

2202 2599 2378 2654 solum
2409 2611 2511 2668 pro
2541 2593 2761 2650 Christo
2786 2589 2920 2659 pati,
2950 2587 3046 2641 sed
3075 2586 3240 2640 etiam
3265 2596 3430 2651 srepe,
3462 2579 3506 2632 si
3533 2577 3642 2631 hoc
3670 2573 3783 2629 ﬁeri

2201 2696 2410 2760 posset,
2451 2685 2588 2741 mori
2635 2690 2865 2753 propter
2908 2677 3084 2732 illum.
3133 2673 3191 2728 Si
3239 2673 3408 2735 enim,
3465 2681 3590 2722 cum
3639 2671 3789 2720 esset

2202 2756 2493 2838 bominus.
2535 2782 2791 2830 mortuus
2821 2777 2905 2825 est
2957 2776 3182 2837 propter
3218 2779 3342 2826 nos,
3375 2756 3649 2828 quomodo
3674 2767 3786 2809 ne:

2203 2878 2426 2940 oportet
2454 2882 2582 2929 nos,
2629 2880 2753 2918 eum
2796 2861 2968 2916 simus
3005 2856 3172 2919 servi,
3214 2860 3470 2924 prompto
3509 2857 3586 2902 οι·
3617 2843 3785 2922 alacri

2205 2961 2391 3018 animo
2447 2957 2648 3014 imitari
2714 2954 2861 3009 illius
2913 2948 3188 3006 mortem?
3236 2944 3602 3000 Verum-nec
3638 2950 3791 2992 mors

2204 3053 2425 3124 quidem
2449 3059 2552 3116 est,
2583 3065 2617 3105 ο
2647 3048 2774 3111 ﬁlia,
2810 3052 3035 3115 propter
3058 3039 3342 3096 Christum
3378 3035 3660 3095 decessus,
3691 3029 3789 3084 sed

2206 3119 2417 3208 laetitia,
2458 3140 2737 3212 gaudium,
2773 3137 3046 3205 voluptas.
3086 3129 3363 3199 splendor,
3409 3119 3787 3196 pulchritudo,

523 3215 804 3286 ἂφθαρτα,
851 3221 1036 3275 πάντα
1097 3222 1316 3292 βέϐαια,
1351 3227 1532 3280 πάντα
1587 3228 1812 3296 μόνιμα,
1875 3231 2100 3302 διηνεκῆ

2210 3235 2302 3289 lux
2331 3211 2489 3304 longe
2519 3232 2620 3286 hac
2643 3232 2764 3284 luce
2794 3227 3007 3284 dulcior
3035 3235 3093 3279 et
3120 3220 3424 3293 pulchrior.
3460 3214 3658 3270 Omnia
3683 3211 3792 3265 illic

527 3309 729 3370 πάντα,
769 3309 865 3364 καὶ
897 3311 1154 3367 οὐδέποτε
1182 3315 1442 3386 λήγοντα.
1473 3318 1565 3389 Μὴ
1604 3318 1691 3395 δὴ,
1718 3314 1763 3373 ὦ
1791 3321 2102 3392 σπλάγχνον

525 3397 659 3465 ἐμὸν
689 3399 828 3468 πρὸς
861 3403 922 3455 τὸ
973 3404 1251 3474 αὑστηρδν
1279 3407 1599 3479 ἀποσλέψῃς
1640 3411 1750 3464 τῶν
1797 3413 2100 3483 τυράννων,

523 3489 617 3542 καὶ
678 3491 740 3544 τὸ
768 3493 934 3563 δριμὺ
965 3495 1076 3548 τῶν
1099 3497 1376 3551 κολάσεων
1396 3515 1412 3532 ο
1435 3501 1599 3564 αὐτὸς
1624 3505 1730 3573 γάρ
1761 3522 1843 3559 σοι
1868 3507 2105 3576 Χριστὸς

520 3582 549 3633 6
584 3586 822 3652 νυμφίος
855 3587 883 3638 6
918 3587 1011 3649 σὸς
1041 3591 1484 3661 παραστήσεται,
1507 3594 1606 3658 τὰς
1645 3596 1839 3660 ὀδύνας
1877 3600 2104 3653 ἐπικου-

525 3675 700 3744 φίζων
737 3679 832 3731 καὶ
867 3681 980 3733 τῶν
1039 3682 1297 3750 ἀναγκῶν
1333 3685 1760 3757 ἐξαιρούμενος.
1812 3691 1878 3744 Εἰ
1911 3692 1969 3744 δέ
2011 3696 2106 3747 καὶ

529 3767 729 3837 μικρόν
762 3786 823 3821 σε
857 3772 1208 3842 συγχωρήσει
1266 3775 1694 3856 κακοπαθῆσαι,
1727 3780 1871 3835 ὥστε
1914 3799 2008 3836 σου
2042 3783 2105 3836 τὸ

526 3859 776 3929 δοκίμιον
837 3863 937 3932 τῆς
992 3864 1231 3930 πίστεως
1277 3868 1558 3942 ὑπομονὴν
1606 3873 2102 3944 κατεργάσασθαι’

685 3954 793 4056 ρύκ
835 3957 918 4020 είς
960 3957 1114 4021 τέλος
1173 3961 1561 4033 ἐγκαταλείψει
1602 3965 1700 4019 καὶ
1744 3971 2101 4039 περιόψεται·

529 4045 646 4098 ἁλλ’
683 4045 766 4100 ἐτι
802 4065 897 4100 σου
926 4051 1272 4132 καμνούσης,
1308 4055 1678 4122 σϐεσθήσεται
1725 4059 1827 4128 μὲν
1862 4062 2105 4134 ἡδριμύ-

528 4153 629 4240 της
651 4140 768 4240 τῶν·
787 4141 1075 4240 ἀλγεινῶν,
1106 4145 1398 4198 ἀναστελεί
1421 4147 1478 4199 δέ
1510 4165 1595 4201 σοι
1617 4151 1988 4222 παράκλησις,
2011 4156 2105 4210 καὶ

532 4232 649 4296 φῶς
687 4232 780 4284 καὶ
813 4232 925 4303 ζωή
961 4251 1020 4286 σε
1056 4238 1388 4305 περιστελεῖ,
1422 4241 1517 4292 καὶ
1549 4242 1582 4310 ὴ
1605 4240 1732 4308 δόξα
1764 4245 1972 4314 Κυρίου
2008 4264 2107 4301 κν·

533 4321 735 4432 κλώσει
774 4325 1036 4432 σε.”Πρὸς
1075 4324 1250 4432 ταῦτα
1277 4329 1312 4432 η
1341 4329 1648 4400 παρθένος,
1697 4333 1882 4404 Εὐχῆς
1918 4334 2102 4404 ἔργον,

527 4417 574 4467 ὼ
620 4417 818 4486 μῆτερ,
853 4417 981 4488 ἔφη,
1021 4419 1118 4473 καὶ
1143 4421 1243 4490 τῆς
1278 4420 1489 4475 ἄνωθεν
1517 4423 1698 4494 ῥοπῆς
1727 4442 1788 4479 τε
1818 4426 1918 4480 καὶ
1967 4444 2106 4498 συμ-

528 4509 732 4578 μαχίας
784 4508 847 4564 τὸ
885 4512 962 4582 μὴ
999 4513 1135 4583 πρὸς
1175 4513 1454 4584 τοσαύτην
1504 4515 1769 4586 ὡμότητα
1818 4519 2105 4589 τυράννων

526 4602 623 4654 καὶ
649 4602 847 4669 μανίαν
874 4603 1280 4674 ἀπαγορεῦσαι.
1313 4623 1335 4658 ε
1363 4605 1435 4658 Τὸ
1467 4607 1568 4676 μὲν
1587 4607 1696 4676 γὰρ
1723 4608 1954 4678 Πνεῦμα.
1973 4610 2110 4680 πρό-
2143 4594 2185 4649 ί)

528 4694 721 4764 θυμον,
754 4699 785 4766 ἠ
815 4697 870 4749 δὲ
892 4697 1030 4769 σὰρξ
1061 4698 1316 4770 ἀσθενής·
1343 4719 1362 4752 ι
1393 4700 1530 4754 ἀλλὰ
1553 4700 1778 4772 δεήθητι
1801 4703 1897 4756 τοῦ
1925 4703 2105 4757 κοινοῦ

529 4788 826 4850 Δεσπότου,
863 4786 960 4840 καὶ
1013 4787 1295 4839 ἱκέτευσον
1331 4787 1496 4841 αὐτὸν
1543 4790 1695 4852 ὅπως
1748 4789 2110 4862 ἐξαποστείλῃ

531 4897 625 4950 μοι
653 4879 889 4950 δύναμιν
913 4879 976 4944 ἐξ
1004 4878 1196 4946 ὕψους,
1235 4879 1306 4934 δι’
1335 4874 1403 4952 ἦς
1434 4880 1904 4951 ἅντικαταστῆναι
1943 4883 2106 4952 δυνήσ

530 4991 695 5043 σομαι
724 4974 863 5044 πρὸς
886 4973 1043 5027 οῦτω-
1060 4974 1248 5028 κακῶν
1280 4973 1612 5044 βαρυτάτην
1635 4978 1938 5045 ἐπαγωγὴν
1962 4991 1977 5007 ·
2011 4975 2107 5029 καὶ
2151 5007 2161 5026 ς

536 5064 851 5131 σπουδάσω,
887 5065 1066 5136 μῆτερ
1089 5066 1218 5137 ἐμὴ,
1247 5071 1314 5138 τῇ
1368 5067 1585 5121 ἐκείνου
1628 5069 1922 5139 δυναστείᾳ
1968 5085 2107 5137 κρα-

534 5158 864 5232 ταιιουμένη,
902 5159 989 5212 διὰ
1024 5159 1216 5220 τέλους
1242 5177 1326 5212 σοι
1369 5161 1611 5229 τηρῆσαι
1648 5161 1746 5223 τὰς
1805 5160 2108 5236 ὑποθήκας,

535 5250 628 5305 καὶ
655 5250 917 5318 οὐδεμιᾶς
944 5252 1154 5305 τούτων
1180 5253 1507 5322 ὀλιγωρήσω
1536 5254 1570 5324 ἢ
1621 5255 1976 5326 ἐπιλήσομαι.

601 5340 675 5400 Δ’.
708 5342 900 5397 Ταῦτα
949 5345 1052 5414 τῆς
1103 5347 1380 5416 παρθένου
1431 5347 1765 5418 διεξιούσης,
1809 5351 1906 5403 καὶ
1965 5350 2110 5405 οὕτω

527 5434 794 5501 γλυκείας
833 5440 910 5506 τῇ
959 5438 1272 5508 διδασκάλῳ
1314 5443 1650 5513 ποιουμένης
1704 5444 1799 5497 καὶ
1849 5444 2110 5508 ποθεινὰς

533 5527 630 5589 τὰς
665 5529 1026 5597 ἐπαγγελίας,
1052 5532 1414 5597 ἐπιπεσόντες
1440 5534 1640 5604 ἀθρόον
1661 5537 1711 5589 οἱ
1745 5537 2107 5607 στρατιῶται,

530 5623 624 5674 καὶ
655 5621 919 5694 καθάπερ
981 5627 1171 5698 ἀρνίον
1218 5629 1317 5698 τῆς
1375 5630 1586 5701 μητρὸς
1635 5630 1805 5701 αὐτὴν
1856 5631 2110 5686 ἀποσπά-

535 5728 750 5792 σαντες,
779 5715 960 5770 κλοιόν
999 5734 1058 5770 τε
1088 5718 1341 5790 σιδηροῦν
1390 5721 1806 5792 περιϐάλλουσι,
1848 5724 1944 5778 καὶ
1987 5722 2109 5793 χαί-

604 5879 831 5945 ¹Μιιιι1ι.
869 5907 989 5945 nr:
1041 5894 1126 5947 Η.

2212 3328 2282 3385 ab
2307 3303 2528 3382 interitu
2563 3325 2757 3389 libera,
2779 3319 2976 3376 omnia
2998 3318 3154 3372 ﬁrma
3211 3329 3277 3370 ac
3315 3309 3529 3367 stabilia
3558 3345 3576 3372 ,
3605 3303 3789 3363 omnia

2209 3429 2477 3491 perpetua
2531 3424 2587 3471 et
2625 3426 2905 3482 nunquam
2935 3405 3266 3465 desinentia.
3306 3403 3386 3458 Ne
3419 3398 3722 3471 aspexeris,
3757 3411 3790 3450 ο

2214 3512 2323 3568 ﬁlia
2373 3525 2515 3574 mea,
2553 3509 2621 3564 ad
2657 3507 3012 3563 acerbitatem
3044 3511 3424 3575 tyrannorum,
3473 3505 3527 3553 et
3554 3493 3794 3565 gravita-

2214 3611 2322 3657 tem
2377 3599 2793 3670 suppliciorum.
2846 3595 2970 3666 Ipse
3035 3593 3184 3648 enim
3235 3589 3489 3646 Christus
3553 3596 3792 3654 sponsus

2212 3705 2342 3752 tuus
2390 3695 2487 3750 tibi
2534 3694 2749 3760 aderit,
2800 3692 3016 3747 dolores
3070 3687 3332 3750 allevans,
3375 3691 3433 3737 et
3476 3679 3716 3750 eripiens
3761 3690 3792 3728 a

2212 3789 2658 3845 necessitatibus.
2698 3784 2856 3852 Quod
2891 3783 2936 3838 si
2996 3783 3160 3838 etiam
3196 3774 3570 3840 concesserit,
3623 3778 3684 3825 ut
3733 3776 3795 3826 tu

2212 3881 2479 3936 malorum
2519 3878 2728 3949 aliquid
2776 3873 3122 3947 perpetiaris,
3175 3884 3285 3937 quo
3342 3877 3494 3922 tuam
3552 3864 3794 3921 toleran-

2213 3973 2348 4027 tiam
2397 3971 2748 4026 eﬁiciat-tua:
2789 3966 2916 4022 ﬁdei
2966 3964 3342 4036 probationem
3380 4000 3396 4026 ,
3443 3969 3502 4015 at
3561 3973 3674 4012 non
3735 3955 3793 4008 in

2211 4065 2374 4120 ﬁnem
2406 4064 2712 4118 deseret'et
2745 4059 3034 4128 despiciet,
3067 4055 3162 4112 sed
3192 4063 3244 4110 te
3265 4051 3472 4108 -adhuc~.
3489 4049 3792 4108 laborante,

2214 4157 2591 4227 exstinguetur
2622 4153 2844 4224 quidem
2878 4150 3134 4206 dolorum
3163 4144 3435 4201 acerbitas
3462 4158 3478 4194 :
3514 4139 3797 4196 exorietur

2213 4258 2398 4305 autem
2428 4248 2528 4302 tibi
2560 4245 2861 4303 consolatio
2897 4255 2954 4300 et
2978 4243 3071 4297 ιιι-ιι
3103 4258 3116 4294 :
3152 4249 3211 4294 et
3231 4239 3340 4295 vita
3382 4247 3438 4291 te
3466 4232 3707 4292 amiciet,
3737 4237 3796 4284 ct

2214 4342 2384 4412 gloria
2410 4339 2792 4397 circumdabit.
2820 4335 2902 4392 Ad
2927 4335 3044 4391 haec
3071 4333 3238 4402 virgo
3264 4345 3280 4384 :
3317 4324 3630 4399 Optandum
3672 4320 3796 4391 qui-

2213 4431 2338 4486 dem
2373 4439 2479 4496 est,
2533 4429 2728 4500 inquit,
2761 4445 2794 4483 ο
2827 4437 3024 4489 mater,
3069 4434 3125 4480 et
3171 4420 3440 4479 orandum
3475 4424 3536 4471 ut
3591 4413 3737 4484 quod
3765 4429 3810 4465 ας

2214 4524 2399 4578 divino
2439 4523 2819 4594 proﬁciscatur
2863 4518 3086 4579 auxilio,
3139 4531 3206 4570 ne
3259 4512 3326 4569 ad
3374 4517 3579 4566 tantam
3615 4515 3798 4576 tyran-

2215 4628 2414 4670 norum
2456 4612 2834 4668 crudelitatem
2887 4620 2942 4665 et
2993 4607 3262 4662 insaniam
3308 4602 3578 4658 deﬁciam.
3613 4597 3794 4652 «Nam

2216 4707 2444 4777 spiritus
2495 4705 2714 4774 quidem
2764 4709 2850 4757 est
2897 4706 3220 4772 promptus,
3279 4709 3410 4750 caro
3473 4703 3675 4746 autem;
3711 4691 3794 4743 in-

2216 4799 2370 4853 ﬁrme
2411 4797 2470 4849 ιἰι
2511 4814 2529 4847 ι
2565 4796 2661 4850 sed
2705 4807 2834 4864 roga
2881 4803 3228 4847 communem
3280 4783 3605 4846 Dominum,
3650 4789 3706 4835 et
3743 4781 3789 4833 ei

2216 4889 2500 4960 supplicat,
2538 4895 2600 4942 ut
2644 4885 2822 4940 mittat
2859 4884 2926 4938 ad
2969 4897 3060 4936 me
3097 4881 3356 4935 virtutem
3400 4891 3468 4930 ex
3507 4876 3652 4934 alto.
3697 4888 3795 4943 per

2215 4998 2376 5054 quam
2410 4988 2600 5049 potero
2635 4978 2908 5032 resistere-
2944 4982 3055 5028 tam
3083 4971 3360 5044 gravibus,
3383 4981 3505 5037 quae
3534 4962 3790 5034 inﬂigun-

2212 5051 2324 5139 tur,
2361 5071 2565 5128 malis:
2598 5077 2656 5124 et
2677 5066 2934 5130 studebo,
2975 5072 3152 5118 mater
3197 5075 3343 5125 mea,
3395 5057 3544 5112 illius
3589 5051 3792 5110 conﬁr-

2211 5175 2358 5222 mata
2409 5166 2634 5227 virtute,
2684 5169 2773 5215 tua
2836 5157 3046 5214 monita
3105 5162 3376 5224 perpetuo
3431 5160 3786 5206 conservare,

2208 5273 2389 5330 neque
2412 5259 2585 5313 ullum
2621 5268 2812 5311 eorum
2838 5250 3128 5321 negligam.
3166 5255 3262 5301 aut
3284 5245 3406 5314 ejus
3429 5239 3740 5296 obliviscar.
3764 5287 3766 5289 .

2286 5352 2374 5408 IV.
2416 5351 2552 5406 Cum
2600 5350 2717 5403 lucc
2776 5348 2949 5414 virgo,
2979 5343 3204 5404 diceret,
3244 5347 3302 5393 et
3362 5335 3633 5407 magistrae
3677 5343 3787 5387 tam

2212 5449 2394 5505 dulcia
2428 5457 2485 5503 et
2512 5444 2750 5517 jucunda
2787 5441 2988 5496 faceret
3027 5436 3322 5504 promissa,
3368 5434 3652 5487 irruer‘unt
3704 5443 3790 5482 rc—

2212 5550 2376 5612 pente
2416 5540 2638 5599 milites,
2691 5546 2746 5591 et
2798 5549 2917 5588 eam
2990 5541 3248 5598 tanquam
3293 5539 3484 5597 agnam
3525 5537 3554 5576 a
3618 5528 3790 5575 matre

2213 5633 2532 5696 avellentes,
2568 5630 2854 5699 imponunt
2891 5625 2942 5680 ei
2983 5622 3222 5678 ferreum
3253 5617 3480 5682 collare,
3513 5622 3570 5670 et
3608 5613 3791 5668 la'tam

2209 5724 2489 5780 adducunt
2535 5721 2596 5776 al
2657 5717 2963 5782 praesidem.
3009 5713 3101 5769 lita
3157 5721 3337 5767 autem
3396 5707 3445 5764 ei
3516 5715 3665 5762 stans
3719 5718 3801 5759 τι.
