4132 6456
488 409 627 475 1⁵29.)
1756 413 2044 486 MENSIS

2151 422 2445 486 ZTOBER.
3609 430 3755 496 1300

486 530 742 598 adverso,
802 543 989 589 mente
1015 535 1191 591 multo
1223 536 1398 607 magis
1425 537 1648 595 Christo
1705 542 1916 597 astabat
1958 546 2044 597 sui

2168 547 2373 610 ρουσαν
2404 542 2599 611 ἄγουσι
2636 542 2775 613 πρὸς
2798 543 2895 598 τὸν
2922 543 3191 616 ἡγεμόνα.
3231 544 3294 600 Ἦ
3320 545 3379 599 δὶ
3403 546 3550 601 κατὰ
3571 549 3756 620 πρόσ-

488 635 712 689 ειιοιιεο,
754 633 808 679 et
849 636 959 679 toto
1002 626 1167 681 animi
1215 626 1411 683 intuitu
1467 631 1534 685 ad
1586 647 1713 687 eum
1758 635 2044 703 aspiciebat

2166 652 2323 692 ωπον
2341 635 2555 690 ἐκείνου
2594 636 2792 702 στᾶσα,
2828 638 2925 691 καὶ
2976 637 3132 708 αὐτῷ
3147 640 3492 710 παρεστάναι
3514 641 3755 696 δοκοῦσα

484 721 543 765 et
594 713 649 765 in
693 712 812 781 ejus
862 717 1099 785 speciem
1152 728 1208 775 et
1250 721 1716 792 pulchritudinem
1786 727 2044 797 deﬁgebal

2171 729 2309 786 πολὺ
2346 729 2550 799 μᾶλλον
2574 731 2641 800 τῇ
2668 728 2882 801 διανοίᾳ
2912 728 3141 801 Χριστῷ
3168 730 3251 801 τῷ
3287 732 3488 802 ἑαυτῆς
3520 735 3753 805 νυμφίῳ

483 804 673 858 oculos
700 804 1095 876 intelligentia.
1123 810 1303 881 Atque
1323 815 1616 883 stupebant
1644 816 1866 885 quidem
1895 825 2060 888 quot-

479 905 613 957 quot
660 896 923 964 aderant,
972 910 1027 956 et
1079 905 1328 974 corporis
1366 907 1488 976 ejus
1549 908 2056 979 pulchritudinem,

481 985 711 1055 ejusque
739 991 1169 1050 moderationem
1215 1009 1273 1052 et
1308 998 1492 1054 vultus
1541 1000 1882 1071 dignitatem.
1926 1002 2060 1059 Pro-

480 1076 585 1131 bus
634 1088 821 1136 autem
875 1094 995 1139 eam
1048 1087 1290 1156 primum
1342 1092 1556 1162 rogavit
1620 1094 1766 1163 quod
1810 1104 1961 1152 esset
2007 1098 2058 1153 ei

479 1178 705 1223 nomen.
754 1170 959 1244 Martyr
999 1187 1223 1233 autem:
1269 1181 1465 1247 Vocor.
1515 1183 1714 1253 inquit,
1747 1188 2056 1246 Anastasia.

482 1258 627 1315 Deus
659 1261 805 1316 enim
837 1280 926 1320 me
955 1265 1085 1324 fecit
1109 1284 1354 1342 surgere,
1384 1284 1446 1330 ut
1471 1284 1546 1343 te,
1572 1285 1630 1332 et
1660 1286 1870 1348 patrem
1904 1292 2057 1336 tuum

484 1351 647 1442 lnodie
669 1355 879 1422 pudore
902 1358 1156 1419 alliciam.
1186 1362 1392 1420 Probus
1421 1381 1555 1422 vero
1578 1368 1771 1425 videns
1794 1371 2056 1442 virginem

479 1439 534 1494 in
571 1444 842 1515 principio
891 1459 1000 1504 tam
1048 1460 1245 1523 aspere
1296 1460 1671 1528 respondisse,
1707 1439 1900 1519 statuit
1937 1481 2056 1522 eam

478 1536 695 1605 aggredi
724 1538 1031 1607 blanditiis,
1064 1555 1119 1600 et
1166 1546 1247 1602 sic
1279 1550 1496 1606 mollire
1524 1552 1874 1623 asperitatem
1912 1559 2059 1615 illius

478 1632 535 1678 et
557 1625 835 1695 duritiem,
886 1635 1142 1692 nesciens
1171 1640 1386 1708 qualem
1413 1642 1667 1717 frangere
1694 1649 1961 1718 animum,
2004 1663 2060 1708 et

477 1718 695 1784 qualem
745 1722 891 1779 circa
939 1726 1098 1783 ﬁdem
1141 1731 1486 1789 adamantem
1529 1746 1750 1805 putaret
1794 1757 1853 1797 se
1894 1758 2059 1812 posse

477 1817 786 1869 conterere.
828 1817 1299 1893 Dicebatitaque:
1329 1825 1451 1881 Tibi
1493 1831 1743 1899 censulo,
1768 1848 1803 1889 o
1844 1833 1975 1899 lilia,
2001 1847 2059 1893 ut

2168 822 2478 892 παρίστατο
2500 858 2517 886 ,
2550 821 2647 874 καὶ
2676 821 2782 889 ὅλῳ
2805 820 2887 891 τῷ
2914 821 3016 892 τῆς
3062 821 3245 892 ψυχῆς
3280 822 3556 894 βλέμματι
3605 826 3750 893 πρὸς

2165 915 2332 970 αὐτὸν
2352 915 2526 983 ἑώρα,
2544 915 2643 968 καὶ
2665 914 2742 984 τῷ
2769 913 2956 967 κάλλει
2988 915 3187 968 τούτου
3218 915 3313 970 καὶ
3328 919 3395 987 τῇ
3423 917 3753 990 ὡραιότητι,

2164 1003 2373 1074 νοερῶς
2425 998 2498 1074 ἦν
2549 1004 2895 1068 ἀτενίζουσα.
2939 1004 3158 1068 Πάντας
3198 1006 3299 1075 μὲν
3340 1003 3434 1060 οὖν
3478 1007 3750 1080 ἔκπληξις

2164 1094 2277 1167 εἶχε
2308 1097 2435 1159 τοὺς
2460 1095 2735 1166 παρόντας
2769 1097 2863 1150 ἐπί
2905 1112 2965 1149 τε
3031 1099 3098 1167 τῇ
3130 1096 3228 1151 τοῦ
3270 1098 3524 1170 σώματος
3566 1101 3747 1172 αὐτῆς

2164 1187 2307 1258 ὥρᾳ,
2340 1188 2436 1241 καὶ
2478 1188 2557 1257 τῷ
2590 1187 2854 1258 εὐκόσμῳ
2902 1186 3001 1242 τοῦ
3051 1190 3515 1260 παραστήματος.
3581 1190 3644 1245 Ὀ
3692 1192 3750 1246 δὲ

2167 1278 2377 1349 Πρόϐος
2396 1319 2412 1345 ,
2446 1277 2514 1332 Τί
2546 1294 2629 1332 σοι
2660 1278 2865 1348 ὅνομας
2903 1279 3119 1349 πρῶτον
3159 1280 3327 1351 αὐτὴν
3357 1283 3542 1353 ἤρετο.
3573 1285 3686 1337 Καὶ
3716 1284 3750 1353 ἡ

2169 1372 2413 1442 μάρτυς,
2479 1369 2817 1424 Ἀναστασία
2874 1369 3177 1441 καλοῦμαι,
3240 1373 3398 1443 φησί.
3466 1375 3582 1429 Καὶ
3641 1375 3750 1447 γὰρ

2166 1460 2437 1531 ἀνέστησέ
2500 1478 2567 1531 με
2597 1463 2626 1515 ό
2660 1460 2891 1532 Κύριος,
2935 1461 3079 1515 ὥστε
3121 1464 3219 1517 καὶ
3255 1465 3316 1517 σε
3341 1468 3615 1536 τήμερον,
3650 1469 3749 1519 καὶ

2165 1555 2378 1625 πατέρα
2407 1553 2500 1607 τὸν
2533 1553 2648 1617 σὺν,
2682 1554 2741 1617 ὃς
2772 1555 2924 1608 ἐστιν
2952 1557 2980 1609 ό
3029 1556 3300 1627 πονηρὸς,
3345 1557 3745 1628 καταισχῦναι.

2176 1644 2238 1696 '0
2285 1642 2421 1711 γοῦν
2477 1644 2714 1714 Πρόϐος,
2753 1643 2902 1698 οὕτω
2956 1645 3220 1715 τραχείας
3269 1646 3394 1700 ἰδὼν
3449 1649 3607 1720 παρὰ
3648 1647 3749 1718 τὴν

2166 1736 2347 1807 ἀρχὴν
2398 1735 2704 1790 δεδωκυῖαν
2752 1737 2854 1806 τὴν
2904 1737 3182 1808 παρθένον
3237 1740 3340 1803 τὰς
3391 1738 3744 1812 ἀποκρίσεις,

2166 1828 2310 1896 ἔγνω
2342 1829 2610 1893 θωπείαις
2634 1827 2808 1901 αὐτὴν
2832 1830 3107 1898 ὑπελθεῖν,
3130 1832 3226 1885 καὶ
3251 1832 3427 1904 ταύτῃ
3459 1833 3520 1885 τὺ
3547 1833 3747 1902 πικρὸν

476 1902 767 1995 caeligas,
810 1923 932 1978 quae
963 1922 1095 1969 sunt
1133 1914 1228 1970 tibi
1280 1917 1459 1985 utilia,
1504 1928 1560 1975 et
1611 1897 1825 1995 magnis
1854 1897 1972 1982 diis
2003 1936 2044 1984 te

2168 1923 2348 1975 ἐκεῖνο
2378 1897 2875 1989 καταμαλάξαινκαὶ
2896 1922 3168 1994 αὐστηρὸν
3193 1925 3290 1977 καὶ
3308 1897 3609 1994 ἀπότομον,
3649 1897 3747 1977 οὐκ

475 1991 765 2067 adjungas,
793 2008 848 2055 et
880 2001 962 2057 eis
994 2019 1105 2060 una
1126 2007 1414 2064 nobiscum
1450 1991 1743 2072 sacrificos.
1778 2017 1872 2072 Sic
1906 2020 2044 2075 enim

2160 2012 2319 2076 εῑδὼς
2336 2014 2458 2067 οἵαν
2481 2013 2866 2083 ὑποχαυνῶσαι
2882 1991 3087 2085 ψυχὴν,
3098 2013 3213 2067 οἴου
3225 2028 3303 2067 πα
3310 1991 3590 2086 ράψασθαι
3614 2031 3681 2066 πε
3691 2014 3743 2083 pi

476 2088 598 2141 viro
655 2091 877 2159 quidem
917 2094 1168 2169 iungeris
1219 2102 1595 2174 matrimonio,
1646 2108 1809 2179 cujus
1849 2112 1956 2167 erit
2000 2114 2044 2167 in

2161 2106 2262 2176 τὴν
2290 2105 2474 2159 πίστιν
2508 2105 2819 2175 ἀδάμαντος
2845 2103 3002 2176 ᾤετο.
3041 2104 3279 2177 Ἀμέλει,
3341 2106 3438 2159 καὶ
3477 2105 3735 2176 πείσθητί

475 2179 696 2236 civitate
741 2186 981 2242 maxima
1020 2192 1344 2258 auctoritas,
1386 2196 1663 2254 addentur
1714 2211 1896 2258 autem
1959 2204 2044 2261 tibi

2171 2217 2283 2270 μοι,
2324 2197 2685 2270 συμΰουλεύω
2714 2215 2823 2262 σοι.
2854 2198 3118 2271 θύγατερ,
3158 2200 3334 2268 ἔλεγε,
3364 2199 3436 2253 τὰ
3476 2198 3730 2269 λυσιτελῆ

476 2286 695 2342 quoque
727 2279 1002 2345 pecuniae,
1037 2296 1259 2350 aurum,
1290 2297 1600 2357 argentum,
1636 2300 1840 2358 vestes,
1864 2296 2044 2351 multi-

2162 2292 2332 2361 σαυτῇ
2363 2290 2718 2359 προελέσθαι,
2741 2289 2886 2352 θεοῖς
2912 2307 2971 2342 τε
2987 2292 3102 2349 τοῖς
3126 2290 3388 2360 μεγάλοις
3421 2290 3739 2356 συνθέσθαι,

476 2362 1069 2456 tudo-mancipiorum,
1113 2374 1338 2443 erisque
1380 2379 1665 2447 splendida
1698 2391 1755 2438 et
1798 2383 2052 2456 insignis.

475 2450 634 2521 Apud
668 2460 718 2509 te
741 2468 872 2525 ergo
920 2462 1227 2527 considera,
1262 2465 1318 2520 id
1363 2469 1581 2524 consilii
1629 2473 1872 2542 capiens,
1903 2450 2052 2546 quod

474 2550 533 2595 et
556 2551 664 2600 tum
689 2549 982 2606 conveniat
1012 2553 1439 2622 pulchritudini,
1463 2568 1521 2614 et
1562 2562 1731 2619 animi
1755 2567 2053 2636 nobilitati,

473 2650 656 2706 neque
684 2639 820 2696 velis
855 2642 951 2697 ira;
982 2652 1186 2701 nostra:
1218 2645 1402 2705 facere
1446 2652 1774 2723 periculum,
1823 2674 1926 2714 nec
1972 2661 2059 2717 di-

470 2741 630 2781 scere
663 2740 928 2796 quantum
958 2733 1030 2790 sit
1063 2737 1267 2793 malum
1313 2740 1588 2811 impietas.
1620 2747 1733 2818 Ego
1763 2749 1910 2805 enim
1946 2760 2054 2808 tua;

474 2818 917 2889 pulchritudinis,
951 2832 1207 2898 tanquam
1243 2831 1436 2887 eodem
1464 2845 1619 2890 ortus
1662 2840 1953 2907 sanguine,
1999 2850 2055 2898 et

2160 2384 2258 2435 καὶ
2298 2381 2560 2443 κοινωνὸς
2593 2382 2728 2451 ἡμῖν
2750 2383 2860 2450 τῆς
2887 2380 3073 2434 αὐτῶν
3118 2380 3470 2451 καταστῆναι
3522 2380 3738 2443 θυσίας.

2158 2471 2318 2529 Οὕτω
2353 2473 2464 2544 γὰρ
2494 2473 2657 2543 ἀνδρὶ
2684 2474 2893 2544 μενὲνὶ
2926 2472 3357 2544 συναρμοσθήσῃ
3409 2471 3521 2525 τῶν
3578 2472 3743 2538 ἀξιώ-

2162 2568 2335 2638 ματος
2365 2566 2517 2637 παρὰ
2552 2568 2621 2636 τῇ
2691 2566 2849 2621 πόλει
2908 2566 3003 2619 τοῦ
3065 2566 3330 2635 μεγίστου
3374 2564 3734 2636 ἠξιωμένων·

2159 2658 2669 2730 προστεθήσεταιδὲ
2698 2675 2782 2712 σοι
2811 2661 2906 2713 καὶ
2928 2659 3210 2731 χρήματα,
3234 2658 3457 2729 χρυσὸς,
3475 2658 3737 2729 ἄργυρος,

2156 2750 2413 2821 ἐσθῆτες,
2440 2750 2797 2819 ἀνδραπόδων
2834 2748 3069 2819 πληθὺς,
3101 2749 3197 2804 καὶ
3243 2749 3476 2820 λαμπρὰ
3526 2750 3739 2820 γενήσῃ

2154 2843 2295 2914 ταχὺ
2349 2842 2447 2896 καὶ
2475 2841 2778 2913 περίδοξος.
2802 2841 3009 2910 mea:
3037 2840 3332 2912 τοιγαροῦν
3357 2843 3511 2911 παρὰ
3538 2841 3736 2908 σαυτῇ,

472 2918 601 2965 tuus
624 2920 781 2980 pater
805 2916 1108 2972 secundum
1136 2935 1360 2977 carnem
1402 2924 1559 2995 (deos
1606 2928 1827 2999 testor),
1865 2946 2044 2989 curam

2159 2932 2477 3005 κατάλληλα
2504 2935 2573 3004 τῇ
2609 2936 2669 2987 τε
2692 2933 2792 3002 τῆς
2812 2932 2995 3003 Δὄψεως
3026 2932 3148 3003 ὤρεξε⁸
3187 2933 3284 2985 καὶ
3311 2932 3378 3003 τῇ
3414 2930 3514 3000 τῆς
3556 2932 3735 3001 ψυχῆς

472 3012 689 3071 gerens,
725 3019 962 3077 suggero
1003 3024 1125 3078 qum
1168 3021 1299 3067 sunt
1342 3014 1654 3084 profutura.
1694 3017 1852 3085 Quod
1900 3022 1946 3076 si
1992 3031 2044 3078 tu

2156 3025 2406 3095 εὐγενείᾳ
2438 3023 2849 3095 βουλευσαμένη
2881 3040 2897 3056 ·
2952 3024 3094 3093 μηδὲ
3146 3023 3380 3095 θελήσῃς
3428 3020 3612 3075 ἐλθεῖν
3646 3023 3722 3083 είς

475 3092 561 3147 bis
594 3109 706 3150 non
738 3099 1008 3165 parueris.
1035 3116 1219 3171 neque
1246 3105 1386 3159 meis
1411 3109 1648 3163 cesseris
1678 3110 2044 3179 suasionibus,

2158 3092 2357 3187 πεῖραν
2380 3092 2675 3185 ἢμετέρας
2716 3092 3182 3181 ἀγανακτήσεως,
3414 3106 3528 3165 οἷον
3565 3110 3735 3164 κακὸν

470 3201 703 3242 necesse
744 3190 851 3243 erit
894 3201 954 3246 ut
982 3198 1166 3248 'meam
1207 3196 1468 3266 deinceps
1502 3207 1707 3256 tantam
1752 3204 2044 3273 experieris

2160 3209 2357 3279 μαθεῖν
2388 3208 2421 3278 ὴ
2452 3207 2703 3261 ἀσέϐεια.
2745 3205 2891 3274 Ἐγὼ
2945 3207 3057 3276 γάρ
3102 3221 3198 3258 σου
3232 3204 3329 3258 τοῦ
3360 3205 3615 3269 κάλλους,
3659 3202 3730 3266 ὡς

469 3280 757 3347 saevitiam,
778 3292 982 3352 quanta
1012 3300 1159 3340 nunc
1188 3287 1523 3358 benignitate
1569 3290 1765 3348 frueris
1812 3303 1869 3349 et
1900 3310 2044 3351 mam-

2159 3299 2417 3367 αἴματος,
2440 3299 2679 3352 ἴστωσαν
2712 3299 2761 3351 oi
2784 3298 2919 3364 θεοὶ,
2951 3298 3229 3363 κοινωνὸς,
3264 3298 3359 3352 καὶ
3382 3297 3565 3367 πατὴρ
3590 3293 3729 3348 κατὰ

468 3371 763 3428 suetudine
796 3387 817 3425 ε
858 3388 967 3444 quo
1004 3382 1249 3446 tempore
1278 3385 1339 3433 ‘et
1359 3377 1403 3432 si
1444 3379 1665 3437 ducaris
1701 3383 2044 3453 pmnitentia,

2161 3391 2342 3463 σάρκα
2375 3392 2695 3462 κηδόμενος,
2725 3389 3029 3463 ὕποτίθημι
3082 3390 3155 3445 τὰ
3210 3391 3549 3444 συνοίσοντα.
3588 3384 3729 3441 tam

467 3460 607 3516 nihil
638 3461 874 3522 fortasse
900 3466 999 3523 tibi
1022 3470 1289 3538 proderit.
1838 3536 1843 3544 ,

2151 3460 2245 3555 ,μὴ⁷
2266 3484 2364 3538 καὶ
2395 3484 2460 3537 σὺ
2673 3481 2847 3536 ταῦτα
2900 3460 3198 3555 παράσχῃς
3236 3483 3439 3552 ἑαυτὴν
3468 3477 3723 3548 meopt-

465 3574 588 3629 νην,
624 3561 763 3630 μηδὲ
811 3564 932 3625 ταῖς
973 3561 1139 3632 ἐμαῖς
1180 3563 1362 3635 ἠπίως
1404 3565 1663 3622 εἴκουσαν
1701 3571 2112 3640 παραινέσεσιν,
2146 3574 2363 3645 ἀνάγκη
2392 3573 2578 3628 λοιπὸν
2600 3572 2868 3644 τοσαύτης
2922 3590 3026 3644 μου
3067 3572 3401 3643 πειραθῆναι
3446 3575 3545 3642 τῆς
3584 3572 3727 3637 ἁπη-

464 3654 616 3717 νείας
641 3656 740 3709 καὶ
768 3656 1271 3730 ἀγριότητος,“ὂσης
1289 3660 1385 3716 νῦν
1412 3662 1711 3727 ἀπολαύεις
1756 3666 2046 3736 εὐμενείας
2077 3668 2174 3723 καὶ
2233 3671 2595 3742 ἡμερότητος,
2657 3670 2785 3724 ὅταν
2837 3670 2931 3723 καὶ
2993 3669 3413 3741 μεταμελομένη
3446 3669 3585 3740 τάχα
3624 3685 3717 3738 μη·

464 3749 555 3802 ἂν
590 3746 625 3823 ᾗ
669 3767 752 3805 σοι
781 3753 879 3823 τῆς
913 3756 1289 3825 μεταμελείας
1308 3758 1650 3815 ῖὰπόνασθαι.

541 3844 606 3901 Υ.
632 3846 729 3901 l-lis
748 3850 936 3905 verbis
956 3851 1180 3917 auditis,
1210 3863 1416 3926 martyr
1442 3859 1626 3914 statim
1653 3870 1739 3915 est
1760 3862 2047 3918 reeor‘dam

463 3946 838 3997 maternartnn
895 3944 1166 4014 sapientis
1222 3960 1338 4001 suae
1394 3949 1671 4019 magistra:
1722 3952 2049 4009 admonitio-

464 4046 619 4096 nnm,
650 4032 708 4088 et
736 4028 922 4089 Statim
954 4037 1343 4106 respondens:
1393 4038 1522 4095 Milli
1561 4042 1804 4110 quidem,
1847 4046 2041 4115 inquit,

461 4140 497 4177 ο
523 4125 712 4196 iudex,
738 4136 794 4182 et
813 4140 1067 4197 sponsus,
1096 4138 1152 4185 et
1180 4130 1404 4197 divitiae,
1433 4142 1491 4189 et
1515 4134 1623 4189 vita
1646 4146 1732 4190 est
1750 4136 2038 4194 Christus:

461 4216 611 4271 mol's
630 4227 811 4273 autem
840 4221 1263 4290 propter-ipsum
1302 4224 1609 4289 subeunda,
1655 4230 1739 4280 est
1768 4229 1900 4282 mihi
1936 4229 2046 4285 vita

461 4308 623 4377 longe
668 4311 990 4378 protioslor,
1034 4322 1260 4382 propter
1278 4322 1443 4384 quem
1493 4328 1603 4369 non
1657 4333 1877 4383 aurum,
1922 4328 2035 4376 neu

462 4400 775 4470 argentum,
818 4414 933 4455 non
976 4403 1181 4472 aliquid
1220 4405 1369 4460 aliud
1409 4422 1475 4461 ex
1521 4408 1607 4474 iis,
1656 4424 1780 4479 qum
1829 4421 1959 4467 sunt
1988 4412 2044 4466 in

459 4498 607 4544 terra
628 4490 898 4560 jucunda,
940 4494 1077 4548 mihi
1118 4495 1424 4565 jucundum
1471 4498 1576 4553 luit
1621 4484 2037 4571 existimatum;

458 4582 618 4636 illum
649 4583 795 4638 enim
827 4586 1028 4651 solum,
1066 4587 1325 4658 illiusque
1340 4594 1804 4650 consuetudinem
1829 4596 2038 4666 magni-

462 4672 626 4738 facio,
664 4688 774 4744 qua
806 4690 926 4731 sum
974 4676 1228 4734 lruitura.
1253 4679 1397 4749 Ignis
1440 4690 1622 4737 autem
1663 4692 1720 4739 et
1741 4685 1890 4741 ensis
1915 4723 1931 4750 ,
1979 4695 2038 4742 et

456 4765 683 4831 ferrum,
713 4776 767 4821 et
816 4771 1190 4826 membrorum
1222 4772 1613 4838 abscissiones,
1648 4787 1707 4831 et
1756 4777 1949 4848 plaga,
1981 4786 2038 4833 et

454 4853 685 4925 ﬂagella,
731 4859 859 4913 etsi
892 4861 1024 4929 quid
1078 4861 1223 4917 aliud
1258 4862 1289 4916 α
1337 4864 1494 4919 vobis
1524 4866 1890 4935 excogitatum
1933 4867 2037 4923 fuit

455 4947 521 4999 ad
555 4948 879 5015 cruciatum,
905 4964 967 5005 ea
999 4962 1128 5008 sunt
1158 4954 1294 5009 mihi
1318 4956 2032 5029 voluptates-potius,-quam

456 5045 751 5101 tormenta,
788 5038 842 5092 in
884 5040 1036 5093 illum
1072 5042 1250 5097 solum
1295 5043 1551 5116 deligenti
1580 5047 1792 5114 oculos,
1834 5057 1891 5104 et
1920 5065 2034 5105 non

453 5139 516 5179 ea
548 5127 723 5180 solum
755 5129 863 5196 pati
895 5145 996 5200 pro
1030 5131 1131 5185 illo
1173 5132 1440 5203 cupienti,
1473 5136 1571 5190 sed
1607 5136 1796 5202 etiam,
1838 5138 1882 5192 si
1918 5138 2031 5195 ﬁeri

455 5228 662 5285 posset,
703 5221 841 5276 mori
879 5223 1099 5279 millies.
1144 5223 1226 5280 Ne
1269 5225 1494 5282 simules
1527 5243 1657 5299 ergo
1688 5238 1753 5285 te
1786 5231 2030 5289 misereri

451 5312 652 5377 speciei
697 5313 804 5368 mei
850 5316 1134 5384 corporis,
1182 5332 1306 5387 qua:
1350 5317 1623 5377 ﬂaccessit
1665 5337 1777 5377 non
1827 5325 2028 5389 minus,

448 5418 613 5472 quam
640 5402 802 5464 liores
825 5408 940 5478 agri
976 5423 991 5463 :
1021 5410 1118 5464 sed
1145 5408 1233 5465 lac
1263 5412 1448 5480 potius
1470 5412 1546 5480 id,
1572 5415 1717 5483 quod
1743 5424 1825 5472 est
1854 5415 1906 5470 iu
1938 5426 2027 5472 tua

448 5502 747 5561 potestate.
771 5507 867 5553 aut
887 5498 1051 5554 situm
1087 5510 1174 5555 est
1218 5501 1273 5555 in
1301 5517 1514 5558 morum
1572 5514 1788 5560 tuorum
1831 5508 2029 5563 crude-

448 5587 621 5643 litate.
655 5588 791 5645 Num
841 5606 944 5658 ego
979 5592 1201 5662 quidem
1248 5592 1460 5665 ligneos
1489 5605 1583 5650 aut
1628 5596 1870 5668 lapideos
1898 5598 2030 5654 deos

447 5692 727 5747 nunquam
795 5682 1085 5738 coluerim.
1132 5685 1230 5739 llis
1272 5687 1339 5741 ad
1389 5686 1528 5741 iram
1579 5697 1782 5759 martyr
1839 5690 2031 5748 incitat

448 5771 759 5832 pmsidem.
799 5774 864 5827 Et
894 5776 1127 5844 primum
1158 5778 1379 5847 quidem
1408 5780 1593 5851 plagas
1624 5783 1743 5851 ejus
1769 5783 1921 5851 genis
1944 5782 2030 5837 in—

450 5856 606 5925 ﬂigit.
654 5855 856 5917 Deinde
894 5866 1056 5921 etiam
1095 5867 1383 5939 disrumpit
1420 5871 1679 5939 tunicam,
1732 5874 1875 5927 illam
1909 5875 2031 5944 pu|~

2224 3858 2301 3915 E’.
2335 3858 2557 3913 Τούτων
2597 3860 2629 3930 ἡ
2677 3858 2887 3929 μάρτυς
2912 3859 3203 3914 ἀκούσασα
3265 3862 3375 3915 τῶν
3442 3865 3725 3933 ῥημάτων,

2138 3954 2234 4015 ,εις
2278 3952 2592 4021 ἀνάμνησιν
2622 3951 2796 4015 ἐὐθὺς
2835 3951 2945 4006 τῶν
3002 3954 3291 4026 μητρικῶν
3356 3956 3581 4010 ἐκείνων
3634 3957 3730 4023 τῆς

2152 4043 2328 4112 σοφῆς
2356 4043 2680 4097 διδασκάλου
2724 4044 2926 4112 Σοφίας
2955 4047 3564 4119 παραινέσεωνιῆρχετο
3590 4067 3605 4080 ·
3637 4050 3729 4103 καὶ

2157 4136 2341 4208 ἡρέμα
2371 4134 2746 4203 ὑπολαϐοῦσα,
2783 4132 2960 4206 Ἐμοὶ,
2995 4134 3152 4208 φησὶ,
3183 4138 3441 4205 δικαστά,
3470 4142 3563 4193 καὶ
3589 4158 3725 4211 νυμ-

2146 4229 2290 4296 φίος,
2332 4227 2429 4281 καὶ
2461 4227 2711 4290 πλοῦτος.
2744 4230 2842 4282 καὶ
2868 4226 2983 4299 ζωὴ
3034 4232 3063 4283 ό
3084 4230 3322 4299 Χριστός
3350 4249 3363 4263 ·
3383 4232 3414 4284 ὁ
3441 4231 3498 4285 δὲ
3531 4231 3600 4285 δι’
3633 4232 3725 4284 αὑ-

2146 4317 2237 4370 τὸν
2272 4318 2502 4381 θάνατος
2536 4317 2716 4386 πολλῴ
2750 4333 2842 4387 μοι
2877 4316 2973 4373 καὶ
3013 4321 3117 4389 τῆς
3155 4318 3306 4391 ζωῆς
3352 4321 3683 4393 τιμιώτερος
3707 4336 3723 4354 ·

2142 4408 2211 4461 δι’
2239 4408 2299 4461 ὂν
2353 4409 2415 4461 οὐ
2437 4408 2686 4479 χρυσίον,
2710 4409 2812 4462 οὐκ
2864 4409 3155 4482 ἀργύριον,
3208 4413 3309 4466 οὐκ
3347 4413 3477 4468 ἄλλο
3502 4432 3555 4468 τι
3615 4414 3722 4467 τῶν

2151 4497 2247 4551 ἐπὶ
2282 4500 2388 4567 γῆς
2445 4498 2622 4568 ἡδέων
2656 4497 2755 4567 ἡδύ
2817 4515 2909 4569 μοι
2949 4500 3284 4571 νενόμισται,
3321 4504 3466 4573 πλὴν
3518 4505 3722 4558 ἐκείνου

2149 4589 2338 4659 μόνου,
2373 4591 2470 4644 καὶ
2497 4590 2600 4658 τῆς
2627 4591 2843 4647 ἐκείνου
2897 4594 3187 4659 συνουσίας
3217 4596 3313 4650 καὶ
3344 4598 3717 4655 ἀπολαύσεως.

2142 4683 2262 4753 Πῦρ
2298 4682 2357 4735 δὲ
2397 4683 2492 4736 xa‘t
2524 4683 2679 4754 ξίφος
2701 4684 2796 4737 καὶ
2832 4684 3075 4757 σίδηρος,
3115 4690 3214 4741 καὶ
3244 4689 3423 4758 μελῶν
3466 4692 3716 4760 ὲκτομαὶ,

2139 4773 2237 4827 καὶ
2268 4774 2479 4844 πληγαὶ
2503 4776 2600 4828 καὶ
2623 4776 2909 4844 μάστιγες,
2938 4779 3034 4831 καὶ
3069 4781 3123 4833 εἰ
3150 4796 3203 4834 τι
3236 4781 3368 4834 ἄλλο
3399 4783 3533 4854 παρ’
3565 4784 3716 4851 ὑμῶν

2138 4868 2219 4929 είς
2246 4866 2521 4937 τιμωρίαν
2544 4868 2912 4939 ἐπινενόηται,
2939 4870 3245 4941 ἡδοναί⁸μοι
3279 4874 3504 4942 μᾶλλον,
3530 4875 3591 4927 οὐ
3621 4875 3718 4944 βά-

2138 4973 2314 5027 σανοι,
2353 4957 2490 5027 πρὸς
2508 4959 2727 5013 ἐκεῖνον
2748 4960 2937 5025 ἀτενὲς
2975 4962 3242 5035 ὲνορώσῃ·
3272 4966 3367 5017 καὶ
3402 4965 3477 5035 μὴ
3497 4965 3718 5019 τοιαῦτα

2140 5049 2303 5118 μόνον
2338 5050 2480 5119 ὑπὲρ
2512 5050 2733 5105 ἐκείνου
2775 5053 2995 5120 παθεῖν,
3028 5056 3143 5109 ἀλλ’
3173 5058 3334 5126 εἴπερ
3365 5051 3479 5112 οἷόν
3518 5076 3601 5123 τε,
3627 5058 3714 5111 καὶ

2141 5142 2406 5212 μυριάκις
2444 5141 2745 5198 ἀποθανεῖν
2795 5144 3123 5218 γλιχομένη.
3159 5149 3254 5218 Μὴ
3298 5152 3484 5204 τοίνυν
3529 5151 3630 5223 τὴν
3661 5154 3714 5203 ἐν

2135 5233 2261 5302 ἐμοὶ
2299 5233 2393 5287 τοῦ
2445 5233 2700 5302 σώματος
2738 5237 2891 5308 ὥραν
2915 5240 3087 5293 ἐλεεῖν
3139 5242 3440 5311 ὑποκρίνου
3505 5244 3596 5298 ἴσα
3628 5245 3716 5297 καὶ

2133 5324 2309 5395 ἀγροῦ
2366 5325 2555 5380 ἄνθεσι
2625 5332 3078 5400 μαραινομένην·
3126 5332 3266 5386 ἀλλὰ
3328 5334 3471 5388 ποίει
3526 5336 3586 5388 τὸ
3648 5337 3710 5403 τῇ

2134 5414 2356 5487 ἐξουσίᾳ
2402 5432 2497 5471 σου
2554 5420 2758 5489 μᾶλλον
2827 5421 2859 5491 ἢ
2921 5425 2990 5493 τῇ
3035 5424 3147 5477 τῶν
3197 5425 3419 5495 τρόπων
3465 5426 3710 5494 ὠμότητι

2136 5509 2570 5578 παριστάμενον.
2614 5512 2702 5575 Ὡς
2735 5513 2914 5582 ἔγωγε
2949 5513 3185 5578 ξυλίνοις
3238 5517 3273 5586 ἦ
3304 5517 3529 5581 λιθίνοις
3573 5517 3711 5579 θεοῖς

2138 5600 2301 5665 σέϐας
2363 5603 2466 5656 οὐκ
2497 5602 2566 5658 ἂν
2598 5607 3046 5676 προσενέγκοιμι.
3087 5609 3311 5673 Τούτοις
3358 5612 3440 5674 εἰς
3488 5608 3710 5682 ὁργὴνή

2138 5692 2349 5763 μάρτυς
2372 5696 2605 5750 ἀνάπτει
2636 5696 2727 5752 τὸν
2750 5699 3015 5768 ἡγεμόνα.
3061 5701 3172 5755 Kal.
3194 5701 3386 5770 πρῶτα
3429 5702 3530 5773 μὲν
3576 5701 3708 5769 αὐτῇ

2134 5781 2352 5849 πληγὰς
2385 5783 2528 5837 κατὰ
2550 5785 2661 5838 τῶν
2690 5787 2937 5857 παρειῶν
2969 5788 3261 5858 ἐπιτρίϐει·
3296 5789 3493 5843 ἔπειτα
3510 5788 3604 5840 καὶ
3622 5785 3709 5837 τὸν

2131 5875 2339 5949 χιτῶνα
2361 5874 2736 5946 διαρῤηγνύει,
2761 5880 2855 5930 καὶ
2881 5895 2947 5945 γυ
2957 5879 3087 5949 gleba
3111 5878 3230 5933 ὅλον
3263 5880 3320 5933 τὸ
3338 5879 3433 5935 καὶ
3463 5876 3708 5947 ἀγγέλοις
