4132 6440
412 515 542 585 1301

1447 518 1630 584 νιΤΑ
1671 515 1733 579 S.
1773 512 2236 577 ANASTASUE‘
2266 513 2633 576 ΒΟΜΑΝίΕ.

3534 497 3672 564 1303

407 630 692 700 αἰδέσιμον
720 627 902 685 έκεῖνο
947 631 1146 697 κάλλος
1177 629 1677 705 παραστησάμενος
1704 626 1875 700 χωρὶς
1899 642 1984 680 τι·
2017 646 2029 685 λ

2133 627 2484 694 hritudinem,
2516 640 2636 696 quae
2660 625 2743 680 vel
2770 623 2907 693 ipsis
2940 627 3057 676 erat
3086 617 3299 691 angelis
3347 616 3677 683 reverenda,

407 722 498 833 νδς
535 724 1039 833 παραπετάσματος
1067 725 1100 798 ἢ
1139 725 1570 796 περιϐλήματος,
1600 724 1688 778 ἵνα
1709 723 1802 777 καὶ
1826 720 1989 775 πλέον

2133 727 2263 775 itam
2320 719 2524 773 nudam
2579 724 2920 779 ostensurus,
2971 712 3179 782 absque
3223 710 3338 766 ullo
3383 707 3528 770 velo,
3586 717 3681 762 aut

2174 831 2209 833 _,
2242 832 2267 833 η
2300 816 2342 833 ι-
2421 822 2479 833 μ.
2514 812 2598 833 μηι
2632 809 2823 833 _--2-..:
2854 808 3065 833 -.-λη-ι.
3106 804 3339 833 Amm...“
3389 802 3656 833 u:-n:nnn\

408 816 646 890 αἰσχύνῃ
692 816 985 887 παρθένον,
1020 816 1166 872 οὕτω
1194 817 1444 888 θορύϐων
1466 816 1612 888 ἀήθη
1645 817 1741 870 καί⁵
1780 814 1992 883 ἀνδρῶν

2133 816 2373 887 perculo.
2421 822 2484 869 ut
2514 812 2600 867 vel
2632 809 2824 881 majori
2854 808 3067 880 pudore
3105 804 3346 860 alliceret
3389 802 3681 872 virginem.

409 906 610 1019 διρξέυς,
645 908 743 1019 ’τοῦ
769 909 1017 980 θαλάμου
1051 911 1215 965 πλέον
1242 908 1335 964 καὶ
1365 910 1467 981 τῆς
1506 908 1738 982 ἡσυχίας
1789 910 1994 963 εἰδυῖαν

2135 922 2217 962 uae
2246 906 2419 961 turbae
2450 913 2504 960 et
2539 904 2820 959 hominum
2847 898 3022 955 oculis
3051 912 3163 953 non
3201 903 3316 951 erat
3348 899 3586 956 assueta,
3614 902 3675 945 ut

2361 1010 2462 1019 ,.-_,
2508 1000 2557 1019 .1,
2602 999 2803 1019 anu“...
2855 1004 2903 1019 ,ι
2953 993 3188 1019 -..μαι-..ρ-
3238 988 3374 1019 ..ιιιιι
3412 995 3633 1019 πηνα-ειη
3670 1002 3675 1016 ι

410 1000 584 1065 οὐδὲν,
645 1001 802 1056 Οὖτω
856 1019 961 1070 σοι,
1010 1002 1164 1074 φησι,
1214 1005 1495 1073 προσῆκον
1549 1002 1654 1057 ὑπὸ
1718 999 1995 1063 τοσούτοις

2136 1019 2217 1058 uae
2270 1010 2467 1073 praeter
2508 999 2806 1054 thalamum
2851 1004 2907 1051 et
2951 993 3189 1063 quietem
3238 988 3376 1044 nihil
3412 995 3684 1041 noverat:

411 1093 747 1204 ἀσχημονεῖν
774 1093 984 1165 ἀνδρῶν
1012 1094 1280 1165 ὖμμασιν.
1319 1094 1481 1148 Ἀλλά
1503 1094 1603 1164 τῆς
1649 1091 1994 1163 κατεχούσης

2133 1098 2210 1157 lic.
2246 1095 2446 1167 inquit,
2502 1100 2717 1164 oportet
2754 1099 2808 1146 te
2862 1096 3012 1143 tanta
3059 1084 3195 1140 afﬁci
3245 1079 3585 1152 turpitudine
3633 1085 3691 1130 et

2185 1191 2201 1204 .
2475 1197 2519 1204 -_
2564 1184 2798 1204 ____s-__s
2850 1181 3032 1204 ----r....
3107 1176 3211 1204 um]
3249 1172 3580 1204 -ηοςηῖειωηα
3623 1165 3691 1204 ah

415 1203 476 1239 σε
504 1186 710 1256 ταύτης
744 1188 1008 1250 ἀπονοίας
1039 1186 1432 1257 άνενεγκοῦσα,
1472 1187 1741 1258 πρόσελθε
1781 1188 1850 1258 τῇ
1887 1185 1998 1238 τῶν

2135 1191 2370 1247 edecore
2399 1197 2526 1243 ante
2554 1184 2802 1241 omnium
2845 1181 3055 1237 oculos.
3107 1176 3212 1232 Sed
3249 1172 3583 1242 resipiscens
3623 1165 3693 1221 ab

416 1276 555 1331 θεῶν
576 1279 833 1351 εὐμενείᾳ
857 1296 871 1311 ο
902 1281 999 1334 καὶ
1022 1280 1102 1352 μὴ
1131 1281 1331 1346 κάλλος
1356 1279 1613 1335 τοσοῦτον
1643 1280 1774 1334 ίδεῖν
1810 1277 2001 1348 ἐθελή-

417 1385 567 1434 σειας
590 1370 870 1424 ἀπανθοῦν
900 1372 1100 1436 ἀθλίως
1130 1375 1237 1442 πρὸ
1293 1373 1394 1444 τῆς
1417 1371 1568 1444 ὥρας
1596 1374 1694 1427 καὶ
1737 1369 2002 1442 μαραινό-

419 1476 600 1530 μενον·
637 1462 828 1526 Οὐδεὶς
848 1463 957 1532 γὰρ
1000 1465 1339 1521 ἀπειθοῦσαν
1376 1464 1489 1519 τῶν
1524 1462 1679 1536 ἐμῶν
1706 1481 1768 1518 σε
1796 1462 2002 1517 δύναιτ’

2101 1303 2188 1353 ea,
2217 1302 2341 1357 quae
2375 1294 2427 1341 te
2452 1292 2620 1346 tenet,
2648 1278 2908 1341 amentia,
2935 1275 3007 1330 ad
3041 1273 3267 1329 deorum
3303 1266 3504 1323 accede
3528 1259 3691 1317 heni-

2102 1382 2364 1454 gnitatem
2402 1394 2418 1431 :
2448 1390 2551 1432 nec
2587 1375 2725 1429 velis
2756 1371 2945 1425 videre
2981 1373 3188 1423 tantam
3216 1356 3689 1434 pulchritudinem

2105 1472 2306 1528 misere
2333 1478 2462 1525 ante
2499 1475 2719 1535 tempus
2755 1460 3208 1518 eﬂlorescentem,
3249 1460 3306 1506 et
3355 1459 3689 1503 marcescen-

417 1553 484 1605 ἂν
518 1551 804 1619 ἐξελέσθαι
833 1555 1035 1625 χειρῶν
1054 1571 1070 1587 ⁸
1094 1556 1209 1610 ἀλλ’
1233 1560 1311 1621 εἰς
1346 1558 1521 1612 λεπτά
1554 1534 1614 1610 σε
1647 1552 2000 1625 κατατεμὼν,

2133 1580 2237 1621 em.
2274 1562 2448 1617 Nemo
2469 1558 2616 1614 enim
2645 1566 2724 1618 te,
2752 1554 2795 1609 si
2831 1567 2941 1607 non
2971 1562 3191 1619 parcas,
3226 1541 3469 1613 potuerit
3503 1554 3533 1592 a
3560 1534 3694 1590 meis

420 1638 478 1698 εὖ
515 1642 652 1709 tam,
686 1644 886 1717 βρῶμα
910 1646 1109 1717 θηρσὶν
1132 1649 1351 1720 ἀγρίοις
1383 1649 1756 1720 προϐήσομαι.

494 1910 588 1976 ς’.
622 1910 735 1963 Καὶ
764 1912 797 1982 ἡ
845 1911 1056 1982 μάρτυς
1079 1953 1094 1977 ,
1124 1915 1268 1986 ἐμοὶ,
1322 1916 1508 1986 φησιν,
1555 1911 1601 1973 ὦ
1635 1914 1882 1987 ἡγεμὼν,
1908 1917 2010 1970 οὐκ

2110 1654 2361 1712 manibus
2388 1651 2640 1721 eripere:
2675 1658 2769 1702 seu
2794 1653 2845 1699 te
2876 1638 3186 1696 minutatim
3210 1635 3534 1693 dissectam,
3565 1625 3695 1681 feris

2110 1746 2422 1821 agrestibus
2452 1755 2724 1815 apponam
2752 1733 3114 1792 exedendam.
3157 1727 3272 1784 lloc
3304 1723 3468 1780 velim
3498 1720 3568 1777 sit
3599 1716 3697 1773 tibi

2112 1851 2458 1909 persuasum.

2184 1931 2272 1988 Vl.
2303 1929 2501 1999 Martyr
2538 1933 2720 1980 autem
2751 1937 2764 1973 :
2800 1916 2958 1983 Mihi,
3002 1912 3205 1985 inquit,
3241 1926 3275 1965 ο
3328 1918 3551 1978 praeses,
3585 1915 3697 1955 non

420 1996 784 2093 μοσύνη
812 2002 924 2058 τῶν
950 2005 1190 2075 ίματίων
1219 2007 1432 2062 τούτων
1459 2009 1613 2064 ἐστὶν
1642 2009 1675 2081 ἡ
1700 2009 2006 2079 γύμνωσις·

2133 2035 2194 2081 rst
2223 1991 2505 2093 turpitudo
2531 2026 2626 2072 aut
2657 2014 2919 2076 dedecus,
2949 2024 3070 2065 esse
3100 2005 3359 2063 nudatam
3413 1997 3662 2053 vestibus
3689 2008 3705 2047 :

423 2090 561 2146 ἀλλά
580 2094 972 2168 καλλωπισμὸς
997 2098 1386 2170 λαμπρότατός
1416 2119 1475 2156 τε
1502 2104 1594 2155 καὶ
1625 2103 2011 2173 εὐπρεπέστα-

420 2199 549 2247 τοςσκ
591 2185 700 2240 Τὸν
765 2188 877 2260 γάρ
963 2191 1195 2245 παλαιὸν
1256 2193 1547 2265 ἄνθρωπον
1618 2195 2010 2268 άποδυσαμένη

421 2274 517 2326 τὸν
551 2276 741 2331 καινὸν
793 2278 852 2331 ὲν
896 2277 1217 2354 δικαιοσύνῃ
1275 2284 1370 2336 καὶ
1423 2283 1656 2355 ἀληθείᾳ
1695 2285 2011 2357 ἐνδύσομαι.

424 2364 540 2418 Οὐκ
568 2367 669 2436 ἐμὲ
691 2367 877 2423 τοίνυν
910 2371 970 2424 ἐν
1000 2371 1233 2437 τούτοις,
1273 2373 1411 2428 ἀλλά
1453 2374 1750 2445 σὲμᾶλλον
1780 2375 2017 2446 ἐγκαλύ-

428 2459 665 2515 πτεσθαι
694 2461 941 2539 χρὴ,“ὃτι
974 2462 1051 2525 ὡς
1080 2463 1301 2533 ἱμάτιον
1326 2465 1432 2531 τὴν
1462 2464 1724 2521 ἀσέϐειαν
1754 2468 2012 2536 ὲνεδύσω,

426 2553 522 2603 καὶ
550 2551 804 2622 εἰσῆλθεν
826 2553 960 2607 ὡσεὶ
990 2553 1136 2626 ὕδωρ
1159 2555 1242 2619 είς
1263 2556 1334 2609 τά
1362 2555 1577 2625 ἔγκατά
1603 2575 1723 2621 σου,
1756 2559 1853 2613 καὶ
1880 2560 2015 2615 ὡσεὶ

428 2642 605 2695 ἔλαιον
632 2643 691 2696 έν
710 2646 823 2706 τοῖς
850 2645 1060 2711 ὀστέοις
1089 2657 1207 2702 σοι).
1237 2648 1460 2714 Μεταξὺ
1485 2648 1543 2703 δὲ
1569 2651 1665 2704 καὶ
1697 2649 2017 2725 θερμοτέρῳ

427 2733 703 2805 ληφθεῖσα
739 2735 818 2808 τῷ
856 2738 960 2808 τῆς
1019 2739 1306 2812 ἀθλήσεως
1366 2742 1557 2814 ἔρωτι,
1600 2745 1696 2798 καὶ
1747 2744 2018 2801 δεδοικυῖα

433 2826 671 2896 μήποτε,
697 2829 1212 2899 καταμαλακισθεὶς
1235 2835 1262 2887 ὀ
1287 2832 1537 2905 ἡγεμὼν,
1565 2836 1866 2909 ἀποκλείσῃ
1887 2835 2020 2909 περὶ⁵

432 2917 636 2988 μέσους
659 2919 762 2990 ἤδη
823 2922 952 2985 τοὺς
1002 2921 1224 2992 ἀγῶνας
1278 2925 1419 2999 αὐτῇ
1453 2926 1550 2980 τοῦ
1620 2930 1927 2998 μαρτυρίου
1960 2927 2020 2983 τὺ

421 3010 669 3107 Οστάδιρν,
705 3014 1022 3107 ¹προσετίθει
1058 3017 1154 3070 καὶ
1188 3016 1257 3073 τά
1301 3018 1530 3072 τοιαῦτα
1553 3034 1569 3051 ο
1632 3020 1896 3091 Ὦμότατε
1940 3022 2022 3076 δι-

432 3103 673 3170 καστῶν,
708 3105 946 3161 θάνατον
1007 3109 1317 3179 ἐπαγαγεῖν
1348 3110 1625 3176 ἀπειλεῖς·
1675 3113 1811 3185 πρὸς
1860 3113 2022 3170 τοῦτό

433 3210 517 3248 σοι
549 3198 1040 3271 παρεσκεύασμαι*
1066 3201 1227 3257 τοῦτο
1260 3205 1370 3273 γάρ
1423 3222 1516 3276 μοι
1546 3204 1887 3278 τδ-άτεχνῶς
1930 3207 2022 3261 εὐ-

2118 2116 2211 2171 sed
2250 2113 2521 2168 maximus
2552 2108 2734 2178 potius
2750 2112 2977 2159 ornatus
3004 2110 3059 2154 et
3081 2092 3540 2168 elegantissimus.
3569 2086 3704 2141 Nam

2119 2203 2289 2263 veteri
2326 2201 2550 2258 homine
2586 2207 2772 2262 exuta,
2818 2207 3023 2250 n0vum
3070 2189 3294 2245 induam
3320 2185 3376 2239 in
3407 2179 3623 2253 justitia
3654 2184 3705 2233 et

2117 2302 2371 2357 veritate.
2407 2294 2529 2351 Non
2557 2308 2642 2347 me
2692 2306 2844 2362 ergo,
2891 2287 2987 2343 sed
3027 2295 3079 2341 te
3123 2283 3308 2354 potius
3332 2286 3549 2351 Oportet
3580 2291 3698 2346 pru-

2117 2404 2239 2467 pter
2269 2392 2386 2448 baec
2424 2386 2777 2448 erubescere,
2829 2381 3000 2451 quod,
3051 2388 3311 2445 tanquam
3352 2378 3589 2430 vestem,
3626 2366 3695 2418 in-

2118 2466 2309 2547 dueris
2344 2484 2705 2556 impietatem,
2750 2487 2807 2533 et
2864 2476 3107 2545 ingressa
3153 2466 3225 2523 sit
3265 2474 3525 2532 tanquam
3569 2471 3710 2526 aqua

2119 2587 2213 2634 tua
2245 2577 2480 2640 viscera,
2511 2582 2568 2630 et
2599 2572 2672 2628 sit
2706 2579 2968 2638 tanquam
3001 2562 3183 2617 oleum
3217 2558 3274 2611 in
3323 2553 3432 2609 tuis
3472 2549 3710 2606 ossibus.

2120 2673 2336 2726 Interea
2360 2676 2546 2723 autem
2594 2671 2754 2733 capta
2792 2651 3192 2714 vehementiori
3228 2661 3413 2704 amore
3464 2644 3717 2697 decerta-

2121 2761 2310 2826 tionis,
2369 2767 2426 2814 et
2485 2757 2712 2818 timens,
2749 2767 2820 2806 ne
2858 2761 3062 2820 prteses
3126 2740 3430 2807 emollitus,
3477 2735 3591 2803 jam
3657 2733 3714 2785 in

2122 2851 2307 2908 medio
2370 2847 2676 2905 certamine
2727 2856 2847 2897 eam
2895 2834 3210 2893 excluderet
3266 2845 3297 2883 a
3346 2826 3549 2891 stadio,
3597 2823 3716 2876 haec

2122 2939 2621 3018 quoque-adjecit:
2660 2930 3054 2991 Crudelissime
3077 2923 3352 2996 judicum,
3404 2914 3639 2971 minaris
3663 2923 3715 2968 te

2126 3006 2356 3092 mortem
2402 3006 2539 3087 mihi
2585 3040 2709 3083 esse
2748 3022 3094 3078 allaturum:
3147 3014 3214 3069 ad
3268 3013 3374 3066 hoc
3424 3024 3546 3064 sum
3617 3006 3712 3060 tibi

2125 3133 2328 3197 praesto
2357 3138 2372 3174 :
2410 3121 2516 3177 hoc
2542 3116 2690 3174 enim
2722 3120 2807 3168 est
2840 3108 2976 3165 mihi
3007 3104 3167 3175 plane
3187 3099 3511 3172 optandum.
3555 3092 3717 3160 Quod

2125 3219 2171 3275 si
2219 3218 2387 3273 etiam
2431 3227 2522 3268 me
2570 3211 2627 3267 in
2668 3204 2917 3262 membra
2960 3193 3314 3257 dissecucris,
3368 3199 3423 3245 et
3469 3187 3713 3255 linguam

431 3286 755 3343 κταιότατόν
784 3308 843 3345 τε
875 3293 967 3346 καὶ
1002 3294 1409 3352 ποθεινότατον.
1453 3298 1515 3350 Εἰ
1539 3297 1598 3352 δὲ
1641 3299 1738 3352 καὶ
1765 3301 1846 3362 είς
1877 3299 2019 3371 μέλη

2133 3307 2521 3383 amputaveris,
2546 3312 2602 3359 et
2633 3302 2854 3361 dentes,
2884 3308 3080 3350 manus
3104 3297 3160 3346 et
3197 3300 3431 3358 ungues,
3465 3291 3595 3336 tunc
3632 3292 3719 3332 me

438 3395 506 3448 με
530 3382 891 3454 κατατέμοις,
926 3389 1024 3440 καὶ
1050 3385 1302 3455 γλῶτταν
1335 3388 1616 3459 ἐκκόψεις,
1667 3391 1762 3444 καὶ
1799 3390 2023 3455 ὀδόντας

431 3473 529 3525 καὶ
560 3474 771 3543 χεῖρας,
796 3475 893 3531 καὶ
917 3477 1139 3548 δνυχας,
1193 3480 1314 3533 τότε
1362 3498 1430 3550 με
1480 3480 1550 3535 τὰ
1596 3481 1771 3550 μείζω
1819 3482 2024 3552 μᾶλλον

434 3564 848 3635 εύεργετήσεις,
911 3569 1147 3635 Ὀφείλω
1182 3570 1292 3642 γὰρ
1354 3573 1483 3643 ὅλην
1505 3574 1754 3645 ἐμαυτὴν
1808 3574 1889 3645 τῷ
1913 3576 2024 3645 Δη-

437 3656 708 3727 μιουργῷ·
739 3658 834 3712 καὶ
860 3659 1018 3715 τοῦτό
1048 3678 1140 3733 μοι
1167 3663 1356 3732 ἔφεσιν
1382 3666 1492 3731 ἀεὶ,
1522 3665 1672 3728 ὅπως
1704 3667 1770 3719 ἂν
1795 3667 1854 3727 δν
1889 3668 2025 3720 πᾶσι

434 3747 668 3819 δοξασθῇ
749 3750 866 3814 τοῖς
915 3755 1071 3823 ἐμοῖς
1140 3754 1347 3822 μέλεσι,
1407 3759 1504 3810 καὶ
1561 3759 1904 3829 παραστήσω
1949 3759 2028 3829 τῷ

440 3838 608 3893 αὑτοῦ
646 3841 853 3913 βήματι
899 3846 1078 3900 πάντα
1112 3865 1216 3917 μου
1262 3849 1334 3902 τά
1368 3850 1512 3922 μέλη
1561 3851 1641 3921 τῷ
1695 3830 1890 3923 κόσμῳ
1930 3855 2030 3925 τῆς

438 3931 735 4001 ὁμολογίας
763 3936 1251 4010 καλλωπιζόμενα.
1280 3941 1510 4007 Τούτοις
1556 3944 1890 3999 Ἀναστασία
1928 3963 2030 4000 κα-

441 4023 743 4097 ταπλήττει
795 4027 889 4081 τὸν
920 4029 1188 4101 δικαστὴν
1251 4034 1350 4086 καὶ
1390 4033 1452 4087 τδ
1499 4032 1751 4105 θέατρον.
1790 4037 1899 4092 Καὶ
1932 4037 2031 4100 τὰς

444 4117 808 4186 παραινέσεις
829 4122 1038 4185 ἐκεῖνος
1062 4124 1243 4191 ἀφεὶς,
1267 4125 1362 4178 ἐπὶ
1392 4124 1492 4189 τὰς
1523 4126 1780 4192 κολάσεις
1807 4129 2031 4201 ἐχώρει.

443 4211 558 4265 Καὶ
594 4214 792 4283 πρῶτα
829 4215 930 4285 μὲν
966 4216 1154 4288 πρηνῆ
1180 4218 1391 4289 ταύτην
1416 4220 1480 4272 ἐκ
1513 4221 1800 4290 τεσσάρων
1842 4222 2036 4277 διατα-

444 4303 658 4370 θεῖσαν,
693 4309 788 4360 καί
815 4324 929 4362 τισι
961 4309 1359 4380 προσδεθείσαν
1400 4310 1594 4377 πάλοις
1625 4315 1771 4366 κατὰ
1802 4314 1909 4384 γῆς
1938 4331 2038 4369 πε-

445 4402 779 4470 πηγμένοις,
812 4404 1025 4459 κελεύει
1054 4407 1511 4478 μετεωρίζεσθαι,
1542 4410 1638 4462 καὶ
1664 4409 1915 4463 κάτωθεν
1941 4411 2039 4481 μὲν

450 4492 565 4564 πῦρ
598 4494 766 4567 ἐλαίῳ
798 4501 896 4551 καὶ
972 4498 1169 4573 πίσσῃ,
1225 4501 1323 4556 καὶ
1372 4501 1524 4572 θείῳ,
1588 4502 1685 4556 καὶ
1734 4502 2041 4574 κληματίσι

455 4587 703 4659 σφοδρῶς
732 4590 1135 4659 ἀναπτόμενον,
1170 4596 1286 4657 τοῖς
1317 4594 1656 4665 σπλάγχνοις
1691 4595 1866 4664 αὐτῆς
1907 4594 2044 4650 ὕπο·

2126 3381 2329 3460 adicies
2364 3398 2562 3469 majori
2592 3390 2880 3449 beneﬁcio.
2937 3385 3021 3440 Me
3060 3382 3210 3439 enim
3264 3389 3456 3440 totam,
3489 3381 3722 3444 quauta-

2129 3508 2349 3564 cunque
2385 3467 2529 3554 sum,
2576 3487 2752 3542 debeo
2789 3478 3036 3539 Creatori
3063 3492 3078 3528 :
3104 3481 3159 3531 et
3193 3474 3299 3527 hoc
3327 3467 3464 3524 mihi
3497 3477 3719 3533 semper

2131 3595 2214 3642 est
2248 3585 2302 3638 in
2329 3580 2493 3645 votis,
2540 3584 2606 3632 ut
2640 3576 2762 3647 ipse
2812 3568 3152 3644 gloriﬂcctur
3202 3562 3260 3618 in
3292 3558 3554 3616 omnibus
3579 3553 3724 3608 meis

2129 3675 2411 3739 membris,
2450 3680 2505 3728 et
2536 3671 2727 3727 sistam
2776 3674 2904 3720 ante
2941 3663 3063 3733 ejus
3097 3653 3338 3712 tribunal
3381 3649 3564 3706 omnia
3599 3659 3720 3698 mea

2132 3767 2379 3821 membra
2408 3759 2646 3817 nitentia
2679 3763 2878 3813 ornatu
2899 3746 3281 3808 confessionis.
3314 3742 3410 3797 His
3435 3735 3723 3793 Anastasia

2133 3856 2502 3931 obstupefacit
2539 3861 2655 3909 toto
2688 3865 2813 3906 cum
2852 3847 3069 3902 theatro
3101 3840 3371 3914 judicem.
3400 3832 3505 3900 Qui
3539 3828 3724 3884 missis

2134 3925 2615 4006 adhortationibus
2645 3941 2915 4014 processit
2945 3936 3013 3992 ad
3056 3930 3349 4003 supplicia.
3385 3925 3453 3981 Et
3479 3925 3718 3995 primum

2134 4040 2353 4110 quidem
2386 4051 2507 4091 eam
2544 4046 2775 4104 pronam
2804 4044 2834 4083 a
2879 4035 3113 4097 quatuor
3148 4021 3280 4074 viris
3324 4024 3634 4074 extensum,
3668 4019 3726 4064 et

2136 4100 2464 4204 quibusdam
2520 4100 2658 4198 palis
2712 4119 2866 4177 humi
2912 4118 3034 4172 lixis
3079 4113 3373 4183 alligatam,
3403 4105 3565 4179 jubet
3610 4100 3731 4156 tolli

2138 4192 2429 4280 sublimem
2460 4262 2474 4286 ,
2501 4192 2556 4273 et
2574 4216 2787 4271 inferne
2829 4211 3048 4282 quidem
3091 4205 3273 4276 ignem
3300 4200 3447 4260 oleo,
3491 4201 3548 4250 et
3581 4192 3735 4262 pice,

2140 4326 2197 4373 et
2222 4314 2468 4379 sulfure,
2519 4318 2576 4367 et
2627 4305 2922 4364 sarmentis
2969 4299 3331 4356 vehementer
3388 4296 3680 4343 accensum
3710 4317 3727 4342 .

2142 4411 2264 4482 ejus
2309 4404 2591 4462 substerni
2628 4398 2933 4456 visceribus
2969 4411 2985 4448 :
3024 4407 3056 4448 a
3100 4388 3276 4445 tribus
3307 4390 3490 4438 autem
3535 4389 3730 4431 rursus

2144 4473 2385 4571 desuper
2415 4495 2732 4553 hominibus
2764 4489 2928 4547 simul
2963 4501 3073 4542 uno
3107 4484 3316 4553 impetu
3344 4476 3465 4547 ejus
3503 4473 3728 4528 dorsnrn

2145 4569 2317 4664 virgis
2373 4589 2531 4646 caedi.
2604 4585 2731 4641 Haec
2793 4581 3012 4652 quidem
3056 4578 3136 4632 sic
3189 4589 3251 4629 se
3296 4569 3619 4626 habebant:
3677 4570 3733 4615 et

454 4679 867 4748 στρώννυσθαιο
906 4684 1072 4753 τριχῆ
1109 4683 1166 4738 δὲ
1197 4684 1363 4739 πάλιν
1414 4664 1624 4741 άνωθεν
1648 4689 1716 4740 ἐκ
1758 4687 1888 4756 μιᾶς
1948 4686 2029 4760 ρά-

2144 4683 2482 4743 exsecutioni
2512 4679 2828 4735 mandatum
2858 4673 2982 4731 fuit.
3015 4668 3160 4740 quod
3184 4664 3601 4737 jussit-praeses.

452 4766 595 4827 δδων
640 4777 967 4846 καταφορᾶς
1016 4777 1111 4830 τὸν
1166 4777 1340 4832 νῶτον
1390 4778 1729 4844 αἰκίζεσθαι.
1760 4754 1907 4851 ήΕίχε
1946 4754 2047 4850 μὲν
2083 4779 2226 4834 οὕτω
2267 4775 2462 4840 ταῦτα,
2503 4774 2598 4826 καὶ
2628 4771 2710 4834 είς
2756 4767 2918 4839 ἔργον
2953 4761 3197 4829 ὲξέόαινε
3252 4756 3333 4827 τῷ
3384 4755 3615 4828 ἡγεμόνι
3670 4754 3732 4808 τὸ

452 4866 804 4937 πρόσταγμα.

527 4963 961 5039 Ζ’.ίΠασχούσης
990 4968 1047 5020 δὲ
1080 4967 1255 5038 αὐτῆς
1289 4964 1481 5019 τοῦτον
1517 4966 1611 5020 ἐπὶ
1641 4964 1777 5020 πολὺ
1802 4966 1896 5020 τὸν
1921 4967 2050 5035 τρό-

458 5077 583 5125 πον,
607 5058 819 5117 καὶτοῦ
848 5057 948 5129 μὲν
976 5058 1149 5111 νώτου
1174 5059 1297 5121 ταῖς
1329 5055 1586 5128 μάστιξιν
1616 5055 1827 5111 ἄνωθεν
1843 5055 2049 5121 διαξαιρ-

459 5151 713 5222 νομένου,
749 5151 861 5205 τῶν
889 5150 945 5205 δὲ
970 5150 1300 5222 σπλάγχνων
1327 5150 1574 5204 κάτωθεν
1609 5147 2051 5220 ὑποκαιομένων,

460 5243 559 5299 καὶ
592 5243 701 5298 τῶν
727 5242 946 5313 φλεϐῶν
970 5245 1052 5308 είς
1102 5244 1313 5313 τέφραν
1337 5241 1782 5311 λεπτυνομένων,
1815 5241 1910 5295 καὶ
1937 5256 2043 5311 πη-

459 5338 734 5408 γνυμένου
765 5339 1315 5408 καὶ,ἀναλισκομένου
1347 5336 1442 5391 τοῦ
1491 5335 1750 5408 αἵματος,
1774 5322 2050 5399 κολάσεως

461 5430 643 5496 ὀξείας
668 5430 860 5494 ὀδύνας
885 5430 1029 5485 οὕτω
1054 5433 1151 5485 καὶ
1177 5431 1371 5494 ἀκοαῖς
1388 5429 1750 5502 ἐμποιούσης,
1774 5431 1808 5501 ἡ
1838 5432 2051 5504 μάρτυς

463 5526 532 5597 (ὣ
567 5525 746 5597 ψυχῆς
775 5525 1029 5596 γενναίας
1058 5526 1231 5590 ὅντως
1260 5524 1349 5579 διά
1374 5524 1634 5594 Χριστὸν,
1663 5522 1760 5576 καὶ
1790 5522 2051 5591 ἀναγκῶν

463 5620 806 5692 ὑψηλοτέρας
825 5621 926 5692 τῆς
956 5619 1173 5690 φύσεως
1200 5620 1238 5691 l)
1265 5619 1401 5690 εύχῇ
1434 5619 1573 5690 μόνῃ
1596 5619 1691 5671 καὶ
1721 5615 1842 5686 Θεῷ
1874 5631 2051 5686 προσ-

466 5714 648 5784 ανεῖχε
673 5727 687 5744 ⁸
736 5711 830 5765 καὶ
855 5712 965 5765 τῶν
991 5711 1053 5775 ἐξ
1092 5711 1288 5774 αἰῶνος
1334 5711 1501 5764 αὑτὸν
1551 5707 2050 5778 ὑπομιμνήσκουσα

468 5803 789 5875 θαυμασίων
816 5804 1051 5874 (ἢσκητο
1083 5802 1194 5874 γάρ
1228 5802 1475 5872 ἀκριϐῶς
1500 5804 1596 5856 καὶ
1622 5803 1721 5873 τὴν
1746 5799 1855 5853 τῶν
1886 5798 2053 5853 θείων

465 5896 702 5966 Γραφῶν
725 5894 970 5964 σύνεσιν)
1027 5890 1118 5949 οἷά
1167 5911 1273 5947 τινι
1310 5893 1490 5964 δρόσῳ
1539 5895 1607 5963 τῇ
1645 5892 1925 5960 προσευχῇ
1994 5888 2054 5941 τὸ

471 5992 579 6055 «ﬁt
610 5992 787 6049 ὲκεῖνο
826 5987 935 6044 τῶν
965 5988 1274 6062 ἀλγηδόνων
1310 5986 1617 6042 ισσέννυεν.
1658 5984 1774 6055 Ἐφ’
1798 5979 1881 6048 οἷς
1901 5985 1927 6037 ὀ
1950 5981 2050 6053 θὴρ

2184 4960 2302 5018 Yll.
2334 4959 2475 5015 Cum
2515 4970 2578 5011 ea
2625 4951 2883 5024 ergodiu
2929 4949 3010 5005 sic
3075 4954 3382 5018 pateretur,
3407 4949 3465 4998 et
3507 4942 3737 5019 dorsum

2147 5053 2369 5127 quidem
2400 5047 2627 5121 ﬂagellis
2656 5016 2894 5114 desuper
2922 5016 3280 5102 laceraretur,
3320 5036 3529 5091 viscera
3549 5016 3733 5089 autem

2147 5148 2367 5205 inferne
2392 5145 2830 5214 'conllagrarent,
2866 5144 2923 5191 et
2971 5148 3124 5190 venas
3154 5130 3536 5186 minuerentur
3564 5127 3621 5181 in
3656 5126 3735 5181 ei-

2151 5254 2365 5304 nerem,
2397 5245 2455 5292 et
2503 5236 2884 5290 concresceret
2939 5240 3004 5281 ac
3051 5229 3476 5281 consumeretur
3516 5216 3739 5288 sanguis

2152 5329 2443 5402 supplicio,
2475 5325 2561 5383 vel
2610 5323 2743 5395 ipsis
2766 5319 2993 5375 auribus
3020 5328 3244 5388 gravem
3285 5311 3552 5402 aﬂuente
3585 5309 3740 5364 dolo-

2150 5396 2291 5484 rem,
2324 5427 2530 5490 martyr
2562 5415 2581 5486 (
2608 5427 2642 5469 ο
2672 5427 2801 5468 vere
2844 5420 3170 5481 generosum
3204 5408 3430 5474 propter
3456 5396 3739 5455 Christum

2149 5510 2414 5574 animum,
2447 5487 2502 5562 et
2536 5503 2877 5575 superiorem
2904 5505 3116 5553 natura:
3134 5489 3578 5557 necessitatibus)
3610 5487 3747 5543 solis

2151 5603 2412 5676 precibus
2446 5606 2500 5655 et
2532 5598 2646 5653 Deo
2676 5603 2794 5650 crat
2822 5591 3034 5646 intenta
3059 5605 3074 5643 :
3100 5592 3307 5656 etque
3328 5591 3465 5639 sunt
3480 5579 3757 5637 amulo.

2150 5692 2517 5758 admirabilia,
2550 5692 2609 5746 in
2636 5685 2956 5744 memoriam
2981 5692 3037 5737 et
3064 5695 3127 5737 os
3153 5678 3408 5749 redigens
3437 5677 3576 5748 (erat
3593 5673 3749 5728 enim

2166 5788 2324 5845 valde
2355 5786 2657 5842 exercitata
2697 5783 2863 5838 etiam
2898 5779 2950 5834 in
2994 5772 3353 5846 intelligentia
3432 5769 3764 5825 divinarum.

2165 5877 2596 5952 Scripturarum)
2650 5874 2926 5937 oratione,
2962 5867 3126 5924 veluti
3180 5866 3416 5937 quodam
3469 5878 3612 5923 rore.
3647 5875 3747 5914 ex-

2162 5975 2465 6048 stingucbat
2485 5972 2633 6027 illum
2651 5970 2828 6042 ignem
2852 5965 3123 6023 dolwrum.
3145 5960 3510 6030 Quamobrem
3528 5952 3764 6012 defessa.
