4132 6450
441 456 580 524 i305

1729 468 2016 533 MENSIS
2048 466 2412 535 OCTOBER.

3572 465 3718 534 1304

439 575 531 634 illa
565 578 742 634 bellua
780 577 834 634 in
882 580 989 637 hoc
1031 596 1232 654 genere
1281 584 1555 655 supplicii,
1586 599 1704 640 eam
1742 585 1899 655 jubet
1929 599 2024 640 ex-

2136 587 2362 653 ὲκείνος,
2414 586 2830 657 ἀπαγορεύσας,
2867 585 3023 650 αὖθις
3056 585 3230 659 αὐτὴν
3260 586 3351 640 ἐπὶ
3380 585 3576 657 τροχοῦ
3602 602 3715 639 τα-

440 670 591 726 tendl
643 685 806 741 super
860 682 1054 729 rotam.
1101 672 1166 730 Et
1208 673 1311 730 fuit
1350 676 1567 746 quidem
1603 678 1791 748 jussus
1835 675 2020 731 statim

440 756 734 813 mandatus
785 761 1150 828 exsecutioni,
1178 768 1233 817 et
1290 771 1409 818 rota
1464 767 1676 836 accepit
1727 766 2018 838 virginem,

439 843 672 915 insignis
705 844 1002 912 cruciatus,
1052 858 1110 905 et
1156 851 1422 906 malorum
1459 853 1756 920 successio,
1783 869 1904 923 quae
1931 869 2021 909 se-

439 935 635 990 cundis
665 936 1034 995 contendebat
1072 937 1372 997 obscurare
1415 944 1615 1014 priora.
1662 941 1865 1000 Deinde
1893 960 2019 1001 cum

437 1023 529 1078 llla
556 1039 652 1095 per
672 1029 962 1095 quamdam
1017 1038 1330 1087 verteretur
1364 1031 1697 1100 machinam,
1745 1050 1866 1089 ossa
1903 1034 2024 1105 qui-

438 1114 563 1170 dem
592 1117 1103 1191 confringebantur,
1134 1124 1288 1180 nervi
1323 1132 1506 1180 autem
1553 1134 1607 1180 et
1651 1127 1886 1183 musculi
1928 1141 2023 1182 ex-

437 1206 825 1277 tendebantur,
854 1222 908 1267 et
931 1221 1043 1269 tota
1075 1213 1095 1285 (
1116 1216 1250 1284 proh
1286 1217 1518 1287 dolor!)
1558 1218 1733 1273 forma
1774 1218 2021 1289 corporis

437 1300 736 1356 excedebat
765 1317 796 1356 a
825 1315 1083 1375 compage
1108 1308 1372 1369 naturali.
1399 1309 1495 1366 Illa
1532 1320 1715 1366 autem
1742 1326 1870 1366 eum
1895 1326 2020 1366 rur-

438 1402 533 1441 sus
564 1388 875 1457 invocabat,
924 1396 1015 1465 qui
1066 1398 1186 1466 ejus
1219 1400 1550 1457 exaudiebat
1598 1403 1925 1470 orationem,
1967 1411 2024 1459 et

438 1486 655 1545 poterat
700 1499 823 1539 eam
875 1485 1171 1546 defendere
1206 1491 1261 1546 in
1312 1502 1560 1564 tempore
1600 1492 1936 1563 alﬂictionis,
1967 1507 2024 1552 et

436 1570 652 1640 eripere
678 1589 706 1628 a
744 1591 910 1632 manu
944 1580 1316 1650 inimicorum,
1345 1585 1534 1643 dicens
1557 1608 1569 1643 :
1591 1589 1737 1644 Deus
1770 1589 2022 1655 deorum,

440 1656 585 1719 Deus
620 1666 909 1751 virtutum,
940 1672 1084 1730 Deus
1112 1677 1303 1733 salutis
1331 1692 1486 1744 meae,
1508 1696 1538 1736 a
1569 1697 1679 1752 quo
1710 1692 1794 1737 est
1812 1683 2024 1753 patien-

440 1753 513 1808 lla
546 1772 688 1822 mea,
730 1760 783 1815 in
811 1777 922 1833 quo
952 1765 1178 1823 confidit
1206 1771 1387 1825 anima
1431 1786 1574 1839 mea,
1604 1771 1769 1829 turris
1806 1774 2025 1829 fortitus

436 1847 584 1906 dinis
619 1868 775 1918 mete,
803 1865 859 1913 et
891 1859 1165 1932 refugium
1200 1879 1404 1932 meum,
1444 1865 1562 1936 ipse
1588 1866 1655 1920 da
1706 1883 1855 1923 nunc
1886 1883 2025 1938 quo-
2060 1898 2063 1938 ;

438 1953 547 2012 que
586 1946 846 2005 auxilium
883 1966 949 2007 ex
989 1951 1301 2010 afﬂictione.
1331 1956 1496 2023 Deus,
1533 1958 1627 2030 qui
1666 1959 1908 2032 acein‘gis
1942 1977 2027 2014 me

440 2035 643 2092 virtute
700 2057 715 2093 :
760 2040 928 2111 Deus,
987 2042 1133 2103 Deus
1175 2063 1352 2116 meus,
1404 2065 1473 2106 ne
1522 2051 1794 2122 elongeris
1838 2069 1869 2108 a
1915 2069 2024 2120 me,

454 2148 472 2179 ι
502 2131 761 2199 quoniam
802 2135 1005 2194 defecit
1031 2138 1087 2193 in
1122 2141 1314 2197 dolore
1359 2143 1468 2198 vita
1492 2159 1612 2199 mea
1649 2146 1737 2213 ’ςι
1767 2147 2028 2216 quoniam

447 2223 610 2274 terra:
653 2222 883 2280 adhaesit
915 2239 1107 2283 venter
1141 2244 1315 2299 meus,
1347 2239 1401 2287 et
1444 2248 1566 2288 ossa
1617 2247 1737 2290 mea
1768 2243 2027 2306 tanquam

440 2325 709 2381 gremium
737 2329 1022 2374 aruerunt.

516 2423 656 2483 Vill.
715 2428 843 2486 llaec
889 2444 1107 2502 precata
1156 2440 1224 2509 (ο
1265 2440 1500 2495 Celerem
1548 2441 1948 2499 visitationem!
1997 2462 2030 2500 o

442 2517 847 2578 velocissimum
867 2531 1156 2585 eventum!
1181 2528 1200 2600 )
1229 2532 1412 2588 statim
1437 2531 1658 2603 quidem
1694 2536 1968 2592 relaxatur
1999 2552 2029 2592 a

442 2609 593 2677 gravi
637 2609 727 2665 illa
786 2610 1066 2684 machina,
1114 2634 1185 2675 ne
1237 2621 1408 2694 plagae
1466 2624 1709 2693 quidem.
1742 2641 1843 2680 nec
1892 2626 2030 2697 ἱειιίε

442 2700 735 2789 vestigium
767 2709 1072 2766 ostendens
1096 2711 1151 2766 in
1188 2728 1443 2784 corpore.
1477 2716 1635 2784 Quod
1659 2717 1881 2789 quidem
1906 2734 2029 2773 cum

439 2788 667 2847 deberet
697 2794 1116 2867 obstupefacere
1160 2802 1429 2872 judicent,
1483 2816 1536 2862 et
1601 2808 1880 2865 discutere
1923 2825 2031 2863 nu-

440 2880 567 2939 bem
623 2886 947 2958 impietatis,
974 2909 1097 2963 quze
1138 2911 1265 2952 eum
1297 2898 1598 2967 detinebat,
1629 2902 1721 2958 ille
1765 2919 1836 2959 ne
1870 2904 2035 2960 mini-

442 2989 592 3032 mum
624 2980 843 3048 quidem
880 2986 1059 3055 potuit
1077 2988 1280 3045 intueri
1309 2991 1377 3047 ad
1405 3006 1549 3059 eam,
1571 3010 1693 3065 quae
1721 2995 1807 3051 illa
1827 2995 2035 3052 fecerat

442 3066 729 3139 miracula,
761 3073 1045 3146 virtutem,
1076 3096 1255 3151 neque
1284 3098 1383 3139 cor
1413 3085 1483 3141 ad
1511 3100 1632 3142 eam
1666 3095 2028 3144 convertere:

442 3160 539 3214 sed
590 3172 710 3218 erat
737 3165 919 3223 adhuc
952 3184 1170 3227 crassus
1200 3180 1258 3227 et
1300 3175 1522 3240 stultus,
1548 3185 1605 3231 et
1636 3177 1819 3234 adhuc
1852 3178 2035 3249 impli-

2125 679 2288 750 θῆναι
2318 679 2714 735 διακελεύεται.
2773 680 2887 733 Kal
2949 680 2977 751 ἢ
3018 680 3119 751 μὲν
3196 677 3493 749 πρόσταξις
3536 678 3708 741 εὐθὺς

2123 770 2286 842 ἔργον
2311 767 2378 842 ἦν
2403 787 2419 803 ·
2452 772 2545 825 καὶ
2575 772 2604 825 6
2633 771 2824 842 τροχὸς
2866 770 2967 843 τὴν
2990 770 3247 840 γενναίαν
3278 771 3513 841 ἐδέχετο,
3537 771 3714 840 ἐτὲρα

2122 864 2397 934 τιμωρίας
2436 863 2715 935 ὑπερϐολὴ
2742 863 2840 917 καὶ
2875 863 3101 934 διαδοχὴ
3141 863 3329 917 κακῶν
3386 862 3715 933 ἀποκρύψαι

2125 955 2194 1009 τά
2228 955 2471 1026 πρότερα
2522 957 2638 1018 τοῖς
2680 954 2960 1027 δευτέροις
3003 953 3410 1024 φιλονεικοῦσα.
3443 949 3584 1007 Εἶτα
3612 953 3712 1007 διά

2123 1042 2269 1109 τινος
2303 1045 2514 1100 ἐκείνου
2589 1048 2837 1118 μηχανῆς
2897 1046 3270 1117 στρεφομένου
3316 1045 3452 1098 ὀστᾶ
3491 1045 3590 1114 μὲν
3636 1045 3712 1114 τῇ

2127 1139 2366 1211 μάρτυρι
2395 1136 2754 1204 συνεθὶῶντο,
2782 1137 2952 1205 νεῦρα
3007 1138 3065 1191 δὲ
3095 1136 3193 1191 καὶ
3237 1137 3373 1206 μῦες
3412 1136 3713 1199 ἐτείνοντο,

2126 1229 2224 1283 καὶ⁵
2250 1231 2429 1295 πᾶσα,
2464 1227 2567 1298 φεῦ
2593 1228 2606 1281 l
2645 1229 2678 1299 ἡ
2711 1225 2806 1281 τοῦ
2841 1226 3095 1298 σώματος
3123 1226 3319 1291 πλάσις
3341 1226 3440 1296 τῆς
3468 1225 3716 1296 φυσικῆς

2126 1321 2378 1387 ἐξίστατο
2411 1321 2706 1393 ἁρμονίας.
2748 1318 2816 1374 Ἥ
2846 1319 2903 1372 δὲ
2931 1317 3022 1373 τὸν
3061 1319 3425 1372 είσακούοντα
3475 1334 3718 1387 προσευ-

2125 1415 2229 1486 χῆς
2259 1412 2455 1482 αὐτῆς,
2490 1412 2587 1467 καὶ
2632 1410 3009 1481 ὑπερασπίσαι
3053 1411 3228 1478 αὐτῆς
3269 1411 3328 1463 ἐν
3360 1407 3543 1482 καιρῷ
3596 1406 3716 1461 θλί-

2124 1509 2294 1580 ψεως,
2327 1508 2423 1563 καὶ
2451 1509 2517 1561 ἐκ
2555 1507 2740 1579 χειρὸς
2775 1505 2990 1577 ἐχθρῶν
3035 1502 3320 1569 ἐξελέσθαι
3381 1501 3715 1569 δυνάμενον,

2127 1601 2288 1655 πάλιν
2323 1600 2642 1655 ἐπεκαλεῖτο
2666 1641 2681 1666 ,
2710 1599 2811 1653 θεέ
2851 1597 3012 1663 θεῶν,
3036 1596 3300 1665 λέγουσα,
3330 1594 3360 1647 6
3382 1593 3515 1655 Θεὸς
3540 1592 3677 1646 δυνά
3698 1620 3714 1629 ο

2129 1711 2299 1765 μεων,
2343 1697 2370 1747 6
2395 1693 2526 1757 Θεὸς
2552 1693 2653 1762 τῆς
2691 1692 2973 1763 σωτηρίας
3002 1705 3129 1759 μου,
3156 1687 3292 1758 παρ’
3319 1679 3379 1740 οὗ
3402 1686 3436 1754 ἡ
3460 1681 3713 1752 ὑπομονὴ

2129 1805 2255 1859 μου,
2299 1787 2386 1856 ἐφ’
2447 1785 2509 1840 ὃν
2556 1784 2821 1839 πέποιθεν
2873 1786 2907 1855 ή
2941 1782 3090 1853 ψυχή
3135 1798 3264 1853 μου,
3303 1779 3333 1832 6
3373 1776 3586 1847 πύργος
3615 1775 3718 1843 τῆς

2132 1880 2318 1947 ἰσχύος
2342 1895 2446 1949 μου
2485 1876 2630 1947 καὶὴ
2662 1875 2955 1945 καταφυγή
2984 1890 3087 1945 μου
3111 1911 3126 1938 ,
3168 1869 3332 1934 αὐτὸς
3366 1869 3456 1933 δὸς
3488 1868 3585 1921 καὶ
3615 1864 3720 1919 νῦν

2135 1969 2388 2040 βοήθειαν
2419 1970 2483 2023 ἐκ
2510 1967 2740 2037 θλίψεως
2766 1985 2780 1999 ·
2809 1970 2837 2020 6
2857 1965 2991 2030 Θεὸς
3041 1967 3070 2019 6
3103 1960 3488 2034 περιζωννύων
3517 1975 3585 2027 με
3619 1957 3722 2011 δύ-

2132 2074 2318 2129 ναμιν⁸
2337 2060 2363 2111 6
2382 2058 2515 2120 Θεὸς
2541 2057 2570 2109 6
2588 2056 2720 2120 Θεός
2743 2073 2866 2127 μου.
2889 2055 3002 2109 Kal
3030 2056 3108 2125 μὴ
3131 2052 3418 2126 μακρύνῃς
3440 2048 3533 2103 ἀπ’
3554 2046 3717 2119 ἐμοῦ,

2139 2171 2159 2204 ι
2182 2155 2264 2207 ὅτι
2292 2151 2536 2216 ἐξέλιπεν
2558 2153 2615 2204 ἐν
2635 2148 2799 2222 ὀδύνῃ
2819 2150 2852 2220 η
2884 2147 2999 2213 ζωή
3029 2165 3152 2218 μου.
3168 2166 3185 2197 ι
3206 2146 3333 2199 Ὅτι
3355 2141 3623 2213 ἐκολλήθη
3637 2141 3723 2203 είς

2132 2248 2240 2318 γῆν
2279 2247 2312 2315 ή
2343 2244 2562 2315 γαστήρ
2591 2260 2717 2314 μου,
2744 2241 2842 2297 καὶ
2884 2242 2953 2295 τὰ
2986 2240 3121 2295 ὀστᾶ
3171 2255 3275 2310 μου
3308 2237 3444 2291 ὡσεὶ
3488 2233 3722 2306 φρύγιον

2134 2338 2571 2409 συνεφρύγησαν.

2206 2432 2292 2488 H’.
2316 2429 2507 2485 Ταῦτα
2540 2426 2963 2499 προσευξαμένη
2988 2424 3056 2498 (ὢ
3100 2420 3327 2495 ταχείας
3362 2417 3669 2487 ἐπισκοπῆς
3700 2417 3716 2471 ί

2134 2525 2180 2578 ὣ
2212 2522 2484 2592 ὀξυτάτης
2517 2521 2799 2584 ἐκϐάσεως
2826 2520 2866 2591 l)
2898 2519 3111 2572 ἀνίεται
3150 2516 3250 2588 μὲν
3284 2515 3449 2578 εὐθὺς
3503 2514 3723 2565 ἐκείνου

2133 2617 2228 2673 τοῦ
2255 2615 2496 2689 χαλεποῦ
2548 2614 2973 2686 μηχανήματος,
2998 2610 3136 2682 μηδέ
3192 2608 3413 2678 πληγῆς
3471 2605 3616 2676 ἴχνος
3643 2603 3727 2674 τῷ

2136 2709 2381 2786 σώματι,
2415 2706 2548 2779 μηδέ
2578 2705 2748 2778 πυρὸς
2775 2703 3165 2774 ἐπιφαίνουσα.
3188 2701 3371 2771 Ὅπερ
3398 2699 3520 2752 δέον
3551 2713 3729 2751 καταο

2136 2801 2417 2868 πλαγῆναι
2446 2797 2538 2851 τὸν
2562 2794 2860 2867 δικαστὴν,
2894 2794 2989 2847 καὶ
3023 2791 3084 2846 τὸ
3128 2790 3358 2861 κατέχον
3409 2787 3576 2842 αὐτὸν
3621 2786 3727 2855 τῆς

2133 2891 2390 2954 ἀσεϐείας
2438 2886 2840 2944 ἀποσείσασθαι
2892 2884 3074 2954 νέφος,
3121 2885 3150 2938 6
3185 2883 3241 2937 δὲ
3312 2880 3376 2936 οὐ
3432 2878 3727 2948 διαϐλέψαι

2139 2986 2338 3059 μικρὸν
2364 2982 2505 3054 πρὸς
2532 2981 2632 3053 τὴν
2664 2976 3160 3050 θαυματοργοῦσσ.ν
3187 2975 3256 3029 τὰ
3283 2974 3515 3028 τοιαῦτα
3563 2972 3729 3048 δύνα-

2139 3096 2234 3150 μιν
2266 3079 2514 3148 ἴσχυσεν,
2540 3073 2665 3129 οὐδέ
2721 3070 3054 3141 ἐπιστρέψαι
3101 3066 3330 3139 καρδίαν
3386 3064 3474 3119 ἐπ’
3526 3065 3725 3134 αὐτήν·

2136 3172 2254 3227 ἀλλ’
2285 3170 2369 3225 ἔτι
2402 3167 2584 3239 παχὺς
2615 3159 2687 3237 ἦν
2715 3163 2813 3218 καὶ
2832 3161 3064 3233 ἠλίθιος,
3091 3158 3173 3214 ἔτι
3198 3159 3299 3227 τὴν
3350 3155 3524 3228 μέθην
3578 3153 3732 3209 ἐκεί-

446 3262 605 3309 catus
634 3254 726 3310 illa
754 3257 1022 3317 ebrietate
1048 3262 1469 3331 incredulitatis,
1504 3276 1560 3324 et
1603 3269 1816 3324 insania
1846 3286 1911 3326 ac
1932 3248 2032 3327 ca-

2136 3282 2236 3333 νην
2259 3263 2362 3334 τῆς
2391 3260 2673 3337 ἀπιστίας⁹
2695 3258 2793 3312 καὶ
2826 3254 2927 3327 τὴν
2956 3253 3159 3325 μανίαν
3178 3250 3277 3305 καὶ
3303 3249 3402 3322 τὴν
3435 3248 3603 3320 ἀχλὺν
3626 3263 3727 3300 πε-

440 3343 632 3415 ligine.
660 3349 794 3405 Cum
824 3366 943 3408 eam
971 3354 1140 3431 igitur
1165 3373 1355 3414 rursus
1381 3359 1437 3413 in
1470 3360 1675 3431 lignum
1698 3362 2032 3431 sustulisset,

442 3440 647 3496 ferreis
681 3441 852 3514 ipsam
909 3430 1126 3518 ungulis
1160 3450 1332 3508 laniat
1374 3430 1776 3509 crudelissime.
1810 3454 1905 3511 llla
1939 3472 2036 3511 au—

446 3542 558 3585 tem
597 3548 793 3590 rursus
825 3535 895 3590 ad
928 3535 1098 3593 Deum
1154 3541 1296 3597 tollit
1342 3542 1535 3598 oculos
1567 3555 1662 3599 :et
1696 3544 1881 3600 statim
1934 3545 2037 3600 fuit

449 3632 662 3679 tantum
694 3626 891 3698 adepta
929 3631 1218 3699 auxilium,
1271 3642 1330 3690 ut
1359 3650 1485 3690 cum
1510 3636 1707 3693 defessi
1739 3647 1925 3694 essent
1950 3654 2038 3693 sa-

446 3713 652 3769 tellites
675 3731 705 3770 a
729 3718 994 3776 continuo
1019 3721 1224 3790 labore,
1257 3739 1320 3780 ea
1359 3724 1553 3781 affecta
1606 3726 1771 3782 fuerit
1808 3727 2036 3799 perinde

446 3820 513 3860 ac
551 3823 673 3877 quae
704 3810 916 3869 nullum
950 3813 1195 3870 dolorem
1247 3817 1480 3874 sentiret
1526 3819 1766 3889 penitus.
1804 3819 2037 3891 Propter

445 3913 569 3969 quae
600 3917 805 3971 praeses
858 3902 916 3959 in
960 3920 1232 3962 summam
1286 3909 1559 3966 adductus
1615 3908 2035 3978 dubitationem,

447 4005 575 4046 cum
618 3994 859 4050 nesciret
888 3997 1020 4067 quid
1064 4009 1273 4070 ageret,
1305 4010 1360 4056 et
1402 4011 1640 4074 gestum,
1679 4014 1732 4058 et
1790 4004 2037 4059 habitum

449 4082 687 4140 subinde
712 4087 981 4154 mutabat,
1016 4104 1048 4145 e
1077 4091 1206 4146 sede
1242 4092 1560 4163 frequenter
1589 4095 1900 4159 exsiliebat,
1933 4111 2039 4151 nec

450 4176 568 4245 ipse
604 4193 663 4234 se
703 4189 918 4249 poterat
974 4183 1209 4253 amplius
1237 4185 1544 4251 continere,
1576 4202 1680 4241 nec
1728 4202 1951 4241 manere
1983 4186 2039 4241 in

453 4282 541 4336 eo,
564 4284 674 4340 quo
696 4287 795 4341 par
824 4280 928 4337 est,
961 4274 1156 4328 ordine
1182 4282 1239 4329 et
1256 4275 1658 4332 moderatione.

515 4556 608 4612 IX.
641 4558 781 4614 Cum
817 4568 1002 4616 autem
1044 4569 1267 4633 propter
1301 4561 1708 4618 dubitationem
1743 4578 1774 4618 a
1807 4577 1866 4620 se
1894 4564 2032 4620 adeo

451 4650 820 4715 discessisset.
852 4664 909 4709 et
943 4654 1170 4718 fureret.
1194 4654 1245 4710 ei
1277 4655 1443 4711 etiam
1473 4655 1581 4711 tale
1601 4654 1730 4725 quid
1769 4657 2033 4728 suggerit,

450 4744 545 4814 qui
575 4760 701 4800 cum
734 4760 802 4800 eo
823 4760 1073 4802 seorsum
1108 4745 1455 4817 loquebatur,
1482 4745 1770 4801 diabolus:
1802 4754 1859 4801 et
1883 4746 2041 4815 jubet

452 4837 676 4908 martyri
726 4838 896 4894 ubera
939 4840 1232 4909 amputari
1257 4839 1542 4895 novacula.
1577 4836 1685 4894 Res
1715 4847 1799 4893 est
1855 4847 2039 4892 autem

452 4931 773 5001 gravissima
830 4932 1196 4988 mamillarum
1245 4931 1572 5004 amputatio,
1622 4940 1678 4987 et
1708 4946 1831 5003 quae
1862 4938 2043 5002 potest

451 5024 653 5080 afferre
681 5025 1067 5082 acerbissimos
1117 5025 1357 5092 dolores,
1388 5025 1627 5080 maxime
1680 5039 1806 5079 cum
1843 5038 1938 5078 cor
1970 5023 2042 5078 sit

450 5119 620 5173 situm
654 5119 707 5173 in
747 5135 810 5175 ea
843 5126 1020 5189 parte.
1059 5117 1168 5174 Sed
1217 5126 1444 5189 martyr,
1477 5132 1599 5188 qua:
1638 5113 2037 5171 vehementiori

450 5211 739 5267 adiectione
763 5210 968 5266 amoris
991 5210 1047 5265 in
1073 5209 1353 5266 Christum
1384 5208 1694 5273 tenebatur,
1716 5207 1769 5262 id
1791 5206 1935 5277 quod
1957 5213 2042 5261 est

451 5304 659 5365 minus,
687 5303 1098 5359 contemnebat.
1134 5301 1424 5375 Tyrannus
1449 5308 1636 5356 autem
1683 5314 1875 5354 rursus
1908 5297 2042 5354 insi-

451 5411 614 5466 gnem
649 5394 1031 5451 fortitudinem
1063 5395 1410 5450 contendens
1431 5408 1699 5464 superare
1726 5390 2039 5447 immodicis

451 5488 755 5558 suppliciis,
785 5489 836 5542 ei
864 5487 1049 5543 evellit
1076 5491 1225 5557 ipsos
1242 5503 1472 5557 ungues.
1508 5485 1617 5542 Sed
1646 5480 1757 5550 illa,
1784 5494 2039 5555 tanquam

453 5582 662 5636 nullum
697 5580 905 5637 doloris
934 5580 1145 5636 habens
1177 5595 1426 5645 sensum,
1447 5579 1630 5641 adhuc
1660 5578 2040 5634 vehementius

454 5677 567 5729 Deo
595 5675 792 5745 agebat
834 5675 1059 5746 gratias,
1083 5674 1231 5745 quod
1279 5673 1441 5747 digna
1489 5682 1636 5729 esset
1683 5672 1886 5736 habita,
1917 5685 2040 5740 quae

457 5765 613 5818 fieret
649 5766 700 5819 ei
745 5766 1065 5832 conformis,
1097 5777 1153 5823 et
1191 5769 1339 5823 socia
1393 5767 1837 5838 perpessionum.
1868 5763 2038 5818 Porro

540 5938 561 5969 '
598 5940 739 5996 l‘sal.
780 5960 906 6010 λυ,
932 5946 1016 5999 Η.

2143 3357 2481 3429 ρικείμενος.
2506 3352 2619 3406 Kal
2647 3349 2815 3405 πάλιν
2838 3348 3012 3418 αὐτὴν
3039 3346 3135 3399 ἐπὶ
3161 3343 3324 3411 ξύλου
3359 3339 3725 3429 μετεωρίσας,

2139 3427 2386 3522 σιδηροῖς
2439 3445 2621 3513 δνυξιν
2652 3442 2915 3513 ὼμότατα
2960 3437 3304 3504 καταξαίνει.
3364 3434 3432 3488 Ἦ
3480 3432 3537 3487 δὲ
3587 3427 3731 3522 “pb;

2138 3520 2349 3600 ἐκείνον
2373 3543 2520 3612 αῐρει
2554 3537 2650 3592 καὶ
2691 3534 2857 3589 πάλιν
2901 3535 3027 3598 τοὺς
3058 3527 3380 3601 ὀφθαλμοὺς
3408 3526 3500 3579 τὸν
3527 3525 3592 3575 ἐκ
3625 3520 3729 3574 θα-

2138 3637 2325 3700 νάτου,
2348 3633 2445 3688 καὶ
2472 3633 2532 3685 ἐν
2555 3628 2800 3699 πολέμῳ,
2831 3627 2926 3680 καὶ
2957 3628 3024 3681 ἐκ
3067 3623 3256 3697 χειρὸς
3310 3620 3533 3690 σιδήρου
3594 3616 3731 3685 ῥυό-

2143 3747 2304 3801 μενον
2358 3726 2634 3799 (Ἡσαΐας
2674 3725 2704 3777 6
2755 3720 2930 3792 μέγας
2995 3716 3178 3788 φησὶ),
3224 3713 3323 3769 καὶ
3381 3707 3733 3801 παραχρῇμα

2141 3799 2413 3890 τοσαύτης
2439 3815 2653 3872 ἐκεῖθεν
2687 3811 2964 3867 ἀπέλαυσε
3015 3811 3117 3879 τῆς
3175 3805 3351 3879 ῥοπῆς
3374 3820 3437 3856 τε
3462 3800 3560 3856 καὶ
3605 3799 3736 3868 βοη-

2140 3910 2315 3989 θείας,
2345 3909 2489 3965 ὥστε
2526 3906 2622 3963 καὶ
2651 3905 2763 3961 τῶν
2791 3902 3005 3975 δημίων
3033 3899 3141 3956 ὑπὸ
3166 3900 3268 3971 τῆς
3310 3896 3451 3989 τῶνῌ
3478 3890 3735 3989 βασάνων

2144 3985 2429 4076 συνεχείας
2449 4000 2855 4072 ἀτονησάντων,
2879 3993 3022 4067 αὕτη
3048 3992 3310 4063 καθάπερ
3343 3986 3499 4042 οὐδὲν
3527 3985 3734 4039 ὀδυνω-

2145 4099 2283 4172 μένη
2330 4096 2590 4150 διέκειτο.
2652 4089 2770 4162 Ἐφ’
2816 4082 2923 4167 οἷς,
2968 4090 2998 4142 6
3041 4086 3274 4156 ἡγεμὼν
3325 4077 3732 4172 ἀπορούμενοςὶ

2143 4167 2238 4247 καὶ
2272 4167 2352 4263 μὴ
2381 4189 2523 4260 ἔχων
2562 4187 2591 4242 ὃ
2652 4203 2707 4238 τι
2758 4185 2857 4238 καὶ
2885 4181 3161 4252 δράσειεν,
3212 4171 3504 4263 ἐξεφέρετο
3545 4186 3605 4223 τε
3633 4167 3732 4263 τού

2144 4260 2452 4358 σχήματος,
2475 4280 2571 4334 καὶ
2601 4276 2829 4347 ἀνέθορε
2891 4270 3137 4343 συνεχῶς
3162 4269 3228 4323 ἐκ
3255 4265 3352 4358 τού
3384 4262 3603 4358 θρόνοι),

2140 4352 2355 4431 *ἐτι
2386 4352 2653 4432 καθεκτὸς
2679 4363 2748 4438 ἦν
2765 4363 2929 4429 αὐτὸς
2961 4358 3186 4436 ἑαυτοῦ,
3219 4357 3333 4412 οὐδ’
3372 4357 3432 4410 ἐν
3462 4352 3616 4419 τάξει
3637 4352 3737 4407 καὶ

2143 4466 2335 4539 θεσμῷ
2371 4464 2452 4536 τῷ
2483 4461 2820 4535 προσήκοντι
2854 4457 3041 4529 μένειν
3065 4454 3330 4526 ⁴Ιγδύνατο.

2216 4538 2293 4616 8'.
2324 4557 2485 4612 Οὕτω
2507 4557 2566 4611 δὲ
2618 4554 2771 4625 αὐτῷ
2831 4544 3371 4623 παρακεκινημένως
3399 4542 3459 4610 ἐξ
3494 4538 3737 4612 ἀπορίας

2141 4655 2236 4711 καὶ
2266 4650 2512 4724 μανικῶς
2542 4646 2723 4729 ιχογτι
2779 4641 3074 4697 ὑποϐάλλει
3104 4656 3160 4693 τι
3194 4638 3292 4692 καὶ
3320 4633 3566 4729 τοιούτον
3599 4632 3736 4729 συλ-

2140 4746 2320 4804 λαλῶν
2351 4741 2502 4813 αὐτῷ
2535 4724 2680 4795 κατά
2711 4736 2876 4808 μόνας
2893 4732 3157 4796 διάϐολος·
3189 4729 3287 4788 καὶ
3318 4726 3467 4798 ξυρῷ
3491 4728 3557 4796 τῇ
3584 4724 3736 4796 μάρα-

2139 4856 2267 4912 τυρι
2289 4836 2415 4898 τοὺς
2444 4831 2687 4903 μαστοὺς
2712 4827 3022 4897 ἐκκοπῆναι
3051 4820 3457 4877 διακελεύεται.
3477 4816 3737 4873 Χαλεπὸν

2138 4909 2339 5000 δὲ-άρα
2372 4924 2598 4998 μαστῶν
2628 4918 2906 4992 ἀποκοπὴ,
2932 4918 3030 4972 καὶ
3070 4914 3417 4987 δριμυτάτας
3445 4910 3585 4979 ἄγαν
3611 4909 3738 4963 ὀδύ-

2141 5040 2240 5087 νας
2286 5018 2592 5092 ἐπιτρίϐιιν
2617 5014 2919 5085 δυνάμενον
2982 5009 3128 5064 κατά
3162 5007 3322 5062 τοῦτο
3382 5004 3620 5076 μάλιστα
3670 5000 3737 5055 τὸ

2146 5115 2316 5188 μέρος
2339 5113 2438 5183 τῆς
2468 5107 2694 5180 καρδίας
2754 5100 3186 5172 καθιδρυμένης.
3227 5095 3373 5152 Ἀλλ’
3411 5096 3446 5167 ή
3491 5094 3731 5188 μάρτυς,

2145 5185 2494 5279 σφοδροτὲρῳ
2527 5200 2691 5255 πάθει
2721 5193 3067 5267 κατεχομένη
3098 5191 3195 5246 τοῦ
3225 5191 3305 5254 εἰς
3324 5187 3565 5260 Χριστὸν
3594 5185 3735 5279 ἔρω-

2143 5274 2259 5380 τος,
2277 5274 2373 5353 τοῦ
2398 5297 2681 5355 ἐλάττονος
2697 5288 3071 5380 κατεφρόνει.-
3178 5283 3447 5380 τύραννος
3471 5279 3535 5380 δὲ
3568 5274 3737 5380 mil-tv

2147 5368 2456 5460 ὑπερϐολὴν
2494 5385 2796 5458 καρτερίας
2846 5374 3125 5449 ὑπερϐολῇ
3158 5372 3383 5445 νικῆσαι
3408 5368 3736 5460 φιλονεικῶν

2148 5458 2269 5538 τῶν
2309 5481 2613 5543 κολάσεων,
2665 5477 2762 5530 καὶ
2799 5472 2929 5536 τοὺς
2966 5469 3140 5541 αὐτῆς
3189 5465 3375 5536 ἐκσπᾷ
3414 5463 3641 5533 ὄνυχας.
3669 5458 3735 5513 'll

2147 5577 2225 5644 δὲ,
2251 5575 2437 5645 ὥσπερ
2465 5565 2723 5639 οὐδεμίαν
2743 5563 3009 5637 δεχομένη
3034 5560 3146 5614 τῶν
3161 5554 3430 5627 ἀλγεινῶν
3455 5553 3738 5626 αίσθησιν,

2149 5669 2484 5741 θερμότερον
2517 5663 2599 5717 ἔτι
2630 5661 2834 5733 μᾶλλον
2858 5653 3183 5730 ηὐχαρίστει
3210 5647 3477 5741 Χριστῷ,
3509 5648 3593 5701 ὅτι
3640 5647 3739 5741 καὶ

2151 5738 2472 5832 σύμμορφος
2507 5755 2658 5825 αὐτῷ
2692 5751 2967 5823 γενέσθαι,
2999 5749 3094 5803 καὶ
3126 5740 3382 5806 κοινωνὸς
3409 5739 3523 5795 τῶν
3560 5738 3712 5809 παθη
