4132 6438
484 459 614 523 I305

1504 444 1688 510 νιΤΑ
1733 441 1798 510 S,
1835 431 2282 498 ΑΝΑὸΤΑδΙιΕ
2324 425 2688 491 ΒΟΜΛΝιΕ.

3607 408 3744 474 i306

481 564 665 641 μάτων
694 561 915 634 ἠξίωτο.
957 558 1244 628 Ἐνύϐριζε
1265 556 1324 612 δὲ
1357 553 1454 610 καὶ
1501 553 1583 616 εἰς
1624 549 1749 610 τοὺς
1786 544 2052 616 τυράννου
2082 554 2098 604 Α

2200 548 2345 594 utem
2392 537 2527 592 deos
2573 546 2790 604 quoque
2821 528 3035 602 tyranni
3078 526 3350 583 alliciebat
3390 523 3744 582 contumelia.

2408 631 2424 641 .
2755 639 2763 641 _
2813 640 2818 641 ,
2869 632 2907 641 ,.
2951 622 3215 641 J.__._-._-_
3273 627 3321 641 ,ι
3351 617 3396 641 ,ε
3437 615 3564 641 -..ιλ
3599 613 3742 641 ..ιεκιι

486 632 665 732 θεοὺς,
689 632 882 718 σκότος
907 651 1106 716 αὐτοὺς
1136 649 1231 704 καὶ
1259 645 1500 720 πλάνην,
1521 641 1618 697 καὶ
1649 637 1937 709 δαίμονας,
1957 632 2055 687 καὶ

487 750 540 804 εῐ
568 766 622 802 τι
652 726 785 802 ἀλλο
822 745 958 816 πρὸς
995 743 1274 799 ἀπώλειαν
1305 737 1466 808 φέρει
1494 733 1671 804 ψυχῆς
1698 726 2062 798 όνομάζουσα.

487 833 579 894 Ὧν
601 836 810 900 ἐκεῖνος
834 815 1181 891 ἀκούειν”ούκ
1205 829 1556 900 ἀνεχόμενος,
1587 823 1709 877 ἐπεὶ
1732 821 1827 873 καὶ
1852 819 1912 870 τὸ
1928 815 2064 885 γλυ-

486 930 550 983 κὺ
585 930 722 982 πᾶσι
759 925 875 997 φῶς
901 923 1170 995 ὀφθαλμῷ
1197 920 1448 975 νοσοῦντι
1482 915 1768 984 πολέμιον,
1808 911 2066 976 ἀποτμη-

488 1023 642 1089 θῆναι
673 1021 847 1090 μέσην
864 1019 1001 1088 αὐτῇ
1030 1013 1274 1070 κελεύειν
1297 1013 1398 1084 τὴν
1420 1009 1671 1079 γλῶτταν
1704 1002 2066 1058 ἐλκυσθεῖσαν

485 1111 579 1164 τιιῦ
613 1110 922 1187 φάρυγγος,
967 1105 1373 1178 ὲκκρουσθῆναι
1415 1102 1474 1155 δὲ
1530 1099 1628 1153 σὺν
1657 1095 1795 1166 αὐτῇ
1813 1093 1908 1146 καὶ
1939 1091 2069 1154 τοὺς

486 1204 728 1267 ὀδόνταςο
756 1204 854 1256 καὶ
883 1185 1141 1263 τοιαύτας
1196 1196 1434 1268 ἀμοιϐὰς
1487 1194 1515 1247 ὁ
1539 1191 1766 1260 ἀνόητος
1793 1185 2068 1256 στόματος

486 1294 816 1348 ἀποδίδωσιν
840 1292 1153 1363 ἐλευθέρου.
1185 1288 1347 1344 Ἀλλά
1375 1287 1486 1340 τῶν
1517 1284 1616 1356 μὲν
1632 1282 1861 1335 ὀδόντων
1889 1275 2062 1345 αὐτὴν

491 1385 781 1456 ἑποστερεῖ
807 1387 904 1438 καὶ
952 1385 1058 1453 τῆς
1109 1382 1384 1455 γλώττης,
1437 1377 1538 1446 τῆς
1575 1371 1892 1443 παρρησίας
1940 1365 2067 1438 atq

493 1477 585 1547 τῆς
617 1478 933 1546 ἐλευθερίας
994 1478 1096 1530 οὐκ
1161 1475 1263 1529 ετι.
1337 1472 1499 1527 Ἀλλὰ
1553 1467 1720 1540 μηδὲν
1766 1462 2067 1531 ἐνδόσιμον,

492 1567 626 1638 μηδὲ
681 1569 929 1637 μαλακὸν
975 1552 1290 1630 ὑποστᾶσα,
1320 1561 1566 1629 τοσούτῳ
1602 1558 1702 1627 τὴν
1736 1552 1912 1624 τομὴν
1949 1551 2073 1603 ἀνευ

2163 646 2259 688 eos
2283 631 2559 693 tenebras,
2585 639 2828 682 errorem
2857 632 2912 679 et
2941 622 3240 683 daemones,
3269 627 3324 673 et
3349 617 3398 672 si
3435 615 3565 686 quid
3599 613 3746 668 aliud

2164 724 2274 778 fert
2317 721 2387 776 ad
2432 719 2631 775 animm
2673 716 2976 778 interitum,
3013 711 3330 766 nominans.
3367 707 3499 774 Qua:
3524 704 3749 774 quidem

2164 817 2256 871 ille
2302 814 2496 868 audire
2537 825 2648 865 non
2695 809 2976 864 sustinens
3011 805 3154 874 (quae
3187 801 3336 856 enim
3382 809 3468 853 est
3496 796 3784 850 omnibus‘

2163 907 2410 981 jucunda
2455 906 2584 978 lux,
2618 910 2705 958 est
2758 899 2979 953 inimica
3045 887 3555 957 oculoa‘gt‘otanti)
3599 886 3755 954 jubet

2177 1001 2415 1058 mediam
2445 998 2494 1054 ei
2540 998 2776 1066 linguam
2811 989 3056 1046 exscindi
3085 993 3382 1042 extractam
3413 996 3444 1035 a
3485 987 3704 1049 gutture
3737 993 3754 1029 :
3783 1033 3787 1046 ε

2178 1109 2304 1149 cum
2341 1107 2404 1146 ea
2441 1062 2758 1144 autem-una
2804 1097 3020 1154 quoque
3062 1079 3254 1133 dentes
3300 1071 3482 1128 excuti
3524 1089 3537 1124 :
3573 1077 3630 1122 et
3659 1079 3759 1135 pro
3793 1062 3805 1073 ’

2178 1202 2274 1242 ore
2303 1185 2474 1238 libero
2508 1182 2643 1236 tales
2663 1178 2864 1233 stultus
2913 1172 3095 1229 reddit
3118 1164 3610 1224 remunerationes.
3638 1158 3760 1228 Ipsa

2178 1291 2311 1331 vero
2352 1273 2487 1328 nihil
2528 1272 2596 1325 de
2631 1285 2728 1323 sua
2785 1265 3072 1321 remittens
3117 1257 3447 1321 constantia,
3489 1264 3670 1320 neque
3700 1262 3761 1302 se

2180 1367 2418 1422 molliter
2451 1374 2546 1418 aut
2569 1361 2801 1416 delicate
2831 1370 3052 1428 gerens,
3090 1351 3276 1407 tantliu
3313 1345 3538 1404 sustulit
3565 1354 3763 1410 ampu-

2184 1458 2468 1514 tatiouem,
2497 1451 2738 1523 quandiu
2786 1462 2910 1503 cum
2962 1445 3116 1500 vocis
3163 1441 3533 1496 instrumento
3576 1438 3762 1502 posset

2182 1548 2402 1602 ultimas
2433 1545 2542 1599 Deo
2573 1557 2763 1612 preces
2797 1537 3048 1593 fundere.

493 1611 626 1638 μη--
681 1611 924 1637 ,πη-η-.
979 1611 1290 1630 -.πυτ-τ,
1333 1611 1474 1618 ---η
1502 1611 1513 1614 -
1538 1611 1556 1629 ,κ
1659 1611 1670 1627 .
1805 1611 1818 1624 .
1869 1611 1880 1623 .

493 1660 686 1714 ϐάλετο
711 1661 822 1730 ὅσῳ
853 1660 1177 1714 τελευταίαν
1207 1659 1284 1729 τῷ
1337 1657 1456 1726 Θεῷ
1492 1653 1632 1726 μετὰ
1675 1647 1770 1704 τοῦ
1804 1647 1903 1716 τῆς
1932 1640 2121 1712 φωνῆς
2162 1640 2418 1712 ὀργάνουῑ
2439 1637 2534 1694 καὶ
2582 1635 2684 1707 τὴν
2711 1629 3022 1704 προσευχὴν
3055 1623 3322 1682 ἁποδῦναι
3343 1637 3357 1651 .
3391 1619 3504 1692 ᾔδει
3535 1615 3649 1684 γὰρ
3682 1611 3768 1664 δτι

493 1754 582 1807 καὶ
615 1752 950 1806 σιωπώντων
982 1749 1128 1806 οἶδεν
1156 1751 1381 1806 ἀκούειν
1407 1751 1636 1811 ἐκεῖνος.

563 1866 622 1927 1’.
669 1871 1132 1942 Εὐχαριστήσασα
1152 1866 1246 1925 οῦν
1272 1870 1437 1938 ἀξίως
1470 1865 1639 1943 αύτῷ,
1661 1857 1782 1920 εἶτα
1799 1863 1894 1916 καὶ
1923 1855 2084 1926 δεξιῷ
2115 1853 2159 1910 Β

496 1963 637 2019 τέλει
685 1963 945 2034 δεηθεῖσα
998 1964 1304 2018 καταλῦσαι
1362 1963 1464 2034 τὴν
1512 1957 1842 2033 μαρτυρίαν,
1865 1953 1990 2024 ἑξῆς
2021 1952 2078 2006 δὲ

496 2057 586 2110 καὶ
646 2055 779 2124 περὶ
825 2055 938 2108 τῶν
990 2053 1421 2126 ἀρρωστούντων
1461 2053 1556 2106 καὶ
1602 2049 1742 2119 αὐτῇ
1792 2044 2078 2117 προσιέναι

496 2147 800 2217 μελλόντων
835 2145 1106 2211 ἐντεύξεις
1146 2143 1518 2212 ποιησαμένη,
1549 2140 1734 2209 φωνῆς
1758 2153 1818 2190 τε
1852 2131 2081 2203 οὐρανό-

497 2243 581 2292 θεν
601 2239 710 2292 τῶν
741 2239 1079 2306 αἰτουμένων
1103 2237 1203 2308 τὴν
1227 2236 1374 2290 δόσιν
1397 2228 1890 2304 ἐπιμαρτυρούσης
1921 2223 2084 2279 ἀκού·

498 2347 656 2397 σασα,
683 2329 873 2402 Δεῦρο,
897 2331 974 2402 τῷ
1003 2331 1184 2402 δημίῳ
1215 2328 1381 2392 ποίει,
1426 2325 1582 2395 φησὶ,
1636 2323 1706 2377 τὰ
1735 2333 2082 2393 προστεταγ-

498 2423 665 2493 μένα’
703 2425 794 2476 καὶ
823 2423 1100 2492 προτείνει
1134 2421 1394 2489 γλῶσσαν
1430 2421 1464 2488 ἡ
1491 2417 1730 2489 μάρτυς,
1755 2413 1856 2484 τὴν
1887 2412 1976 2466 ἀεὶ
2014 2409 2084 2463 τὰ

500 2518 614 2573 θεῖα
648 2515 966 2587 μελετῶσαν
1000 2517 1097 2570 καὶ
1127 2512 1540 2583 φθεγγομένην,
1580 2511 1676 2564 καὶ
1730 2508 1950 2576 σίδηρος
1985 2503 2083 2557 αύ-

502 2613 614 2685 τὴν,
647 2609 832 2679 οῖμοιί
873 2608 1047 2680 μέσην
1089 2606 1250 2669 εὐθὺς
1273 2603 1594 2673 ἀποτέμνει.
1636 2599 1870 2652 Ἔπειτα
1899 2596 1957 2650 δὲ
1989 2595 2086 2646 καὶ

504 2702 623 2765 τοὺς
661 2701 881 2762 ὀδόντας
918 2698 1268 2770 ἐκκρούεται,
1317 2695 1415 2750 καὶ
1450 2693 1605 2764 πηγὴ
1658 2692 1896 2762 αἵματος
1945 2689 2086 2758 αὐτῇ

503 2789 564 2844 τδ
598 2791 776 2859 στόμα
808 2790 1050 2858 γίνεται,
1087 2789 1220 2858 ὅλην
1266 2789 1335 2858 τῇ
1369 2784 1465 2839 τοῦ
1514 2783 1852 2852 Χριστιανοῦ
1900 2781 2089 2852 νύμφῃ

503 2884 601 2955 τὴν
658 2884 867 2952 ὲσθῆτα
937 2881 1340 2951 διαφοινίξασα,
1388 2878 1483 2932 καὶ
1540 2875 1830 2948 πορφύρας
1892 2872 2085 2941 τιμίας

504 2972 748 3046 ἁπάσης,
790 2974 888 3029 καὶ
924 2973 1212 3045 βασιλικῆς
1252 2971 1572 3042 ἁλουργίδος
1621 2966 1958 3039 τιμιωτέραν
1999 2964 2090 3034 ὲρ-

505 3068 816 3139 γασαμένη.
837 3068 1013 3121 Ὅπου
1042 3065 1134 3120 καὶ
1161 3065 1360 3136 μικρὸν
1390 3059 1796 3122 ἐκλελοιπυῖαν,
1820 3056 1967 3126 ὕδωρ
2007 3057 2093 3109 αί-

507 3163 670 3232 τῆσαι
716 3161 937 3229 λέγεται
997 3159 1092 3212 καὶ
1129 3155 1338 3212 λαϐεῖν.
1375 3155 1434 3210 Ὀ
1464 3152 1521 3209 δὲ
1550 3150 1851 3222 παρασχὼν
1904 3145 1972 3219 ἦν
2011 3165 2093 3210 τις

509 3255 653 3326 ἀνὴρ
703 3254 875 3325 ὄνομα
911 3253 1205 3327 tropum,
1234 3248 1492 3304 τοσοῦτον
1523 3247 1585 3300 οὐ
1619 3245 1851 3315 φανερὸς
1878 3241 1978 3312 τὴν
2006 3241 2098 3294 εύ-

512 3348 754 3411 σὲϐειαν,
783 3347 893 3416 ὅσῳ
927 3347 1002 3416 μὴ
1030 3343 1272 3407 τοιοῦτος
1318 3343 1432 3404 τοῖς
1479 3339 1706 3395 ἀσεϐέσι
1742 3333 2098 3406 νομίζεσθαιο

511 3438 580 3492 τὰ
617 3439 663 3492 δ’
698 3437 976 3510 ᾶλλα,τὴν
1019 3437 1118 3506 τῆς
1150 3435 1328 3505 ψυχῆς
1353 3433 1490 3498 ἕξιν,
1513 3432 1678 3500 φημὶ,
1711 3429 1806 3483 καὶ
1837 3425 2098 3489 διάθεσιν,

515 3527 839 3590 πιστότατός
859 3543 921 3578 τε
951 3525 1049 3579 καὶ
1088 3523 1505 3582 εὐσεϐέστατος.
1533 3519 1728 3580 Ὅστις
1782 3517 1879 3568 καὶ
1927 3513 2100 3584 μεγά-

517 3617 644 3682 λους
684 3617 911 3688 μισθοὺς
967 3614 1182 3686 ψυχροῦ
1238 3611 1506 3682 ποτηρίου
1559 3606 1966 3676 ἀπολαμϐάνει,
2006 3601 2104 3656 καὶ

521 3713 852 3783 πράγματος
921 3705 1097 3771 οὕτως
1169 3706 1424 3768 εὐτελοῦς
1503 3703 1596 3756 τὸν
1648 3701 1744 3754 τοῦ
1801 3697 2103 3770 μαρτυρίου

519 3809 745 3864 ὠνεῖται
806 3804 1096 3874 στέφανον.
1135 3797 1344 3855 Μαθὼν
1392 3795 1562 3865 γάρό
1594 3791 1806 3863 Πρόϐος
1861 3788 1932 3842 τὰ
1982 3785 2104 3839 καθ’

521 3901 707 3967 αὑτὸν,
731 3915 804 3952 κα
858 3897 941 3950 ὅτι
973 3895 1035 3947 οὐ
1054 3891 1271 3962 φύσεως
1296 3887 1481 3949 ἁπλῶς
1503 3881 1861 3944 ὲπικλασθεκς
1886 3893 2110 3947 συμπα-

523 3993 669 4068 θείᾳ,
708 3991 806 4045 κα)⁴
833 3988 914 4058 τῷ
968 3984 1161 4040 λαϐεῖν
1214 3997 1340 4036 τινα
1398 3978 1607 4032 τούτων
1659 3970 1840 4043 μελῶν
1873 3969 2107 4022 ὲκείνων

525 4062 769 4154 ἔκκοπῆς
798 4082 982 4144 ἔλεον,
1015 4076 1156 4132 ἀλλὰ
1195 4071 1454 4140 κοινωνίᾳ⁸
1489 4069 1730 4129 πίστεως
1765 4065 1988 4135 μᾶλλον,
2014 4062 2109 4114 καὶ

525 4175 606 4246 τῷ
641 4150 1038 4246 μὴ’ἀνὲχεσθαι
1093 4165 1267 4229 οὕτως
1297 4164 1432 4235 όρᾷν
1489 4159 1648 4213 ἐνδεᾶ
1683 4155 1876 4218 ὕδατος
1926 4150 2107 4206 κοινοῦ

528 4243 804 4324 Δεσπότου
888 4263 1086 4333 δούλην
1166 4258 1577 4330 γνησιωτάτην,
1631 4253 1700 4321 τῇ
1761 4247 2002 4320 μάρτυρι
2049 4243 2111 4296 τὸ

530 4360 694 4414 ποτὸν
767 4357 998 4429 όρέξειε,
1037 4349 1381 4420 Δεσποτικὴν
1454 4347 1558 4401 κάν
1628 4340 1804 4412 τούτῳ
1885 4335 2112 4409 πληρῶν

533 4449 778 4522 ἐντολὴν,
804 4428 978 4501 ταῦτα
1005 4443 1136 4514 περὶ
1164 4440 1260 4494 τοῦ
1299 4437 1494 4507 ἀνδρὸς
1537 4433 1848 4502 πυθόμενος
1883 4428 2112 4482 θάνατον

533 4541 684 4611 αὐτῷ
714 4518 822 4610 τὴν
845 4536 1117 4608 τιμωρίαν
1148 4531 1370 4598 ἐπάγει.
1396 4526 1562 4596 Ἑξῆς
1581 4523 1638 4578 δὲ
1666 4523 1767 4594 τὴν
1789 4518 2115 4575 τελευταίαν
2149 4538 2192 4591 ο

536 4633 634 4688 καὶ
655 4607 824 4686 ’κατά
857 4607 960 4698 τῆς
989 4625 1271 4697 μάρτυρος
1301 4619 1486 4674 δίδωσι
1515 4617 1723 4687 ψῆφον,
1767 4613 1862 4666 καὶ
1898 4609 2000 4679 τὴν
2027 4607 2116 4661 διὰ

537 4725 728 4794 ξίφους
758 4720 898 4789 αὐτῇ
936 4714 1197 4785 τελευτὴν
1221 4708 1565 4779 κατακρίνει.
1597 4706 1674 4759 Οὐ
1714 4704 1780 4773 δὴ
1809 4698 2112 4771 γενομένου

683 4812 792 4881 πρδ
847 4807 945 4862 τοῦ
1009 4806 1225 4866 ἄστεως
1265 4801 1364 4870 τῆς
1406 4798 1561 4870 ἱερᾶς
1601 4793 1850 4862 κεφαλῆς
1898 4789 2120 4858 ἐκείνης

539 4879 982 4974 ἀποτμηθείσης,
1009 4896 1070 4951 τὺ
1095 4894 1256 4963 σῶμα
1283 4890 1382 4962 μὲν
1415 4888 1545 4958 ἄχρι
1579 4884 1726 4946 τινὸς
1744 4879 2120 4952 ἀμελούμενον

543 4967 802 5068 teste-:5,
837 4967 1119 5061 ἄψαυστον
1145 4984 1204 5038 δὲ
1235 4985 1386 5052 ὅμως
1421 4979 1516 5032 καὶ¹
1545 4974 1817 5036 πετεινοῖς
1862 4967 2120 5040 ούρανοῦ,

546 5055 643 5142 καὶ
690 5087 792 5154 γῆς
845 5055 1058 5152 θηρίοις
1115 5073 1478 5146 τηρούμενον,
1523 5065 1802 5135 καθάπερ,
1831 5055 2012 5129 οἶμαι,
2053 5055 2126 5111 τὰ

548 5152 713 5248 ὑπὲρ
746 5152 843 5230 τοῦ
897 5167 1247 5243 Δημιουργοῦ
1313 5164 1524 5219 τούτων
1586 5159 1861 5228 στίγματα
1903 5152 2127 5215 καὶτὰς

550 5247 740 5342 ὕϐρεις
768 5258 1468 5334 εύλαϐουμένοις.¹Ἐπειτα
1493 5253 1549 5306 δὲ
1585 5255 1654 5323 τῇ
1680 5251 1777 5304 καὶ
1823 5247 2128 5302 παιδευσα-

553 5339 692 5439 μένῃ
717 5363 815 5417 και
847 5357 1164 5430 θρεψαμένῃ
1221 5351 1396 5424 Σοφίᾳ
1422 5347 1559 5404 Θεοῦ
1595 5345 1835 5415 νεύμασι
1875 5339 2127 5394 ἀποδίδο-

547 5431 1000 5526 ταιτπαραδὸξως
1051 5447 1221 5518 εὐχῆς
1253 5444 1479 5504 ἔκϐασις
1533 5439 1704 5500 ὅντως
1769 5435 1866 5489 καὶ
1920 5431 2132 5500 σπλάγ-

552 5567 696 5625 χνων
726 5543 1012 5620 μητρικῶν
1042 5542 1373 5600 ἀνάπαυσις.

623 5616 739 5698 1Α¹ί
760 5616 914 5692 Ἐπεὶ
955 5635 1064 5706 γάρ
1099 5637 1133 5704 ἡ
1174 5631 1444 5704 παρθένος
1477 5623 1848 5695 συλληφθεῖσα
1909 5618 2050 5690 πρὸς
2073 5616 2136 5671 τὸ

559 5731 859 5804 μαρτύριον
889 5729 1077 5800 ἤγετο,
1104 5723 1318 5797 ἠγωνία
1355 5720 1454 5791 μὲν
1509 5715 1653 5785 ὑπὲρ
1692 5714 1866 5782 αὐτῆς
1903 5713 1934 5782 ἠ
1990 5709 2136 5764 διδά-

559 5826 756 5888 σκαλος
806 5819 996 5890 Σοφία,
1027 5818 1123 5873 καὶ⁴
1169 5814 1451 5875 ἐδεδοίκει,
1479 5810 1572 5864 καὶ
1603 5808 1821 5877 ἔτρεμε.
1868 5803 2122 5872 καθάπερ

555 5919 656 5972 οὐκ
693 5913 780 5969 ἐπ’
814 5911 1000 5979 ἐκείνῃ
1050 5906 1261 5973 λοιπὸν,
1285 5904 1400 5959 ἀλλ’
1431 5904 1488 5956 ὲν
1523 5902 1634 5962 τοῖς
1675 5899 1874 5966 ἑαυτῆς
1931 5893 2116 5962 μέλεσι

2255 1832 2327 1887 Χ.
2365 1829 2502 1886 Cum
2547 1824 2596 1878 ei
2649 1834 2798 1892 ergo,
2824 1828 3006 1886 utpar
3035 1819 3173 1874 erat,
3219 1807 3420 1877 egisset
3464 1801 3691 1873 gratias,
3715 1807 3773 1854 et

2187 1921 2386 1980 deinde
2417 1921 2661 1987 rogasset
2690 1890 2749 1964 uit
2774 1908 2919 1962 bono
2940 1904 3046 1956 ﬁne
3078 1897 3403 1954 terminaret
3423 1890 3771 1961 martyrium,

2194 2015 2458 2078 deinceps
2485 1981 2686 2062 tantem
2718 2014 2816 2070 pro
2859 1997 2927 2052 iis
2964 2006 3206 2064 quoque,
3235 1987 3331 2059 qui
3386 1991 3671 2056 a-grotant,
3702 1981 3775 2036 ad

2186 2123 2307 2164 eam
2338 2098 2642 2158 accessuris
2669 2091 3094 2151 intercessisset,
3134 2092 3190 2137 et
3222 2093 3412 2134 vocem
3445 2092 3475 2131 e
3505 2075 3646 2130 cmlo
3676 2089 3778 2128 au-

2189 2199 2437 2258 divisset,
2462 2205 2583 2262 quae
2612 2183 2972 2242 conﬁrmabat
2997 2180 3122 2231 data
3153 2173 3340 2235 fuisse,
3366 2185 3489 2240 quae
3517 2167 3776 2238 petebat:

2189 2289 2460 2360 Agedum,
2485 2280 2662 2350 inquit
2708 2273 2976 2337 carniﬁci,
3009 2269 3098 2324 fac
3129 2280 3250 2337 quae
3294 2271 3423 2318 sunt
3455 2262 3725 2330 imperata
3761 2275 3777 2313 :

2191 2355 2508 2449 et'linguam
2539 2367 2765 2441 porrigit
2793 2373 3021 2434 martyr,
3055 2373 3178 2428 quae
3203 2355 3387 2410 divina
3417 2366 3635 2421 semper
3664 2363 3753 2403 me

2191 2439 2487 2529 ditab-Jtur,
2523 2439 2578 2517 et
2596 2458 2917 2528 loquebatur
2951 2470 2964 2506 :
3002 2459 3058 2506 et
3077 2449 3283 2504 ferrum
3314 2459 3433 2499 eam
3463 2441 3637 2513 (proli
3682 2439 3784 2494 do.-

2191 2565 2276 2619 lor
2296 2563 2336 2631 ί)
2387 2555 2620 2612 mediam
2672 2545 2947 2605 exscindit
2998 2539 3270 2611 protinus.
3325 2533 3530 2590 Deinde
3593 2541 3782 2586 autem

2193 2621 2388 2710 dentes
2419 2658 2638 2718 quoque
2669 2637 2880 2696 excutit
2913 2653 2928 2690 :
2961 2633 3129 2703 [itque
3158 2628 3209 2684 ei
3241 2643 3303 2682 os
3323 2627 3447 2681 fons
3479 2621 3782 2693 sanguinis,

2194 2744 2288 2814 qui
2317 2754 2533 2811 sponsas
2549 2730 2756 2790 Christi
2791 2739 2960 2784 tutam
2988 2731 3198 2779 vestem
3220 2719 3404 2774 eﬂ‘ecit
3432 2729 3786 2788 purpuream,

2196 2848 2358 2906 atque
2401 2831 2542 2887 adeo
2576 2826 2768 2897 quavis
2797 2820 2944 2892 regia
2972 2829 3214 2888 purpura
3244 2806 3788 2882 pretiosiorem.Quo

2199 2905 2451 2998 tempore
2479 2922 2700 2985 dicitur,
2727 2930 2851 2972 cum
2881 2925 3080 2984 parum
3113 2905 3431 2965 deiecisset,
3460 2914 3656 2969 aquam
3691 2911 3790 2966 pe-

2201 2985 2377 3086 tiisse,
2432 3025 2489 3072 et
2537 3009 2838 3078 accepisse.
2879 3004 2981 3071 Qui
3029 3010 3214 3056 autem
3279 2991 3531 3065 praebuit,
3563 2987 3666 3043 fuit
3705 2985 3789 3039 vir

2201 3077 2448 3184 quidam,
2485 3104 2721 3178 Cyrillus
2740 3098 2989 3160 nomine,
3025 3092 3185 3162 cuius
3229 3087 3366 3142 adeo
3398 3097 3510 3138 non
3533 3077 3792 3148 eratpie-

2127 3207 2172 3267 C
2205 3168 2287 3260 tas
2320 3168 2634 3263 manifesta,
2662 3202 2724 3249 ut
2759 3191 2884 3246 talis
2913 3185 3134 3254 quidem
3153 3184 3441 3250 putaretur
3465 3173 3533 3227 ab
3564 3168 3790 3238 impiis:

2205 3296 2413 3364 alioqui
2451 3299 2655 3353 autem,
2679 3284 2826 3357 quod
2852 3280 2921 3336 ad
2947 3278 3146 3333 anima:
3190 3271 3389 3328 attinet
3421 3263 3790 3321 all‘ectionem,

2211 3352 2582 3444 ﬁdelissimus,
2614 3386 2670 3432 et
2699 3352 2754 3430 in
2801 3371 2994 3441 primis
3040 3366 3186 3436 pius.
3235 3363 3415 3426 Atque
3446 3355 3538 3409 ille
3570 3352 3791 3420 quidem

2206 3489 2460 3547 magnam
2489 3469 2692 3539 accipit
2719 3461 3028 3520 mercedem
3047 3471 3144 3528 pro
3171 3451 3368 3525 poculo
3395 3461 3546 3518 aqure
3562 3443 3791 3513 frigidae,

2206 3575 2262 3622 et
2289 3534 2352 3620 {5e
2381 3563 2518 3617 adeo
2566 3534 2659 3611 vili
2695 3553 2832 3609 emit
2878 3559 3140 3605 coronam
3186 3537 3458 3609 martyrii.
3495 3534 3629 3589 Nam
3669 3545 3794 3586 cum

2208 3656 2514 3727 accepisset
2543 3649 2781 3712 Probus,
2813 3641 2961 3714 quod
3006 3640 3053 3694 is
3079 3650 3191 3691 non
3222 3634 3406 3688 solum
3453 3627 3661 3683 fractus
3700 3637 3796 3677 na-

2208 3761 2344 3806 tura:
2377 3739 2773 3802 misericordia,
2795 3731 3008 3804 etquod
3041 3729 3396 3784 misereretur
3422 3719 3792 3776 membrorum

2208 3843 2427 3897 illorum
2465 3828 2902 3905 amputationis:
2939 3823 3036 3880 sed
3078 3819 3264 3892 potius
3294 3823 3520 3888 propter
3546 3809 3672 3866 fidei
3708 3821 3799 3861 so-

2209 3933 2487 3992 cietatem,
2532 3901 2766 3994 etquod
2806 3934 2919 3974 non
2958 3914 3256 3971 sustineret
3305 3906 3496 3962 videre
3529 3901 3610 3957 sic
3656 3911 3798 3967 aqua

2212 4022 2556 4092 indigentem
2604 4010 2916 4071 communis
2985 3999 3200 4059 Domini
3248 3997 3500 4054 ancillam
3561 3992 3799 4046 maxime

2213 4083 2550 4188 germanam,
2585 4104 2812 4176 martyri
2845 4110 3034 4174 potum
3078 4092 3427 4167 praebuisset,
3461 4083 3798 4141 Dominicqu

2215 4175 2268 4259 in
2301 4206 2406 4259 hoc
2435 4199 2669 4271 itnplens
2709 4175 3027 4252 mandatum
3052 4231 3068 4257 ,
3093 4188 3289 4246 mortis
3328 4186 3376 4240 ei
3409 4182 3570 4238 alIert
3595 4175 3804 4247 suppli-

2214 4301 2382 4357 cium.
2426 4293 2630 4351 Deinde
2661 4306 2788 4346 νει-ο
2810 4289 2914 4342 l‘ert
2935 4285 3096 4340 etiam
3120 4281 3366 4337 ultimam
3413 4276 3466 4329 in
3505 4281 3800 4341 martyrem

2216 4385 2566 4449 sententiam,
2617 4391 2674 4439 et
2726 4395 2848 4435 eam
2907 4376 3259 4434 condemnat,
3300 4375 3362 4422 ut
3413 4366 3578 4419 vitam
3626 4356 3806 4430 gladio

2221 4483 2393 4536 finiat.
2426 4477 2585 4545 Quod
2611 4474 2828 4543 quidem
2856 4485 2982 4526 cum
3011 4469 3214 4523 factum
3235 4469 3402 4524 esset,
3433 4467 3488 4514 et
3518 4463 3646 4511 ante
3671 4448 3806 4507 civi-

2223 4581 2390 4626 tatem
2419 4580 2637 4624 sacrum
2661 4562 2810 4618 illius
2856 4567 3024 4629 caput
3052 4556 3250 4610 luisset
3284 4558 3646 4618 amputatum,
3680 4555 3806 4597 cor-

2223 4681 2323 4732 pus
2355 4659 2580 4731 quidem
2600 4651 2917 4724 aliquandiu
2954 4647 3129 4720 jacuit
3157 4643 3309 4699 humi
3360 4639 3690 4710 neglectum,
3717 4632 3806 4687 in-

2223 4722 2426 4808 tactuiu
2455 4758 2660 4810 tamen,
2691 4722 2856 4812 atque
2903 4739 3044 4793 adeo
3098 4751 3129 4790 a
3172 4733 3297 4789 coeli
3331 4737 3388 4786 et
3429 4739 3589 4783 terrae
3615 4722 3807 4778 avibus

2224 4860 2288 4898 ac
2343 4839 2532 4896 bestiis
2568 4833 2927 4895 custoditum,
2957 4837 3019 4883 ut
3049 4841 3172 4896 qua;
3193 4816 3605 4895 quodammodo
3647 4827 3808 4867 reve-

2226 4942 2502 4993 rerentur,
2539 4943 2659 4998 quae
2711 4939 2812 4996 pro
2853 4922 3070 4976 illorum
3110 4925 3357 4972 creatore
3381 4913 3665 4979 acceperat
3706 4901 3811 4998 sti:

2229 4977 2502 4993 .....,...-.,
2543 4977 2656 4998 γ---
2713 4977 2800 4996 τη
3515 4977 3527 4979 ν

2228 5033 2404 5096 gmata
2430 5020 2745 5090 etinjurias.
2771 5013 2973 5069 Deinde
2988 5008 3228 5080 Sophim,
3250 5019 3372 5076 quae
3397 5016 3518 5057 eam
3533 4977 3813 5054 erudiera‘

2229 5127 2286 5173 et
2326 5085 2609 5176 educarat,
2641 5110 2738 5165 Dei
2787 5118 2923 5162 nutu
2969 5099 3366 5158 admirabiliter
3408 5091 3660 5148 redditur
3689 5085 3809 5156 ejus

2231 5206 2391 5277 plane
2437 5203 2663 5259 ellectus
2711 5197 3000 5261 orationis,
3054 5199 3112 5248 et
3159 5188 3380 5260 requies
3429 5188 3806 5239 maternorum

2233 5301 2528 5356 viscerum.

2311 5609 2405 5667 X1.
2439 5607 2578 5663 Cum
2606 5604 2752 5660 enim
2777 5602 2930 5672 virgo
2976 5593 3373 5667 comprehensa
3414 5587 3709 5644 duceretur
3739 5578 3811 5636 ad

2243 5700 2581 5772 martyrium,
2615 5713 2715 5766 pro
2752 5710 2816 5750 ea
2864 5691 3082 5763 quidem
3134 5684 3319 5740 animo
3361 5677 3660 5750 angebatur
3688 5672 3811 5741 ejus

2245 5763 2502 5865 magistra
2556 5763 2782 5859 sophia,
2845 5783 3179 5849 timebatque
3227 5783 3283 5830 et
3329 5763 3810 5828 contremiscebat,

2242 5897 2500 5954 tanquam
2529 5857 2645 5936 non
2668 5878 2756 5932 illa
2789 5874 3064 5943 deinceps,
3095 5868 3186 5924 sed
3235 5866 3347 5936 ipsa
3396 5861 3451 5916 in
3489 5857 3600 5914 suis
3630 5867 3802 5909 mem-
