4132 6452
447 449 585 511 1307

439 655 710 723 acciperet
769 658 1076 716 miserabile
1151 663 1283 719 illud
1350 667 1608 726 damnum
1669 691 2023 734 coronarum.

437 743 674 812 Ideoque
699 762 868 816 prona
899 750 1052 805 humi
1079 753 1368 827 jacens,in
1402 762 1524 832 igne
1547 767 1816 823 orationis
1847 779 1903 824 et
1931 787 2024 825 ca-

437 833 562 888 lidis
603 836 961 909 lacrymarum
1017 843 1362 915 ﬂuxionibus,
1393 851 1563 908 Deum
1613 860 1853 926 rogabat.
1898 878 2026 931 sup-

435 923 696 992 plicabat,
733 926 1082 998 obsecrabat,
1119 952 1187 990 ne
1223 952 1583 1009 superaretur
1608 958 1814 1019 .martyr
1838 966 1864 1004 a
1892 967 2024 1021 sup--

434 1014 635 1082 plieiis.
666 1014 960 1088 Postquam
1017 1035 1197 1080 autem
1233 1028 1520 1088 Anastasia
1568 1035 1678 1104 jam
1711 1014 2024 1109 pulcherri-

433 1114 583 1159 mum
619 1108 782 1162 ﬁnem
835 1113 1092 1182 imposuit
1141 1123 1419 1190 martyrio,
1454 1133 1510 1178 et
1543 1108 1763 1182 transiit
1813 1133 1877 1184 ad
1935 1149 2024 1188 su-

431 1207 634 1262 pernos
663 1199 954 1267 thalamos,
991 1213 1046 1258 et
1075 1208 1140 1260 ad
1175 1211 1328 1264 ﬁrma
1382 1213 1468 1266 illa
1523 1232 1585 1270 ac
1631 1219 1870 1284 stabilia,
1903 1239 2024 1292 quae

430 1282 843 1355 desiderantur,
875 1293 1037 1360 bona,
1070 1305 1201 1352 tunc
1225 1304 1493 1358 accedens
1527 1309 1752 1377 angelus
1786 1312 2020 1377 Domini,

430 1382 744 1447 magistram
781 1386 1039 1456 Sophiam
1077 1408 1104 1447 a
1139 1405 1286 1450 metu
1325 1398 1524 1455 liberat
1567 1411 1621 1456 et
1668 1420 1696 1457 a
1747 1408 1912 1470 euris,
1945 1418 2019 1476 et,

431 1475 576 1539 quod
616 1476 854 1532 maxime
885 1485 1129 1550 optabat.
1200 1496 1255 1540 et
1290 1499 1406 1543 erat
1436 1493 1483 1546 ei
1519 1495 1704 1550 auditu
1745 1497 1900 1568 longe
1929 1502 2025 1568 ju-

427 1565 852 1632 cundissitnum,
917 1573 1037 1642 ejus
1103 1577 1327 1634 auribus
1385 1581 1658 1639 instillans
1721 1590 2021 1657 renuntiat,

427 1669 628 1726 nempe
663 1661 887 1730 virginis
919 1673 1474 1729 consummationem.
1528 1675 1798 1735 Praeterea
1841 1692 2020 1737 autem

422 1761 547 1800 eam
580 1764 800 1820 quoque
829 1755 1052 1812 deducit
1081 1761 1148 1814 ad
1177 1763 1460 1832 reliquias,
1491 1777 1548 1822 et
1569 1771 1714 1838 quod
1743 1771 2023 1829 desidera-

423 1837 520 1892 bat
553 1845 837 1912 consequi,
873 1855 927 1901 et
961 1855 1424 1918 quemadmodum
1456 1837 1678 1930 optabat
1713 1864 1923 1930 videre,
1964 1867 2014 1921 ei

424 1931 594 1985 tradit
621 1934 886 2004 reliquias
921 1942 1014 1994 tali
1047 1957 1374 2006 ornamento
1416 1953 1802 2024 confessionis,
1843 1967 1896 2012 et
1927 1959 2016 2013 tali

421 2021 625 2077 amictu
677 2037 898 2084 ornatas
932 2037 1196 2105 martyrii.
1228 2040 1406 2108 Atque
1440 2043 1529 2097 illa
1581 2021 1802 2114 quidem
1833 2051 2016 2104 statim

420 2111 752 2172 circumfusa
800 2123 1074 2192 reliquiis,
1129 2143 1332 2199 easque
1370 2141 1512 2188 totas
1542 2111 1938 2206 complectens,
1964 2151 2020 2196 et

421 2219 591 2258 unum
658 2212 912 2281 quodque
955 2219 1260 2275 membrum
1314 2226 1469 2280 valde
1532 2231 1880 2296 exosculans,
1965 2241 2021 2288 et

418 2309 530 2361 pra:
580 2301 778 2367 gaudio
829 2318 891 2358 ac
919 2306 1194 2364 desiderio
1229 2315 1435 2370 calidas
1484 2319 1540 2372 in
1608 2335 1704 2375 eas
1728 2322 2017 2380 effundens

419 2383 703 2457 lacrymas,
745 2393 960 2452 dicebat
1004 2417 1016 2452 :
1053 2399 1186 2456 Filia
1239 2407 1664 2475 jucundissima,
1711 2413 1818 2468 tilia
1881 2417 2014 2471 mihi

419 2477 774 2550 charissima,
807 2485 937 2551 ﬁlia,
969 2505 1132 2558 quam
1164 2509 1267 2565 ego
1315 2497 1368 2550 in
1397 2501 1814 2570 exercitatione,
1854 2506 1908 2560 in
1940 2509 2016 2562 si-

417 2568 611 2634 lentio,
637 2585 693 2628 et
742 2575 793 2628 in
850 2578 1130 2637 laboribus
1193 2587 1420 2655 pulchre
1477 2591 1725 2660 educavi,
1761 2568 1861 2667 ago
1917 2598 2014 2654 tibi

417 2665 637 2731 gratias,
680 2669 826 2736 quod
860 2683 1109 2728 materna
1153 2690 1424 2749 prteeepta
1456 2699 1566 2737 non
1599 2665 2009 2759 eontenipsisti,

414 2757 559 2823 quod
604 2772 725 2832 quae
779 2761 1018 2830 pollicita
1079 2765 1282 2834 fueras,
1331 2771 1652 2837 observasti.
1701 2789 1756 2832 et
1814 2757 2012 2836 stetisti

415 2846 723 2913 promissis,
755 2865 858 2906 nec
883 2867 942 2907 es
990 2855 1156 2911 oblita
1215 2863 1549 2918 monitorum
1598 2883 1612 2918 :
1654 2867 1750 2922 sed
1781 2870 2004 2925 asdtistl

413 2933 633 2991 Christo
659 2955 864 3009 sponso
909 2952 1025 3012 tuo,
1060 2950 1393 3008 vestimento
1439 2956 1769 3026 virginitatis
1796 2961 2006 3028 induta,

417 3030 620 3083 variata
655 3031 999 3102 stigmatibus
1029 3043 1297 3112 martyrii,
1321 3045 1666 3104 circumdata
1705 3065 1910 3106 corona
1943 3068 2007 3108 ex

415 3118 689 3186 lapidibus
722 3125 977 3192 pretiosis
1015 3145 1028 3182 :
1059 3139 1114 3182 et
1142 3147 1292 3187 nunc
1342 3134 1557 3190 habitas
1588 3138 1644 3191 in
1676 3139 1797 3194 loco
1828 3141 2010 3196 taber-

1733 472 2022 537 MENSIS
2062 479 2406 546 OCTOBER

437 561 551 616 bris
575 572 719 618 esset
765 567 1013 622 subitura
1061 574 1382 641 martyrium
1417 592 1529 634 :nc
1565 579 1706 638 forte
1749 587 2015 653 emollita,
2054 597 2095 652 Α
2128 597 2354 670 τὴνμαρ

3577 504 3722 572 1308

2362 602 2552 671 τυρίαν
2574 605 2907 675 ὑφίστασθαι
2930 613 3227 681 μέλλουσα,
3255 615 3330 687 μή
3355 633 3508 683 ποτε,
3537 635 3721 676 κατα-

2135 691 2566 760 μαλακισθεῖσα,
2643 702 2744 768 τὴν
2797 702 3041 770 ἐλεεινὴ-ν
3077 707 3298 776 ἐκείνην
3347 708 3552 782 ὕποστῇ
3604 714 3733 765 τῶνι

2130 787 2414 855 στεφάνων
2445 787 2670 860 ζημίαν,
2699 794 2792 847 καὶ
2833 798 3050 867 πρηνὴς
3077 799 3170 852 ἐπὶ
3205 800 3300 855 τοῦ
3330 803 3560 872 ἐδάφους
3593 823 3724 859 κει-

2129 878 2292 947 μένη,
2350 881 2410 932 ἐν
2469 883 2604 952 πυρὶ
2655 891 2967 959 προσευχῆς
3045 891 3143 944 καὶ
3192 892 3423 963 θερμαῖς
3455 895 3726 967 δακρύων

2127 969 2419 1042 ἐπιρροαῖς
2472 974 2640 1028 ἐδεῖτο
2674 976 2766 1029 τοῦ
2807 978 2966 1045 Θεοῦ,
3017 981 3285 1050 ἱκέτευεν,
3310 987 3608 1054 ἠντιϐόλει,
3633 990 3719 1058 μὴ

2125 1064 2381 1130 ἀπειλαῖς
2414 1068 2770 1139 χειρωθῆναι,
2835 1073 2909 1142 μὴ
2961 1074 3280 1138 κολακείαις
3337 1077 3601 1139 ἐνδοῦναι,
3631 1082 3716 1151 μὴ

2125 1159 2410 1226 τιμωριῶν
2447 1161 2750 1233 ἡττηθῆναι
2782 1165 2881 1233 τὴν
2936 1169 3217 1236 μάρτυρα.
3255 1167 3348 1230 Ὠς
3382 1167 3438 1220 δὲ
3484 1170 3544 1222 τὸ
3580 1171 3712 1224 κάλ-

2125 1249 2307 1304 λιστον
2339 1252 2612 1319 ἐπέθηκεν
2657 1254 2757 1323 ἤδη
2795 1255 2948 1319 τέλος
2982 1259 3014 1328 ή
3065 1259 3400 1313 Ἀναστασία
3448 1261 3525 1331 τῷ
3564 1280 3716 1333 μαρ-

2124 1341 2296 1410 τυρίῳ
2325 1342 2420 1394 καὶ
2455 1342 2593 1412 πρὸς
2636 1345 2761 1405 τοὺς
2801 1345 2914 1398 ἄνω
2945 1347 3100 1416 διέϐη
3134 1348 3438 1417 θαλάμους,
3480 1354 3576 1404 καὶ
3611 1354 3718 1417 τὰς

2125 1430 2422 1501 ἀκινήτους
2494 1433 2709 1498 ἐκείνας
2767 1437 3052 1500 παστάδας
3113 1439 3208 1492 καὶ
3265 1444 3334 1494 τὰ
3393 1442 3718 1512 ποθούμενα

2124 1523 2327 1598 ἀγαθὰ,
2352 1525 2471 1578 τότε
2501 1526 2594 1578 καλ¹
2627 1527 2860 1594 ἄγγελος
2915 1531 3309 1599 παρεμϐαλὼν,
3341 1533 3571 1586 ἀπολύει
3611 1537 3716 1604 τὴν

2125 1613 2448 1669 διδάσκαλον
2487 1616 2689 1684 Σοφίαν
2742 1617 2834 1670 τοῦ
2883 1619 3051 1686 φόϐου
3096 1621 3192 1674 καὶ
3221 1621 3331 1674 τῶν
3382 1624 3714 1691 φροντίδων,

2129 1709 2314 1761 καὶτὸ
2368 1712 2629 1766 ποθεινὸν
2689 1715 2826 1785 αὐτῇ
2891 1716 2985 1767 καὶ
3035 1715 3256 1785 ἥδιστον
3308 1715 3561 1786 ἄκουσμα
3619 1719 3717 1771 καὶ

2385 580 2426 596 μ

2122 1795 2328 1862 ἄφατον
2379 1797 2553 1859 ὅντως
2615 1802 2937 1872 γλυκύτητα
3003 1806 3118 1864 τοῖς
3195 1805 3533 1875 σπλάγχνοις
3582 1808 3713 1858 ἐνα-

2049 1929 2094 1988 B
2126 1887 2423 1954 ποστὰζον,
2463 1891 2736 1956 εὐκταίως
2785 1895 3222 1963 εὐαγγελίζεται,
3269 1895 3370 1965 τῆς
3427 1897 3713 1967 παρθένου

2127 1983 2271 2051 φημὶ
2306 1985 2405 2054 τὴν
2429 1984 2734 2040 τελείωσιν.
2757 1986 2880 2040 Ἔτι
2937 1986 2994 2039 δέ
3032 1988 3126 2041 καὶ
3156 1988 3350 2058 ὁδηγὸς
3401 1989 3536 2059 αὐτῇ
3568 1990 3714 2060 πρὸς

2121 2076 2181 2128 τὸ
2215 2076 2468 2145 λείψανον
2495 2077 2725 2144 γίνεται,
2756 2079 2850 2133 καὶ
2882 2075 2943 2134 οὗ
2969 2084 3155 2151 τυχεῖν
3207 2083 3395 2135 ἐπόθει
3422 2123 3437 2148 ,
3470 2083 3566 2135 καὶ
3592 2083 3708 2136 ὥσ·-

2121 2186 2226 2238 περ
2285 2170 2414 2222 ἰδεῖν
2468 2169 2692 2241 ηὔχετο,
2723 2171 2899 2237 οὕτως
2954 2174 3093 2244 αὐτῇ
3145 2176 3242 2228 καὶ
3274 2175 3335 2228 τὺ
3371 2175 3713 2246 ποθούμενον

2120 2261 2439 2326 ἀποδίδωσι,
2485 2261 2713 2331 τοιούτῳ
2744 2264 2844 2334 τῆς
2878 2265 3194 2335 ὁμολογίας
3226 2265 3442 2336 κόσμῳ,
3474 2267 3706 2338 τοιαύτῃ

2117 2350 2210 2402 τοῦ
2237 2352 2538 2422 μαρτυρίου
2578 2354 2738 2424 στολῇ
2771 2357 3191 2426 σεμνυνόμενον.
3236 2357 3454 2426 Ἐκείνη
3483 2357 3576 2409 οὖν
3632 2359 3711 2420 ὡς

2118 2438 2264 2513 εἶχεν
2301 2444 2464 2507 εὐθὺς
2493 2445 2571 2515 τῷ
2628 2445 2872 2518 λειψὰνῳ
2925 2448 3304 2519 περιχυθεῖσα,
3337 2449 3435 2500 καὶ
3467 2448 3564 2514 ὅλη
3599 2448 3711 2518 ὅλῳ

2117 2537 2431 2608 προσφῦσα,
2458 2539 2554 2590 καὶ
2589 2539 2838 2606 σφοδρῶς
2865 2539 3100 2593 ἕκαστον
3135 2540 3297 2610 μέλος
3325 2539 3710 2609 καταφιλοῦσα

2116 2629 2213 2681 καὶ
2273 2631 2453 2700 χαρᾶς
2509 2631 2599 2684 ἐπ’
2658 2633 2844 2697 αὐτοῖς
2902 2634 3000 2686 καὶ
3054 2634 3223 2687 πόθου
3259 2633 3479 2704 δάκρυα
3523 2632 3714 2703 θερμὰ

2115 2723 2336 2791 χέουσα,
2365 2724 2588 2789 Τέκνον,
2619 2724 2796 2793 ἔλεγε,
2826 2726 3102 2792 ποθεινὸν,
3125 2727 3316 2780 τέκνον
3345 2725 3478 2795 ἐμὸν
3505 2726 3710 2777 πολυέο

2117 2833 2337 2884 ραστον,
2393 2819 2610 2880 τέκνον,
2658 2818 2798 2888 ὅπερ
2855 2819 2968 2886 ἐγὼ
2996 2818 3178 2881 καλῶς
3232 2819 3468 2888 ἀσκήσει
3504 2819 3600 2870 καὶ
3638 2819 3705 2888 ἡ·

2116 2908 2297 2979 συχίᾳ,
2349 2909 2444 2962 καὶ
2501 2914 2687 2974 πόνοις
2747 2911 3188 2982 ἀνεθρειῐιιόιμην⁸
3224 2909 3542 2980 εὐχαριστῶ
3598 2927 3708 2974 σοι,

2111 3014 2194 3066 ὅτι
2245 3015 2528 3085 μητρικὰς
2584 3014 2808 3078 ἐντολὰς
2841 3013 2901 3067 ού
2936 3015 3216 3086 παρεῖδες,
3267 3015 3366 3067 οὒκ
3428 3013 3708 3084 ήθέτησας

2112 3109 2212 3172 τὰς
2260 3107 2619 3176 ἐπαγγελίας,
2668 3107 2768 3160 οὐκ
2827 3106 3045 3176 ἐψεύσω
3086 3107 3184 3170 τὰς
3217 3106 3566 3176 ὑποσχέσεις,
3603 3104 3710 3157 οὐκ

415 3212 595 3264 naeuli
627 3214 988 3284 admirabilis,
1022 3220 1078 3273 in
1112 3223 1275 3279 domo
1307 3226 1490 3296 gloriae
1527 3228 1767 3296 Domini,
1799 3233 1892 3286 ubi
1925 3243 2008 3288 est

2112 3204 2384 3258 ἐπελάθου
2433 3205 2542 3258 τῶν
2591 3204 2978 3276 παραινέσεων
3003 3223 3018 3237 ο
3050 3205 3190 3259 ἀλλὰ
3244 3204 3534 3276 παρέστης
3563 3204 3706 3274 Χριη

2118 3297 2220 3322 __.".
2252 3298 2326 3322 _.".
2362 3297 2580 3322 -....---ι..
2617 3307 2626 3322 ι
2652 3315 2729 3322 --η
2792 3301 2848 3322 ι..
2897 3297 3178 3322 2--__-_...“.
3230 3299 3331 3322 -2-
3397 3299 3657 3322 _.._n-.._--
3693 3319 3702 3322 -

415 3304 676 3362 habitatio
711 3307 1032 3368 Letantium.
1070 3313 1365 3386 Propterea
1397 3336 1531 3392 rogo
1583 3332 1658 3391 te,
1690 3325 1854 3380 chara
1887 3328 1995 3383 [ilia

414 3405 466 3448 et
496 3406 669 3453 mater
697 3403 957 3470 spiritalis
993 3407 1096 3476 (sic
1125 3413 1271 3464 enim
1331 3419 1384 3467 te
1436 3416 1693 3472 invocare
1738 3428 1823 3474 est
1869 3419 2007 3475 mihi

410 3491 878 3559 convenientius),
910 3506 1032 3552 esto
1085 3501 1219 3555 mihi
1277 3501 1333 3556 in
1371 3503 1478 3560 hac
1514 3507 1668 3563 brevi
1703 3519 1756 3564 et
1799 3511 2005 3567 caduca

411 3577 526 3632 vita
556 3581 694 3635 bona
723 3586 908 3640 nutrix
943 3593 1269 3658 senectutis,
1305 3605 1361 3650 et
1386 3613 1486 3666 pro
1515 3615 1604 3654 me
1650 3599 1714 3655 ad
1740 3610 2003 3658 aeternam

411 3669 577 3723 vitam
614 3679 1039 3747 transmigrante
1096 3682 1427 3754 intercedas,
1462 3705 1815 3748 communem
1864 3693 2005 3750 mihi

412 3759 642 3828 placatis
671 3763 988 3824 Dominum.

2113 3297 2224 3368 στῷ
2251 3298 2335 3367 τῷ
2362 3297 2583 3368 νυμφίῳ
2617 3307 2754 3366 ἴσου,
2789 3301 2848 3352 ἐν
2897 3297 3181 3370 ἱματισμῷ
3228 3299 3331 3370 τῆς
3396 3299 3702 3368 παρθενίας

2110 3390 2580 3463 περιϐεϐλημένη,
2626 3393 2741 3453 τοῖς
2806 3393 3075 3463 στίγμασι
3106 3392 3202 3446 τοῦ
3241 3392 3551 3464 μαρτυρίου
3586 3411 3692 3446 πε-

2110 3484 2460 3554 ποικιλμένη,
2492 3485 2762 3552 στέφανον
2802 3486 2866 3538 ἐκ
2899 3484 3066 3538 λίθων
3087 3487 3288 3555 τιμίων
3309 3488 3696 3558 περικειμένη*

2109 3577 2207 3632 καὶ
2239 3577 2335 3631 νῦν
2364 3577 2534 3639 οἰκεῖς
2563 3579 2620 3630 ἐν
2650 3566 2801 3648 τόπῴ
2836 3580 3048 3649 σκηνῆς
3093 3579 3440 3648 θαυμαστῆς,
3471 3582 3530 3635 ἐν
3565 3579 3705 3649 οἴκῳ

2107 3669 2266 3740 δόξης
2298 3668 2529 3739 Κυρίου,
2559 3668 2691 3722 ἔνθα
2724 3669 3176 3740 εὐφραινομένων
3208 3671 3240 3738 ἡ
3279 3671 3563 3724 κατοικία.
3599 3671 3706 3724 Διᾶ

2112 3761 2274 3815 τοῦτό
2325 3779 2418 3814 σου
2451 3762 2666 3832 δέομαι,
2719 3759 2960 3833 θύγατερ
3005 3762 3137 3832 φίλη
3196 3765 3296 3816 καὶ⁵
3349 3763 3704 3834 πνευματικὴ

414 3852 588 3924 μῆτερ
647 3857 812 3929 (οὕτω
873 3863 986 3932 γὰρ
1026 3866 1418 3925 ἅνακαλεῖσθαί
1475 3893 1565 3945 μοι
1623 3875 1828 3946 μᾶλλον
1855 3877 2318 3950 ἁρμοδιώτερον),
2355 3877 2518 3948 γενοῦ
2549 3895 2642 3948 μοι
2692 3875 2792 3930 καὶ
2844 3877 2944 3947 τῆς
2979 3877 3274 3950 ἐπικαίρου
3319 3879 3529 3948 ταύτης
3550 3879 3704 3950 ζωῆς

409 3942 590 4016 ἀγαθῆ
650 3955 989 4022 γηροτρόφος
1032 3959 1296 4032 καὶπρὸς
1335 3963 1434 4035 τὴν
1475 3942 1658 4022 Ἵάἲδνιον
1693 3942 2107 4041 μεταφοιτώσῃ,
2152 3942 2378 4041 μεσίτης
2429 3942 2560 4040 ἅμα.
2604 3969 2700 4023 καὶ
2751 3970 2986 4039 πρέσϐις
3014 3970 3125 4040 ⁸τὸν
3171 3971 3353 4026 κοινὸν
3400 3973 3526 4040 ἐμοὶ
3565 3975 3704 4024 Δεσ-

411 4035 582 4105 πότην
613 4039 925 4116 ἱλεουμένη.

479 4130 595 4186 XII.
628 4133 755 4190 Haec
781 4138 869 4192 illa
902 4141 1138 4199 filiorum
1165 4161 1380 4214 amans,
1413 4151 1613 4222 piaque
1652 4169 1716 4208 ac
1745 4154 2002 4227 religiosa

409 4235 572 4285 auus,
603 4239 723 4294 quae
768 4229 1002 4296 sciebat,
1036 4235 1110 4288 ita
1158 4246 1223 4292 'ut
1273 4250 1496 4310 oportet
1545 4243 1685 4300 ﬁlias
1717 4261 1912 4315 parere
1948 4254 2003 4301 et

410 4312 667 4382 educare,
710 4335 834 4374 cum
881 4323 1110 4380 dixisset
1157 4333 1404 4401 martyri,
1458 4343 1513 4388 et
1564 4351 1685 4389 eam
1738 4337 2002 4393 senilibus

407 4407 658 4475 amplexa
705 4422 849 4467 esset
893 4426 948 4470 et
1000 4425 1404 4489 composuisset
1452 4428 1706 4483 manibus
1756 4448 1770 4484 :
1817 4439 2002 4501 egeret

2176 4152 2482 4206 1Β¹.Ταῦτα
2511 4152 2544 4222 ἠ
2575 4151 2835 4220 φιλόπαις
2867 4151 3053 4224 ἐκείνη
3088 4152 3269 4224 γραῦς
3298 4155 3394 4208 καὶ
3422 4154 3700 4224 φιλόθεος.

2104 4248 2198 4300 καὶ
2228 4245 2444 4300 ὠδίνειν
2474 4245 2550 4310 ὼς
2570 4245 2684 4316 ,χρὴ
2722 4245 2818 4298 καὶ
2848 4246 3228 4315 παιδαγωγεῖν
3256 4248 3432 4302 εἰδυῖα
3453 4253 3519 4320 τῇ
3545 4252 3694 4320 μάρφ

2101 4357 2226 4410 τυρι
2259 4337 2511 4412 εἰποῦσα,
2538 4340 2634 4392 καὶ
2663 4339 2823 4409 χερσὶ
2849 4338 3253 4408 πρεσϐυτικαῖς
3283 4358 3345 4394 τε
3381 4343 3479 4395 καὶ
3507 4359 3695 4414 γηρα-

2101 4430 2251 4493 λέαις
2296 4430 2468 4499 αὐτὴν
2519 4429 2944 4501 ἀγκαλισαμένη
2974 4431 3072 4484 καὶ
3103 4433 3528 4503 περιστείλασα,
3565 4436 3698 4489 ἐπεὶ

406 4507 588 4554 autem
623 4517 810 4571 manu,
841 4523 963 4576 quze
993 4510 1041 4564 ei
1073 4511 1364 4571 inserviret
1400 4520 1455 4572 in
1486 4521 1882 4578 transferendis
1905 4538 1993 4577 re-

406 4588 582 4609 νην,
693 4604 702 4609 _
1118 4602 1129 4609 .
1279 4606 1312 4609 --
1360 4607 1366 4609 -

2110 4522 2286 4594 χειρὸς
2317 4521 2516 4593 ἠπόρει
2546 4525 2610 4592 τῇ
2648 4522 2994 4594 μετακομιδῇ
3042 4524 3138 4578 τοῦ
3201 4525 3462 4595 λειψάνου
3508 4529 3699 4584 διακο-

406 4588 610 4659 liquiis,
651 4604 707 4647 ut
732 4612 854 4664 qua:
885 4609 1054 4667 esset,
1087 4602 1232 4659 sicut
1261 4606 1525 4680 diximus,
1558 4611 1762 4674 vetula,
1789 4621 1844 4666 et
1891 4612 1994 4681 ipsi

403 4679 586 4748 potius
619 4691 766 4737 esset
807 4701 948 4756 opus
995 4705 1162 4746 manu
1208 4679 1551 4764 etxlbaculor:
1579 4699 1839 4770 nullaque
1892 4679 1996 4770 ipsi

403 4784 592 4824 earum
623 4781 1172 4844 transportandarum
1205 4791 1547 4857 {suppeteret
1588 4793 1749 4857 ratio,
1784 4803 1840 4847 et
1870 4793 1996 4849 ideo

403 4869 571 4915 staret
601 4867 744 4933 apud
776 4883 834 4923 se
865 4885 1007 4942 azgre
1038 4873 1316 4942 ferens,et
1334 4881 1519 4936 animo
1545 4883 1730 4947 anxia,
1763 4894 1993 4953 repente

401 4950 511 5005 duo
540 4956 763 5023 quidam
797 4962 900 5016 viri
930 4965 1309 5036 advenientes,
1355 4981 1411 5026 et
1441 4974 1619 5030 forma
1666 4985 1721 5030 et
1749 4979 1992 5034 moribus

400 5048 718 5106 reverendi.
743 5055 951 5109 sanctis
988 5060 1241 5116 manibus
1270 5064 1530 5134 subjectis
1572 5067 1844 5136 reliquiis,
1883 5069 1991 5126 eis-

400 5149 507 5202 que
536 5153 658 5191 cum
688 5141 805 5209 ipsa
831 5147 1081 5216 sublatis,
1115 5169 1289 5222 prope
1317 5156 1510 5211 urbem
1544 5157 1773 5213 Romam
1806 5163 1991 5232 splen-

400 5225 526 5279 dide
576 5241 631 5283 et
673 5231 975 5293 honoriﬁce
1021 5242 1393 5311 deposuerunt
1431 5288 1446 5312 ,
1482 5251 1551 5303 ad
1614 5225 1852 5323 gloriam
1895 5255 1989 5309 Dei

399 5315 596 5381 Patris,
623 5330 679 5374 et
709 5322 922 5382 Domini
959 5337 1128 5388 nostri
1152 5335 1280 5394 Jesu
1310 5340 1514 5396 Christi
1550 5384 1565 5410 ,
1613 5315 1739 5399 cum
1776 5363 1904 5416 quo,
1935 5355 1990 5403 et

400 5419 524 5461 cum
551 5423 743 5467 sancto
768 5414 976 5486 Spiritu
1009 5423 1085 5478 illi
1117 5427 1190 5482 sit
1228 5429 1406 5488 honor
1440 5442 1494 5489 et
1517 5437 1758 5505 potentia
1794 5414 1847 5492 in
1882 5455 1985 5494 sa:-

399 5495 520 5553 cula
551 5503 902 5564 saeculorum.
935 5511 1132 5569 Amen.

2099 4615 2327 4684 νούσης,
2357 4613 2585 4685 γηραιὰ,
2613 4615 2869 4686 καθάπερ
2903 4615 3144 4688 ἔφημεν,
3175 4612 3334 4684 οὖσα,
3379 4619 3473 4672 καὶ
3505 4621 3697 4690 χειρὸς

2095 4709 2234 4778 αὐτῇ
2280 4707 2485 4779 μᾶλλον
2515 4709 2746 4781 δεομένη
2805 4711 2905 4764 καὶ
2967 4711 3311 4780 βακτηρίας·
3340 4713 3468 4766 ἐπεὶ
3509 4712 3695 4766 τοίνυν

2093 4801 2267 4863 οὕτως
2296 4796 2412 4871 εἶχε
2443 4803 2576 4872 περὶ
2615 4804 2720 4872 τὴν
2775 4803 3156 4875 μετακομιδὴν
3203 4803 3535 4874 ἀμηχάνως,
3588 4805 3690 4859 καὶ

2095 4894 2250 4964 παρὰ
2298 4894 2462 4947 τοῦτο
2522 4896 2770 4964 εἱστήκει
2805 4895 3245 4965 δυσχεραίνουσα
3299 4897 3424 4950 καθ’
3455 4897 3689 4967 ἑαυτὴν,

2091 4988 2186 5040 καὶ
2223 4987 2529 5058 ἀνιωμένη,
2559 4988 2717 5055 ἄφνω
2762 4988 2859 5042 δύο
2907 4989 3059 5053 τινὲς
3105 4990 3436 5053 ἐπιστάντες
3487 4991 3688 5061 ἄνδρες

2092 5078 2187 5130 καὶ
2221 5078 2283 5130 τὸ
2323 5077 2465 5141 εἶδος
2515 5080 2611 5132 καὶ
2635 5078 2728 5133 τὸν
2784 5080 2990 5150 τρόπον
3054 5081 3355 5157 αίδέσιμοι,
3402 5084 3596 5154 χεῖράς
3624 5101 3687 5136 τε

2088 5169 2167 5239 τῷ
2201 5169 2440 5238 λειψάνῳ
2462 5170 2796 5243 ὑποσχόντες
2826 5173 2983 5236 ὁσίας
3028 5176 3126 5226 καὶ
3159 5173 3322 5227 τοῦτο
3366 5175 3685 5244 ἀνελόμενοι

2092 5263 2191 5315 σὺν
2221 5265 2386 5338 αὐτῇ,
2410 5265 2646 5334 ἐχόμενα
2679 5265 2779 5334 τῆς
2808 5265 3018 5328 πόλεως
3061 5265 3286 5336 Ῥώμης
3316 5267 3594 5336 λαμπρῶς
3618 5285 3686 5321 τε

2089 5355 2183 5408 καὶ
2211 5355 2515 5424 φιλοτίμως
2562 5356 2878 5414 κατέθεντο.
2907 5359 3004 5419 Είς
3064 5358 3224 5422 δόξαν
3271 5357 3411 5411 Θεοῦ
3465 5359 3684 5426 [ἰατρὸς

2091 5446 2187 5500 καὶ
2219 5446 2428 5516 Κυρίου
2506 5445 2678 5517 Ἰησοῦ
2708 5447 2974 5517 Χριστοῦ,
3003 5447 3126 5519 μεθ’
3165 5441 3234 5500 ὀὗ
3276 5448 3439 5517 τιμὴ,
3473 5449 3684 5517 κράτος

2093 5540 2190 5591 σὺν
2211 5539 2352 5610 ἁγίῳ
2392 5538 2678 5608 Πνεύματι
2722 5543 2803 5604 εἱς
2832 5541 2960 5603 τοὺς
3020 5539 3225 5604 αἰῶνας
3279 5539 3390 5595 τῶν
3438 5538 3679 5594 αἰώνων.

2103 5631 2159 5681 Ἀ
2171 5631 2298 5700 μήν.
