4132 6450
478 462 609 528 1309
1335 461 1807 522 MARTYRIUM
1846 461 1951 525 SS.
1998 459 2310 523 ZENt)BII
2358 461 2455 521 ET
2489 458 2863 520 ZENOBIE.
3610 457 3747 524 1310

488 627 3731 664 Μ

3026 684 3059 697 α.

1099 796 1732 889 ΜΑΡΤΪῬΙΟΝ
1813 795 2044 883 ΤΟΥ
2113 795 2457 881 ΑΓΙΟΥ
2529 791 3113 883 ΜΑΡΤΥΡΟΣ

1681 990 2541 1125 ΖΗΝΟΒΙΟΥ

1428 1225 1553 1281 ΚΑΙ
1603 1223 1953 1281 ΖΗΝΟΒΙΑΣ
1994 1222 2131 1279 ΤΗΣ
2171 1223 2487 1280 ΔΔΕΑΦΗΣ
2526 1221 2784 1282 ΑΥΤΟΥ.

2058 1413 2134 1428 δέ

1106 1585 1514 1678 MARTY
1540 1589 1847 1682 BIUM
1948 1589 2366 1681 SANCTI
2500 1586 2988 1682 MABTYB
3014 1589 3115 1679 [S

1596 1952 1599 1953 θ
1709 1808 2487 1965 ΖΕΝΟΒΙΙ

1494 2074 1601 2140 ΕΤ
1666 2076 2042 2140 ZENOBUE
2095 2079 2281 2141 EJUS
2336 2078 2708 2143 SORORIS.

1016 2243 1218 2307 (Latine
1248 2257 1328 2306 ap.
1353 2242 1556 2293 Surinm
1579 2243 1639 2292 ad
1663 2241 1799 2293 diem
1829 2242 1891 2292 30
1916 2242 2164 2302 Octobris,
2186 2244 2360 2295 Graiae
2386 2256 2449 2295 ex
2475 2246 2583 2296 cod.
2621 2261 2712 2298 ms.
2738 2247 2901 2299 Paris.
2937 2263 2988 2299 u.
3017 2249 3181 2312 1480.)

532 2393 610 2449 λ’.
642 2392 808 2463 Αίγαὶ
837 2391 992 2456 πόλις
1041 2393 1190 2446 ἐστὶν
1231 2395 1328 2447 ἐπὶ
1372 2395 1561 2467 κόλπῳ
1621 2395 1721 2464 μὲν
1750 2395 1831 2465 τῷ
1872 2393 2044 2465 Ἰονίῳ
2072 2397 2121 2453 Α

2110 2430 2121 2453 ι
2219 2394 2260 2447 Ι.
2300 2395 2453 2466 Αἰεω
2481 2404 2565 2451 est
2596 2397 2810 2461 civitas,
2841 2412 2965 2468 quae
2996 2401 3103 2454 sita
3148 2398 3374 2469 quidem
3403 2411 3488 2457 est
3515 2401 3568 2456 in
3615 2405 3742 2462 sinu

464 2488 718 2559 κειμένη,
748 2485 856 2541 ὑπὸ
882 2486 1128 2541 Κιλίκων
1156 2486 1212 2538 δὲ
1235 2487 1531 2556 οἰκουμένη
1556 2504 1572 2519 ·
1597 2482 1669 2559 ἦς
1698 2487 1762 2542 τὸ
1781 2487 1885 2558 μὲν
1908 2488 2049 2557 πρὸς

2151 2484 2359 2552 Ionico,
2409 2487 2690 2542 habitatur
2748 2498 2934 2543 autem
2992 2505 3024 2545 a
3078 2490 3400 2547 Cilicibus:
3457 2494 3615 2563 cujus
3675 2506 3741 2552 ea

464 2583 692 2653 ἤπειρον
720 2580 783 2633 οὐ
816 2579 972 2645 πολὺ,
1012 2579 1273 2632 πλατεῖαν
1304 2578 1363 2632 δὲ
1398 2580 1492 2632 καὶ
1527 2578 1731 2641 ἱκανῶς
1758 2581 1841 2642 είς
1875 2579 2050 2649 μῆκος

2144 2593 2276 2647 pars
2296 2578 2541 2647 quidem,
2574 2594 2700 2649 quae
2723 2581 2899 2652 vergit
2943 2576 3017 2637 ad
3055 2583 3461 2651 continentem,
3498 2601 3610 2640 non
3654 2596 3742 2643 est

464 2673 757 2742 διήκουσαν
781 2670 809 2723 ὁ
852 2669 950 2740 τῆς
972 2668 1215 2738 γείτονος
1239 2668 1521 2739 Θαλάσσης
1541 2669 1712 2739 ὅρμος
1737 2667 2047 2740 ἐκδέχεται.

2148 2682 2390 2740 magna:
2434 2670 2597 2726 latam
2647 2674 2831 2727 autem
2863 2680 2919 2727 et
2971 2685 3280 2741 porrectam
3338 2677 3397 2730 in
3450 2678 3584 2733 satis
3626 2695 3743 2733 nta-

461 2760 612 2832 Λῦτη
642 2761 734 2815 τὸν
768 2761 1038 2831 μακάριον
1078 2760 1336 2828 Ζηνόὸιον
1366 2761 1592 2828 ἦνεγκε,
1650 2761 1902 2830 πατέρων
1932 2760 2050 2814 θεο-

2150 2776 2318 2830 gnam
2354 2761 2700 2817 latitudinem
2736 2763 3031 2835 propinqui
3068 2766 3238 2821 maris
3286 2777 3479 2836 portus
3511 2768 3736 2838 excipit.

462 2853 634 2924 φιλῶν
701 2852 987 2921 γεγονότα,
1022 2849 1180 2921 ῥίζης
1212 2850 1423 2920 ἀγαθῆς
1455 2851 1626 2916 ὅντως
1676 2851 1885 2920 ἀγαθὸν
1914 2851 2049 2922 βλά-

2146 2851 2216 2907 Ει
2248 2852 2368 2908 tulit
2402 2854 2622 2909 beatum
2659 2853 2967 2912 Zenobiam
2996 2896 3011 2920 ,
3044 2869 3237 2912 natum
3284 2873 3352 2913 ex
3403 2858 3509 2926 piis
3540 2873 3741 2929 paren-

464 2962 669 3016 στημα.
717 2945 930 3009 Ὅστις,
973 2942 1451 3013 τετελευτηκότων
1491 2943 1645 3014 αὐτῷ
1674 2944 1786 2997 τῶν
1816 2943 2045 3012 γονέων,

2148 2947 2318 3011 tibus,
2363 2946 2569 3002 radicis
2624 2947 2786 3003 bona:
2836 2962 3030 3003 revera
3084 2949 3292 3004 bonum
3340 2964 3586 3020 germen.
3631 2950 3738 3016 Qui

461 3036 614 3103 παρὰ
671 3035 752 3106 τῷ
799 3035 940 3107 πρὸς
995 3035 1213 3108 ’πατρὸςΙ
1240 3035 1636 3091 καταλέλειπτο
1689 3035 1841 3106 θείῳ.
1885 3036 1945 3090 '0
1989 3036 2047 3091 δὲ

2147 3053 2273 3093 cum
2318 3037 2705 3103 decessissent,
2748 3038 2794 3094 is
2842 3040 3069 3095 relictus
3116 3038 3222 3095 fuit
3263 3042 3409 3110 apud
3455 3049 3735 3111 patruum.

463 3126 607 3189 θεῖος
632 3126 853 3196 ἀληθῶς
881 3124 955 3180 ὢν
985 3127 1082 3180 καὶ
1113 3126 1404 3196 φιλάρετος
1447 3125 1760 3197 ἄνθρωπος,
1793 3127 1894 3196 τῆς
1939 3144 2046 3180 πα-

2146 3128 2382 3184 Patrnns
2405 3144 2560 3193 vero,
2589 3144 2714 3184 cum
2745 3137 2891 3185 esset
2926 3144 3117 3185 revera
3148 3130 3233 3185 vir
3264 3131 3507 3195 divinus,
3542 3141 3599 3186 et
3627 3132 3741 3187 vir-

459 3217 645 3289 τρῴας
694 3217 839 3290 ὁρῶν
886 3217 979 3272 τὸν
1043 3217 1214 3271 παῖδα
1263 3216 1576 3283 θεοσεϐείας
1624 3219 1906 3289 ἐχόμενον,
1954 3219 2048 3272 καὶ

2150 3221 2279 3277 tutis
2315 3220 2618 3286 studiosus,
2648 3220 2840 3275 videns
2869 3236 3103 3290 puerum
3143 3224 3250 3278 rite
3291 3231 3611 3292 sequentem
3642 3238 3741 3290 pa-

461 3309 652 3381 ῶσπερ
674 3309 773 3379 τῆς
803 3310 1050 3379 κτήσεως
1078 3308 1240 3362 αὐτὸν
1260 3308 1506 3379 ἀπάσης,
1537 3309 1683 3362 οὕτω
1724 3310 1788 3381 δὴ
1823 3310 1919 3363 καὶ
1946 3311 2047 3380 τῆς

2148 3323 2359 3370 lernam
2386 3314 2671 3384 pietatem,
2699 3321 2757 3368 et
2780 3315 3062 3382 quomodo
3089 3315 3363 3370 universa:
3390 3315 3514 3382 eius
3554 3315 3737 3369 luere-

462 3399 667 3469 ἀρετῆς
702 3400 885 3471 πάσης
923 3398 1285 3468 κληρονόμον,
1313 3400 1381 3468 τῇ
1408 3398 1589 3468 οἰκεία
1610 3400 2045 3473 θυγατρὶθέκλῃ

2145 3405 2354 3469 ditatis,
2405 3403 2482 3457 ita
2529 3402 2696 3457 etiam
2735 3402 2956 3457 virtutis
3006 3401 3217 3457 factum
3263 3418 3388 3459 esse
3436 3403 3735 3467 baeredem,

460 3492 650 3547 τοῦτον
698 3494 1000 3564 ἡρμόσατο,
1057 3489 1252 3559 ζεῦγος
1289 3490 1409 3560 6εῷ
1469 3491 1623 3559 φίλον
1671 3492 1765 3544 ἐπ’
1793 3492 2047 3564 εὐσεόείᾳ

2147 3496 2294 3553 aﬂini
2345 3510 2456 3550 suae
2479 3494 2697 3549 Thecla:
2723 3510 2848 3549 eum
2897 3497 3203 3564 respondit,
3241 3511 3339 3565 par
3381 3497 3494 3550 Deo
3522 3506 3735 3567 gratum

460 3583 554 3638 καὶ
584 3583 754 3636 πᾶσιν
805 3580 1035 3648 ἀγαθοῖς
1084 3578 1271 3650 ἔργοις
1305 3580 1601 3650 ἐπίσημον.
1631 3582 1898 3635 Γεννᾶται
1931 3600 2045 3637 τοι·

2146 3595 2373 3657 propter
2403 3587 2683 3656 pietatem,
2718 3596 2772 3640 et
2822 3586 3039 3656 insigne
3092 3586 3255 3642 bonis
3296 3587 3555 3643 omnibus
3600 3603 3735 3658 ope-

459 3674 666 3746 γαροῦν
692 3675 758 3727 ἐκ
788 3672 995 3726 τούτων
1027 3671 1308 3741 Ζηνόὸιος,
1340 3671 1540 3727 ἔπειτα
1563 3674 1621 3727 δὲ
1643 3675 1740 3727 καὶ
1775 3677 1809 3745 ἠ
1846 3675 2042 3730 τούτου
2076 3744 2091 3748 _

2106 3680 2324 3748 Aribns.
2378 3677 2457 3731 Ex
2510 3678 2591 3733 eis
2636 3692 2767 3748 ergo
2811 3687 2974 3733 natus
3030 3687 3116 3734 est
3169 3679 3485 3745 Zenobins;
3539 3681 3738 3735 deinde

457 3744 665 3836 ἀδελφὴ
688 3764 926 3836 Ζηνοϐία
957 3763 1138 3835 (τοῦτο
1171 3763 1285 3835 γὰρ
1335 3765 1473 3835 αὐτῇ
1508 3765 1664 3836 παρά
1696 3744 1805 3820 τῶν
1840 3770 2044 3835 γονέων
2076 3744 2089 3797 1

2103 3746 2309 3825 letiam
2360 3784 2521 3824 soror
2576 3770 2697 3837 ejus
2752 3769 2991 3824 Zenobia
3038 3770 3168 3839 (hoc
3205 3772 3355 3826 enim
3400 3770 3480 3825 eis
3532 3785 3735 3825 nomen

457 3857 667 3910 τίθεται
691 3856 906 3926 δνομα),
937 3854 1172 3927 ξυνωρὶς
1232 3855 1387 3925 ἀγια,
1424 3856 1615 3911 κλάδοι
1642 3863 2044 3929 πνευματικοῖς

2146 3860 2460 3932 impositum
2506 3859 2608 3915 fuit
2634 3875 2667 3914 a
2709 3860 3049 3931 parentibus)
3086 3876 3102 3916 :
3134 3870 3390 3917 sanctum
3430 3877 3549 3933 par,
3594 3861 3734 3916 rami

458 3951 643 4022 ἔργοις
672 3950 1038 4020 κατάκαρποι.

2144 3953 2355 4010 fertiles
2379 3951 2715 4019 spiritalibus
2753 3952 3032 4021 operibus.

529 4039 607 4098 B'.
640 4042 781 4112 Ἤδη
812 4041 869 4095 δὲ
907 4040 1000 4095 τοῦ
1033 4039 1201 4094 καλοῦ
1229 4040 1493 4111 Ζηνοσίου
1524 4042 1623 4116 τὴν
1658 4042 1863 4115 ἔφηϐον
1903 4047 2042 4099 ἀποο

2214 4068 2283 4124 ll.
2316 4068 2452 4122 Cum
2488 4076 2672 4122 antem
2703 4066 2957 4137 egregius
2986 4065 3270 4120 Zenobius
3294 4064 3408 4134 jam
3438 4066 3504 4121 ad
3533 4065 3728 4135 ephebi

456 4132 832 4205 λαμϐάνοντος
877 4131 1117 4204 ἡλικίαν,
1147 4131 1450 4185 τελευτῶσι
1483 4133 1585 4203 μὲν
1641 4135 1829 4200 αὐτοῖς
1859 4137 1907 4188 οί
1950 4152 2042 4189 τε·

2144 4158 2488 4230 pervenisset
2537 4131 2777 4223 aetatem,
2833 4131 2955 4227 eius
3009 4155 3230 4226 quidem
3283 4131 3589 4211 moriuntur
3638 4171 3734 4225 pa-

456 4224 668 4290 κόντες,
724 4222 1021 4277 ἀναλοῦται
1049 4223 1107 4277 δὲ
1142 4224 1236 4277 καὶ
1266 4225 1336 4278 τά
1365 4223 1464 4294 τῆς
1493 4225 1680 4289 οὐσίας
1730 4228 1800 4280 τὰ
1831 4226 1932 4296 μὲν
1960 4230 2042 4293 είς

2142 4222 2376 4307 rentes:
2440 4258 2846 4305 consumuntur
2929 4262 3062 4303 vero
3136 4246 3458 4311 facultates,
3530 4247 3732 4317 partim

457 4319 557 4381 τὰς
585 4310 694 4370 τῶν
721 4318 969 4389 πενήτων
997 4317 1295 4385 γαστέρας,
1326 4317 1395 4370 τὰ
1434 4318 1492 4372 δὲ
1525 4319 1620 4372 καὶ
1652 4321 1781 4389 περὶ
1807 4320 1905 4388 τὴν
1933 4322 2042 4373 τῶν

2143 4342 2365 4414 quidem
2408 4341 2467 4395 in
2521 4351 2745 4396 ventres
2796 4350 3140 4410 pauperum,
3186 4338 3388 4408 partim
3435 4310 3615 4393 autem
3663 4339 3736 4394 ad

457 4410 700 4464 ἀσθενῶν
752 4410 1073 4480 ἐπιμέλειαν
1095 4427 1110 4443 ο
1145 4410 1476 4465 πεπαίδευτο
1506 4412 1617 4482 γὰρ
1653 4413 1753 4485 τὴν
1789 4416 2042 4487 ἰατρικὴν

2147 4410 2333 4491 curam
2361 4433 2729 4489 inﬁrmorum.
2761 4430 2894 4486 Tam
2943 4430 3175 4502 pulchre
3201 4431 3349 4486 enim
3397 4430 3731 4486 medicinam

454 4504 484 4558 ὁ
507 4504 762 4576 Ζηνόϐιος
800 4504 944 4558 οὕτω
977 4504 1162 4568 καλῶς
1201 4506 1295 4559 καὶ
1328 4505 1587 4577 τοιαύτην
1617 4508 1747 4576 περὶ
1781 4508 1907 4573 τοὺς
1953 4525 2041 4562 νο-

2145 4527 2411 4583 didicerat
2464 4523 2757 4587 Zenobius,
2806 4531 2863 4577 et
2890 4522 2945 4577 in
2977 4529 3210 4592 aegrotos
3251 4521 3574 4576 ostendebat
3610 4528 3730 4575 tan-

459 4599 689 4662 σοῦντας
737 4597 1084 4653 ἐπεδείκνυτο
1127 4597 1226 4669 τὴν
1276 4600 1754 4671 θαυματουργίαν;
1782 4602 1859 4667 ὠς
1902 4601 2039 4672 μηδὲ

2142 4629 2251 4676 tam
2290 4614 2678 4672 miraculorum
2725 4612 3109 4675 eﬁectionem,
3146 4620 3208 4665 ut
3244 4622 3346 4667 nec
3395 4612 3573 4667 solum
3609 4610 3736 4681 qui-

457 4693 554 4760 τῆς
580 4691 680 4762 μὲν
703 4689 872 4744 αὐτοῦ
911 4689 1093 4762 χειρὸς
1118 4690 1335 4762 ἐπαφὴν
1370 4692 1667 4762 ὑπομένειν
1695 4695 1795 4759 τὰς
1822 4695 2037 4761 νόσους,

2143 4713 2267 4769 dem
2303 4710 2421 4780 ejus
2457 4720 2652 4761 manus
2696 4712 3010 4759 contactum
3053 4710 3280 4772 possent
3330 4702 3506 4757 morbi
3560 4703 3729 4757 susti-

457 4781 596 4837 ἀλλὰ
625 4782 721 4835 καὶ
759 4781 895 4853 μόνῃ
947 4779 1350 4850 φυγαδεύεσθαι
1381 4784 1448 4853 τῇ
1481 4782 1575 4837 τοῦ
1603 4784 1797 4855 ἀνδρὸς
1826 4802 2040 4856 παρου-

2142 4816 2297 4864 nere,
2324 4779 2419 4854 sed
2446 4795 2566 4867 ejus
2591 4794 2705 4849 sola
2733 4791 3053 4862 iugarentur
3073 4791 3381 4860 praesentia.
3403 4788 3516 4842 Hoc
3544 4796 3729 4842 autem

457 4875 571 4946 σία.
626 4872 802 4928 Τοῦτο
834 4874 893 4926 δὲ
931 4873 992 4927 οὐ
1027 4873 1220 4944 τέχνης
1256 4872 1441 4945 ἔργον,
1473 4875 1617 4929 ἀλλά
1646 4876 1869 4953 χάριτος
1900 4878 2041 4932 Θεοῦ

2145 4908 2251 4948 non
2283 4897 2401 4946 erat
2434 4900 2573 4957 opus
2613 4884 2771 4947 artis,
2814 4882 2912 4937 sed
2967 4880 3174 4936 donum
3216 4879 3428 4951 gratiae,
3480 4886 3536 4932 et
3586 4893 3730 4947 pra:-

454 4965 631 5036 δῶρον
664 4967 760 5020 καὶ
790 4964 994 5036 ἀρετῆς
1024 4964 1216 5034 ἀνδρὸς
1268 4967 1556 5038 πεποίητο.
1594 4967 1712 5040 Οὐχ
1748 4971 1941 5036 ὑγείας
1982 4973 2042 5027 δὲ

2142 4986 2315 5041 mium
2366 4979 2606 5037 virtutis.
2661 4974 2781 5032 Non
2827 4975 3007 5029 solum
3064 4983 3247 5028 autem
3304 4972 3570 5035 sanitatis,
3630 4969 3725 5026 sed

457 5059 619 5129 μόνον
648 5059 855 5123 αὐτοῖς,
883 5056 1019 5111 ἀλλά
1050 5057 1149 5110 καὶ
1177 5057 1293 5129 βίου
1318 5060 1572 5131 ξχορηγδς
1609 5057 1678 5134 ἦν
1705 5063 1734 5116 ό
1757 5064 2038 5135 Ζηνόϐιος.
2068 5086 2089 5144 (

2091 5086 2111 5144 1
2144 5077 2308 5133 etiam
2345 5074 2522 5129 victus
2555 5078 2675 5125 erat
2703 5065 3086 5137 suppeditator
3116 5063 3426 5125 Zenobius;
3465 5069 3521 5116 et
3544 5061 3723 5115 omni-

454 5152 550 5204 καὶ
583 5153 718 5205 πᾶσι
760 5153 874 5215 τοῖς
901 5153 1051 5223 αὐτῷ
1072 5151 1362 5223 προσιοῦσι
1393 5153 1464 5207 τά
1489 5170 1550 5207 τε
1579 5155 1716 5227 πρὸς
1739 5156 2038 5228 θεραπείαν

2142 5168 2267 5234 bus,
2298 5167 2388 5236 qui
2438 5164 2508 5219 ad
2562 5162 2743 5231 ipsum
2781 5156 3138 5221 accedebant,
3184 5151 3570 5225 suppeditabat
3612 5159 3722 5204 tam

455 5237 559 5306 τῆς
584 5240 763 5303 νόσου,
799 5240 894 5329 καὶ
924 5240 995 5294 τὰ
1035 5241 1170 5311 πρὸς
1216 5241 1515 5315 διατροφὴν
1544 5244 1780 5316 ἐπήρκει
1808 5246 1904 5301 τοῦ
1933 5247 2041 5301 σώ-

2140 5272 2259 5329 quae
2283 5257 2352 5311 ad
2386 5252 2564 5311 morbi
2598 5247 2950 5322 pertinebant
2985 5244 3330 5302 curationem
3350 5283 3365 5308 ,
3394 5257 3559 5313 quam
3600 5255 3721 5307 qua:

460 5346 653 5400 ματος,
700 5331 792 5402 ὑφ’
822 5324 893 5403 ἧς
920 5331 986 5386 ἂν
1018 5332 1251 5398 ἕκαστος
1280 5334 1547 5406 ἐτύγχανε
1577 5336 1824 5409 δηλονότι
1851 5355 2039 5394 κατει-

2137 5324 2207 5406 ad
2241 5350 2565 5405 alimentum
2595 5340 2863 5410 corporis,
2909 5351 3239 5408 quocunque
3283 5334 3472 5389 morbo
3514 5331 3723 5388 detineo

455 5423 757 5494 λημμένος.
796 5423 893 5478 καὶ
926 5424 1127 5479 ὁποίων
1159 5425 1226 5481 ἂν
1257 5421 1327 5498 ἦν
1358 5427 1468 5482 τῶν
1520 5429 1707 5484 σιτίων
1735 5430 1994 5500 δεόμενος
2017 5446 2033 5463 ο

2136 5450 2351 5504 rentur,
2381 5447 2438 5493 et
2460 5434 2882 5506 quibuscunque
2909 5427 3050 5484 cibis
3082 5441 3222 5497 opus
3252 5424 3539 5479 haberent.
3573 5420 3717 5485 Quin

455 5512 598 5567 ὥστε
626 5515 687 5568 οὐ
718 5514 931 5587 δωρεὰν
958 5516 1131 5571 ἐδίδου
1166 5520 1349 5588 μόνον,
1374 5519 1512 5574 ἀλλά
1533 5521 1629 5576 καὶ⁵
1653 5522 1828 5593 αὐτὴν
1853 5523 2035 5595 πολλῷ

2141 5531 2305 5589 etiam
2359 5541 2474 5581 non
2520 5523 2695 5580 solum
2740 5518 2904 5575 dabat
2948 5516 3139 5588 gratis,
3180 5514 3275 5570 sed
3312 5514 3478 5569 etiam
3531 5510 3714 5580 ipsum

454 5607 532 5678 τῷ
586 5607 737 5678 μέσῳ
769 5607 868 5680 τὴν
893 5610 1138 5682 ⁸ἐντολὴν
1173 5612 1537 5685 ὑπερέϐαινεν
1560 5632 1576 5648 ’
1612 5616 1734 5685 Τὴν
1775 5616 1894 5687 μὲν
1925 5618 2036 5689 γάρ

2144 5628 2475 5696 praeceptum
2512 5617 2674 5686 longo
2721 5611 3009 5667 intervallo
3054 5608 3367 5679 superabat.
3418 5603 3551 5658 Nam
3581 5617 3718 5696 prse-

453 5700 952 5768 δωρεὰνέλάὸετε,
982 5704 1137 5773 φησι,
1167 5705 1394 5774 δωρεὰν
1420 5707 1581 5766 δότε.
1618 5709 1679 5763 Ὀ
1703 5710 1760 5762 δὲ
1792 5710 2035 5782 προσθή-

2143 5692 2358 5785 ceptum
2420 5708 2643 5780 quidem
2702 5705 2836 5760 dicit
2874 5718 2889 5759 :
2933 5724 2950 5756 ι
2978 5702 3157 5759 Gratis
3185 5697 3472 5769 accepistis
3497 5733 3514 5760 ,
3549 5692 3720 5765 gratis

453 5809 560 5865 κην
588 5793 687 5863 τῆς
719 5795 965 5866 ἰατρείας
1014 5797 1107 5851 καὶ
1152 5800 1257 5854 τῶν
1314 5802 1614 5857 νοσούντων
1653 5805 1881 5875 παρεῖχε
1912 5805 2032 5859 δια-

2143 5810 2266 5864 date
2298 5806 2312 5836 ¹
2352 5821 2365 5859 :
2403 5823 2422 5856 ι
2456 5801 2545 5857 lllc
2577 5808 2758 5854 autem
2794 5805 2989 5865 νηοῑρι·
3038 5793 3361 5850 medicinam
3393 5786 3722 5859 adjungebat

531 5908 550 5942 ι
584 5905 775 5963 Matth.
816 5926 870 5975 κ,
901 5910 958 5966 8.
