4132 6478
411 463 542 528 131⁸

1708 457 1997 523 MENSIS
2040 455 2414 530 OCTOBER.

3554 472 3703 540 1312

406 580 573 634 etiam
603 578 920 634 alimentum
945 587 1298 648 aegrotorum,
1333 591 1449 634 non
1482 573 1656 632 solum
1687 573 1855 646 gratis
1895 587 1987 627 cu-

2129 575 2330 642 τροφὰς,
2364 580 2465 634 οὐκ
2498 580 2768 652 ἀμίσθους
2809 579 2973 652 μόνον
3005 581 3106 646 τὰς
3141 581 3441 655 θεραπείας
3492 585 3703 650 ποιῶν,

408 683 560 734 rans,
610 671 707 726 sed
755 671 918 724 etiam
973 685 1098 726 cum
1149 669 1435 726 curatione
1489 668 1738 738 praebens
1787 677 1994 718 merce-

408 764 556 818 dem.
595 762 740 818 Talis
777 764 997 833 quidem
1045 771 1430 818 sacrosanctus
1480 761 1757 816 Zenobius
1804 756 1998 828 obtigit

407 856 639 912 Cilicum
690 857 920 927 regioni,
949 872 1058 927 quo
1105 865 1352 926 tempore
1397 857 1694 926 imperator
1724 853 1999 907 Romano-

412 968 532 1006 rum
569 951 788 1006 deditus
818 951 1130 1006 simulacris
1162 959 1216 1006 et
1244 950 1423 1020 impia:
1448 965 1512 1003 ac
1544 947 1691 1002 falsae
1725 944 1999 1017 religioni,

411 1053 659 1098 mortuus
687 1057 773 1098 est
805 1043 859 1096 in
898 1043 1083 1113 impiis
1119 1043 1493 1112 dogmatibus.
1553 1041 1660 1096 Sed
1705 1040 1851 1094 illius
1882 1038 2003 1108 qui-

412 1132 538 1188 dem
571 1142 677 1188 tam
712 1134 950 1204 imperii,
988 1151 1152 1205 quam
1197 1135 1400 1189 furoris
1433 1135 1488 1188 in
1522 1133 1886 1194 Christianos,
1916 1147 2003 1184 re-

411 1223 578 1280 lictus
639 1235 724 1281 est
774 1228 952 1282 haeres
1006 1229 1392 1282 Diocletianus.
1447 1227 1642 1283 Statim
1685 1235 1868 1280 autem
1905 1224 2004 1294 Ly-

410 1315 546 1370 siam
597 1317 824 1386 praeﬁcit
876 1319 1100 1385 Ciliciae,
1149 1320 1241 1386 qui
1273 1329 1326 1373 et
1371 1320 1441 1372 ad
1482 1318 1839 1373 crueiandum
1885 1325 2003 1371 erat

412 1409 871 1474 violentissimus,
907 1420 962 1464 et
990 1415 1055 1464 ad
1082 1411 1434 1466 alliciendum
1465 1411 1743 1464 blanditiis
1770 1411 2004 1464 maxima

413 1498 467 1553 vi
495 1501 774 1568 praeditus.
810 1502 903 1557 llle
935 1513 1117 1557 autem
1149 1519 1274 1557 cum
1305 1502 1553 1557 venisset
1595 1502 1660 1555 ad
1705 1501 1875 1569 Mopsi
1918 1517 2009 1554 ur-

414 1590 538 1645 bem
576 1593 778 1647 excitat
824 1597 1265 1663 persecutionem
1317 1596 1584 1650 adversus
1640 1595 2005 1660 Christianos,

413 1697 647 1753 eamque
675 1686 1076 1755 gravissimam,
1107 1697 1160 1742 et
1216 1689 1452 1742 maxime
1498 1687 1834 1742 horribilem.
1874 1687 2010 1741 Tres

417 1785 599 1829 autem
649 1793 879 1832 numero
926 1780 1324 1841 adolescentes.
1366 1780 1650 1846 Claudius,
1682 1781 1932 1835 Asterius
1958 1790 2012 1834 et

416 1863 592 1928 Neon,
633 1866 855 1921 filerunt
888 1869 1054 1924 etiam
1087 1871 1308 1924 exerciti
1344 1870 1398 1924 in
1440 1871 1531 1925 illa
1575 1871 1961 1942 persecutione
1996 1891 2008 1926 :

416 1973 554 2025 ιιιιοε
586 1959 708 2013 tulit
742 1961 960 2028 quidem
1009 1961 1242 2026 Isauria,
1293 1963 1581 2020 Larandus
1632 1975 1816 2020 autem
1859 1981 2014 2020 exer-

417 2049 554 2103 cuit.
591 2051 630 2104 li
663 2052 810 2106 enim
845 2069 873 2107 a
905 2053 1061 2124 Lysia
1109 2056 1532 2111 vehementibus
1561 2066 1619 2112 et
1657 2057 1844 2112 multis
1886 2059 2014 2112 sub-

415 2139 550 2210 jecti
579 2145 942 2211 cruciatibus,
983 2147 1038 2200 in
1086 2163 1309 2202 crucem
1341 2149 1447 2203 acti
1478 2160 1629 2201 extra
1681 2164 1888 2214 muros,
1921 2167 2013 2203 su-

420 2231 644 2286 bierunt
679 2245 909 2290 mortem
947 2236 1322 2291 maleﬁcornm
1357 2255 1369 2289 :
1417 2254 1608 2292 eorum
1663 2251 1844 2293 autem
1896 2256 2018 2295 cor-

423 2337 556 2389 pora
589 2323 832 2392 projecta
863 2333 990 2379 sunt
1019 2317 1334 2380 devoranda
1366 2342 1396 2381 a
1422 2327 1555 2382 feris
1582 2337 1635 2383 et
1679 2329 2015 2383 volucribus.

422 2413 488 2465 Et
526 2414 715 2484 Lysias
763 2417 986 2484 quidem
1026 2418 1187 2475 talem
1229 2421 1560 2475 ostendebat
1602 2421 1873 2476 insaniam
1920 2421 2019 2476 ad—

419 2519 615 2561 versus
654 2507 1017 2567 Christianos.

491 2597 589 2652 ιη.
627 2599 895 2670 Egregius
947 2603 1112 2673 igitur
1139 2604 1419 2660 Zenobius
1451 2619 1579 2660 cum
1627 2605 1684 2660 in
1719 2615 1868 2660 tanta
1905 2603 2020 2660 vir-

425 2697 543 2743 tute
597 2692 765 2745 vitam
819 2692 1046 2762 egisset,
1093 2707 1148 2750 et
1194 2696 1380 2751 divina
1435 2698 1770 2753 revelatione
1812 2697 2019 2752 Christi

426 2798 642 2854 gregem
684 2788 1012 2854 pascendam
1063 2788 1422 2858 suscepisset.
1469 2799 1523 2844 et
1575 2790 1781 2845 Cilicite
1826 2791 2024 2848 fuisset

425 2885 644 2932 creatus
697 2877 1014 2947 episcopus,
1067 2878 1123 2933 in
1175 2889 1460 2950 posterum
1521 2882 1686 2936 etiam
1743 2883 2021 2953 duplicem

429 2969 670 3023 ostendit
698 2971 1039 3026 curationem
1068 2988 1083 3039 ;
1115 2983 1174 3028 ut
1202 2975 1295 3042 qui
1329 2991 1436 3028 non
1463 2975 1642 3031 solum
1672 2979 2022 3046 corporibus,

431 3061 527 3118 sed
588 3065 752 3119 etiam
829 3067 1029 3122 animis
1081 3071 1416 3135 mederetur,
1471 3079 1527 3125 et
1579 3070 1668 3124 illa
1718 3071 1939 3139 quidem
1995 3087 2026 3126 a

429 3157 656 3221 morbis,
688 3159 785 3212 has
819 3174 948 3215 vero
975 3162 1236 3217 liberaret
1276 3163 1346 3217 ab
1392 3163 1694 3232 impietate.
1729 3164 1868 3220 Hinc
1895 3165 2028 3220 dici-

2104 665 2238 719 ἀλλὰ
2270 669 2366 720 καὶ⁹
2401 671 2630 738 μισθοὺς
2682 673 2886 741 μᾶλλον
2918 675 3018 728 σὺν
3046 675 3238 738 αὐτοῖς
3288 679 3697 747 παρεχόμενος.

2104 758 2361 814 Τοιοῦτον
2388 761 2451 832 δή
2492 779 2613 816 τινα
2639 764 2729 817 τὸν
2765 765 2915 833 ίερὺν
2951 766 3210 836 Ζηνόϐιον
3238 769 3271 837 ἡ
3301 769 3410 821 τῶν
3449 768 3704 822 Κιλίκων

2105 851 2424 922 κεκλήρωτο
2453 853 2578 907 καθ’
2601 855 2630 908 ὃ
2658 856 2850 924 καιροῦ
2879 858 2976 910 καὶ
3005 860 3033 911 ό
3067 860 3166 929 τῆς
3204 859 3496 930 Ῥωμαίων
3515 862 3703 931 ἀρχῆς

2106 940 2468 1013 αὐτοκράτωρ
2497 945 2738 1009 εἰδώλοις
2771 949 3150 1019 προσανέχων,
3185 950 3280 1004 καὶ
3329 953 3397 1022 τῇ
3444 952 3709 1005 δυσσεϐεῖ

2107 1028 2378 1103 θρησκείᾳ
2417 1035 2835 1102 προστετηκὼς,
2867 1040 2981 1101 τοῖς
3015 1039 3286 1108 ὀλεθρίοις
3346 1043 3702 1096 συναπέθανε

2104 1121 2393 1192 δόγμασιν.
2420 1125 2562 1179 Ἀλλ’
2587 1128 2800 1182 ἐκείνου
2843 1131 2943 1198 μὲν
2985 1131 3320 1202 κληρονόμος
3342 1133 3451 1186 τῶν
3472 1152 3532 1188 τε
3559 1135 3705 1206 σκή-

2108 1232 2295 1284 πτρων
2323 1220 2416 1271 καὶ
2452 1219 2554 1288 τῆς
2583 1222 2727 1273 κατά
2761 1221 3109 1292 Χριστιανῶν
3133 1223 3339 1295 λύσσης
3369 1227 3702 1296 Διοκλητιαο

2108 1309 2197 1372 νὸς
2231 1311 2646 1367 καταλείπεται.
2683 1313 2894 1368 Λυσίαν
2923 1315 2978 1368 δὲ
3007 1318 3354 1388 παραχρῆμα
3371 1322 3705 1390 τιμωρήσα-

2110 1399 2234 1453 σθαί
2269 1418 2326 1454 τε
2362 1402 2670 1472 βιαιότατον
2690 1407 2786 1459 καὶ
2817 1406 3084 1473 θωπείαις
3115 1409 3502 1478 ὑπαγαγέσθαι
3529 1412 3706 1465 δεινό-

2109 1511 2271 1546 τατον
2326 1497 2425 1564 τῆς
2481 1497 2719 1553 Κιλίκων
2777 1499 3020 1571 ἔπαρχον
3066 1503 3497 1574 προχειρίζεται.
3532 1504 3592 1558 '0
3639 1504 3702 1559 δὲ

2109 1586 2208 1656 τὴν
2235 1587 2425 1657 Μόψου
2476 1591 2804 1646 καταλαϐὼν
2841 1593 3081 1664 διωγμὸν
3125 1596 3334 1664 ἐγείρει
3391 1599 3534 1651 κατὰ
3563 1598 3709 1668 Χρι-

2114 1680 2369 1742 στιανῶν,
2396 1682 2490 1735 καὶ
2516 1683 2777 1752 διωγμῶν
2811 1687 2905 1738 τὸν
2934 1687 3377 1754 φρικωδέστατον
3407 1690 3501 1740 καὶ
3528 1689 3707 1758 βαρύ-

2112 1783 2295 1833 τατον,
2333 1770 2496 1840 ἔργον
2547 1772 2762 1826 ἐκείνου
2801 1773 2898 1826 τοῦ
2955 1774 3228 1844 διωγμοῦ,
3266 1775 3364 1828 καὶ
3400 1777 3552 1844 τρεῖς
3609 1775 3710 1828 τὸν

2114 1860 2348 1929 ἀριθμὸν
2373 1862 2647 1917 νεανίσκοι
2671 1880 2686 1895 ’
2720 1865 3010 1932 Κλαύδιος,
3052 1866 3356 1936 Ἀστέριος,
3395 1867 3578 1929 Νέων,
3606 1865 3708 1931 οὓς

2129 1950 2370 2023 Ἰσαυρία
2404 1954 2504 2022 μὲν
2533 1956 2757 2026 ἧνεγκε,
2790 1958 3073 2028 Λαρανδδς
3123 1959 3181 2012 δὲ
3241 1960 3507 2030 ἤσκησεν.
3543 1953 3710 2013 Οὗτοι

2116 2042 2342 2108 πολλαῖς
2364 2047 2468 2100 ὑπὸ
2493 2049 2697 2102 Λυσίου
2719 2055 2815 2104 καὶ
2834 2053 3097 2122 σφοδραῖς
3144 2052 3228 2105 ὅτι
3253 2055 3380 2115 ταῖς
3407 2053 3714 2124 τιμωρίαις

2118 2134 2520 2204 ὑποϐληθέντες
2579 2140 2800 2211 σταυρῷ
2853 2143 3310 2213 προσηλωθέντες
3362 2143 3469 2210 ἔξω
3509 2145 3715 2215 τειχῶν

2116 2227 2208 2279 τὸν
2255 2227 2364 2280 τῶν
2421 2230 2747 2302 κακούργων
2815 2233 3135 2304 ὑπέστησαν
3209 2234 3446 2290 θάνατον
3473 2253 3487 2268 ο
3528 2236 3595 2288 τὰ
3651 2236 3717 2288 δὲ

2118 2320 2328 2373 τούτων
2381 2322 2610 2392 σώματα
2664 2325 2877 2396 θηρίοις
2927 2330 3022 2381 καλ⁵
3061 2331 3336 2391 πετεινοῖς
3395 2331 3476 2394 είς
3529 2330 3718 2398 πυρὰν

2121 2412 2414 2482 προετέθη.
2471 2414 2583 2468 Καὶ
2618 2416 2828 2480 Λυσίας
2867 2416 2970 2487 μὲν
3007 2419 3073 2489 δὴ
3111 2418 3378 2491 τοιαύτην
3407 2419 3550 2475 κατά
3579 2420 3723 2490 Χρι·

2121 2505 2356 2559 στιανῶν
2387 2507 2740 2563 ἐπεδείκνυτο
2768 2509 2867 2580 τὴν
2903 2511 3120 2581 μανίαν.

2191 2595 2267 2651 Γ’.
2301 2599 2560 2669 Ζηνόϐιος
2606 2600 2665 2654 δὲ.
2697 2602 2725 2654 ὁ
2757 2601 2946 2666 καλὸς,
2974 2603 3032 2656 ὲν
3068 2604 3237 2676 ἀρετῇ
3269 2606 3518 2678 τοσαύτῃ
3551 2605 3719 2658 πολι·

2121 2692 2458 2762 τευσάμενος
2508 2694 2604 2748 καὶ
2637 2693 2699 2747 τὸ
2728 2695 2824 2748 τοῦ
2854 2696 3098 2766 Χριστοῦ
3151 2697 3407 2766 ποίμνιον
3436 2697 3724 2752 ἀποκαλύ-

2122 2784 2218 2854 ψει
2280 2783 2403 2853 θείᾳ
2458 2786 2839 2857 παρειληφὼς,
2923 2788 3226 2854 ἐπίσκοπος
3300 2791 3401 2860 τῆς
3471 2791 3725 2845 Κιλίκων

2127 2877 2491 2948 ἀναδειχθεὶς,
2541 2880 2742 2951 διπλῆν
2786 2881 2870 2944 είς
2922 2882 2984 2934 τὺ
3045 2881 3171 2952 ὲξῆς
3214 2882 3568 2937 ἐπεδείκνυτο
3618 2884 3724 2953 τὴν

2129 2969 2471 3039 θεραπείαν⁶
2519 2971 2582 3025 οὐ
2649 2971 2881 3041 σώματα
2941 2972 3126 3042 μόνον,
3189 2972 3330 3027 ἀλλά
3388 2977 3481 3028 καὶ
3537 2974 3722 3044 ψυχὰς

2131 3062 2418 3129 ίατρεύων,
2447 3065 2544 3117 καὶ
2577 3066 2646 3118 τά
2708 3067 2810 3132 μὲν
2839 3067 3196 3137 νοσημάτων,
3233 3067 3335 3130 τὰς
3360 3067 3419 3120 δὲ
3452 3067 3716 3132 ἀσεϐείας

2127 3152 2454 3224 ἐλευθερῶν.
2493 3153 2778 3208 Ἐντεῦθεν
2807 3154 2974 3208 Ἰνδοῦ
3001 3172 3148 3220 τινος
3178 3155 3448 3226 φιλάρχου
3479 3156 3725 3224 σύζυγον

433 3253 523 3300 tur
557 3247 675 3302 Indi
717 3251 1000 3320 cujusdam
1046 3253 1286 3320 praefecti
1338 3255 1626 3327 coniugem
1661 3257 1921 3312 incidisse
1962 3259 2017 3312 in

2129 3242 2280 3313 κακῷ
2316 3259 2423 3297 τινι
2453 3243 2680 3312 λέγεται
2715 3243 2984 3314 βληθῆναι
3017 3245 3131 3299 τῶν
3183 3246 3528 3315 ἀνηκέστων.
3561 3243 3636 3299 Τὸ
3662 3246 3725 3299 δὲ

432 3338 683 3393 morbum
712 3341 1192 3397 immedicabilem.
1235 3345 1282 3398 Is
1310 3355 1494 3398 autem
1527 3357 1647 3400 erat
1678 3363 1897 3409 cancer,
1932 3349 2024 3419 qui

431 3428 486 3481 in
523 3431 840 3486 interiorem
877 3443 1089 3504 partem
1122 3437 1367 3491 thoracis
1408 3438 1760 3495 incubuerat.
1801 3441 2030 3511 [’ropler

431 3539 594 3591 quem
622 3537 965 3596 congregatae
995 3545 1190 3583 omnes
1225 3546 1422 3585 manus
1454 3533 1821 3601 medicorum,
1851 3544 2028 3590 artes-

431 3630 540 3684 que
589 3627 645 3671 et
679 3618 1080 3676 medicamenta
1131 3633 1352 3677 ostensa
1407 3634 1536 3678 sunt
1585 3625 1660 3678 illi
1699 3627 1890 3681 morbo
1935 3641 2029 3681 ce-

435 3709 587 3762 dere.
621 3708 818 3766 Uxoris
848 3727 978 3783 ergo
1007 3713 1183 3769 vicem
1217 3715 1411 3770 dolens
1447 3715 1632 3781 Indus,
1663 3725 1720 3770 et
1752 3718 2025 3773 undenam

437 3798 574 3851 tanti
622 3799 749 3854 mali
805 3801 1078 3857 inveniret
1145 3805 1472 3859 solutionem
1542 3807 1834 3876 diligenter
1903 3824 2029 3877 per-

439 3898 725 3952 scrutans,
761 3907 791 3946 a
825 3894 1059 3961 quodam
1109 3906 1415 3951 mercatore
1438 3899 1646 3966 accepit
1677 3899 1746 3954 de
1769 3898 2030 3967 Zenobio,

439 3997 566 4034 enm
595 3984 794 4040 multos
824 4001 1020 4042 curare
1045 3997 1277 4058 aegrotos
1307 3989 1423 4044 solo
1456 3990 1622 4044 verbo
1665 3999 1721 4043 et
1770 4007 2029 4046 manuum

439 4073 807 4143 impasitione.
843 4079 934 4134 Ille
962 4089 1144 4134 autem
1174 4082 1357 4136 statim
1405 4083 1543 4137 nihil
1576 4092 1890 4149 cunctatus,
1937 4086 2035 4142 sed

438 4169 623 4223 statim
651 4185 774 4225 cum
803 4172 1035 4243 conjuge
1065 4183 1120 4228 et
1150 4174 1337 4230 liberis
1391 4177 1496 4231 iter
1540 4179 1847 4248 ingressus,
1883 4180 2038 4235 venit

440 4259 628 4332 Aigas.
662 4261 811 4318 Talis
841 4265 988 4319 enim
1021 4274 1125 4326 est.
1163 4268 1253 4335 qui
1293 4268 1570 4338 allligitur,
1601 4270 1841 4332 animus,
1884 4279 1940 4325 et
1969 4271 2038 4327 ad

442 4352 523 4415 id,
579 4355 725 4422 quod
771 4356 1011 4410 audierit
1061 4359 1474 4426 exsequendum
1551 4361 1854 4416 acerrimus
1910 4378 2040 4433 pro-

449 4454 577 4514 pter
603 4461 757 4515 spem
809 4448 1092 4502 meliorem
1149 4451 1440 4505 libertatis.
1469 4450 1605 4505 Cum
1632 4452 1761 4508 illnc
1788 4469 1916 4526 ergo
1945 4471 2040 4510 ve-

443 4538 638 4605 nisset,
668 4540 893 4609 rogabat
917 4543 985 4597 de
1029 4542 1295 4607 Zenobio,
1339 4545 1561 4599 ubinam
1599 4558 1767 4612 esset,
1801 4560 1856 4603 et
1894 4551 2040 4619 apud

444 4648 608 4703 quem
640 4635 900 4704 degeret;
931 4647 986 4692 et
1017 4654 1182 4693 omne
1221 4641 1461 4710 ponebat
1501 4641 1770 4708 studium,
1809 4653 1870 4697 ut
1908 4660 2036 4698 eum

445 4726 681 4781 videret.
718 4727 853 4783 Cum
900 4729 1004 4784 hoc
1040 4741 1222 4784 autem
1254 4733 1416 4786 modo
1467 4748 1528 4788 se
1577 4733 1803 4788 haberet
1849 4735 2036 4800 Indus,

446 4829 502 4874 et
533 4829 640 4873 tam
675 4822 853 4892 magni
885 4821 1091 4890 faceret
1120 4823 1271 4882 illum
1301 4826 1510 4890 videre,
1545 4825 1594 4880 ei
1625 4837 1847 4896 apparet
1879 4827 2038 4894 visio,

445 4926 566 4980 qua:
597 4912 646 4967 ei
677 4929 825 4977 vere,
859 4923 914 4968 et
964 4929 1072 4969 non
1129 4931 1184 4969 ιιι
1233 4917 1460 4982 somnis,
1509 4919 1738 4989 jubebat
1777 4921 2042 4975 accedere

446 5005 512 5057 ad
545 5005 835 5059 ecclesiam
877 5005 1320 5061 Christianorum
1355 5027 1368 5062 :
1399 5011 1455 5062 In
1508 5025 1572 5063 ea
1619 5011 1788 5076 enim,
1835 5011 2040 5079 inquit,

449 5096 697 5153 invenies
727 5114 873 5162 eum,
913 5115 1073 5168 quem
1106 5101 1326 5168 quaeris.
1359 5101 1496 5155 Cum
1531 5103 1578 5156 is
1609 5118 1739 5172 ergo
1765 5104 2040 5159 surrexis-

449 5199 554 5254 set,
593 5207 718 5246 cum
764 5207 936 5247 uxore
981 5194 1167 5248 statim
1211 5194 1364 5248 venit
1393 5195 1461 5248 ad
1495 5195 1777 5265 templum.
1818 5195 2040 5249 Etcum

425 5285 506 5348 ,in
535 5299 600 5338 eo
629 5283 971 5339 invenissent
1004 5294 1251 5340 sanctum
1280 5296 1516 5342 stantem
1549 5287 1604 5341 in
1635 5287 1818 5342 medio
1848 5287 2042 5342 multi-

453 5376 684 5436 tudinis,
719 5386 776 5431 et
803 5393 871 5432 ex
915 5393 1010 5432 ore
1041 5394 1142 5432 suo
1173 5380 1520 5434 emittentem
1553 5381 1820 5436 doctrinae
1858 5381 2042 5437 fontes

451 5466 829 5529 suavissimos,
859 5466 1083 5524 dimotis
1123 5466 1214 5533 iis,
1247 5472 1338 5538 qui
1374 5470 1875 5538 circumsistebant,
1918 5486 2045 5541 spe-

451 5561 634 5616 cinsos
668 5561 813 5615 illius
855 5563 1045 5631 pedes,
1089 5573 1144 5616 et
1187 5561 1329 5618 bona
1372 5579 1558 5619 revera
1613 5565 2045 5637 evangelizantis

453 5654 841 5710 ardentissime
893 5656 1304 5726 apprehensant
1355 5659 1667 5727 supplices,
1727 5660 2048 5715 misericor-

456 5746 695 5814 demqne
741 5755 796 5802 et
842 5747 1168 5803 clementem
1208 5749 1352 5804 illam
1387 5751 1626 5806 animam
1661 5761 1822 5807 orant
1859 5761 1916 5806 et
1947 5751 2046 5807 ob-

461 5849 680 5891 secrant
710 5847 769 5891 ut
796 5855 824 5892 a
861 5842 1002 5895 malo
1051 5843 1374 5898 liberentur.
1417 5843 1552 5898 Nam
1607 5847 1712 5899 etsi
1749 5843 1801 5898 in
1857 5844 2046 5898 uxoris

471 5925 694 5980 thorace
774 5931 975 5986 inesset
1043 5936 1289 6003 morbus,
1376 5937 1554 5992 mariti
1607 5948 1786 5992 tamen
1875 5939 2046 5993 multo

2130 3335 2237 3406 ἄρα
2275 3338 2539 3405 καρκῖνος
2572 3331 2642 3406 ἦν
2695 3337 2971 3390 ἐνδοτάτω
3015 3337 3110 3390 τοῦ
3143 3337 3398 3406 θώρακος
3428 3341 3725 3411 κατασκή-

2127 3426 2260 3497 ψας.
2307 3427 2426 3497 Ἐφ’
2449 3421 2494 3496 ᾧ
2532 3429 2706 3482 πᾶσαι
2736 3430 2832 3482 καὶ
2863 3431 3048 3500 χεῖρες
3070 3430 3278 3500 ἰατρῶν
3321 3431 3725 3501 ἀθροισθεῖσαι,

2130 3521 2223 3573 καί
2251 3521 2436 3590 τέχναι
2471 3521 2568 3574 καὶ
2597 3521 2890 3592 φάρμακα,
2922 3520 3156 3592 δεύτερα
3187 3524 3368 3578 πάντα
3390 3525 3484 3577 τοῦ
3513 3525 3728 3590 πάθους

2131 3613 2450 3682 ἠλέγχοντο.
2499 3614 2830 3684 Ἀχθόμενος
2884 3611 2979 3669 οὖν
3040 3619 3172 3687 περὶ
3224 3619 3326 3686 τῆς
3386 3619 3645 3686 γυναικὸς
3698 3621 3734 3674 ὁ

2148 3705 2330 3770 Ἰνδὸς,
2365 3706 2462 3760 καὶ⁴
2487 3706 2609 3760 ὅθεν
2641 3709 2707 3762 ἂν
2759 3707 2908 3762 ἔλθοι
2953 3709 3279 3779 τηλικούτου
3328 3710 3500 3765 κακοῦ
3565 3711 3732 3776 λύσις

2138 3799 2445 3869 φιλοπόνως
2500 3801 2834 3873 ἀνερευνῶν,
2886 3801 3152 3871 μανθάνει
3209 3804 3367 3874 παρά
3415 3821 3563 3867 τινος
3615 3803 3730 3857 τῶν

2135 3894 2396 3964 ἐμπόρων
2428 3893 2498 3946 τά
2527 3897 2657 3962 περὶ¹
2715 3894 3001 3966 Ζηνοϐίου,
3061 3897 3157 3949 καὶ
3210 3897 3293 3950 ὅτι
3349 3895 3580 3960 πολλοὺς
3618 3898 3733 3950 τῶν

2135 3986 2442 4039 νοσούντων
2472 3986 2620 4044 ἰᾶται
2656 3989 2865 4057 ῥήματι
2898 3987 3051 4059 μόνῳ
3089 3987 3188 4041 καὶ
3226 3988 3428 4058 χειρῶν
3459 3988 3730 4044 ὲπιθέσει.

2139 4083 2252 4136 Καὶ
2285 4082 2343 4147 ὅς
2387 4083 2590 4137 αὐτίκα
2629 4082 2874 4154 μελήσας
2925 4083 3082 4137 οὐδὲν
3139 4084 3256 4138 οὐδ’
3298 4086 3734 4156 ἀναϐαλόμενος,

2139 4174 2256 4228 ἀλλ’
2278 4175 2355 4239 ὡς
2373 4171 2522 4246 εἶχεν
2544 4175 2709 4239 εὐθὺς
2732 4176 2849 4245 ἅμα
2873 4175 3096 4247 συζύγῳ
3122 4179 3217 4231 καὶ
3242 4177 3479 4243 τέκνοις,
3503 4179 3736 4249 πορείας

2141 4265 2443 4336 ἁψάμενος,
2475 4268 2533 4320 ἐν
2579 4267 2774 4335 Αίγαίς
2801 4267 3037 4336 γίνεται.
3080 4256 3342 4322 Τοιοῦτον
3370 4269 3481 4342 γὰρ
3539 4268 3735 4334 πιεζο-

2144 4359 2280 4429 μένη
2321 4357 2494 4428 ψυχὴ,
2526 4357 2623 4410 καὶ⁸
2656 4357 2833 4422 οὕτως
2887 4359 3088 4413 ἀνύσαι
3144 4360 3206 4414 τὸ
3276 4361 3546 4416 ἁκουσθὲν
3607 4361 3738 4427 ὀξυ-

2140 4453 2280 4520 τάτη
2330 4450 2397 4502 δι’
2448 4449 2641 4503 ἐλπίδα
2715 4451 3093 4522 χρηστοτέραν
3129 4453 3472 4525 ἐλευθερίας.
3519 4453 3742 4508 Ἐκεῖσε

2139 4541 2326 4596 τοίνυν
2354 4542 2672 4611 γενόμενος,
2712 4542 3054 4596 ἐπυνθάνετο
3108 4545 3238 4614 περὶ
3266 4545 3556 4615 Ζηνοϐίου,
3624 4545 3737 4598 ποῦ

2145 4638 2254 4704 ἄρα
2298 4635 2395 4686 καὶ
2445 4635 2504 4685 ὲν
2537 4635 2680 4699 τίνος
2733 4635 2819 4705 είη
2859 4633 3085 4702 διάγων,
3143 4637 3241 4688 καὶ
3302 4637 3544 4708 σπουδὴν
3588 4636 3743 4690 ἐποι-

2145 4729 2257 4781 εῖτο
2321 4730 2505 4782 πᾶσαν
2557 4726 2703 4781 ὥστε
2773 4727 2867 4780 τὸν
2918 4728 3090 4796 ἀνδρα
3139 4727 3464 4784 θεάσασθαι.
3539 4729 3745 4784 Τοῦτον

2143 4821 2200 4873 δὲ
2237 4819 2329 4873 τὸν
2348 4820 2550 4890 τρόπον
2576 4819 2756 4891 ἔχοντι
2782 4819 2864 4890 τῷ
2900 4819 3071 4891 Ἰνδῷ,
3131 4819 3228 4872 καὶ
3259 4821 3404 4874 οὕτω
3430 4821 3529 4891 τὴν
3592 4822 3744 4874 ὲκεί-

2145 4931 2238 4968 νου
2313 4915 2444 4969 θέαν
2549 4916 2681 4984 περὶ
2749 4913 2947 4969 πολλοῦ
3044 4914 3359 4984 ποιουμένῳ
3442 4916 3740 4983 ἐφίσταται

2143 5005 2268 5076 ὄψις
2296 5003 2446 5075 αὐτῷ
2479 5004 2669 5073 σαφῶς
2724 5003 2874 5073 ῦπαρ
2905 5004 3004 5056 οῦκ
3047 5005 3184 5073 ὄναρ
3221 5006 3556 5058 καταλαϐεῖν
3609 5010 3741 5060 ὲπιο

2146 5101 2472 5168 σκήπτουσα
2519 5099 2621 5168 τὴν
2700 5098 2810 5152 τῶν
2865 5097 3216 5168 Χριστιανῶν
3250 5099 3584 5169 ἐκκλησίαν·
3649 5101 3745 5154 Ἐν

2145 5191 2285 5261 αὐτῇ
2333 5191 2464 5262 γὰρ,
2539 5192 2699 5260 φησι,
2749 5191 2846 5244 καὶ
2907 5190 3210 5262 περιτύχῃς
3258 5191 3337 5261 τῷ
3394 5191 3742 5264 ζητουμένῳ.

2146 5285 2457 5349 Διαναστὰς
2503 5285 2690 5340 τοίνυν
2739 5277 2918 5348 οὗτος,
2958 5284 3184 5338 ἄπεισιν
3238 5284 3405 5347 εὐθὺς
3464 5287 3604 5356 μετὰ
3643 5287 3746 5357 τῆς

2147 5379 2412 5445 γυναικὸς
2441 5379 2593 5450 παρὰ
2628 5379 2722 5432 τὸν
2755 5379 2901 5432 ναόν.
2936 5379 3048 5430 Καὶ
3078 5378 3171 5430 τὸν
3204 5377 3364 5444 ἅγιον
3395 5378 3652 5448 εὑρόντες
3684 5381 3744 5432 ὲν

2147 5471 2298 5541 αὐτῷ
2352 5469 2592 5540 πλήθους
2633 5470 2848 5523 ἑστῶτα
2880 5470 3068 5538 μέσον,
3148 5469 3246 5522 καὶ
3290 5468 3479 5538 πηγὰς
3514 5471 3746 5540 ἡδίστης

2147 5563 2501 5626 διδασκαλίας
2570 5561 2668 5616 τοῦ
2730 5563 3001 5632 στόματος
3065 5562 3322 5629 ἀφιέντα,
3407 5561 3748 5630 διωσάμενοι

2147 5655 2274 5718 τοὺς
2306 5654 2702 5726 περιεστῶτας,
2741 5653 2852 5706 τῶν
2877 5652 3101 5723 ὡραίων
3158 5652 3371 5706 ἐκείνου
3413 5653 3612 5718 ποδῶν,
3643 5656 3748 5708 καὶ

2149 5747 2334 5816 ἀγαθὰ
2384 5747 2460 5811 ὡς
2508 5746 2725 5816 ἀληθῶς
2773 5745 3291 5816 εὐαγγελιζομένων
3341 5745 3479 5816 μετά
3537 5745 3748 5817 πολλῆς

2150 5841 2620 5912 ἐπιλαμϐάνονται
2662 5840 2762 5909 τῆς
2812 5840 3151 5911 θερμότητος
3193 5840 3287 5892 καὶ
3339 5842 3438 5908 τῆς
3476 5837 3743 5905 ἱκετείας,

2154 5937 2244 5991 καὶ
2276 5937 2488 5990 δέονται
2519 5935 2613 6006 τῆς
2642 5933 2962 6004 συμπαθοῦς
3001 5933 3184 6004 ψυχῆς
3237 5933 3457 6004 ἐκείνης
3491 5932 3585 5986 καὶ
3641 5950 3734 6000 φι-
