4132 6512
482 431 620 498 1313

1353 412 1829 497 MARTYRIUM
1870 437 1979 498 ss.
2029 438 2340 499 ZENOBII
2382 437 2478 498 ET
2516 440 2887 502 ZENOBUE.

3620 441 3758 507 1314

477 546 823 617 λανθρώπου,
859 545 954 599 καὶ
991 546 1319 620 λιπαροῦσιν
1356 551 1520 601 αὐτὴν
1544 549 1692 600 ’ὥστε
1724 547 1820 600 τοῦ
1849 549 2056 611 πάθους

2164 551 2339 621 magis
2394 553 2655 624 tangebat
2708 553 2972 608 animum.
3047 551 3145 608 Ille
3204 561 3387 608 autem
3451 553 3755 611 curationis

476 640 884 710 ἀπαλλαγῆναι.
942 640 1006 694 Et
1031 641 1141 711 γάρ
1169 641 1264 694 καὶ
1305 640 1384 710 τῷ
1423 641 1524 710 τῆς
1554 639 1814 708 γυναικὸς
1848 639 2062 708 θώρακι

475 733 537 788 τὸ
573 732 749 797 πάθος
782 734 934 803 ένῆν,
981 734 1119 787 ἀλλά
1154 733 1336 802 πολλῷ
1391 732 1557 784 πλέον
1592 735 1691 804 τῆς
1736 733 1832 785 τοῦ
1867 732 2062 802 ἀνδρὸς

476 825 666 897 ψυχῆς
727 825 953 895 ἥπτετο.
1018 825 1075 879 '0
1109 825 1166 878 δὲ
1206 825 1397 895 μισθὸν
1443 826 1643 887 αὑτοὺς
1679 824 1778 894 τῆς
1817 824 2064 894 ίατρείας

478 917 734 987 ἐπιζητεῖ
782 917 882 988 τὴν
921 915 1224 980 εὑσέὄειαν,
1257 917 1351 970 καὶ
1382 917 1443 970 τὸ
1467 917 1568 979 τῆς
1592 917 1824 987 πατρίου
1856 916 2066 984 πλάνης

477 1007 845 1072 ἀποστάντας,
903 1007 1270 1078 αὐτομολῆσαι
1324 1009 1459 1078 πρὸς
1505 1007 1605 1078 τὴν
1648 1009 1747 1079 τῆς
1810 1007 2066 1077 ἀληθείας

479 1099 798 1166 ἐπίγνωσιν.
831 1098 1011 1169 Ὀπερ
1031 1094 1127 1152 οὗν
1155 1098 1450 1170 προθύμως
1475 1098 1657 1151 αὑτῶν
1691 1101 1865 1152 ποιεῖν
1892 1099 2058 1166 ἐπαγ-

476 1191 836 1261 γελλομένων,
872 1193 900 1244 ὁ
930 1193 1085 1261 ἀγιος
1133 1191 1441 1257 ὑπολαϐὼν,
1491 1192 1581 1245 Ἐν
1611 1191 1839 1262 ὀνόματι
1886 1191 2063 1263 Ἰησοῦ

477 1283 719 1352 Χριστοῦ
755 1282 852 1337 τοῦ
883 1283 985 1356 τὴν
1037 1284 1341 1356 αίμόρῤουν
1379 1285 1698 1354 ίασαμένου,
1733 1285 1893 1354 ὑγιὴς
1929 1283 2061 1351 ἴσθι,

479 1373 665 1441 γύναι,
703 1375 861 1444 φησὶ,
897 1375 995 1428 καὶ
1027 1374 1124 1427 τοῦ
1157 1375 1370 1439 πάθους
1409 1373 1726 1446 ἐλευθεροῦ,
1749 1376 1848 1428 καὶ
1877 1390 2062 1447 παρα-

479 1466 675 1536 χρῆμα
723 1467 758 1535 ἥ
809 1483 870 1519 τε
928 1467 1141 1538 χαλεπὴ
1196 1467 1351 1530 νόσος
1412 1468 1598 1538 εκείνη
1641 1467 1899 1538 καθάπερ
1953 1467 2066 1521 τινὶ

480 1559 705 1626 μάστιγι
735 1558 813 1626 τῷ
851 1561 1060 1630 ῥήματι
1095 1561 1427 1634 ἀπελήλατο·
1487 1563 1583 1616 καὶ
1614 1561 1710 1616 τοῦ
1743 1562 1890 1615 θείου
1921 1561 2065 1630 βαπ-

476 1649 740 1718 τίσματος
768 1652 936 1716 αὑτός
964 1671 1024 1707 τε
1056 1655 1149 1707 καὶ
1181 1655 1414 1724 σύζυγος
1449 1657 1544 1710 καὶ
1570 1657 1619 1709 el
1674 1656 1862 1718 παῖδες
1897 1655 2063 1721 ἀξιω-

476 1739 686 1806 θέντες,
738 1741 932 1798 ἐπειτα
998 1747 1057 1800 δὲ
1111 1749 1209 1802 καὶ
1257 1748 1366 1801 τῶν
1405 1749 1569 1820 ἱερῶν
1623 1748 2062 1818 κοινωνήσαντες

480 1833 821 1904 μυστηρίων,
863 1836 1048 1892 οἴκαδε
1111 1839 1395 1910 χαίροντες
1458 1842 1792 1913 ἐπανῄεσαν,
1835 1840 1913 1911 τῷ
1960 1841 2062 1909 τῆς

2171 643 2480 699 mercedem
2509 646 2576 698 ab
2607 644 2686 698 eis
2731 644 2971 714 postulat
3009 645 3294 715 pietatem,
3327 652 3382 698 et
3420 652 3481 698 ut
3517 660 3546 698 a
3581 646 3757 715 patrio

2169 746 2356 786 errore
2382 733 2748 799 discedentes,
2781 734 2850 788 ad
2905 735 3198 806 agnitionis
3256 735 3541 789 veritatem
3578 745 3760 790 trans-

2169 821 2444 893 fugerent.
2505 825 2660 890 Quod
2705 827 2926 896 quidem
2973 836 3228 897 prompto
3282 835 3336 881 et
3379 827 3540 881 alacri
3587 827 3758 882 animi

2168 917 2350 971 studio
2384 932 2442 972 se
2469 917 2712 973 facturos
2746 920 2825 974 eis
2861 919 3266 988 proﬁtentibus,
3300 920 3584 989 excipiens
3624 936 3758 974 san-

2167 1018 2292 1063 ctus
2327 1025 2340 1062 :
2372 1008 2430 1063 ln
2465 1009 2687 1064 nomine
2717 1011 2847 1066 Jesu
2889 1009 3116 1077 Christi,
3165 1012 3364 1080 inquit,
3408 1011 3501 1081 qui
3536 1012 3758 1066 sanavit

2167 1103 2458 1158 mulierem
2524 1103 2793 1175 proﬂuvio
2845 1104 3130 1175 sanguinis
3187 1103 3568 1169 laborantem,
3624 1117 3754 1157 sana

2167 1205 2306 1262 esto,
2333 1195 2554 1260 mulier,
2578 1205 2633 1249 et
2660 1197 2892 1251 liberare
2924 1212 2954 1250 a
2989 1197 3220 1261 morbo;
3258 1195 3548 1264 statimque
3579 1196 3760 1266 gravis

2167 1287 2259 1343 ille
2313 1287 2538 1342 morbus
2590 1287 2772 1349 verbo.
2828 1296 3084 1357 tanquam
3139 1287 3354 1358 ﬂagello
3398 1287 3603 1356 aliquo,
3653 1287 3759 1341 fuit

2165 1379 2431 1448 expulsus
2464 1395 2476 1431 :
2511 1389 2566 1434 et
2599 1379 2845 1435 divinum
2877 1381 3210 1451 baptismum
3252 1389 3308 1436 et
3341 1381 3476 1451 ipse,
3507 1389 3563 1434 et
3592 1395 3756 1444 uxor,

2167 1475 2222 1521 et
2270 1468 2427 1523 liberi
2462 1469 2683 1525 fuerunt
2715 1473 2976 1528 assecuti.
3017 1473 3222 1527 Deinde
3256 1474 3420 1528 etiam
3463 1487 3587 1526 cum
3628 1470 3762 1525 fuis-

2165 1567 2289 1612 sent
2318 1559 2614 1630 participes
2642 1572 3131 1625 sacramentorum,
3167 1562 3391 1615 domum
3428 1560 3536 1614 laeti
3579 1559 3760 1614 redie—

2163 1659 2316 1716 runt,
2367 1660 2427 1706 ut
2475 1652 2570 1721 qui
2620 1668 2746 1708 eum
2791 1656 2985 1709 morbo
3035 1653 3306 1714 mulieris,
3365 1653 3458 1722 qui
3516 1659 3634 1707 erat
3694 1651 3752 1704 in

2165 1743 2409 1808 thorace,
2464 1759 2569 1798 una
2616 1759 2833 1813 quoque
2876 1745 3241 1814 perdidissent
3287 1745 3541 1798 morbum
3589 1742 3752 1798 dece-

2165 1835 2390 1906 ptionis,
2423 1848 2478 1891 et
2500 1838 2735 1891 sanitate
2766 1837 2960 1890 animat
2985 1837 3218 1892 fuissent
3244 1835 3585 1905 locupletati.

476 1927 737 1992 γυναικὸς
804 1930 933 1998 περὶ
994 1931 1084 1984 τὸν
1127 1931 1354 2005 θώρακα
1402 1933 1569 1988 πάθει
1623 1936 1778 2005 κοινῇ
1811 1933 1873 1986 τὸ
1902 1932 2002 2002 τῆς
2049 1930 2267 2003 ἀπάτης
2324 1931 2538 2001 νόσημα
2599 1930 3088 1997 συναποὸαλόντες,
3139 1930 3236 1984 καὶ
3287 1930 3388 2001 τὴν
3424 1930 3526 2000 τῆς
3572 1929 3751 2000 ψυχῆς

475 2017 709 2083 ἕκαστος
741 2022 933 2089 ὑγείαν
966 2023 1393 2095 πλουτήσαντες.

549 2112 623 2168 Δ’.
666 2110 798 2168 Εἶτα
843 2119 938 2169 καὶ
994 2120 1132 2190 γυνή
1173 2138 1254 2184 τις
1295 2123 1460 2193 ἑτέρα
1494 2121 1658 2176 πάλιν
1701 2123 1758 2175 ὲν
1811 2125 1877 2192 τῇ
1916 2121 2052 2187 πρὸς

2225 2115 2316 2172 1V.
2369 2115 2485 2169 Alia
2537 2129 2755 2185 quoque
2822 2115 3036 2181 mulier,
3094 2131 3218 2186 quae
3287 2117 3491 2172 virtute
3539 2117 3757 2175 vivebat

473 2206 692 2276 Δάφνην
744 2207 1066 2280 Ἀντιοχείᾳ,
1109 2213 1166 2264 ὲν
1228 2213 1402 2285 ἀρετῇ
1457 2215 1633 2280 ζῶσα,
1698 2215 1792 2267 καὶ
1839 2212 2058 2275 πολλοῖς

473 2299 800 2368 ἐπαρκοῦσα
838 2300 946 2352 τῶν
979 2304 1314 2372 πενομένων,
1353 2306 1516 2358 πάθει
1542 2306 1871 2378 περιπίπτει
1901 2305 2061 2374 χαλε-

476 2389 713 2459 πωτάτῳ
738 2405 754 2420 ο
795 2391 1136 2458 φαγέδαιναν
1187 2396 1346 2448 τοῦτο
1380 2397 1573 2459 παῖδες
1619 2396 1820 2464 ἰατρῶν
1857 2393 2060 2464 ὀνομά-

475 2480 650 2545 ζουσι.
679 2481 902 2548 Μεταξὺ
932 2481 987 2535 δὲ
1020 2483 1128 2554 ἄρα
1167 2486 1276 2540 τῶν
1318 2490 1544 2558 μαστῶν
1595 2489 1823 2557 έκφυὲν,
1871 2489 2059 2557 κύκλῳ

473 2571 543 2623 τά
571 2573 700 2642 περὶ
734 2573 934 2636 αὑτοὺς
965 2574 1310 2642 ἐλυμαίνετο.
1364 2579 1558 2648 Πάσης
1591 2573 1687 2631 οὖν
1720 2577 1888 2647 άλλης
1916 2579 2059 2630 ἀποε-

473 2663 680 2731 γνοῦσα
735 2666 831 2718 καὶ
870 2666 1010 2735 αὑτὴ
1053 2667 1376 2737 θεραπείας,
1420 2669 1671 2734 ὑπέξεισι
1703 2669 1920 2740 νύκτωρ
1958 2669 2059 2738 τῆς

480 2757 690 2821 πόλεως
711 2772 725 2787 ·
760 2756 995 2810 ἐλθοῦσά
1021 2775 1077 2811 τε
1118 2759 1205 2811 διὰ
1232 2759 1575 2823 Σελευκείας,
1613 2761 1707 2813 καὶ
1735 2762 1847 2822 τοῖς
1877 2762 2058 2827 αίγια-

475 2847 587 2912 λοῖς
615 2851 909 2916 ἐπιστᾶσα,
940 2849 1129 2903 πλοίου
1159 2851 1219 2904 τέ
1259 2867 1406 2914 τινος
1448 2852 1717 2918 ἐπιϐᾶσα,
1751 2855 1834 2915 είς
1882 2854 2058 2923 Αἰγὰς

479 2940 755 3010 καταίρει.
811 2941 922 2994 Καὶ
975 2941 1352 3012 προσελθοῦσα
1399 2941 1616 3013 θερμῶς
1656 2944 1732 3014 τῷ
1784 2945 1944 3015 ἁγίῳ,
1998 2946 2059 2998 τὸ

474 3031 648 3086 δεινὸν
681 3034 860 3084 έκεῖνο
915 3031 1088 3096 πάθος
1123 3031 1488 3098 ὑποδεικνύει,
1516 3034 1612 3086 καὶ
1665 3033 1839 3087 δεῖται
1868 3033 2057 3086 τούτου

375 3141 388 3152 ·
475 3125 571 3177 καὶ
648 3123 881 3177 ἱκετεύει
917 3123 1061 3177 ὥστε
1099 3123 1133 3195 ἢ
1165 3125 1222 3176 ὲν
1271 3123 1574 3194 ὀφθαλμοῖς
1627 3124 1922 3179 ἀποθανεῖν
1945 3128 2058 3191 τοῖς

475 3215 710 3281 ἐκείνου,
775 3218 871 3270 καὶ
925 3217 1024 3270 σὺν
1077 3217 1234 3286 τάχει
1267 3217 1329 3270 τὸ
1366 3217 1719 3286 ὀφειλόμενον
1772 3219 2057 3284 ἀποτῖσαι,

473 3307 507 3379 ἢ
545 3309 637 3362 τοῦ
686 3307 968 3372 πιέζοντος
1000 3309 1386 3380 ἀπαλλαγῆναι
1419 3309 1594 3362 κακοῦ
1615 3326 1630 3342 ο
1660 3310 1920 3364 τοσοῦτον
1948 3312 2060 3381 γάρ

2165 2206 2499 2268 Antiochiae,
2535 2213 2589 2259 et
2609 2219 2766 2274 opem
2803 2204 3009 2259 ferebat
3038 2206 3226 2261 multis
3271 2207 3664 2277 indigentibus,
3699 2211 3756 2263 in

2163 2299 2412 2353 morbum
2446 2297 2636 2352 incidit
2674 2297 3081 2366 gravissimum.
3126 2299 3265 2352 Eum
3316 2300 3514 2355 medici
3570 2303 3757 2355 nomi-

2161 2402 2297 2444 nant
2326 2389 2738 2460 phagedaenam.
2775 2389 3014 2443 Exortus
3044 2399 3230 2444 autem
3274 2391 3418 2445 inter
3454 2393 3746 2458 mamillas,

2161 2481 2415 2536 vastabat
2461 2481 2645 2534 omnia
2694 2479 3070 2535 circumcirca.
3119 2479 3352 2535 Omnem
3410 2497 3540 2550 ergo
3591 2484 3757 2538 aliam

2161 2573 2460 2642 desperans
2487 2573 2602 2642 ipsa
2634 2587 2853 2642 quoque
2887 2573 3250 2634 curationem.
3285 2574 3561 2644 egreditur
3586 2587 3756 2631 noctu

2161 2681 2190 2720 e
2222 2663 2450 2717 civitate
2481 2680 2495 2716 :
2524 2677 2759 2735 cumque
2808 2663 3054 2719 venisset
3101 2680 3199 2734 per
3238 2665 3568 2729 Seleuciam,
3605 2677 3660 2721 et
3690 2669 3759 2722 ad

2159 2755 2314 2808 littus
2344 2755 2690 2817 accessisset,
2734 2765 2797 2808 et
2840 2770 3033 2809 navem
3070 2756 3358 2822 quamdam
3396 2757 3758 2823 ascendisset,

2160 2845 2384 2914 appellit
2437 2843 2620 2915 Egas.
2693 2845 2761 2898 Et
2822 2846 3034 2900 ardenti
3107 2845 3290 2900 studio
3351 2847 3418 2900 ad
3497 2859 3748 2902 sanctum

2161 2934 2452 2997 accedens,
2497 2934 2546 2988 ei
2599 2934 2841 2988 ostendit
2891 2949 3111 3002 gravem
3175 2936 3321 2990 illam
3377 2936 3755 3003 affectionem,

2161 3039 2398 3094 eumque
2433 3033 2588 3096 rogat
2617 3035 2673 3078 et
2702 3025 2996 3095 supplicat,
3033 3036 3088 3080 ut
3122 3027 3208 3080 vel
3234 3035 3364 3082 ante
3387 3029 3532 3083 illius
3558 3030 3751 3084 oculos

2162 3118 2450 3182 moriatur,
2483 3125 2538 3171 et
2571 3116 2681 3171 cito
2711 3117 2955 3171 exsolvat
2980 3118 3254 3184 debitum;
3287 3120 3372 3174 vel
3409 3119 3674 3174 liberetur
3706 3137 3738 3174 a
3815 3122 3818 3124 ’

2161 3208 2328 3271 malo,
2370 3207 2516 3277 quod
2565 3223 2684 3262 eam
2736 3207 2945 3278 afﬂigit.
2993 3207 3214 3263 Morbus
3254 3211 3402 3263 enim
3453 3210 3506 3266 ei
3551 3219 3756 3266 tantam

2163 3299 2427 3354 afferebat
2481 3299 2902 3362 necessitatem,
2963 3307 3020 3354 et
3077 3309 3294 3355 tantum
3343 3301 3594 3356 dolorem
3625 3341 3640 3364 ,
3698 3310 3758 3354 ut

474 3397 580 3451 ὑπὸ
607 3397 703 3450 τοῦ
751 3397 961 3460 πάθους
991 3397 1288 3467 ἠνέγκατο,
1315 3399 1412 3450 καὶ
1441 3397 1804 3469 τηλικαύταις
1835 3398 2056 3462 ὀδύναις

2164 3392 2328 3446 etiam
2351 3399 2580 3444 mortem
2607 3399 2820 3460 peteret
2844 3390 2964 3444 loco
2991 3390 3267 3454 beneﬁcii,
3296 3399 3354 3445 et
3379 3407 3442 3446 ea
3471 3393 3753 3446 videretur

474 3488 776 3559 συνείχετο,
805 3490 882 3552 ῶς
917 3489 1012 3541 καὶ
1041 3489 1135 3541 τὸν
1179 3487 1416 3542 θάνατον
1449 3468 1507 3541 ὲν
1534 3489 1856 3558 εὐεργεσίας
1883 3491 2057 3543 αίτεῖ-

2160 3498 2281 3538 esse
2335 3483 2591 3536 liberatio
2657 3497 2686 3534 a
2747 3481 2932 3536 malis.
3000 3482 3136 3535 Cum
3199 3482 3248 3535 is
3308 3492 3491 3536 motus
3556 3482 3758 3537 fuisset

475 3581 602 3635 σθαι
638 3583 818 3650 μέρει,
860 3581 959 3633 καὶ
992 3580 1182 3632 τοῦτον
1211 3575 1353 3637 εἶναι
1385 3580 1565 3634 δοκεῖν
1610 3581 1719 3632 τῶν
1743 3580 2054 3635 λυπούντων

468 3669 808 3740 ἑλεοθερίαν.
853 3667 1041 3721 Ταῦτα
1076 3667 1172 3722 τοῦ
1228 3669 1385 3738 ἁγίου
1445 3669 1919 3741 δεδυσωπημένος,
1961 3673 2056 3726 καὶ

468 3763 536 3830 τῇ
580 3762 728 3830 χειρὶ
763 3759 823 3812 τὸ
849 3757 944 3811 τοῦ
990 3759 1228 3828 σταυροῦ
1293 3762 1522 3830 σημεῖον
1568 3761 2052 3826 ὑποτυπώσαντος,

476 3853 668 3906 ἔπειτα
697 3851 755 3904 δὲ
773 3851 868 3904 καὶ
890 3850 952 3904 τὸ
972 3851 1069 3905 τοῦ
1095 3852 1335 3920 Χριστοῦ
1370 3851 1512 3906 θεῖον
1537 3853 2056 3923 ὑνομαὲπιφθεγξα-

479 3948 640 4016 μένου
666 3947 678 3999 !
723 3946 808 4016 (ὦ
843 3945 978 3998 Θεοῦ
1007 3947 1296 4016 κριμάτων
1323 3947 1336 4000 !
1377 3945 1422 3998 ὣ
1453 3949 1776 4002 ἀνεικάστου
1826 3947 2054 4018 χρηστό·

469 4039 713 4109 τητοςί)
770 4040 1038 4109 ῥήγνυται
1099 4037 1196 4106 μὲν
1236 4037 1438 4102 εὐθέως
1504 4038 1566 4090 τὸ
1607 4041 1801 4106 πάθος,
1859 4041 2056 4110 ἰχῶρος

471 4129 774 4199 πληρῶσαν
802 4128 864 4179 τὸ
887 4127 1106 4195 ἔδαφος,
1153 4125 1338 4180 λύεται
1363 4129 1419 4182 δὲ
1447 4128 1559 4181 τῶν
1591 4129 1796 4183 ὀδυνῶν
1827 4131 1860 4200 ὴ
1893 4129 2050 4202 γυνὴ,

471 4222 567 4275 καὶ
601 4220 737 4289 πρὸς
776 4217 874 4290 τὴν
913 4217 1190 4288 Ἀντιόχου
1230 4219 1388 4290 ὑγιὴς
1414 4221 1700 4292 ἐπανήκει.

542 4313 620 4367 E'.
658 4312 739 4366 Τά
767 4312 824 4364 δὲ
857 4310 998 4381 μετά
1051 4311 1225 4364 ταῦτα
1269 4311 1510 4381 διωγμὸς
1559 4313 1707 4368 κατά
1757 4313 1860 4384 τῆς
1896 4315 2053 4369 εὐσε-

471 4405 624 4468 ϐείας
662 4402 1072 4474 Διοκλητιανοῦ,
1114 4406 1207 4458 καὶ
1257 4405 1436 4475 δόγμα
1469 4407 1602 4477 παρ’
1652 4409 1818 4461 αὑτοῦ
1855 4409 2051 4478 θεομάο

468 4515 592 4566 χου,
643 4497 739 4551 καὶ
768 4496 975 4560 Λυσίας
1033 4497 1134 4567 τῆς
1191 4497 1474 4567 ὠμότητος
1543 4500 1753 4552 ἐκείνου
1814 4501 1910 4553 καὶ
1954 4499 2056 4570 τῆς

467 4589 868 4659 ἀπανθρωπίας
895 4589 1176 4660 ὑπηρέτης
1211 4589 1570 4660 θερμότατος.
1599 4590 1790 4656 Ὅστις
1816 4593 1886 4646 τὰ
1911 4592 2054 4646 κατά

467 4682 558 4737 τὸν
587 4683 730 4734 θεῖον
770 4678 960 4748 μαθὼν
1005 4680 1282 4750 Ζηνὸϐιον,
1321 4684 1416 4735 καὶ
1451 4683 1600 4746 ὅπως
1631 4684 1726 4737 ἕνα
1769 4686 1930 4755 μόνον
1954 4701 2053 4754 κη-

2161 3581 2406 3638 sanctus,
2436 3581 2492 3626 et
2524 3586 2691 3626 manu
2720 3571 2905 3627 crucis
2929 3571 3146 3642 signum
3187 3571 3432 3636 fecisset,
3467 3583 3522 3631 et
3547 3575 3750 3628 deinde

2157 3665 2402 3719 divinum
2432 3664 2635 3718 Christi
2668 3677 2866 3718 nomen
2903 3663 3214 3717 invocasset
3245 3663 3302 3732 (ο
3332 3662 3428 3717 Dei
3459 3663 3691 3732 judicia,
3721 3681 3755 3719 o

2157 3757 2570 3828 benignitatem,
2597 3771 2719 3824 qua
2763 3754 2928 3808 nullis
2962 3763 3145 3824 potest
3187 3753 3370 3809 verbis
3401 3754 3636 3823 exprimi
3669 3757 3680 3807 l
3711 3757 3753 3822 ),

2158 3848 2433 3915 rumpitur
2472 3848 2696 3915 quidem
2749 3846 2932 3900 statim
2979 3845 3225 3910 morbus,
3271 3845 3366 3914 qui
3408 3845 3586 3899 solum
3650 3845 3754 3898 im-

2158 3940 2331 4010 plevit
2364 3940 2524 3992 sanie
2559 3955 2574 3990 :
2610 3936 2844 3991 solvitur
2896 3945 3077 3989 autem
3132 3935 3329 3990 mulier
3375 3950 3405 3989 a
3447 3935 3750 4000 doloribus,

2156 4039 2212 4084 et
2245 4029 2536 4084 revertitur
2572 4043 2704 4081 sana
2735 4026 3104 4082 Antiochiam.

2229 4345 2294 4398 ν.
2333 4345 2466 4410 Quae
2496 4353 2679 4397 autem
2705 4351 2828 4413 post
2865 4343 2983 4398 haec
3009 4354 3337 4412 sequuntur,
3375 4351 3507 4398 sunt
3535 4342 3749 4400 Diocle-

2159 4438 2292 4492 tiani
2347 4437 2657 4505 persecutio
2700 4434 2962 4488 adversus
3001 4435 3280 4502 pietatem,
3324 4442 3379 4489 et
3423 4433 3537 4489 Deo
3571 4434 3749 4490 inimi-

2156 4542 2279 4582 cum
2332 4526 2402 4580 ab
2444 4540 2510 4579 eo
2566 4524 2873 4595 profectum
2934 4526 3199 4590 edictum,
3245 4533 3302 4580 et
3355 4523 3546 4596 Lysias
3600 4526 3747 4581 illius

2156 4617 2380 4673 savitiae
2410 4624 2466 4670 et
2505 4614 2928 4670 inhumanitatis
2980 4617 3237 4668 minister
3268 4618 3592 4672 acerrimus.
3638 4617 3745 4683 Qui

2157 4724 2284 4763 cum
2318 4707 2626 4776 accepisset
2649 4706 2892 4758 divinum
2923 4704 3224 4760 Zenobium
3255 4706 3554 4776 praedicare
3571 4725 3743 4768 unum

471 4775 653 4846 ρύττει
691 4772 846 4836 Θεὸν,
884 4771 981 4823 καὶ
1009 4771 1121 4822 τῶν
1170 4771 1338 4824 αὑτοῦ
1379 4773 1614 4826 ἐντολῶν
1653 4791 1714 4826 τε
1749 4777 1844 4829 καὶ
1889 4777 2050 4844 θεληυ

2159 4799 2326 4855 solum
2383 4771 2585 4860 De—um,
2638 4799 2868 4866 ejusque
2938 4806 3208 4866 praecepta
3255 4771 3331 4851 -οι
3401 4797 3741 4855 voluntatem

471 4869 659 4938 μάτων
712 4863 992 4934 ἐπιμελῶς
1031 4863 1392 4934 περιέχεται,
1456 4867 1604 4926 ὅπως
1657 4882 1716 4917 τε
1768 4869 1835 4937 τῇ
1883 4868 2051 4922 αὑτοῦ

467 4957 755 5028 ἐπικλήσει
809 4957 998 5020 νόσους
1034 4955 1301 5026 εὑχειρῶς
1348 4955 1464 5008 λύει
1511 4957 1711 5020 πάσας,
1768 4960 1860 5011 καὶ
1894 4961 2052 5029 χεῖρα

467 5054 580 5113 τοῖς
631 5049 911 5119 δεομένοις
953 5050 1225 5118 προτείνει
1288 5047 1530 5117 δαψιλῶς
1592 5051 1847 5119 ῥέουσαν,
1890 5051 2053 5115 εὐθὺς

468 5143 634 5198 αὑτὸν
673 5140 1064 5211 συλλαμσάνει,
1102 5142 1196 5193 και
1236 5140 1578 5210 προκαθίσας
1619 5140 1716 5194 ἐπὶ
1753 5140 1930 5212 μέσης
1950 5141 2052 5211 τῆς

469 5236 701 5300 πόλεως,
748 5234 846 5287 καὶ
900 5235 992 5286 τὸν
1041 5232 1212 5302 ἄνδρα
1267 5233 1410 5286 κατὰ
1448 5231 1745 5302 πρόσωπον
1801 5231 2048 5301 ἀγαγὼν,

469 5326 648 5379 Πολλά
682 5342 795 5396 μοι,
825 5325 982 5396 φησὶ,
1010 5325 1140 5394 περὶ
1172 5323 1289 5390 σοῦ,
1327 5324 1573 5393 Ζηνόὸιε,
1610 5326 1898 5395 ἧκουσται·
1932 5324 2050 5377 ἀλλ’

465 5416 579 5486 ἐγὼ
605 5421 744 5488 μόνῃ
788 5414 1071 5468 πιστεύειν
1131 5416 1269 5484 ἀκοῇ
1307 5416 1505 5486 ῥᾳδίως
1542 5416 1646 5469 οὑκ
1711 5415 1873 5486 ἔχων,
1907 5415 2048 5469 ὥστε

467 5513 563 5565 καὶ
591 5511 909 5579 ὀφθαλμοὺς
937 5509 1228 5581 μάρτυρας
1255 5511 1485 5580 ποιῆσαι
1508 5509 1618 5563 τῶν
1648 5509 2046 5575 ἀκουσθέντων,

467 5604 563 5658 καὶ
599 5603 687 5656 ἵνα
720 5601 781 5655 τὸ
813 5601 952 5654 πολὺ
994 5599 1202 5654 συνέλω
1261 5601 1357 5654 τοῦ
1395 5601 1582 5669 λόγου,
1616 5600 1712 5654 δύο
1763 5617 1848 5654 σοι
1874 5601 2048 5655 ταῦτα

465 5696 818 5765 προτίθεμαι,
861 5693 894 5762 ἢ
941 5695 1236 5764 πεισθῆναι
1299 5693 1376 5764 τῷ
1413 5694 1523 5747 τῶν
1578 5693 1927 5762 κρατούντων
1958 5695 2054 5746 εὐ.

466 5789 619 5842 σεϐεῖ
654 5787 1012 5860 διατάγματι,
1059 5788 1157 5840 καὶ
1220 5787 1380 5840 θῦσαι
1420 5789 1519 5840 σὺν
1565 5791 1699 5860 ἡμῖν
1725 5795 1861 5854 ’τοῖς
1886 5791 2052 5858 θεοῖς,

464 5881 605 5955 ὅπερ
634 5881 895 5953 τιμῆςοε
919 5879 1021 5949 τῆς
1050 5879 1316 5951 μεγίστης
1348 5880 1660 5936 ἀπολαῦσαι
1694 5884 2108 5954 παρασκευάσει
2133 5929 2149 5958 ,

2153 4890 2394 4945 studiose
2422 4897 2476 4942 et
2503 4888 2794 4958 diligenter
2831 4888 3111 4956 amplecti,
3146 4900 3201 4942 et
3233 4888 3352 4958 ejus
3391 4888 3742 4947 invocatione

2153 4979 2376 5032 morbos
2429 4991 2622 5031 omnes
2672 4975 2832 5031 facile
2888 4978 3123 5042 solvere,
3165 4987 3220 5032 et
3253 4994 3476 5032 manum
3521 4980 3740 5035 abunde

2151 5070 2592 5139 suppeditantem
2651 5069 2932 5139 porrigere
2977 5069 3304 5139 egentibus,
3357 5085 3484 5124 eum
3551 5071 3738 5126 statim

2150 5159 2592 5231 comprehendit,
2639 5172 2694 5212 et
2735 5173 2859 5212 cum
2914 5158 2968 5212 in
3009 5159 3188 5214 media
3220 5162 3563 5228 praesedisset
3598 5163 3737 5217 civi-

2150 5263 2283 5319 tate,
2312 5261 2367 5308 et
2397 5268 2520 5308 eum
2554 5267 2734 5306 coram
2762 5252 2881 5322 ipso
2910 5262 3156 5306 curasset
3181 5253 3482 5307 sistendum
3515 5273 3528 5308 :
3555 5253 3735 5326 Siepe,

2148 5345 2354 5415 inquit,
2387 5362 2418 5399 ο
2447 5345 2672 5410 Zenobi,
2703 5359 2732 5398 a
2768 5359 2853 5398 me
2881 5344 2948 5398 de
2974 5351 3026 5399 te
3052 5357 3136 5403 est
3160 5346 3404 5400 auditum
3433 5363 3447 5398 :
3483 5347 3577 5400 sed
3611 5363 3736 5402 cum

2148 5453 2258 5493 non
2289 5438 2447 5492 facile
2473 5451 2690 5506 possem
2725 5436 2826 5490 soli
2870 5436 3029 5490 fama:
3073 5438 3320 5500 credere,
3355 5447 3642 5508 propterea
3681 5448 3735 5494 te

2149 5530 2204 5585 in
2260 5545 2440 5584 meum
2497 5529 2694 5584 adduxi
2745 5539 3140 5598 conspectum,
3202 5537 3260 5582 ut
3327 5531 3490 5584 etiam
3545 5530 3737 5586 oculos

2148 5623 2408 5677 haberem
2452 5630 2620 5677 testes
2649 5636 2861 5685 eorum,
2910 5636 3031 5691 quae
3060 5621 3240 5677 audivi
3277 5639 3290 5675 :
3324 5631 3401 5689 et,
3451 5632 3511 5675 ut
3545 5625 3738 5693 paucis

2152 5714 2456 5779 absolvam,
2499 5714 2612 5768 haec
2638 5714 2748 5768 duo
2781 5713 2876 5768 tibi
2909 5728 3176 5783 propono,
3209 5724 3268 5768 ut
3303 5715 3388 5769 vel
3419 5730 3610 5783 pareas
3645 5718 3737 5786 pio

2153 5807 2334 5862 edicto
2370 5806 2788 5875 imperatorum,
2835 5813 2890 5860 et
2935 5806 3038 5859 diis
3069 5806 3354 5861 nobiscum
3406 5808 3681 5862 sacriﬁcas
3716 5826 3731 5840 -

2261 5897 2353 5950 καὶ
2445 5896 2678 5951 πλούτου
2742 5899 3030 5956 δαψίλειαν
3064 5897 3122 5951 εὖ
3156 5897 3267 5951 ἴσθι
3300 5899 3393 5951 καὶ
3432 5901 3548 5968 βίου
3593 5902 3734 5970 λαμ-
