  <div class='ocr_page' id='page_1' title='image "/cluster/home/n/w/nwhite01/storage/ocr_20150623/115:no.2/coo.31924054870195/665.png"; bbox 0 0 4132 6484; ppageno 0'>
   <div class='ocr_carea' id='block_1_1' title="bbox 442 409 584 475">
    <p class='ocr_par' dir='ltr' id='par_1_1' title="bbox 442 409 584 475">
     <span class='ocr_line' id='line_1_1' title="bbox 442 409 584 475; baseline -0.021 0"><span class='ocrx_word' id='word_1_1' title='bbox 442 409 584 475; x_wconf 77' lang='lat'><strong>1315</strong></span> 
     </span>
    </p>
   </div>
   <div class='ocr_carea' id='block_1_2' title="bbox 1735 393 2435 456">
    <p class='ocr_par' dir='ltr' id='par_1_2' title="bbox 1735 393 2435 456">
     <span class='ocr_line' id='line_1_2' title="bbox 1735 393 2435 456; baseline -0.006 0"><span class='ocrx_word' id='word_1_2' title='bbox 1735 395 2027 456; x_wconf 87' lang='lat' dir='ltr'><strong>MENSlS</strong></span> <span class='ocrx_word' id='word_1_3' title='bbox 2065 393 2435 454; x_wconf 77' lang='lat' dir='ltr'><strong>OCTOBER.</strong></span> 
     </span>
    </p>
   </div>
   <div class='ocr_carea' id='block_1_3' title="bbox 3573 381 3713 445">
    <p class='ocr_par' dir='ltr' id='par_1_3' title="bbox 3573 381 3713 445">
     <span class='ocr_line' id='line_1_3' title="bbox 3573 381 3713 445; baseline -0.014 -1"><span class='ocrx_word' id='word_1_4' title='bbox 3573 381 3713 445; x_wconf 68' lang='lat'><strong>1316</strong></span> 
     </span>
    </p>
   </div>
   <div class='ocr_carea' id='block_1_4' title="bbox 437 495 2026 590">
    <p class='ocr_par' dir='ltr' id='par_1_4' title="bbox 437 510 2024 590">
     <span class='ocr_line' id='line_1_4' title="bbox 437 510 2024 590; baseline -0.008 -16"><span class='ocrx_word' id='word_1_5' title='bbox 437 521 583 590; x_wconf 89' lang='lat' dir='ltr'><strong>quod</strong></span> <span class='ocrx_word' id='word_1_6' title='bbox 641 517 861 586; x_wconf 83' lang='lat' dir='ltr'><strong>quidem</strong></span> <span class='ocrx_word' id='word_1_7' title='bbox 908 515 1127 580; x_wconf 78' lang='lat' dir='ltr'><strong>efﬁciet,</strong></span> <span class='ocrx_word' id='word_1_8' title='bbox 1187 522 1245 567; x_wconf 93' lang='lat' dir='ltr'><strong>ut</strong></span> <span class='ocrx_word' id='word_1_9' title='bbox 1295 523 1350 568; x_wconf 93' lang='lat' dir='ltr'><strong>tu</strong></span> <span class='ocrx_word' id='word_1_10' title='bbox 1408 511 1707 566; x_wconf 75' lang='lat' dir='ltr'><strong>maximum</strong></span> <span class='ocrx_word' id='word_1_11' title='bbox 1759 510 2024 562; x_wconf 90' lang='lat' dir='ltr'><strong>honorem</strong></span> 
     </span>
    </p>
   </div>
   <div class='ocr_carea' id='block_1_5' title="bbox 2129 495 3720 590">
    <p class='ocr_par' dir='ltr' id='par_1_5' title="bbox 2130 495 3720 574">
     <span class='ocr_line' id='line_1_5' title="bbox 2130 495 3720 574; baseline -0.004 -18"><span class='ocrx_word' id='word_1_12' title='bbox 2130 507 2405 574; x_wconf 86' lang='grc' dir='ltr'>πρὸτητα,</span> <span class='ocrx_word' id='word_1_13' title='bbox 2471 502 2566 554; x_wconf 74' lang='grc' dir='ltr'>καὶ</span> <span class='ocrx_word' id='word_1_14' title='bbox 2618 498 2840 567; x_wconf 81' lang='grc' dir='ltr'><strong>ἀγαθῶν</strong></span> <span class='ocrx_word' id='word_1_15' title='bbox 2873 499 3048 552; x_wconf 77' lang='grc' dir='ltr'>ἄλλων</span> <span class='ocrx_word' id='word_1_16' title='bbox 3093 495 3330 566; x_wconf 75' lang='grc' dir='ltr'>ἀμοιϐὰς</span> <span class='ocrx_word' id='word_1_17' title='bbox 3386 496 3720 565; x_wconf 76' lang='grc' dir='ltr'>προξενήσει</span> 
     </span>
    </p>
   </div>
   <div class='ocr_carea' id='block_1_6' title="bbox 437 601 2022 681">
    <p class='ocr_par' dir='ltr' id='par_1_6' title="bbox 437 601 2022 681">
     <span class='ocr_line' id='line_1_6' title="bbox 437 601 2022 681; baseline -0.009 -14"><span class='ocrx_word' id='word_1_18' title='bbox 437 610 769 681; x_wconf 74' lang='lat' dir='ltr'><strong>assequeris,</strong></span> <span class='ocrx_word' id='word_1_19' title='bbox 804 619 857 662; x_wconf 89' lang='lat' dir='ltr'><strong>et</strong></span> <span class='ocrx_word' id='word_1_20' title='bbox 890 621 1112 679; x_wconf 80' lang='lat' dir='ltr'><strong>magnas</strong></span> <span class='ocrx_word' id='word_1_21' title='bbox 1141 621 1296 675; x_wconf 87' lang='lat' dir='ltr'><strong>opes,</strong></span> <span class='ocrx_word' id='word_1_22' title='bbox 1322 614 1377 659; x_wconf 90' lang='lat' dir='ltr'><strong>ct</strong></span> <span class='ocrx_word' id='word_1_23' title='bbox 1408 604 1532 658; x_wconf 74' lang='lat' dir='ltr'><strong>vita:</strong></span> <span class='ocrx_word' id='word_1_24' title='bbox 1562 601 1935 672; x_wconf 78' lang='lat' dir='ltr'><strong>splendorem,</strong></span> <span class='ocrx_word' id='word_1_25' title='bbox 1967 609 2022 654; x_wconf 88' lang='lat' dir='ltr'><strong>et</strong></span> 
     </span>
    </p>
   </div>
   <div class='ocr_carea' id='block_1_7' title="bbox 435 691 2022 760">
    <p class='ocr_par' dir='ltr' id='par_1_7' title="bbox 435 691 2022 760">
     <span class='ocr_line' id='line_1_7' title="bbox 435 691 2022 760; baseline -0.008 -4"><span class='ocrx_word' id='word_1_26' title='bbox 435 702 666 760; x_wconf 86' lang='lat' dir='ltr'><strong>aliorum</strong></span> <span class='ocrx_word' id='word_1_27' title='bbox 713 700 982 752; x_wconf 88' lang='lat' dir='ltr'><strong>bonorum</strong></span> <span class='ocrx_word' id='word_1_28' title='bbox 1029 695 1504 751; x_wconf 78' lang='lat' dir='ltr'><strong>remunerationes</strong></span> <span class='ocrx_word' id='word_1_29' title='bbox 1553 694 1648 747; x_wconf 92' lang='lat' dir='ltr'><strong>tibi</strong></span> <span class='ocrx_word' id='word_1_30' title='bbox 1707 691 2022 747; x_wconf 76' lang='lat' dir='ltr'><strong>conciliabit</strong></span> 
     </span>
    </p>
   </div>
   <div class='ocr_carea' id='block_1_8' title="bbox 437 784 2020 864">
    <p class='ocr_par' dir='ltr' id='par_1_8' title="bbox 437 784 2020 864">
     <span class='ocr_line' id='line_1_8' title="bbox 437 784 2020 864; baseline -0.005 -16"><span class='ocrx_word' id='word_1_31' title='bbox 437 795 564 864; x_wconf 82' lang='lat' dir='ltr'><strong>(hoc</strong></span> <span class='ocrx_word' id='word_1_32' title='bbox 597 793 690 847; x_wconf 91' lang='lat' dir='ltr'><strong>tibi</strong></span> <span class='ocrx_word' id='word_1_33' title='bbox 733 802 889 861; x_wconf 86' lang='lat' dir='ltr'><strong>potes</strong></span> <span class='ocrx_word' id='word_1_34' title='bbox 920 800 1071 845; x_wconf 87' lang='lat' dir='ltr'><strong>certo</strong></span> <span class='ocrx_word' id='word_1_35' title='bbox 1108 789 1462 862; x_wconf 84' lang='lat' dir='ltr'><strong>persuadere)</strong></span> <span class='ocrx_word' id='word_1_36' title='bbox 1498 804 1511 841; x_wconf 88' lang='lat'><strong>:</strong></span> <span class='ocrx_word' id='word_1_37' title='bbox 1545 788 1630 844; x_wconf 90' lang='lat' dir='ltr'><strong>vel</strong></span> <span class='ocrx_word' id='word_1_38' title='bbox 1665 797 1721 841; x_wconf 90' lang='lat' dir='ltr'><strong>ut</strong></span> <span class='ocrx_word' id='word_1_39' title='bbox 1745 784 2020 840; x_wconf 85' lang='lat' dir='ltr'><strong>damneris</strong></span> 
     </span>
    </p>
   </div>
   <div class='ocr_carea' id='block_1_9' title="bbox 437 882 2016 952">
    <p class='ocr_par' dir='ltr' id='par_1_9' title="bbox 437 882 2016 952">
     <span class='ocr_line' id='line_1_9' title="bbox 437 882 2016 952; baseline -0.004 -14"><span class='ocrx_word' id='word_1_40' title='bbox 437 886 504 939; x_wconf 86' lang='lat' dir='ltr'><strong>ad</strong></span> <span class='ocrx_word' id='word_1_41' title='bbox 531 885 732 952; x_wconf 78' lang='lat' dir='ltr'><strong>plagas,</strong></span> <span class='ocrx_word' id='word_1_42' title='bbox 770 883 1012 949; x_wconf 89' lang='lat' dir='ltr'><strong>vincula,</strong></span> <span class='ocrx_word' id='word_1_43' title='bbox 1045 882 1349 946; x_wconf 88' lang='lat' dir='ltr'><strong>cruciatus,</strong></span> <span class='ocrx_word' id='word_1_44' title='bbox 1397 889 1452 936; x_wconf 86' lang='lat' dir='ltr'><strong>et</strong></span> <span class='ocrx_word' id='word_1_45' title='bbox 1491 889 1687 934; x_wconf 70' lang='lat' dir='ltr'><strong>caetera</strong></span> <span class='ocrx_word' id='word_1_46' title='bbox 1725 885 2016 932; x_wconf 80' lang='lat' dir='ltr'><strong>tormenta.</strong></span> 
     </span>
    </p>
   </div>
   <div class='ocr_carea' id='block_1_10' title="bbox 435 971 2024 1044">
    <p class='ocr_par' dir='ltr' id='par_1_10' title="bbox 435 971 2024 1044">
     <span class='ocr_line' id='line_1_10' title="bbox 435 971 2024 1044; baseline -0.004 -14"><span class='ocrx_word' id='word_1_47' title='bbox 435 977 681 1043; x_wconf 84' lang='lat' dir='ltr'><strong>Quorum</strong></span> <span class='ocrx_word' id='word_1_48' title='bbox 711 975 967 1044; x_wconf 85' lang='lat' dir='ltr'><strong>quisnam</strong></span> <span class='ocrx_word' id='word_1_49' title='bbox 1016 985 1099 1029; x_wconf 88' lang='lat' dir='ltr'><strong>est</strong></span> <span class='ocrx_word' id='word_1_50' title='bbox 1127 975 1266 1030; x_wconf 91' lang='lat' dir='ltr'><strong>alius</strong></span> <span class='ocrx_word' id='word_1_51' title='bbox 1295 973 1438 1039; x_wconf 86' lang='lat' dir='ltr'><strong>ﬁnis,</strong></span> <span class='ocrx_word' id='word_1_52' title='bbox 1483 971 1589 1026; x_wconf 87' lang='lat' dir='ltr'><strong>nisi</strong></span> <span class='ocrx_word' id='word_1_53' title='bbox 1617 987 1769 1025; x_wconf 88' lang='lat' dir='ltr'><strong>mors</strong></span> <span class='ocrx_word' id='word_1_54' title='bbox 1800 971 2024 1026; x_wconf 86' lang='lat' dir='ltr'><strong>omnino</strong></span> 
     </span>
    </p>
   </div>
   <div class='ocr_carea' id='block_1_11' title="bbox 433 1063 2021 1134">
    <p class='ocr_par' dir='ltr' id='par_1_11' title="bbox 433 1063 2021 1134">
     <span class='ocr_line' id='line_1_11' title="bbox 433 1063 2021 1134; baseline -0.004 -12"><span class='ocrx_word' id='word_1_55' title='bbox 433 1068 754 1132; x_wconf 69' lang='lat' dir='ltr'><strong>suavissima,</strong></span> <span class='ocrx_word' id='word_1_56' title='bbox 786 1075 843 1120; x_wconf 89' lang='lat' dir='ltr'><strong>et</strong></span> <span class='ocrx_word' id='word_1_57' title='bbox 869 1066 1027 1134; x_wconf 90' lang='lat' dir='ltr'><strong>plena</strong></span> <span class='ocrx_word' id='word_1_58' title='bbox 1065 1068 1306 1121; x_wconf 78' lang='lat' dir='ltr'><strong>maximo</strong></span> <span class='ocrx_word' id='word_1_59' title='bbox 1341 1065 1568 1120; x_wconf 80' lang='lat' dir='ltr'><strong>dolore?</strong></span> <span class='ocrx_word' id='word_1_60' title='bbox 1605 1063 1685 1118; x_wconf 81' lang='lat' dir='ltr'><strong>Ad</strong></span> <span class='ocrx_word' id='word_1_61' title='bbox 1721 1064 1834 1117; x_wconf 70' lang='lat' dir='ltr'><strong>haec</strong></span> <span class='ocrx_word' id='word_1_62' title='bbox 1866 1076 2021 1132; x_wconf 79' lang='lat' dir='ltr'><strong>egre-</strong></span> 
     </span>
    </p>
   </div>
   <div class='ocr_carea' id='block_1_12' title="bbox 433 1154 2024 1230">
    <p class='ocr_par' dir='ltr' id='par_1_12' title="bbox 433 1154 2024 1230">
     <span class='ocr_line' id='line_1_12' title="bbox 433 1154 2024 1230; baseline -0.006 -15"><span class='ocrx_word' id='word_1_63' title='bbox 433 1161 557 1230; x_wconf 79' lang='lat' dir='ltr'><strong>gius</strong></span> <span class='ocrx_word' id='word_1_64' title='bbox 586 1158 862 1215; x_wconf 85' lang='lat' dir='ltr'><strong>Zenobius</strong></span> <span class='ocrx_word' id='word_1_65' title='bbox 894 1177 912 1214; x_wconf 90' lang='lat'><strong>:</strong></span> <span class='ocrx_word' id='word_1_66' title='bbox 941 1159 1094 1222; x_wconf 80' lang='lat' dir='ltr'><strong>Mihi,</strong></span> <span class='ocrx_word' id='word_1_67' title='bbox 1135 1159 1336 1228; x_wconf 90' lang='lat' dir='ltr'><strong>inquit,</strong></span> <span class='ocrx_word' id='word_1_68' title='bbox 1387 1173 1530 1212; x_wconf 91' lang='lat' dir='ltr'><strong>unus</strong></span> <span class='ocrx_word' id='word_1_69' title='bbox 1573 1164 1660 1211; x_wconf 91' lang='lat' dir='ltr'><strong>est</strong></span> <span class='ocrx_word' id='word_1_70' title='bbox 1687 1170 1850 1209; x_wconf 87' lang='lat' dir='ltr'><strong>verus</strong></span> <span class='ocrx_word' id='word_1_71' title='bbox 1882 1154 2024 1208; x_wconf 83' lang='lat' dir='ltr'><strong>Deus</strong></span> 
     </span>
    </p>
   </div>
   <div class='ocr_carea' id='block_1_13' title="bbox 431 1245 2023 1322">
    <p class='ocr_par' dir='ltr' id='par_1_13' title="bbox 431 1245 2023 1322">
     <span class='ocr_line' id='line_1_13' title="bbox 431 1245 2023 1322; baseline -0.004 -16"><span class='ocrx_word' id='word_1_72' title='bbox 431 1251 590 1306; x_wconf 85' lang='lat' dir='ltr'><strong>Jesus</strong></span> <span class='ocrx_word' id='word_1_73' title='bbox 619 1251 896 1318; x_wconf 85' lang='lat' dir='ltr'><strong>Christus,</strong></span> <span class='ocrx_word' id='word_1_74' title='bbox 934 1251 990 1305; x_wconf 92' lang='lat' dir='ltr'><strong>in</strong></span> <span class='ocrx_word' id='word_1_75' title='bbox 1037 1265 1146 1320; x_wconf 90' lang='lat' dir='ltr'><strong>quo</strong></span> <span class='ocrx_word' id='word_1_76' title='bbox 1177 1265 1278 1322; x_wconf 80' lang='lat' dir='ltr'><strong>ego</strong></span> <span class='ocrx_word' id='word_1_77' title='bbox 1309 1249 1544 1311; x_wconf 80' lang='lat' dir='ltr'><strong>confido,</strong></span> <span class='ocrx_word' id='word_1_78' title='bbox 1578 1263 1606 1300; x_wconf 90' lang='lat' dir='ltr'><strong>a</strong></span> <span class='ocrx_word' id='word_1_79' title='bbox 1641 1263 1750 1317; x_wconf 90' lang='lat' dir='ltr'><strong>quo</strong></span> <span class='ocrx_word' id='word_1_80' title='bbox 1781 1255 1866 1301; x_wconf 91' lang='lat' dir='ltr'><strong>est</strong></span> <span class='ocrx_word' id='word_1_81' title='bbox 1904 1245 2023 1315; x_wconf 88' lang='lat' dir='ltr'><strong>ipsa</strong></span> 
     </span>
    </p>
   </div>
   <div class='ocr_carea' id='block_1_14' title="bbox 431 1337 2018 1413">
    <p class='ocr_par' dir='ltr' id='par_1_14' title="bbox 431 1337 2018 1413">
     <span class='ocr_line' id='line_1_14' title="bbox 431 1337 2018 1413; baseline -0.004 -15"><span class='ocrx_word' id='word_1_82' title='bbox 431 1346 673 1399; x_wconf 80' lang='lat' dir='ltr'><strong>essentia</strong></span> <span class='ocrx_word' id='word_1_83' title='bbox 704 1354 759 1400; x_wconf 91' lang='lat' dir='ltr'><strong>et</strong></span> <span class='ocrx_word' id='word_1_84' title='bbox 802 1345 930 1409; x_wconf 89' lang='lat' dir='ltr'><strong>vita,</strong></span> <span class='ocrx_word' id='word_1_85' title='bbox 993 1352 1048 1398; x_wconf 89' lang='lat' dir='ltr'><strong>et</strong></span> <span class='ocrx_word' id='word_1_86' title='bbox 1083 1354 1312 1413; x_wconf 88' lang='lat' dir='ltr'><strong>propter</strong></span> <span class='ocrx_word' id='word_1_87' title='bbox 1353 1357 1515 1411; x_wconf 91' lang='lat' dir='ltr'><strong>quem</strong></span> <span class='ocrx_word' id='word_1_88' title='bbox 1565 1348 1650 1394; x_wconf 91' lang='lat' dir='ltr'><strong>est</strong></span> <span class='ocrx_word' id='word_1_89' title='bbox 1697 1338 1832 1394; x_wconf 87' lang='lat' dir='ltr'><strong>mihi</strong></span> <span class='ocrx_word' id='word_1_90' title='bbox 1879 1337 2018 1402; x_wconf 82' lang='lat' dir='ltr'><strong>mori</strong></span> 
     </span>
    </p>
   </div>
   <div class='ocr_carea' id='block_1_15' title="bbox 431 1431 2019 1504">
    <p class='ocr_par' dir='ltr' id='par_1_15' title="bbox 431 1431 2019 1504">
     <span class='ocr_line' id='line_1_15' title="bbox 431 1431 2019 1504; baseline -0.003 -16"><span class='ocrx_word' id='word_1_91' title='bbox 431 1435 695 1489; x_wconf 88' lang='lat' dir='ltr'><strong>lucrum:</strong></span> <span class='ocrx_word' id='word_1_92' title='bbox 742 1450 922 1504; x_wconf 85' lang='lat' dir='ltr'><strong>neque</strong></span> <span class='ocrx_word' id='word_1_93' title='bbox 962 1434 1110 1490; x_wconf 88' lang='lat' dir='ltr'><strong>enim</strong></span> <span class='ocrx_word' id='word_1_94' title='bbox 1159 1433 1456 1502; x_wconf 83' lang='lat' dir='ltr'><strong>quidquam</strong></span> <span class='ocrx_word' id='word_1_95' title='bbox 1505 1447 1573 1487; x_wconf 82' lang='lat' dir='ltr'><strong>ex</strong></span> <span class='ocrx_word' id='word_1_96' title='bbox 1622 1433 1708 1494; x_wconf 91' lang='lat' dir='ltr'><strong>iis,</strong></span> <span class='ocrx_word' id='word_1_97' title='bbox 1757 1446 1879 1500; x_wconf 76' lang='lat' dir='ltr'><strong>qua:</strong></span> <span class='ocrx_word' id='word_1_98' title='bbox 1931 1431 2019 1492; x_wconf 68' lang='lat' dir='ltr'><strong>hic</strong></span> 
     </span>
    </p>
   </div>
   <div class='ocr_carea' id='block_1_16' title="bbox 429 1525 2017 1597">
    <p class='ocr_par' dir='ltr' id='par_1_16' title="bbox 429 1525 2017 1597">
     <span class='ocr_line' id='line_1_16' title="bbox 429 1525 2017 1597; baseline -0.001 -16"><span class='ocrx_word' id='word_1_99' title='bbox 429 1529 822 1597; x_wconf 85' lang='lat' dir='ltr'><strong>suntjucunda</strong></span> <span class='ocrx_word' id='word_1_100' title='bbox 855 1526 1306 1592; x_wconf 72' lang='lat' dir='ltr'><strong>etdelectabilia,</strong></span> <span class='ocrx_word' id='word_1_101' title='bbox 1334 1537 1417 1580; x_wconf 88' lang='lat' dir='ltr'><strong>est</strong></span> <span class='ocrx_word' id='word_1_102' title='bbox 1448 1525 1849 1582; x_wconf 85' lang='lat' dir='ltr'><strong>conferendum</strong></span> <span class='ocrx_word' id='word_1_103' title='bbox 1892 1539 2017 1585; x_wconf 85' lang='lat' dir='ltr'><strong>cum</strong></span> 
     </span>
    </p>
   </div>
   <div class='ocr_carea' id='block_1_17' title="bbox 431 1615 2018 1688">
    <p class='ocr_par' dir='ltr' id='par_1_17' title="bbox 431 1615 2018 1688">
     <span class='ocr_line' id='line_1_17' title="bbox 431 1615 2018 1688; baseline 0 -16"><span class='ocrx_word' id='word_1_104' title='bbox 431 1632 516 1681; x_wconf 83' lang='lat' dir='ltr'><strong>ea,</strong></span> <span class='ocrx_word' id='word_1_105' title='bbox 543 1635 648 1688; x_wconf 90' lang='lat' dir='ltr'><strong>qua</strong></span> <span class='ocrx_word' id='word_1_106' title='bbox 673 1629 757 1674; x_wconf 91' lang='lat' dir='ltr'><strong>est</strong></span> <span class='ocrx_word' id='word_1_107' title='bbox 787 1619 919 1683; x_wconf 90' lang='lat' dir='ltr'><strong>illic,</strong></span> <span class='ocrx_word' id='word_1_108' title='bbox 948 1618 1410 1674; x_wconf 87' lang='lat' dir='ltr'><strong>remuneratione.</strong></span> <span class='ocrx_word' id='word_1_109' title='bbox 1443 1615 1808 1684; x_wconf 84' lang='lat' dir='ltr'><strong>Quamobrem</strong></span> <span class='ocrx_word' id='word_1_110' title='bbox 1840 1632 2018 1672; x_wconf 64' lang='lat' dir='ltr'><strong>saevus</strong></span> 
     </span>
    </p>
   </div>
   <div class='ocr_carea' id='block_1_18' title="bbox 431 1708 2067 1781">
    <p class='ocr_par' dir='ltr' id='par_1_18' title="bbox 431 1708 2067 1781">
     <span class='ocr_line' id='line_1_18' title="bbox 431 1708 2067 1781; baseline 0 -16"><span class='ocrx_word' id='word_1_111' title='bbox 431 1712 746 1780; x_wconf 69' lang='lat' dir='ltr'><strong>indignatus</strong></span> <span class='ocrx_word' id='word_1_112' title='bbox 779 1711 986 1781; x_wconf 84' lang='lat' dir='ltr'><strong>Lysias,</strong></span> <span class='ocrx_word' id='word_1_113' title='bbox 1019 1711 1256 1767; x_wconf 85' lang='lat' dir='ltr'><strong>sublime</strong></span> <span class='ocrx_word' id='word_1_114' title='bbox 1291 1711 1346 1765; x_wconf 91' lang='lat' dir='ltr'><strong>in</strong></span> <span class='ocrx_word' id='word_1_115' title='bbox 1382 1711 1531 1781; x_wconf 83' lang='lat' dir='ltr'><strong>ligno</strong></span> <span class='ocrx_word' id='word_1_116' title='bbox 1584 1708 1726 1765; x_wconf 90' lang='lat' dir='ltr'><strong>tollit</strong></span> <span class='ocrx_word' id='word_1_117' title='bbox 1779 1711 2067 1776; x_wconf 83' lang='lat' dir='ltr'><strong>athletam,</strong></span> 
     </span>
    </p>
   </div>
   <div class='ocr_carea' id='block_1_19' title="bbox 433 1804 1773 1874">
    <p class='ocr_par' dir='ltr' id='par_1_19' title="bbox 433 1804 1773 1874">
     <span class='ocr_line' id='line_1_19' title="bbox 433 1804 1773 1874; baseline 0.001 -16"><span class='ocrx_word' id='word_1_118' title='bbox 433 1821 502 1858; x_wconf 89' lang='lat' dir='ltr'><strong>an</strong></span> <span class='ocrx_word' id='word_1_119' title='bbox 538 1804 790 1860; x_wconf 80' lang='lat' dir='ltr'><strong>Christus</strong></span> <span class='ocrx_word' id='word_1_120' title='bbox 823 1807 894 1861; x_wconf 85' lang='lat' dir='ltr'><strong>sit</strong></span> <span class='ocrx_word' id='word_1_121' title='bbox 922 1812 1208 1868; x_wconf 88' lang='lat' dir='ltr'><strong>venturus,</strong></span> <span class='ocrx_word' id='word_1_122' title='bbox 1245 1812 1308 1860; x_wconf 88' lang='lat' dir='ltr'><strong>ut</strong></span> <span class='ocrx_word' id='word_1_123' title='bbox 1339 1805 1390 1861; x_wconf 91' lang='lat' dir='ltr'><strong>ei</strong></span> <span class='ocrx_word' id='word_1_124' title='bbox 1425 1820 1586 1874; x_wconf 90' lang='lat' dir='ltr'><strong>opem</strong></span> <span class='ocrx_word' id='word_1_125' title='bbox 1609 1804 1773 1859; x_wconf 85' lang='lat' dir='ltr'><strong>ferat.</strong></span> 
     </span>
    </p>
   </div>
   <div class='ocr_carea' id='block_1_20' title="bbox 2132 586 3717 666">
    <p class='ocr_par' dir='ltr' id='par_1_20' title="bbox 2132 586 3717 666">
     <span class='ocr_line' id='line_1_20' title="bbox 2132 586 3717 666; baseline -0.007 -18"><span class='ocrx_word' id='word_1_126' title='bbox 2132 611 2238 660; x_wconf 90' lang='grc' dir='ltr'>σοι,</span> <span class='ocrx_word' id='word_1_127' title='bbox 2286 595 2319 666; x_wconf 83' lang='grc' dir='ltr'>ἢ</span> <span class='ocrx_word' id='word_1_128' title='bbox 2352 593 2571 664; x_wconf 79' lang='grc' dir='ltr'>πληγὰς</span> <span class='ocrx_word' id='word_1_129' title='bbox 2599 591 2694 645; x_wconf 78' lang='grc' dir='ltr'><strong>καὶ</strong></span> <span class='ocrx_word' id='word_1_130' title='bbox 2737 590 3025 662; x_wconf 80' lang='grc' dir='ltr'>στρέϐλας,</span> <span class='ocrx_word' id='word_1_131' title='bbox 3062 589 3157 642; x_wconf 84' lang='grc' dir='ltr'>καὶ</span> <span class='ocrx_word' id='word_1_132' title='bbox 3189 586 3461 657; x_wconf 81' lang='grc' dir='ltr'><strong>βασάνους</strong></span> <span class='ocrx_word' id='word_1_133' title='bbox 3511 587 3717 654; x_wconf 80' lang='grc' dir='ltr'>ἑτέρας</span> 
     </span>
    </p>
   </div>
   <div class='ocr_carea' id='block_1_21' title="bbox 2129 678 3720 758">
    <p class='ocr_par' dir='ltr' id='par_1_21' title="bbox 2129 678 3720 758">
     <span class='ocr_line' id='line_1_21' title="bbox 2129 678 3720 758; baseline -0.008 -15"><span class='ocrx_word' id='word_1_134' title='bbox 2129 687 2558 758; x_wconf 71' lang='grc' dir='ltr'><strong>κατακριθῆναι,</strong></span> <span class='ocrx_word' id='word_1_135' title='bbox 2599 680 2673 740; x_wconf 80' lang='grc' dir='ltr'>ὧν</span> <span class='ocrx_word' id='word_1_136' title='bbox 2713 685 2767 738; x_wconf 83' lang='grc' dir='ltr'><strong>τί</strong></span> <span class='ocrx_word' id='word_1_137' title='bbox 2819 684 2880 738; x_wconf 78' lang='grc' dir='ltr'>τὸ</span> <span class='ocrx_word' id='word_1_138' title='bbox 2913 683 3070 746; x_wconf 80' lang='grc' dir='ltr'><strong>τέλος</strong></span> <span class='ocrx_word' id='word_1_139' title='bbox 3127 682 3161 753; x_wconf 75' lang='grc' dir='ltr'>ἢ</span> <span class='ocrx_word' id='word_1_140' title='bbox 3205 678 3446 751; x_wconf 78' lang='grc' dir='ltr'>χαλεπὸς</span> <span class='ocrx_word' id='word_1_141' title='bbox 3492 679 3720 742; x_wconf 81' lang='grc' dir='ltr'>πάντως</span> 
     </span>
    </p>
   </div>
   <div class='ocr_carea' id='block_1_22' title="bbox 2128 772 3718 850">
    <p class='ocr_par' dir='ltr' id='par_1_22' title="bbox 2128 772 3718 850">
     <span class='ocr_line' id='line_1_22' title="bbox 2128 772 3718 850; baseline -0.009 -13"><span class='ocrx_word' id='word_1_142' title='bbox 2128 785 2223 839; x_wconf 68' lang='grc' dir='ltr'>καὶ</span> <span class='ocrx_word' id='word_1_143' title='bbox 2257 781 2653 850; x_wconf 87' lang='grc' dir='ltr'>ὀδυνηρότατος</span> <span class='ocrx_word' id='word_1_144' title='bbox 2693 777 2969 844; x_wconf 87' lang='grc' dir='ltr'>θάνατος;</span> <span class='ocrx_word' id='word_1_145' title='bbox 3017 775 3162 844; x_wconf 76' lang='grc' dir='ltr'>Πρὸς</span> <span class='ocrx_word' id='word_1_146' title='bbox 3191 772 3366 826; x_wconf 87' lang='grc' dir='ltr'>ταῦτα</span> <span class='ocrx_word' id='word_1_147' title='bbox 3401 773 3428 825; x_wconf 88' lang='grc' dir='ltr'>ὁ</span> <span class='ocrx_word' id='word_1_148' title='bbox 3461 774 3718 840; x_wconf 82' lang='grc' dir='ltr'><strong>γενναῖος</strong></span> 
     </span>
    </p>
   </div>
   <div class='ocr_carea' id='block_1_23' title="bbox 2126 862 3717 944">
    <p class='ocr_par' dir='ltr' id='par_1_23' title="bbox 2126 862 3717 944">
     <span class='ocr_line' id='line_1_23' title="bbox 2126 862 3717 944; baseline -0.006 -21"><span class='ocrx_word' id='word_1_149' title='bbox 2126 875 2410 944; x_wconf 75' lang='grc' dir='ltr'>Ζηνόϐιος,</span> <span class='ocrx_word' id='word_1_150' title='bbox 2463 873 2622 941; x_wconf 71' lang='grc' dir='ltr'>Ἐμοὶ</span> <span class='ocrx_word' id='word_1_151' title='bbox 2658 868 2790 932; x_wconf 85' lang='grc' dir='ltr'>Θεδς</span> <span class='ocrx_word' id='word_1_152' title='bbox 2823 864 2902 932; x_wconf 78' lang='grc' dir='ltr'><strong>εἷς</strong></span> <span class='ocrx_word' id='word_1_153' title='bbox 2929 866 3185 938; x_wconf 73' lang='grc' dir='ltr'>ἀληθινὸς</span> <span class='ocrx_word' id='word_1_154' title='bbox 3209 867 3235 919; x_wconf 91' lang='grc' dir='ltr'><strong>ὁ</strong></span> <span class='ocrx_word' id='word_1_155' title='bbox 3263 864 3468 931; x_wconf 82' lang='grc' dir='ltr'>Κύριος</span> <span class='ocrx_word' id='word_1_156' title='bbox 3503 862 3717 932; x_wconf 86' lang='grc' dir='ltr'>Ἰησοῦς</span> 
     </span>
    </p>
   </div>
   <div class='ocr_carea' id='block_1_24' title="bbox 2123 943 3716 1036">
    <p class='ocr_par' dir='ltr' id='par_1_24' title="bbox 2123 943 3716 1036">
     <span class='ocr_line' id='line_1_24' title="bbox 2123 943 3716 1036; baseline -0.009 -16"><span class='ocrx_word' id='word_1_157' title='bbox 2123 943 2365 1036; x_wconf 84' lang='grc' dir='ltr'>Χριστός</span> <span class='ocrx_word' id='word_1_158' title='bbox 2415 969 2588 1030; x_wconf 74' lang='grc' dir='ltr'>ἐστιν,</span> <span class='ocrx_word' id='word_1_159' title='bbox 2635 963 2764 1034; x_wconf 77' lang='grc' dir='ltr'>ἔφη,</span> <span class='ocrx_word' id='word_1_160' title='bbox 2807 960 2892 1031; x_wconf 66' lang='grc' dir='ltr'><strong>ἔφ’</strong></span> <span class='ocrx_word' id='word_1_161' title='bbox 2938 961 2998 1014; x_wconf 84' lang='grc' dir='ltr'>ὃν</span> <span class='ocrx_word' id='word_1_162' title='bbox 3033 959 3145 1028; x_wconf 82' lang='grc' dir='ltr'><strong>ἐγὼ</strong></span> <span class='ocrx_word' id='word_1_163' title='bbox 3183 957 3443 1023; x_wconf 81' lang='grc' dir='ltr'><strong>πέποιθα,</strong></span> <span class='ocrx_word' id='word_1_164' title='bbox 3484 956 3615 1027; x_wconf 82' lang='grc' dir='ltr'>παρ’</span> <span class='ocrx_word' id='word_1_165' title='bbox 3650 943 3716 1006; x_wconf 71' lang='grc' dir='ltr'>οὗ</span> 
     </span>
    </p>
   </div>
   <div class='ocr_carea' id='block_1_25' title="bbox 2123 1047 3716 1126">
    <p class='ocr_par' dir='ltr' id='par_1_25' title="bbox 2123 1047 3716 1126">
     <span class='ocr_line' id='line_1_25' title="bbox 2123 1047 3716 1126; baseline -0.008 -14"><span class='ocrx_word' id='word_1_166' title='bbox 2123 1060 2220 1113; x_wconf 77' lang='grc' dir='ltr'><strong>καὶ</strong></span> <span class='ocrx_word' id='word_1_167' title='bbox 2258 1057 2393 1112; x_wconf 81' lang='grc' dir='ltr'>αὐτὸ</span> <span class='ocrx_word' id='word_1_168' title='bbox 2417 1057 2480 1110; x_wconf 83' lang='grc' dir='ltr'>τὺ</span> <span class='ocrx_word' id='word_1_169' title='bbox 2510 1052 2653 1109; x_wconf 75' lang='grc' dir='ltr'>εἷναί</span> <span class='ocrx_word' id='word_1_170' title='bbox 2688 1073 2780 1126; x_wconf 93' lang='grc' dir='ltr'><strong>μοι</strong></span> <span class='ocrx_word' id='word_1_171' title='bbox 2813 1055 2911 1108; x_wconf 75' lang='grc' dir='ltr'>καὶ</span> <span class='ocrx_word' id='word_1_172' title='bbox 2940 1053 3002 1106; x_wconf 80' lang='grc' dir='ltr'><strong>τὸ</strong></span> <span class='ocrx_word' id='word_1_173' title='bbox 3042 1052 3162 1122; x_wconf 79' lang='grc' dir='ltr'>ζῇν,</span> <span class='ocrx_word' id='word_1_174' title='bbox 3185 1051 3282 1104; x_wconf 68' lang='grc' dir='ltr'><strong>καὶ</strong></span> <span class='ocrx_word' id='word_1_175' title='bbox 3314 1050 3382 1102; x_wconf 83' lang='grc' dir='ltr'>δι’</span> <span class='ocrx_word' id='word_1_176' title='bbox 3403 1050 3462 1102; x_wconf 86' lang='grc' dir='ltr'>ὃν</span> <span class='ocrx_word' id='word_1_177' title='bbox 3491 1049 3622 1118; x_wconf 76' lang='grc' dir='ltr'>ἐμοὶ</span> <span class='ocrx_word' id='word_1_178' title='bbox 3649 1047 3716 1100; x_wconf 83' lang='grc' dir='ltr'>τὺ</span> 
     </span>
    </p>
   </div>
   <div class='ocr_carea' id='block_1_26' title="bbox 2121 1142 3718 1220">
    <p class='ocr_par' dir='ltr' id='par_1_26' title="bbox 2121 1142 3718 1220">
     <span class='ocr_line' id='line_1_26' title="bbox 2121 1142 3718 1220; baseline -0.01 -13"><span class='ocrx_word' id='word_1_179' title='bbox 2121 1153 2416 1208; x_wconf 77' lang='grc' dir='ltr'>ἀποθανεῖν</span> <span class='ocrx_word' id='word_1_180' title='bbox 2455 1150 2667 1220; x_wconf 85' lang='grc' dir='ltr'>κέρδος.</span> <span class='ocrx_word' id='word_1_181' title='bbox 2733 1147 2870 1202; x_wconf 84' lang='grc' dir='ltr'><strong>Οὐδὲ</strong></span> <span class='ocrx_word' id='word_1_182' title='bbox 2909 1147 3019 1216; x_wconf 84' lang='grc' dir='ltr'>γὰρ</span> <span class='ocrx_word' id='word_1_183' title='bbox 3048 1145 3166 1197; x_wconf 74' lang='grc' dir='ltr'>ἔστι</span> <span class='ocrx_word' id='word_1_184' title='bbox 3195 1161 3247 1197; x_wconf 91' lang='grc' dir='ltr'><strong>τι</strong></span> <span class='ocrx_word' id='word_1_185' title='bbox 3281 1143 3390 1197; x_wconf 82' lang='grc' dir='ltr'><strong>τῶν</strong></span> <span class='ocrx_word' id='word_1_186' title='bbox 3418 1142 3544 1212; x_wconf 81' lang='grc' dir='ltr'>τῇδε</span> <span class='ocrx_word' id='word_1_187' title='bbox 3581 1155 3718 1210; x_wconf 88' lang='grc' dir='ltr'>τερ·</span> 
     </span>
    </p>
   </div>
   <div class='ocr_carea' id='block_1_27' title="bbox 2121 1228 3718 1315">
    <p class='ocr_par' dir='ltr' id='par_1_27' title="bbox 2121 1228 3718 1315">
     <span class='ocr_line' id='line_1_27' title="bbox 2121 1228 3718 1315; baseline -0.009 -15"><span class='ocrx_word' id='word_1_188' title='bbox 2121 1247 2271 1301; x_wconf 85' lang='grc' dir='ltr'>πνῶν</span> <span class='ocrx_word' id='word_1_189' title='bbox 2298 1246 2399 1315; x_wconf 83' lang='grc' dir='ltr'>τῆς</span> <span class='ocrx_word' id='word_1_190' title='bbox 2425 1245 2639 1299; x_wconf 78' lang='grc' dir='ltr'>ἐκεῖθεν</span> <span class='ocrx_word' id='word_1_191' title='bbox 2670 1241 2997 1305; x_wconf 82' lang='grc' dir='ltr'><strong>ἀντιδόσεως</strong></span> <span class='ocrx_word' id='word_1_192' title='bbox 3027 1239 3199 1305; x_wconf 80' lang='grc' dir='ltr'>ἄξιον.</span> <span class='ocrx_word' id='word_1_193' title='bbox 3245 1237 3364 1305; x_wconf 76' lang='grc' dir='ltr'><strong>Ἐφ’</strong></span> <span class='ocrx_word' id='word_1_194' title='bbox 3399 1231 3481 1299; x_wconf 78' lang='grc' dir='ltr'>οἷς</span> <span class='ocrx_word' id='word_1_195' title='bbox 3513 1237 3543 1288; x_wconf 87' lang='grc' dir='ltr'>ὁ</span> <span class='ocrx_word' id='word_1_196' title='bbox 3571 1228 3718 1302; x_wconf 54' lang='lat' dir='ltr'><strong>dir;-</strong></span> 
     </span>
    </p>
   </div>
   <div class='ocr_carea' id='block_1_28' title="bbox 2124 1325 3722 1410">
    <p class='ocr_par' dir='ltr' id='par_1_28' title="bbox 2124 1325 3722 1410">
     <span class='ocr_line' id='line_1_28' title="bbox 2124 1325 3722 1410; baseline -0.011 -17"><span class='ocrx_word' id='word_1_197' title='bbox 2124 1339 2221 1410; x_wconf 74' lang='grc' dir='ltr'>νὴς</span> <span class='ocrx_word' id='word_1_198' title='bbox 2255 1339 2465 1401; x_wconf 78' lang='grc' dir='ltr'>ἐκεῖνος</span> <span class='ocrx_word' id='word_1_199' title='bbox 2511 1335 2926 1406; x_wconf 82' lang='grc' dir='ltr'><strong>ἀγανακτήσας,</strong></span> <span class='ocrx_word' id='word_1_200' title='bbox 2991 1331 3317 1402; x_wconf 76' lang='grc' dir='ltr'>μετεωρίζει</span> <span class='ocrx_word' id='word_1_201' title='bbox 3345 1328 3438 1382; x_wconf 69' lang='grc' dir='ltr'>τὸν</span> <span class='ocrx_word' id='word_1_202' title='bbox 3472 1325 3722 1396; x_wconf 77' lang='grc' dir='ltr'>ἀθλητὴν</span> 
     </span>
    </p>
   </div>
   <div class='ocr_carea' id='block_1_29' title="bbox 2125 1422 3716 1499">
    <p class='ocr_par' dir='ltr' id='par_1_29' title="bbox 2125 1422 3716 1499">
     <span class='ocr_line' id='line_1_29' title="bbox 2125 1422 3716 1499; baseline -0.009 -14"><span class='ocrx_word' id='word_1_203' title='bbox 2125 1433 2220 1485; x_wconf 66' lang='grc' dir='ltr'><strong>ἐπὶ</strong></span> <span class='ocrx_word' id='word_1_204' title='bbox 2256 1431 2437 1497; x_wconf 84' lang='grc' dir='ltr'><strong>ξύλου,</strong></span> <span class='ocrx_word' id='word_1_205' title='bbox 2460 1431 2556 1487; x_wconf 71' lang='grc' dir='ltr'>καὶ</span> <span class='ocrx_word' id='word_1_206' title='bbox 2586 1428 2855 1499; x_wconf 86' lang='grc' dir='ltr'>στρέϐλας</span> <span class='ocrx_word' id='word_1_207' title='bbox 2881 1424 3051 1479; x_wconf 82' lang='grc' dir='ltr'>αὐτοῦ</span> <span class='ocrx_word' id='word_1_208' title='bbox 3086 1425 3183 1479; x_wconf 83' lang='grc' dir='ltr'><strong>καὶ</strong></span> <span class='ocrx_word' id='word_1_209' title='bbox 3211 1423 3487 1491; x_wconf 82' lang='grc' dir='ltr'>ξυστῆρας</span> <span class='ocrx_word' id='word_1_210' title='bbox 3511 1422 3716 1485; x_wconf 69' lang='grc' dir='ltr'>ἐπάγει</span> 
     </span>
    </p>
   </div>
   <div class='ocr_carea' id='block_1_30' title="bbox 2123 1509 3717 1594">
    <p class='ocr_par' dir='ltr' id='par_1_30' title="bbox 2123 1509 3717 1594">
     <span class='ocr_line' id='line_1_30' title="bbox 2123 1509 3717 1594; baseline -0.011 -17"><span class='ocrx_word' id='word_1_211' title='bbox 2123 1523 2204 1594; x_wconf 86' lang='grc' dir='ltr'>τῷ</span> <span class='ocrx_word' id='word_1_212' title='bbox 2245 1522 2460 1592; x_wconf 85' lang='grc' dir='ltr'>σώματι</span> <span class='ocrx_word' id='word_1_213' title='bbox 2487 1538 2502 1553; x_wconf 75' lang='grc' dir='ltr'><strong><em>ο</em></strong></span> <span class='ocrx_word' id='word_1_214' title='bbox 2571 1522 2801 1590; x_wconf 84' lang='grc' dir='ltr'>Ἰδωμεν</span> <span class='ocrx_word' id='word_1_215' title='bbox 2839 1518 2888 1572; x_wconf 85' lang='grc' dir='ltr'><strong>εί</strong></span> <span class='ocrx_word' id='word_1_216' title='bbox 2936 1516 3179 1587; x_wconf 79' lang='grc' dir='ltr'>Χριστὸς</span> <span class='ocrx_word' id='word_1_217' title='bbox 3219 1511 3388 1576; x_wconf 69' lang='grc' dir='ltr'>ἔλθοι,</span> <span class='ocrx_word' id='word_1_218' title='bbox 3423 1509 3717 1581; x_wconf 75' lang='grc' dir='ltr'>βοηθήσων</span> 
     </span>
    </p>
   </div>
   <div class='ocr_carea' id='block_1_31' title="bbox 2125 1616 2297 1686">
    <p class='ocr_par' dir='ltr' id='par_1_31' title="bbox 2125 1616 2297 1686">
     <span class='ocr_line' id='line_1_31' title="bbox 2125 1616 2297 1686; baseline 0 -16"><span class='ocrx_word' id='word_1_219' title='bbox 2125 1616 2297 1686; x_wconf 83' lang='grc' dir='ltr'>αύτῷ.</span> 
     </span>
    </p>
   </div>
   <div class='ocr_carea' id='block_1_32' title="bbox 2127 1697 3717 1776">
    <p class='ocr_par' dir='ltr' id='par_1_32' title="bbox 2127 1697 3717 1776">
     <span class='ocr_line' id='line_1_32' title="bbox 2127 1697 3717 1776; baseline -0.01 -10"><span class='ocrx_word' id='word_1_220' title='bbox 2127 1717 2184 1766; x_wconf 88' lang='lat' dir='ltr'><strong>et</strong></span> <span class='ocrx_word' id='word_1_221' title='bbox 2215 1717 2489 1766; x_wconf 88' lang='lat' dir='ltr'><strong>tormenta</strong></span> <span class='ocrx_word' id='word_1_222' title='bbox 2525 1707 2688 1764; x_wconf 82' lang='lat' dir='ltr'><strong>infert</strong></span> <span class='ocrx_word' id='word_1_223' title='bbox 2715 1705 2836 1776; x_wconf 86' lang='lat' dir='ltr'><strong>ejus</strong></span> <span class='ocrx_word' id='word_1_224' title='bbox 2859 1703 3074 1776; x_wconf 85' lang='lat' dir='ltr'><strong>corpori</strong></span> <span class='ocrx_word' id='word_1_225' title='bbox 3109 1718 3124 1756; x_wconf 90' lang='lat'><strong>:</strong></span> <span class='ocrx_word' id='word_1_226' title='bbox 3151 1699 3470 1762; x_wconf 78' lang='lat' dir='ltr'><strong>Videamus,</strong></span> <span class='ocrx_word' id='word_1_227' title='bbox 3502 1697 3717 1753; x_wconf 68' lang='lat' dir='ltr'><strong>dicens.</strong></span> 
     </span>
    </p>
   </div>
   <div class='ocr_carea' id='block_1_33' title="bbox 506 1883 2026 1965">
    <p class='ocr_par' dir='ltr' id='par_1_33' title="bbox 506 1891 2026 1965">
     <span class='ocr_line' id='line_1_33' title="bbox 506 1891 2026 1965; baseline 0.002 -13"><span class='ocrx_word' id='word_1_228' title='bbox 506 1891 595 1953; x_wconf 81' lang='lat' dir='ltr'><strong>VI.</strong></span> <span class='ocrx_word' id='word_1_229' title='bbox 620 1899 834 1956; x_wconf 90' lang='lat' dir='ltr'><strong>Interea</strong></span> <span class='ocrx_word' id='word_1_230' title='bbox 855 1915 986 1956; x_wconf 70' lang='lat' dir='ltr'><strong>vero</strong></span> <span class='ocrx_word' id='word_1_231' title='bbox 1014 1915 1242 1956; x_wconf 87' lang='lat' dir='ltr'><strong>currens</strong></span> <span class='ocrx_word' id='word_1_232' title='bbox 1258 1901 1530 1965; x_wconf 88' lang='lat' dir='ltr'><strong>alicunde,</strong></span> <span class='ocrx_word' id='word_1_233' title='bbox 1549 1900 1696 1955; x_wconf 81' lang='lat' dir='ltr'><strong>venit</strong></span> <span class='ocrx_word' id='word_1_234' title='bbox 1713 1901 1911 1955; x_wconf 90' lang='lat' dir='ltr'><strong>adeum</strong></span> <span class='ocrx_word' id='word_1_235' title='bbox 1932 1899 2026 1955; x_wconf 88' lang='lat' dir='ltr'><strong>Ze-</strong></span> 
     </span>
    </p>
   </div>
   <div class='ocr_carea' id='block_1_34' title="bbox 2129 1883 3720 1965">
    <p class='ocr_par' dir='ltr' id='par_1_34' title="bbox 2213 1883 3720 1964">
     <span class='ocr_line' id='line_1_34' title="bbox 2213 1883 3720 1964; baseline -0.013 -11"><span class='ocrx_word' id='word_1_236' title='bbox 2213 1899 2304 1964; x_wconf 69' lang='grc' dir='ltr'><strong>ς’.</strong></span> <span class='ocrx_word' id='word_1_237' title='bbox 2344 1897 2576 1948; x_wconf 87' lang='grc' dir='ltr'>Ἔπειτα</span> <span class='ocrx_word' id='word_1_238' title='bbox 2611 1893 2734 1964; x_wconf 78' lang='grc' dir='ltr'>ἥκει</span> <span class='ocrx_word' id='word_1_239' title='bbox 2767 1890 3044 1962; x_wconf 86' lang='grc' dir='ltr'>δρομαίως</span> <span class='ocrx_word' id='word_1_240' title='bbox 3095 1885 3257 1942; x_wconf 86' lang='grc' dir='ltr'>ποθὲν</span> <span class='ocrx_word' id='word_1_241' title='bbox 3287 1885 3320 1955; x_wconf 81' lang='grc' dir='ltr'>ἡ</span> <span class='ocrx_word' id='word_1_242' title='bbox 3369 1883 3573 1954; x_wconf 65' lang='grc' dir='ltr'>ἀδελφὴ</span> <span class='ocrx_word' id='word_1_243' title='bbox 3609 1885 3720 1952; x_wconf 81' lang='grc' dir='ltr'><strong>Ζη-</strong></span> 
     </span>
    </p>
   </div>
   <div class='ocr_carea' id='block_1_35' title="bbox 433 1991 2029 2063">
    <p class='ocr_par' dir='ltr' id='par_1_35' title="bbox 433 1991 2029 2063">
     <span class='ocr_line' id='line_1_35' title="bbox 433 1991 2029 2063; baseline 0.002 -19"><span class='ocrx_word' id='word_1_244' title='bbox 433 1991 596 2045; x_wconf 84' lang='lat' dir='ltr'><strong>nobia</strong></span> <span class='ocrx_word' id='word_1_245' title='bbox 618 2007 774 2045; x_wconf 91' lang='lat' dir='ltr'><strong>soror</strong></span> <span class='ocrx_word' id='word_1_246' title='bbox 791 1992 931 2060; x_wconf 83' lang='lat' dir='ltr'><strong>ejus.</strong></span> <span class='ocrx_word' id='word_1_247' title='bbox 958 1993 1091 2058; x_wconf 73' lang='lat' dir='ltr'><strong>Quae</strong></span> <span class='ocrx_word' id='word_1_248' title='bbox 1108 2009 1230 2047; x_wconf 91' lang='lat' dir='ltr'><strong>cum</strong></span> <span class='ocrx_word' id='word_1_249' title='bbox 1255 2008 1378 2046; x_wconf 89' lang='lat' dir='ltr'><strong>eum</strong></span> <span class='ocrx_word' id='word_1_250' title='bbox 1399 1993 1698 2062; x_wconf 80' lang='lat' dir='ltr'><strong>aspexisset</strong></span> <span class='ocrx_word' id='word_1_251' title='bbox 1715 1994 1767 2045; x_wconf 91' lang='lat' dir='ltr'><strong>in</strong></span> <span class='ocrx_word' id='word_1_252' title='bbox 1792 1993 1955 2063; x_wconf 79' lang='lat' dir='ltr'><strong>ligno,</strong></span> <span class='ocrx_word' id='word_1_253' title='bbox 1973 2002 2029 2047; x_wconf 89' lang='lat' dir='ltr'><strong>et</strong></span> 
     </span>
    </p>
   </div>
   <div class='ocr_carea' id='block_1_36' title="bbox 432 2081 2026 2152">
    <p class='ocr_par' dir='ltr' id='par_1_36' title="bbox 432 2081 2026 2152">
     <span class='ocr_line' id='line_1_36' title="bbox 432 2081 2026 2152; baseline 0.005 -22"><span class='ocrx_word' id='word_1_254' title='bbox 432 2081 521 2137; x_wconf 81' lang='lat' dir='ltr'><strong>vel</strong></span> <span class='ocrx_word' id='word_1_255' title='bbox 537 2096 602 2135; x_wconf 80' lang='lat' dir='ltr'><strong>ex</strong></span> <span class='ocrx_word' id='word_1_256' title='bbox 619 2081 737 2150; x_wconf 88' lang='lat' dir='ltr'><strong>ipso</strong></span> <span class='ocrx_word' id='word_1_257' title='bbox 755 2083 1068 2151; x_wconf 87' lang='lat' dir='ltr'><strong>spectaculo</strong></span> <span class='ocrx_word' id='word_1_258' title='bbox 1084 2083 1286 2152; x_wconf 90' lang='lat' dir='ltr'><strong>repleta</strong></span> <span class='ocrx_word' id='word_1_259' title='bbox 1305 2082 1494 2138; x_wconf 90' lang='lat' dir='ltr'><strong>fuisset</strong></span> <span class='ocrx_word' id='word_1_260' title='bbox 1507 2083 1753 2146; x_wconf 89' lang='lat' dir='ltr'><strong>audacia,</strong></span> <span class='ocrx_word' id='word_1_261' title='bbox 1772 2092 1828 2136; x_wconf 91' lang='lat' dir='ltr'><strong>et</strong></span> <span class='ocrx_word' id='word_1_262' title='bbox 1841 2083 1882 2137; x_wconf 89' lang='lat' dir='ltr'><strong>si</strong></span> <span class='ocrx_word' id='word_1_263' title='bbox 1897 2083 2026 2152; x_wconf 91' lang='lat' dir='ltr'><strong>quid</strong></span> 
     </span>
    </p>
   </div>
   <div class='ocr_carea' id='block_1_37' title="bbox 431 2172 2030 2238">
    <p class='ocr_par' dir='ltr' id='par_1_37' title="bbox 431 2172 2030 2238">
     <span class='ocr_line' id='line_1_37' title="bbox 431 2172 2030 2238; baseline -0.001 -11"><span class='ocrx_word' id='word_1_264' title='bbox 431 2179 517 2227; x_wconf 87' lang='lat' dir='ltr'><strong>est</strong></span> <span class='ocrx_word' id='word_1_265' title='bbox 547 2172 730 2234; x_wconf 87' lang='lat' dir='ltr'><strong>molle,</strong></span> <span class='ocrx_word' id='word_1_266' title='bbox 753 2172 1219 2238; x_wconf 86' lang='lat' dir='ltr'><strong>autimbecillum,</strong></span> <span class='ocrx_word' id='word_1_267' title='bbox 1247 2181 1338 2227; x_wconf 89' lang='lat' dir='ltr'><strong>aut</strong></span> <span class='ocrx_word' id='word_1_268' title='bbox 1371 2173 1657 2236; x_wconf 87' lang='lat' dir='ltr'><strong>muliebre,</strong></span> <span class='ocrx_word' id='word_1_269' title='bbox 1678 2172 1728 2226; x_wconf 91' lang='lat' dir='ltr'><strong>id</strong></span> <span class='ocrx_word' id='word_1_270' title='bbox 1747 2181 1914 2226; x_wconf 87' lang='lat' dir='ltr'><strong>totum</strong></span> <span class='ocrx_word' id='word_1_271' title='bbox 1935 2173 2030 2234; x_wconf 83' lang='lat' dir='ltr'><strong>ab-</strong></span> 
     </span>
    </p>
   </div>
   <div class='ocr_carea' id='block_1_38' title="bbox 431 2254 2030 2333">
    <p class='ocr_par' dir='ltr' id='par_1_38' title="bbox 431 2254 2030 2333">
     <span class='ocr_line' id='line_1_38' title="bbox 431 2254 2030 2333; baseline 0.002 -18"><span class='ocrx_word' id='word_1_272' title='bbox 431 2263 675 2333; x_wconf 83' lang='lat' dir='ltr'><strong>jecisset,</strong></span> <span class='ocrx_word' id='word_1_273' title='bbox 694 2277 748 2316; x_wconf 88' lang='lat' dir='ltr'><strong>et</strong></span> <span class='ocrx_word' id='word_1_274' title='bbox 765 2277 823 2316; x_wconf 88' lang='lat' dir='ltr'><strong>se</strong></span> <span class='ocrx_word' id='word_1_275' title='bbox 848 2276 975 2316; x_wconf 91' lang='lat' dir='ltr'><strong>vere</strong></span> <span class='ocrx_word' id='word_1_276' title='bbox 991 2277 1112 2316; x_wconf 90' lang='lat' dir='ltr'><strong>esse</strong></span> <span class='ocrx_word' id='word_1_277' title='bbox 1127 2264 1245 2331; x_wconf 86' lang='lat' dir='ltr'><strong>ejus</strong></span> <span class='ocrx_word' id='word_1_278' title='bbox 1268 2277 1510 2318; x_wconf 88' lang='lat' dir='ltr'><strong>sororem</strong></span> <span class='ocrx_word' id='word_1_279' title='bbox 1539 2263 1868 2318; x_wconf 88' lang='lat' dir='ltr'><strong>ostendisset</strong></span> <span class='ocrx_word' id='word_1_280' title='bbox 1892 2254 2030 2318; x_wconf 54' lang='lat' dir='ltr'><strong>{Su-</strong></span> 
     </span>
    </p>
   </div>
   <div class='ocr_carea' id='block_1_39' title="bbox 435 2353 2028 2424">
    <p class='ocr_par' dir='ltr' id='par_1_39' title="bbox 435 2353 2028 2424">
     <span class='ocr_line' id='line_1_39' title="bbox 435 2353 2028 2424; baseline 0.003 -18"><span class='ocrx_word' id='word_1_281' title='bbox 435 2355 624 2422; x_wconf 90' lang='lat' dir='ltr'><strong>perbe,</strong></span> <span class='ocrx_word' id='word_1_282' title='bbox 653 2353 847 2422; x_wconf 89' lang='lat' dir='ltr'><strong>inquit,</strong></span> <span class='ocrx_word' id='word_1_283' title='bbox 866 2362 1112 2424; x_wconf 83' lang='lat' dir='ltr'><strong>tyranne,</strong></span> <span class='ocrx_word' id='word_1_284' title='bbox 1140 2354 1398 2423; x_wconf 82' lang='lat' dir='ltr'><strong>quidnam</strong></span> <span class='ocrx_word' id='word_1_285' title='bbox 1425 2355 1644 2409; x_wconf 87' lang='lat' dir='ltr'><strong>sceleris</strong></span> <span class='ocrx_word' id='word_1_286' title='bbox 1666 2356 1884 2410; x_wconf 87' lang='lat' dir='ltr'><strong>admisit</strong></span> <span class='ocrx_word' id='word_1_287' title='bbox 1914 2356 2028 2410; x_wconf 81' lang='lat' dir='ltr'><strong>fra-</strong></span> 
     </span>
    </p>
   </div>
   <div class='ocr_carea' id='block_1_40' title="bbox 437 2444 2022 2515">
    <p class='ocr_par' dir='ltr' id='par_1_40' title="bbox 437 2444 2022 2515">
     <span class='ocr_line' id='line_1_40' title="bbox 437 2444 2022 2515; baseline 0.003 -18"><span class='ocrx_word' id='word_1_288' title='bbox 437 2453 538 2507; x_wconf 91' lang='lat' dir='ltr'><strong>ter,</strong></span> <span class='ocrx_word' id='word_1_289' title='bbox 567 2444 710 2513; x_wconf 87' lang='lat' dir='ltr'><strong>quod</strong></span> <span class='ocrx_word' id='word_1_290' title='bbox 736 2453 791 2498; x_wconf 90' lang='lat' dir='ltr'><strong>tu</strong></span> <span class='ocrx_word' id='word_1_291' title='bbox 815 2459 939 2499; x_wconf 91' lang='lat' dir='ltr'><strong>eum</strong></span> <span class='ocrx_word' id='word_1_292' title='bbox 959 2445 1038 2500; x_wconf 91' lang='lat' dir='ltr'><strong>sic</strong></span> <span class='ocrx_word' id='word_1_293' title='bbox 1055 2445 1312 2514; x_wconf 87' lang='lat' dir='ltr'><strong>torques?</strong></span> <span class='ocrx_word' id='word_1_294' title='bbox 1332 2445 1426 2500; x_wconf 88' lang='lat' dir='ltr'><strong>Ille</strong></span> <span class='ocrx_word' id='word_1_295' title='bbox 1450 2453 1630 2500; x_wconf 88' lang='lat' dir='ltr'><strong>autem</strong></span> <span class='ocrx_word' id='word_1_296' title='bbox 1659 2447 1713 2514; x_wconf 85' lang='grc' dir='ltr'>(ο</span> <span class='ocrx_word' id='word_1_297' title='bbox 1731 2447 2022 2515; x_wconf 85' lang='lat' dir='ltr'><strong>sinistram,</strong></span> 
     </span>
    </p>
   </div>
   <div class='ocr_carea' id='block_1_41' title="bbox 437 2536 2026 2605">
    <p class='ocr_par' dir='ltr' id='par_1_41' title="bbox 437 2536 2026 2605">
     <span class='ocr_line' id='line_1_41' title="bbox 437 2536 2026 2605; baseline 0.002 -15"><span class='ocrx_word' id='word_1_298' title='bbox 437 2544 495 2590; x_wconf 90' lang='lat' dir='ltr'><strong>et</strong></span> <span class='ocrx_word' id='word_1_299' title='bbox 509 2536 772 2600; x_wconf 89' lang='lat' dir='ltr'><strong>dolosam,</strong></span> <span class='ocrx_word' id='word_1_300' title='bbox 790 2536 1172 2591; x_wconf 87' lang='lat' dir='ltr'><strong>etilliberalem</strong></span> <span class='ocrx_word' id='word_1_301' title='bbox 1189 2537 1447 2605; x_wconf 87' lang='lat' dir='ltr'><strong>animam)</strong></span> <span class='ocrx_word' id='word_1_302' title='bbox 1475 2537 1540 2593; x_wconf 90' lang='lat' dir='ltr'><strong>ad</strong></span> <span class='ocrx_word' id='word_1_303' title='bbox 1557 2538 2026 2593; x_wconf 87' lang='lat' dir='ltr'><strong>mulierisdicendi</strong></span> 
     </span>
    </p>
   </div>
   <div class='ocr_carea' id='block_1_42' title="bbox 439 2626 2029 2698">
    <p class='ocr_par' dir='ltr' id='par_1_42' title="bbox 439 2626 2029 2698">
     <span class='ocr_line' id='line_1_42' title="bbox 439 2626 2029 2698; baseline 0.005 -19"><span class='ocrx_word' id='word_1_304' title='bbox 439 2626 745 2680; x_wconf 85' lang='lat' dir='ltr'><strong>libertatem</strong></span> <span class='ocrx_word' id='word_1_305' title='bbox 801 2628 1168 2696; x_wconf 89' lang='lat' dir='ltr'><strong>placidissime</strong></span> <span class='ocrx_word' id='word_1_306' title='bbox 1212 2630 1494 2698; x_wconf 88' lang='lat' dir='ltr'><strong>respondit</strong></span> <span class='ocrx_word' id='word_1_307' title='bbox 1524 2639 1580 2684; x_wconf 92' lang='lat' dir='ltr'><strong>et</strong></span> <span class='ocrx_word' id='word_1_308' title='bbox 1624 2631 1927 2696; x_wconf 89' lang='lat' dir='ltr'><strong>lenissime,</strong></span> <span class='ocrx_word' id='word_1_309' title='bbox 1969 2641 2029 2687; x_wconf 90' lang='lat' dir='ltr'><strong>ut</strong></span> 
     </span>
    </p>
   </div>
   <div class='ocr_carea' id='block_1_43' title="bbox 435 2719 2027 2789">
    <p class='ocr_par' dir='ltr' id='par_1_43' title="bbox 435 2719 2027 2789">
     <span class='ocr_line' id='line_1_43' title="bbox 435 2719 2027 2789; baseline 0.005 -18"><span class='ocrx_word' id='word_1_310' title='bbox 435 2729 490 2771; x_wconf 89' lang='lat' dir='ltr'><strong>et</strong></span> <span class='ocrx_word' id='word_1_311' title='bbox 517 2719 572 2772; x_wconf 90' lang='lat' dir='ltr'><strong>in</strong></span> <span class='ocrx_word' id='word_1_312' title='bbox 601 2735 742 2785; x_wconf 88' lang='lat' dir='ltr'><strong>eam,</strong></span> <span class='ocrx_word' id='word_1_313' title='bbox 788 2730 978 2789; x_wconf 87' lang='lat' dir='ltr'><strong>utpote</strong></span> <span class='ocrx_word' id='word_1_314' title='bbox 1008 2721 1294 2786; x_wconf 81' lang='lat' dir='ltr'><strong>feminam,</strong></span> <span class='ocrx_word' id='word_1_315' title='bbox 1322 2737 1381 2776; x_wconf 85' lang='lat' dir='ltr'><strong>se</strong></span> <span class='ocrx_word' id='word_1_316' title='bbox 1413 2723 1627 2778; x_wconf 88' lang='lat' dir='ltr'><strong>blandis</strong></span> <span class='ocrx_word' id='word_1_317' title='bbox 1676 2724 1856 2779; x_wconf 89' lang='lat' dir='ltr'><strong>verbis</strong></span> <span class='ocrx_word' id='word_1_318' title='bbox 1892 2725 2027 2779; x_wconf 89' lang='lat' dir='ltr'><strong>insi-</strong></span> 
     </span>
    </p>
   </div>
   <div class='ocr_carea' id='block_1_44' title="bbox 437 2811 2026 2873">
    <p class='ocr_par' dir='ltr' id='par_1_44' title="bbox 437 2811 2026 2873">
     <span class='ocr_line' id='line_1_44' title="bbox 437 2811 2026 2873; baseline 0.006 -11"><span class='ocrx_word' id='word_1_319' title='bbox 437 2820 654 2873; x_wconf 87' lang='lat' dir='ltr'><strong>nuaret,</strong></span> <span class='ocrx_word' id='word_1_320' title='bbox 709 2817 764 2862; x_wconf 90' lang='lat' dir='ltr'><strong>et</strong></span> <span class='ocrx_word' id='word_1_321' title='bbox 818 2811 1102 2866; x_wconf 86' lang='lat' dir='ltr'><strong>induceret</strong></span> <span class='ocrx_word' id='word_1_322' title='bbox 1157 2821 1218 2866; x_wconf 87' lang='lat' dir='ltr'><strong>ut</strong></span> <span class='ocrx_word' id='word_1_323' title='bbox 1261 2813 1674 2873; x_wconf 85' lang='lat' dir='ltr'><strong>imbecilliorem</strong></span> <span class='ocrx_word' id='word_1_324' title='bbox 1713 2830 1727 2866; x_wconf 87' lang='lat'><strong>:</strong></span> <span class='ocrx_word' id='word_1_325' title='bbox 1770 2815 2026 2871; x_wconf 84' lang='lat' dir='ltr'><strong>Sacrifica</strong></span> 
     </span>
    </p>
   </div>
   <div class='ocr_carea' id='block_1_45' title="bbox 436 2903 2026 2975">
    <p class='ocr_par' dir='ltr' id='par_1_45' title="bbox 436 2903 2026 2975">
     <span class='ocr_line' id='line_1_45' title="bbox 436 2903 2026 2975; baseline 0.005 -19"><span class='ocrx_word' id='word_1_326' title='bbox 436 2903 607 2965; x_wconf 85' lang='lat' dir='ltr'><strong>cnim,</strong></span> <span class='ocrx_word' id='word_1_327' title='bbox 636 2903 833 2971; x_wconf 87' lang='lat' dir='ltr'><strong>inquit,</strong></span> <span class='ocrx_word' id='word_1_328' title='bbox 861 2905 1102 2960; x_wconf 85' lang='lat' dir='ltr'><strong>Zenobia</strong></span> <span class='ocrx_word' id='word_1_329' title='bbox 1137 2917 1190 2960; x_wconf 92' lang='lat' dir='ltr'><strong>tu</strong></span> <span class='ocrx_word' id='word_1_330' title='bbox 1214 2921 1433 2975; x_wconf 88' lang='lat' dir='ltr'><strong>quoque</strong></span> <span class='ocrx_word' id='word_1_331' title='bbox 1465 2907 1590 2972; x_wconf 91' lang='lat' dir='ltr'><strong>diis,</strong></span> <span class='ocrx_word' id='word_1_332' title='bbox 1624 2924 1724 2962; x_wconf 89' lang='lat' dir='ltr'><strong>nec</strong></span> <span class='ocrx_word' id='word_1_333' title='bbox 1753 2912 2026 2964; x_wconf 81' lang='lat' dir='ltr'><strong>sustineas</strong></span> 
     </span>
    </p>
   </div>
   <div class='ocr_carea' id='block_1_46' title="bbox 439 2995 2026 3070">
    <p class='ocr_par' dir='ltr' id='par_1_46' title="bbox 439 2995 2026 3070">
     <span class='ocr_line' id='line_1_46' title="bbox 439 2995 2026 3070; baseline 0.006 -24"><span class='ocrx_word' id='word_1_334' title='bbox 439 2995 624 3048; x_wconf 84' lang='lat' dir='ltr'><strong>videre</strong></span> <span class='ocrx_word' id='word_1_335' title='bbox 654 2997 892 3064; x_wconf 86' lang='lat' dir='ltr'><strong>speciem</strong></span> <span class='ocrx_word' id='word_1_336' title='bbox 940 3011 1006 3050; x_wconf 88' lang='lat' dir='ltr'><strong>ac</strong></span> <span class='ocrx_word' id='word_1_337' title='bbox 1058 2997 1302 3067; x_wconf 75' lang='lat' dir='ltr'><strong>vigorem</strong></span> <span class='ocrx_word' id='word_1_338' title='bbox 1349 3007 1406 3052; x_wconf 91' lang='lat' dir='ltr'><strong>et</strong></span> <span class='ocrx_word' id='word_1_339' title='bbox 1435 2998 1628 3052; x_wconf 83' lang='lat' dir='ltr'><strong>ﬂorem</strong></span> <span class='ocrx_word' id='word_1_340' title='bbox 1663 3001 1741 3054; x_wconf 91' lang='lat' dir='ltr'><strong>tui</strong></span> <span class='ocrx_word' id='word_1_341' title='bbox 1775 3002 2026 3070; x_wconf 82' lang='lat' dir='ltr'><strong>corporis</strong></span> 
     </span>
    </p>
   </div>
   <div class='ocr_carea' id='block_1_47' title="bbox 362 3087 2022 3162">
    <p class='ocr_par' dir='ltr' id='par_1_47' title="bbox 362 3087 2022 3162">
     <span class='ocr_line' id='line_1_47' title="bbox 362 3087 2022 3162; baseline 0.007 -25"><span class='ocrx_word' id='word_1_342' title='bbox 362 3100 363 3104; x_wconf 69' lang='lat'>‘</span> <span class='ocrx_word' id='word_1_343' title='bbox 438 3087 821 3140; x_wconf 86' lang='lat' dir='ltr'><strong>miserabiliter</strong></span> <span class='ocrx_word' id='word_1_344' title='bbox 847 3087 1036 3150; x_wconf 79' lang='lat' dir='ltr'><strong>multis</strong></span> <span class='ocrx_word' id='word_1_345' title='bbox 1061 3102 1125 3142; x_wconf 88' lang='lat' dir='ltr'><strong>ac</strong></span> <span class='ocrx_word' id='word_1_346' title='bbox 1155 3090 1321 3143; x_wconf 88' lang='lat' dir='ltr'><strong>variis</strong></span> <span class='ocrx_word' id='word_1_347' title='bbox 1352 3091 1488 3145; x_wconf 85' lang='lat' dir='ltr'><strong>tradi</strong></span> <span class='ocrx_word' id='word_1_348' title='bbox 1521 3092 1806 3160; x_wconf 80' lang='lat' dir='ltr'><strong>suppliciis</strong></span> <span class='ocrx_word' id='word_1_349' title='bbox 1835 3111 1850 3146; x_wconf 88' lang='lat'><strong>:</strong></span> <span class='ocrx_word' id='word_1_350' title='bbox 1883 3109 2022 3162; x_wconf 89' lang='lat' dir='ltr'><strong>quo-</strong></span> 
     </span>
    </p>
   </div>
   <div class='ocr_carea' id='block_1_48' title="bbox 437 3179 2021 3255">
    <p class='ocr_par' dir='ltr' id='par_1_48' title="bbox 437 3179 2021 3255">
     <span class='ocr_line' id='line_1_48' title="bbox 437 3179 2021 3255; baseline 0.006 -25"><span class='ocrx_word' id='word_1_351' title='bbox 437 3192 584 3242; x_wconf 86' lang='lat' dir='ltr'><strong>rum,</strong></span> <span class='ocrx_word' id='word_1_352' title='bbox 619 3193 652 3230; x_wconf 94' lang='grc' dir='ltr'><strong>ο</strong></span> <span class='ocrx_word' id='word_1_353' title='bbox 684 3179 899 3241; x_wconf 87' lang='lat' dir='ltr'><strong>mulier,</strong></span> <span class='ocrx_word' id='word_1_354' title='bbox 935 3180 1178 3235; x_wconf 77' lang='lat' dir='ltr'><strong>dedecus</strong></span> <span class='ocrx_word' id='word_1_355' title='bbox 1217 3190 1302 3236; x_wconf 92' lang='lat' dir='ltr'><strong>est</strong></span> <span class='ocrx_word' id='word_1_356' title='bbox 1329 3185 1486 3252; x_wconf 80' lang='lat' dir='ltr'><strong>longe</strong></span> <span class='ocrx_word' id='word_1_357' title='bbox 1517 3183 1638 3252; x_wconf 89' lang='lat' dir='ltr'><strong>ipso</strong></span> <span class='ocrx_word' id='word_1_358' title='bbox 1673 3184 1861 3238; x_wconf 84' lang='lat' dir='ltr'><strong>dolore</strong></span> <span class='ocrx_word' id='word_1_359' title='bbox 1901 3201 2021 3255; x_wconf 79' lang='lat' dir='ltr'><strong>gra-</strong></span> 
     </span>
    </p>
   </div>
   <div class='ocr_carea' id='block_1_49' title="bbox 2132 1976 3716 2054">
    <p class='ocr_par' dir='ltr' id='par_1_49' title="bbox 2132 1976 3716 2054">
     <span class='ocr_line' id='line_1_49' title="bbox 2132 1976 3716 2054; baseline -0.01 -11"><span class='ocrx_word' id='word_1_360' title='bbox 2132 1990 2307 2054; x_wconf 88' lang='grc' dir='ltr'>νοϐία,</span> <span class='ocrx_word' id='word_1_361' title='bbox 2340 1988 2436 2040; x_wconf 60' lang='grc' dir='ltr'><strong>καὶ¹</strong></span> <span class='ocrx_word' id='word_1_362' title='bbox 2462 1986 2654 2038; x_wconf 88' lang='grc' dir='ltr'>τοῦτον</span> <span class='ocrx_word' id='word_1_363' title='bbox 2679 1985 2772 2037; x_wconf 76' lang='grc' dir='ltr'><strong>ἐπὶ</strong></span> <span class='ocrx_word' id='word_1_364' title='bbox 2801 1983 2895 2036; x_wconf 89' lang='grc' dir='ltr'><strong>τοῦ</strong></span> <span class='ocrx_word' id='word_1_365' title='bbox 2923 1981 3086 2048; x_wconf 79' lang='grc' dir='ltr'>ξύλου</span> <span class='ocrx_word' id='word_1_366' title='bbox 3113 1977 3450 2046; x_wconf 83' lang='grc' dir='ltr'>θεασαμένη,</span> <span class='ocrx_word' id='word_1_367' title='bbox 3472 1976 3716 2046; x_wconf 72' lang='grc' dir='ltr'>θάρσους</span> 
     </span>
    </p>
   </div>
   <div class='ocr_carea' id='block_1_50' title="bbox 2130 2070 3719 2148">
    <p class='ocr_par' dir='ltr' id='par_1_50' title="bbox 2130 2070 3719 2148">
     <span class='ocr_line' id='line_1_50' title="bbox 2130 2070 3719 2148; baseline -0.011 -12"><span class='ocrx_word' id='word_1_368' title='bbox 2130 2099 2190 2136; x_wconf 89' lang='grc' dir='ltr'><strong>τε</strong></span> <span class='ocrx_word' id='word_1_369' title='bbox 2219 2080 2316 2135; x_wconf 81' lang='grc' dir='ltr'>καὶ</span> <span class='ocrx_word' id='word_1_370' title='bbox 2353 2079 2449 2133; x_wconf 86' lang='grc' dir='ltr'>ἀπ’</span> <span class='ocrx_word' id='word_1_371' title='bbox 2475 2077 2650 2148; x_wconf 83' lang='grc' dir='ltr'>αὐτῆς</span> <span class='ocrx_word' id='word_1_372' title='bbox 2688 2079 2789 2144; x_wconf 75' lang='grc' dir='ltr'><strong>τῆς</strong></span> <span class='ocrx_word' id='word_1_373' title='bbox 2831 2075 2960 2138; x_wconf 87' lang='grc' dir='ltr'>θέας</span> <span class='ocrx_word' id='word_1_374' title='bbox 3013 2072 3445 2142; x_wconf 85' lang='grc' dir='ltr'>ὑποπλησθεῖσα,</span> <span class='ocrx_word' id='word_1_375' title='bbox 3480 2072 3575 2123; x_wconf 73' lang='grc' dir='ltr'>καὶ</span> <span class='ocrx_word' id='word_1_376' title='bbox 3601 2070 3719 2121; x_wconf 72' lang='grc' dir='ltr'><strong>πᾶν</strong></span> 
     </span>
    </p>
   </div>
   <div class='ocr_carea' id='block_1_51' title="bbox 2130 2161 3714 2242">
    <p class='ocr_par' dir='ltr' id='par_1_51' title="bbox 2130 2161 3714 2242">
     <span class='ocr_line' id='line_1_51' title="bbox 2130 2161 3714 2242; baseline -0.009 -16"><span class='ocrx_word' id='word_1_377' title='bbox 2130 2175 2183 2227; x_wconf 79' lang='grc' dir='ltr'>εἴ</span> <span class='ocrx_word' id='word_1_378' title='bbox 2210 2191 2264 2224; x_wconf 86' lang='grc' dir='ltr'><strong>τι</strong></span> <span class='ocrx_word' id='word_1_379' title='bbox 2310 2171 2558 2242; x_wconf 81' lang='grc' dir='ltr'>μαλακὸν</span> <span class='ocrx_word' id='word_1_380' title='bbox 2597 2170 2632 2240; x_wconf 75' lang='grc' dir='ltr'><strong>ἦ</strong></span> <span class='ocrx_word' id='word_1_381' title='bbox 2665 2167 2949 2238; x_wconf 82' lang='grc' dir='ltr'>ἀσθενὲςῆ</span> <span class='ocrx_word' id='word_1_382' title='bbox 2982 2166 3294 2234; x_wconf 86' lang='grc' dir='ltr'>γυναικεῖον</span> <span class='ocrx_word' id='word_1_383' title='bbox 3325 2161 3714 2224; x_wconf 78' lang='grc' dir='ltr'>ἀποϐαλοῦσα,</span> 
     </span>
    </p>
   </div>
   <div class='ocr_carea' id='block_1_52' title="bbox 2131 2255 3711 2336">
    <p class='ocr_par' dir='ltr' id='par_1_52' title="bbox 2131 2255 3711 2336">
     <span class='ocr_line' id='line_1_52' title="bbox 2131 2255 3711 2336; baseline -0.011 -15"><span class='ocrx_word' id='word_1_384' title='bbox 2131 2267 2228 2320; x_wconf 61' lang='grc' dir='ltr'><strong>καὶ⁸</strong></span> <span class='ocrx_word' id='word_1_385' title='bbox 2259 2265 2478 2336; x_wconf 85' lang='grc' dir='ltr'>ἀληθῶς</span> <span class='ocrx_word' id='word_1_386' title='bbox 2515 2264 2599 2316; x_wconf 82' lang='grc' dir='ltr'><strong>ὅτι</strong></span> <span class='ocrx_word' id='word_1_387' title='bbox 2632 2255 2969 2330; x_wconf 76' lang='grc' dir='ltr'>τοιούτουῆν</span> <span class='ocrx_word' id='word_1_388' title='bbox 2998 2259 3192 2328; x_wconf 82' lang='grc' dir='ltr'>ἀνδρὸς</span> <span class='ocrx_word' id='word_1_389' title='bbox 3218 2256 3424 2325; x_wconf 79' lang='grc' dir='ltr'>ἀδελφὴ</span> <span class='ocrx_word' id='word_1_390' title='bbox 3463 2255 3711 2318; x_wconf 79' lang='grc' dir='ltr'>δείξασα,</span> 
     </span>
    </p>
   </div>
   <div class='ocr_carea' id='block_1_53' title="bbox 2141 2348 3715 2425">
    <p class='ocr_par' dir='ltr' id='par_1_53' title="bbox 2141 2348 3715 2425">
     <span class='ocr_line' id='line_1_53' title="bbox 2141 2348 3715 2425; baseline -0.009 -13"><span class='ocrx_word' id='word_1_391' title='bbox 2141 2357 2404 2423; x_wconf 80' lang='grc' dir='ltr'>Ἀλαζὼν,</span> <span class='ocrx_word' id='word_1_392' title='bbox 2433 2357 2562 2425; x_wconf 78' lang='grc' dir='ltr'>ἔφη,</span> <span class='ocrx_word' id='word_1_393' title='bbox 2594 2354 2853 2424; x_wconf 77' lang='grc' dir='ltr'>τύραννε,</span> <span class='ocrx_word' id='word_1_394' title='bbox 2891 2352 3012 2405; x_wconf 88' lang='grc' dir='ltr'>τίνα</span> <span class='ocrx_word' id='word_1_395' title='bbox 3044 2350 3299 2419; x_wconf 88' lang='grc' dir='ltr'>τοιαύτην</span> <span class='ocrx_word' id='word_1_396' title='bbox 3331 2348 3715 2419; x_wconf 76' lang='grc' dir='ltr'>ἐργασάμενον</span> 
     </span>
    </p>
   </div>
   <div class='ocr_carea' id='block_1_54' title="bbox 2127 2439 3714 2512">
    <p class='ocr_par' dir='ltr' id='par_1_54' title="bbox 2127 2439 3714 2512">
     <span class='ocr_line' id='line_1_54' title="bbox 2127 2439 3714 2512; baseline -0.008 -9"><span class='ocrx_word' id='word_1_397' title='bbox 2127 2449 2369 2503; x_wconf 85' lang='grc' dir='ltr'>ἀτυπίαν</span> <span class='ocrx_word' id='word_1_398' title='bbox 2427 2448 2664 2512; x_wconf 80' lang='grc' dir='ltr'>αίκίζεις</span> <span class='ocrx_word' id='word_1_399' title='bbox 2705 2444 2796 2498; x_wconf 82' lang='grc' dir='ltr'><strong>τὸν</strong></span> <span class='ocrx_word' id='word_1_400' title='bbox 2840 2443 3096 2511; x_wconf 86' lang='grc' dir='ltr'>ἀδελφόν;</span> <span class='ocrx_word' id='word_1_401' title='bbox 3175 2441 3234 2495; x_wconf 89' lang='lat'><strong>&#39;0</strong></span> <span class='ocrx_word' id='word_1_402' title='bbox 3288 2440 3364 2503; x_wconf 83' lang='grc' dir='ltr'><strong>δὲ,</strong></span> <span class='ocrx_word' id='word_1_403' title='bbox 3405 2439 3470 2508; x_wconf 84' lang='grc' dir='ltr'><strong>(ὥ</strong></span> <span class='ocrx_word' id='word_1_404' title='bbox 3515 2440 3714 2501; x_wconf 76' lang='grc' dir='ltr'>σκαιοῖς</span> 
     </span>
    </p>
   </div>
   <div class='ocr_carea' id='block_1_55' title="bbox 2129 2532 3714 2612">
    <p class='ocr_par' dir='ltr' id='par_1_55' title="bbox 2129 2532 3714 2612">
     <span class='ocr_line' id='line_1_55' title="bbox 2129 2532 3714 2612; baseline -0.007 -17"><span class='ocrx_word' id='word_1_405' title='bbox 2129 2541 2312 2612; x_wconf 75' lang='grc' dir='ltr'>ψυχῆς</span> <span class='ocrx_word' id='word_1_406' title='bbox 2353 2539 2449 2593; x_wconf 74' lang='grc' dir='ltr'><strong>καὶ</strong></span> <span class='ocrx_word' id='word_1_407' title='bbox 2480 2539 2705 2609; x_wconf 80' lang='grc' dir='ltr'>δολερᾶς</span> <span class='ocrx_word' id='word_1_408' title='bbox 2729 2537 2822 2590; x_wconf 76' lang='grc' dir='ltr'><strong>καὶ</strong></span> <span class='ocrx_word' id='word_1_409' title='bbox 2842 2533 3197 2603; x_wconf 79' lang='grc' dir='ltr'>ἀνελευθέρου</span> <span class='ocrx_word' id='word_1_410' title='bbox 3215 2533 3254 2604; x_wconf 81' lang='grc' dir='ltr'>ι)</span> <span class='ocrx_word' id='word_1_411' title='bbox 3285 2532 3420 2602; x_wconf 79' lang='grc' dir='ltr'>πρὸς</span> <span class='ocrx_word' id='word_1_412' title='bbox 3446 2532 3714 2600; x_wconf 82' lang='grc' dir='ltr'>τηλικαύ-</span> 
     </span>
    </p>
   </div>
   <div class='ocr_carea' id='block_1_56' title="bbox 2131 2625 3716 2702">
    <p class='ocr_par' dir='ltr' id='par_1_56' title="bbox 2131 2625 3716 2702">
     <span class='ocr_line' id='line_1_56' title="bbox 2131 2625 3716 2702; baseline -0.008 -15"><span class='ocrx_word' id='word_1_413' title='bbox 2131 2650 2231 2702; x_wconf 80' lang='grc' dir='ltr'><strong>την</strong></span> <span class='ocrx_word' id='word_1_414' title='bbox 2263 2632 2526 2702; x_wconf 84' lang='grc' dir='ltr'>γυναικὸς</span> <span class='ocrx_word' id='word_1_415' title='bbox 2555 2630 2874 2700; x_wconf 77' lang='grc' dir='ltr'>παρρησίαν</span> <span class='ocrx_word' id='word_1_416' title='bbox 2900 2628 3022 2697; x_wconf 81' lang='grc' dir='ltr'>μεθ’</span> <span class='ocrx_word' id='word_1_417' title='bbox 3047 2628 3181 2695; x_wconf 87' lang='grc' dir='ltr'>ὅσης</span> <span class='ocrx_word' id='word_1_418' title='bbox 3214 2625 3550 2698; x_wconf 79' lang='grc' dir='ltr'>ὁμαλότητος</span> <span class='ocrx_word' id='word_1_419' title='bbox 3574 2627 3716 2676; x_wconf 85' lang='grc' dir='ltr'>ἀπο-</span> 
     </span>
    </p>
   </div>
   <div class='ocr_carea' id='block_1_57' title="bbox 2129 2715 3716 2795">
    <p class='ocr_par' dir='ltr' id='par_1_57' title="bbox 2129 2715 3716 2795">
     <span class='ocr_line' id='line_1_57' title="bbox 2129 2715 3716 2795; baseline -0.007 -16"><span class='ocrx_word' id='word_1_420' title='bbox 2129 2725 2397 2795; x_wconf 81' lang='grc' dir='ltr'>κρίνεται,</span> <span class='ocrx_word' id='word_1_421' title='bbox 2429 2723 2516 2775; x_wconf 75' lang='grc' dir='ltr'><strong>ἵνα</strong></span> <span class='ocrx_word' id='word_1_422' title='bbox 2545 2726 2638 2776; x_wconf 74' lang='grc' dir='ltr'>καὶ</span> <span class='ocrx_word' id='word_1_423' title='bbox 2668 2723 2746 2780; x_wconf 83' lang='grc' dir='ltr'><strong>ὡς</strong></span> <span class='ocrx_word' id='word_1_424' title='bbox 2779 2715 2912 2791; x_wconf 82' lang='grc' dir='ltr'>θῆλυ</span> <span class='ocrx_word' id='word_1_425' title='bbox 2947 2720 3125 2790; x_wconf 69' lang='grc' dir='ltr'>κλέψῃ</span> <span class='ocrx_word' id='word_1_426' title='bbox 3153 2718 3248 2771; x_wconf 79' lang='grc' dir='ltr'><strong>καὶ</strong></span> <span class='ocrx_word' id='word_1_427' title='bbox 3290 2718 3366 2780; x_wconf 82' lang='grc' dir='ltr'>ὡς</span> <span class='ocrx_word' id='word_1_428' title='bbox 3391 2718 3716 2770; x_wconf 80' lang='grc' dir='ltr'>ἀσθενέστε-</span> 
     </span>
    </p>
   </div>
   <div class='ocr_carea' id='block_1_58' title="bbox 2133 2807 3713 2884">
    <p class='ocr_par' dir='ltr' id='par_1_58' title="bbox 2133 2807 3713 2884">
     <span class='ocr_line' id='line_1_58' title="bbox 2133 2807 3713 2884; baseline -0.005 -17"><span class='ocrx_word' id='word_1_429' title='bbox 2133 2831 2226 2884; x_wconf 77' lang='grc' dir='ltr'><strong>ρον</strong></span> <span class='ocrx_word' id='word_1_430' title='bbox 2277 2815 2542 2884; x_wconf 83' lang='grc' dir='ltr'>μαλακοῖς</span> <span class='ocrx_word' id='word_1_431' title='bbox 2602 2813 2842 2881; x_wconf 77' lang='grc' dir='ltr'>ῥήμασιν</span> <span class='ocrx_word' id='word_1_432' title='bbox 2913 2809 3297 2879; x_wconf 81' lang='grc' dir='ltr'>ὲπαγάγηταιί</span> <span class='ocrx_word' id='word_1_433' title='bbox 3355 2807 3527 2860; x_wconf 86' lang='grc' dir='ltr'>Θῦσον</span> <span class='ocrx_word' id='word_1_434' title='bbox 3574 2808 3713 2876; x_wconf 73' lang='grc' dir='ltr'>γὰρ,</span> 
     </span>
    </p>
   </div>
   <div class='ocr_carea' id='block_1_59' title="bbox 2129 2897 3714 2976">
    <p class='ocr_par' dir='ltr' id='par_1_59' title="bbox 2129 2897 3714 2976">
     <span class='ocr_line' id='line_1_59' title="bbox 2129 2897 3714 2976; baseline -0.005 -19"><span class='ocrx_word' id='word_1_435' title='bbox 2129 2907 2284 2976; x_wconf 69' lang='grc' dir='ltr'>φησι,</span> <span class='ocrx_word' id='word_1_436' title='bbox 2314 2904 2570 2974; x_wconf 85' lang='grc' dir='ltr'>Ζηνοϐία,</span> <span class='ocrx_word' id='word_1_437' title='bbox 2602 2902 2703 2956; x_wconf 82' lang='grc' dir='ltr'>κᾶν</span> <span class='ocrx_word' id='word_1_438' title='bbox 2743 2901 2882 2971; x_wconf 79' lang='grc' dir='ltr'>αὑτὴ</span> <span class='ocrx_word' id='word_1_439' title='bbox 2936 2903 3052 2964; x_wconf 85' lang='grc' dir='ltr'>τοῖς</span> <span class='ocrx_word' id='word_1_440' title='bbox 3085 2900 3249 2962; x_wconf 85' lang='grc' dir='ltr'>θεοῖς,</span> <span class='ocrx_word' id='word_1_441' title='bbox 3283 2899 3377 2952; x_wconf 80' lang='grc' dir='ltr'>καὶ</span> <span class='ocrx_word' id='word_1_442' title='bbox 3410 2899 3486 2970; x_wconf 77' lang='grc' dir='ltr'>μὴ</span> <span class='ocrx_word' id='word_1_443' title='bbox 3519 2897 3714 2965; x_wconf 82' lang='grc' dir='ltr'>σώμα-</span> 
     </span>
    </p>
   </div>
   <div class='ocr_carea' id='block_1_60' title="bbox 2127 2987 3716 3060">
    <p class='ocr_par' dir='ltr' id='par_1_60' title="bbox 2127 2987 3716 3060">
     <span class='ocr_line' id='line_1_60' title="bbox 2127 2987 3716 3060; baseline -0.006 -12"><span class='ocrx_word' id='word_1_444' title='bbox 2127 3013 2216 3059; x_wconf 77' lang='grc' dir='ltr'><strong>τος</strong></span> <span class='ocrx_word' id='word_1_445' title='bbox 2247 2996 2450 3058; x_wconf 79' lang='grc' dir='ltr'>οἰκείου</span> <span class='ocrx_word' id='word_1_446' title='bbox 2509 2995 2819 3060; x_wconf 80' lang='grc' dir='ltr'>εὐγένειαν,</span> <span class='ocrx_word' id='word_1_447' title='bbox 2855 2992 2948 3045; x_wconf 84' lang='grc' dir='ltr'><strong>καὶ</strong></span> <span class='ocrx_word' id='word_1_448' title='bbox 2981 2992 3168 3060; x_wconf 82' lang='grc' dir='ltr'>ἀκμὴν</span> <span class='ocrx_word' id='word_1_449' title='bbox 3215 2987 3387 3059; x_wconf 76' lang='grc' dir='ltr'>ὥρας,</span> <span class='ocrx_word' id='word_1_450' title='bbox 3423 2989 3520 3041; x_wconf 78' lang='grc' dir='ltr'>καὶ</span> <span class='ocrx_word' id='word_1_451' title='bbox 3551 2987 3716 3048; x_wconf 79' lang='grc' dir='ltr'>ἄνθος</span> 
     </span>
    </p>
   </div>
   <div class='ocr_carea' id='block_1_61' title="bbox 2129 3082 3715 3158">
    <p class='ocr_par' dir='ltr' id='par_1_61' title="bbox 2129 3082 3715 3158">
     <span class='ocr_line' id='line_1_61' title="bbox 2129 3082 3715 3158; baseline -0.006 -17"><span class='ocrx_word' id='word_1_452' title='bbox 2129 3091 2380 3158; x_wconf 82' lang='grc' dir='ltr'>νεότητος</span> <span class='ocrx_word' id='word_1_453' title='bbox 2415 3087 2544 3139; x_wconf 85' lang='grc' dir='ltr'>ίδεῖν</span> <span class='ocrx_word' id='word_1_454' title='bbox 2600 3086 2852 3147; x_wconf 85' lang='grc' dir='ltr'>ἐλεεινῶς</span> <span class='ocrx_word' id='word_1_455' title='bbox 2908 3084 3122 3154; x_wconf 76' lang='grc' dir='ltr'>ἀνάσχῃ</span> <span class='ocrx_word' id='word_1_456' title='bbox 3154 3082 3518 3151; x_wconf 74' lang='grc' dir='ltr'>πολυτρόποις</span> <span class='ocrx_word' id='word_1_457' title='bbox 3559 3085 3715 3133; x_wconf 81' lang='grc' dir='ltr'>αἰκι-</span> 
     </span>
    </p>
   </div>
   <div class='ocr_carea' id='block_1_62' title="bbox 2132 3169 3710 3246">
    <p class='ocr_par' dir='ltr' id='par_1_62' title="bbox 2132 3169 3710 3246">
     <span class='ocr_line' id='line_1_62' title="bbox 2132 3169 3710 3246; baseline -0.004 -17"><span class='ocrx_word' id='word_1_458' title='bbox 2132 3180 2290 3246; x_wconf 84' lang='grc' dir='ltr'>σμοῖς</span> <span class='ocrx_word' id='word_1_459' title='bbox 2350 3175 2693 3244; x_wconf 84' lang='grc' dir='ltr'>ὲκδιδόμενα,</span> <span class='ocrx_word' id='word_1_460' title='bbox 2754 3169 2830 3228; x_wconf 81' lang='grc' dir='ltr'>ὧν</span> <span class='ocrx_word' id='word_1_461' title='bbox 2863 3175 3024 3238; x_wconf 81' lang='grc' dir='ltr'>πολὺ,</span> <span class='ocrx_word' id='word_1_462' title='bbox 3061 3175 3246 3242; x_wconf 86' lang='grc' dir='ltr'>γύναι,</span> <span class='ocrx_word' id='word_1_463' title='bbox 3296 3172 3394 3240; x_wconf 81' lang='grc' dir='ltr'>τῆς</span> <span class='ocrx_word' id='word_1_464' title='bbox 3427 3171 3620 3240; x_wconf 81' lang='grc' dir='ltr'>ὀδύνης</span> <span class='ocrx_word' id='word_1_465' title='bbox 3677 3172 3710 3240; x_wconf 78' lang='grc' dir='ltr'><strong>ἡ</strong></span> 
     </span>
    </p>
   </div>
   <div class='ocr_carea' id='block_1_63' title="bbox 437 3256 2026 3344">
    <p class='ocr_par' dir='ltr' id='par_1_63' title="bbox 437 3269 2020 3344">
     <span class='ocr_line' id='line_1_63' title="bbox 437 3269 2020 3344; baseline 0.004 -22"><span class='ocrx_word' id='word_1_466' title='bbox 437 3269 578 3322; x_wconf 89' lang='lat' dir='ltr'><strong>vius.</strong></span> <span class='ocrx_word' id='word_1_467' title='bbox 607 3269 699 3322; x_wconf 89' lang='lat' dir='ltr'><strong>Illa</strong></span> <span class='ocrx_word' id='word_1_468' title='bbox 733 3278 918 3324; x_wconf 84' lang='lat' dir='ltr'><strong>autem</strong></span> <span class='ocrx_word' id='word_1_469' title='bbox 955 3272 1114 3324; x_wconf 86' lang='lat' dir='ltr'><strong>simul</strong></span> <span class='ocrx_word' id='word_1_470' title='bbox 1149 3285 1274 3326; x_wconf 90' lang='lat' dir='ltr'><strong>cum</strong></span> <span class='ocrx_word' id='word_1_471' title='bbox 1319 3272 1486 3326; x_wconf 80' lang='lat' dir='ltr'><strong>fratre</strong></span> <span class='ocrx_word' id='word_1_472' title='bbox 1541 3273 1694 3341; x_wconf 88' lang='lat' dir='ltr'><strong>loqui</strong></span> <span class='ocrx_word' id='word_1_473' title='bbox 1748 3276 2020 3344; x_wconf 73' lang='lat' dir='ltr'><strong>incipiens</strong></span> 
     </span>
    </p>
   </div>
   <div class='ocr_carea' id='block_1_64' title="bbox 2129 3256 3712 3344">
    <p class='ocr_par' dir='ltr' id='par_1_64' title="bbox 2129 3261 3712 3338">
     <span class='ocr_line' id='line_1_64' title="bbox 2129 3261 3712 3338; baseline -0.006 -17"><span class='ocrx_word' id='word_1_474' title='bbox 2129 3269 2356 3338; x_wconf 80' lang='grc' dir='ltr'>αἰσχύνη</span> <span class='ocrx_word' id='word_1_475' title='bbox 2384 3266 2711 3338; x_wconf 81' lang='grc' dir='ltr'>βαρύτερον.</span> <span class='ocrx_word' id='word_1_476' title='bbox 2747 3265 2815 3333; x_wconf 79' lang='grc' dir='ltr'>Ἡ</span> <span class='ocrx_word' id='word_1_477' title='bbox 2839 3265 2916 3328; x_wconf 81' lang='grc' dir='ltr'><strong>δὲ,</strong></span> <span class='ocrx_word' id='word_1_478' title='bbox 2943 3264 3037 3318; x_wconf 89' lang='grc' dir='ltr'><strong>τοῦ</strong></span> <span class='ocrx_word' id='word_1_479' title='bbox 3069 3264 3228 3331; x_wconf 88' lang='grc' dir='ltr'>λόγου</span> <span class='ocrx_word' id='word_1_480' title='bbox 3260 3263 3358 3316; x_wconf 80' lang='grc' dir='ltr'><strong>σὺν</strong></span> <span class='ocrx_word' id='word_1_481' title='bbox 3387 3261 3468 3332; x_wconf 81' lang='grc' dir='ltr'><strong>τῷ</strong></span> <span class='ocrx_word' id='word_1_482' title='bbox 3493 3261 3712 3331; x_wconf 82' lang='grc' dir='ltr'>ἁδελφῷ</span> 
     </span>
    </p>
   </div>
   <div class='ocr_carea' id='block_1_65' title="bbox 439 3361 2026 3430">
    <p class='ocr_par' dir='ltr' id='par_1_65' title="bbox 439 3361 2026 3430">
     <span class='ocr_line' id='line_1_65' title="bbox 439 3361 2026 3430; baseline 0.005 -16"><span class='ocrx_word' id='word_1_483' title='bbox 439 3361 607 3414; x_wconf 82' lang='lat' dir='ltr'><strong>veluti</strong></span> <span class='ocrx_word' id='word_1_484' title='bbox 641 3375 752 3415; x_wconf 89' lang='lat' dir='ltr'><strong>uno</strong></span> <span class='ocrx_word' id='word_1_485' title='bbox 795 3363 1029 3430; x_wconf 88' lang='lat' dir='ltr'><strong>quodam</strong></span> <span class='ocrx_word' id='word_1_486' title='bbox 1064 3373 1212 3417; x_wconf 88' lang='lat' dir='ltr'><strong>motu</strong></span> <span class='ocrx_word' id='word_1_487' title='bbox 1245 3365 1414 3418; x_wconf 91' lang='lat' dir='ltr'><strong>animi</strong></span> <span class='ocrx_word' id='word_1_488' title='bbox 1444 3375 1500 3420; x_wconf 90' lang='lat' dir='ltr'><strong>et</strong></span> <span class='ocrx_word' id='word_1_489' title='bbox 1537 3381 1811 3421; x_wconf 85' lang='lat' dir='ltr'><strong>consensu</strong></span> <span class='ocrx_word' id='word_1_490' title='bbox 1845 3385 1861 3420; x_wconf 89' lang='lat'><strong>:</strong></span> <span class='ocrx_word' id='word_1_491' title='bbox 1905 3369 2026 3422; x_wconf 81' lang='lat' dir='ltr'><strong>Non</strong></span> 
     </span>
    </p>
   </div>
   <div class='ocr_carea' id='block_1_66' title="bbox 439 3451 2024 3527">
    <p class='ocr_par' dir='ltr' id='par_1_66' title="bbox 439 3451 2024 3527">
     <span class='ocr_line' id='line_1_66' title="bbox 439 3451 2024 3527; baseline 0.006 -23"><span class='ocrx_word' id='word_1_492' title='bbox 439 3451 621 3515; x_wconf 86' lang='lat' dir='ltr'><strong>nobis,</strong></span> <span class='ocrx_word' id='word_1_493' title='bbox 686 3452 966 3517; x_wconf 79' lang='lat' dir='ltr'><strong>dixerunt,</strong></span> <span class='ocrx_word' id='word_1_494' title='bbox 1023 3455 1408 3522; x_wconf 79' lang='lat' dir='ltr'><strong>persuadebis,</strong></span> <span class='ocrx_word' id='word_1_495' title='bbox 1457 3472 1490 3509; x_wconf 92' lang='grc' dir='ltr'><strong>ο</strong></span> <span class='ocrx_word' id='word_1_496' title='bbox 1539 3466 1798 3527; x_wconf 72' lang='lat' dir='ltr'><strong>tyranne,</strong></span> <span class='ocrx_word' id='word_1_497' title='bbox 1856 3465 2024 3514; x_wconf 81' lang='lat' dir='ltr'><strong>Deum</strong></span> 
     </span>
    </p>
   </div>
   <div class='ocr_carea' id='block_1_67' title="bbox 437 3543 2028 3612">
    <p class='ocr_par' dir='ltr' id='par_1_67' title="bbox 437 3543 2028 3612">
     <span class='ocr_line' id='line_1_67' title="bbox 437 3543 2028 3612; baseline 0.005 -16"><span class='ocrx_word' id='word_1_498' title='bbox 437 3555 631 3598; x_wconf 88' lang='lat' dir='ltr'><strong>verum</strong></span> <span class='ocrx_word' id='word_1_499' title='bbox 679 3550 734 3594; x_wconf 90' lang='lat' dir='ltr'><strong>et</strong></span> <span class='ocrx_word' id='word_1_500' title='bbox 768 3543 950 3598; x_wconf 79' lang='lat' dir='ltr'><strong>vivum</strong></span> <span class='ocrx_word' id='word_1_501' title='bbox 983 3554 1297 3612; x_wconf 88' lang='lat' dir='ltr'><strong>permutare</strong></span> <span class='ocrx_word' id='word_1_502' title='bbox 1330 3561 1454 3600; x_wconf 91' lang='lat' dir='ltr'><strong>cum</strong></span> <span class='ocrx_word' id='word_1_503' title='bbox 1491 3547 1798 3603; x_wconf 85' lang='lat' dir='ltr'><strong>simulacris</strong></span> <span class='ocrx_word' id='word_1_504' title='bbox 1825 3560 2028 3604; x_wconf 88' lang='lat' dir='ltr'><strong>morta-</strong></span> 
     </span>
    </p>
   </div>
   <div class='ocr_carea' id='block_1_68' title="bbox 438 3632 2027 3711">
    <p class='ocr_par' dir='ltr' id='par_1_68' title="bbox 438 3632 2027 3711">
     <span class='ocr_line' id='line_1_68' title="bbox 438 3632 2027 3711; baseline 0.007 -25"><span class='ocrx_word' id='word_1_505' title='bbox 438 3632 572 3687; x_wconf 75' lang='lat' dir='ltr'><strong>iium</strong></span> <span class='ocrx_word' id='word_1_506' title='bbox 617 3634 924 3695; x_wconf 86' lang='lat' dir='ltr'><strong>hominum,</strong></span> <span class='ocrx_word' id='word_1_507' title='bbox 973 3650 1076 3690; x_wconf 87' lang='lat' dir='ltr'><strong>nec</strong></span> <span class='ocrx_word' id='word_1_508' title='bbox 1115 3639 1160 3690; x_wconf 91' lang='lat' dir='ltr'><strong>si</strong></span> <span class='ocrx_word' id='word_1_509' title='bbox 1219 3637 1336 3692; x_wconf 85' lang='lat' dir='ltr'><strong>ﬁeri</strong></span> <span class='ocrx_word' id='word_1_510' title='bbox 1369 3640 1591 3708; x_wconf 88' lang='lat' dir='ltr'><strong>quidem</strong></span> <span class='ocrx_word' id='word_1_511' title='bbox 1626 3650 1834 3711; x_wconf 85' lang='lat' dir='ltr'><strong>posset,</strong></span> <span class='ocrx_word' id='word_1_512' title='bbox 1877 3651 1935 3696; x_wconf 89' lang='lat' dir='ltr'><strong>ut</strong></span> <span class='ocrx_word' id='word_1_513' title='bbox 1970 3651 2027 3697; x_wconf 90' lang='lat' dir='ltr'><strong>tu</strong></span> 
     </span>
    </p>
   </div>
   <div class='ocr_carea' id='block_1_69' title="bbox 441 3726 2029 3798">
    <p class='ocr_par' dir='ltr' id='par_1_69' title="bbox 441 3726 2029 3798">
     <span class='ocr_line' id='line_1_69' title="bbox 441 3726 2029 3798; baseline 0.007 -20"><span class='ocrx_word' id='word_1_514' title='bbox 441 3726 873 3783; x_wconf 85' lang='lat' dir='ltr'><strong>innumerabiles</strong></span> <span class='ocrx_word' id='word_1_515' title='bbox 904 3728 1064 3782; x_wconf 89' lang='lat' dir='ltr'><strong>nobis</strong></span> <span class='ocrx_word' id='word_1_516' title='bbox 1110 3739 1320 3784; x_wconf 83' lang='lat' dir='ltr'><strong>mortes</strong></span> <span class='ocrx_word' id='word_1_517' title='bbox 1360 3731 1606 3798; x_wconf 66' lang='grc' dir='ltr'>θεῖοι-ωε,</span> <span class='ocrx_word' id='word_1_518' title='bbox 1642 3740 1700 3786; x_wconf 91' lang='lat' dir='ltr'><strong>et</strong></span> <span class='ocrx_word' id='word_1_519' title='bbox 1741 3748 1852 3786; x_wconf 90' lang='lat' dir='ltr'><strong>non</strong></span> <span class='ocrx_word' id='word_1_520' title='bbox 1886 3734 2029 3790; x_wconf 87' lang='lat' dir='ltr'><strong>hanc</strong></span> 
     </span>
    </p>
   </div>
   <div class='ocr_carea' id='block_1_70' title="bbox 440 3815 2028 3886">
    <p class='ocr_par' dir='ltr' id='par_1_70' title="bbox 440 3815 2028 3886">
     <span class='ocr_line' id='line_1_70' title="bbox 440 3815 2028 3886; baseline 0.006 -18"><span class='ocrx_word' id='word_1_521' title='bbox 440 3829 630 3878; x_wconf 76' lang='lat' dir='ltr'><strong>unam,</strong></span> <span class='ocrx_word' id='word_1_522' title='bbox 662 3830 783 3884; x_wconf 85' lang='lat' dir='ltr'><strong>quae</strong></span> <span class='ocrx_word' id='word_1_523' title='bbox 815 3815 973 3871; x_wconf 89' lang='lat' dir='ltr'><strong>nobis</strong></span> <span class='ocrx_word' id='word_1_524' title='bbox 999 3817 1084 3871; x_wconf 84' lang='lat' dir='ltr'><strong>ve&#39;l</strong></span> <span class='ocrx_word' id='word_1_525' title='bbox 1114 3818 1183 3872; x_wconf 91' lang='lat' dir='ltr'><strong>ab</strong></span> <span class='ocrx_word' id='word_1_526' title='bbox 1212 3819 1329 3886; x_wconf 89' lang='lat' dir='ltr'><strong>ipsa</strong></span> <span class='ocrx_word' id='word_1_527' title='bbox 1356 3828 1555 3874; x_wconf 89' lang='lat' dir='ltr'><strong>natura</strong></span> <span class='ocrx_word' id='word_1_528' title='bbox 1583 3822 1817 3876; x_wconf 89' lang='lat' dir='ltr'><strong>debetur</strong></span> <span class='ocrx_word' id='word_1_529' title='bbox 1836 3837 2028 3877; x_wconf 86' lang='lat' dir='ltr'><strong>neces-</strong></span> 
     </span>
    </p>
   </div>
   <div class='ocr_carea' id='block_1_71' title="bbox 442 3906 2026 3984">
    <p class='ocr_par' dir='ltr' id='par_1_71' title="bbox 442 3906 2026 3984">
     <span class='ocr_line' id='line_1_71' title="bbox 442 3906 2026 3984; baseline 0.002 -21"><span class='ocrx_word' id='word_1_530' title='bbox 442 3907 608 3963; x_wconf 85' lang='lat' dir='ltr'><strong>sario.</strong></span> <span class='ocrx_word' id='word_1_531' title='bbox 664 3906 791 3962; x_wconf 68' lang='lat' dir='ltr'><strong>llaec</strong></span> <span class='ocrx_word' id='word_1_532' title='bbox 842 3924 971 3978; x_wconf 79' lang='lat' dir='ltr'><strong>ergo</strong></span> <span class='ocrx_word' id='word_1_533' title='bbox 1025 3924 1151 3964; x_wconf 88' lang='lat' dir='ltr'><strong>cum</strong></span> <span class='ocrx_word' id='word_1_534' title='bbox 1200 3911 1490 3972; x_wconf 80' lang='lat' dir='ltr'><strong>dixissent,</strong></span> <span class='ocrx_word' id='word_1_535' title='bbox 1542 3922 1812 3984; x_wconf 87' lang='lat' dir='ltr'><strong>martyres</strong></span> <span class='ocrx_word' id='word_1_536' title='bbox 1843 3914 2026 3968; x_wconf 84' lang='lat' dir='ltr'><strong>statim</strong></span> 
     </span>
    </p>
   </div>
   <div class='ocr_carea' id='block_1_72' title="bbox 445 3997 2028 4071">
    <p class='ocr_par' dir='ltr' id='par_1_72' title="bbox 445 3997 2028 4071">
     <span class='ocr_line' id='line_1_72' title="bbox 445 3997 2028 4071; baseline 0.004 -21"><span class='ocrx_word' id='word_1_537' title='bbox 445 3997 575 4052; x_wconf 90' lang='lat' dir='ltr'><strong>lecti</strong></span> <span class='ocrx_word' id='word_1_538' title='bbox 611 3999 892 4066; x_wconf 81' lang='lat' dir='ltr'><strong>excipiunt</strong></span> <span class='ocrx_word' id='word_1_539' title='bbox 941 3999 1126 4066; x_wconf 91' lang='lat' dir='ltr'><strong>ferrei,</strong></span> <span class='ocrx_word' id='word_1_540' title='bbox 1167 4009 1224 4055; x_wconf 85' lang='lat' dir='ltr'><strong>et</strong></span> <span class='ocrx_word' id='word_1_541' title='bbox 1266 4002 1406 4071; x_wconf 79' lang='lat' dir='ltr'><strong>ignis</strong></span> <span class='ocrx_word' id='word_1_542' title='bbox 1455 4003 1558 4056; x_wconf 88' lang='lat' dir='ltr'><strong>sub</strong></span> <span class='ocrx_word' id='word_1_543' title='bbox 1590 4003 1744 4056; x_wconf 85' lang='lat' dir='ltr'><strong>lcetis</strong></span> <span class='ocrx_word' id='word_1_544' title='bbox 1773 4003 2028 4057; x_wconf 81' lang='lat' dir='ltr'><strong>accendi-</strong></span> 
     </span>
    </p>
   </div>
   <div class='ocr_carea' id='block_1_73' title="bbox 442 4089 2028 4161">
    <p class='ocr_par' dir='ltr' id='par_1_73' title="bbox 442 4089 2028 4161">
     <span class='ocr_line' id='line_1_73' title="bbox 442 4089 2028 4161; baseline 0.005 -20"><span class='ocrx_word' id='word_1_545' title='bbox 442 4097 551 4142; x_wconf 87' lang='lat' dir='ltr'><strong>tur.</strong></span> <span class='ocrx_word' id='word_1_546' title='bbox 579 4089 782 4143; x_wconf 87' lang='lat' dir='ltr'><strong>Aderat</strong></span> <span class='ocrx_word' id='word_1_547' title='bbox 815 4099 997 4145; x_wconf 84' lang='lat' dir='ltr'><strong>autem</strong></span> <span class='ocrx_word' id='word_1_548' title='bbox 1036 4091 1225 4161; x_wconf 83' lang='lat' dir='ltr'><strong>Lysias</strong></span> <span class='ocrx_word' id='word_1_549' title='bbox 1269 4108 1489 4161; x_wconf 89' lang='lat' dir='ltr'><strong>quoque</strong></span> <span class='ocrx_word' id='word_1_550' title='bbox 1527 4094 1836 4148; x_wconf 83' lang='lat' dir='ltr'><strong>acclamans</strong></span> <span class='ocrx_word' id='word_1_551' title='bbox 1868 4113 1882 4148; x_wconf 89' lang='lat'><strong>:</strong></span> <span class='ocrx_word' id='word_1_552' title='bbox 1925 4094 2028 4149; x_wconf 77' lang='lat' dir='ltr'><strong>Ve-</strong></span> 
     </span>
    </p>
   </div>
   <div class='ocr_carea' id='block_1_74' title="bbox 443 4178 2030 4257">
    <p class='ocr_par' dir='ltr' id='par_1_74' title="bbox 443 4178 2030 4257">
     <span class='ocr_line' id='line_1_74' title="bbox 443 4178 2030 4257; baseline 0.006 -25"><span class='ocrx_word' id='word_1_553' title='bbox 443 4178 560 4232; x_wconf 85' lang='lat' dir='ltr'><strong>niat</strong></span> <span class='ocrx_word' id='word_1_554' title='bbox 589 4181 861 4243; x_wconf 72' lang='lat' dir='ltr'><strong>Christus,</strong></span> <span class='ocrx_word' id='word_1_555' title='bbox 896 4191 951 4235; x_wconf 88' lang='lat' dir='ltr'><strong>et</strong></span> <span class='ocrx_word' id='word_1_556' title='bbox 1001 4197 1160 4251; x_wconf 91' lang='lat' dir='ltr'><strong>opem</strong></span> <span class='ocrx_word' id='word_1_557' title='bbox 1215 4182 1354 4237; x_wconf 87' lang='lat' dir='ltr'><strong>ferat</strong></span> <span class='ocrx_word' id='word_1_558' title='bbox 1397 4184 1484 4248; x_wconf 89' lang='lat' dir='ltr'><strong>iis,</strong></span> <span class='ocrx_word' id='word_1_559' title='bbox 1534 4185 1624 4254; x_wconf 90' lang='lat' dir='ltr'><strong>qui</strong></span> <span class='ocrx_word' id='word_1_560' title='bbox 1663 4201 1760 4255; x_wconf 92' lang='lat' dir='ltr'><strong>pro</strong></span> <span class='ocrx_word' id='word_1_561' title='bbox 1784 4187 1902 4257; x_wconf 88' lang='lat' dir='ltr'><strong>ipso</strong></span> <span class='ocrx_word' id='word_1_562' title='bbox 1933 4204 2030 4257; x_wconf 91' lang='lat' dir='ltr'><strong>pa-</strong></span> 
     </span>
    </p>
   </div>
   <div class='ocr_carea' id='block_1_75' title="bbox 443 4270 2025 4345">
    <p class='ocr_par' dir='ltr' id='par_1_75' title="bbox 443 4270 2025 4345">
     <span class='ocr_line' id='line_1_75' title="bbox 443 4270 2025 4345; baseline 0.007 -23"><span class='ocrx_word' id='word_1_563' title='bbox 443 4271 674 4324; x_wconf 86' lang='lat' dir='ltr'><strong>tiuntur.</strong></span> <span class='ocrx_word' id='word_1_564' title='bbox 713 4270 988 4325; x_wconf 89' lang='lat' dir='ltr'><strong>Zenobius</strong></span> <span class='ocrx_word' id='word_1_565' title='bbox 1018 4285 1199 4327; x_wconf 85' lang='lat' dir='ltr'><strong>autem</strong></span> <span class='ocrx_word' id='word_1_566' title='bbox 1217 4275 1264 4327; x_wconf 88' lang='lat' dir='ltr'><strong>ei</strong></span> <span class='ocrx_word' id='word_1_567' title='bbox 1291 4275 1516 4328; x_wconf 86' lang='lat' dir='ltr'><strong>honeste</strong></span> <span class='ocrx_word' id='word_1_568' title='bbox 1543 4277 1713 4331; x_wconf 80' lang='lat' dir='ltr'><strong>dixit:</strong></span> <span class='ocrx_word' id='word_1_569' title='bbox 1747 4277 1827 4330; x_wconf 91' lang='lat' dir='ltr'><strong>En</strong></span> <span class='ocrx_word' id='word_1_570' title='bbox 1854 4280 2025 4345; x_wconf 89' lang='lat' dir='ltr'><strong>adest,</strong></span> 
     </span>
    </p>
   </div>
   <div class='ocr_carea' id='block_1_76' title="bbox 445 4365 2027 4433">
    <p class='ocr_par' dir='ltr' id='par_1_76' title="bbox 445 4365 2027 4433">
     <span class='ocr_line' id='line_1_76' title="bbox 445 4365 2027 4433; baseline 0.005 -17"><span class='ocrx_word' id='word_1_571' title='bbox 445 4378 604 4416; x_wconf 71' lang='lat' dir='ltr'><strong>suum</strong></span> <span class='ocrx_word' id='word_1_572' title='bbox 643 4379 819 4417; x_wconf 85' lang='lat' dir='ltr'><strong>rorem</strong></span> <span class='ocrx_word' id='word_1_573' title='bbox 855 4367 1104 4432; x_wconf 66' lang='lat' dir='ltr'><strong>praebens</strong></span> <span class='ocrx_word' id='word_1_574' title='bbox 1139 4365 1298 4419; x_wconf 87' lang='lat' dir='ltr'><strong>nobis</strong></span> <span class='ocrx_word' id='word_1_575' title='bbox 1328 4367 1692 4433; x_wconf 86' lang='lat' dir='ltr'><strong>medicinam,</strong></span> <span class='ocrx_word' id='word_1_576' title='bbox 1726 4369 1938 4423; x_wconf 88' lang='lat' dir='ltr'><strong>etiamsi</strong></span> <span class='ocrx_word' id='word_1_577' title='bbox 1975 4382 2027 4424; x_wconf 88' lang='lat' dir='ltr'><strong>tu</strong></span> 
     </span>
    </p>
   </div>
   <div class='ocr_carea' id='block_1_77' title="bbox 448 4456 2029 4524">
    <p class='ocr_par' dir='ltr' id='par_1_77' title="bbox 448 4456 2029 4524">
     <span class='ocr_line' id='line_1_77' title="bbox 448 4456 2029 4524; baseline 0.007 -17"><span class='ocrx_word' id='word_1_578' title='bbox 448 4457 552 4508; x_wconf 89' lang='lat' dir='ltr'><strong>hoc</strong></span> <span class='ocrx_word' id='word_1_579' title='bbox 592 4469 701 4507; x_wconf 91' lang='lat' dir='ltr'><strong>non</strong></span> <span class='ocrx_word' id='word_1_580' title='bbox 734 4458 914 4524; x_wconf 82' lang='lat' dir='ltr'><strong>possis</strong></span> <span class='ocrx_word' id='word_1_581' title='bbox 944 4456 1148 4520; x_wconf 84' lang='lat' dir='ltr'><strong>videre,</strong></span> <span class='ocrx_word' id='word_1_582' title='bbox 1186 4471 1310 4511; x_wconf 89' lang='lat' dir='ltr'><strong>cum</strong></span> <span class='ocrx_word' id='word_1_583' title='bbox 1356 4458 1435 4512; x_wconf 89' lang='lat' dir='ltr'><strong>sis</strong></span> <span class='ocrx_word' id='word_1_584' title='bbox 1466 4459 1841 4516; x_wconf 83' lang='lat' dir='ltr'><strong>circumdatus</strong></span> <span class='ocrx_word' id='word_1_585' title='bbox 1881 4469 2029 4517; x_wconf 90' lang='lat' dir='ltr'><strong>tanta</strong></span> 
     </span>
    </p>
   </div>
   <div class='ocr_carea' id='block_1_78' title="bbox 449 4545 1031 4615">
    <p class='ocr_par' dir='ltr' id='par_1_78' title="bbox 449 4545 1031 4615">
     <span class='ocr_line' id='line_1_78' title="bbox 449 4545 1031 4615; baseline 0.002 -17"><span class='ocrx_word' id='word_1_586' title='bbox 449 4545 681 4614; x_wconf 79' lang='lat' dir='ltr'><strong>caligine</strong></span> <span class='ocrx_word' id='word_1_587' title='bbox 713 4546 1031 4615; x_wconf 88' lang='lat' dir='ltr'><strong>impietatis.</strong></span> 
     </span>
    </p>
   </div>
   <div class='ocr_carea' id='block_1_79' title="bbox 521 4633 2028 4716">
    <p class='ocr_par' dir='ltr' id='par_1_79' title="bbox 521 4633 2028 4716">
     <span class='ocr_line' id='line_1_79' title="bbox 521 4633 2028 4716; baseline 0.008 -29"><span class='ocrx_word' id='word_1_588' title='bbox 521 4634 636 4690; x_wconf 72' lang='lat' dir='ltr'><strong>VII.</strong></span> <span class='ocrx_word' id='word_1_589' title='bbox 677 4633 964 4705; x_wconf 83' lang='lat' dir='ltr'><strong>Tyrannus</strong></span> <span class='ocrx_word' id='word_1_590' title='bbox 996 4652 1126 4707; x_wconf 80' lang='lat' dir='ltr'><strong>ergo</strong></span> <span class='ocrx_word' id='word_1_591' title='bbox 1153 4652 1276 4694; x_wconf 91' lang='lat' dir='ltr'><strong>cum</strong></span> <span class='ocrx_word' id='word_1_592' title='bbox 1310 4639 1522 4696; x_wconf 89' lang='lat' dir='ltr'><strong>videret</strong></span> <span class='ocrx_word' id='word_1_593' title='bbox 1555 4657 1651 4696; x_wconf 90' lang='lat' dir='ltr'><strong>eos</strong></span> <span class='ocrx_word' id='word_1_594' title='bbox 1693 4651 1799 4696; x_wconf 90' lang='lat' dir='ltr'><strong>tam</strong></span> <span class='ocrx_word' id='word_1_595' title='bbox 1831 4659 2028 4716; x_wconf 76' lang='lat' dir='ltr'><strong>magno</strong></span> 
     </span>
    </p>
   </div>
   <div class='ocr_carea' id='block_1_80' title="bbox 447 4728 2028 4803">
    <p class='ocr_par' dir='ltr' id='par_1_80' title="bbox 447 4728 2028 4803">
     <span class='ocr_line' id='line_1_80' title="bbox 447 4728 2028 4803; baseline 0.006 -23"><span class='ocrx_word' id='word_1_596' title='bbox 447 4737 505 4781; x_wconf 89' lang='lat' dir='ltr'><strong>et</strong></span> <span class='ocrx_word' id='word_1_597' title='bbox 539 4735 650 4780; x_wconf 88' lang='lat' dir='ltr'><strong>tam</strong></span> <span class='ocrx_word' id='word_1_598' title='bbox 683 4728 809 4783; x_wconf 87' lang='lat' dir='ltr'><strong>forti</strong></span> <span class='ocrx_word' id='word_1_599' title='bbox 843 4729 1028 4781; x_wconf 91' lang='lat' dir='ltr'><strong>animo</strong></span> <span class='ocrx_word' id='word_1_600' title='bbox 1063 4730 1343 4798; x_wconf 81' lang='lat' dir='ltr'><strong>praeditos,</strong></span> <span class='ocrx_word' id='word_1_601' title='bbox 1389 4731 1444 4784; x_wconf 90' lang='lat' dir='ltr'><strong>in</strong></span> <span class='ocrx_word' id='word_1_602' title='bbox 1488 4735 1778 4802; x_wconf 67' lang='lat' dir='ltr'><strong>prmsentia</strong></span> <span class='ocrx_word' id='word_1_603' title='bbox 1807 4736 2028 4803; x_wconf 90' lang='lat' dir='ltr'><strong>quidem</strong></span> 
     </span>
    </p>
   </div>
   <div class='ocr_carea' id='block_1_81' title="bbox 446 4820 2029 4894">
    <p class='ocr_par' dir='ltr' id='par_1_81' title="bbox 446 4820 2029 4894">
     <span class='ocr_line' id='line_1_81' title="bbox 446 4820 2029 4894; baseline 0.005 -22"><span class='ocrx_word' id='word_1_604' title='bbox 446 4834 662 4873; x_wconf 82' lang='lat' dir='ltr'><strong>cessare</strong></span> <span class='ocrx_word' id='word_1_605' title='bbox 691 4820 819 4874; x_wconf 87' lang='lat' dir='ltr'><strong>facit</strong></span> <span class='ocrx_word' id='word_1_606' title='bbox 850 4836 1040 4874; x_wconf 90' lang='lat' dir='ltr'><strong>eorum</strong></span> <span class='ocrx_word' id='word_1_607' title='bbox 1065 4823 1390 4889; x_wconf 84' lang='lat' dir='ltr'><strong>cruciatum,</strong></span> <span class='ocrx_word' id='word_1_608' title='bbox 1427 4825 1590 4880; x_wconf 89' lang='lat' dir='ltr'><strong>simul</strong></span> <span class='ocrx_word' id='word_1_609' title='bbox 1617 4826 1836 4894; x_wconf 89' lang='lat' dir='ltr'><strong>quidem</strong></span> <span class='ocrx_word' id='word_1_610' title='bbox 1879 4837 1933 4880; x_wconf 93' lang='lat' dir='ltr'><strong>et</strong></span> <span class='ocrx_word' id='word_1_611' title='bbox 1962 4827 2029 4880; x_wconf 89' lang='lat' dir='ltr'><strong>ad</strong></span> 
     </span>
    </p>
   </div>
   <div class='ocr_carea' id='block_1_82' title="bbox 446 4911 2026 4984">
    <p class='ocr_par' dir='ltr' id='par_1_82' title="bbox 446 4911 2026 4984">
     <span class='ocr_line' id='line_1_82' title="bbox 446 4911 2026 4984; baseline 0.005 -22"><span class='ocrx_word' id='word_1_612' title='bbox 446 4924 669 4964; x_wconf 84' lang='lat' dir='ltr'><strong>sensum</strong></span> <span class='ocrx_word' id='word_1_613' title='bbox 714 4911 916 4965; x_wconf 90' lang='lat' dir='ltr'><strong>doloris</strong></span> <span class='ocrx_word' id='word_1_614' title='bbox 963 4927 1087 4965; x_wconf 92' lang='lat' dir='ltr'><strong>cum</strong></span> <span class='ocrx_word' id='word_1_615' title='bbox 1139 4929 1481 4984; x_wconf 84' lang='lat' dir='ltr'><strong>nequaquam</strong></span> <span class='ocrx_word' id='word_1_616' title='bbox 1534 4916 2026 4972; x_wconf 79' lang='lat' dir='ltr'><strong>sufﬁcere-existi-</strong></span> 
     </span>
    </p>
   </div>
   <div class='ocr_carea' id='block_1_83' title="bbox 451 5007 2030 5074">
    <p class='ocr_par' dir='ltr' id='par_1_83' title="bbox 451 5007 2030 5074">
     <span class='ocr_line' id='line_1_83' title="bbox 451 5007 2030 5074; baseline 0.006 -19"><span class='ocrx_word' id='word_1_617' title='bbox 451 5019 628 5065; x_wconf 87' lang='lat' dir='ltr'><strong>tnans,</strong></span> <span class='ocrx_word' id='word_1_618' title='bbox 663 5013 718 5057; x_wconf 91' lang='lat' dir='ltr'><strong>ct</strong></span> <span class='ocrx_word' id='word_1_619' title='bbox 763 5019 858 5074; x_wconf 88' lang='lat' dir='ltr'><strong>spe</strong></span> <span class='ocrx_word' id='word_1_620' title='bbox 917 5007 1148 5074; x_wconf 87' lang='lat' dir='ltr'><strong>quadam</strong></span> <span class='ocrx_word' id='word_1_621' title='bbox 1207 5007 1311 5062; x_wconf 89' lang='lat' dir='ltr'><strong>sibi</strong></span> <span class='ocrx_word' id='word_1_622' title='bbox 1362 5008 1651 5063; x_wconf 89' lang='lat' dir='ltr'><strong>blandiens</strong></span> <span class='ocrx_word' id='word_1_623' title='bbox 1710 5011 1828 5063; x_wconf 81' lang='lat' dir='ltr'><strong>fore</strong></span> <span class='ocrx_word' id='word_1_624' title='bbox 1873 5022 1933 5064; x_wconf 93' lang='lat' dir='ltr'><strong>ut</strong></span> <span class='ocrx_word' id='word_1_625' title='bbox 1994 5010 2030 5066; x_wconf 89' lang='lat' dir='ltr'><strong>ii</strong></span> 
     </span>
    </p>
   </div>
   <div class='ocr_carea' id='block_1_84' title="bbox 449 5100 2031 5176">
    <p class='ocr_par' dir='ltr' id='par_1_84' title="bbox 449 5100 2031 5176">
     <span class='ocr_line' id='line_1_84' title="bbox 449 5100 2031 5176; baseline 0.006 -24"><span class='ocrx_word' id='word_1_626' title='bbox 449 5100 904 5168; x_wconf 84' lang='lat' dir='ltr'><strong>persuadeantur.</strong></span> <span class='ocrx_word' id='word_1_627' title='bbox 952 5110 1007 5155; x_wconf 92' lang='lat' dir='ltr'><strong>et</strong></span> <span class='ocrx_word' id='word_1_628' title='bbox 1042 5111 1457 5170; x_wconf 85' lang='lat' dir='ltr'><strong>convertantur,</strong></span> <span class='ocrx_word' id='word_1_629' title='bbox 1481 5119 1604 5159; x_wconf 69' lang='lat' dir='ltr'><strong>&#39;nec</strong></span> <span class='ocrx_word' id='word_1_630' title='bbox 1648 5115 1914 5176; x_wconf 90' lang='lat' dir='ltr'><strong>perpetuo</strong></span> <span class='ocrx_word' id='word_1_631' title='bbox 1956 5107 2031 5163; x_wconf 85' lang='lat' dir='ltr'><strong>ita</strong></span> 
     </span>
    </p>
   </div>
   <div class='ocr_carea' id='block_1_85' title="bbox 447 5193 2033 5266">
    <p class='ocr_par' dir='ltr' id='par_1_85' title="bbox 447 5193 2033 5266">
     <span class='ocr_line' id='line_1_85' title="bbox 447 5193 2033 5266; baseline 0.006 -21"><span class='ocrx_word' id='word_1_632' title='bbox 447 5193 551 5245; x_wconf 81' lang='lat' dir='ltr'><strong>sibi</strong></span> <span class='ocrx_word' id='word_1_633' title='bbox 587 5193 723 5247; x_wconf 91' lang='lat' dir='ltr'><strong>nihil</strong></span> <span class='ocrx_word' id='word_1_634' title='bbox 771 5203 1015 5262; x_wconf 89' lang='lat' dir='ltr'><strong>parcant.</strong></span> <span class='ocrx_word' id='word_1_635' title='bbox 1054 5195 1190 5249; x_wconf 74' lang='lat' dir='ltr'><strong>Cum</strong></span> <span class='ocrx_word' id='word_1_636' title='bbox 1240 5196 1424 5266; x_wconf 89' lang='lat' dir='ltr'><strong>itaque</strong></span> <span class='ocrx_word' id='word_1_637' title='bbox 1453 5197 1668 5251; x_wconf 88' lang='lat' dir='ltr'><strong>electis</strong></span> <span class='ocrx_word' id='word_1_638' title='bbox 1702 5197 1901 5252; x_wconf 84' lang='lat' dir='ltr'><strong>ferreis</strong></span> <span class='ocrx_word' id='word_1_639' title='bbox 1936 5213 2033 5254; x_wconf 89' lang='lat' dir='ltr'><strong>eos</strong></span> 
     </span>
    </p>
   </div>
   <div class='ocr_carea' id='block_1_86' title="bbox 449 5285 2028 5359">
    <p class='ocr_par' dir='ltr' id='par_1_86' title="bbox 449 5285 2028 5359">
     <span class='ocr_line' id='line_1_86' title="bbox 449 5285 2028 5359; baseline 0.005 -21"><span class='ocrx_word' id='word_1_640' title='bbox 449 5285 672 5339; x_wconf 84' lang='lat' dir='ltr'><strong>fecisset</strong></span> <span class='ocrx_word' id='word_1_641' title='bbox 709 5302 932 5358; x_wconf 82' lang='lat' dir='ltr'><strong>surgere</strong></span> <span class='ocrx_word' id='word_1_642' title='bbox 967 5304 980 5340; x_wconf 89' lang='lat'><strong>:</strong></span> <span class='ocrx_word' id='word_1_643' title='bbox 1012 5289 1213 5356; x_wconf 84' lang='lat' dir='ltr'><strong>Vestri,</strong></span> <span class='ocrx_word' id='word_1_644' title='bbox 1242 5289 1439 5359; x_wconf 88' lang='lat' dir='ltr'><strong>inquit,</strong></span> <span class='ocrx_word' id='word_1_645' title='bbox 1473 5293 1634 5347; x_wconf 89' lang='lat' dir='ltr'><strong>modo</strong></span> <span class='ocrx_word' id='word_1_646' title='bbox 1673 5291 2028 5359; x_wconf 89' lang='lat' dir='ltr'><strong>miseremini,</strong></span> 
     </span>
    </p>
   </div>
   <div class='ocr_carea' id='block_1_87' title="bbox 449 5379 2030 5452">
    <p class='ocr_par' dir='ltr' id='par_1_87' title="bbox 449 5379 2030 5452">
     <span class='ocr_line' id='line_1_87' title="bbox 449 5379 2030 5452; baseline 0.006 -23"><span class='ocrx_word' id='word_1_647' title='bbox 449 5393 628 5447; x_wconf 84' lang='lat' dir='ltr'><strong>neque</strong></span> <span class='ocrx_word' id='word_1_648' title='bbox 655 5379 725 5434; x_wconf 91' lang='lat' dir='ltr'><strong>sit</strong></span> <span class='ocrx_word' id='word_1_649' title='bbox 764 5382 901 5434; x_wconf 88' lang='lat' dir='ltr'><strong>alter</strong></span> <span class='ocrx_word' id='word_1_650' title='bbox 935 5381 1088 5435; x_wconf 87' lang='lat' dir='ltr'><strong>alteri</strong></span> <span class='ocrx_word' id='word_1_651' title='bbox 1121 5383 1356 5436; x_wconf 86' lang='lat' dir='ltr'><strong>invicem</strong></span> <span class='ocrx_word' id='word_1_652' title='bbox 1387 5393 1643 5452; x_wconf 88' lang='lat' dir='ltr'><strong>aspectus</strong></span> <span class='ocrx_word' id='word_1_653' title='bbox 1683 5385 2030 5452; x_wconf 88' lang='lat' dir='ltr'><strong>miserabilis,</strong></span> 
     </span>
    </p>
   </div>
   <div class='ocr_carea' id='block_1_88' title="bbox 449 5469 2031 5532">
    <p class='ocr_par' dir='ltr' id='par_1_88' title="bbox 449 5469 2031 5532">
     <span class='ocr_line' id='line_1_88' title="bbox 449 5469 2031 5532; baseline 0.005 -9"><span class='ocrx_word' id='word_1_654' title='bbox 449 5469 619 5524; x_wconf 81' lang='lat' dir='ltr'><strong>frater</strong></span> <span class='ocrx_word' id='word_1_655' title='bbox 654 5479 782 5525; x_wconf 85' lang='lat' dir='ltr'><strong>ante</strong></span> <span class='ocrx_word' id='word_1_656' title='bbox 805 5473 994 5527; x_wconf 84' lang='lat' dir='ltr'><strong>oculos</strong></span> <span class='ocrx_word' id='word_1_657' title='bbox 1031 5475 1237 5529; x_wconf 90' lang='lat' dir='ltr'><strong>sororis</strong></span> <span class='ocrx_word' id='word_1_658' title='bbox 1279 5478 1541 5529; x_wconf 88' lang='lat' dir='ltr'><strong>atrociter</strong></span> <span class='ocrx_word' id='word_1_659' title='bbox 1581 5475 1921 5532; x_wconf 90' lang='lat' dir='ltr'><strong>interfectus.</strong></span> <span class='ocrx_word' id='word_1_660' title='bbox 1954 5475 2031 5530; x_wconf 91' lang='lat' dir='ltr'><strong>Illi</strong></span> 
     </span>
    </p>
   </div>
   <div class='ocr_carea' id='block_1_89' title="bbox 448 5565 2034 5640">
    <p class='ocr_par' dir='ltr' id='par_1_89' title="bbox 448 5565 2034 5640">
     <span class='ocr_line' id='line_1_89' title="bbox 448 5565 2034 5640; baseline 0.006 -26"><span class='ocrx_word' id='word_1_661' title='bbox 448 5572 631 5616; x_wconf 89' lang='lat' dir='ltr'><strong>autem</strong></span> <span class='ocrx_word' id='word_1_662' title='bbox 665 5565 909 5618; x_wconf 89' lang='lat' dir='ltr'><strong>moribus</strong></span> <span class='ocrx_word' id='word_1_663' title='bbox 933 5573 987 5620; x_wconf 89' lang='lat' dir='ltr'><strong>et</strong></span> <span class='ocrx_word' id='word_1_664' title='bbox 1017 5567 1216 5623; x_wconf 85' lang='lat' dir='ltr'><strong>animis</strong></span> <span class='ocrx_word' id='word_1_665' title='bbox 1243 5568 1414 5639; x_wconf 80' lang='lat' dir='ltr'><strong>magis</strong></span> <span class='ocrx_word' id='word_1_666' title='bbox 1440 5568 1657 5635; x_wconf 85' lang='lat' dir='ltr'><strong>fratres,</strong></span> <span class='ocrx_word' id='word_1_667' title='bbox 1705 5586 1867 5640; x_wconf 89' lang='lat' dir='ltr'><strong>quam</strong></span> <span class='ocrx_word' id='word_1_668' title='bbox 1911 5585 2034 5625; x_wconf 90' lang='lat' dir='ltr'><strong>cor-</strong></span> 
     </span>
    </p>
   </div>
   <div class='ocr_carea' id='block_1_90' title="bbox 449 5653 2030 5731">
    <p class='ocr_par' dir='ltr' id='par_1_90' title="bbox 449 5653 2030 5731">
     <span class='ocr_line' id='line_1_90' title="bbox 449 5653 2030 5731; baseline 0.005 -25"><span class='ocrx_word' id='word_1_669' title='bbox 449 5653 715 5724; x_wconf 89' lang='lat' dir='ltr'><strong>poribus:</strong></span> <span class='ocrx_word' id='word_1_670' title='bbox 753 5653 893 5721; x_wconf 87' lang='lat' dir='ltr'><strong>Tibi,</strong></span> <span class='ocrx_word' id='word_1_671' title='bbox 945 5657 1277 5722; x_wconf 77' lang='lat' dir='ltr'><strong>dixerunt,o</strong></span> <span class='ocrx_word' id='word_1_672' title='bbox 1318 5659 1507 5728; x_wconf 82' lang='lat' dir='ltr'><strong>judex,</strong></span> <span class='ocrx_word' id='word_1_673' title='bbox 1566 5664 1747 5731; x_wconf 91' lang='lat' dir='ltr'><strong>potius</strong></span> <span class='ocrx_word' id='word_1_674' title='bbox 1791 5660 2030 5715; x_wconf 88' lang='lat' dir='ltr'><strong>consuli-</strong></span> 
     </span>
    </p>
   </div>
   <div class='ocr_carea' id='block_1_91' title="bbox 449 5749 2032 5825">
    <p class='ocr_par' dir='ltr' id='par_1_91' title="bbox 449 5749 2032 5825">
     <span class='ocr_line' id='line_1_91' title="bbox 449 5749 2032 5825; baseline 0.009 -29"><span class='ocrx_word' id='word_1_675' title='bbox 449 5760 594 5807; x_wconf 87' lang='lat' dir='ltr'><strong>mus,</strong></span> <span class='ocrx_word' id='word_1_676' title='bbox 627 5754 684 5802; x_wconf 87' lang='lat' dir='ltr'><strong>ut</strong></span> <span class='ocrx_word' id='word_1_677' title='bbox 716 5755 821 5801; x_wconf 83' lang='lat' dir='ltr'><strong>tuae</strong></span> <span class='ocrx_word' id='word_1_678' title='bbox 845 5749 1040 5806; x_wconf 65' lang='lat' dir='ltr'><strong>animae</strong></span> <span class='ocrx_word' id='word_1_679' title='bbox 1069 5751 1304 5820; x_wconf 89' lang='lat' dir='ltr'><strong>aliquam</strong></span> <span class='ocrx_word' id='word_1_680' title='bbox 1331 5767 1516 5807; x_wconf 89' lang='lat' dir='ltr'><strong>curam</strong></span> <span class='ocrx_word' id='word_1_681' title='bbox 1548 5768 1726 5825; x_wconf 77' lang='lat' dir='ltr'><strong>geras,</strong></span> <span class='ocrx_word' id='word_1_682' title='bbox 1751 5762 1805 5808; x_wconf 85' lang='lat' dir='ltr'><strong>et</strong></span> <span class='ocrx_word' id='word_1_683' title='bbox 1840 5754 2032 5810; x_wconf 87' lang='lat' dir='ltr'><strong>timeas</strong></span> 
     </span>
    </p>
   </div>
   <div class='ocr_carea' id='block_1_92' title="bbox 449 5836 2033 5915">
    <p class='ocr_par' dir='ltr' id='par_1_92' title="bbox 449 5836 2033 5915">
     <span class='ocr_line' id='line_1_92' title="bbox 449 5836 2033 5915; baseline 0.012 -32"><span class='ocrx_word' id='word_1_684' title='bbox 449 5836 670 5914; x_wconf 83' lang='lat' dir='ltr'><strong>quidem</strong></span> <span class='ocrx_word' id='word_1_685' title='bbox 705 5838 1031 5910; x_wconf 75' lang='lat' dir='ltr'><strong>gehennam,</strong></span> <span class='ocrx_word' id='word_1_686' title='bbox 1068 5843 1224 5915; x_wconf 86' lang='lat' dir='ltr'><strong>cujus</strong></span> <span class='ocrx_word' id='word_1_687' title='bbox 1254 5844 1417 5902; x_wconf 80' lang='lat' dir='ltr'><strong>minae</strong></span> <span class='ocrx_word' id='word_1_688' title='bbox 1451 5846 1545 5901; x_wconf 90' lang='lat' dir='ltr'><strong>tibi</strong></span> <span class='ocrx_word' id='word_1_689' title='bbox 1579 5846 1943 5915; x_wconf 87' lang='lat' dir='ltr'><strong>intentantur,</strong></span> <span class='ocrx_word' id='word_1_690' title='bbox 1979 5858 2033 5904; x_wconf 90' lang='lat' dir='ltr'><strong>et</strong></span> 
     </span>
    </p>
   </div>
   <div class='ocr_carea' id='block_1_93' title="bbox 2053 4596 2108 4652">
    <p class='ocr_par' dir='ltr' id='par_1_93' title="bbox 2053 4596 2108 4652">
     <span class='ocr_line' id='line_1_93' title="bbox 2053 4596 2108 4652; baseline 0 0"><span class='ocrx_word' id='word_1_691' title='bbox 2053 4596 2108 4652; x_wconf 91' lang='lat' dir='ltr'><strong>D</strong></span> 
     </span>
    </p>
   </div>
   <div class='ocr_carea' id='block_1_94' title="bbox 2126 3357 3714 3431">
    <p class='ocr_par' dir='ltr' id='par_1_94' title="bbox 2126 3357 3714 3431">
     <span class='ocr_line' id='line_1_94' title="bbox 2126 3357 3714 3431; baseline -0.004 -17"><span class='ocrx_word' id='word_1_692' title='bbox 2126 3361 2502 3431; x_wconf 76' lang='grc' dir='ltr'>ἐπιλαϐομένη</span> <span class='ocrx_word' id='word_1_693' title='bbox 2527 3399 2540 3426; x_wconf 93' lang='grc'><strong>,</strong></span> <span class='ocrx_word' id='word_1_694' title='bbox 2574 3359 2827 3429; x_wconf 85' lang='grc' dir='ltr'>καθάπερ</span> <span class='ocrx_word' id='word_1_695' title='bbox 2863 3359 2952 3426; x_wconf 80' lang='grc' dir='ltr'><strong>ὑφ’</strong></span> <span class='ocrx_word' id='word_1_696' title='bbox 2983 3359 3064 3411; x_wconf 75' lang='grc' dir='ltr'>ἑνὶ</span> <span class='ocrx_word' id='word_1_697' title='bbox 3093 3357 3270 3428; x_wconf 75' lang='grc' dir='ltr'>ψυχῆς</span> <span class='ocrx_word' id='word_1_698' title='bbox 3302 3357 3589 3425; x_wconf 78' lang='grc' dir='ltr'>κινήματι,</span> <span class='ocrx_word' id='word_1_699' title='bbox 3615 3357 3714 3408; x_wconf 75' lang='grc' dir='ltr'>καὶ</span> 
     </span>
    </p>
   </div>
   <div class='ocr_carea' id='block_1_95' title="bbox 2128 3444 3706 3522">
    <p class='ocr_par' dir='ltr' id='par_1_95' title="bbox 2128 3444 3706 3522">
     <span class='ocr_line' id='line_1_95' title="bbox 2128 3444 3706 3522; baseline -0.004 -16"><span class='ocrx_word' id='word_1_700' title='bbox 2128 3453 2545 3522; x_wconf 82' lang='grc' dir='ltr'>παραστήματι,</span> <span class='ocrx_word' id='word_1_701' title='bbox 2584 3452 2658 3504; x_wconf 86' lang='grc' dir='ltr'><strong>υύ</strong></span> <span class='ocrx_word' id='word_1_702' title='bbox 2691 3452 2924 3515; x_wconf 80' lang='grc' dir='ltr'>πείσεις,</span> <span class='ocrx_word' id='word_1_703' title='bbox 2964 3447 3139 3512; x_wconf 79' lang='grc' dir='ltr'>εἷπον,</span> <span class='ocrx_word' id='word_1_704' title='bbox 3176 3451 3350 3519; x_wconf 79' lang='grc' dir='ltr'>ἡμᾶς,</span> <span class='ocrx_word' id='word_1_705' title='bbox 3383 3444 3425 3501; x_wconf 80' lang='grc' dir='ltr'>ὦ</span> <span class='ocrx_word' id='word_1_706' title='bbox 3452 3449 3706 3518; x_wconf 76' lang='grc' dir='ltr'>τύραννε,</span> 
     </span>
    </p>
   </div>
   <div class='ocr_carea' id='block_1_96' title="bbox 2127 3542 3712 3612">
    <p class='ocr_par' dir='ltr' id='par_1_96' title="bbox 2127 3542 3712 3612">
     <span class='ocr_line' id='line_1_96' title="bbox 2127 3542 3712 3612; baseline -0.004 -14"><span class='ocrx_word' id='word_1_707' title='bbox 2127 3545 2263 3598; x_wconf 85' lang='grc' dir='ltr'>Θεοῦ</span> <span class='ocrx_word' id='word_1_708' title='bbox 2315 3546 2519 3608; x_wconf 76' lang='grc' dir='ltr'>ζῶντος</span> <span class='ocrx_word' id='word_1_709' title='bbox 2578 3543 2838 3612; x_wconf 80' lang='grc' dir='ltr'>ἀληθινοῦ</span> <span class='ocrx_word' id='word_1_710' title='bbox 2891 3544 3092 3596; x_wconf 68' lang='grc' dir='ltr'>εἴδωλα</span> <span class='ocrx_word' id='word_1_711' title='bbox 3140 3542 3351 3612; x_wconf 81' lang='grc' dir='ltr'>θνητῶν</span> <span class='ocrx_word' id='word_1_712' title='bbox 3403 3543 3712 3610; x_wconf 82' lang='grc' dir='ltr'>ἀνθρώπων</span> 
     </span>
    </p>
   </div>
   <div class='ocr_carea' id='block_1_97' title="bbox 2127 3632 3714 3708">
    <p class='ocr_par' dir='ltr' id='par_1_97' title="bbox 2127 3632 3714 3708">
     <span class='ocr_line' id='line_1_97' title="bbox 2127 3632 3714 3708; baseline -0.001 -18"><span class='ocrx_word' id='word_1_713' title='bbox 2127 3636 2462 3708; x_wconf 79' lang='grc' dir='ltr'>ἀλλάξασθαι</span> <span class='ocrx_word' id='word_1_714' title='bbox 2493 3637 2604 3690; x_wconf 78' lang='grc' dir='ltr'>οὐδ’</span> <span class='ocrx_word' id='word_1_715' title='bbox 2665 3638 2731 3690; x_wconf 87' lang='grc' dir='ltr'><strong>ἂν</strong></span> <span class='ocrx_word' id='word_1_716' title='bbox 2765 3637 2815 3689; x_wconf 80' lang='grc' dir='ltr'><strong>εί</strong></span> <span class='ocrx_word' id='word_1_717' title='bbox 2850 3635 2948 3707; x_wconf 82' lang='grc' dir='ltr'><strong>καὶ</strong></span> <span class='ocrx_word' id='word_1_718' title='bbox 2989 3635 3220 3706; x_wconf 79' lang='grc' dir='ltr'>μυρίους</span> <span class='ocrx_word' id='word_1_719' title='bbox 3256 3651 3341 3687; x_wconf 87' lang='grc' dir='ltr'><strong>σοι</strong></span> <span class='ocrx_word' id='word_1_720' title='bbox 3383 3635 3606 3688; x_wconf 80' lang='grc' dir='ltr'>δυνατὸν</span> <span class='ocrx_word' id='word_1_721' title='bbox 3643 3632 3714 3707; x_wconf 79' lang='grc' dir='ltr'>ἦν</span> 
     </span>
    </p>
   </div>
   <div class='ocr_carea' id='block_1_98' title="bbox 2128 3727 3716 3798">
    <p class='ocr_par' dir='ltr' id='par_1_98' title="bbox 2128 3727 3716 3798">
     <span class='ocr_line' id='line_1_98' title="bbox 2128 3727 3716 3798; baseline 0.001 -17"><span class='ocrx_word' id='word_1_722' title='bbox 2128 3730 2260 3798; x_wconf 84' lang='grc' dir='ltr'>ἡμῖν</span> <span class='ocrx_word' id='word_1_723' title='bbox 2298 3728 2564 3791; x_wconf 81' lang='grc' dir='ltr'>θανάτους</span> <span class='ocrx_word' id='word_1_724' title='bbox 2596 3731 2925 3796; x_wconf 74' lang='grc' dir='ltr'>ἐπαγαγεῖν,</span> <span class='ocrx_word' id='word_1_725' title='bbox 2960 3728 3100 3783; x_wconf 88' lang='grc' dir='ltr'><strong>ἀλλά</strong></span> <span class='ocrx_word' id='word_1_726' title='bbox 3137 3729 3213 3798; x_wconf 80' lang='grc' dir='ltr'>μὴ</span> <span class='ocrx_word' id='word_1_727' title='bbox 3255 3728 3347 3781; x_wconf 83' lang='grc' dir='ltr'>τὸν</span> <span class='ocrx_word' id='word_1_728' title='bbox 3379 3728 3473 3784; x_wconf 76' lang='grc' dir='ltr'><strong>ἕνα</strong></span> <span class='ocrx_word' id='word_1_729' title='bbox 3516 3727 3716 3783; x_wconf 84' lang='grc' dir='ltr'>τοῦτον</span> 
     </span>
    </p>
   </div>
   <div class='ocr_carea' id='block_1_99' title="bbox 2128 3819 3721 3890">
    <p class='ocr_par' dir='ltr' id='par_1_99' title="bbox 2128 3819 3721 3890">
     <span class='ocr_line' id='line_1_99' title="bbox 2128 3819 3721 3890; baseline -0.001 -16"><span class='ocrx_word' id='word_1_730' title='bbox 2128 3823 2276 3882; x_wconf 79' lang='grc' dir='ltr'>ὅστις</span> <span class='ocrx_word' id='word_1_731' title='bbox 2301 3825 2394 3874; x_wconf 68' lang='grc' dir='ltr'><strong>καὶ</strong></span> <span class='ocrx_word' id='word_1_732' title='bbox 2423 3820 2553 3890; x_wconf 84' lang='grc' dir='ltr'>παρ’</span> <span class='ocrx_word' id='word_1_733' title='bbox 2591 3821 2762 3888; x_wconf 82' lang='grc' dir='ltr'>αὐτῆς</span> <span class='ocrx_word' id='word_1_734' title='bbox 2793 3822 2928 3890; x_wconf 80' lang='grc' dir='ltr'>ἡμῖν</span> <span class='ocrx_word' id='word_1_735' title='bbox 2966 3819 3187 3888; x_wconf 85' lang='grc' dir='ltr'>φύσεως</span> <span class='ocrx_word' id='word_1_736' title='bbox 3220 3819 3540 3888; x_wconf 77' lang='grc' dir='ltr'>ἀναγκαίως</span> <span class='ocrx_word' id='word_1_737' title='bbox 3561 3820 3721 3888; x_wconf 80' lang='grc' dir='ltr'>ὀφεί-</span> 
     </span>
    </p>
   </div>
   <div class='ocr_carea' id='block_1_100' title="bbox 2129 3913 3717 3983">
    <p class='ocr_par' dir='ltr' id='par_1_100' title="bbox 2129 3913 3717 3983">
     <span class='ocr_line' id='line_1_100' title="bbox 2129 3913 3717 3983; baseline 0 -16"><span class='ocrx_word' id='word_1_738' title='bbox 2129 3913 2301 3969; x_wconf 72' lang='grc' dir='ltr'>λεται.</span> <span class='ocrx_word' id='word_1_739' title='bbox 2353 3914 2539 3968; x_wconf 76' lang='grc' dir='ltr'>Ταῦτα</span> <span class='ocrx_word' id='word_1_740' title='bbox 2599 3914 2894 3981; x_wconf 79' lang='grc' dir='ltr'>τοιγαροῦν</span> <span class='ocrx_word' id='word_1_741' title='bbox 2975 3914 3278 3983; x_wconf 73' lang='grc' dir='ltr'>εἰρηκότας</span> <span class='ocrx_word' id='word_1_742' title='bbox 3345 3913 3523 3968; x_wconf 79' lang='grc' dir='ltr'>κλῖναι</span> <span class='ocrx_word' id='word_1_743' title='bbox 3586 3915 3717 3976; x_wconf 83' lang='grc' dir='ltr'>τοὺς</span> 
     </span>
    </p>
   </div>
   <div class='ocr_carea' id='block_1_101' title="bbox 2133 4003 3718 4075">
    <p class='ocr_par' dir='ltr' id='par_1_101' title="bbox 2133 4003 3718 4075">
     <span class='ocr_line' id='line_1_101' title="bbox 2133 4003 3718 4075; baseline 0.001 -19"><span class='ocrx_word' id='word_1_744' title='bbox 2133 4007 2425 4075; x_wconf 74' lang='grc' dir='ltr'>μάρτυρας</span> <span class='ocrx_word' id='word_1_745' title='bbox 2459 4005 2623 4066; x_wconf 81' lang='grc' dir='ltr'>εὐθὺς</span> <span class='ocrx_word' id='word_1_746' title='bbox 2665 4003 3029 4072; x_wconf 81' lang='grc' dir='ltr'>ὑποδέχονται</span> <span class='ocrx_word' id='word_1_747' title='bbox 3069 4004 3311 4073; x_wconf 87' lang='grc' dir='ltr'>σιδηραῖ,</span> <span class='ocrx_word' id='word_1_748' title='bbox 3340 4007 3434 4056; x_wconf 68' lang='grc' dir='ltr'>καὶ</span> <span class='ocrx_word' id='word_1_749' title='bbox 3469 4004 3580 4073; x_wconf 85' lang='grc' dir='ltr'>πῦρ</span> <span class='ocrx_word' id='word_1_750' title='bbox 3607 4005 3718 4057; x_wconf 81' lang='grc' dir='ltr'><strong>ὑπὸ</strong></span> 
     </span>
    </p>
   </div>
   <div class='ocr_carea' id='block_1_102' title="bbox 2128 4095 3719 4164">
    <p class='ocr_par' dir='ltr' id='par_1_102' title="bbox 2128 4095 3719 4164">
     <span class='ocr_line' id='line_1_102' title="bbox 2128 4095 3719 4164; baseline -0.001 -15"><span class='ocrx_word' id='word_1_751' title='bbox 2128 4099 2249 4160; x_wconf 85' lang='grc' dir='ltr'>ταῖς</span> <span class='ocrx_word' id='word_1_752' title='bbox 2293 4097 2506 4158; x_wconf 77' lang='grc' dir='ltr'>κλίναις</span> <span class='ocrx_word' id='word_1_753' title='bbox 2543 4095 2870 4152; x_wconf 83' lang='grc' dir='ltr'>ἀνάπτεται.</span> <span class='ocrx_word' id='word_1_754' title='bbox 2903 4095 3093 4164; x_wconf 75' lang='grc' dir='ltr'>Παρῆν</span> <span class='ocrx_word' id='word_1_755' title='bbox 3124 4095 3180 4148; x_wconf 83' lang='grc' dir='ltr'>δὲ</span> <span class='ocrx_word' id='word_1_756' title='bbox 3236 4096 3331 4148; x_wconf 78' lang='grc' dir='ltr'>καὶ</span> <span class='ocrx_word' id='word_1_757' title='bbox 3360 4095 3564 4157; x_wconf 83' lang='grc' dir='ltr'>Λυσίας</span> <span class='ocrx_word' id='word_1_758' title='bbox 3593 4097 3719 4148; x_wconf 83' lang='grc' dir='ltr'>ἐπι-</span> 
     </span>
    </p>
   </div>
   <div class='ocr_carea' id='block_1_103' title="bbox 2132 4188 3718 4259">
    <p class='ocr_par' dir='ltr' id='par_1_103' title="bbox 2132 4188 3718 4259">
     <span class='ocr_line' id='line_1_103' title="bbox 2132 4188 3718 4259; baseline -0.001 -17"><span class='ocrx_word' id='word_1_759' title='bbox 2132 4191 2366 4259; x_wconf 76' lang='grc' dir='ltr'>φωνῶν·</span> <span class='ocrx_word' id='word_1_760' title='bbox 2432 4189 2669 4242; x_wconf 85' lang='grc' dir='ltr'>Ἐλθέτω</span> <span class='ocrx_word' id='word_1_761' title='bbox 2717 4188 2975 4258; x_wconf 74' lang='grc' dir='ltr'>Χριστὸς,</span> <span class='ocrx_word' id='word_1_762' title='bbox 3031 4188 3357 4257; x_wconf 78' lang='grc' dir='ltr'>βοηθησάτω</span> <span class='ocrx_word' id='word_1_763' title='bbox 3407 4191 3520 4252; x_wconf 85' lang='grc' dir='ltr'>τοῖς</span> <span class='ocrx_word' id='word_1_764' title='bbox 3571 4189 3718 4257; x_wconf 80' lang='grc' dir='ltr'>ὑπὲρ</span> 
     </span>
    </p>
   </div>
   <div class='ocr_carea' id='block_1_104' title="bbox 2132 4279 3713 4349">
    <p class='ocr_par' dir='ltr' id='par_1_104' title="bbox 2132 4279 3713 4349">
     <span class='ocr_line' id='line_1_104' title="bbox 2132 4279 3713 4349; baseline -0.003 -15"><span class='ocrx_word' id='word_1_765' title='bbox 2132 4279 2299 4335; x_wconf 71' lang='grc' dir='ltr'>αὑτοῦ</span> <span class='ocrx_word' id='word_1_766' title='bbox 2342 4279 2632 4348; x_wconf 80' lang='grc' dir='ltr'>πάσχουσι.</span> <span class='ocrx_word' id='word_1_767' title='bbox 2670 4280 2777 4331; x_wconf 77' lang='grc' dir='ltr'>Καὶ</span> <span class='ocrx_word' id='word_1_768' title='bbox 2805 4281 2832 4332; x_wconf 86' lang='grc' dir='ltr'>ὁ</span> <span class='ocrx_word' id='word_1_769' title='bbox 2867 4280 3128 4347; x_wconf 81' lang='grc' dir='ltr'>Ζηνόϐιος</span> <span class='ocrx_word' id='word_1_770' title='bbox 3158 4279 3413 4348; x_wconf 81' lang='grc' dir='ltr'>εὐκόσμῳ</span> <span class='ocrx_word' id='word_1_771' title='bbox 3451 4279 3529 4348; x_wconf 81' lang='grc' dir='ltr'>τῷ</span> <span class='ocrx_word' id='word_1_772' title='bbox 3565 4279 3713 4349; x_wconf 52' lang='lat' dir='ltr'><strong>seu,</strong></span> 
     </span>
    </p>
   </div>
   <div class='ocr_carea' id='block_1_105' title="bbox 2139 4370 3718 4442">
    <p class='ocr_par' dir='ltr' id='par_1_105' title="bbox 2139 4370 3718 4442">
     <span class='ocr_line' id='line_1_105' title="bbox 2139 4370 3718 4442; baseline -0.001 -16"><span class='ocrx_word' id='word_1_773' title='bbox 2139 4374 2436 4442; x_wconf 85' lang='grc' dir='ltr'>Πάρεστιν,</span> <span class='ocrx_word' id='word_1_774' title='bbox 2474 4372 2686 4438; x_wconf 74' lang='grc' dir='ltr'>ἔλεγεν,</span> <span class='ocrx_word' id='word_1_775' title='bbox 2713 4371 2847 4434; x_wconf 83' lang='grc' dir='ltr'>ἰδοὺ,</span> <span class='ocrx_word' id='word_1_776' title='bbox 2889 4371 2988 4440; x_wconf 81' lang='grc' dir='ltr'><strong>τὴν</strong></span> <span class='ocrx_word' id='word_1_777' title='bbox 3016 4370 3149 4440; x_wconf 83' lang='grc' dir='ltr'>παρ’</span> <span class='ocrx_word' id='word_1_778' title='bbox 3176 4371 3340 4426; x_wconf 79' lang='grc' dir='ltr'>αὑτοῦ</span> <span class='ocrx_word' id='word_1_779' title='bbox 3359 4371 3549 4440; x_wconf 80' lang='grc' dir='ltr'>δρόσον</span> <span class='ocrx_word' id='word_1_780' title='bbox 3579 4372 3718 4438; x_wconf 80' lang='grc' dir='ltr'>[αμα</span> 
     </span>
    </p>
   </div>
   <div class='ocr_carea' id='block_1_106' title="bbox 2135 4463 3717 4535">
    <p class='ocr_par' dir='ltr' id='par_1_106' title="bbox 2135 4463 3717 4535">
     <span class='ocr_line' id='line_1_106' title="bbox 2135 4463 3717 4535; baseline -0.002 -17"><span class='ocrx_word' id='word_1_781' title='bbox 2135 4465 2399 4535; x_wconf 82' lang='grc' dir='ltr'>παρέχων</span> <span class='ocrx_word' id='word_1_782' title='bbox 2443 4465 2602 4532; x_wconf 77' lang='grc' dir='ltr'>ἡμῖν,</span> <span class='ocrx_word' id='word_1_783' title='bbox 2655 4466 2704 4515; x_wconf 82' lang='grc' dir='ltr'><strong>εί</strong></span> <span class='ocrx_word' id='word_1_784' title='bbox 2743 4466 2838 4515; x_wconf 79' lang='grc' dir='ltr'>καὶ</span> <span class='ocrx_word' id='word_1_785' title='bbox 2893 4465 2958 4516; x_wconf 80' lang='grc' dir='ltr'><strong>σὺ</strong></span> <span class='ocrx_word' id='word_1_786' title='bbox 3008 4463 3201 4516; x_wconf 88' lang='grc' dir='ltr'>τοῦτον</span> <span class='ocrx_word' id='word_1_787' title='bbox 3247 4464 3349 4517; x_wconf 75' lang='grc' dir='ltr'>οὐκ</span> <span class='ocrx_word' id='word_1_788' title='bbox 3381 4465 3528 4533; x_wconf 70' lang='grc' dir='ltr'>ἔχεις</span> <span class='ocrx_word' id='word_1_789' title='bbox 3559 4465 3717 4534; x_wconf 83' lang='grc' dir='ltr'>όρᾷν,</span> 
     </span>
    </p>
   </div>
   <div class='ocr_carea' id='block_1_107' title="bbox 2133 4557 3345 4628">
    <p class='ocr_par' dir='ltr' id='par_1_107' title="bbox 2133 4557 3345 4628">
     <span class='ocr_line' id='line_1_107' title="bbox 2133 4557 3345 4628; baseline 0 -16"><span class='ocrx_word' id='word_1_790' title='bbox 2133 4559 2407 4627; x_wconf 84' lang='grc' dir='ltr'>τοσαύτην</span> <span class='ocrx_word' id='word_1_791' title='bbox 2437 4558 2696 4621; x_wconf 87' lang='grc' dir='ltr'>ἀσεϐείας</span> <span class='ocrx_word' id='word_1_792' title='bbox 2726 4557 2897 4628; x_wconf 81' lang='grc' dir='ltr'>ἀχλὺν</span> <span class='ocrx_word' id='word_1_793' title='bbox 2931 4560 3345 4628; x_wconf 84' lang='grc' dir='ltr'>περικείμενος.</span> 
     </span>
    </p>
   </div>
   <div class='ocr_carea' id='block_1_108' title="bbox 2203 4648 3718 4723">
    <p class='ocr_par' dir='ltr' id='par_1_108' title="bbox 2203 4648 3718 4723">
     <span class='ocr_line' id='line_1_108' title="bbox 2203 4648 3718 4723; baseline 0.001 -19"><span class='ocrx_word' id='word_1_794' title='bbox 2203 4652 2278 4704; x_wconf 91' lang='lat' dir='ltr'><strong>Z&#39;.</strong></span> <span class='ocrx_word' id='word_1_795' title='bbox 2324 4650 2381 4702; x_wconf 88' lang='lat'><strong>&#39;0</strong></span> <span class='ocrx_word' id='word_1_796' title='bbox 2420 4648 2550 4718; x_wconf 87' lang='grc' dir='ltr'>γοῦν</span> <span class='ocrx_word' id='word_1_797' title='bbox 2576 4649 2866 4720; x_wconf 88' lang='grc' dir='ltr'>τύραννος,</span> <span class='ocrx_word' id='word_1_798' title='bbox 2892 4649 3066 4713; x_wconf 76' lang='grc' dir='ltr'>οὕτως</span> <span class='ocrx_word' id='word_1_799' title='bbox 3117 4651 3317 4714; x_wconf 84' lang='grc' dir='ltr'>αὐτοὺς</span> <span class='ocrx_word' id='word_1_800' title='bbox 3349 4653 3496 4722; x_wconf 84' lang='grc' dir='ltr'>ὀρῶν</span> <span class='ocrx_word' id='word_1_801' title='bbox 3547 4654 3718 4723; x_wconf 63' lang='grc' dir='ltr'>εὐψύ-</span> 
     </span>
    </p>
   </div>
   <div class='ocr_carea' id='block_1_109' title="bbox 2133 4744 3722 4817">
    <p class='ocr_par' dir='ltr' id='par_1_109' title="bbox 2133 4744 3722 4817">
     <span class='ocr_line' id='line_1_109' title="bbox 2133 4744 3722 4817; baseline 0.004 -23"><span class='ocrx_word' id='word_1_802' title='bbox 2133 4759 2242 4813; x_wconf 81' lang='grc' dir='ltr'><strong>χως</strong></span> <span class='ocrx_word' id='word_1_803' title='bbox 2273 4744 2368 4796; x_wconf 80' lang='grc' dir='ltr'>καὶ</span> <span class='ocrx_word' id='word_1_804' title='bbox 2395 4745 2744 4814; x_wconf 84' lang='grc' dir='ltr'>καρτερικῶς</span> <span class='ocrx_word' id='word_1_805' title='bbox 2779 4746 3026 4814; x_wconf 68' lang='grc' dir='ltr'>ἔχοντας,</span> <span class='ocrx_word' id='word_1_806' title='bbox 3066 4745 3252 4814; x_wconf 76' lang='grc' dir='ltr'>ἵστησι</span> <span class='ocrx_word' id='word_1_807' title='bbox 3287 4747 3495 4817; x_wconf 78' lang='grc' dir='ltr'>ταύτην</span> <span class='ocrx_word' id='word_1_808' title='bbox 3525 4747 3586 4801; x_wconf 80' lang='grc' dir='ltr'><strong>τὸ</strong></span> <span class='ocrx_word' id='word_1_809' title='bbox 3615 4767 3722 4801; x_wconf 79' lang='grc' dir='ltr'>πα-</span> 
     </span>
    </p>
   </div>
   <div class='ocr_carea' id='block_1_110' title="bbox 2136 4836 3723 4909">
    <p class='ocr_par' dir='ltr' id='par_1_110' title="bbox 2136 4836 3723 4909">
     <span class='ocr_line' id='line_1_110' title="bbox 2136 4836 3723 4909; baseline 0.003 -22"><span class='ocrx_word' id='word_1_810' title='bbox 2136 4836 2229 4904; x_wconf 88' lang='grc' dir='ltr'><strong>ρδν</strong></span> <span class='ocrx_word' id='word_1_811' title='bbox 2257 4837 2372 4899; x_wconf 88' lang='grc' dir='ltr'>τοῖς</span> <span class='ocrx_word' id='word_1_812' title='bbox 2400 4836 2672 4904; x_wconf 79' lang='grc' dir='ltr'>γενναίοις</span> <span class='ocrx_word' id='word_1_813' title='bbox 2695 4837 2795 4907; x_wconf 83' lang='grc' dir='ltr'>τὴν</span> <span class='ocrx_word' id='word_1_814' title='bbox 2837 4837 3134 4906; x_wconf 85' lang='grc' dir='ltr'>τιμωρίαν,</span> <span class='ocrx_word' id='word_1_815' title='bbox 3165 4838 3302 4906; x_wconf 84' lang='grc' dir='ltr'>ὁμοῦ</span> <span class='ocrx_word' id='word_1_816' title='bbox 3331 4839 3432 4909; x_wconf 82' lang='grc' dir='ltr'>μὲν</span> <span class='ocrx_word' id='word_1_817' title='bbox 3461 4841 3560 4909; x_wconf 82' lang='grc' dir='ltr'><strong>οὐχ</strong></span> <span class='ocrx_word' id='word_1_818' title='bbox 3594 4842 3723 4894; x_wconf 75' lang='grc' dir='ltr'><strong>ικα-</strong></span> 
     </span>
    </p>
   </div>
   <div class='ocr_carea' id='block_1_111' title="bbox 2131 4927 3716 4999">
    <p class='ocr_par' dir='ltr' id='par_1_111' title="bbox 2131 4927 3716 4999">
     <span class='ocr_line' id='line_1_111' title="bbox 2131 4927 3716 4999; baseline 0.001 -17"><span class='ocrx_word' id='word_1_819' title='bbox 2131 4927 2230 4998; x_wconf 73' lang='grc' dir='ltr'><strong>νην</strong></span> <span class='ocrx_word' id='word_1_820' title='bbox 2259 4927 2427 4998; x_wconf 77' lang='grc' dir='ltr'>αὐτὴν</span> <span class='ocrx_word' id='word_1_821' title='bbox 2453 4930 2532 4991; x_wconf 80' lang='grc' dir='ltr'>εἰς</span> <span class='ocrx_word' id='word_1_822' title='bbox 2560 4927 2753 4996; x_wconf 82' lang='grc' dir='ltr'>ὀδύνης</span> <span class='ocrx_word' id='word_1_823' title='bbox 2774 4927 3029 4998; x_wconf 84' lang='grc' dir='ltr'>αίσθησιν</span> <span class='ocrx_word' id='word_1_824' title='bbox 3051 4929 3387 4999; x_wconf 76' lang='grc' dir='ltr'>δριμυτέρας</span> <span class='ocrx_word' id='word_1_825' title='bbox 3405 4931 3716 4996; x_wconf 81' lang='grc' dir='ltr'>ὑπολαϐὼν,</span> 
     </span>
    </p>
   </div>
   <div class='ocr_carea' id='block_1_112' title="bbox 2132 5017 3723 5092">
    <p class='ocr_par' dir='ltr' id='par_1_112' title="bbox 2132 5017 3723 5092">
     <span class='ocr_line' id='line_1_112' title="bbox 2132 5017 3723 5092; baseline 0.004 -22"><span class='ocrx_word' id='word_1_826' title='bbox 2132 5018 2271 5088; x_wconf 86' lang='grc' dir='ltr'>ὁμοῦ</span> <span class='ocrx_word' id='word_1_827' title='bbox 2321 5017 2378 5072; x_wconf 77' lang='grc' dir='ltr'>δὲ</span> <span class='ocrx_word' id='word_1_828' title='bbox 2411 5019 2503 5071; x_wconf 85' lang='grc' dir='ltr'><strong>καί</strong></span> <span class='ocrx_word' id='word_1_829' title='bbox 2531 5035 2674 5071; x_wconf 86' lang='grc' dir='ltr'>τισιν</span> <span class='ocrx_word' id='word_1_830' title='bbox 2702 5017 2920 5072; x_wconf 77' lang='grc' dir='ltr'>ἐλπίσιν</span> <span class='ocrx_word' id='word_1_831' title='bbox 2949 5019 3144 5072; x_wconf 78' lang='grc' dir='ltr'>ἑαυτὸν</span> <span class='ocrx_word' id='word_1_832' title='bbox 3172 5020 3486 5074; x_wconf 85' lang='grc' dir='ltr'>ὑποσαίνων</span> <span class='ocrx_word' id='word_1_833' title='bbox 3512 5023 3586 5085; x_wconf 85' lang='grc' dir='ltr'>ὼς</span> <span class='ocrx_word' id='word_1_834' title='bbox 3609 5024 3723 5092; x_wconf 85' lang='grc' dir='ltr'>ἄρα</span> 
     </span>
    </p>
   </div>
   <div class='ocr_carea' id='block_1_113' title="bbox 2134 5109 3722 5183">
    <p class='ocr_par' dir='ltr' id='par_1_113' title="bbox 2134 5109 3722 5183">
     <span class='ocr_line' id='line_1_113' title="bbox 2134 5109 3722 5183; baseline 0.004 -19"><span class='ocrx_word' id='word_1_835' title='bbox 2134 5109 2524 5179; x_wconf 81' lang='grc' dir='ltr'>πεισθήσονται</span> <span class='ocrx_word' id='word_1_836' title='bbox 2577 5112 2670 5164; x_wconf 78' lang='grc' dir='ltr'><strong>καὶ</strong></span> <span class='ocrx_word' id='word_1_837' title='bbox 2709 5111 3102 5179; x_wconf 87' lang='grc' dir='ltr'>μεταϐαλοῦσι,</span> <span class='ocrx_word' id='word_1_838' title='bbox 3154 5113 3250 5166; x_wconf 79' lang='grc' dir='ltr'>καὶ</span> <span class='ocrx_word' id='word_1_839' title='bbox 3287 5114 3385 5183; x_wconf 76' lang='grc' dir='ltr'><strong>οὐχ</strong></span> <span class='ocrx_word' id='word_1_840' title='bbox 3433 5113 3579 5169; x_wconf 78' lang='grc' dir='ltr'>οὕτω</span> <span class='ocrx_word' id='word_1_841' title='bbox 3630 5116 3722 5170; x_wconf 86' lang='grc' dir='ltr'><strong>διά</strong></span> 
     </span>
    </p>
   </div>
   <div class='ocr_carea' id='block_1_114' title="bbox 2132 5203 3721 5278">
    <p class='ocr_par' dir='ltr' id='par_1_114' title="bbox 2132 5203 3721 5278">
     <span class='ocr_line' id='line_1_114' title="bbox 2132 5203 3721 5278; baseline 0.004 -23"><span class='ocrx_word' id='word_1_842' title='bbox 2132 5203 2318 5277; x_wconf 75' lang='grc' dir='ltr'>τέλους</span> <span class='ocrx_word' id='word_1_843' title='bbox 2340 5203 2548 5257; x_wconf 78' lang='grc' dir='ltr'>ἑαυτῶν</span> <span class='ocrx_word' id='word_1_844' title='bbox 2577 5203 2953 5274; x_wconf 76' lang='grc' dir='ltr'>ἀφειδήσουσι.</span> <span class='ocrx_word' id='word_1_845' title='bbox 2987 5204 3207 5276; x_wconf 75' lang='grc' dir='ltr'>’Δμέλει</span> <span class='ocrx_word' id='word_1_846' title='bbox 3229 5207 3322 5259; x_wconf 82' lang='grc' dir='ltr'>καὶ</span> <span class='ocrx_word' id='word_1_847' title='bbox 3351 5206 3462 5259; x_wconf 86' lang='grc' dir='ltr'><strong>τῶν</strong></span> <span class='ocrx_word' id='word_1_848' title='bbox 3483 5207 3721 5278; x_wconf 61' lang='grc' dir='ltr'>σιδηρῶν</span> 
     </span>
    </p>
   </div>
   <div class='ocr_carea' id='block_1_115' title="bbox 2133 5293 3724 5367">
    <p class='ocr_par' dir='ltr' id='par_1_115' title="bbox 2133 5293 3724 5367">
     <span class='ocr_line' id='line_1_115' title="bbox 2133 5293 3724 5367; baseline 0.004 -22"><span class='ocrx_word' id='word_1_849' title='bbox 2133 5295 2360 5348; x_wconf 68' lang='grc' dir='ltr'>ἐκείνων</span> <span class='ocrx_word' id='word_1_850' title='bbox 2389 5293 2590 5348; x_wconf 81' lang='grc' dir='ltr'>κλινῶν</span> <span class='ocrx_word' id='word_1_851' title='bbox 2630 5295 2832 5357; x_wconf 79' lang='grc' dir='ltr'>αὐτοὺς</span> <span class='ocrx_word' id='word_1_852' title='bbox 2881 5295 3219 5366; x_wconf 85' lang='grc' dir='ltr'>ἀναστήσας,</span> <span class='ocrx_word' id='word_1_853' title='bbox 3255 5298 3578 5367; x_wconf 70' lang='grc' dir='ltr'>Οίχτείρατε</span> <span class='ocrx_word' id='word_1_854' title='bbox 3615 5299 3724 5353; x_wconf 80' lang='grc' dir='ltr'><strong>κᾶν</strong></span> 
     </span>
    </p>
   </div>
   <div class='ocr_carea' id='block_1_116' title="bbox 2133 5385 3723 5457">
    <p class='ocr_par' dir='ltr' id='par_1_116' title="bbox 2133 5385 3723 5457">
     <span class='ocr_line' id='line_1_116' title="bbox 2133 5385 3723 5457; baseline 0 -16"><span class='ocrx_word' id='word_1_855' title='bbox 2133 5385 2260 5454; x_wconf 79' lang='grc' dir='ltr'>ἄρτι</span> <span class='ocrx_word' id='word_1_856' title='bbox 2288 5385 2536 5449; x_wconf 83' lang='grc' dir='ltr'>ἑαυτοὺς,</span> <span class='ocrx_word' id='word_1_857' title='bbox 2565 5385 2723 5455; x_wconf 82' lang='grc' dir='ltr'>φησὶ,</span> <span class='ocrx_word' id='word_1_858' title='bbox 2753 5385 2948 5438; x_wconf 83' lang='grc' dir='ltr'>λάϐετέ</span> <span class='ocrx_word' id='word_1_859' title='bbox 3003 5403 3128 5440; x_wconf 88' lang='grc' dir='ltr'>τινα</span> <span class='ocrx_word' id='word_1_860' title='bbox 3155 5387 3307 5455; x_wconf 81' lang='grc' dir='ltr'>σφῶν</span> <span class='ocrx_word' id='word_1_861' title='bbox 3336 5389 3518 5441; x_wconf 79' lang='grc' dir='ltr'>αὐτῶν</span> <span class='ocrx_word' id='word_1_862' title='bbox 3545 5389 3723 5457; x_wconf 73' lang='grc' dir='ltr'>ἔλεον,</span> 
     </span>
    </p>
   </div>
   <div class='ocr_carea' id='block_1_117' title="bbox 2137 5476 3725 5550">
    <p class='ocr_par' dir='ltr' id='par_1_117' title="bbox 2137 5476 3725 5550">
     <span class='ocr_line' id='line_1_117' title="bbox 2137 5476 3725 5550; baseline 0.004 -20"><span class='ocrx_word' id='word_1_863' title='bbox 2137 5479 2274 5549; x_wconf 80' lang='grc' dir='ltr'>μηδὲ</span> <span class='ocrx_word' id='word_1_864' title='bbox 2329 5477 2451 5547; x_wconf 73' lang='grc' dir='ltr'>ὄψις</span> <span class='ocrx_word' id='word_1_865' title='bbox 2500 5476 2752 5548; x_wconf 81' lang='grc' dir='ltr'>ἀλλήλοις</span> <span class='ocrx_word' id='word_1_866' title='bbox 2816 5478 3012 5546; x_wconf 75' lang='grc' dir='ltr'>οἰκτρὰ</span> <span class='ocrx_word' id='word_1_867' title='bbox 3064 5477 3319 5549; x_wconf 83' lang='grc' dir='ltr'>γένησθε,</span> <span class='ocrx_word' id='word_1_868' title='bbox 3373 5479 3605 5550; x_wconf 79' lang='grc' dir='ltr'>ἁδελφὸς</span> <span class='ocrx_word' id='word_1_869' title='bbox 3660 5486 3725 5536; x_wconf 80' lang='grc' dir='ltr'>ἐν</span> 
     </span>
    </p>
   </div>
   <div class='ocr_carea' id='block_1_118' title="bbox 2133 5567 3724 5642">
    <p class='ocr_par' dir='ltr' id='par_1_118' title="bbox 2133 5567 3724 5642">
     <span class='ocr_line' id='line_1_118' title="bbox 2133 5567 3724 5642; baseline 0.004 -21"><span class='ocrx_word' id='word_1_870' title='bbox 2133 5568 2435 5638; x_wconf 83' lang='grc' dir='ltr'>ὀφθαλμοῖς</span> <span class='ocrx_word' id='word_1_871' title='bbox 2487 5567 2720 5640; x_wconf 82' lang='grc' dir='ltr'>ἀδελφοῦ</span> <span class='ocrx_word' id='word_1_872' title='bbox 2773 5569 3032 5640; x_wconf 76' lang='grc' dir='ltr'>χαλεπῶς</span> <span class='ocrx_word' id='word_1_873' title='bbox 3081 5571 3500 5642; x_wconf 84' lang='grc' dir='ltr'>ἀναιρούμενος.</span> <span class='ocrx_word' id='word_1_874' title='bbox 3533 5575 3596 5626; x_wconf 83' lang='grc' dir='ltr'><strong>υἱ</strong></span> <span class='ocrx_word' id='word_1_875' title='bbox 3661 5573 3724 5628; x_wconf 66' lang='grc' dir='ltr'>δὲ</span> 
     </span>
    </p>
   </div>
   <div class='ocr_carea' id='block_1_119' title="bbox 2124 5661 3719 5736">
    <p class='ocr_par' dir='ltr' id='par_1_119' title="bbox 2124 5661 3719 5736">
     <span class='ocr_line' id='line_1_119' title="bbox 2124 5661 3719 5736; baseline 0.001 -22"><span class='ocrx_word' id='word_1_876' title='bbox 2124 5664 2230 5726; x_wconf 66' lang='grc' dir='ltr'>,τὸν</span> <span class='ocrx_word' id='word_1_877' title='bbox 2262 5664 2464 5732; x_wconf 85' lang='grc' dir='ltr'>τρόπον</span> <span class='ocrx_word' id='word_1_878' title='bbox 2499 5663 2702 5714; x_wconf 79' lang='grc' dir='ltr'>ἐκεῖνοι</span> <span class='ocrx_word' id='word_1_879' title='bbox 2735 5661 2941 5731; x_wconf 83' lang='grc' dir='ltr'>μᾶλλον</span> <span class='ocrx_word' id='word_1_880' title='bbox 2971 5663 3194 5730; x_wconf 81' lang='grc' dir='ltr'>ἀδελφοὶ</span> <span class='ocrx_word' id='word_1_881' title='bbox 3226 5665 3317 5717; x_wconf 79' lang='grc' dir='ltr'>καὶ</span> <span class='ocrx_word' id='word_1_882' title='bbox 3345 5665 3443 5727; x_wconf 71' lang='grc' dir='ltr'><strong>τὰς</strong></span> <span class='ocrx_word' id='word_1_883' title='bbox 3473 5665 3654 5733; x_wconf 69' lang='grc' dir='ltr'>ψυχὰς</span> <span class='ocrx_word' id='word_1_884' title='bbox 3684 5666 3719 5736; x_wconf 83' lang='grc' dir='ltr'>ἢ</span> 
     </span>
    </p>
   </div>
   <div class='ocr_carea' id='block_1_120' title="bbox 2135 5750 3724 5827">
    <p class='ocr_par' dir='ltr' id='par_1_120' title="bbox 2135 5750 3724 5827">
     <span class='ocr_line' id='line_1_120' title="bbox 2135 5750 3724 5827; baseline 0.003 -20"><span class='ocrx_word' id='word_1_885' title='bbox 2135 5755 2204 5808; x_wconf 79' lang='grc' dir='ltr'>τὰ</span> <span class='ocrx_word' id='word_1_886' title='bbox 2231 5755 2484 5825; x_wconf 83' lang='grc' dir='ltr'>σώματα,</span> <span class='ocrx_word' id='word_1_887' title='bbox 2511 5755 2600 5808; x_wconf 73' lang='grc' dir='ltr'>Σοὶ</span> <span class='ocrx_word' id='word_1_888' title='bbox 2627 5755 2854 5825; x_wconf 82' lang='grc' dir='ltr'>μᾶλλον,</span> <span class='ocrx_word' id='word_1_889' title='bbox 2887 5750 2931 5809; x_wconf 84' lang='grc' dir='ltr'><strong>ὦ</strong></span> <span class='ocrx_word' id='word_1_890' title='bbox 2960 5755 3221 5822; x_wconf 78' lang='grc' dir='ltr'>δικαστά,</span> <span class='ocrx_word' id='word_1_891' title='bbox 3251 5756 3724 5827; x_wconf 78' lang='grc' dir='ltr'>συμϐουλεύομεν,</span> 
     </span>
    </p>
   </div>
   <div class='ocr_carea' id='block_1_121' title="bbox 2141 5844 3724 5922">
    <p class='ocr_par' dir='ltr' id='par_1_121' title="bbox 2141 5844 3724 5922">
     <span class='ocr_line' id='line_1_121' title="bbox 2141 5844 3724 5922; baseline 0.001 -21"><span class='ocrx_word' id='word_1_892' title='bbox 2141 5844 2318 5919; x_wconf 66' lang='grc' dir='ltr'>εἷπιν,</span> <span class='ocrx_word' id='word_1_893' title='bbox 2353 5849 2545 5904; x_wconf 83' lang='grc' dir='ltr'>θέσθαι</span> <span class='ocrx_word' id='word_1_894' title='bbox 2575 5850 2697 5904; x_wconf 76' lang='grc' dir='ltr'>τινὰ</span> <span class='ocrx_word' id='word_1_895' title='bbox 2724 5851 2820 5904; x_wconf 68' lang='grc' dir='ltr'>καὶ</span> <span class='ocrx_word' id='word_1_896' title='bbox 2859 5850 2957 5921; x_wconf 75' lang='grc' dir='ltr'>τῆς</span> <span class='ocrx_word' id='word_1_897' title='bbox 2994 5851 3196 5904; x_wconf 85' lang='grc' dir='ltr'>σαυτοῦ</span> <span class='ocrx_word' id='word_1_898' title='bbox 3226 5851 3403 5920; x_wconf 65' lang='grc' dir='ltr'>ψυχῆς</span> <span class='ocrx_word' id='word_1_899' title='bbox 3435 5852 3724 5922; x_wconf 80' lang='grc' dir='ltr'>πρόνοιαν,</span> 
     </span>
    </p>
   </div>
  </div>
