4132 6440
422 344 552 409 1317

1294 337 1763 398 MARTYRIUM
1808 336 1918 398 SS.
1957 333 2270 395 ZENOBII
2305 333 2400 393 ΕΓ
2441 335 2810 396 ΖΕΝΟΒΙίΕ.

3552 341 3690 406 1318

415 456 508 510 καὶ
535 452 834 524 φείσασθαι
867 450 964 522 μὲν
985 451 1084 520 τῆς
1107 450 1305 520 ἡπειλη
1315 451 1486 519 μένης
1513 451 1738 518 γεέννης
1763 449 1861 502 καὶ
1889 447 1990 500 τῶν

2098 445 2365 516 supplicia
2401 445 2487 498 illa
2539 444 2893 508 immortalia,
2939 445 3190 502 discedas
3241 456 3423 501 autem
3475 448 3544 502 ab
3589 449 3693 502 hoc

413 541 699 597 ἀθανάτων
727 540 952 594 ἐκείνων
979 539 1280 605 κολάσεων,
1306 538 1686 608 ἀποστῆναιὸέ
1710 537 1809 607 τῆς
1825 553 1993 606 φανε-

416 637 516 706 ρᾶς
547 631 752 700 ταύτης
806 632 1044 700 ἀπάτης,
1081 629 1199 698 Θεῷ
1259 646 1319 682 τε
1376 628 1696 700 προσελθεῖν
1749 626 1994 698 ἀληθινῷ

415 724 508 776 καὶ
541 726 606 794 τῇ
645 721 924 792 εὐσεϐείᾳ.
960 720 1073 774 Καὶ
1103 719 1209 772 οἵδε
1241 721 1401 788 ἡμεῖς
1460 719 1729 788 ἐγγυηταί
1762 735 1844 771 σοι
1875 718 1992 787 ἅμα

415 817 507 869 καὶ
554 815 894 885 πρεσϐευταὶ
915 815 984 866 τὰ
1026 813 1166 886 πρὸς
1199 811 1365 866 αὐτὸν
1419 811 1514 863 καὶ
1554 812 1877 881 βεϐαιωταὶ,
1909 811 1992 864 ὅτι

417 909 509 960 καὶ
538 906 862 971 ἀποδέξεται
907 907 1007 975 τῆς
1042 903 1372 974 μεταϐολῆς,
1403 903 1499 958 καί⁷
1529 903 1818 974 προσηνῶς
1856 903 1995 956 ὐπο-

413 999 648 1065 δέξεταί,
679 1000 777 1054 καὶ
810 999 1035 1066 ἀγαθῶν
1067 996 1293 1061 ἀξιώσει
1325 997 1435 1051 τῶν
1483 997 1834 1068 ἀπορρήτων.
1876 996 1993 1065 Ἐφ’

413 1084 492 1154 οἷς
525 1091 858 1161 θερμότερος
891 1089 1081 1158 ὥσπερ
1136 1087 1236 1160 τὴν
1273 1087 1478 1142 λύσσαν
1513 1089 1734 1159 ἐκείνην
1765 1089 1860 1142 καὶ
1893 1087 1996 1158 τὴν

418 1184 619 1254 μανίαν
675 1179 919 1250 γεγονὼς
948 1184 976 1235 ὁ
1003 1181 1214 1243 Λυσίας
1271 1181 1460 1252 λέϐησι
1517 1182 1616 1251 μὲν
1649 1182 1994 1252 ἐμϐληθῆναι

412 1275 512 1346 τὴν
540 1274 750 1342 ἀγαθὴν
772 1273 943 1337 ὅντως
974 1275 1139 1327 δυάδα
1168 1276 1520 1345 προστάττει.
1555 1277 1665 1328 Καὶ
1693 1279 1740 1332 οἱ
1768 1276 1996 1348 λέϐητες

415 1369 526 1441 πῦρ
558 1367 803 1423 κάτωθεν
823 1363 967 1436 εἶχον
991 1367 1238 1435 σφοδρῶς
1261 1368 1658 1437 ἀναπτόμενον.
1689 1367 1916 1431 Στάντες
1938 1371 1996 1422 δὲ

416 1464 522 1534 πρὸ
545 1463 654 1516 τῶν
679 1461 920 1532 λεϐήτων
957 1463 1176 1525 ἐκεῖνοι,
1201 1461 1296 1515 καὶ
1354 1461 1666 1531 ὀφθαλμοὺς
1715 1463 1854 1532 μετὰ
1902 1463 1998 1518 καὶ

415 1555 510 1624 τῆς
553 1554 732 1624 ψυχῆς
782 1555 861 1617 εἰς
892 1553 1158 1622 οὐρανοὺς
1179 1552 1580 1620 ἀνατείναντες,
1612 1554 1782 1626 Κύριε
1821 1554 1994 1624 Ἰησοῦ

416 1645 640 1714 Χριστέ,
666 1643 694 1694 ὀ
713 1645 802 1715 τῆς
830 1646 1051 1715 εἰρήνης
1071 1644 1222 1711 Θεὸς,
1249 1645 1305 1698 ἐν
1324 1646 1516 1717 εἰρήνῃ
1535 1645 1684 1710 δέξαι
1700 1646 1800 1709 τὰς
1822 1647 1998 1717 ψυχὰς

2099 554 2288 594 errore
2322 539 2642 606 manifesto,
2683 547 2738 593 et
2785 539 2852 592 ad
2887 537 3056 593 Deum
3103 555 3292 594 verum
3341 539 3601 605 accedas,
3636 552 3695 596 et

2097 631 2165 686 ad
2205 631 2486 700 pietatem.
2538 629 2648 685 Nos
2689 640 2880 694 autem
2922 631 3016 685 tibi
3047 634 3258 685 erimus
3317 632 3462 700 apud
3517 629 3688 685 Deum

2099 723 2513 786 intercessores,
2562 736 2969 792 sponsoresque
3006 732 3062 776 et
3117 723 3494 790 lidejussores,
3543 723 3692 793 quod

2099 823 2382 884 acceptam
2425 824 2572 868 luam
2619 815 2844 870 habebit
2874 817 3330 885 conversionem,
3372 824 3428 874 et
3477 823 3528 870 te
3569 815 3692 886 pla-

2099 906 2219 962 cide
2266 905 2532 975 excipiet,
2591 914 2648 960 et
2697 906 3012 978 dignabitur
3061 907 3224 962 bonis
3288 906 3686 968 ineiiadiilibus.

2098 997 2330 1067 Propter
2363 1012 2482 1067 qua:
2514 997 2704 1068 Lysias
2730 999 2878 1052 rabie
2909 999 3144 1068 quadam
3179 1007 3233 1053 et
3278 998 3465 1051 furore
3509 997 3690 1053 factus

2065 1108 2077 1112 -
2098 1089 2297 1152 acrior,
2328 1089 2481 1155 jubet
2507 1089 2638 1144 illud
2665 1105 2762 1159 par
2795 1105 2920 1144 vere
2955 1091 3156 1143 bonum
3191 1089 3341 1157 injici
3371 1091 3424 1143 in
3454 1090 3686 1144 lebetes.

2098 1179 2336 1236 Lebetes
2382 1190 2563 1235 autem
2614 1184 2806 1237 subtus
2859 1183 3134 1236 habebant
3173 1182 3352 1251 ignem
3397 1181 3553 1234 valde
3601 1196 3692 1234 ac-

2099 1289 2348 1332 censum.
2381 1271 2459 1328 Illi
2485 1290 2614 1329 vero
2649 1283 2858 1329 stantes
2897 1283 3026 1328 ante
3077 1273 3305 1335 lebetes.
3353 1289 3475 1329 cum
3505 1273 3692 1328 oculos

2100 1366 2261 1421 simul
2292 1381 2415 1421 cum
2447 1367 2629 1421 anima
2659 1367 2712 1420 in
2744 1367 2940 1420 malum
2973 1367 3341 1430 sustulissent,
3380 1366 3638 1420 dicebant
3673 1383 3690 1418 :

2100 1457 2328 1514 Domine
2365 1457 2494 1514 Jesu
2528 1459 2778 1526 Christe,
2823 1459 2968 1513 Deus
2994 1458 3163 1527 pacis,
3210 1459 3426 1526 suscipe
3474 1459 3526 1510 in
3561 1471 3691 1525 pace

2100 1550 2313 1605 animas
2354 1559 2598 1605 nostras.
2634 1549 2831 1604 Finitis
2881 1550 3152 1620 precibus.
3185 1563 3281 1604 eos
3319 1549 3500 1604 statim
3532 1562 3692 1602 exce-

2103 1650 2301 1710 perunt
2334 1641 2576 1708 lebetes;
2608 1651 2670 1696 et
2702 1659 2822 1712 qua:
2863 1650 2982 1697 erat
3034 1641 3089 1695 in
3126 1642 3207 1695 eis
3245 1641 3467 1710 quidem
3521 1655 3687 1709 aqua.

415 1735 595 1806 ἡμῶν,
623 1732 796 1789 εἷπον.
831 1738 942 1789 Καὶ
966 1736 1102 1807 μετὰ
1129 1737 1229 1808 τὴν
1271 1737 1436 1808 εὐχὴν
1462 1739 1511 1790 οἱ
1541 1737 1763 1808 λέϐητες
1797 1739 1990 1802 αὐτοὺς

2106 1735 2189 1788 vel
2240 1735 2360 1805 ipso
2387 1735 2510 1806 igne
2556 1735 2804 1790 fervebat
2868 1732 3270 1787 vehementius.
3337 1731 3440 1783 Par
3503 1743 3687 1783 autem

417 1825 620 1888 εὐθέως
651 1826 980 1896 ἐλάμϐανον,
1028 1829 1125 1880 καὶ
1156 1827 1216 1880 τὸ
1265 1827 1367 1896 μέν
1398 1831 1455 1881 ἐν
1497 1829 1680 1892 αὐτοῖς
1726 1828 1868 1897 ὕδωρ
1905 1831 1990 1884 καὶ

2103 1835 2422 1896 martyrum,
2463 1841 2592 1879 cum
2639 1825 2886 1879 divinum
2924 1825 3214 1893 quemdam
3264 1837 3447 1878 rorem
3477 1821 3547 1875 ab
3577 1823 3690 1874 alto

417 1917 580 1970 αὐτοῦ
620 1918 789 1989 πυρὸς
818 1917 928 1982 ἔξει
951 1919 1313 1989 σφοδρότερον
1335 1934 1348 1948 ⁸
1382 1919 1444 1972 τὸ
1472 1919 1527 1973 δὲ
1553 1920 1664 1973 τῶν
1699 1921 1997 1992 μαρτύρων

418 2010 631 2079 ζεῦγος,
673 2013 823 2075 θείας
849 2012 992 2074 τινὸς
1022 2011 1230 2065 ἀνωθεν
1258 2011 1570 2081 αἰσθόμενοι
1601 2013 1820 2084 δρόσου,
1843 2015 2000 2086 ᾅδον-

415 2119 506 2164 τες
545 2103 728 2173 ἡρέμα
754 2102 980 2174 ἐξῄεσαν
1007 2119 1022 2132 ·
1053 2105 1086 2173 ὴ
1121 2102 1234 2173 ᾠδὴ
1282 2102 1337 2156 δέ
1369 2098 1438 2172 ἦν
1459 2120 1474 2131 ⁸
1495 2120 1515 2154 ι
1553 2102 1804 2166 Ἐσωσας
1831 2107 2000 2174 ἡμᾶς.

416 2194 613 2262 Κύριε,
645 2196 707 2246 ἐκ
746 2194 854 2246 τῶν
887 2193 1181 2248 θλιϐόντων
1213 2193 1388 2263 ἡμᾶς,
1423 2194 1516 2245 καὶ
1545 2194 1672 2255 τοὺς
1711 2195 2002 2265 μισοῦντας

415 2286 562 2357 ἡμᾶς
591 2287 728 2357 κατή
738 2303 957 2356 σχυνας.
987 2305 1008 2339 ι

487 2373 567 2430 H'.
614 2375 898 2430 Ἐντεῦθεν
951 2380 979 2431 ὁ
1029 2378 1258 2447 Λυσίας,
1291 2378 1392 2450 τὴν
1444 2377 1748 2449 μεταϐολὴν
1791 2378 2000 2434 παντά-

416 2485 586 2522 πασιν
630 2469 965 2534 ἀπελπίσας,
1017 2470 1118 2538 τὴν
1166 2471 1489 2524 τελευταίαν
1522 2473 1644 2526 κατ’
1676 2471 1858 2524 αὐτῶν
1906 2472 1998 2526 διὰ

415 2561 600 2630 ξίφους
651 2562 834 2615 δίδωσι
867 2562 1066 2631 ψῆφον.
1101 2565 1212 2615 Καὶ
1255 2566 1451 2634 τειχῶν
1492 2564 1599 2630 ἔξω
1623 2564 1725 2634 τῆς
1754 2565 1996 2632 Αἰγαίων

413 2655 554 2706 κατά
585 2653 645 2705 τὸ
677 2652 774 2706 τοῦ
822 2654 1020 2706 Λυσίου
1054 2654 1389 2724 πρόσταγμα
1416 2656 1467 2707 οἱ
1509 2655 1659 2723 ἅγιοι
1689 2656 1996 2724 γενόμενοι,

413 2746 508 2800 καὶ
539 2747 818 2815 προσευχῇ
853 2745 1018 2800 πάλιν
1055 2746 1286 2808 ἑαυτοὺς
1312 2745 1628 2811 δεδωκότες,
1661 2747 1998 2816 Εὐχαριστοῦ

412 2837 512 2906 μέν
544 2853 651 2903 σοι,
688 2835 891 2906 Χριστέ
927 2839 955 2890 ὁ
987 2836 1142 2899 Θεὸς,
1177 2832 1356 2902 εἷπον,
1389 2838 1470 2890 ὅτι
1497 2839 1589 2889 τὸν
1617 2839 1818 2908 δρόμον
1846 2840 1997 2906 ἡμᾶς

408 2927 628 2981 τελέσαι
661 2929 921 2998 ἠξίωσας,
975 2927 1076 2998 τὴν
1129 2928 1314 2983 πίστιν
1357 2929 1622 3000 τηρῆσαι,
1679 2931 1772 2984 τὸν
1807 2931 1995 2998 ἀγῶνα

407 3020 498 3074 τὸν
531 3021 698 3074 καλὸν
734 3020 1132 3088 ἀγωνίσασθαι.
1165 3021 1340 3085 Αὐτὸς
1366 3023 1482 3090 οῦν,
1538 3023 1737 3094 Κύριε,
1774 3023 1871 3076 καὶ
1900 3022 1994 3074 τοῦ

2103 1919 2386 1985 sensisset,
2435 1933 2639 1972 canens
2690 1918 2892 1971 sensim
2940 1925 3026 1971 est
3065 1930 3339 1986 egressus.
3395 1914 3686 1970 Canticum

2102 2019 2286 2064 autem
2313 2019 2461 2064 erat:
2498 2029 2516 2062 ι
2549 2009 2789 2064 Servasti
2817 2024 2937 2072 nos,
2968 2008 3216 2073 Domine,
3251 2007 3318 2060 ab
3341 2007 3426 2068 iis.
3462 2006 3552 2075 qui
3586 2021 3688 2060 nos

2102 2099 2373 2170 afﬂigunt;
2425 2111 2481 2156 et
2510 2117 2625 2168 eos,
2651 2099 2746 2172 qui
2777 2115 2879 2156 nos
2908 2101 3035 2157 odio
3071 2101 3294 2167 habent,
3329 2098 3556 2155 aﬂ‘ecisti
3586 2113 3690 2168 pu-

2101 2191 2256 2247 dore.
2297 2211 2316 2242 ι

2176 2391 2310 2448 Vill.
2349 2392 2622 2449 Caeterum
2652 2395 2836 2465 Lysias
2859 2411 2982 2450 cum
3011 2411 3198 2450 eorum
3224 2396 3544 2450 mutationis
3565 2411 3686 2452 om-

2098 2501 2226 2540 nem
2281 2502 2434 2556 spem
2483 2488 2794 2557 abjecisset,
2855 2489 3102 2542 ultimam
3144 2488 3251 2543 fert
3305 2490 3358 2542 in
3403 2503 3498 2543 eos
3557 2504 3687 2544 sen-

2101 2575 2348 2640 tentiam,
2392 2585 2452 2630 ut
2485 2578 2663 2648 gladio
2701 2577 2870 2632 vitam
2907 2580 3120 2631 finiant.
3148 2579 3285 2633 Cum
3322 2579 3506 2648 itaque
3534 2591 3688 2634 extra

2097 2683 2283 2722 muros
2324 2670 2560 2725 civitatis
2618 2670 2931 2742 Egazorum
2981 2671 3213 2726 fuissent
3265 2677 3460 2737 sancti,
3495 2676 3689 2744 utjus-

2099 2771 2244 2815 serat
2273 2759 2484 2832 Lysias,
2511 2771 2567 2816 et
2597 2778 2655 2817 se
2678 2778 2867 2818 rursus
2909 2764 3192 2818 dedissent
3228 2766 3481 2834 precibus
3509 2783 3524 2818 :
3560 2766 3686 2835 Agi-

2095 2868 2219 2906 mus
2254 2854 2352 2907 tibi
2387 2853 2610 2922 gratias,
2644 2852 2863 2908 Christe
2893 2854 3060 2920 Deus,
3103 2855 3386 2919 dicebant,
3419 2857 3562 2926 quod
3594 2860 3686 2911 di-

2095 2956 2293 3016 gnatus
2341 2948 2418 3000 sis
2452 2945 2692 3013 edicere,
2725 2955 2786 3000 ut
2820 2947 3026 3001 bonum
3060 2958 3341 3002 certamen
3373 2950 3686 3004 decertare-

2096 3053 2241 3102 mus,
2293 3053 2517 3092 cursum
2557 3052 3087 3107 consummaremus,
3122 3040 3285 3094 fidem
3317 3055 3683 3097 servaremus.

409 3111 666 3183 βραϐείου
706 3116 1000 3182 μετασχεῖν
1027 3115 1175 3183 ἡμᾶς
1204 3116 1301 3182 τῆς
1339 3115 1593 3186 κλήσεως
1622 3115 1722 3184 τῆς
1749 3117 1860 3169 ἀνω
1903 3115 1990 3168 εὐ-

2099 3130 2219 3185 Tibi
2267 3146 2396 3201 ergo
2429 3132 2654 3200 placeat,
2718 3147 2751 3186 o
2785 3130 3032 3194 Domine,
3081 3143 3139 3186 ut
3183 3134 3358 3188 simus
3390 3135 3686 3205 participes

405 3203 653 3273 δόκησον,
682 3205 776 3256 καὶ¹
804 3205 946 3271 μετά
973 3204 1604 3277 τῶνβύαρεστησάντων
1629 3207 1707 3275 τῷ
1733 3205 1875 3276 ἁγίῳ
1896 3223 1990 3260 σου

407 3297 502 3347 καὶ
551 3295 854 3366 θαυμαστῷ
887 3297 1112 3365 ὀνόματι
1150 3299 1564 3368 συναρίθμησον
1589 3315 1602 3329 °
1637 3299 1718 3351 ὅτι
1765 3299 1994 3367 εὐλογη-

404 3385 494 3448 τὸς
520 3381 572 3438 si
596 3389 676 3448 εἰς
700 3388 828 3449 τοὺς
864 3387 1089 3450 αἰῶνας.
1121 3389 1233 3440 Καὶ
1281 3393 1630 3460 παραχρῆμα
1655 3390 1816 3460 ἔργον
1851 3386 1921 3461 ἦν
1957 3392 1988 3461 η

404 3478 561 3548 εὐχή.
595 3479 702 3532 Καί
747 3496 832 3543 τις
868 3479 1074 3532 ἀνωθεν
1114 3482 1475 3550 ἀπηχουμένη
1508 3484 1662 3550 φωνὴ
1711 3483 1836 3544 τοὺς
1870 3497 1991 3534 στε-

403 3571 604 3638 φάνους
636 3570 821 3632 αὐτοῖς
851 3570 1244 3639 ἐπηγγέλλετο,
1288 3573 1383 3626 καὶ
1414 3574 1553 3643 πρὸς
1605 3575 1788 3626 ἐκεῖνα
1829 3590 1988 3643 μετε-

403 3661 626 3714 καλεῖτο
667 3661 795 3725 τοὺς
840 3661 1106 3730 ἀθλητὰς,
1154 3657 1230 3718 ὧν
1275 3665 1372 3716 καὶ
1423 3666 1510 3718 διὰ
1544 3665 1638 3718 τοῦ
1675 3668 1986 3737 μαρτυρίου

403 3751 607 3812 παντὸς
637 3751 920 3820 ἐπιτυχεῖν
946 3751 1204 3822 ηὐχοντο.
1233 3754 1344 3822 Τῆς
1367 3753 1424 3806 δέ
1448 3758 1631 3825 φωνῆς
1655 3758 1864 3827 ταύτης
1891 3758 1988 3812 καὶ

400 3844 450 3896 οἰ
501 3843 773 3913 παρόντες
813 3845 1171 3907 ἀκούσαντες,
1223 3846 1516 3901 πίπτουσιν
1570 3850 1664 3902 ἐπὶ
1702 3853 1804 3920 γῆς
1837 3867 1986 3921 πρη-

401 3940 511 4002 νεῖς
542 3939 636 3990 καὶ
668 3938 1062 4007 δεδακρυμένοι
1087 3939 1164 4008 τῷ
1197 3938 1489 4009 παραδόξῳ
1517 3944 1614 4012 τῆς
1642 3943 1982 4012 ἀκροάσεως.

400 4032 713 4100 Τριακοστῇ
753 4032 851 4099 μὲν
881 4027 975 4084 οὖν
1011 4030 1341 4101 Ὀκτωϐρίου
1371 4032 1470 4096 τὰς
1494 4034 1734 4101 κεφαλὰς
1760 4037 1810 4087 οἰ
1843 4036 1985 4106 μάρ-

299 4160 302 4163 -
398 4140 563 4192 τυρες
596 4125 1016 4192 ἀποτέμνονται.

471 4213 547 4265 6⁸.
579 4214 658 4266 Τά
714 4213 771 4265 δὲ
796 4214 1004 4267 τούτων
1037 4213 1160 4282 ἰερά
1220 4215 1450 4286 σώματα
1502 4218 1610 4288 πρὸ
1640 4217 1740 4289 τῆς
1776 4219 1982 4282 πόλεως

399 4303 667 4375 ἐρριμένα
739 4305 1078 4375 Ἑρμογένης
1126 4308 1222 4359 καὶ
1267 4309 1428 4372 Γάϊος
1497 4311 1546 4362 οἰ
1594 4312 1978 4380 πρεσϐύτεροι,

399 4396 624 4465 βαθείας
677 4398 874 4459 νυκτὸς
925 4399 1043 4466 ἅμα
1105 4399 1441 4470 ἀνελόμενοι,
1494 4400 1673 4472 σοροίς
1723 4418 1782 4454 τε
1836 4405 1977 4470 ἄγαν

397 4492 648 4555 εὐλαϐῶς
691 4492 789 4545 καὶ
820 4491 984 4554 ὁσίως
1015 4493 1326 4563 ἐνθέμενοι,
1357 4497 1416 4548 ἐν
1445 4496 1525 4565 τῷ
1573 4499 1752 4548 ἐκεῖσε
1796 4497 1979 4567 κρύπ-
2007 4487 2059 4546 ι)

395 4600 548 4637 τουσι
581 4583 852 4652 σπηλαίῳ.
887 4583 1186 4637 Ἐδεδίεσαν
1216 4589 1326 4655 γὰρ
1355 4586 1464 4639 τῶν
1485 4589 1701 4642 ἀσεϐῶν
1724 4589 1824 4658 τὴν
1847 4591 1981 4657 ἐπή-

399 4693 572 4748 ρειαν,
606 4676 683 4746 μὴ
718 4679 812 4728 καί
851 4676 1031 4728 αὐτῶν
1064 4680 1297 4741 ἐκείνοις
1322 4679 1431 4732 τῶν
1473 4681 1743 4749 λειψάνων
1777 4682 1979 4752 φθονή-

398 4783 587 4822 σωσιν.
618 4767 776 4820 Οὐτω
796 4767 884 4820 διὰ
924 4769 1143 4821 πάντων
1167 4769 1349 4832 αὐτοῖς
1380 4770 1448 4822 τά
1483 4771 1584 4840 τῆς
1612 4773 1978 4841 ἀδιλφότητος

396 4861 660 4929 ἐτηρήθη,
688 4863 782 4914 καί⁵
810 4863 998 4931 κοινὴν
1027 4863 1127 4929 τὴν
1156 4864 1466 4932 ὁμολογίαν,
1499 4867 1687 4935 κοινὴν
1713 4869 1818 4919 ’καί⁵
1875 4870 1978 4938 τὴν

394 4950 624 5022 ἄθλησιν
683 4956 1054 5023 ἐποιήσαντοο
1103 4957 1198 5008 καὶ
1253 4954 1441 5026 ὥσπερ
1508 4959 1638 5026 μιᾶς
1704 4959 1979 5028 προῆλθον

394 5043 656 5113 γαστρὸς,
694 5042 838 5096 οῦτω
869 5047 963 5097 καὶ
995 5047 1158 5109 τόπος
1185 5042 1266 5109 εἷς
1290 5050 1618 5118 ἀμφοτέρων
1647 5051 1714 5103 τὰ
1745 5049 1978 5120 σώματα

391 5133 630 5202 δέχεται,
666 5137 760 5186 καὶ
797 5136 896 5204 μία
931 5137 1108 5207 σκηνὴ
1178 5138 1342 5191 πάλιν
1375 5141 1576 5202 αὐτοὺς
1615 5143 1673 5194 ἐν
1724 5142 1978 5212 οὐρανοῖς

394 5224 740 5294 ὑποδέχεται,
772 5228 852 5288 εἰς
882 5225 1038 5291 δόξαν
1072 5230 1166 5282 τοῦ
1195 5231 1400 5298 Κυρίου
1429 5233 1586 5302 ἡμῶν
1629 5233 1806 5303 Ἰησοῦ
1839 5236 1979 5304 Χρι-

391 5317 544 5380 στοῦ,
582 5311 625 5382 ᾧ
654 5319 854 5388 πρέπει
910 5323 1062 5374 πᾶσα
1101 5325 1465 5396 μεγαλωσύνη
1500 5343 1561 5378 τε
1608 5327 1705 5380 καὶ
1745 5330 1977 5397 μεγαλο-

390 5408 570 5476 πρὲπε
580 5425 634 5461 ια
658 5409 753 5464 νῦν
775 5413 870 5466 καὶ
891 5415 980 5468 ἀεὶ
1002 5417 1096 5469 καὶ
1121 5420 1201 5480 εἰς
1222 5417 1350 5480 τούς
1374 5418 1574 5480 αἰῶνας
1601 5419 1710 5473 τῶν
1737 5421 1969 5477 αἰώνων.

403 5497 462 5549 ’Δ
471 5498 596 5566 μήν.

473 5680 490 5707 ‘
509 5679 650 5734 Psal.
682 5695 833 5744 xm,
860 5684 917 5737 8.

2099 3221 2304 3292 praemii
2338 3237 2591 3292 supernae
2618 3223 2923 3278 vocationis
2950 3240 2964 3276 :
2993 3233 3049 3277 et
3078 3239 3180 3278 nos
3205 3226 3347 3279 refer
3403 3225 3456 3280 in
3489 3243 3684 3282 nume-

2097 3326 2220 3365 rum
2251 3325 2465 3376 eorum,
2511 3313 2604 3380 qui
2650 3314 2980 3382 placuerunt
3035 3323 3224 3367 sancto
3266 3323 3361 3368 tuo
3411 3326 3466 3369 et
3512 3317 3687 3370 admi-

2098 3404 2272 3456 rando
2310 3403 2557 3467 nomini;
2588 3403 2848 3471 quoniam
2897 3417 2957 3456 es
3005 3404 3326 3459 benedictus
3368 3408 3424 3459 in
3462 3410 3680 3464 siceula.

2097 3493 2288 3548 Statim
2336 3502 2520 3547 autem
2565 3508 2760 3563 preces
2794 3493 3042 3549 ‘eﬂ'ectus
3073 3505 3157 3550 est
3203 3511 3578 3555 consecutus:
3628 3511 3683 3556 et

2095 3605 2204 3643 vox
2238 3589 2486 3658 quaedam
2523 3604 2792 3644 resonans
2827 3604 2857 3643 e
2888 3591 3049 3665 caelo,
3078 3593 3158 3645 eis
3194 3593 3434 3661 pollicita
3469 3603 3553 3648 est
3591 3609 3684 3648 eo-

2095 3696 2282 3744 ronas,
2318 3692 2372 3735 et
2414 3682 2481 3734 ad
2515 3681 2602 3734 illa
2634 3682 2902 3736 evocabat
2927 3684 3187 3747 athletas,
3221 3700 3342 3753 quae
3377 3684 3458 3739 illi
3486 3701 3682 3740 conse-

2093 3773 2186 3843 qui
2218 3774 2481 3841 optabant
2510 3787 2608 3842 per
2631 3774 2976 3843 martyrium.
2998 3773 3136 3828 Cum
3165 3786 3349 3830 autem
3371 3778 3680 3832 audiiSsent

2093 3877 2282 3915 vocem
2319 3861 2375 3926 ii,
2417 3863 2507 3931 qui
2537 3863 2786 3928 aderant,
2822 3865 2968 3918 humi
2997 3867 3202 3919 cadunt
3233 3868 3389 3936 proni
3418 3877 3474 3921 et
3506 3868 3679 3938 lacry-

2093 3967 2306 4010 mantes
2335 3966 2555 4024 propter
2585 3956 2961 4011 admirabilem
2992 3958 3136 4011 illam
3172 3960 3539 4015 auditionem.
3572 3965 3679 4014 At-

2091 4063 2199 4117 quc
2253 4047 2533 4101 tricesimo
2579 4048 2799 4116 quidem
2838 4049 3044 4102 mensis
3089 4050 3346 4105 Octobris
3390 4061 3671 4122 amputata

2091 4139 2316 4192 fuerunt
2342 4139 2518 4209 capita
2555 4141 2905 4209 martyribus.

2162 4253 2255 4307 IX.
2301 4253 2467 4307 Sacra
2520 4262 2704 4309 autem
2757 4255 2976 4310 illorum
3021 4271 3251 4326 corpora
3306 4268 3432 4313 ante
3483 4259 3677 4314 urbem

2088 4347 2358 4418 projecta,
2384 4360 2508 4399 cum
2539 4344 2911 4417 Hermogenes
2942 4359 2997 4401 et
3025 4347 3189 4402 Caius
3222 4350 3521 4420 presbyteri
3551 4367 3677 4420 pre-

2089 4436 2260 4490 funda
2296 4445 2460 4490 nocte
2481 4431 2616 4489 cum
2673 4436 2788 4489 suis
2817 4437 3196 4502 sustulissent,
3239 4437 3438 4508 pieque
3481 4439 3676 4494 admn.

2087 4526 2218 4579 dum
2249 4534 2438 4579 sancte
2465 4533 2521 4577 et
2552 4525 2746 4580 loculis
2771 4525 3186 4596 imposuissent,
3219 4534 3467 4582 condunt
3497 4529 3551 4583 in
3582 4546 3671 4592 ea,

2087 4632 2207 4685 qua-
2235 4615 2344 4669 illic
2376 4623 2516 4681 erat,
2562 4615 2844 4684 spelunca.
2878 4615 3168 4670 Timebant
3212 4620 3360 4672 enim
3399 4621 3675 4676 insultum

2087 4708 2405 4778 impiorum,
2447 4721 2517 4760 ne
2552 4706 2660 4759 illis
2697 4706 2861 4760 etiam
2912 4707 3227 4762 inviderent
3258 4712 3536 4781 reliquias.
3591 4714 3672 4767 Ita

2085 4797 2188 4852 fuit
2217 4799 2422 4852 sanctis
2446 4797 2532 4851 his
2559 4796 2824 4851 fratribus
2850 4798 2907 4850 in
2933 4800 3190 4852 omnibus
3215 4813 3534 4856 conservata
3560 4803 3673 4858 fra-

2089 4891 2340 4955 ternitas,
2377 4900 2432 4943 et
2460 4904 2808 4943 communem
2853 4891 3284 4957 confessionem,
3318 4908 3671 4950 communem

2082 4983 2248 5038 etiam
2286 4983 2538 5036 fecerunt
2568 4981 2998 5036 decertationem
3027 5000 3040 5035 :
3071 4993 3125 5035 et
3154 4983 3432 5052 quomodo
3461 4999 3528 5038 ex
3554 5001 3673 5040 uno

2085 5085 2244 5128 utero
2291 5073 2636 5143 prodierunt,
2689 5071 2763 5126 ita
2812 5073 2980 5127 etiam
3032 5089 3174 5128 unus
3224 5074 3376 5129 locus
3423 5078 3672 5147 suscepit

2081 5168 2365 5234 utriusque
2392 5180 2624 5234 corpora
2655 5182 2667 5219 :
2701 5164 2769 5218 ad
2803 5166 3034 5237 gloriam.
3081 5165 3299 5220 Domini
3328 5169 3499 5222 nostri
3528 5169 3664 5223 Jesu

2079 5259 2303 5323 Christi,
2351 5257 2438 5310 cui
2487 5257 2658 5327 gloria
2699 5265 2753 5316 et
2802 5257 3043 5327 potentia
3087 5272 3234 5313 nunc
3276 5258 3418 5314 etin
3465 5259 3670 5317 saeuis

2085 5351 2432 5405 seculorum.
2481 5349 2675 5403 Amen.
