4132 6448
470 320 606 383 1319

546 497 908 512 Ἡ

1952 492 2020 506 -ι

1755 319 2042 380 MENSIS
2084 317 2456 380 OCTOBER.

2021 489 2236 505 ῃ

3595 316 3740 382 1320

2254 487 2604 504 Μ

1788 644 2429 732 ΜΑΡΤΥΡΙΟΝ

561 844 913 981 ΤΟΥ
1025 838 1554 975 ΑΓΙΟΥ
1661 833 2572 974 ΜΑΡΤΥΡοΣ
2673 828 3637 968 ΕΠΙΜΑΧΟΥ.

1727 1263 2469 1394 ΜᾼΒΤΥΒΙΗΜ

661 1495 1343 1660 SANCTI
1447 1487 2456 1648 MARTYRIS
2567 1485 3555 1648 EPIMACHI.

1246 1764 1363 1828 (Ap.
1402 1763 1602 1814 Surium
1634 1762 1694 1812 ad
1714 1761 1848 1813 diem
1878 1759 1934 1810 51
1969 1759 2230 1820 Octobris;
2254 1729 2431 1811 ‘Graace
2458 1775 2522 1812 ex
2559 1762 2668 1812 cod.
2695 1775 2787 1811 ms.
2825 1761 2988 1826 H85.)

2062 1936 2132 1949 .-

548 2106 588 2157 I.
629 2099 768 2156 Olim
799 2096 1048 2169 profecto
1087 2093 1391 2164 impietatis
1423 2092 1595 2163 caligo
1629 2108 1728 2162 per
1757 2100 1933 2146 totum
1965 2106 2057 2144 or-

2232 2093 2310 2145 A'.
2353 2090 2516 2158 Ἀρτι
2550 2087 2650 2156 μὲν
2686 2087 2719 2159 ἠ
2752 2085 2853 2156 τῆς
2881 2084 3170 2148 εὐσεϐείας
3207 2083 3382 2154 ἀχλὺς
3421 2086 3528 2140 ἀνά
3569 2088 3762 2143 πᾶσαν

474 2195 599 2248 bern
629 2204 898 2247 terrarum
931 2189 1128 2244 diffusa
1156 2195 1292 2250 erat,
1333 2185 1693 2253 hominesque
1720 2183 1957 2236 universi
1992 2182 2059 2236 ad

478 2284 812 2340 sacrificium
842 2280 950 2335 diis
983 2278 1328 2334 offerendum
1357 2275 1850 2344 compellebantur,
1885 2273 2061 2342 impe-

477 2377 718 2431 rantium
751 2373 952 2436 minas,
987 2381 1043 2427 et
1084 2369 1332 2442 judicum
1362 2367 1625 2422 saevitiam
1675 2374 1838 2435 atque
1885 2365 2062 2432 impe-

479 2479 594 2522 tum
641 2465 1023 2522 formidantes.
1057 2461 1425 2528 Quamobrem
1462 2467 1661 2513 natura
1694 2459 1932 2527 seipsam
1961 2455 2062 2508 de-

478 2559 758 2631 negabat:
815 2567 946 2611 tunc
997 2554 1147 2609 enim
1199 2549 1539 2622 cognationis
1580 2550 1702 2620 jura
1745 2547 2065 2603 conculcata

477 2652 707 2706 omnino
751 2646 1164 2702 evertebantur.
1209 2641 1526 2707 Quinetiam
1573 2639 1778 2695 veteris
1823 2639 2064 2694 benevoo

479 2741 663 2796 lentia:
692 2736 1008 2805 coniunctio
1041 2735 1096 2788 in
1133 2733 1423 2788 dissidium
1459 2729 1903 2784 convertebatur.

557 2835 773 2888 Interea
798 2844 927 2884 vero
961 2837 1222 2897 tanquam
1243 2824 1396 2880 stella
1426 2824 1673 2894 quazdam
1703 2822 1846 2876 inter
1864 2819 2066 2876 Christi

478 2927 682 2984 milites
735 2930 968 2994 magnus
1021 2917 1319 2988 eﬂulgebat
1364 2915 1720 2987 Epimachus,
1764 2913 1858 2983 qui
1907 2912 2064 2967 vivus

479 3019 699 3089 quidem
730 3016 964 3088 Egypto
1005 3021 1218 3068 tantum
1249 3009 1499 3081 cognitus
1530 3007 1654 3072 fuit,
1685 3015 1811 3077 post
1863 3015 2068 3076 marty-

482 3116 624 3166 rium
676 3119 859 3163 autem
907 3106 1006 3162 toti
1051 3104 1256 3158 mundo
1307 3100 1484 3156 evasit
1521 3098 1873 3154 manifestus.
1929 3095 2066 3151 Eum

482 3201 632 3258 enim
669 3207 800 3253 tunc
824 3194 1111 3266 Egyptus,
1145 3192 1296 3246 velut
1323 3191 1610 3244 lucernam
1640 3187 1934 3258 quamdam
1966 3188 2068 3242 sub

485 3292 673 3346 modio
721 3289 1008 3350 latentem,
1057 3282 1390 3338 occultabat.
1425 3279 1562 3334 Nam
1612 3277 1764 3349 regio
1811 3278 2070 3348 illa,cjus

481 3383 584 3438 viri
621 3378 966 3436 educationis
1013 3384 1178 3445 atque
1221 3375 1444 3443 optima:
1477 3368 1835 3425 institutionis
1893 3369 2070 3439 parti-

2163 2183 2396 2254 διεχεῖτο
2429 2181 2528 2252 τὴν
2557 2181 2907 2250 οἰκουμένην,
2939 2179 3221 2249 ἄνθρωποι
3264 2178 3322 2230 δὲ
3359 2181 3561 2244 πάντες
3617 2184 3764 2252 πρὸς

2165 2278 2360 2330 Θυσίαν
2401 2275 2693 2344 εἰδωλικὴν
2735 2272 3160 2342 συνηλαύνοντο,
3203 2273 3305 2334 τάς
3349 2290 3406 2325 τε
3458 2277 3567 2328 τῶν
3610 2292 3758 2345 κρα-

2163 2369 2404 2424 τούντων
2435 2371 2543 2421 ἀπε
2556 2366 2674 2429 in;
2721 2367 2816 2419 καὶ
2862 2366 2962 2427 τὰς
2989 2365 3313 2434 μιαιφόνους
3344 2366 3456 2417 τῶν
3485 2366 3763 2420 δικαστῶν

2164 2457 2341 2527 ὁρμάς
2385 2456 2641 2517 δεδιότες.
2676 2456 2789 2507 Καὶ
2834 2453 2997 2523 φύσις
3043 2453 3143 2522 μὲν
3183 2454 3384 2525 ἑαυτὴν
3439 2455 3759 2525 ἐξώμνυτο·

2169 2551 2498 2618 συγγενείας
2536 2549 2595 2601 δὲ
2631 2546 2813 2617 θεσμά
2842 2548 3226 2613 κατεπατεῖτο,
3273 2548 3364 2600 καὶ
3401 2549 3760 2619 ἀνετρέπετο,

2168 2643 2264 2696 καὶ
2331 2641 2570 2704 παλαιᾶς
2643 2639 2868 2708 ἀγάπης
2929 2639 3203 2709 συνάφεια
3272 2639 3410 2709 πρὸς
3474 2641 3762 2693 διάστασιν

2169 2733 2482 2803 ἐμερίζετο.
2525 2731 2836 2800 Ἐξέλαμπε
2871 2730 2929 2784 δὲ
2970 2733 3028 2783 ὲν
3051 2731 3266 2794 τούτοις
3297 2725 3388 2785 οἷά
3431 2747 3518 2794 τις
3575 2732 3763 2801 ἀστὴρ

2169 2828 2198 2880 ὁ
2235 2826 2408 2896 μέγας
2453 2827 2512 2878 ὲν
2547 2823 2872 2895 ἀθλοφόροις
2926 2823 3236 2893 Ἐπίμαχος
3273 2865 3288 2887 ,
3347 2825 3448 2876 οὐκ
3507 2824 3764 2893 ἐπίδηλος

2169 2919 2289 2972 οὐδὲ
2315 2921 2593 2990 γνώριμος
2619 2916 2695 2972 ὣν
2724 2921 2838 2982 τοῖς
2878 2918 3117 2980 πολλοῖς.
3149 2917 3430 2984 Αἴγυπτος
3477 2917 3590 2986 γάρ
3620 2915 3762 2977 τέως

2171 3005 2317 3082 εῖχεν
2370 3010 2556 3075 αὐτὸν,
2589 3005 2682 3063 οἷά
2722 3027 2844 3064 τινα
2883 3008 3080 3080 λύχνον
3129 3007 3236 3060 ὑπὸ
3293 3007 3462 3077 μοδίῳ
3509 3007 3760 3078 κρυπτό-

2174 3117 2356 3170 μενον.
2395 3101 2519 3171 ἥτις
2592 3099 2762 3154 αὑτοῦ
2797 3100 2896 3154 καὶ
2931 3099 3244 3168 ἀνατροφῆς
3273 3097 3447 3160 ὅντως
3493 3098 3586 3150 καὶ
3615 3097 3766 3163 ἀγωο

2170 3192 2278 3261 γῆς
2325 3192 2423 3261 τῆς
2476 3191 2713 3262 ἀρίστης
2764 3190 3156 3257 ἀπολελαύκει,
3195 3191 3291 3243 καὶ
3340 3189 3545 3258 ἀρετῆς
3613 3185 3762 3241 εἶδεν

2173 3283 2339 3336 αὑτοῦ
2367 3284 2461 3336 καὶ
2493 3283 2716 3353 ἡλικίας
2749 3286 3040 3352 προκοπὰς
3076 3282 3171 3336 καὶ
3219 3280 3506 3349 αὐξήσεις.
3553 3281 3649 3342 ’ος
3692 3280 3759 3332 οὐ

2179 3375 2340 3445 μόνον
2373 3374 2552 3445 ἑαυτῷ
2585 3373 3067 3446 συναυξανομένην
3094 3371 3209 3443 εἶχε
3233 3373 3334 3442 τὴν
3367 3371 3588 3442 ἀρετὴν,
3619 3371 3763 3425 ἀλλά

481 3488 612 3542 ccps
639 3471 780 3526 facta
812 3466 949 3521 fuit:
977 3465 1183 3535 quippe
1209 3477 1331 3532 qua:
1362 3459 1583 3515 virtutis
1603 3467 1659 3513 et
1688 3458 1868 3512 aetatis
1893 3457 2069 3526 ipsius

2177 3465 2360 3534 πολλῷ
2388 3466 2616 3536 μείζονα
2645 3468 2740 3521 καὶ
2771 3466 2875 3536 τῆς
2906 3467 3123 3538 ἡλικίας
3154 3465 3328 3536 αὐτὴν
3362 3465 3714 3519 ἀπεδείκνυτο
3747 3479 3763 3512 -.

481 3577 834 3634 progressum
861 3568 1028 3628 atque
1059 3556 1401 3610 incrementa
1432 3549 1732 3621 perspexit.
1767 3548 1818 3603 ls
1840 3563 1951 3601 non
1977 3563 2067 3602 so-

2176 3557 2486 3627 διδασκάλῳ
2512 3559 2613 3627 μὲν
2635 3557 2819 3612 οὐδενὶ
2848 3558 2940 3611 τοῦ
2964 3558 3083 3628 βίου
3122 3559 3218 3612 καὶ
3247 3556 3431 3628 ὁδηγῷ
3453 3553 3765 3627 χρώμενος.

482 3656 594 3708 lum
628 3669 751 3707 cum
775 3658 938 3706 aetate
968 3648 1175 3704 virtute
1202 3658 1420 3716 quoque
1451 3639 1750 3706 crescebat,
1785 3640 1882 3695 sed
1905 3640 2069 3694 etiam

2176 3644 2329 3697 οἱονεὶ
2362 3644 2418 3698 δέ
2457 3661 2540 3707 τις
2578 3645 2743 3708 αὐτὸς
2772 3645 2954 3716 ἑαυτῷ
2999 3646 3183 3699 κανὼν
3230 3646 3328 3699 καὶ
3377 3645 3547 3705 τύπος
3595 3643 3756 3710 γενος

483 3745 660 3799 virtus
691 3741 812 3812 ipsa
838 3741 897 3796 in
926 3755 994 3794 eo
1028 3735 1466 3809 perspiciebatur
1496 3733 1656 3803 longe
1678 3732 1868 3802 major,
1905 3746 2069 3801 quam

2176 3753 2333 3806 μενος
2360 3737 2457 3791 καὶ
2485 3735 2673 3806 ψυχὴν
2712 3737 2830 3807 ἀμα
2875 3738 2971 3791 καὶ
3012 3734 3147 3800 ἦθος
3187 3735 3487 3807 poenica»:-
3513 3735 3610 3787 καὶ
3659 3733 3765 3803 τὴν

483 3839 605 3908 ejus
640 3844 774 3889 aetas
824 3831 1185 3904 postulabat:
1237 3827 1403 3897 idque
1441 3840 1569 3880 cum
1602 3824 1754 3878 nullo
1798 3824 1921 3878 vita:
1954 3840 2070 3878 ma.

2176 3828 2274 3898 μὲν
2311 3829 2480 3882 ποιῶν
2537 3829 2710 3898 ηπίαν
2765 3832 2860 3883 καὶ
2918 3830 3196 3900 γαληνὴν,
3228 3829 3288 3881 τὺ
3329 3827 3387 3882 δὲ
3423 3825 3648 3880 σύννουν
3674 3825 3772 3878 ἀεὶ

484 3931 654 4002 gistro
683 3937 846 3997 atque
876 3926 1018 3981 duce
1067 3937 1202 3977 usus
1247 3919 1464 3986 fuisset,
1500 3917 1595 3972 sed
1647 3916 1765 3986 ipse
1801 3915 1902 3971 sibi
1944 3926 2066 3970 tan-

2178 3923 2270 3974 καὶ
2313 3923 2700 3992 προσεκτικὸν.
2757 3921 3044 3976 Ἐντεῦθεν
3081 3919 3384 3991 Πηλούσιον
3425 3919 3552 3986 ὅρος
3596 3916 3767 3970 αὑτὸν

485 4035 648 4091 quam
671 4017 854 4089 regula
884 4014 1133 4086 quaedam
1162 4020 1218 4067 et
1249 4011 1424 4065 forma
1453 4007 1789 4069 exstitisset,
1820 4007 2067 4062 animum

2179 4015 2428 4083 οἰκιστὴν
2483 4014 2862 4085 ἐκληρώσατο,
2925 4013 3188 4084 καθάπερ
3246 4014 3280 4081 ὴ
3335 4011 3542 4082 ἕρημος
3590 4010 3770 4062 πάλαι

487 4112 650 4166 simul
683 4119 850 4180 atque
885 4121 1066 4162 ruores
1095 4116 1460 4173 componens,
1503 4099 1657 4154 illum
1690 4097 1946 4154 videlicet
1973 4100 2072 4153 rui-

2181 4105 2272 4158 τὸν
2316 4105 2595 4176 Ἰωάννην,
2626 4109 2722 4161 καὶ
2749 4107 2842 4160 τὸν
2881 4106 3071 4158 Ἢλίαν
3099 4107 3126 4158 ὁ
3156 4103 3480 4175 Κάρμηλος.

489 4212 600 4258 tem
627 4211 683 4257 et
702 4200 1055 4270 tranquillum
1083 4195 1347 4256 efficiens,
1382 4195 1481 4248 hos
1511 4193 1814 4263 prudentes
1869 4207 2110 4263 semper,
2158 4208 2401 4254 attentos
2430 4209 2488 4256 et
2538 4200 2777 4256 sobrios.
2821 4197 2962 4254 Hinc
3027 4198 3280 4254 Pelusius
3326 4210 3485 4250 mons
3531 4193 3772 4250 incolam

488 4309 616 4349 cum
647 4296 828 4348 virum
897 4291 1160 4360 suscepit,
1193 4286 1658 4359 quemadmodum
1709 4300 1930 4340 eremus
1979 4287 2108 4342 olim
2147 4289 2417 4348 Joannem
2480 4293 2806 4365 Baptistam,
2840 4302 2896 4348 et
2931 4293 3216 4349 Carmelus
3246 4291 3416 4346 Eliam
3449 4289 3658 4344 habuit.

563 4386 629 4442 ﬂ.
673 4387 808 4440 Cum
845 4386 1009 4457 igitur
1036 4384 1370 4454 Epimacbus
1397 4386 1512 4452 ipse
1547 4383 1602 4436 in
1643 4393 1829 4438 monte
1858 4383 2074 4440 Pelusio

495 4485 830 4540 versaretur,
882 4483 938 4530 et
971 4475 1025 4528 in
1065 4474 1217 4528 omni
1271 4473 1615 4545 philosOphia
1663 4489 1723 4529 se
1772 4487 2074 4542 exerceret,

493 4581 823 4639 omnemque
875 4567 1054 4622 victus
1118 4565 1377 4619 duritiem
1429 4565 1854 4634 amplexaretur,
1907 4567 2073 4622 vitam

493 4660 731 4729 denique
765 4665 989 4730 propter
1015 4657 1298 4728 Christum
1331 4671 1582 4728 asperam
1630 4672 1695 4712 ac
1740 4657 2070 4713 laboriosam

495 4753 730 4814 viveret,
774 4749 944 4821 judex
979 4749 1201 4819 quidam
1249 4749 1456 4804 saevitia
1503 4759 1558 4802 et
1605 4747 1890 4806 ferocitate
1939 4751 2075 4804 insi-

491 4843 636 4916 gnis,
669 4841 1056 4904 Alexandriam
1091 4839 1263 4894 venit.
1312 4838 1487 4893 Judex
1536 4849 1718 4894 autem
1752 4840 1842 4894 ille
1879 4850 2077 4896 caetera

493 4936 714 5010 quidem
738 4932 920 4986 omnia
969 4947 1069 5001 pro
1104 4931 1278 4986 nihilo
1313 4931 1588 4998 faciebat;
1623 4932 1720 4986 sed
1757 4945 1921 4985 omne
1953 4941 2075 4986 tan-

497 5039 610 5084 tum
629 5025 891 5087 studium,
915 5023 1240 5077 industriam
1270 5031 1325 5077 et
1366 5031 1510 5077 artes
1543 5021 1856 5087 adhibebat,
1880 5022 2080 5090 quibus

499 5129 668 5176 totam
700 5120 890 5172 urbem
923 5117 1069 5170 illam
1093 5119 1205 5170 suis
1238 5114 1444 5169 retibus
1471 5122 1714 5184 caperet,
1749 5122 1802 5168 et
1829 5115 2078 5167 acerbam

500 5210 798 5281 impietatis
826 5208 1065 5280 praedam
1099 5207 1407 5278 colligeret,
1439 5207 1603 5276 idque
1636 5214 1696 5260 ut
1719 5206 1938 5276 assequi
1965 5220 2085 5275 pos-

499 5313 604 5364 ειη,
654 5301 819 5355 nullis
851 5298 1123 5355 machinis
1154 5300 1486 5354 abstinebat.
1525 5296 1891 5362 Quamobrem
1925 5297 2086 5352 Chri-

499 5393 661 5449 stiani
686 5406 880 5446 omnes
907 5391 1053 5446 illius
1079 5389 1280 5461 judicis
1315 5389 1494 5444 minas
1523 5390 1968 5454 extimescentes,
1991 5387 2081 5442 alii

499 5487 554 5543 in
582 5483 933 5539 solitudinem
961 5481 1338 5552 aufugiebant,
1370 5481 1461 5536 alii
1491 5495 1551 5534 se
1582 5479 1930 5535 Christianos
1954 5494 2080 5535 esse

495 5576 927 5642 dissimulantes,
978 5574 1316 5644 impietatem
1363 5571 1714 5627 simulabant.
1753 5570 2081 5642 Quicunque

503 5683 630 5721 vero
655 5670 912 5737 pietatem
947 5669 1193 5736 proﬁteri
1225 5668 1504 5736 volebant,
1539 5667 1918 5724 acerbissimis
1953 5683 2080 5722 cru-

505 5755 737 5812 ciatibus
767 5760 1138 5816 tradebantur.

2255 4391 2317 4447 Β.
2368 4392 2658 4464 Ὅπουπερ
2683 4390 2849 4446 αὐτοῦ
2877 4390 3250 4462 διατρίϐοντος
3297 4389 3394 4440 καὶ
3442 4388 3624 4440 πᾶσαν
3669 4387 3775 4454 μὲν

2183 4480 2481 4546 ἀσκοῦντος
2517 4483 2862 4553 φιλοσοφίαν,
2896 4483 3048 4551 πάσῃ
3084 4479 3142 4533 δὲ
3195 4479 3382 4531 λοιπὸν
3431 4476 3632 4530 ἑαυτὸν
3673 4479 3771 4529 ὲκ-

2181 4572 2363 4636 δόντος
2391 4576 2790 4646 σκληραγωγια
2837 4574 2934 4628 καὶ
2977 4573 3094 4644 βίον
3139 4571 3346 4634 ζῶντος
3394 4568 3486 4622 διὰ
3526 4568 3775 4640 Χριστὸν

2188 4665 2450 4736 ὀδυνηρὸν
2503 4666 2598 4720 καὶ
2662 4667 2921 4720 ἐπίπονον
2953 4705 2968 4732 ,
3025 4661 3436 4732 καταλαμϐάνει
3507 4663 3778 4729 δικαστὴς

2182 4751 2281 4822 τὴν
2323 4752 2726 4826 ’Δλεξανδρέων
2756 4755 3140 4825 ἀπηνέστατος
3175 4769 3234 4806 τε
3263 4755 3358 4806 καὶ
3395 4751 3774 4821 ἀγριώτατος.

2184 4844 2358 4899 τᾶλλα
2401 4847 2501 4916 μὲν
2535 4847 2745 4910 οὐδενὸς
2768 4846 2937 4912 ἀξιῶν
2969 4845 3152 4912 λόγου,
3176 4843 3319 4896 ὥστε
3351 4841 3408 4895 δὲ
3436 4843 3616 4895 πᾶσαν
3648 4841 3776 4894 κατ’

2186 4939 2363 5010 ἄκρας
2392 4940 2494 5008 τὴν
2535 4939 2692 4993 πόλιν
2725 4939 2861 4992 εἴσω
2889 4938 2999 4990 τῶν
3038 4935 3236 4991 ἑαυτοῦ
3267 4934 3508 4988 δικτύων
3557 4933 3776 4995 λαϐεῖν,

2190 5033 2287 5085 καὶ
2317 5031 2544 5102 Θήραμα
2580 5032 2778 5102 πικρὸν
2805 5031 3064 5094 ἀσεϐείας
3098 5027 3464 5099 ποιήσασθαι,
3503 5027 3774 5096 οὐδεμιᾶς

2184 5123 2246 5176 τὸ
2290 5123 2556 5193 παράπαν
2620 5122 2875 5192 μηχανῆς
2902 5123 3270 5191 ἀπεχόμενος.
3307 5119 3472 5172 Ὅθεν
3501 5120 3597 5172 καὶ
3635 5117 3778 5186 Χρι-

2186 5216 2394 5270 στιανοὶ
2422 5217 2644 5282 πάντες,
2672 5217 2721 5269 οἱ
2747 5217 2847 5285 μὲν
2875 5215 2986 5268 δέει
3003 5214 3113 5267 τῶν
3137 5211 3403 5274 ἀπειλῶν,
3429 5210 3510 5273 εις
3537 5210 3779 5280 ἐρημίας

2188 5308 2618 5377 ὲφυγαδεύοντο,
2645 5309 2694 5362 οἱ
2725 5306 2805 5370 δὲ,
2836 5305 2928 5359 τὸν
2953 5301 3384 5376 Χριστιανισμὸν
3409 5299 3777 5371 κρύπτοντες,

2188 5401 2287 5470 τὴν
2337 5399 2596 5453 ἀσέϐειαν
2637 5399 3020 5470 ὑπεκρίνοντο.
3058 5397 3216 5450 Ὅσοι
3266 5395 3324 5448 δὲ
3371 5397 3468 5448 καὶ
3520 5391 3782 5464 φανερῶς

2191 5491 2442 5547 εὐσεϐεῖν
2495 5491 2802 5560 ἐϐούλοντο,
2841 5490 3101 5562 βασάνοις
3157 5487 3454 5555 ὲξεδίδοντο
3508 5485 3784 5556 πικροτά-

2187 5600 2330 5648 ταις.
