4132 6490
395 518 528 588 1321

1519 505 1993 572 MARTYRIUM
2026 505 2087 567 S.
2128 500 2525 565 EPIMACHI.

3515 504 3654 575 1322

459 635 520 689 Γ.
554 632 689 688 Τότε
723 628 908 687 τοίνυν
945 628 1047 684 οὑκ
1078 623 1148 702 ἦν
1190 626 1272 683 ἔτι
1324 625 1557 682 ἀνεκτὸν
1601 625 1892 698 Ἐπιμάχῳ
1933 623 1968 693 ἡ

2150 618 2248 674 lli.
2287 618 2445 674 Tunc
2498 615 2666 691 igitur
2715 615 3019 689 Epimacho
3074 618 3316 677 solitudo
3372 619 3490 693 ipsa
3538 638 3653 680 non

391 726 599 799 ἐρημία
632 723 727 780 καὶ
772 724 836 777 τὸ
896 721 1133 795 ἄμικτον
1164 720 1350 776 ἐκεῖνο
1382 716 1480 774 τοῦ
1536 718 1656 791 βίου
1687 718 1783 772 καὶ
1821 717 1973 771 ἀκοι-

391 820 654 891 νώνητον.
726 815 890 871 Ἀλλά
950 814 1029 887 τῷ
1085 812 1276 884 θερμῷ
1335 811 1469 881 περὶ
1524 810 1626 883 τὴν
1684 808 1973 863 εὐσέϐειαν

390 911 559 983 ζήλῳ,
584 910 688 981 τὴν
720 907 904 980 ψυχὴν
940 905 1283 978 σφοδρότατα
1301 903 1566 975 κινηθεὶς,
1598 902 1694 956 καὶ
1728 900 1872 955 ὥστε
1896 899 1975 972 μὴ

388 1002 598 1074 ταύτην
620 999 962 1072 ὑϐρίζεσθαι,
996 999 1092 1052 καὶ
1112 998 1257 1068 ζωῆς
1285 996 1401 1067 ἅμα
1422 996 1517 1049 καὶ
1542 993 1777 1066 ἡσυχίας
1801 1009 1972 1047 κατα·

392 1098 705 1168 φρονήσας,
739 1093 993 1147 κάτεισιν
1038 1093 1120 1154 είς
1155 1090 1327 1160 μέσην
1365 1089 1464 1158 τὴν
1512 1087 1670 1141 πόλιν
1710 1087 1820 1141 ἀπδ
1871 1084 1972 1154 τῆς

388 1189 650 1259 ἐρημίας,
682 1185 938 1257 πρόσεισι
977 1184 1036 1237 δὲ
1084 1183 1166 1254 τῷ
1213 1180 1525 1253 τυραννικῷ
1560 1181 1768 1252 βήματι
1806 1179 1973 1250 μηδὲν

390 1278 714 1348 ὑποπτήξας
744 1276 856 1330 τῶν
886 1276 1210 1346 ὁρωμένων,
1244 1273 1415 1345 μηδὲν
1444 1273 1555 1326 τῶν
1582 1270 1771 1342 φοϐεῖν
1805 1269 1972 1323 δυναο

393 1371 569 1441 μένων
609 1368 1009 1437 καταπλαγεὶς,
1050 1368 1149 1421 καὶ
1187 1369 1349 1420 τοῦτο
1387 1366 1609 1436 πρῶτον
1659 1363 1971 1435 ἀρίστευμα

388 1466 488 1533 τῆς
523 1462 844 1532 θαυμαστῆς
874 1459 1044 1514 αὑτοῦ
1079 1461 1320 1513 ποιεῖται
1355 1457 1561 1528 ψυχῆς.
1602 1452 1741 1511 Εἶτα
1770 1454 1971 1510 καθαι-

393 1555 478 1626 ρεῖ
509 1555 611 1624 μὲν
655 1551 935 1606 είδωλικδν
983 1552 1195 1605 ἐκεῖνον
1244 1550 1430 1623 βωμὸν
1483 1550 1580 1604 καὶ
1643 1549 1727 1613 εἰς
1775 1547 1973 1617 ἔδαφος

392 1646 724 1718 ἀνατρέπει,
776 1642 914 1715 ὁμοῦ
967 1645 1065 1699 καὶ
1106 1644 1254 1715 χειρὶ
1295 1641 1525 1714 γενναίᾳ
1582 1641 1680 1695 καὶ
1740 1639 1972 1709 δυνάμει

393 1740 614 1811 ἀοράτῳ
663 1739 972 1811 χρώμειως.
1015 1738 1197 1809 Ὀρμᾷ
1245 1735 1304 1791 δὲ
1355 1735 1452 1790 καὶ
1497 1734 1619 1789 κατ’
1674 1730 1842 1789 αὑτοῦ
1872 1729 1970 1784 τοῦ

392 1830 703 1895 δικάζοντος
736 1830 893 1901 θυμῷ
922 1830 1120 1899 δικαίῳ
1144 1830 1239 1883 τδν
1276 1827 1546 1897 ὑϐριστὴν
1571 1824 1670 1880 καὶ
1701 1822 1839 1878 Θεοῦ
1875 1821 1970 1877 καὶ

393 1924 574 1993 νόμων
620 1923 785 1994 ίερῶν
836 1924 1207 1995 ἀμυνόμενος.
1240 1922 1351 1975 Καὶ
1376 1920 1428 1972 εί
1472 1935 1537 1989 γε
1572 1919 1648 1990 μὴ
1679 1917 1835 1989 παρά
1860 1915 1969 1971 τῶν

334 2034 339 2035 ⁷
393 2015 604 2069 ἐκείνου
658 2015 977 2085 δορυφόρων
1012 2014 1114 2082 τῆς
1171 2013 1354 2085 ὁρμῆς
1404 2010 1702 2082 ἐπεσχέθη,
1765 2008 1974 2079 πτῶμα

392 2108 645 2179 δακρύων
671 2108 824 2174 ἀξιον
850 2109 939 2177 ἂν,
974 2111 1003 2164 ό
1027 2108 1293 2178 τύραννος
1320 2105 1523 2160 ἔκειτο.

461 2388 538 2447 Δ’.
577 2393 755 2462 Ὅπερ
795 2392 1004 2455 ἐκεῖνος
1054 2400 1157 2445 οὐκ
1179 2394 1444 2461 ἐνεγκὼν,
1484 2392 1622 2448 ἀλλὰ
1654 2391 1831 2463 μέσην
1872 2387 1976 2459 τὴν

392 2481 626 2551 καρδίαν
670 2482 776 2534 ὑπὸ
818 2481 923 2550 τῆς
962 2480 1134 2551 ὀργῆς
1170 2480 1468 2545 ἀνατέσας,
1521 2480 1606 2531 ὅτι
1650 2498 1757 2546 περ
1798 2479 1975 2543 οὑτως

391 2571 620 2640 εὐτελὴς
678 2569 821 2641 ἀνὴρ
885 2570 1173 2640 αὐχμηρὸς
1226 2569 1327 2640 τὴν
1382 2568 1585 2638 κόμην,
1640 2566 1859 2636 οἰκτρὸς
1914 2563 1976 2616 τὺ

388 2662 680 2733 τριϐώνιον
714 2664 855 2733 μετά
894 2664 1164 2732 τοσαύτης
1210 2659 1358 2731 αὐτῷ
1399 2661 1500 2731 τῆς
1538 2658 1748 2727 τόλμης
1799 2671 1975 2727 προσ-

394 2753 662 2825 ενεχθείη,
683 2755 900 2825 φυλακῇ
929 2753 1019 2808 τὸν
1041 2755 1197 2823 ἅγιον
1219 2754 1312 2807 καὶ
1333 2753 1554 2822 δεσμοῖς
1578 2750 1972 2821 παραδίδωσιν,

392 2842 480 2901 οἶα
534 2847 848 2918 παράϐολὸν
881 2864 936 2900 τι
994 2847 1090 2900 καὶ
1141 2845 1318 2917 θρασὺ
1368 2846 1694 2916 δεδρακότα.
1736 2845 1834 2896 καὶ
1875 2846 1975 2912 τὴν

393 2938 550 3008 δίκην
581 2936 740 3001 ἀξίαν
773 2937 1061 3007 ὑφέξοντα.
1101 2936 1342 3000 Πολλοὺς
1376 2937 1476 3007 μὲν
1513 2931 1608 2990 οὖν
1638 2937 1735 2988 καὶ
1775 2934 1972 2998 ἄλλους

396 3021 511 3096 εἶχε
565 3027 626 3079 τὸ
674 3026 1050 3096 δεσμωτήριον
1105 3026 1243 3096 ὑπὲρ
1294 3024 1579 3088 εὐσεϐείας
1642 3025 1738 3077 καὶ
1775 3022 1975 3087 αὐτοὺς

396 3117 998 3187 κατακεκλεισμένους.
1041 3117 1204 3181 Ἀλλὰ
1250 3119 1417 3173 πᾶσιν
1461 3118 1648 3180 αὐτοῖς
1696 3117 1838 3188 ῥοπὴ
1872 3133 1973 3187 με-

398 3210 564 3281 γίστη
598 3211 693 3263 καί⁹
732 3209 871 3280 πρὸς
902 3209 963 3261 τὸ
990 3209 1298 3279 μαρτύριον
1349 3209 1718 3281 παράκλησις,
1752 3210 1780 3261 ό
1808 3208 1975 3271 καλὸς

2078 712 2314 783 amplius
2350 711 2455 767 fuit
2499 710 2779 783 Optabilis,
2828 728 3009 785 neque
3041 713 3131 769 illa
3167 714 3296 772 vitae
3334 716 3476 771 ratio
3506 726 3658 788 grata

2076 814 2215 869 erat,
2260 819 2370 875 qua
2415 804 2872 861 consuetudinem
2916 813 2971 861 et
3001 805 3285 862 hominum
3318 806 3657 878 impietatem

2076 896 2325 960 vitabat;
2371 897 2471 953 sed
2501 898 2706 953 amoris
2746 897 2942 953 ardore
2971 898 3027 953 in
3059 898 3155 954 Dei
3198 898 3458 970 pietatem
3489 899 3663 954 vehe-

2076 987 2424 1043 mentissime
2457 1003 2746 1055 accensus,
2772 998 2830 1044 et
2858 989 2977 1044 zelo
3004 988 3244 1059 quodam
3268 1003 3471 1061 magno
3503 990 3662 1045 exci-

2077 1086 2248 1145 tatus,
2278 1080 2447 1136 vitam
2497 1079 2682 1147 simul,
2720 1081 3073 1136 solitudinem
3119 1089 3174 1137 et
3220 1082 3462 1151 quietem
3508 1081 3660 1136 illam

2076 1172 2430 1243 contempsit,
2468 1180 2525 1227 et
2550 1172 2621 1227 ab
2644 1186 2832 1227 eremo
2856 1172 2913 1226 in
2943 1172 3179 1227 mediam
3208 1173 3402 1228 urbem
3425 1173 3660 1228 descen-

2075 1262 2196 1318 dit:
2232 1263 2482 1333 quiuimo
2525 1263 2662 1318 adiit
2699 1262 2769 1318 ad
2810 1263 3047 1319 tribunal
3095 1264 3336 1335 tyranni,
3380 1263 3523 1318 nihil
3557 1277 3659 1319 eoo

2078 1363 2199 1404 rum
2234 1358 2510 1416 metuens,
2546 1364 2667 1419 qua
2698 1349 2978 1420 corporeis
2999 1350 3173 1405 oculis
3202 1357 3527 1416 cernuntur,
3557 1362 3661 1405 ne-

2081 1455 2189 1511 que
2225 1441 2312 1497 liis
2362 1441 2548 1507 rebus,
2585 1454 2707 1511 qua:
2748 1448 3016 1496 terrorem
3070 1440 3349 1512 injiciunt,
3382 1448 3662 1512 perterre-

2076 1531 2274 1587 factus.
2311 1529 2491 1597 Quare
2527 1530 2906 1586 admirabilem
2941 1530 3110 1585 animi
3137 1529 3522 1586 fortitudinem
3570 1530 3661 1585 in-

2074 1627 2298 1684 dicavit.
2331 1626 2600 1699 Deinceps
2652 1627 2923 1684 idolorum
2973 1643 3124 1683 aram
3171 1627 3396 1693 evertit,
3427 1641 3662 1697 eamque

2085 1719 2206 1775 solo
2265 1719 2592 1789 adaequavit,
2652 1718 2850 1790 partim
2899 1732 3167 1791 generosa
3218 1725 3274 1773 et
3306 1717 3436 1772 forti
3468 1732 3660 1781 manu,

2076 1810 2281 1879 partim
2311 1809 2555 1879 potentia
2594 1810 2849 1880 quadam,
2882 1824 2994 1866 non
3038 1809 3301 1875 humana,
3337 1808 3435 1863 sed
3468 1808 3657 1864 divina

2077 1916 2231 1956 usus.
2265 1901 2348 1955 Ad
2386 1900 2502 1955 haec
2530 1908 2587 1956 et
2631 1900 2896 1956 adversus
2922 1900 3164 1972 judicem
3208 1899 3477 1972 impetum
3509 1899 3660 1964 fecit,

2073 1995 2233 2066 justo
2265 1994 2503 2062 quodam
2538 1992 2727 2049 furore
2766 1992 2919 2048 illum
2949 1993 3244 2060 ulciscens,
3272 1994 3367 2064 qui
3405 1992 3576 2048 Deum
3606 2002 3664 2049 et

2078 2082 2199 2151 ejus
2228 2095 2413 2135 sacras
2436 2081 2583 2151 leges
2610 2081 2872 2138 violabat.
2912 2083 2983 2137 At
3009 2082 3115 2138 nisi
3148 2084 3218 2139 ab
3249 2082 3424 2153 ipsius
3450 2081 3662 2138 satelli-

2079 2171 2228 2226 tibus
2265 2173 2521 2241 martyris
2554 2172 2795 2243 impetus
2847 2174 3104 2230 detentus
3138 2174 3357 2243 fuisset,
3397 2183 3663 2247 tyrannus

2080 2257 2171 2313 ille
2206 2260 2505 2315 miserabili
2534 2276 2668 2318 casu
2697 2262 2985 2332 iacuisset.
3473 2272 3512 2305 ’⁸

2155 2383 2246 2441 ιν.
2291 2384 2426 2451 Qum
2477 2388 2665 2444 omnia
2722 2405 2850 2446 cum
2875 2390 3045 2463 judex
3096 2408 3210 2449 non
3268 2394 3456 2463 ferret,
3513 2398 3662 2467 quod

2077 2473 2248 2530 homo
2295 2483 2403 2530 tam
2436 2477 2562 2531 vilis
2593 2486 2649 2532 et
2683 2479 2957 2550 abjectus,
2989 2496 3148 2537 coma
3185 2484 3499 2555 squalidus,
3537 2497 3662 2558 toga

2076 2566 2268 2631 miser,
2303 2574 2457 2623 tanto
2487 2568 2694 2639 impetu
2720 2570 2779 2624 in
2811 2587 2938 2626 eum
2973 2573 3185 2630 irruere
3217 2590 3385 2632 ausus
3411 2586 3580 2642 esset,
3604 2580 3661 2633 in

2078 2665 2358 2707 carcerem
2380 2662 2439 2708 et
2473 2658 2688 2711 vincula
2714 2662 2895 2713 virum
2924 2663 3079 2717 illum
3111 2668 3519 2724 sanctissimum
3541 2670 3663 2739 jus-

2077 2743 2150 2799 sit
2181 2743 2405 2814 conjici,
2442 2759 2730 2817 propterea
2764 2750 2913 2820 quod
2963 2753 3251 2808 audaciam
3284 2762 3340 2810 et
3375 2762 3663 2811 temerita-

2077 2840 2190 2888 tem
2229 2849 2485 2905 magnam
2514 2852 2626 2906 pne
2655 2853 2715 2893 se
2738 2840 2939 2895 tulerat
2969 2858 2985 2896 :
3019 2844 3374 2912 quamobrem
3402 2854 3459 2901 et
3482 2846 3664 2918 justas

2079 2937 2276 2993 poenas
2303 2924 2351 2978 ei
2382 2926 2773 2995 persolvendas
2806 2944 2929 2985 esse
2967 2930 3233 2989 decrevit.
3259 2933 3409 2990 Multi
3439 2936 3661 3006 quidem

2077 3015 2190 3082 alii,
2243 3024 2300 3073 et
2347 3018 2450 3089 ipsi
2503 3019 2727 3090 pietatis
2776 3037 2941 3078 causa
2991 3024 3259 3091 conclusi,
3307 3041 3533 3084 carcere
3567 3028 3662 3085 illo

2076 3108 2483 3166 detinebantur.
2517 3112 2626 3169 Sed
2662 3114 2770 3170 illis
2794 3118 3051 3173 omnibus
3072 3120 3304 3174 multum
3334 3120 3663 3192 adjumenti,

2078 3218 2385 3274 magnaque
2415 3205 2485 3261 ad
2509 3207 2832 3277 martyrium
2884 3209 3119 3267 libenter
3146 3212 3532 3283 perferendum
3562 3218 3661 3272 ad-

395 3302 634 3372 κατέστη
678 3302 978 3371 Ἐπίμαχος
1005 3315 1021 3333 ⁶
1052 3301 1273 3370 ἀμελῶν
1326 3302 1425 3370 μὲν
1473 3302 1579 3354 τῶν
1632 3302 1755 3355 καθ’
1786 3301 1976 3355 ἐαυτὸν

2080 3293 2324 3352 hortatio
2377 3304 2497 3351 erat
2557 3296 2845 3367 Epimacbi
2910 3301 3086 3357 oratio
3148 3312 3315 3373 atque
3380 3305 3654 3374 alacritas,

392 3395 606 3460 δεινῶν,
640 3396 736 3447 καὶ
767 3395 866 3465 τῆς
899 3394 1126 3447 ἐκείνων
1175 3393 1478 3463 θεραπείας
1519 3394 1973 3464 ἐπιμελούμενος.

399 3486 636 3539 Ἔπειτα
656 3486 712 3539 δὲ
744 3487 841 3540 καὶ
863 3487 1248 3556 παραινέσεως
1284 3486 1418 3554 πρὸς
1447 3483 1670 3549 αὐτοὺς,
1701 3485 1799 3537 καὶ
1826 3485 1978 3538 διδα-

399 3578 627 3641 σκαλίας
655 3578 983 3643 ἁπτόμενος,
1008 3577 1104 3629 καὶ
1130 3574 1451 3645 συγκροτῶν
1471 3576 1693 3640 αὐτοὺς,
1725 3576 1979 3646 τειχίζων

397 3668 762 3738 πανταχόθεν,
824 3668 1017 3736 νήφειν
1072 3666 1265 3731 ποιῶν,
1299 3665 1610 3728 ἁναλὼτους
1661 3667 1801 3729 ὅλως
1854 3669 1978 3731 ταῖς

396 3762 495 3815 τοῦ
526 3760 723 3832 ἐχθροῦ
779 3762 1051 3831 μηχαναῖς
1090 3759 1477 3831 ἐργαζόμενος.

467 4056 545 4109 E’.
574 4052 1076 4125 Παραστησάμενος
1100 4053 1391 4124 τοιγαροῦν
1425 4052 1624 4115 αὐτοὺς
1657 4051 1686 4103 ό
1712 4051 1973 4119 δικάζων,

398 4148 495 4202 καὶ
527 4147 751 4201 πλείονα
800 4146 953 4220 παρὰ
1000 4146 1137 4199 πολὺ
1167 4146 1267 4215 τῆς
1318 4144 1594 4215 προτέρας
1630 4145 1727 4197 καὶ
1779 4145 1980 4216 θερμο-

396 4241 565 4309 τέραν
600 4240 701 4310 τὴν
733 4239 989 4293 ἔνστασιν
1023 4237 1145 4290 ἰδὼν
1174 4239 1683 4308 ἐπιδεικνυμένους,
1722 4237 1976 4307 πυθόμε-

398 4349 486 4396 νος
515 4332 576 4385 δὲ
618 4333 714 4387 καὶ
760 4333 859 4405 τὴν
885 4331 1067 4386 αἰτίαν
1099 4330 1195 4384 τοῦ
1252 4333 1603 4402 πράγματος,
1654 4331 1749 4385 καὶ
1784 4329 1978 4400 μαθὼν

396 4423 475 4487 ὡς
526 4425 830 4495 Ἐπιμάχου
882 4423 1058 4479 ταῦτα
1108 4423 1412 4494 συμϐουλαί
1454 4442 1514 4477 τε
1546 4424 1644 4479 καὶ
1678 4423 1976 4493 ὑποθῆκαι.

397 4515 619 4570 Τούτων
652 4517 751 4586 μὲν
784 4516 922 4585 μετά
954 4515 1157 4578 πολλὰς
1191 4516 1295 4588 ἠδη
1329 4516 1422 4569 καὶ
1454 4517 1767 4587 ἀφορήτους
1797 4533 1978 4583 τιμω-

400 4609 527 4681 ρίας
566 4609 819 4679 ἐκτέμνει
874 4608 971 4671 τὰς
1006 4607 1297 4676 γλώσσαςο
1346 4602 1509 4663 αὗται
1554 4610 1666 4678 γὰρ
1715 4604 1858 4679 ἦσαν
1918 4608 1974 4661 αί

402 4701 578 4773 μέσην
622 4699 772 4769 αὑτῷ
814 4699 1050 4769 μάλιστα
1100 4700 1443 4771 πλήττουσαι
1494 4702 1593 4771 τὴν
1644 4700 1827 4770 ψυχὴν
1862 4701 1975 4764 τοῖς

404 4793 649 4864 ἐλέγχοις
680 4794 779 4863 τῆς
811 4790 1090 4862 ἀληθείας.
1116 4789 1249 4845 Εἶτα
1278 4791 1374 4844 καὶ
1407 4791 1551 4861 ξίφει
1578 4795 1677 4855 τάς
1700 4776 1979 4864 μαρτυρι-

402 4885 504 4949 na;
524 4886 705 4939 αὐτῶν
724 4883 966 4954 κεφαλὰς
986 4885 1323 4955 ἀφαιρεῖται.
1368 4883 1524 4937 Μετὰ
1545 4883 1603 4937 δὲ
1617 4883 1839 4948 τούτους
1856 4882 1979 4951 ἀγει

398 4978 682 5050 δεσμώτην
711 4979 802 5031 τὸν
847 4980 1091 5046 γενναῖον
1147 4976 1468 5047 Ἐπίμαχον,
1499 4978 1595 5031 καὶ
1626 4977 1742 5029 Ἵνα
1769 4974 1844 5042 τί,
1875 4992 1981 5044 φη-

402 5070 513 5135 σὶν,
534 5071 562 5123 ό
582 5069 777 5139 σεμνὸς
808 5069 871 5122 σὺ
897 5069 990 5121 καὶ
1011 5067 1073 5121 τὸ
1094 5064 1232 5131 εἶδος
1261 5067 1593 5135 ἀξιοθέατος,
1620 5068 1699 5132 είς
1727 5066 1981 5120 τοσοῦτον

402 5162 670 5227 ὲξέπεσας
701 5160 1041 5226 δυσσεϐείας,
1084 5159 1159 5223 ὡς
1194 5162 1270 5231 μὴ
1312 5160 1474 5231 μόνον
1502 5162 1684 5233 ἡμῶν,
1716 5159 1852 5214 ἀλλά
1885 5160 1980 5212 καὶ

406 5254 545 5307 θεῶν
582 5252 762 5306 αὐτῶν
788 5254 880 5307 καὶ
914 5252 1187 5324 βασιλέων
1239 5255 1667 5325 αὐτοκρατόρων
1697 5268 1982 5322 καταφρο-

403 5347 550 5411 νείνς
597 5344 941 5415 Ἀνθρὼπους
967 5345 1069 5414 μὲν
1093 5345 1202 5415 γάρ
1232 5344 1418 5413 ὄντας,
1446 5346 1661 5419 ἀνάγκη
1710 5344 1981 5407 πολλάκις

408 5438 741 5506 σφάλλεσθαι
787 5436 883 5490 τοῦ
932 5439 1328 5510 προσήκοντος,
1378 5438 1521 5510 πλὴν
1551 5438 1669 5492 ἀλλ’
1727 5438 1829 5491 οὐκ
1858 5438 1984 5490 ἐπι-

410 5534 592 5601 μένειν
634 5530 715 5584 δεῖ
759 5533 871 5595 τοῖς
912 5532 1117 5600 αὑτοῖς,
1148 5531 1284 5586 ἀλλά
1331 5531 1772 5602 μεταϐάλλεσθαι
1816 5531 1984 5585 πάλιν

404 5622 750 5695 διορθοῦσθαι
790 5624 858 5678 τὰ
898 5624 1027 5694 παρ’
1057 5625 1214 5697 ἡμῶν
1244 5626 1322 5698 μὴ
1351 5626 1584 5690 δεόντως
1609 5627 1977 5698 γεγενημένα.

404 5716 621 5769 Οὐκοῦν
672 5715 1000 5789 ἀνθρωπίνῳ
1028 5719 1122 5770 καὶ
1149 5717 1312 5782 αὑτὸς
1344 5719 1505 5775 πάθει
1566 5719 1825 5785 ἑαλωκὼς
1852 5719 1985 5775 ἀνά·
2012 5764 2017 5767 λ

404 5806 574 5877 νηψόν
596 5824 728 5860 πιτε
758 5808 851 5864 καὶ
870 5810 1199 5882 ἡμετέρους,
1228 5808 1373 5877 εἶξον
1396 5814 1808 5886 προστάγμασι,
1839 5814 1983 5869 θύων

410 5900 506 5951 σὺν
555 5900 691 5967 ἡμῖν
728 5902 842 5963 τοῖς
898 5901 1043 5966 θεοῖς
1086 5901 1184 5957 καὶ
1232 5907 1422 5991 αὑτοῖς
1469 5902 1698 5974 εὐνοῶν,
1751 5906 1849 5962 καὶ
1904 5908 1982 5971 ὡς

569 5993 840 6056 Ριτιιοι..
878 5996 993 6059 Gn.
1041 5998 1227 6060 CXV.
1270 6024 1291 6029 ο·

2079 3388 2284 3457 quippe
2317 3388 2464 3456 quod
2504 3404 2697 3444 omnes
2724 3391 3025 3454 cruciatus,
3060 3408 3200 3463 quos
3227 3396 3326 3451 sibi
3354 3407 3573 3468 paratos
3595 3417 3661 3456 ac

2077 3480 2394 3551 propositos
2437 3480 2683 3550 videbat,
2728 3484 3043 3554 negligens,
3089 3486 3157 3541 de
3209 3488 3430 3545 illorum
3482 3493 3660 3549 saluto

2079 3581 2292 3628 tantum
2335 3581 2454 3628 erat
2493 3573 2783 3630 sollicitus.
2819 3576 2899 3630 Ad
2938 3578 3054 3633 haec
3104 3580 3576 3640 admonitionibus
3604 3596 3661 3641 et

2076 3667 2327 3733 doctrina
2355 3666 2527 3721 multa
2561 3682 2659 3722 eos
2708 3668 3020 3726 instruebat
3059 3683 3227 3743 atque
3271 3675 3654 3740 conﬁrmabat.

2077 3760 2316 3831 undique
2346 3759 2495 3831 ipsos
2525 3759 2804 3826 muniens,
2834 3760 3029 3831 eisque
3060 3766 3400 3834 persuadens
3430 3777 3493 3824 ut
3522 3771 3660 3844 vigi-

2075 3856 2254 3911 lantes
2285 3870 2352 3911 ac
2386 3854 2523 3911 tales
2570 3870 2692 3910 esse
2729 3856 3038 3925 studerent,
3072 3859 3169 3928 qui
3194 3861 3421 3917 omnino
3459 3865 3528 3921 ab
3558 3865 3657 3919 ho-

2076 3947 2179 4002 stis
2215 3945 2419 4002 diaboli
2447 3946 2719 4003 machinis
2744 3950 3047 4022 expugnari
3075 3966 3190 4007 non
3220 3966 3472 4024 possent.

2146 4085 2217 4141 ν.
2258 4085 2393 4142 Cum
2423 4101 2555 4142 vero
2598 4086 2768 4157 judex
2809 4089 2931 4147 illos
2980 4093 3048 4149 ad
3097 4108 3158 4149 se
3204 4094 3331 4151 duci
3374 4095 3657 4168 jussisset.

2075 4190 2281 4246 eosque
2338 4178 2511 4234 multo
2559 4184 2925 4250 constantius,
2978 4200 3141 4257 quam
3197 4197 3396 4254 antea,
3451 4191 3654 4247 Christi

2076 4266 2480 4324 confessionem
2521 4272 2765 4342 proﬁteri
2790 4277 3039 4346 vidisset,
3068 4280 3297 4351 ejusque
3322 4282 3402 4339 rei
3435 4299 3657 4344 causam

2077 4352 2364 4423 Epimachi
2417 4357 2648 4414 consilia
2685 4369 2741 4415 et
2791 4361 3209 4423 adhortationes
3247 4368 3418 4427 luisse
3455 4387 3661 4446 cogno-

2077 4446 2269 4514 visset,
2298 4447 2516 4503 illorum
2543 4451 2815 4517 omnium,
2840 4458 3183 4525 postmultos
3203 4468 3261 4515 et
3281 4460 3661 4521 intolerabiles

2078 4538 2379 4602 cruciatus,
2427 4537 2645 4608 linguas
2688 4544 2935 4599 exscindi
2970 4546 3158 4616 jussit,
3200 4549 3310 4619 (bis
3351 4552 3499 4608 enim
3533 4562 3659 4611 ute-

2006 4642 2052 4698 ι)
2081 4629 2280 4683 bantur
2314 4638 2577 4699 martyres
2622 4631 2690 4687 ad
2726 4635 3013 4691 veritatem
3060 4637 3485 4709 defendendam,
3528 4662 3652 4717 qua:

2084 4734 2173 4776 res
2227 4721 2431 4791 judicis
2484 4724 2730 4779 animum
2791 4728 3030 4785 maxime
3092 4733 3393 4805 cruciabat)
3458 4738 3659 4797 deinde

2081 4812 2396 4867 eorumdem
2420 4814 2599 4885 capita
2622 4816 2799 4887 gladio
2820 4821 3111 4891 amputari.
3138 4823 3268 4880 Post
3283 4826 3398 4884 haec
3415 4829 3659 4888 vinctum

2080 4901 2150 4956 ad
2199 4914 2260 4954 se
2308 4900 2435 4956 duci
2480 4903 2647 4974 jussit
2692 4920 3021 4975 generosum
3070 4907 3451 4985 Epimachum,
3496 4935 3658 4989 quem

2083 4993 2306 5048 intuens
2332 5010 2347 5051 :
2374 4993 2577 5061 Quare,
2609 4995 2811 5066 inquit,
2849 5006 2908 5053 tu
2930 4999 3016 5054 vir
3040 5000 3121 5056 ita
3161 5005 3364 5073 gravis,
3394 5016 3452 5063 et
3482 5008 3657 5067 forma

2082 5083 2389 5155 spectabili,
2445 5085 2513 5141 ad
2563 5101 2681 5142 eam
2734 5087 3074 5159 impietatem
3120 5096 3410 5167 prolapsus
3468 5116 3551 5166 es,
3602 5115 3661 5157 ut

2084 5192 2195 5233 non
2242 5178 2419 5233 solum
2451 5193 2575 5246 nos,
2626 5180 2724 5235 sed
2754 5180 2889 5238 deos
2915 5183 3079 5239 etiam
3127 5184 3278 5256 ipsos
3318 5198 3375 5243 et
3422 5190 3659 5263 impera-

2085 5278 2231 5325 tores
2260 5271 2683 5328 contemneres?
2714 5271 2979 5330 Homines
3008 5276 3235 5347 quidem
3274 5294 3419 5350 saepe
3450 5283 3517 5338 ab
3542 5283 3660 5339 olli-

2084 5360 2170 5418 cio
2202 5362 2462 5418 aberrare
2489 5378 2720 5421 necesse
2760 5375 2866 5433 est,
2896 5376 2953 5423 at
2990 5382 3104 5423 non
3158 5369 3319 5427 decet
3366 5381 3548 5428 tamen
3601 5378 3655 5429 in

2085 5455 2282 5511 erratis
2310 5471 2652 5526 permanere,
2684 5459 2784 5516 sed
2810 5460 3099 5517 consilium
3129 5472 3367 5532 mutare,
3398 5473 3455 5523 et
3484 5468 3661 5522 corri-

2084 5560 2234 5617 gere,
2262 5561 2385 5619 quai
2416 5563 2528 5605 non
2576 5557 2726 5606 recte
2755 5565 2786 5605 a
2813 5552 2975 5608 nobis
3005 5550 3153 5609 facta
3198 5553 3426 5613 iuerint.
3458 5556 3661 5624 Quam-

2084 5636 2274 5693 obrem
2308 5648 2365 5694 et
2396 5647 2475 5707 tu,
2506 5655 2633 5696 cum
2674 5641 2916 5699 humano
2966 5658 3117 5701 more
3159 5648 3497 5717 peccaveris,
3538 5657 3659 5705 tan-

2084 5728 2208 5783 dem
2237 5729 2553 5801 resipiscas,
2580 5742 2637 5788 et
2663 5733 2868 5790 nostris
2884 5734 3056 5807 jussis
3086 5737 3339 5805 obedias,
3372 5742 3661 5800 nobiscum

2086 5838 2193 5879 una
2212 5822 2318 5880 diis
2336 5825 2678 5896 sacriﬁcans,
2701 5834 2758 5885 et
2782 5827 2839 5884 in
2862 5829 2986 5887 illos
3008 5829 3450 5890 benevolentiam
3472 5844 3626 5892 osten
3640 5866 3660 5878 -

2086 5910 2246 5982 deus,
2298 5928 2395 5985 ne,
2441 5914 2491 5973 si
2535 5913 2671 5974 deos
2714 5915 2865 5990 ipsos
2895 5919 3141 5979 omnium
3187 5920 3442 5979 dominos
3480 5924 3660 5980 mlere

3272 6014 3348 6078 42
