4132 6434
398 478 416 540 i
430 482 533 546 325

1529 481 1997 544 MARTYRIUM
2029 481 2086 542 S.
2132 478 2474 540 EPIMACH
2487 479 2527 538 l.

3521 478 3654 541 1326

392 608 598 660 φανοςο
647 593 1043 664 ὲγχειριζέσθω
1073 595 1340 665 κάλαμος.
1391 596 1457 648 υἱ
1519 594 1833 666 ιμπαιγμοὶ
1886 595 1962 656 δὲ,

2091 602 2146 658 :t,
2202 591 2436 647 Veniant
2501 594 2555 647 in
2611 608 2698 647 me
2761 593 2951 662 alapae,
3006 591 3284 647 dicebat:
3337 590 3656 662 injiciantur

391 684 546 752 φησι,
575 685 700 749 ποῦ,
737 684 842 738 ποῦ
866 686 935 739 τὰ
970 685 1338 757 patricium;
1369 688 1559 758 Μικρὰ
1601 689 1714 759 γὰρ
1745 686 1871 758 ἐμοὶ⁸
1899 685 1969 740 τὰ

390 774 641 843 παρόντα
668 777 804 846 πρὸς
833 778 1020 830 ὲκεῖνα
1053 777 1306 847 βλέποντι
1335 780 1431 832 καὶ
1468 778 1645 844 οὕτως
1669 779 1969 848 ἐφιεμένῳ.

2077 695 2276 756 sputa:
2331 687 2698 744 circumdetur
2753 696 2920 757 caput
2967 703 3149 743 meum
3197 703 3399 743 corona
3429 687 3655 754 spinea;

2079 778 2240 832 detur
2273 779 2327 833 in
2359 795 2553 833 manus
2573 789 2628 834 et
2660 779 2891 834 arundo.
2925 778 3156 834 Ubinam
3212 789 3338 832 sunt
3391 779 3656 834 dedecora

392 874 448 919 et
493 865 818 923 irrisiones?
849 868 941 923 ubi
987 870 1191 938 alapae?
1230 868 1432 926 Omnia
1477 871 1624 930 enim
1675 869 1956 941 praesenti:
2025 867 2138 924 haec
2180 871 2312 926 mihi
2366 872 2430 926 ad
2471 872 2655 934 futura
2685 872 2776 930 liii
2808 873 2950 928 bona
2997 873 3289 943 spectanti.
3348 887 3519 942 eaque
3557 887 3658 940 ap.

395 957 620 1026 petenti,
655 957 914 1012 videntur
943 972 1107 1028 parva
1138 958 1383 1027 quaedam
1405 975 1550 1026 esse,
1577 975 1641 1015 ac
1666 976 1764 1030 pro
1787 957 1960 1013 nihilo
1987 953 2255 1012 facienda.

462 1045 540 1102 8'.
573 1047 673 1102 Διά
699 1049 856 1103 τοῦτο
879 1049 974 1103 καὶ
1002 1047 1234 1118 βάσανος
1259 1051 1423 1122 ἑτέρα
1448 1051 1526 1120 τῷ
1557 1051 1764 1124 ἀθλητῇ
1795 1067 1968 1121 προσ-

393 1141 538 1210 θήκη
579 1140 684 1210 τῆς
729 1139 1110 1210 προλαὸούσης
1155 1140 1420 1211 ἐπήγετο,
1457 1141 1553 1196 καὶ
1589 1141 1759 1205 λίθοις
1801 1141 1978 1207 ὀξέσιν

392 1233 424 1285 ὁ
452 1233 701 1299 γενναῖος
747 1232 1070 1303 ἑπλήττετο,
1114 1233 1448 1304 πρόσταγμα
1477 1233 1535 1286 δὲ
1567 1233 1661 1287 τοῦ
1705 1234 1976 1304 τυράννου

394 1323 578 1391 τοῦτο,
619 1325 717 1379 καὶΙ
749 1325 846 1395 τῆς
875 1323 1122 1395 ἀπηνοῦς
1179 1325 1360 1396 ψυχῆς
1387 1327 1606 1396 ἐκείνης
1656 1327 1751 1378 καὶ
1799 1327 1977 1380 ἀπαν-

396 1415 641 1486 θρώπου.
679 1417 818 1483 Ἵνα,
852 1418 1006 1486 φησὶ,
1044 1419 1226 1472 πυκνὰ
1252 1419 1716 1492 διαθραττομένου
1746 1421 1838 1473 τοῦ
1875 1420 1978 1472 σώο

399 1525 592 1576 ματος,
635 1508 829 1562 θᾶττον
875 1509 1168 1582 ἀπορρήξῃ
1203 1511 1300 1565 καὶ
1331 1511 1431 1581 τὴν
1459 1511 1661 1581 ψυχήν.
1700 1509 1977 1581 Ἐλελήθει

395 1601 452 1654 δὲ
480 1601 589 1671 ἄρα
615 1601 1000 1673 λαμπρότερον
1021 1603 1184 1656 αὑτὸν
1207 1603 1598 1674 ἐργαζόμενος,
1626 1606 1720 1658 καὶ
1752 1604 1978 1657 πλείονα

397 1693 475 1762 τῷ
504 1693 743 1765 μάρτυρι
770 1694 1044 1764 προξενῶν
1071 1694 1168 1765 τὴν
1193 1695 1330 1764 πρὸς
1353 1695 1445 1749 τὸν
1474 1695 1612 1749 Θεὸν
1639 1696 1976 1767 παρρησίαν.

415 1785 580 1838 Ἀλλὰ
627 1786 955 1856 προσεκτέον
987 1785 1064 1856 τῷ
1094 1786 1395 1856 διηγήματι
1420 1799 1434 1813 ⁸
1469 1785 1564 1840 καὶ
1594 1786 1701 1856 γὰρ
1749 1787 1968 1857 ἐκδηλο-

2152 1052 2246 1106 IX.
2291 1052 2415 1106 llmc
2440 1068 2562 1106 cum
2591 1052 2799 1106 diceret
2817 1061 3040 1124 martyr,
3065 1053 3346 1122 prioribus
3369 1054 3642 1106 tormenti.

2077 1160 2215 1199 nova
2264 1145 2508 1214 quaedam
2561 1143 2980 1209 adjiciebantur,
3045 1153 3102 1197 et
3147 1145 3323 1199 acutis
3370 1142 3641 1210 lapidibus

2077 1250 2374 1306 generosus
2408 1233 2499 1290 ille
2533 1233 2760 1297 athleta,
2796 1234 3032 1304 tyranni,
3071 1236 3177 1290 hoc
3207 1244 3290 1290 est
3322 1234 3562 1289 crudelis
3593 1246 3650 1291 et

2077 1329 2390 1384 inhumana:
2424 1345 2648 1399 prorsus
2674 1328 2873 1383 anim
2903 1328 3087 1396 jussu,
3115 1328 3436 1384 feriebatur.
3472 1327 3652 1382 Insta-

2077 1420 2170 1475 bat
2208 1423 2354 1475 enim
2386 1435 2451 1475 ac
2481 1419 2744 1491 urgebat:
2787 1418 2884 1481 Ita,
2919 1418 3194 1488 inquiens,
3229 1418 3508 1472 hominem
3538 1433 3658 1488 per-

2079 1513 2274 1575 cntite,
2308 1521 2368 1568 ut
2417 1513 2539 1581 ejus
2577 1525 2808 1580 corpore
2857 1510 3067 1565 crebris
3116 1510 3314 1565 ictibus
3356 1510 3656 1579 perfracto,

2079 1605 2368 1660 celerrime
2397 1603 2634 1658 animam
2674 1602 2847 1672 ipsam
2881 1603 3192 1670 abrumpat.
3229 1601 3337 1658 Sed
3372 1619 3480 1657 non
3509 1602 3664 1656 vide—

2079 1698 2176 1754 bat
2221 1706 2484 1767 tyrannus
2539 1696 2647 1760 ille,
2701 1703 2994 1764 martyrem
3063 1710 3128 1749 ea
3186 1710 3246 1749 re
3310 1694 3663 1750 illustriorem

2087 1789 2250 1853 edici,
2289 1788 2664 1858 majoremque
2701 1787 2843 1856 apud
2883 1784 3056 1839 Deum
3095 1783 3350 1838 ﬁduciam
3384 1783 3488 1853 ipsi
3525 1797 3662 1837 con-

398 1876 562 1946 τέρας
591 1877 691 1947 ἤδη
718 1879 816 1946 τῆς
841 1877 1065 1948 χάριτος
1093 1877 1412 1940 ἀπολαύειν.
1435 1878 1529 1932 καὶ
1551 1878 1659 1932 τῶν
1686 1879 1981 1950 θαυμάτων

2091 1881 2282 1936 ciliari.
2309 1880 2579 1935 Czeterum
2613 1895 2828 1943 eorum,
2862 1894 2983 1949 quae
3014 1875 3247 1933 dicenda
3282 1883 3433 1938 sunt,
3466 1892 3667 1930 narra-

409 1967 718 2040 Ἐπίμαχος
747 1969 1001 2040 ἄρχεται.

472 2233 529 2284 ι’.
601 2233 659 2286 '0
715 2236 813 2303 μὲν
863 2235 1106 2301 ὲξαίνετο
1169 2237 1444 2308 μετέωρος
1494 2238 1588 2291 ἐπὶ
1649 2236 1832 2304 ξύλου,
1889 2241 1985 2294 καὶ

401 2319 568 2380 λίθοις
596 2321 663 2373 τὰ
710 2322 844 2375 ὀστᾶ
874 2327 1252 2383 Musaniano.
1291 2330 1440 2401 Κόρη
1481 2331 1539 2384 δέ
1568 2347 1653 2394 τις
1683 2331 1804 2385 ἐκεῖ
1840 2349 1984 2400 παρ-

403 2411 644 2481 ειστήκει
712 2412 876 2484 μέρος
943 2410 1078 2469 οὖσα
1124 2416 1218 2470 καὶ
1265 2417 1403 2488 αὑτὴ
1444 2421 1540 2472 τοῦ
1589 2422 1846 2488 θεάτρου,
1893 2423 1985 2475 τὸν

407 2502 593 2572 ἓτερον
645 2507 1024 2579 πεπηρωμένη
1083 2507 1194 2561 τῶν
1249 2507 1564 2578 ὀφθαλμῶν.
1620 2507 1840 2579 Ταύτης
1891 2509 1986 2563 οὖν

411 2594 624 2658 ἀτενῶς
686 2596 823 2666 πρὸς
877 2598 1084 2652 ἐκεῖνον
1133 2597 1374 2671 ὁρώσης,
1426 2599 1521 2652 καὶ
1573 2598 1674 2664 τὰς
1737 2601 1988 2671 χαλεπὰς

410 2687 626 2750 ὲκείνας
664 2687 919 2752 κολάσεις
947 2689 1180 2764 ὀδυρμδν
1215 2691 1572 2763 ποιουμένης,
1608 2693 1776 2762 μέρος
1798 2710 1851 2747 τι
1876 2694 1986 2747 τῶν

409 2777 504 2830 τοῦ
573 2779 854 2849 μάρτυρος
902 2783 1123 2853 σαρκῶν
1174 2783 1390 2838 ἐκεῖθεν
1454 2785 1815 2839 ἀποσπασθὲν
1893 2786 1987 2839 καὶ

409 2870 647 2941 διαέριόν
678 2890 794 2937 πως
823 2874 1148 2946 φερόμενον,
1182 2876 1481 2943 ἀποστάζει
1509 2877 1609 2932 τοῦ
1640 2879 1872 2949 αἵματος
1908 2881 1988 2941 εἰς

410 2964 503 3016 τὶν
544 2965 853 3038 ὀφθαλμόνο
883 2970 978 3023 καὶ
1027 2972 1056 3022 ὁ
1105 2970 1416 3042 σταλαγμὸς
1438 2972 1640 3026 αὐτίκα
1683 2975 1879 3041 παγεὶς
1921 2973 1988 3044 (ὣ

413 3055 699 3125 θαύματος
760 3060 1082 3114 ἀντικόπτον
1122 3063 1136 3116 ί
1176 3061 1221 3116 ὣ
1291 3063 1473 3117 πάντα
1531 3062 1691 3130 λόγον
1747 3065 1986 3136 νικώσης

412 3148 868 3218 φιλανθρωπίας),
922 3153 1036 3222 φῶς
1088 3151 1299 3221 γίνεται
1337 3153 1530 3227 ταύτῃ,
1573 3157 1668 3208 καὶ
1709 3156 1837 3226 ὑγιῆ
1894 3156 1983 3209 τὸν

2087 1975 2293 2029 tionem
2347 1989 2661 2044 sequamur.
2730 1971 2998 2040 Deinceps
3049 1969 3195 2024 enim
3267 1969 3490 2038 planum
3551 1969 3667 2034 lict,

2086 2066 2550 2137 quemadmodum
2586 2063 2925 2134 Epimachus
2953 2059 3391 2116 manifestiorem
3419 2059 3514 2114 Dei
3541 2074 3637 2131 gra
3667 2093 3670 2098 ι

2090 2158 2222 2211 tiam
2254 2169 2310 2211 et
2339 2156 2602 2212 miracula
2632 2163 2854 2210 secutus
2885 2162 2990 2208 est.

2159 2247 2226 2301 X.
2273 2247 2635 2303 Lacerabatur
2663 2246 2751 2300 ille
2771 2245 2993 2315 quidem
3027 2244 3082 2299 in
3111 2244 3281 2314 ligno,
3314 2253 3367 2298 et
3400 2241 3671 2310 lapidibus

2089 2340 2410 2400 feriebatur,
2447 2351 2505 2391 ut
2557 2339 2676 2406 ejus
2703 2351 2825 2391 ossa
2875 2336 3040 2390 etiam
3097 2336 3214 2406 ipsa
3264 2336 3668 2404 frangerentur.

2090 2429 2272 2484 Puella
2299 2444 2428 2484 vero
2448 2429 2695 2499 qumdam
2724 2427 2833 2482 illic
2850 2427 3085 2492 astabat,
3117 2437 3173 2482 ct
3201 2427 3315 2496 ipsa
3337 2443 3445 2481 una
3475 2441 3542 2481 ex
3577 2441 3675 2482 eo-

2088 2537 2208 2574 rum
2239 2537 2493 2584 numero,
2542 2521 2634 2592 qui
2684 2521 3002 2591 spectaculo
3030 2521 3283 2574 aderant.
3319 2521 3453 2574 Erat
3486 2528 3671 2574 autem

2090 2611 2248 2666 oculo
2275 2613 2446 2664 altero
2484 2623 2777 2666 excaecata.
2833 2611 2930 2666 illa
2962 2628 3087 2668 cum
3136 2611 3206 2664 ad
3245 2621 3539 2680 martyrem
3589 2609 3675 2663 in-

2093 2711 2243 2756 tenta
2277 2709 2444 2765 esset,
2486 2710 2539 2755 et
2571 2701 2923 2770 gravissimos
2949 2700 3070 2770 ejus
3107 2703 3386 2756 cruciatus
3417 2703 3678 2755 lamenta-

2093 2805 2261 2856 retur,
2287 2809 2412 2863 pars
2437 2793 2684 2862 qumdam
2717 2807 2747 2847 e
2787 2793 3044 2862 martyris
3080 2789 3341 2844 carnibus
3369 2794 3675 2852 abstracta,

2090 2895 2142 2941 et
2173 2902 2270 2956 per
2302 2901 2485 2940 aerem
2515 2885 2743 2954 perlata,
2780 2883 2834 2938 in
2873 2882 3019 2938 illius
3062 2881 3259 2952 puellm
3290 2879 3509 2936 oculum
3542 2895 3671 2935 san-

2091 2977 2267 3044 guinis
2297 2985 2500 3048 guttam
2532 2973 2836 3038 instillavit,
2872 2988 2992 3042 quae
3031 2972 3250 3042 quidem
3274 2971 3330 3040 (ο
3359 2970 3680 3025 miraculum

2090 3067 2385 3140 singulare,
2421 3083 2452 3121 ο
2483 3066 2575 3121 Dei
2603 3065 3002 3136 benignitatem
3039 3063 3196 3118 omni
3220 3063 3478 3118 oratione
3510 3062 3684 3131 majoo

2088 3159 2228 3229 rem)
2265 3159 2320 3214 in
2349 3159 2534 3212 lumen
2565 3157 2751 3212 statim
2787 3171 3052 3211 conversa
3083 3165 3190 3220 est,
3238 3165 3292 3210 et
3319 3155 3516 3224 puellae
3543 3169 3678 3210 ocu-

409 3239 690 3308 ὀφθαλμὸν
722 3243 1072 3300 ἀποδίδωσιν.
1118 3244 1279 3299 Ἀλλά
1305 3245 1466 3298 τοῦτο
1494 3245 1590 3316 μὲν
1619 3245 1682 3315 δὴ
1706 3247 1983 3315 πάρεργον

2091 3248 2199 3300 lum
2234 3263 2428 3301 sanum
2466 3245 2666 3301 ell'ccit.
2698 3243 2811 3298 Hoc
2842 3243 3126 3314 Epimachi
3151 3245 3408 3314 martyris
3438 3243 3678 3298 miracu-

422 3329 711 3404 Ἐπιμάχῳ
773 3333 868 3387 τοῦ
927 3337 1256 3408 μαρτυρίου,
1302 3340 1394 3390 καὶ
1436 3337 1608 3399 οὕτως
1670 3339 1838 3391 αὐτοῦ
1894 3339 1990 3391 καὶ

415 3421 566 3490 ῥανὶς
589 3423 820 3492 αἵματος
857 3426 994 3497 μόνη
1036 3427 1308 3498 τοσαύτην
1341 3427 1567 3480 δύναται
1601 3427 1866 3498 παρέχειν
1893 3428 1991 3498 τὴν

413 3512 730 3580 θεραπείαν.

489 3605 596 3661 IA'.
642 3607 794 3660 Ἐπεὶ
821 3609 876 3662 δὲ
905 3608 1132 3680 ἀκλινὴς
1160 3610 1368 3675 ἐκεῖνος
1389 3611 1570 3681 ὡρᾶτο
1587 3614 1682 3667 καλ⁸
1715 3615 1812 3682 τὴν
1840 3613 1994 3665 εὐσέ-

415 3695 572 3749 ϐειαν
622 3697 958 3766 ἁμετάθετος
1001 3701 1036 3770 η
1070 3701 1358 3756 τελευταία
1415 3701 1537 3756 κατ’
1583 3701 1750 3755 αὑτοῦ
1790 3703 1995 3756 δίδοται

415 3787 616 3856 ψῆφος,
640 3791 734 3842 καὶ
765 3791 911 3860 ξίφει
936 3794 1036 3865 τὴν
1065 3795 1220 3864 ίερὰν
1248 3795 1468 3866 ἐκέίνην
1505 3795 1534 3846 ὀ
1573 3795 1787 3866 μάρτυς
1825 3813 2000 3864 κεφα-

416 3879 513 3950 λὴν
539 3882 897 3953 ἀφαιρεῖται·
933 3884 992 3937 τδ
1039 3885 1224 3952 μέντοι
1258 3885 1419 3956 σῶμα
1463 3887 1658 3941 τούτου
1708 3888 1768 3940 τὸ
1815 3887 1998 3956 τίμιον

418 3970 629 4024 πιστῶν
661 3973 850 4042 χερσὶν
878 3972 1040 4037 ὁσίως
1074 3975 1426 4044 περισταλὲν,
1460 3976 1585 4028 ἐκεῖ
1615 3975 1994 4040 κατατίθεται,

418 4063 551 4116 ὅπου
579 4066 673 4116 καὶ
693 4064 795 4133 τὴν
829 4065 1174 4138 μαρτυρικὴν
1202 4067 1414 4138 ὑπέστη
1445 4067 1751 4121 τελείωσιν.
1787 4067 1995 4120 Τούτου

418 4154 517 4222 τὴν
567 4155 871 4224 μαρτυρίαν
913 4154 1192 4226 ἐθαύμασε
1245 4157 1343 4226 μὲν
1395 4158 1546 4210 καὶὸ
1575 4159 1685 4209 τῶν
1747 4157 2000 4223 Ἀλεξαν-

419 4245 592 4315 δρέων
613 4247 804 4317 δῆμος,
837 4249 933 4302 καὶ
962 4250 1078 4303 ὅσοι
1127 4250 1228 4319 τῆς
1259 4253 1561 4320 προσοίκου
1607 4253 1885 4321 Αἰγύπτου
1931 4252 1999 4306 τὰ

424 4337 655 4391 πιότατα
702 4338 982 4409 νέμονται,
1030 4346 1413 4413 κατεκόσμησε
1449 4343 1504 4395 δὲ
1543 4345 1638 4397 καὶ
1665 4344 1828 4404 αὐτὸς
1860 4344 2002 4398 ἄνω-

424 4427 514 4480 θεν
543 4429 703 4481 αὑτὸν
735 4429 1020 4498 στεφάνοις
1044 4434 1321 4504 λαμπροῖς
1366 4435 1392 4486 ὁ
1416 4434 1812 4506 Ἀγωνοθέτης,
1843 4436 1911 4486 δι’
1943 4439 2000 4488 ὃν

422 4537 481 4574 τε
527 4524 721 4579 παθεῖν
754 4525 955 4590 εἵλετο,
990 4528 1084 4581 καὶ
1118 4521 1180 4582 οὗ
1245 4529 1489 4600 μιμητὴς
1543 4529 1700 4600 ὲδίψα
1747 4529 1999 4598 γενέσθαι

422 4615 530 4670 τῶν
556 4620 936 4688 παθημάτων·
992 4615 1037 4688 ᾧ
1087 4621 1286 4690 πρέπει
1338 4623 1492 4674 πᾶσα
1519 4621 1672 4686 δόξα,
1730 4623 1864 4692 τιμὴ
1907 4622 2000 4674 καὶ

425 4712 814 4783 προσκύνησις,
855 4713 950 4767 νῦν
979 4715 1074 4766 καὶ
1113 4714 1202 4766 ἀεὶ
1236 4715 1332 4766 καὶ
1363 4713 1445 4775 είς
1483 4713 1612 4775 τοὺς
1653 4715 1857 4779 αἰῶνας
1892 4715 2002 4770 τῶν

423 4804 656 4859 αἰώνων.
690 4807 883 4879 Ἀμήν.

2095 3340 2208 3393 lum
2251 3337 2406 3407 quasi
2439 3344 2894 3406 pertranseuntes
2947 3335 3209 3395 diximus,
3257 3343 3313 3388 ut
3350 3335 3670 3389 ostendere—

2099 3444 2221 3483 mus
2261 3443 2425 3481 unam
2457 3428 2578 3497 ejus
2628 3426 2731 3479 viri
2761 3424 3045 3495 sanguinis
3082 3433 3290 3495 guttam
3332 3425 3520 3480 subito
3559 3436 3681 3481 tan-

2096 3532 2209 3577 tam
2237 3521 2575 3576 curationem
2600 3519 2796 3574 aﬂ'erre
2832 3517 3104 3588 potuisse.

2168 3612 2265 3667 XI.
2305 3611 2441 3668 Cum
2498 3627 2628 3666 vero
2662 3620 2867 3680 martyr
2921 3610 2974 3664 in
3025 3609 3300 3665 diversam
3349 3609 3682 3664 sententiam

2099 3705 2243 3760 ﬂecti
2269 3723 2377 3759 nou
2413 3714 2616 3774 posset.
2652 3714 2708 3758 et
2737 3703 2829 3757 Dei
2860 3702 3182 3774 religionem
3217 3718 3558 3772 nequaquam
3587 3718 3686 3756 ne-

2100 3815 2230 3871 gare
2259 3797 2440 3860 vellet,
2473 3796 2668 3850 ultima
2699 3794 2755 3848 in
2791 3808 2917 3849 eum
2940 3795 3216 3849 sententia
3249 3794 3356 3848 lata
3384 3804 3487 3856 est,
3517 3804 3571 3847 et
3595 3812 3685 3850 sa-

2100 3905 2254 3946 crum
2294 3887 2425 3941 illud
2459 3889 2715 3957 martyris
2754 3893 2923 3954 caput
2955 3884 3134 3939 securi
3179 3899 3504 3954 percussum
3541 3884 3682 3938 fuit:

2101 3992 2155 4036 ct
2185 3983 2302 4052 ejus
2335 3979 2553 4049 quidem
2601 3975 2973 4031 venerandum
3018 3988 3238 4045 corpus,
3290 3973 3531 4030 lidelium
3588 3975 3689 4028 ho-

2102 4074 2311 4128 minum
2350 4069 2602 4124 manibus
2626 4068 2878 4139 religiose
2923 4077 3201 4131 curatum,
3258 4066 3366 4120 illic
3402 4065 3682 4120 conditum

2101 4174 2207 4223 est.
2258 4163 2347 4216 ubi
2404 4170 2458 4216 et
2515 4159 2758 4232 martyrii
2813 4160 3079 4215 sustinuit
3124 4159 3686 4214 consummationem.

2104 4255 2235 4325 Ejus
2269 4256 2370 4310 viri
2401 4263 2682 4310 certamen
2728 4267 2836 4307 non
2886 4251 3290 4307 Alexandrinus
3331 4259 3541 4305 tantum
3586 4266 3686 4318 po—

2102 4349 2282 4418 pulus,
2313 4346 2516 4416 quique
2545 4345 2804 4399 ﬁnitimas
2836 4359 2900 4398 ac
2931 4342 3302 4397 feracissimas
3334 4340 3550 4411 IEgypti
3582 4356 3669 4394 re-

2104 4440 2293 4509 giones
2324 4437 2532 4499 colunt,
2563 4436 2721 4491 valde
2751 4435 3004 4489 admirati
3039 4448 3101 4488 ac
3133 4432 3356 4488 reveriti
3390 4440 3521 4487 sunt
3549 4448 3564 4486 :
3597 4431 3690 4486 sed

2105 4529 2238 4582 illud
2296 4527 2534 4580 mundus
2582 4539 2732 4578 nunc
2775 4524 3016 4579 celebrat
3066 4527 3375 4578 universus.
3427 4522 3690 4576 Eumdem

2107 4633 2325 4689 quoque
2352 4617 2714 4672 certaminum
2746 4626 2941 4671 auctor
2981 4628 3035 4671 et
3077 4617 3244 4686 judex
3280 4613 3426 4668 Deus
3476 4629 3506 4668 e
3551 4613 3694 4666 cmlo

2110 4710 2305 4767 illustri
2337 4722 2541 4764 corona
2587 4707 2834 4769 donavit,
2884 4717 3112 4778 propter
3161 4723 3324 4776 quem
3359 4704 3680 4775 Epimachus

2108 4803 2382 4860 cruciatus
2421 4813 2614 4856 omnes
2653 4813 2945 4868 perpessus
2995 4808 3098 4860 est,
3152 4799 3384 4867 ejusque
3441 4796 3658 4850 imitato

426 4909 546 4949 esse
581 4895 634 4947 in
666 4898 950 4954 tormentis
982 4895 1324 4968 perferendis
1368 4901 1602 4951 maxime
1631 4899 1944 4969 concupivit
1984 4915 2046 4955 ac
2084 4897 2314 4954 studuit.
2348 4895 2455 4966 Ipsi
2489 4893 2734 4949 Creatori
2783 4903 2837 4948 et
2875 4892 3164 4959 Salvatori,
3203 4892 3432 4945 Domino
3466 4903 3528 4942 ac
3579 4887 3634 4939 [ι.
3669 4911 3673 4922 ι

433 5001 620 5044 nostro
661 4993 730 5046 sit
787 4993 982 5064 gloria,
1041 4993 1218 5046 honor
1276 5000 1332 5045 et
1390 4991 1638 5046 adoratio
1689 5008 1814 5047 cum
1867 4993 2028 5050 Patre
2077 4992 2331 5065 principii
2412 4990 2643 5059 ﬁnisque
2704 4997 2948 5058 experte,
3017 4998 3074 5042 et
3133 4987 3482 5042 sanctissimo
3529 4991 3665 5052 atqu-

431 5085 741 5141 t-it-iﬁcante
771 5085 999 5156 Spiritu,
1033 5103 1152 5157 quae
1178 5097 1260 5142 est
1296 5103 1403 5141 una
1457 5087 1714 5143 divinitas
1761 5090 1812 5142 in
1842 5090 2034 5160 aequali
2071 5101 2130 5147 et
2149 5088 2437 5148 individua
2467 5085 2757 5150 Trinitate,
2784 5085 2943 5138 vitam
2991 5083 3245 5152 praebens
3275 5082 3420 5137 omni
3445 5078 3637 5152 spirits.
3676 5121 3699 5149 ,

435 5183 488 5226 et
522 5190 751 5245 regnans
784 5192 934 5233 nunc
970 5185 1024 5232 et
1054 5192 1292 5248 semper,
1326 5187 1382 5233 et
1423 5177 1477 5230 in
1524 5179 1721 5234 saecula
1771 5181 2119 5236 saeculorum.
2155 5180 2352 5235 Amen.
