4110 6272
218 267 3471 300 ww

207 295 3468 328 EE————————————————————————

206 326 3467 354 ___—__________________________________

804 517 1649 685 MENSIS
1795 522 2834 691 MARTIUS

1294 1010 1425 1057 ΤΟΥ
1463 1009 1546 1056 ΕΝ
1587 1008 1805 1058 ΔΓΙΟΙΣ
1845 1009 2101 1060 ΠΑΤΡΟΣ
2139 1013 2332 1060 ΗΜΩΝ

536 1169 1480 1292 ΘΕΟΦΑΝΟΥΣ
1545 1175 1854 1293 ΤΟΥ
1910 1180 2220 1292 ΤΗΣ
2287 1175 3102 1293 ΣΙΓΡΙΑΝΗΣ

1231 1401 1494 1488 ΒΙΟΣ
1572 1404 1768 1486 ΚΑΙ
1848 1402 2409 1489 ΠΟΛΙΤΕΙΑ

728 1773 859 1916 S.
1033 1774 1183 1916 P.
1350 1775 1512 1914 Ν.
1679 1774 2929 1920 THEOPHANIS

422 2033 661 2095 MAGNI
689 2035 876 2097 AGRI
904 2033 982 2093 IN
1025 2033 1389 2094 SIGRIANA
1432 2034 1684 2094 PROPE
1732 2033 2068 2096 CYZICUM
2112 2035 2516 2098 HEGUMENI
2559 2039 2660 2101 ET
2702 1995 3224 2103 CONFESSORIS

975 2193 1314 2312 VITA
1403 2194 1583 2311 ET
1671 2192 2686 2322 CONVERSATIO

165 2410 326 2473 (Circa
350 2422 548 2477 annum
580 2409 690 2477 _82l_),
727 2407 914 2477 Martii
929 2405 1013 2454 die
1036 2407 1121 2477 12._
1144 2433 1207 2441 —
1234 2407 1372 2477 ﬁcta
1383 2404 1470 2454 SS.
1492 2406 1731 2477 Bolland.
1755 2406 1823 2455 ad
1849 2406 1987 2455 hanc
2013 2406 2356 2477 diem__Grzece
2372 2413 2424 2459 et
2441 2409 2646 2464 Latine.
2676 2410 2929 2477 Ejusdem
2965 2413 3305 2477 Theophanis
3326 2413 3500 2464 Vitam

335 2470 551 2521 alteram
580 2471 744 2521 habes
770 2468 1044 2534 prmﬁxam
1077 2468 1193 2531 ejus
1225 2468 1666 2531 Chronographiw
1693 2481 1857 2532 quam
1881 2469 2257 2532 complectitur
2279 2474 2458 2522 tomus
2488 2478 2670 2524 noster
2697 2468 3020 2525 centesimus
3053 2468 3317 2539 octavus.)

745 2806 1145 2856 ΠΡΟΟΙΜΙΟΝ.

234 2891 308 2945 Α’.
354 2891 552 2967 Ὠσπερ
596 2892 781 2962 λειμὼν
835 2893 1073 2956 εὐανθὴς,
1122 2888 1375 2951 ποικίλοις
1399 2889 1582 2941 ἄνθεσι
1634 2906 1748 2940 ποις

161 2982 455 3052 καζόμενος,
523 2981 736 3056 ὠραῖζει
799 2988 914 3043 ταῖς
983 2976 1170 3051 ὀδμαῖς
1249 2987 1346 3030 τῶν
1415 2977 1747 3035 κατ-αλλήλων

163 3068 422 3125 στιϐάδων
482 3074 604 3131 τοὺς
654 3072 874 3143 ἱστορεῖν
928 3067 1290 3141 βουλομένους,
1347 3072 1436 3117 καὶ
1493 3071 1648 3118 τόπον
1697 3064 1752 3116 ἐκ

156 3164 316 3214 τόπου
373 3157 676 3232 ἀμείϐοντας
730 3153 1098 3229 παλινδρομεῖν
1154 3154 1458 3226 ἀναγκάζει,
1519 3159 1607 3205 καὶ
1659 3157 1753 3210 τὴν

158 3249 494 3323 ἂναχώρησιν
538 3247 702 3300 ἑκοντὶ
748 3244 1091 3319 παραϐλέπειν
1139 3261 1151 3273 ⁶
1197 3247 1283 3296 τὸν
1323 3242 1472 3295 αὐτὸν
1526 3239 1592 3301 δὴ
1635 3246 1758 3315 τρό-

154 3359 250 3394 πον
315 3342 404 3390 καὶ
455 3338 484 3396 ἠ
553 3343 787 3412 Χριστοῦ
853 3334 1154 3392 Ἐκκλησία.
1215 3339 1288 3405 Τῇ
1341 3334 1442 3406 γὰρ
1497 3328 1758 3384 πολυειδεί

155 3432 311 3503 πείρᾳ
337 3435 436 3479 τῶν
477 3425 563 3479 ἀπ’
607 3425 790 3485 αἰῶνος
832 3423 992 3494 ἁγίων
1028 3430 1266 3494 κομῶσα,
1314 3424 1440 3496 πρὸς
1471 3422 1606 3473 θείαν
1643 3423 1759 3480 τοὺς

154 3517 412 3591 ἀκροατὰς
496 3515 757 3587 ἐποτρύνει
833 3509 1156 3583 δοξολογίαν,
1250 3516 1340 3563 καὶ
1433 3511 1609 3583 ἑορτὴν
1707 3508 1759 3572 ἐξ

153 3607 333 3680 ἑορτῆς
382 3603 718 3676 ἓνηχούμενοι
769 3609 1106 3676 χαρμονικῶς
1159 3607 1221 3672 τῇ
1280 3601 1397 3652 καθ’
1454 3601 1649 3671 ἡμέραν
1712 3601 1760 3650 ἐν

153 3694 382 3766 ἁλλακτῇ
464 3691 729 3764 ἐπωνυμίᾳ
798 3690 1110 3760 ἐπείγονται,
1172 3693 1320 3764 γέρας
1373 3687 1540 3740 αἶσιον
1613 3687 1764 3740 κελα-

153 3781 349 3843 δῆσαι.
392 3782 473 3836 Ἐν
513 3783 679 3851 τούτῳ
715 3783 816 3852 γὰρ
872 3783 962 3830 καὶ
1001 3777 1224 3838 εὐσεϐεῖς
1262 3779 1597 3850 προστιθέναι
1650 3775 1761 3827 ἐαυ-

148 3878 260 3934 τοῐς
330 3869 520 3945 ἀρετὴν
571 3863 999 3930 ἐπισπεύὸουσιν,
1069 3871 1159 3918 καὶ
1219 3866 1266 3917 οἱ
1340 3865 1453 3916 λίαν
1526 3862 1764 3915 ἁσύνετοι

147 3961 334 4036 ῥᾷστα
391 3966 479 4019 τῆς
545 3957 736 4010 ἑαυτῶν
807 3955 1065 4016 πολιτείας
1115 3957 1484 4025 κατεγνωκότες
1540 3949 1762 4004 εὐσεϐεῖν

147 4055 250 4108 τὴν
334 4053 549 4120 γνώμην
601 4044 896 4117 βιάζονται.
953 4042 1062 4095 Ούκ
1136 4038 1243 4107 οὖν,
1299 4041 1581 4113 ἀγαπητοὶ,
1636 4041 1762 4110 ὁσίῳ

1928 2888 1970 2943 Ι.
2014 2889 2536 2955 Quemadmodum
2550 2907 2809 2948 vernans
2823 2896 3084 2964 pratum,
3098 2894 3281 2950 variis
3298 2893 3506 2951 distin-

1859 2981 2016 3034 ctum
2030 2977 2298 3043 ﬂoribus,
2317 2977 2747 3051 dispositarum
2763 2981 3058 3052 apteinter
3079 2999 3143 3038 se
3165 2983 3503 3040 areolarum

1859 3066 2183 3136 fragrantia
2235 3067 2522 3139 inspicere
2563 3068 2824 3125 volentes
2862 3069 3136 3138 oblectat,
3185 3071 3508 3144 locumque

1862 3159 2303 3210 commutantes
2331 3171 2362 3211 e
2400 3155 2552 3221 loco,
2593 3157 2806 3213 eodem
2849 3159 3006 3214 unde
3045 3159 3314 3216 abierant
3352 3160 3512 3230 cogit

1863 3256 2182 3307 recurrere,
2235 3248 2334 3298 aut
2387 3243 2596 3299 saltem
2647 3245 2853 3301 oculos
2903 3252 3114 3317 sponte
3171 3248 3507 3320 obliquatos

1863 3329 2182 3396 reﬂectere,
2211 3332 2488 3388 eumdem
2517 3332 2694 3403 plane
2719 3334 2780 3388 in
2808 3334 3056 3390 modum
3085 3335 3295 3391 Christi
3322 3335 3510 3392 Eccle-

1867 3419 1976 3483 sia,
2002 3434 2229 3483 eorum,
2252 3420 2355 3490 qui
2385 3435 2420 3475 a
2447 3420 2664 3476 saeculo
2691 3428 2828 3477 sunt
2853 3428 3200 3480 sanctorum
3229 3423 3514 3479 multifor-

1869 3507 1981 3563 mis
2006 3507 2264 3579 exempli
2285 3514 2526 3580 compta
2550 3517 2780 3574 ornatu,
2815 3511 2890 3566 ad
2912 3510 3131 3566 divinae
3153 3510 3348 3566 laudis
3374 3527 3516 3567 con-

1868 3594 2184 3651 fessionem
2217 3597 2523 3652 audientes
2551 3597 2814 3668 impellit,
2857 3599 3017 3670 iique
3055 3599 3278 3670 quibus
3319 3615 3510 3656 unum

1869 3700 1940 3740 ex
1979 3684 2094 3739 alio
2133 3685 2352 3739 festum
2390 3685 2684 3748 indicitur,
2730 3685 3151 3742 exsultabundi
3197 3687 3517 3744 incitantur

1870 3789 2046 3828 suum
2064 3772 2277 3845 cuique
2290 3773 2520 3829 dierum
2537 3774 2776 3829 mutatis
2799 3775 3268 3847 appellationum
3284 3776 3518 3833 vicibus

1869 3862 2158 3918 honorem
2197 3860 2585 3917 deferendum
2626 3862 2950 3934 publicare.
2989 3865 3075 3919 Ad
3106 3864 3222 3920 hoc
3259 3866 3418 3921 enim
3463 3869 3521 3921 et

1871 3950 1928 4018 ii,
1962 3950 2065 4021 qui
2095 3950 2319 4005 caeteris
2340 3951 2532 4021 magis
2553 3957 2691 4007 sunt
2711 3951 2989 4022 religiosi,
3006 3959 3386 4024 concurrunt,
3403 3958 3519 4009 sat-

1873 4045 2114 4111 agentes
2153 4055 2324 4094 suam
2364 4038 2663 4109 adaugere
2693 4040 2966 4096 virtutem
3007 4047 3062 4097 et
3099 4041 3334 4098 desides
3369 4041 3521 4099 alias

147 4133 318 4210 ἀνδρὶ
381 4135 709 4207 ἐγκωμιάσαι
790 4152 879 4204 μοι
956 4128 1250 4195 σπεύδοντι,
1330 4132 1604 4204 προθύμως
1677 4130 1765 4188 τὰς

1876 4128 2348 4199 atqueinsensati
2362 4129 2829 4184 conversationis
2847 4146 2971 4185 suae
2989 4130 3346 4186 damnantes
3360 4131 3526 4200 igna-

144 4226 321 4287 ἀκοὰς
371 4226 767 4298 ὑποστρώσατε,
812 4225 902 4272 καὶ
956 4226 1174 4290 νουνεχῆ
1229 4222 1323 4276 τὴν
1371 4217 1618 4290 ἀκρόασιν
1671 4235 1767 4268 πα-

138 4317 525 4392 ρακατέσχετε
574 4316 814 4382 σήμερον.
855 4314 947 4372 Τίς
987 4305 1045 4361 δὲ
1075 4308 1219 4368 οὗτος
1251 4324 1264 4375 ;
1321 4305 1379 4359 Ὀ
1424 4305 1471 4358 ἐν
1511 4305 1769 4366 ἁσκηταῐς

139 4401 478 4477 περιϐόητος
521 4401 802 4472 Θεοφάνης,
849 4399 874 4450 ὁ
918 4401 1075 4471 μέγας
1112 4405 1208 4457 τῆς
1259 4393 1566 4470 ὀρθοδοξίας
1619 4395 1769 4464 ὑπέρ·

136 4511 370 4567 μαχος,
429 4491 454 4542 6
504 4498 603 4542 τῶν
658 4487 910 4546 ἀληθινῶν
971 4483 1248 4557 δογμάτων
1303 4487 1690 4557 προασπιστὴς,
1745 4482 1770 4532 6

135 4585 457 4659 προθύμως
501 4579 682 4633 ἑαυτὸν
736 4585 848 4640 τοῖς
893 4581 1154 4649 τυραννεῖν
1202 4572 1432 4626 ἐθέλουσι
1479 4567 1770 4644 παραδούς,

135 4656 192 4728 ὁ*
247 4676 357 4731 τὴν
413 4667 723 4723 δυσσέϐειαν
789 4672 879 4719 τοῦ
942 4670 1248 4736 κρατοῦντος
1312 4660 1516 4732 ἐλέγξας
1577 4656 1775 4731 δόγμα·-

131 4767 340 4821 τικαῑς
401 4757 775 4831 ἐκφαντορὶαις,
831 4757 857 4807 6
926 4752 1027 4826 βίῳ
1084 4757 1173 4804 καὶ
1237 4750 1419 4823 πράξει
1478 4754 1566 4801 καὶ
1640 4747 1774 4818 λόγῳ

130 4851 417 4908 νηπιόθεν
501 4849 904 4918 κεκοσμημένος,
980 4844 1006 4894 6
1087 4844 1151 4894 τὰ
1239 4837 1494 4893 δοκοῦντα
1589 4839 1779 4909 τερπνὰ

133 4936 642 5013 παραϐλεψάμενος
714 4934 780 4995 εἰς
844 4932 1001 4996 ἂπαν,
1065 4932 1090 4982 6
1143 4929 1190 4981 ἐν
1241 4931 1394 5001 γάμῳ
1442 4929 1778 5000 σωφροσύνην

129 5029 444 5092 ἀσκήσας,
503 5026 529 5078 6
585 5027 877 5096 σκορπίσας
949 5019 1236 5091 πενομένοις
1303 5021 1390 5069 τὸν
1461 5019 1779 5088 πρόσκαιρον

126 5117 400 5172 πλοῦτον
431 5119 522 5167 καὶ
575 5110 935 5178 δικαιοσύνην,
976 5109 1139 5179 ἐαυτῷ
1187 5109 1514 5181 θησαυρίσας
1554 5104 1778 5169 αἰώνιον,

125 5214 348 5280 ὥσπερ
385 5207 548 5277 φησὶν
578 5203 604 5254 ό
627 5201 677 5254 ἐν
705 5204 988 5274 προφήταις
1018 5192 1328 5268 Ψαλμῳὸός.

1875 4216 2057 4281 viam,
2083 4217 2349 4271 animum
2374 4221 2666 4284 coguntur
2693 4217 2972 4274 inducere
2995 4218 3073 4274 ad
3105 4220 3403 4290 pietatem.
3421 4221 3528 4275 Vo-

1875 4304 2223 4374 lentiigitur,
2251 4303 2636 4370 dilectissimi,
2666 4311 2939 4362 sanctum
2956 4308 3277 4378 pradicare
3305 4309 3523 4374 virum,

1878 4398 2132 4449 attentas
2163 4393 2422 4464 praebete
2452 4408 2645 4460 aures,
2669 4399 2848 4466 atque
2878 4395 3181 4452 hodiernae
3207 4396 3324 4453 diei
3355 4397 3429 4453 de
3456 4412 3528 4454 eo

1879 4481 2282 4538 narrationem
2320 4487 2593 4553 prompte
2633 4482 3050 4556 sapienterque
3091 4486 3386 4558 suscipite.
3429 4488 3531 4542 llic

1881 4575 2081 4627 autem
2137 4569 2272 4642 quis
2318 4570 2348 4622 ‘2
2395 4570 2507 4640 ille,
2560 4570 2654 4626 ille
2711 4572 2862 4627 inter
2908 4580 3138 4631 ascetas
3200 4575 3533 4631 celebratus

1880 4658 2286 4730 Theophanes.
2303 4674 2553 4728 magnus
2569 4658 2916 4715 orthodoxae
2931 4660 3203 4718 defensor
3217 4662 3533 4733 religionis,

1883 4763 2034 4802 verae
2062 4753 2470 4818 propugnator
2495 4747 2809 4813 doctrinae;
2838 4749 2941 4820 qui
2967 4749 3170 4806 saevire
3197 4750 3535 4806 volentibus

1885 4836 2154 4892 alacriter
2183 4851 2245 4890 se
2278 4835 2536 4900 tradidit,
2585 4840 2642 4892 et
2688 4837 2990 4906 regnantis
3038 4838 3406 4912 impietatem
3450 4839 3539 4896 fa-

1887 4924 2086 4980 cunda
2114 4923 2418 4992 redarguit
2446 4924 2777 4981 eruditione
2808 4942 2821 4991 ;
2853 4926 2960 4997 qui
2990 4942 3026 4982 a
3059 4928 3250 4998 prima
3285 4927 3539 4999 pueritia

1888 5016 1948 5070 in
1975 5015 2110 5079 vita,
2139 5029 2339 5085 opere,
2369 5030 2439 5070 ac
2468 5031 2743 5070 sermone
2776 5016 3066 5085 excultus,
3097 5032 3167 5072 ea
3196 5033 3330 5088 quae
3359 5017 3541 5087 vulgo

1889 5102 2164 5157 videntur
2230 5102 2459 5168 suavia,
2516 5103 2762 5158 omnino
2793 5104 3083 5175 despexit,
3115 5105 3542 5161 continentiam

1893 5189 2075 5246 coluit
2090 5190 2149 5244 in
2163 5190 2296 5260 conj
2308 5192 2462 5260 ugio,
2483 5197 2538 5247 et
2557 5190 2914 5262 temporales
2930 5191 3167 5247 divitias
3185 5191 3545 5264 dispartiens

122 5277 571 5367 pauperibus,
621 5288 933 5363 justitiam,
985 5291 1046 5343 ut
1075 5284 1158 5342 ait
1193 5284 1345 5340 inter
1373 5281 1698 5355 prophetas
1728 5278 2038 5336 Psalmista
2069 5279 2110 5345 ³,
2153 5284 2485 5336 manentem
2523 5279 2584 5335 in
2607 5277 2883 5335 saeculum
2924 5280 3126 5338 saeculi
3157 5280 3270 5338 sibi
3311 5280 3549 5338 thesau-

120 5381 427 5441 rizavit.

217 5569 238 5602 ¹
298 5562 484 5622 Psal.
513 5575 614 5633 ex,
645 5565 732 5620 10.

405 5663 656 5718 ΡΑτειοι.
690 5658 793 5715 Gn.
836 5654 994 5714 CXV.
