4110 6272
508 278 567 333 11
1860 269 2125 329 MENSIS

2240 267 2508 325 ARTIUS.
3796 260 3863 315 12

578 403 641 457 Il.
671 402 815 458 Cum
854 400 1031 470 igitur
1056 400 1347 456 memoria
1380 400 1525 472 justi
1558 400 1629 457 sit
1658 397 1975 456 recolenda
2014 410 2151 450 cum
2183 400 2201 447 Δ

2334 393 2403 447 Β’.
2449 394 2587 445 Ἐπεὶ
2634 394 2802 444 τοίνυν
2854 391 2879 446 ἡ
2923 391 3100 460 μνήμη
3159 393 3250 438 τοῦ
3279 382 3487 437 δικαίου
3530 404 3621 457 μετ
3671 384 3861 455 ’ἐγκω-

503 491 783 548 laudibus
803 494 847 559 ²,
880 506 954 547 ne
984 507 1131 546 meae
1156 506 1361 563 quaeso
1388 491 1688 564 imputetis
1708 485 2126 562 praecipitantia

2262 487 2407 554 μίων,
2465 487 2535 553 μή
2608 501 2707 553 μου
2761 478 3039 551 μέμψησθε
3096 485 3187 537 τῆς
3255 480 3580 549 προπετείας,
3638 476 3707 535 ὡς
3759 495 3862 548 προ

502 579 786 635 laudibus
802 578 1096 634 eﬂ‘erentis
1117 595 1275 643 eum,
1300 579 1472 650 cujus
1494 578 1752 635 necdum
1777 577 1960 633 vitam
1983 589 2125 630 enar

2263 578 2352 623 τοῦ
2385 569 2502 642 βίου
2549 568 2942 640 ἐγκωμιάζοντι.
2994 565 3121 617 Τότε
3159 567 3259 638 γὰρ
3315 560 3567 635 ἁρμόδιον
3620 567 3858 634 πέφυκεν·

504 667 658 724 ravi.
700 670 765 723 Et
809 683 951 723 vero
998 682 1328 737 congruum
1361 667 1553 724 fuerat
1592 684 1723 723 eam
1763 665 2117 738 praemittere

2265 658 2371 711 ἀλλ’
2420 655 2600 717 ἐπειδη
2658 677 2769 709 τισι
2814 663 2990 727 σοφοῖς
3042 660 3131 706 καὶ
3166 658 3444 727 μακαρίοις
3493 649 3717 724 ἀνδράσι
3760 672 3861 703 πο-

507 756 613 811 sed
640 755 931 828 quoniam
959 755 1327 828 sapientibus
1356 756 1698 828 sanctisque
1722 755 1863 810 viris
1893 752 1969 825 (l)
2002 766 2130 807 non-

2262 753 2475 815 νήσασι,
2525 752 2613 799 καὶ
2660 750 2754 803 την
2806 752 2897 796 τού
2947 747 3220 815 Μακαρίου
3262 741 3313 803 ἐξ
3365 741 3527 801 αὐτῆς
3578 745 3864 811 γεννήσεως

506 844 683 900 nullis
723 843 1127 900 adnitentibus
1166 844 1436 900 distincte
1481 844 1812 916 expositam
1858 841 2122 897 habemu

2267 836 2593 910 ἀναστροφήν
2647 854 2700 887 τε
2756 838 2845 886 καὶ
2890 830 3178 904 διαγωγὴν,
3230 835 3318 881 καὶ
3382 833 3475 887 τὴν
3534 832 3663 900 πρὸς
3728 831 3864 881 θεῖον

505 932 685 1003 hujus
699 931 861 988 beati
886 932 963 988 ab
985 933 1128 1004 ipsis
1156 948 1345 1004 usque
1367 932 1663 989 natalibus
1682 931 2128 988 conversionem

2268 925 2420 986 ζῆλον
2467 930 2693 991 κίνησιν,
2742 922 2798 975 ού
2849 927 2951 995 μὴν
2998 920 3124 972 ἀλλὰ
3162 923 3251 970 καὶ
3288 923 3375 975 την
3429 918 3478 969 ἐν
3534 926 3605 988 τῷ
3653 922 3867 990 μονήρει

505 1021 1093 1093 propensionemque
1122 1020 1199 1077 ad
1228 1022 1322 1077 Dei
1366 1021 1592 1077 cultum
1635 1038 1648 1077 :
1686 1022 1882 1092 ipsam
1913 1034 2128 1091 quoqul

2266 1014 2368 1087 βίῳ
2412 1015 2659 1079 ἄσκησιν,
2730 1016 2817 1064 καὶ
2873 1015 2966 1068 τὴν
3015 1010 3247 1083 καθαρὰν
3299 1007 3577 1076 πολιτείαν,
3634 1011 3724 1059 καὶ
3772 1011 3866 1064 τὴν

506 1110 638 1181 ejus
666 1111 726 1165 in
758 1111 1090 1166 monastica
1110 1110 1233 1167 vita
1257 1111 1737 1167 exercitationem
1761 1108 2129 1165 conversatio

2264 1106 2427 1178 ἄκραν
2458 1107 2787 1170 ταπείνωσιν,
2828 1105 2917 1152 καὶ
2953 1104 3045 1157 τὴν
3096 1106 3190 1159 τῆς
3241 1093 3548 1171 ὀρθοδοξίας
3585 1099 3864 1170 τράνωσιν,

506 1213 765 1270 nemque
796 1198 1205 1269 purissimam,
1238 1214 1473 1255 necnon
1512 1199 1909 1254 deﬁcientiam
1942 1198 2129 1268 imper

2264 1198 2347 1245 καὶ
2394 1197 2485 1251 τὴν
2522 1196 2649 1265 πρὸς
2702 1194 2766 1243 τὰ
2815 1187 2959 1243 δεινὰ
3008 1192 3302 1261 καρτερίαν,
3356 1182 3620 1257 ἁριδήλως
3674 1181 3867 1256 διηγη-

504 1284 856 1351 factionum,
890 1290 944 1341 et
973 1292 1146 1342 rectae
1186 1286 1324 1342 ﬁdei
1364 1287 1820 1343 ostentationem
1861 1291 2042 1357 atque
2094 1285 2127 1339 ll

2268 1287 2526 1353 σαμένοις,
2589 1281 2672 1332 ἐπὶ
2727 1287 2917 1353 χρυσῷ
2968 1282 3053 1329 καὶ
3108 1279 3458 1349 μαργαρίταις
3512 1279 3600 1326 καὶ
3670 1278 3868 1345 τιμίοις

506 1375 791 1430 molestiis
814 1374 1177 1446 perferendis
1203 1377 1620 1442 constantiam,
1641 1376 1862 1447 quibus
1886 1376 2006 1428 vita
2027 1374 2122 1441 eju

2262 1372 2445 1431 λίθοις·
2524 1372 2827 1443 προσθεῖναι
2912 1370 3116 1427 τούτοις
3184 1364 3289 1436 οὐχ
3363 1365 3667 1435 ἡγησάμην,
3741 1362 3870 1413 ἀλλὰ

505 1462 700 1532 magis
729 1478 913 1535 quam
947 1479 1115 1530 auro,
1159 1465 1514 1533 margaritis,
1548 1464 1851 1535 lapidibus
1882 1460 2121 1533 pretiosi

2269 1455 2542 1531 σποράδην
2613 1458 2666 1508 ἐκ
2740 1464 2838 1507 τῶν
2925 1458 3091 1506 αύτῶν
3169 1449 3515 1524 διηγημάτων
3599 1450 3864 1513 συλλέξας,

505 1556 770 1616 ornatur,
806 1552 1083 1624 equidem
1118 1558 1180 1608 ut
1208 1553 1278 1608 iis
1318 1553 1601 1609 adderem
1634 1551 1878 1624 aliquid,
1914 1549 2128 1605 minimi

2268 1548 2438 1619 ὥσπερ
2491 1566 2569 1607 τις
2618 1544 2904 1614 λιθολόγος,
2966 1542 3036 1603 εἰς
3088 1546 3209 1613 μίαν
3255 1545 3581 1599 κατασκευὴν
3623 1542 3870 1613 ἀθροῖσαι

506 1640 725 1698 adduci
766 1639 933 1712 potui
965 1656 977 1691 :
1012 1640 1115 1696 sed
1155 1658 1290 1713 quae
1321 1642 1593 1712 dispersa
1637 1641 1890 1705 fuerant,
1929 1654 1999 1693 ex
2046 1637 2122 1692 illi

2266 1637 2660 1710 προεθυμήθηυ.
2713 1633 2771 1685 Ὀ
2822 1634 2922 1706 γὰρ
2973 1628 3250 1692 ἀδυνάτοις
3303 1629 3600 1702 ἐπιχειρῶν,
3660 1629 3865 1681 τούνανα

503 1729 650 1801 ipsis
694 1728 1135 1785 narrationibus
1164 1729 1223 1785 in
1270 1746 1479 1796 unam,
1535 1735 1596 1786 ut
1633 1728 1903 1801 lapidarii
1945 1726 2126 1783 solent

2265 1730 2370 1777 τίον
2420 1726 2732 1795 ἁσχημονὴν
2782 1720 3009 1773 ἀνθέλκει
3057 1724 3141 1771 τὸν
3200 1724 3409 1791 τρόπον.
3472 1724 3709 1790 Συντόμῳ
3743 1726 3866 1788 γοῦν

505 1833 861 1889 compagem
911 1817 1245 1887 colligenda
1301 1819 1552 1890 putavi:
1596 1818 1786 1874 sciens
1841 1816 2005 1887 quod
2054 1831 2128 1887 qu

2266 1822 2328 1886 τῇ
2391 1810 2639 1883 διηγήσει
2685 1812 3039 1883 χρησάμενος,
3092 1806 3332 1883 ἀμυδράν
3381 1828 3496 1860 τινα
3546 1816 3645 1860 τῶν
3704 1807 3864 1859 αὐτοῦ

503 1904 900 1977 impossibilia
917 1906 1190 1962 facienda
1204 1908 1471 1978 suscipit,
1486 1923 1728 1963 omnem
1746 1904 1962 1975 agendi
1981 1906 2126 1959 ratio

1718 1904 1962 1975 tagendi
1981 1906 2157 1959 ratio-
2268 1902 2683 1975 κατορθωμάτων
2705 1900 2963 1970 ὑπόληψιν
3004 1898 3236 1956 καταυλή
3247 1918 3341 1951 σω.

504 2010 643 2050 nem
694 1992 972 2050 indecore
998 2000 1305 2066 pervertat.
1356 1996 1797 2068 Compendiosa
1826 1995 2003 2065 igitur
2027 1993 2363 2049 narratione
2392 2008 2535 2046 usus
2561 1989 2769 2045 rudem
2812 1990 3101 2045 duntaxat
3130 1987 3465 2060 quamdam
3496 1991 3653 2042 recte
3684 1986 3871 2042 facto-

511 2099 650 2140 rum
681 2082 809 2153 ejus
834 2084 1312 2155 complexionem
1344 2085 1722 2142 concinnavi.

2021 2181 2242 2237 CAPUT
2266 2180 2309 2235 Ι.

1603 2289 1871 2357 Natales,
1897 2290 2257 2359 conjugium,
2288 2286 2493 2343 vitain
2524 2286 2763 2342 saeculo.

576 2411 670 2467 IIl.
713 2412 924 2467 Beatus
973 2412 1100 2479 iste,
1154 2416 1350 2470 Patres
1396 2414 1741 2486 Fratresque
1799 2413 2151 2477 charissimi,

2340 2409 2408 2461 Γ.
2464 2408 2523 2460 Ὀ
2580 2409 2835 2480 μακάριος
2888 2406 3055 2473 οὗτος,
3114 2400 3348 2475 Ἀδελφοὶ
3401 2407 3489 2455 καὶ
3544 2407 3783 2477 Πατέρες,
3840 2402 3865 2454 ό

505 2500 583 2557 ab
603 2499 948 2555 Christianae
976 2500 1277 2571 religionis
1308 2502 1615 2571 signaculo
1640 2518 1860 2558 nomen
1882 2503 2128 2571 adeptus

2267 2506 2355 2559 τῆς
2404 2504 2777 2569 Χριστιανικῆς
2832 2490 3125 2569 σφραγίδος
3181 2491 3461 2563 ἐπώνυμος,
3514 2493 3723 2564 εὐγενῶν
3782 2512 3866 2564 φο-

502 2588 794 2644 nobilium
825 2593 882 2645 et
909 2588 1296 2659 dignitatibus
1328 2592 1786 2661 conspicuorum
1816 2596 2125 2663 parentum

2266 2592 2385 2639 νέων
2479 2591 2566 2637 καὶ
2633 2594 2729 2637 τῶν
2800 2583 2849 2636 ἐν
2939 2583 3202 2653 ἀξιώμασι
3269 2581 3613 2655 περιϐλέπτων
3694 2586 3865 2653 γέγονε

504 2675 660 2732 filius
690 2675 816 2741 fuit,
844 2677 1068 2749 quique
1100 2680 1467 2734 Constantini
1495 2678 1859 2751 Copronymi
1891 2685 2127 2750 tempori

2265 2680 2457 2745 τέκνον,
2524 2674 2571 2725 ἐν
2640 2676 2850 2746 ἡμέραις
2910 2676 3298 2725 Κωνσταντίνου
3352 2678 3443 2723 τοῦ
3490 2672 3858 2742 Κοπρωνύμου,

504 2765 689 2821 vitam
719 2780 791 2821 ex
821 2770 994 2821 rectae
1025 2766 1165 2821 ﬁdei
1196 2767 1436 2837 regulis,
1472 2768 1700 2824 occulte
1734 2774 1951 2834 tamen,
1995 2766 2127 2822 insti

2266 2774 2325 2837 τῇ
2409 2766 2711 2837 ύποκρυφίῳ
2801 2758 2928 2833 δόξῃ
3019 2758 3313 2835 ὁρθοδόξως
3399 2759 3860 2831 πολιτευσαμένων.

505 2852 770 2910 tuebant.
805 2856 868 2910 Et
908 2869 1047 2909 vero
1078 2871 1146 2910 ex
1179 2855 1281 2912 tali
1312 2872 1433 2912 suae
1484 2856 1807 2913 nativitatis
1865 2856 2128 2928 principii

2263 2851 2409 2909 Ἒδει
2454 2856 2574 2926 γὰρ,
2619 2849 2726 2904 ἓδει
2770 2850 2821 2913 ἐξ
2866 2850 3061 2911 αύτῶνς
3110 2853 3195 2901 τόν
3249 2857 3343 2911 τῆς
3388 2853 3697 2920 Θεοφανείας
3727 2846 3862 2900 ἐπῶ-

508 2940 768 2998 debebat
794 2941 1085 3013 refulgere
1115 2944 1243 3000 haec
1282 2944 1470 3011 stella,
1507 2961 1642 3017 quae
1682 2962 1717 3000 a
1746 2949 1863 3002 Deo
1892 2946 1951 3001 in
1979 2961 2131 3000 carni

2265 2963 2422 3016 νυμον
2465 2949 2774 3014 γεννητικῶς
2822 2938 3146 3009 ἀποστίλψαι
3202 2947 3474 3013 φωστῆρα³
3533 2937 3590 2989 ού
3646 2941 3747 3011 γὰρ
3802 2935 3860 2987 ἆν

506 3030 866 3086 manifestati
917 3032 1181 3104 mysterii
1230 3049 1563 3103 congruum
1610 3034 1887 3091 habitura
1933 3050 2129 3090 uomet

2265 3038 2388 3105 ἡμῖν
2457 3034 2481 3082 ό
2531 3033 2754 3103 καθαρὸς
2811 3029 2963 3089 οὗτος
3025 3032 3347 3101 μαργαρίτης
3410 3026 3756 3099 προύτέθειτο,
3820 3025 3862 3077 εἰ

508 3123 635 3174 erat
662 3135 675 3174 :
706 3133 900 3191 neque
927 3120 1087 3176 enim
1116 3122 1441 3192 purissima
1469 3123 1595 3179 haec
1625 3125 1948 3194 margarita
1973 3123 2131 3179 hOdit

2264 3121 2311 3174 ἐν
2369 3124 2588 3193 ἡμέραις
2642 3122 2859 3177 σκότους
2918 3113 3175 3187 διαφανῶς
3234 3117 3282 3167 οἰ
3335 3118 3518 3167 τούτου
3566 3120 3862 3189 γεννήτορες

506 3213 932 3279 proponeretur
944 3209 1135 3279 nobis,
1152 3211 1196 3265 si
1211 3210 1269 3266 in
1282 3211 1380 3267 illa
1401 3228 1802 3283 perversarum
1816 3213 2129 3284 opinionum

2264 3216 2357 3268 τὴν
2399 3206 2658 3260 εὐσέϐειαν
2708 3204 3055 3279 ἀπέστρεψαν.
3112 3208 3393 3275 Μονογενὴς
3444 3211 3718 3277 τοιγαροῦν
3768 3203 3859 3255 αύ-

507 3294 758 3365 caligine
788 3298 1086 3367 genitores
1118 3300 1247 3369 ejus
1272 3300 1583 3373 propalam
1597 3302 1880 3372 pietatem
1906 3300 2130 3355 fuissen

2264 3305 2371 3359 τοῖς
2428 3298 2680 3366 ὑπάρχων
2740 3296 2764 3345 ό
2833 3296 3106 3366 μακάριος,
3177 3290 3539 3346 ἐκπαιδεύεται
3622 3295 3860 3351 νηπιόθεν

507 3386 781 3441 aversati.
802 3388 948 3443 Cum
961 3393 1163 3443 autem
1177 3389 1246 3443 iis
1261 3390 1598 3459 unigenitus
1626 3394 1794 3453 esset,
1813 3404 2046 3459 apuero
2071 3388 2130 3443 di

2264 3388 2331 3439 τὰ
2408 3388 2517 3458 ἱερὰ
2598 3385 2902 3455 Γράμματα,
2968 3387 3173 3458 Γραφην
3240 3402 3293 3435 τε
3349 3389 3522 3435 πᾶσαν
3580 3383 3652 3445 εἰς
3706 3381 3860 3457 ἄκρον

504 3471 679 3528 vinas
699 3473 944 3530 edoctus
968 3474 1212 3533 Litteras
1230 3481 1407 3548 atque
1425 3477 1501 3533 ad
1522 3479 1695 3533 totius
1721 3478 2034 3549 Scripturae
2051 3477 2127 3531 ini

2265 3476 2499 3546 μυηθείς,
2561 3470 2683 3525 οὐδὲ
2752 3480 2842 3532 τῆς
2891 3471 2985 3533 ἔξω
3054 3476 3235 3543 σοφίας
3314 3472 3590 3547 ἡμοίρησε.
3656 3474 3861 3532 Ταύτης

505 3561 683 3617 tiatus
704 3563 1124 3631 cognitionem,
1167 3581 1240 3619 ne
1286 3565 1538 3636 profana
1582 3567 1827 3639 quidem
1866 3565 2128 3637 sapienti:

2263 3572 2385 3634 γοῦν
2432 3566 2489 3614 τὸ
2537 3561 2809 3613 κάλλιστον
2859 3559 3206 3632 ἐπιλεξάμενος
3258 3559 3304 3612 ἐν
3351 3569 3419 3631 νῷ
3467 3563 3857 3632 τεθησαύρικεν,

507 3648 921 3705 deﬁciebatur:
940 3649 1043 3704 sed
1058 3651 1351 3723 quidquid
1366 3654 1428 3707 in
1441 3670 1510 3709 ea
1525 3660 1675 3709 esset
1688 3656 2130 3725 pulcherrimum

2265 3654 2384 3705 ὅσον
2439 3649 2495 3704 δὲ
2550 3654 2608 3703 τὸ
2649 3646 2889 3721 μυθῶδες
2931 3652 3133 3722 μακρὰν
3181 3654 3387 3722 χαίρειν
3447 3650 3598 3702 εἰπὼν
3648 3648 3858 3721 παρελο-

508 3736 817 3807 colligens,
843 3737 903 3791 id
928 3736 1081 3793 intra
1104 3739 1319 3794 mentis
1342 3757 1463 3796 suae
1509 3741 1856 3797 thesaurum
1879 3743 2110 3799 abdidit

2262 3747 2449 3813 γίσατο
2506 3745 2819 3815 πρεπόντως.
2886 3743 3017 3790 Νέου
3080 3735 3137 3791 δὲ
3192 3734 3387 3810 κομιδῇ
3440 3746 3532 3790 τοῦ
3584 3739 3856 3813 Μακαρίου

508 3824 672 3897 quod
685 3840 821 3881 vero
839 3824 1181 3882 fabulosum
1197 3832 1342 3893 erat,
1357 3827 1533 3899 longe
1548 3829 1691 3885 illud
1715 3830 1905 3886 valere
1913 3831 1933 3901 j
1946 3831 2130 3887 ubens

2264 3828 2614 3901 ὑπάρχοντος,
2681 3832 2769 3879 καὶ
2849 3830 2990 3879 οὔπω
3045 3834 3136 3888 τῆς
3198 3826 3388 3887 ἡϐικῆς
3445 3826 3647 3887 ἡλικίας
3699 3826 3857 3879 ἐπιλε-

508 3917 687 3985 prout
710 3915 1123 3985 conveniebat,
1153 3915 1438 3989 despexit.
1469 3920 1549 3974 Eo
1581 3919 1910 3975 admodum
1935 3920 2131 3991 juveni

2262 3917 2542 3989 λημμένου,
2589 3919 2637 3969 οἱ
2676 3916 2834 3968 αὐτοῦ
2884 3919 3050 3985 γονείς
3100 3917 3230 3987 πρὸς
3273 3917 3457 3985 Κύριον
3504 3913 3851 3986 ἐξεδήμησαν,

509 4001 707 4058 adhuc
720 4003 1029 4059 etnecdum
1044 4004 1363 4075 pubertatis
1376 4022 1567 4063 annos
1589 4008 1870 4077 ingresso,
1890 4014 2132 4080 parente:

2263 4009 2351 4056 καὶ
2408 4009 2543 4076 μένει
2589 4005 2764 4077 λοιμόν
2838 4008 2988 4075 μόνος
3046 4002 3092 4054 ἐν
3151 4001 3517 4074 ὑπερϐάλλοντι
3572 4004 3771 4074 πλούτῳ
3832 4004 3854 4055 ό

512 4090 640 4162 ejus
653 4090 791 4147 hinc
804 4091 881 4147 ad
900 4093 1198 4149 Dominum
1213 4095 1598 4165 emigrarunt,
1618 4101 1673 4152 et
1696 4097 1857 4153 solus
1871 4098 1996 4169 ipse
2008 4100 2135 4154 inte:

2263 4093 2423 4164 ἅγιος
2497 4095 2643 4164 τάχα
2719 4101 2809 4155 τῆς
2878 4097 3127 4166 Προνοίας
3190 4092 3350 4153 οὕτως
3416 4092 3851 4164 οἰκονομησάσης,

512 4181 785 4251 copiosas
810 4182 1095 4238 remansit
1121 4184 1352 4241 divitias
1376 4204 1393 4256 ;
1424 4202 1682 4257 superna
1708 4186 1955 4244 forsitan
1984 4188 2045 4243 id
2075 4190 2135 4243 itz

2265 4184 2347 4234 ἶνα
2398 4187 2468 4254 μὴ
2526 4184 2551 4233 ό
2608 4191 2705 4233 τῶν
2765 4186 2950 4253 γονέων
3012 4182 3185 4247 πόθος,
3236 4186 3554 4256 πρόσκομμα
3604 4190 3700 4243 τῆς
3740 4185 3862 4255 πρὸς

509 4266 862 4340 disponente
892 4272 1281 4337 Providentia,
1322 4290 1396 4330 ne
1432 4291 1640 4332 eorum
1680 4292 1848 4333 amor
1886 4277 2035 4334 obex
2100 4293 2130 4333 e

1539 4293 1640 4332 um
1680 4292 1848 4333 amor
1886 4277 2035 4334 obex
2100 4277 2153 4333 ei
2265 4274 2392 4325 Θεὸν
2424 4270 2580 4323 αὐτοῦ
2612 4269 2791 4344 τρίϐου
2820 4274 3160 4341 γεννήσηται.

507 4356 673 4413 ﬁeret
692 4362 850 4415 recta
875 4359 954 4415 ad
985 4363 1171 4417 Deum
1201 4362 1303 4418 Via
1332 4368 1692 4434 perrecturo.

582 4445 669 4500 lV.
712 4448 1032 4518 Postquam
1063 4465 1203 4505 vero
1253 4451 1574 4523 sacrilegus
1607 4454 2033 4511 Constantinus
2078 4456 2154 4524 (2)
2188 4504 2205 4524 τ

2337 4449 2404 4503 Δ’.
2455 4452 2841 4502 Κωνσταντίνου
2892 4444 2949 4500 δὲ
2998 4454 3089 4501 τοῦ
3157 4444 3445 4507 δυσσεϐοῦς
3497 4447 3734 4523 αἰσχρῶς
3783 4467 3860 4500 τε-

507 4536 742 4605 turpem
780 4534 1027 4606 turpiter
1064 4536 1285 4594 efﬂavit
1323 4540 1615 4606 animum,
1671 4543 1990 4615 imperium
2042 4546 2130 4599 ιθ(

2261 4537 2624 4605 λευτήσαντος,
2682 4533 2995 4609 διαδέχεται
3043 4541 3135 4594 τὴν
3187 4535 3461 4608 βασιλείαν
3524 4541 3684 4591 Λέων.
3740 4539 3764 4588 ό
3806 4540 3859 4589 'ex

508 4621 788 4694 suscepit,
827 4628 1097 4680 materno
1127 4627 1483 4697 cognomine
1516 4631 1800 4687 Chazares
1834 4632 1908 4704 (3)
1951 4632 2129 4704 appel

2262 4636 2523 4702 μητρικῆς
2595 4626 2889 4698 ἐπωνυμίας
2954 4629 3207 4701 Χαζάρης
3274 4625 3589 4687 ἐπικληθείς.
3664 4627 3743 4680 Ἐν
3800 4624 3858 4679 δὲ

505 4708 660 4767 latus
693 4729 706 4770 :
735 4727 857 4784 quo
883 4718 1167 4784 regnante
1199 4716 1483 4787 patricius
1522 4720 1772 4791 quidam
1794 4721 1907 4794 ipsi
1935 4737 2127 4792 cogno

2260 4724 2366 4778 τοῖς
2416 4720 2630 4788 χρόνοις
2677 4724 2772 4776 τῆς
2828 4714 2987 4767 αὐτοῦ
3038 4714 3305 4787 βασιλείας
3357 4711 3417 4788 ᾖν
3465 4733 3542 4776 τις
3588 4719 3861 4789 πατρίκιος

574 4844 597 4878 ³
622 4845 799 4899 Prov.
821 4849 948 4911 x,7.

574 5020 655 5162 £1)
684 5019 840 5077 Inter
866 5021 1013 5078 alios
1044 5024 1079 5078 S
1110 5023 1437 5081 Methodius
1468 5028 1825 5098 patriarcha.
2254 5023 2315 5080 in
2367 5023 2600 5094 navigio
2646 5028 2888 5081 mortem
2931 5023 3097 5091 obiit,
3139 5024 3455 5080 vociferans
3503 5040 3573 5080 ac
3602 5023 3796 5079 dicens
3829 5068 3840 5079 .

599 5091 654 5161 2)
683 5112 711 5141 ‹‹
758 5096 927 5149 Anno
975 5099 1077 5149 775
1126 5102 1330 5151 contra
1368 5098 1648 5162 Bulgarog
1687 5118 1981 5162 egressus_
2023 5123 2147 5162 cor-
2254 5097 2433 5152 Etiam
2450 5098 2652 5151 vivens
2678 5096 2796 5161 igni
2820 5113 3100 5162 nunquam
3123 5096 3541 5162 exstinguendo
3579 5096 3840 5152 addictus

599 5091 654 5173 2)
683 5112 711 5141 ‹‹
758 5096 946 5173 A_nno_
975 5099 1077 5149 775
1126 5091 1648 5173 contra_Bulgaros
1687 5118 1981 5173 egressus,
2023 5123 2147 5163 cor-
2254 5097 2433 5152 Etiam
2450 5091 2796 5173 vivensigni
2820 5113 3100 5173 nunquam
3123 5096 3541 5166 exstinguendo
3579 5096 3850 5152 addictus

500 5168 704 5244 reptus
721 5168 808 5218 est
829 5164 1179 5244 antbracu-m
1206 5168 1437 5244 morbo,
1458 5164 1516 5225 in
1538 5188 1711 5229 crura
1724 5164 2144 5234 vsibidivinitus
2255 5185 2409 5244 sum:
2440 5188 2480 5244 ἒξ
2500 5168 2633 5222 Ηίθο
2665 5164 3091 5244 Theophailes-

499 5235 773 5317 immisso
794 5240 849 5317 et
870 5235 1015 5315 febri
1040 5237 1293 5317 subinde
1311 5241 2122 5317 vehementissima,etardort

2258 5314 2265 5317 _
2326 5240 2399 5309 (ὅ)
2434 5242 2559 5317 ljon
2593 5235 2858 5309 proprio,
2884 5239 2988 5317 sed
3015 5237 3203 5317 gentis
3226 5236 3469 5317 nomine
3501 5237 3705 5317 Leonis
3730 5254 3852 5317 ma-

502 5304 745 5382 medicis
790 5305 1146 5382 ob_incen_d_ii
1176 5311 1293 5365 vim
1328 5312 1531 5382 ignoto
1560 5304 1853 5382 aﬂlictus,’
1882 5304 2145 5376 subdito:
2252 5304 2399 5382 tlte'ui
2428 5304 2749 5365 Chazérath
2778 5304 3054 5365 vocatam?)
3088 5309 3361 5382 existimo
3396 5308 3549 5382 :_fuit
3573 5308 3754 5382 enim,
3789 5316 3849 5382 ut

500 5391 633 5462 rum
658 5374 920 5462 humeris
947 5378 1240 5462 grabbato
1266 5374 1496 5462 delatus
1521 5374 1981 5462 Αιιφᾶαίορὸιίω,
2004 5374 2143 5448 inde
2250 5381 2771 5462 'l‘beOphanes‘ait,
2832 5403 2879 5462 «Ι
2903 5380 3171 5462 Qbagani
3209 5379 3499 5462 Chaga‘riag
3552 5379 3837 5452 principis

503 5446 896 5528 Selymbriam
926 5450 1242 5528 profectus
1277 5455 1342 5508 14
1372 5456 1751 5528 Septembris,
1780 5446 1980 5518 ’Βανά
2005 5446 2143 5519 con;
2250 5446 2454 5517 ﬁlia,'»
2480 5446 2810 5508 Christiano
2844 5453 2982 5508 dein
3012 5446 3253 5509 nomine
3290 5452 3447 5508 dicta
3476 5446 3663 5509 Iréne.

500 5518 711 5576 scensa
724 5518 801 5575 ad
816 5518 1123 5576 castellum
1142 5518 1516 5597 Strongyltim
1534 5518 1830 5603 devectus,
1848 5518 2140 5591 infelicem
