4110 6272
244 359 305 416 l3
1513 367 1687 426 VlTA
1726 366 1764 422 S
1780 410 1792 423 .
1840 363 2312 425 THEOPHANIS.
3524 376 3592 430 14

242 488 496 560 ὀμωνυμος
553 487 711 558 αὐτῷ,
771 489 904 542 πάνυ
965 487 1232 566 βάρϐαρος
1283 499 1372 547 καὶ
1424 492 1694 567 θηριώδης
1746 495 1831 545 τὸν

1963 492 2115 548 ninis
2134 493 2259 563 fuit,
2287 493 2584 551 barbarus
2602 494 2846 552 omnino
2865 498 3042 570 atque
3068 496 3262 553 efferis
3302 499 3586 571 moribus,

241 581 432 651 τρόπον⁹
482 581 571 629 καὶ
617 584 708 629 τοῦ
757 585 852 638 τῆς
905 580 1149 652 αἱρέσεως
1196 588 1426 654 σμήνους
1480 587 1726 658 σύμφρων
1778 603 1832 637 τε

1963 583 2315 658 iaereticique
2341 585 2603 655 agminis
2624 584 2972 642 inﬁdelitate
2996 587 3219 653 socius,
3244 589 3590 646 auctoritate

241 670 317 718 καὶ
374 664 699 739 ἀντιληπτωρ
753 686 765 699 ·
829 667 879 728 ὃς
941 665 1034 721 διὰ
1087 676 1179 730 τὴν
1218 675 1462 731 τοιαύτην
1522 669 1831 726 δυσσέϐειαν

1963 672 2214 729 lefensor
2257 690 2434 746 :quas
2473 691 2610 730 eum
2651 674 2926 745 impietas
2965 676 3046 731 ita
3075 675 3419 748 imperatori
3453 693 3592 734 con-

241 754 582 826 όμοτράπεζος
647 762 720 825 τῷ
799 753 1009 828 βασιλεῖ
1075 761 1401 819 καθεκάστην
1469 763 1679 836 ὑπῆρχε
1742 767 1832 814 καὶ

1963 762 2174 830 :iliavit,
2217 767 2278 818 ut
2307 765 2700 820 etconvivam
2737 763 3153 836 quotidianum
3186 766 3261 821 ad
3294 781 3588 831 mensam,

243 841 376 914 φίλος
403 839 716 916 περιδέξιος.
778 850 878 898 Καὶ
939 845 1005 905 δὴ
1056 851 1234 919 μαθὼν
1273 852 1338 902 τὰ
1367 856 1483 924 περὶ
1514 860 1603 912 τῆς
1649 851 1831 913 οὐσίας

1963 855 1996 906 ιι
2024 853 2283 908 amicum
2312 853 2370 908 in
2401 853 2685 908 omnibus
2726 852 3283 923 conjunctissimum
3322 853 3589 910 haberet.

241 937 321 983 τοῦ
374 937 656 1006 μακαρίου,
734 933 963 987 κελεύσει
1020 934 1272 1011 βασιλικῇ
1345 949 1574 1013 συνεργῷ
1623 942 1832 1014 χρησά-

1963 941 2065 1007 iic,
2092 941 2194 997 ubi
2220 946 2446 1012 quanta
2477 946 2629 997 esset
2657 941 2815 997 beati
2838 941 3078 1012 juvenis
3116 942 3414 1015 opulentia
3444 942 3594 999 didi-

244 1038 401 1091 μενος,
461 1020 698 1092 ζευγνύει
748 1031 820 1094 τῷ
868 1028 1114 1096 Θεοφάνει
1183 1032 1276 1086 τὴν
1335 1029 1494 1081 αὑτοῦ
1551 1031 1829 1104 θυγατέρα·

1963 1031 2039 1097 :it,
2097 1029 2278 1086 ﬁliam
2331 1046 2502 1086 suam
2554 1029 2856 1102 Teophani
2913 1029 3124 1101 junxit,
3195 1030 3594 1102 imperatorias

244 1109 354 1179 ὅπερ
386 1106 483 1180 βίᾳ
508 1115 598 1162 καὶ
645 1111 789 1182 μόλις
827 1115 974 1184 τάχα
1018 1134 1078 1186 γε
1117 1112 1211 1167 διὰ
1252 1120 1337 1168 τόν
1393 1126 1480 1170 τοῦ
1509 1127 1832 1192 κρατοῦντος,

1969 1119 2224 1175 ussionis
2251 1122 2468 1174 terrore
2491 1134 2636 1173 usus
2657 1119 2735 1174 ad
2757 1133 2861 1173 eas
2883 1118 3125 1189 nuptias
3160 1118 3593 1185 conciliandas,

244 1195 386 1268 φόϐον
452 1198 680 1262 εἴξαντος
737 1208 828 1252 τοῦ
895 1205 1202 1275 Θεοφάνους,
1250 1204 1496 1281 ἐξήρτυτο
1550 1212 1614 1260 τὰ
1661 1208 1835 1267 ἐπιτή-

1963 1208 2158 1280 μιὼιιε
2195 1221 2301 1277 pro
2331 1205 2636 1278 utriusque
2657 1206 2944 1277 dignitate
2965 1207 3288 1263 instructus
3306 1213 3393 1263 est
3408 1208 3598 1264 thala-

244 1281 352 1338 δεια
389 1293 462 1356 τῷ
500 1296 706 1360 γαμικῷ
747 1290 978 1362 θαλάμῳ.
1019 1299 1128 1344 Τῶν
1186 1289 1273 1345 οὖν
1321 1295 1504 1347 αἰσίων
1575 1299 1835 1350 τελεσθέν-

1963 1314 2081 1352 nus
2112 1295 2377 1364 genialis,
2402 1294 2761 1365 Theophane
2787 1311 2943 1362 aegre
2965 1295 3212 1366 quidem
3245 1300 3424 1369 atque
3447 1296 3598 1352 relu-

241 1393 350 1443 των,
427 1375 652 1450 ἑσπέρας
724 1378 1142 1447 καταλαϐούσης,
1221 1387 1406 1453 μόνους
1498 1383 1546 1434 ἐν
1621 1385 1836 1456 οἰκίσκῳ

1963 1389 2190 1449 :tanter,
2225 1399 2296 1439 ex
2328 1388 2488 1439 metu
2520 1388 2720 1439 tamen
2754 1385 3114 1455 potentioris,
3171 1401 3242 1440 ea
3281 1389 3343 1441 ut
3392 1384 3596 1441 ﬁerent

243 1471 430 1537 τερπνῷ
472 1469 558 1516 τόν
600 1484 654 1517 τε
701 1465 882 1525 εὐσεϐῆ
943 1473 1141 1520 νεανίαν
1198 1475 1287 1521 καὶ
1330 1475 1424 1529 τὴν
1472 1472 1652 1524 εὐκλεᾶ
1679 1478 1837 1546 κόρην

1963 1474 2336 1528 aermittente.
2371 1475 2520 1542 Ergo
2551 1471 2898 1543 nuptiarum
2929 1472 3228 1528 solemniis
3257 1474 3362 1530 rite
3397 1473 3596 1544 auspi-

243 1552 556 1624 εἰσάγουσιν,
589 1555 658 1616 ὡς
710 1553 770 1605 ἃν
824 1555 1001 1616 αὐτοῖς
1048 1553 1353 1618 ἐπιτηδείως
1395 1561 1512 1631 ἔχοι
1554 1565 1679 1634 πρός
1708 1559 1838 1621 ἡδο-

1963 1566 2201 1634 :atoque
2227 1561 2558 1625 celebratis,
2588 1577 2727 1616 cum
2761 1577 2966 1632 vesper
2995 1561 3378 1628 incubuisset,
3433 1563 3597 1636 pien-

241 1650 326 1702 νῆς
380 1645 586 1716 τρόπον,
653 1650 811 1714 Σιγῆς
858 1640 918 1697 δὲ
971 1650 1260 1717 γενομένης,
1317 1653 1405 1700 καὶ
1457 1651 1658 1702 πάντων
1715 1650 1838 1724 ἀφυ-

1963 1651 2244 1708 :issimum
2270 1651 2550 1721 juvenem
2577 1655 2757 1722 atque
2801 1649 3267 1708 illustrissimam
3306 1651 3599 1722 virginem

241 1731 567 1796 πνωσάντων,
624 1736 803 1792 νυκτός
857 1752 912 1784 τε
979 1732 1196 1806 βαθείας
1247 1732 1622 1809 διαχυθείσης,
1683 1761 1838 1816 στρα-

1963 1742 2102 1797 ιοΙοε
2141 1739 2434 1794 inducunt
2473 1739 2530 1793 in
2559 1737 2862 1804 conclave,
2923 1738 3002 1794 ad
3030 1738 3273 1795 delicias
3325 1739 3597 1811 volupta-

243 1823 344 1891 φεὶς
374 1821 399 1870 ὁ
431 1822 702 1893 μακάριος,
736 1825 867 1893 φησί
895 1830 967 1893 τῷ
999 1829 1227 1897 κορασίῳ
1257 1823 1386 1878 τάδε
1425 1847 1438 1860 ο

1963 1845 2187 1902 .emque
2218 1843 2287 1883 eo
2313 1843 2434 1899 quo
2465 1826 2732 1892 decebat,
2763 1831 3053 1898 apparatu
3089 1827 3466 1884 instructum.
3492 1826 3601 1882 Ubi

241 1907 382 1963 dum
413 1923 623 1964 omnes
654 1925 834 1982 sopor
849 1910 1004 1966 altus
1029 1917 1086 1967 et
1106 1928 1224 1968 nox
1251 1913 1549 1986 profunda
1573 1917 1686 1975 late
1717 1921 1938 1981 diffusa
1966 1923 2252 1990 tenet,per
2281 1916 2381 1972 illa
2409 1915 2668 1971 consiliis
2698 1915 2823 1970 suis
2870 1920 3209 1987 opportuna
3246 1916 3483 1972 silentia
3523 1915 3602 1972 ad

245 1995 498 2068 puellam
525 2012 852 2055 conversus
880 1999 1251 2062 adolescens.
1284 2019 1418 2059 eam
1447 2010 1535 2061 est
1557 2006 1616 2062 in
1639 2008 1799 2066 hunc
1818 2012 2067 2070 modum
2099 2007 2392 2063 allocutus
2421 2021 2435 2060 :

308 2084 379 2140 E',
436 2085 496 2138 '0
545 2089 636 2158 μὲν
701 2092 876 2163 παρὼν
956 2086 1093 2160 βίος,
1155 2086 1398 2162 ὦγύναι,
1485 2092 1714 2168 βραχὺς,
1770 2103 1838 2163 ὡς

2017 2101 2084 2155 V.
2131 2096 2398 2150 Priesens
2457 2092 2701 2163 quidem
2747 2093 2889 2163 vita,
2948 2092 3169 2163 conjux
3225 2092 3599 2163 charissima,

245 2179 399 2226 πᾶσιν
451 2171 688 2240 εὔδηλον,
751 2181 842 2229 καὶ
896 2174 1092 2250 ἀδηλίᾳ
1136 2187 1227 2230 τοῦ
1253 2180 1518 2252 μέλλοντος
1569 2185 1714 2238 πλέον
1754 2208 1841 2241 κε-

1963 2187 2144 2244 orcvis
2161 2189 2264 2253 est,
2301 2185 2365 2237 ut
2405 2183 2617 2236 notum
2664 2179 2969 2245 omnibus,
3001 2185 3057 2236 et
3087 2195 3307 2250 magna
3352 2180 3604 2253 plerum-

243 2267 579 2336 κρατημένος,
619 2270 709 2317 καὶ
747 2271 918 2338 κρίσις
972 2263 1262 2330 ἀδέκαστος
1309 2273 1424 2330 τοὺς
1481 2269 1528 2322 ἐν
1588 2272 1723 2344 τῷδε
1769 2285 1841 2348 τῷ

1963 2291 2066 2349 que
2111 2271 2292 2329 futuri
2340 2268 2751 2325 incertitudine
2781 2272 3032 2335 tenetur;
3071 2268 3368 2339 judicium
3402 2273 3604 2326 autem

246 2351 345 2425 βίῳ
395 2349 692 2416 διαδέξεται
759 2354 1112 2417 εύθηνοῡντας.
1192 2364 1479 2431 Τοιγαροῦν
1518 2367 1608 2414 καὶ
1677 2366 1700 2415 ὁ
1748 2367 1842 2437 γά-

1963 2377 2222 2420 ;everum
2254 2362 2454 2415 manet
2504 2373 2606 2412 eos
2664 2357 2766 2429 qui
2795 2357 2855 2412 in
2885 2357 2998 2414 hac
3013 2358 3136 2413 vita
3157 2357 3332 2414 bonis
3358 2363 3413 2415 et
3442 2357 3608 2414 volu-

245 2461 337 2513 μος
362 2441 455 2494 οὐκ
481 2440 770 2505 ἀπόϐλητος
819 2447 962 2516 παρὰ
992 2452 1105 2516 Θεῷ
1157 2463 1169 2476 ·
1222 2445 1329 2498 ἀλλ’
1370 2451 1424 2501 αἱ
1454 2448 1722 2524 φροντίδες
1751 2461 1841 2505 τοῦ

1963 2449 2209 2523 ptatibus
2240 2446 2512 2504 aﬂluunt.
2547 2445 2703 2516 Ideo,
2745 2446 3018 2518 quamvis
3040 2446 3300 2517 conjugii
3324 2462 3465 2502 usus
3499 2447 3604 2502 mi-

249 2529 390 2603 βίον,
420 2529 720 2584 ἀλλοιοῦσαι
770 2536 856 2586 τὸν
909 2536 1072 2586 ἔνθεον
1123 2533 1398 2608 λογισμόν,
1439 2539 1532 2590 ούκ
1590 2539 1714 2594 ἐῶσι
1752 2563 1843 2594 κα-

1963 2540 2111 2597 nime
2140 2536 2441 2609 rejiciatur
2471 2551 2508 2591 a
2556 2537 2689 2600 Deo,
2717 2535 2862 2606 ipsae
2893 2542 3114 2599 tamen,
3147 2551 3282 2607 quin
3334 2551 3472 2591 eum
3511 2551 3608 2592 co-

250 2622 412 2693 θαρῶς
465 2619 834 2694 ἀντοφθαλμεῖν
914 2627 1045 2698 πρὸς
1106 2627 1172 2676 τά
1222 2626 1486 2698 μέλλοντα.
1551 2629 1728 2703 Ἰσμεν
1785 2629 1844 2684 δε

1963 2634 2238 2686 mitantur
2283 2623 2481 2681 saeculi
2511 2639 2689 2687 curae,
2723 2624 2966 2695 plenam
2995 2622 3198 2679 divino
3218 2624 3425 2696 spiritu
3447 2639 3608 2680 men-

247 2713 463 2762 καὶτὸν
515 2713 563 2762 ἐν
621 2710 949 2783 Εύαγγελίοις
1004 2712 1268 2786 Λάζαρον,
1339 2713 1430 2768 διὰ
1496 2726 1844 2796 στενοχωρίας

1963 2724 2072 2775 tem
2100 2719 2392 2773 evacuant
2416 2712 2818 2784 alienantque,
2852 2727 2962 2767 nec
2989 2711 3376 2784 sinuntpuris
3413 2712 3610 2768 oculis

247 2807 342 2859 τῆς
399 2796 600 2852 ἐνθένδε
656 2809 746 2852 τοῦ
832 2800 1069 2876 Ἀϐραὰμ
1120 2806 1241 2865 τοὺς
1295 2805 1518 2868 κόλπους
1573 2808 1846 2884 κληρωσά-

1963 2805 2166 2863 intueri
2199 2804 2413 2860 futura.
2442 2801 2722 2858 Novimus
2754 2801 3041 2857 Lazarum
3072 2800 3132 2856 in
3155 2800 3484 2870 Evangeliis
3505 2816 3612 2874 per

250 2907 416 2960 μενον,
485 2893 575 2940 καὶ
647 2892 733 2940 τὸν
795 2887 843 2940 ἐν
912 2894 1082 2961 γεέννῃ
1153 2891 1516 2964 φλογιζόμενον
1578 2897 1846 2966 πλούσιον,

1963 2912 2078 2962 eas,
2106 2910 2258 2966 quas
2285 2893 2379 2948 hic
2398 2890 2672 2946 toleravit
2705 2889 2990 2954 miserias,
3024 2889 3085 2944 in
3122 2889 3379 2946 Abrahae
3411 2891 3612 2946 sinum

251 2972 390 3048 μηδὲ
417 2984 508 3036 τῆς
536 2979 666 3048 πρός
709 2977 863 3028 αύτὸν
915 2986 1005 3029 τοῦ
1051 2980 1298 3051 Λαζάρου
1356 2981 1566 3053 ἀφίξεως
1610 2984 1849 3059 ἀξιούμε-

1963 2985 2138 3040 fuisse
2177 2982 2442 3038 delatum
2484 2995 2499 3045 ;
2531 2984 2587 3034 et
2615 2979 2671 3034 in
2708 2979 2983 3047 gehenna
3021 2978 3329 3034 ardentem
3363 2978 3609 3035 divitem

251 3083 355 3131 νον,
429 3068 520 3116 καὶ
595 3069 846 3136 σταγόνος
917 3061 1106 3126 ὕδατος
1180 3065 1534 3141 ἐστερημένον,
1608 3078 1697 3123 καὶ
1770 3077 1848 3138 τό,

1963 3088 2033 3128 ne
2055 3073 2168 3128 hoc
2192 3071 2433 3144 quidem
2457 3067 2724 3124 obtinere
2756 3067 3049 3139 potuisse,
3077 3071 3140 3124 ut
3169 3067 3246 3124 ad
3275 3084 3337 3123 se
3357 3067 3613 3123 dimitte-

253 3173 282 3205 «
313 3151 589 3214 Ἀπέλαϐες
620 3155 685 3205 τὰ
717 3152 903 3224 ,ἀγαθά
949 3173 1042 3205 σου
1092 3153 1139 3205 ἐν
1180 3163 1240 3227 τῇ
1293 3161 1399 3228 ςωῇ
1463 3177 1577 3225 σου,
1635 3179 1664 3211 ))
1705 3158 1849 3230 ἐγκα.

1963 3165 2140 3228 retur,
2173 3161 2426 3213 Lazarus
2461 3173 2474 3210 :
2503 3156 2617 3222 cui,
2648 3172 2787 3211 cum
2817 3157 2996 3212 etiam
3027 3172 3200 3229 aquae
3232 3161 3395 3226 gutta
3439 3171 3618 3227 nega-

249 3241 511 3313 λούμενον.
561 3242 666 3296 Καὶ
723 3243 748 3294 ὁ
791 3246 1140 3316 Μακαρισμός
1195 3245 1488 3316 ὑπόσχεσιν
1555 3246 1762 3318 ἀγαθῶν
1795 3248 1849 3301 οὐ

1963 3253 2139 3312 retur,
2174 3245 2319 3301 illud
2348 3245 2648 3300 funestum
2675 3243 2930 3299 insonuit
2959 3261 2972 3299 :
3008 3265 3032 3294 «
3061 3244 3349 3315 Recepisti
3366 3244 3530 3300 bona
3550 3244 3613 3300 in

250 3336 361 3391 τοίς
390 3329 437 3382 ἐν
490 3329 696 3401 πλούτῳ
738 3340 974 3403 κομῶσιν
1025 3332 1382 3405 ὑπισχνεῖται,
1411 3333 1537 3386 ἀλλά
1562 3344 1670 3397 τοῖς
1698 3337 1827 3388 κλαύ

449 3427 466 3436 υ
534 3422 552 3433 κ
642 3418 654 3435 ³
719 3427 740 3438 φ
852 3419 870 3438 κ
904 3422 916 3435 ο
1246 3429 1266 3438 -
1513 3431 1531 3438 η
1646 3433 1665 3438 ..
1808 3429 1819 3438 ι

1963 3337 2081 3392 vita
2116 3340 2219 3392 tua
2247 3333 2316 3386 ν.
2347 3354 2372 3384 ››
2404 3336 2603 3404 Neque
2632 3348 2772 3388 vero
2799 3348 2867 3387 ex
2897 3332 3253 3403 evangelicis
3291 3332 3619 3388 beatitudi-

1963 3424 2139 3480 nibus
2167 3423 2286 3479 ulla
2322 3421 2577 3478 continet
2613 3420 2912 3476 bonorum
2940 3421 3402 3492 promissionem
3427 3421 3618 3476 diviti-

253 3528 402 3580 ματι,
430 3515 537 3571 τοῖς
590 3505 957 3581 δεδιωγμένοις
1015 3506 1109 3562 διὰ
1161 3508 1520 3578 δικαιοσύνην,
1581 3521 1690 3576 τοῖς
1731 3514 1849 3567 ὀνει-

1963 3515 2070 3569 bus
2101 3513 2350 3584 factam;
2380 3510 2482 3567 sed
2498 3509 2776 3566 ﬂentibus
2800 3525 2978 3574 nunc,
3003 3509 3144 3580 quia
3170 3508 3300 3564 istic
3322 3508 3614 3576 ridebunt,

255 3595 548 3670 διζομένοις
589 3594 681 3651 διὰ
737 3604 967 3672 Χριστόν
1025 3604 1112 3652 καὶ
1161 3599 1301 3663 άπαξ
1349 3601 1536 3670 ἁπλῶς,
1588 3608 1736 3663 στενὴ
1767 3609 1849 3656 καὶ

1966 3609 2068 3660 aut
2107 3600 2476 3675 pauperibus
2519 3598 2746 3669 spiritu,
2796 3602 2900 3652 aut
2939 3597 3404 3668 persecutionem
3446 3599 3620 3654 susti-

248 3686 557 3758 τεθλιμμένη
589 3687 619 3744 ἡ
651 3683 832 3748 ὀδόςὴ
901 3687 1183 3760 ἀπάγουσα
1236 3690 1306 3752 εἰς
1375 3699 1467 3750 τῆν
1519 3693 1674 3758 ζωὴν,
1731 3693 1849 3744 πλα-

1967 3692 2244 3748 nentibus
2272 3693 2512 3760 propter
2536 3684 2841 3756 justitiam,
2872 3685 2966 3740 vel
3003 3685 3363 3741 contumelia
3387 3689 3621 3757 propter

252 3782 368 3827 τεία
389 3772 448 3828 δε
483 3780 574 3827 καὶ
600 3775 894 3850 εὐρύχωρος
936 3778 966 3834 ἠ
1003 3775 1282 3849 ἀπάγουσα
1343 3778 1413 3840 εἰς
1461 3784 1553 3837 τὴν
1582 3779 1849 3832 ἀπώλειαν.

1967 3779 2258 3838 Christum
2291 3774 2532 3831 affectis.
2553 3776 2743 3845 Atque
2774 3777 2836 3828 ut
2866 3788 2986 3828 uno
3013 3773 3196 3829 semel
3221 3773 3401 3829 verbo
3428 3772 3623 3828 absol-

259 3865 372 3916 Ούκ
422 3866 560 3917 ἔστιν
609 3860 696 3916 οὖν
776 3865 896 3916 ἄνευ
954 3864 1172 3935 θλίψεως
1228 3865 1514 3929 ὑπεξελθεῖν
1567 3869 1704 3939 ἡμᾶς
1752 3886 1762 3896 '
1817 3869 1849 3920 ei

1967 3885 2105 3926 vam
2152 3883 2164 3921 :
2218 3888 2244 3916 ››
2273 3865 2536 3934 Angusta
2567 3869 2736 3934 porta
2777 3866 2832 3917 et
2856 3865 3016 3917 arcta
3039 3866 3132 3917 est
3157 3861 3278 3925 via,
3309 3877 3445 3932 quas
3461 3860 3625 3917 ducit

259 3956 352 4025 μὲν
380 3955 481 4026 γὰρ
529 3953 578 4004 ἐν
607 3950 740 4023 τῷδε
792 3961 864 4023 τῷ
911 3951 1014 4025 βίῳ
1073 3964 1413 4026 χαρμονικῷς
1471 3952 1721 4029 διέξομεν,
1756 3957 1835 4009 θλί

1968 3959 2042 4015 ad
2076 3957 2260 4012 vitam
2284 3971 2296 4009 :
2325 3953 2440 4009 lata
2465 3967 2605 4007 vero
2634 3954 2692 4006 et
2737 3950 3002 4022 spatiosa
3030 3965 3160 4023 quae
3190 3949 3353 4006 ducit
3387 3950 3466 4005 ad
3490 3964 3622 4022 per-

258 4043 354 4113 ψις
399 4042 448 4095 ἐν
497 4051 567 4112 τῷ
614 4042 844 4114 μέλλοντι
897 4038 1197 4105 διαδέξεται
1244 4046 1398 4116 ἡμᾶς.
1457 4044 1591 4097 Ἀλλ’
1636 4046 1679 4098 εἰ
1737 4045 1849 4118 βού-

1967 4045 2248 4102 ditionem
2283 4046 2324 4107 ⁸,
2362 4061 2386 4092 ν
2414 4040 2566 4096 adeo
2599 4043 2660 4093 ut
2683 4037 3043 4110 impossibile
3070 4037 3320 4094 omnino
3349 4038 3426 4093 sit
3451 4037 3624 4093 nobis

259 4130 360 4199 λει,
389 4133 560 4202 γύναι,
624 4134 809 4202 μικρὸν
858 4138 917 4202 τῇ
976 4134 1125 4202 φύσει
1169 4138 1570 4195 κοινωνήσαντες
1630 4131 1722 4186 διὰ
1768 4139 1849 4193 τήι

1969 4132 2412 4190 tribulationem
2439 4129 2707 4184 evadere.
2741 4127 2798 4184 Si
2851 4142 3113 4200 namque
3155 4126 3216 4182 in
3240 4127 3353 4182 hac
3380 4125 3498 4181 vita
3528 4126 3621 4196 ju-

261 4227 356 4272 τοῦ
412 4227 506 4271 σοῦ
557 4223 754 4294 πατρὸς
819 4216 1122 4288 αὐθάδειαν,
1186 4219 1460 4294 ἀπάρωμεν
1505 4221 1719 4286 ἑαυτούς
1767 4231 1849 4284 τῆς

1970 4221 2164 4278 cunde
2203 4218 2544 4284 vixerimus,
2572 4216 2632 4270 in
2672 4216 2868 4272 futura
2898 4231 3006 4271 nos
3024 4215 3321 4270 tribulatio
3353 4214 3622 4284 excipiet.

265 4305 632 4383 βορϐορώδους
681 4311 876 4371 ταύτης
931 4313 1020 4361 καὶ
1097 4318 1349 4382 συρφετῆς
1415 4308 1702 4383 διαγωγῆς,
1775 4317 1849 4364 καί

1972 4311 2360 4382 Quapropter,
2390 4307 2438 4361 si
2492 4305 2702 4378 placet,
2745 4303 3113 4368 charissima,
3159 4303 3503 4374 corporibus
3548 4302 3626 4359 ad

263 4400 356 4449 τόν
420 4401 618 4472 μονήρη
679 4394 795 4470 βίον
880 4401 1365 4471 κατασπασὼμεθα,
1451 4402 1588 4462 ὅπως
1654 4401 1849 4454 αἰωνίοι

1975 4398 2273 4455 modicum
2304 4401 2538 4466 tempus
2563 4392 2863 4464 conjuncti
2887 4396 3125 4464 propter
3148 4391 3332 4463 patris
3363 4392 3444 4447 tui
3470 4392 3627 4448 inso-

267 4485 660 4560 εύμοιρήσωμεν
700 4484 1000 4538 ἀπολαύσεω
1011 4507 1049 4548 ς.

1971 4488 2193 4544 lentem
2219 4485 2521 4551 ferociam,
2551 4483 2949 4538 subducemus
2975 4497 3083 4537 nos
3114 4479 3273 4552 ipsos
3308 4480 3628 4537 salebrosa?

265 4574 411 4631 huic
467 4581 645 4647 atque
670 4574 996 4647 inquinatas
1044 4575 1435 4643 conversioni,
1486 4576 1785 4651 vitamque
1829 4578 2212 4634 monasticam
2243 4573 2687 4646 amplectemur,
2740 4575 2804 4627 ut
2849 4575 3071 4626 aeterna
3115 4569 3317 4642 requie
3370 4569 3636 4641 perfrua-

269 4679 430 4719 mur.

364 4750 461 4834 ς”.
517 4755 582 4805 Τί
638 4747 725 4804 οὖν
781 4750 983 4814 εύσεϐες
1037 4755 1282 4824 γύναιον;
1315 4753 1409 4807 ούκ
1475 4752 1708 4808 ἀνένευσε
1743 4758 1843 4829 πρὸ

2050 4754 2138 4808 VI.
2161 4751 2314 4818 Quid
2346 4751 2422 4808 ad
2452 4750 2578 4805 haec
2610 4749 2704 4819 pia
2731 4747 2944 4804 mulier
2979 4746 3006 4801 ‘I
3038 4762 3181 4802 num
3210 4745 3404 4801 renuit
3431 4746 3459 4802 τ
3487 4761 3634 4802 num

265 4847 477 4909 ταῦτα;
510 4840 602 4892 οὐκ
627 4837 733 4894 εἶπε
761 4843 828 4893 τὰ
879 4846 949 4914 μὴ
1005 4844 1302 4901 καθήκοντα
1331 4861 1342 4874 ·
1375 4849 1439 4896 Τί
1466 4848 1524 4896 τό
1568 4843 1752 4905 κάλλος
1780 4853 1840 4904 τῆ

1983 4842 2209 4916 aliquid
2264 4844 2473 4912 praeter
2525 4838 2804 4893 decorem
2845 4836 3044 4892 locuta
3079 4853 3092 4892 :
3121 4836 3234 4890 Cur
3263 4835 3523 4906 speciem
3548 4835 3641 4906 ju-

267 4929 400 5002 ἰμῆς
447 4932 683 4991 νεότητος
721 4929 1086 5004 ἠμαύρωσας;
1127 4936 1181 4983 τί
1230 4951 1330 5004 μου
1383 4937 1477 4990 τὴν
1529 4935 1700 5003 τύχην
1751 4931 1849 4984 ἀπέ

1984 4930 2235 4987 ventutis
2267 4945 2410 4984 mea:
2442 4927 2750 4991 obscuras,
2784 4925 2971 4993 dixit;
3017 4940 3232 4996 meque
3268 4929 3500 4995 sperata
3516 4923 3643 4979 feli-

266 5018 524 5086 κλείσας;
556 5022 607 5070 τί
642 5022 734 5076 τὴν
761 5017 889 5090 ἐμὴν
936 5021 1110 5093 χαρὰν
1169 5019 1240 5081 εἰς
1273 5022 1457 5094 θρῆνον
1514 5020 1827 5094 μετήλλαξας

1987 5021 2157 5076 citate
2188 5017 2525 5083 excludens,
2570 5014 2857 5087 gaudium
2892 5029 3090 5068 meum
3118 5013 3178 5067 in
3209 5012 3469 5068 lamenta
3498 5029 3640 5068 con-

269 5108 339 5162 Εἰ
394 5107 557 5168 οὕτως
602 5108 825 5179 ἠρετίσω
875 5111 940 5159 τὰ
987 5111 1121 5160 κατὰ
1181 5113 1392 5176 σαυτὸν,
1428 5109 1522 5162 οὐκ
1573 5106 1620 5162 εἴ
1652 5108 1849 5182 μόνοςέ

1987 5109 2165 5164 vertis
2185 5107 2213 5161 ‘I
2255 5106 2310 5162 Si
2341 5110 2405 5161 tu
2428 5106 2562 5161 hac.
2603 5119 2734 5176 quea
2762 5103 2917 5158 dicta
2940 5107 3048 5168 est,
3084 5100 3304 5156 ratione
3351 5100 3525 5156 saluti
3558 5101 3642 5156 tui

270 5195 504 5266 εύγενέσι
557 5200 798 5270 νεώτερος
857 5213 870 5226 ⁸
931 5193 1036 5248 ἔδει
1089 5204 1211 5268 γοῦν
1285 5217 1361 5265 σε,
1417 5203 1516 5274 πρό
1564 5207 1655 5251 τοῦ
1707 5201 1849 5271 γάμο

1991 5195 2304 5254 consulere
2353 5194 2714 5258 decreveras,
2748 5207 2864 5246 non
2927 5196 2988 5246 tu
3019 5189 3182 5245 solus
3231 5189 3382 5245 inter
3411 5188 3642 5245 nobiles

272 5283 658 5360 ἀπαγορεῦσαι,
717 5289 807 5338 καὶ
872 5289 941 5357 μὴ
1018 5290 1248 5358 μαρᾱναί
1322 5308 1422 5360 μου
1496 5292 1555 5340 τό
1632 5287 1849 5340 ἐπανθοῡ

1991 5287 2336 5354 adolescens
2353 5300 2414 5339 es
2431 5306 2442 5336 :
2459 5281 2766 5355 oportebat
2781 5294 2940 5348 ergo,
2959 5285 3280 5352 antequam
3295 5277 3424 5350 conj
3436 5277 3641 5346 ugium

273 5373 484 5437 κάλλος.
518 5371 687 5428 Οὐδὲν
725 5381 956 5426 τοιοῦτον
989 5388 1004 5404 ⁸
1039 5373 1166 5427 ἀλλά
1214 5380 1266 5427 τί
1294 5393 1308 5444 ;
1355 5375 1554 5449 ’Ὠσπερ
1600 5397 1676 5439 τις
1707 5375 1841 5449 ἀγαθ

1990 5376 2254 5439 iniretur,
2292 5371 2630 5428 renuntiare
2683 5367 3010 5441 sponsioni,
3042 5383 3152 5424 nec
3181 5383 3374 5423 meam
3434 5381 3640 5421 recens

272 5469 347 5536 γῆ
399 5465 484 5517 τὸν
551 5467 743 5537 σπόρον
806 5459 1057 5536 δεξαμένη
1116 5463 1383 5538 πολύχουν
1453 5463 1737 5538 βλαστάνει
1795 5469 1849 5519 τὸ

1991 5463 2456 5521 eﬂlorescentem
2512 5456 3034 5531 pulchritudinem,
3094 5456 3250 5513 velut
3307 5454 3640 5513 marcidam

256 3439 385 3472 σασι
408 3427 496 3472 νῦν
527 3422 604 3472 ὅτι
635 3418 740 3472 ἐκεῖ
791 3419 1125 3492 γελάσουσιν,
1181 3429 1290 3484 τοῖς
1321 3431 1552 3495 πτωχοῖς
1603 3433 1672 3495 τῷ
1703 3429 1849 3479 πνεύ-

360 5639 374 5657 '
397 5643 533 5698 Luc.
559 5656 676 5714 xw,
705 5643 794 5696 25.
819 5643 839 5676 ³
874 5640 1073 5699 Matth.
1110 5657 1211 5706 vn,
1257 5645 1342 5699 14.
