4110 6272
504 372 570 430 15
1851 371 2108 429 MENSIS

2221 372 2487 432 ARTIUS.
3794 374 3861 429 16

490 516 758 574 reddere.
790 516 941 571 Nihil
984 516 1197 572 horum
1245 517 1343 574 illa
1388 532 1399 572 :

490 604 651 661 bona
682 610 833 661 terra
890 604 1218 676 suscipiens
1260 622 1486 674 semen,
1564 608 1815 663 multum
1876 607 2133 662 fructum

485 693 723 765 profert,
776 692 857 748 ita
906 692 1261 748 venerabilis
1320 692 1564 761 femina,
1623 697 1856 767 egregia
1911 696 2130 766 sponsi,

487 781 895 838 adhortatione
946 780 1245 850 roborata,
1316 782 1589 838 alacriter
1674 785 1898 849 annuit,
1955 789 2133 856 atque

485 870 913 943 respondens:
966 869 1134 925 Haud
1192 871 1471 942 equidem
1528 873 1875 939 divinarum,
1921 874 2126 945 inquit,

485 958 696 1028 ignara
753 974 887 1012 sum
950 957 1436 1028 promissionum,
1490 960 1837 1016 suavissime
1878 975 2130 1035 sponse;

485 1047 702 1104 etenim
777 1046 1086 1102 manifeste
1117 1048 1176 1102 in
1234 1049 1566 1118 Evangeliis
1612 1050 1831 1105 clamat
1871 1050 2135 1106 Salvator

485 1140 724 1193 noster:
762 1154 786 1186 α
832 1134 938 1195 Qui
966 1150 1087 1189 non
1115 1135 1388 1207 relinquit
1420 1142 1645 1208 patrem
1696 1142 1748 1192 et
1796 1142 2036 1193 matrem
2078 1123 2135 1193 et

484 1240 729 1281 uxorem
764 1228 821 1279 et
848 1223 1001 1279 ﬁlios
1028 1228 1086 1279 et
1114 1224 1324 1279 fratres
1350 1228 1408 1279 et
1447 1241 1677 1281 sorores
1730 1230 1785 1279 et
1819 1225 2035 1281 domos
2077 1230 2135 1281 et

484 1328 682 1383 agros,
716 1320 772 1368 et
801 1311 945 1368 tollit
970 1328 1205 1368 crucem
1239 1329 1409 1369 suam
1455 1318 1509 1369 et
1560 1313 1827 1385 sequitur
1856 1331 1969 1381 me,
2010 1330 2129 1370 non

483 1407 572 1457 est
603 1417 697 1457 me
725 1401 945 1471 dignus
972 1401 1014 1455 ⁴.
1041 1403 1171 1456 lam
1202 1400 1377 1471 igitur
1395 1418 1598 1473 puros,
1634 1403 1679 1457 si
1702 1402 1915 1474 placet,
1953 1409 2130 1473 atque

479 1490 957 1562 incoinquinatos
985 1505 1091 1545 nos
1114 1491 1397 1546 sistamus
1424 1490 1643 1546 caelesti
1680 1492 1924 1561 Sponso,
1953 1491 2132 1547 etiam

482 1585 789 1634 externum
804 1578 1105 1634 hominem
1123 1583 1396 1634 nostrum
1422 1579 1877 1634 lmmaculatum
1900 1594 2129 1634 conser-

478 1671 706 1723 vantes.
736 1666 882 1731 Quid
913 1665 1082 1722 nobis
1107 1669 1409 1738 proveniet
1433 1666 1841 1732 emolumenti,
1891 1668 1940 1721 si
1979 1682 2132 1739 opus

480 1759 570 1811 est
595 1760 659 1811 ut
684 1771 813 1826 nos,
855 1755 1130 1827 quamvis
1155 1754 1229 1809 ad
1251 1756 1429 1811 breve
1460 1761 1696 1828 tempus
1722 1760 1941 1821 mutuo,
1982 1756 2132 1811 sicut

478 1844 691 1916 inquis,
740 1844 1011 1899 fruamur
1059 1844 1342 1915 amplexu
1387 1846 1414 1900 ?
1465 1844 1605 1910 Quis
1670 1846 1829 1901 enim
1866 1845 2112 1901 futurun

2243 1837 2410 1889 Καὶεὶ
2460 1839 2548 1907 μεν
2584 1838 2738 1909 άρσεν
2805 1840 2903 1901 εἴη,
2982 1842 3167 1910 μερική
3224 1857 3303 1898 τις
3361 1837 3549 1897 ἐκκοπή

480 1932 812 2004 spondebit,
845 1933 1006 2005 quod
1036 1934 1094 1988 in
1139 1933 1239 1988 illo
1274 1933 1491 2003 exiguo
1542 1940 1802 2005 tempore
1861 1934 2127 1989 sobolem

481 2021 684 2077 facturi
715 2036 835 2077 non
874 2022 1081 2085 simus,
1108 2037 1244 2093 qua:
1296 2027 1430 2078 nata
1482 2023 1655 2078 nobis
1700 2023 2129 2094 impedimento

479 2108 598 2165 sit?
616 2114 671 2166 et
686 2109 930 2181 quidem
944 2110 991 2164 si
1007 2110 1277 2166 mascula
1306 2109 1499 2173 fuerit,
1526 2125 1663 2181 pars
1680 2111 1759 2165 illi
1783 2111 2127 2167 facultatum

478 2202 535 2255 et
567 2198 809 2253 affectus
839 2198 1165 2253 resecanda
1196 2198 1303 2253 erit
1334 2214 1347 2253 :
1378 2198 1425 2253 si
1464 2204 1663 2254 autem
1695 2198 2019 2267 muliebris,
2054 2216 2125 2257 eu

479 2288 783 2358 geminum
825 2285 1084 2357 malum;
1135 2286 1427 2358 oportebit
1455 2303 1714 2360 namque
1740 2292 1797 2344 et
1845 2288 2124 2345 idoneam

478 2374 864 2433 matrimonio
891 2379 1228 2445 exspectare
1267 2381 1593 2441 aetatem,et
1620 2376 1909 2449 reliquam
1939 2378 1990 2433 ei
2014 2378 2122 2433 sol-

1461 519 1586 583 sed,
1617 518 2112 592 quemadmodun

2246 504 2464 575 καρπὸν,
2507 501 2641 553 οὕτω
2698 504 2787 552 καὶ
2840 501 2897 549 τὸ
2955 500 3136 570 σεμνὸν
3190 498 3401 569 γύναιον
3441 507 3502 571 τῇ
3562 500 3690 573 καλῇ
3724 523 3857 576 παρ-

2246 596 2435 643 αινέσει
2497 598 2590 642 τοῦ
2668 591 2903 663 μάκαρος
2976 589 3325 658 στομωθεῖσα⁷
3410 587 3636 661 ἀσμένως
3701 596 3857 644 κατέ-

2242 699 2388 732 νευσε
2451 684 2540 731 καί
2598 698 2753 750 φησιν
2814 698 2825 709 '
2880 676 2990 729 Οὐκ
3065 675 3291 748 ἀμύητός
3373 678 3497 749 εἰμι,
3565 679 3853 750 γλυκύτατε

2243 770 2380 843 ἄνερ,
2414 778 2511 820 τῶν
2555 770 2700 820 θείων
2744 765 3189 841 παραγγελμάτων
3231 781 3241 792 ⁸

2242 858 2430 929 γελίοις
2480 859 2504 909 6
2536 862 2711 929 Σωτὴρ
2768 859 2912 928 ἡμῶν
2946 851 3211 929 ἀριδήλως
3244 854 3364 927 βοᾷ
3402 878 3428 907 (ι
3470 860 3530 909 Εἴ
3554 877 3629 918 τις
3661 858 3718 910 οὐ
3750 879 3849 910 κα-

2243 946 2471 1017 ταλείψει
2569 950 2786 1020 πατέρα,
2842 950 2931 997 καὶ
2992 949 3189 1017 μητέρα
3277 950 3365 996 καὶ
3456 954 3699 1016 γυναῖκα,
3759 953 3848 1000 καὶ

2241 1040 2411 1102 τέκνα,
2457 1041 2546 1088 καὶ
2608 1032 2878 1106 ἀδελφοὺς,
2923 1040 3012 1086 xui.
3063 1032 3306 1107 ἀδελφὰς,
3363 1040 3452 1087 καὶ
3503 1035 3695 1100 οἰκίας,
3756 1043 3845 1090 καὶ

3299 771 3387 818 καὶ
3435 770 3534 839 γὰρ
3591 766 3639 819 ἐν
3686 770 3853 841 Εὐαγ-

2243 1126 2452 1199 ἀγροὺς,
2487 1132 2575 1178 καὶ
2596 1128 2694 1198 οἳρῃ
2720 1128 2804 1177 τὸν
2852 1129 3074 1199 σταυρὸν
3119 1126 3298 1188 αὐτοῦ,
3357 1130 3443 1177 καὶ
3496 1127 3848 1186 ἀκολουθήσει

2242 1236 2349 1288 μοι,
2377 1217 2470 1268 οὐκ
2500 1220 2608 1268 ἔστι
2630 1235 2728 1288 μου
2758 1214 2920 1277 οἴξιος.
2949 1235 2976 1265 )›
3010 1214 3230 1280 Οὐκοῦν,
3287 1215 3329 1266 εἰ
3360 1213 3556 1286 βούλει,
3589 1219 3848 1291 καθαροὺς

2241 1310 2328 1357 καὶ
2405 1304 2657 1365 ἀσπίλους
2714 1304 2921 1363 ἑαυτοὺς
2977 1310 3398 1378 παραστήσωμεν
3472 1313 3543 1375 τῷ
3622 1306 3844 1380 οὐρανίῳ

2238 1400 2442 1466 νυμφίῳ
2472 1400 2706 1468 Χριστῷ,
2740 1393 3022 1465 ἀμώμητον
3081 1398 3168 1444 καὶ
3222 1389 3547 1450 ἀκηλίδωτον
3604 1414 3688 1446 τον
3750 1396 3844 1458 ἔξω

2241 1484 2385 1552 ἡμῶν
2435 1484 2702 1554 ἄνθρωπον
2780 1480 3223 1554 διατηρήσαντες.
3306 1486 3368 1533 Τί
3440 1485 3541 1556 γὰρ
3577 1483 3767 1555 ὄφελος,
3801 1486 3845 1536 εἰ

2241 1574 2370 1642 πρὸς
2430 1573 2637 1644 μικρὸν,
2694 1572 2761 1629 ὡς
2803 1572 2942 1641 ἔφης,
2998 1570 3356 1642 συνέλθωμενς
3413 1576 3505 1632 Τίς
3561 1569 3620 1624 δὲ
3686 1576 3842 1626 καὶὸ

2241 1657 2502 1730 ἐγγυητὴς
2559 1661 2637 1710 ὅτι
2691 1662 2747 1709 οὐ
2803 1664 3118 1730 τεκνώσομεν
3163 1660 3212 1711 ἐν
3266 1668 3338 1730 τῷ

2241 1751 2328 1798 xui
2357 1748 2439 1799 ἱνα
2466 1752 2537 1819 μὴ
2569 1750 2782 1818 γένηται
2839 1749 2963 1819 ἡμῖν
3012 1748 3084 1809 εἰς
3134 1752 3455 1821 πρόσκομμα
3509 1753 3567 1802 τὸ
3613 1754 3838 1823 τεχθείη

3612 1838 3840 1894 ἐἰδὲ

3073 1932 3232 2000 χρεία
3259 1930 3360 2000 γὰρ
3420 1928 3688 2000 ἀναμεῖναι
3751 1936 3838 1983 καὶ

3429 1670 3600 1736 μικρῷ
3653 1666 3839 1734 τούτῳ,

2242 1926 2390 1990 θῆλυ,
2442 1923 2657 1978 διπλοῦν
2706 1929 2762 1977 τὸ
2821 1931 2977 1978 κακόν
3010 1944 3021 1956 ·

2236 2020 2461 2089 χρόνους
2488 2018 2659 2086 γάμου
2690 2019 2775 2066 καὶ
2804 2015 2985 2075 λοιπῆς
3035 2021 3296 2089 προνοίας.
3362 2022 3460 2069 Καὶ
3486 2022 3543 2069 1'6
3577 2026 3669 2080 τῆς
3702 2020 3838 2081 ζωῆς

2236 2105 2393 2171 τέλος,
2424 2108 2490 2166 ὡς
2522 2107 2662 2176 ἔφης,
2697 2104 2773 2156 ἐπ’
2819 2100 3015 2175 ἀδήλῳ,
3066 2110 3154 2157 καὶ
3212 2107 3265 2156 αὶ
3322 2114 3412 2157 τοῦ
3440 2105 3562 2178 βίου
3614 2106 3837 2179 παγίδες

2238 2192 2600 2266 ἀναρίθμητοι.
2638 2195 2998 2253 Λανθανόντως
3054 2191 3140 2244 οὖν
3190 2194 3239 2245 ἐν
3299 2194 3477 2265 ἁγνεία
3530 2195 3836 2268 βιωσάντων

2235 2284 2400 2354 ἡμῶν,
2446 2279 2498 2334 εὖ
2559 2279 2681 2335 οἶδα
2738 2287 2825 2334 καὶ
2880 2286 2972 2341 τὴν
3027 2284 3173 2354 ἡμῶν
3204 2286 3373 2355 ἔφεσιν
3430 2288 3515 2337 τὸν
3547 2288 3675 2339 Θεὸν
3702 2287 3835 2339 οἰκο-

2232 2379 2362 2443 νομῆ
2374 2392 2482 2425 σαι.

475 2462 843 2519 licitudinem
870 2462 1223 2534 impendere.
1254 2464 1428 2535 Atqui
1468 2463 1603 2519 vita:
1626 2464 1785 2530 ﬁnis,
1819 2470 1883 2520 ut
1907 2467 2153 2536 ipsemet
2196 2460 2379 2533 paulo
2407 2466 2541 2513 ante
2572 2458 2831 2523 dicebas,
2867 2458 3120 2515 incertus
3152 2466 3258 2525 est,
3303 2466 3357 2516 et
3384 2461 3516 2517 vitae
3545 2462 3725 2534 hujus
3748 2466 3833 2520 in-

475 2550 871 2609 numerabiles
891 2550 1281 2622 laquei.Quod
1312 2551 1361 2607 si
1384 2552 1707 2609 castitatem
1731 2552 1884 2609 clam
1909 2552 2167 2609 colentes
2187 2546 2530 2611 vixerimus,
2559 2553 2717 2603 certa
2747 2563 2901 2613 sum,
2929 2547 3286 2604 desiderium
3322 2554 3672 2607 nostrumad
3695 2558 3834 2625 opta

479 2644 602 2696 tum
629 2640 811 2695 ﬁnem
840 2639 1288 2711 perducendum
1323 2656 1359 2695 a
1384 2641 1520 2695 Deo.

547 2729 657 2784 VII.
682 2728 994 2800 Obstupuit
1012 2729 1088 2784 ad
1116 2732 1233 2784 tam
1257 2744 1607 2800 generosam
1626 2728 1836 2801 puellae
1863 2733 2122 2785 mentem

473 2815 855 2873 beatissimus
879 2817 1133 2888 juvenis,
1158 2817 1533 2889 gratioseque
1550 2818 1940 2889 respondens:
1957 2819 2120 2884 Quod

476 2904 614 2961 utile
652 2905 840 2971 fuerit,
864 2905 1075 2977 inquit,
1119 2905 1519 2961 manifestabit
1547 2907 1720 2961 nobis
1763 2909 1931 2962 Deus.
1970 2909 2118 2976 Ergo

473 2998 655 3051 totam
686 3009 858 3065 egere
879 2994 941 3050 in
962 2995 1241 3067 precibus
1265 2999 1519 3059 noctem,
1556 2998 1740 3051 Deum
1774 2996 2118 3051 invocantes

470 3088 534 3140 ut
560 3082 669 3139 sibi
700 3099 831 3139 eam
865 3084 925 3139 in
956 3098 1081 3139 rem
1121 3083 1429 3140 consulere
1460 3091 1639 3155 atque
1661 3085 1998 3156 prospicere
2036 3085 2116 3140 di-

469 3176 769 3242 gnaretur.
823 3172 990 3228 Circa
1016 3188 1295 3229 auroram
1317 3188 1457 3229 vero
1493 3174 1758 3244 contigit,
1805 3178 1869 3229 ut
1898 3174 2113 3229 obdor-

471 3261 790 3317 miscerent
806 3260 983 3317 ambo
1008 3266 1062 3317 et
1081 3278 1267 3316 unum
1289 3261 1568 3334 idemque
1588 3278 1657 3317 eo
1679 3267 1943 3334 tempore
1958 3278 2113 3316 som-

464 3349 632 3405 nium
662 3350 947 3407 viderent.
982 3350 1265 3407 Viderunt
1294 3356 1495 3406 autem
1534 3351 1849 3422 quemdam
1895 3349 2113 3404 eximio

462 3436 784 3509 fulgentem
828 3440 1061 3506 decore,
1090 3440 1192 3510 qui
1224 3438 1459 3509 placida
1488 3439 1565 3492 ad
1609 3453 1709 3493 eos
1738 3452 1878 3491 voce
1903 3440 2071 3491 utens
2096 3452 2106 3489 :

462 3526 764 3591 Dominus,
818 3526 1398 3598 inquitpropositum
1463 3525 1645 3581 animi
1698 3524 1873 3580 vestri
1950 3524 2109 3579 susci

459 3615 642 3687 piens,
676 3613 836 3670 misit
863 3620 1046 3677 me,ut
1072 3615 1367 3683 signarem
1399 3630 1506 3671 vos
1536 3614 1611 3670 ad
1630 3614 1743 3669 hoc
1765 3618 1829 3669 ut
1855 3613 2108 3669 intactos

459 3703 959 3772 vosintegrosque
974 3699 1081 3755 sibi
1095 3700 1398 3755 ofi‘erretis.
1415 3704 1768 3756 Etcontinuo
1790 3718 1892 3772 per
1918 3706 2104 3757 totum

457 3806 674 3862 corpus
690 3805 793 3845 eos
809 3788 1167 3857 consignans
1181 3805 1253 3843 ex
1265 3787 1446 3843 oculis
1463 3788 1701 3843 evanuit
1720 3790 2101 3844 intuentium:

456 3880 718 3953 quicum
749 3878 1152 3951 evigilassent,
1182 3884 1237 3934 et
1257 3894 1393 3950 qua;
1416 3876 1685 3933 viderant
1708 3877 1819 3932 sibi
1851 3878 2102 3933 invicem

456 3970 679 4040 absque
707 3968 825 4024 ulla
853 3967 1188 4024 diversitate
1201 3971 1540 4023 narrassent
1563 3984 1576 4033 ;
1601 3968 1735 4023 data
1754 3969 1869 4022 Deo
1892 3966 2099 4036 gloria,

452 4057 554 4130 qui
588 4063 705 4113 tam
739 4057 910 4113 facile
931 4056 1224 4112 invenitur
1239 4055 1643 4128 quaerentibus
1676 4071 1759 4125 se,
1779 4056 1854 4111 de
1890 4060 2100 4111 caetero

454 4147 648 4218 specie
673 4145 918 4219 quidem
940 4150 1004 4201 ut
1023 4146 1328 4216 conjuges,
1356 4160 1562 4216 reapse
1580 4150 1641 4200 ut
1662 4145 1930 4215 germani
1949 4145 2101 4200 inter

454 4250 583 4291 sese
609 4234 825 4289 vixere.
877 4236 920 4291 Ο
952 4250 1077 4289 rem
1122 4234 1332 4289 miram
1370 4233 1382 4287 l
1430 4233 1596 4288 Novit
1656 4232 1946 4289 Dominus
1993 4234 2098 4305 qui

452 4328 589 4379 sunt
635 4322 765 4394 ejus
805 4324 848 4389 ⁵,
891 4326 946 4378 et
994 4322 1281 4395 quoniam
1325 4321 1520 4377 solum
1568 4323 1753 4377 Deum
1811 4322 2098 4394 exquisie-

449 4416 607 4475 runt,
638 4411 923 4467 continuo
950 4410 1261 4466 auxiliator
1301 4414 1472 4480 atque
1523 4411 1761 4480 adjutor
1813 4425 1915 4481 pro
1947 4410 2097 4466 desi-
2129 4402 2175 4456 D

449 4499 613 4555 derio
652 4499 797 4571 ipsis
823 4499 1093 4553 inventus
1142 4502 1249 4552 est.
1284 4496 1433 4562 Quid
1464 4496 1579 4552 hoc
1624 4496 1867 4552 inferius
1896 4514 1966 4554 eo
1992 4500 2094 4554 mi-

448 4587 669 4653 raculo,
697 4585 860 4660 quod
902 4586 1055 4641 circa
1086 4590 1198 4641 tres
1231 4584 1518 4657 puerosin
1541 4585 1820 4641 fornnace
1861 4592 2091 4655 gestum

449 4676 847 4731 admiramur‘5
864 4676 891 4732 ‘2
914 4674 1042 4729 Istic
1060 4674 1307 4746 angelus
1326 4680 1595 4729 urentem
1614 4674 1924 4729 ﬂammam
1941 4675 2093 4744 ignis

447 4765 507 4820 in
550 4769 789 4821 ventum
820 4764 970 4821 roris
1009 4763 1252 4820 ﬂantem
1297 4768 1673 4818 commutans
1717 4763 1931 4818 illaesos
1979 4780 2095 4819 ser-

446 4854 609 4910 vavit
633 4853 902 4909 illoszhic
930 4852 1195 4908 similiter
1230 4851 1479 4922 angelus
1503 4853 1797 4907 concitum
1828 4853 2094 4922 igneum-

446 4958 563 5015 que
632 4941 949 5013 voluptatis
1014 4941 1290 4997 ardorem
1342 4941 1403 4995 in
1451 4956 1644 4996 rorem
1693 4941 2093 4997 continentiae-

447 5034 610 5085 trans
630 5030 915 5097 formans,
950 5045 1203 5102 sponsos
1235 5028 1557 5085 custodivit
1585 5029 1879 5096 innoxios,
1912 5035 2091 5103 atque

444 5117 640 5190 ignem
663 5135 787 5173 cum
827 5118 962 5174 feno
991 5119 1191 5174 docuit
1220 5119 1363 5173 citra
1382 5118 1676 5173 damnum
1707 5120 2088 5189 conjungere.

516 5208 654 5262 Vlll.
678 5209 842 5262 Nunc
892 5208 1179 5279 quoniam
1202 5207 1791 5263 coconversationem
1840 5207 2023 5263 sancti
2055 5224 2091 5263 a

444 5296 747 5352 nativitate
769 5296 846 5350 ad
870 5296 1315 5352 matrimonium
1342 5311 1531 5368 usque
1562 5295 1801 5351 abunde
1828 5295 2093 5353 declara-

446 5386 655 5450 vimus,
706 5384 879 5453 agite,
936 5383 1164 5440 Christo
1194 5384 1413 5455 dilecti,
1445 5390 1499 5441 et
1532 5401 1603 5440 ex
1655 5384 2081 5441 certaminibus

445 5472 576 5544 ejus
641 5472 947 5546 specimen
977 5473 1221 5529 demum
1249 5473 1487 5546 aliquod
1509 5472 1736 5531 auditui
1768 5478 1965 5530 vestro
2009 5473 2088 5531 ad

518 5651 539 5686 ⁴
566 5652 700 5719 Luc,
727 5667 846 5715 xxv,
880 5651 966 5705 26.
1002 5651 1021 5685 ⁵
1055 5653 1207 5705 Num
1237 5665 1356 5718 va,
1388 5654 1438 5705 5.
1472 5652 1493 5686 δ
1519 5651 1666 5708 Dan.
1696 5668 1773 5724 ιιι,
1812 5654 1897 5707 50.

2304 2723 2378 2778 Ζ’.
2428 2723 2729 2795 Ἐκπλαγεὶς
2782 2720 2840 2776 δὲ
2889 2726 2914 2776 ό
2963 2728 3215 2800 μακάριος
3267 2726 3349 2779 ἐπὶ
3397 2736 3458 2799 τῇ
3533 2737 3621 2789 τῆς
3678 2734 3831 2803 κόρης

2234 2810 2516 2883 δεξιωτάτῃ
2571 2817 2772 2883 γνώμη,
2824 2816 3113 2884 χαριέντως
3166 2817 3291 2887 πρὸς
3350 2814 3510 2873 αὐτὴν
3557 2813 3691 2869 εἷπε*
3729 2822 3826 2871 Κύ-

2227 2921 2339 2975 ριος
2366 2903 2487 2972 ἡμῖν
2519 2896 2744 2957 δηλώσει
2773 2903 2831 2952 τὸ
2884 2906 3159 2974 συμφέρον.
3222 2903 3295 2954 Δι’
3354 2903 3474 2965 ὅλης
3501 2900 3560 2956 δὲ
3616 2914 3706 2966 τῆς
3734 2928 3826 2958 νυ-

2228 2994 2348 3053 κτὸς
2389 2989 2815 3064 προσευξάμενοι,
2857 2995 2946 3041 καὶ
2997 2994 3083 3042 τὸν
3115 2995 3243 3044 Θεὸν
3293 2991 3477 3063 ἐπὶτῴ
3514 3000 3827 3069 συμφέροντι

2224 3084 2511 3148 προνοητὴν
2577 3084 2665 3130 καὶ
2726 3075 2989 3150 κηδεμόνα
3051 3078 3494 3151 ἐπικαλεσάμενοι,
3558 3089 3675 3155 περὶ
3732 3084 3827 3135 αὑ-

2220 3170 2316 3239 γάς
2347 3175 2442 3228 τῆς
2490 3170 2686 3237 ἡμέρας
2732 3166 2918 3223 συνέϐη
2977 3166 3285 3237 ἀφυπνωσαι
3335 3168 3674 3243 ἀμφοτέρους,
3731 3178 3822 3226 καὶ

2222 3256 2270 3308 ἓν
2330 3261 2419 3307 καὶ
2484 3258 2541 3305 τὸ
2610 3255 2735 3306 αὐτὸ
2802 3258 2920 3328 ὄναρ
2956 3257 3216 3324 θεωρῆσαι
3275 3274 3289 3287 ⁸
3350 3260 3511 3332 ὁρῶσι
3574 3263 3675 3337 γάρ
3710 3283 3825 3315 τινα

3028 3348 3155 3417 πρὸς
3232 3347 3421 3410 αὐτοὺς
3494 3355 3685 3423 πραείᾳ
3758 3360 3818 3424 τῇ

2224 3439 2357 3503 φωνῇ
2382 3430 2594 3501 λέγοντα
2650 3444 2662 3456 ⁸
2733 3434 2920 3504 Κύριος
2973 3433 2998 3482 ὸ
3030 3437 3154 3494 Θεὸς
3216 3440 3310 3493 τὴν
3336 3438 3475 3504 ὑμῶν
3518 3444 3821 3515 προαίρεσιν

2221 3516 2621 3592 ἀποδεξάμενος,
2662 3518 2925 3573 ἀπέστειλέ
2998 3541 3059 3592 με

2222 3346 2420 3415 ὡραίως
2493 3342 2675 3413 ἐξαστρ
2684 3344 2925 3405 άπτοντα,

3159 3532 3445 3596 σφραγῖσαι
3520 3528 3655 3599 ὑμᾶς
3729 3537 3820 3581 τοῦ

2220 3607 2486 3683 ἀκεραίους
2541 3613 2630 3660 καὶ
2698 3607 3005 3681 ἀμωμήτους
3065 3611 3204 3683 αὐτῷ
3304 3624 3651 3688 παραστῆναι.
3720 3624 3816 3670 Καὶ

2215 3702 2644 3773 κατασφραγίσας
2683 3697 2870 3760 αὐτοὺς
2921 3696 2993 3751 δι’
3053 3700 3169 3752 ὅλου
3207 3710 3298 3754 τοῦ
3358 3709 3617 3776 σώματος,
3659 3708 3816 3779 ἄφανο

2214 3807 2296 3846 τος
2362 3786 2571 3858 ἐγένετο.
2623 3786 3047 3858 Ἀφυπνισάντων
3115 3786 3174 3843 δε
3235 3794 3422 3860 αὐτῶν,
3487 3799 3576 3846 καὶ
3631 3798 3697 3847 τά
3728 3804 3819 3856 τῆς

2214 3874 2470 3936 ὀπτασίας
2566 3874 2969 3947 ἀπαραλλάκτως
3050 3877 3285 3941 ἀλλήλοις
3389 3878 3814 3956 διηγησαμένων,

2211 3968 2423 4016 καὶτὸν
2477 3967 2604 4016 Θεὸν
2668 3964 2998 4026 δοξασάντων
3057 3970 3140 4018 τὸν
3201 3970 3560 4041 εὑρισκόμενον
3616 3971 3813 4046 ῥᾳδίως

2210 4060 2316 4113 τοῖς
2382 4053 2628 4112 ζητοῦσιν
2661 4053 2835 4120 αὐτὸν,
2895 4057 2952 4106 τὸ
2983 4054 3160 4106 λοιπὸν
3204 4052 3407 4128 διῆγον,
3452 4064 3693 4132 σχήματι
3724 4066 3812 4133 μὲν

2209 4143 2277 4202 ὡς
2327 4142 2566 4211 σύζυγοι,
2629 4145 2897 4214 πράγματι
2942 4140 2999 4195 δε
3040 4146 3102 4204 ὡς
3143 4141 3375 4217 ἀδελφοί.
3424 4145 3492 4199 Ὠ
3548 4158 3637 4200 τοῦ
3690 4152 3809 4202 6m)-

3316 4235 3358 4286 εἰ
3384 4240 3535 4304 μόνον
3568 4239 3809 4301 ἐξεζήτη-

2209 4339 2302 4371 σαν
2355 4322 2440 4371 τὸν
2491 4323 2631 4383 Θεὸν,
2685 4320 2836 4382 εὐθὺς
2884 4319 3156 4393 ἐπίκουρος
3203 4322 3377 4384 αὐτοῖς
3456 4330 3544 4377 καὶ
3620 4326 3812 4399 βοηθὸς

2206 4229 2407 4301 ματοςῐ
2444 4229 2609 4301 Ἔγνω
2636 4234 2823 4305 Κύριος
2883 4236 3003 4293 τοὺς
3056 4232 3213 4284 αὑτοῦ
3250 4250 3261 4262 ⁸

2204 4412 2332 4483 πρὸς
2388 4412 2480 4467 τὴν
2530 4411 2700 4480 ἔφεσιν
2764 4411 2966 4483 εὑρέθη.
3021 4415 3083 4462 Ti
3150 4418 3301 4463 τοῦτο
3370 4422 3459 4464 τοῦ
3506 4418 3637 4467 κατά
3695 4422 3811 4479 τοὺς

2203 4505 2340 4570 τρεῖς
2402 4493 2595 4557 παῖδας
2641 4500 2899 4567 θαύματος
2956 4497 3301 4573 ἀτιμότερον;
3361 4500 3496 4554 Ἐκεῖ
3569 4508 3658 4577 μεν
3706 4508 3806 4579 γὰρ

2202 4585 2415 4657 ἄγγελος
2490 4590 2583 4644 τὴν
2660 4586 3055 4658 συμφλέγουσαν
3129 4592 3290 4663 αὔραν
3365 4587 3454 4643 τοῦ
3530 4597 3690 4666 πυρὸς
3739 4595 3809 4657 εἰς

2202 4682 2401 4745 πνεῦμα
2440 4671 2635 4749 δρόσου
2686 4670 2995 4749 διασυρίξον
3052 4676 3373 4748 μεταϐαλὼν,
3422 4679 3657 4742 ἀϐλαϐεῖς
3688 4688 3806 4746 τοὺς

2202 4759 2393 4823 παῖδας
2469 4761 2692 4816 διέσωσε
2768 4785 2781 4798 ο
2859 4763 3124 4818 κάνταῦθα
3196 4767 3348 4819 πάλιν
3424 4769 3639 4840 ἄγγελος
3711 4777 3805 4830 τὴν

2203 4849 2482 4925 ὀξύρροπον
2532 4856 2621 4903 καὶ
2669 4849 2910 4923 φλογώδη
2956 4862 3050 4914 τῆς
3094 4850 3288 4916 ἡδονῆς
3342 4854 3511 4928 ἀκμὴν
3564 4858 3634 4920 εἰς
3706 4879 3805 4911 σω·

2202 4943 2461 5010 φροσύνης
2507 4937 2696 5015 δρόσον
2752 4940 3195 5014 μεταῤῥυθμίσας,
3255 4940 3450 5005 ἀσινεῖς
3491 4950 3614 5009 τοὺς
3665 4951 3804 5007 νέους

2203 5024 2501 5100 διετήρησε,
2561 5034 2649 5081 καὶ
2709 5034 2835 5105 πυρὶ
2900 5034 3095 5104 χόρτον
3180 5029 3411 5094 ἀϐλαϐῶς
3491 5032 3803 5096 συνδυάζειν

2201 5114 2561 5174 ἐπετήδευσεν.

2272 5204 2349 5257 Η’.
2402 5205 2542 5258 Ἐπεὶ
2592 5210 2762 5259 τοίνυν
2809 5210 2901 5265 τὴν
2956 5207 3009 5258 ἐκ
3066 5213 3349 5279 γεννήσεως
3399 5218 3490 5262 τοῦ
3540 5219 3799 5285 μακαρίου

2198 5297 2360 5367 μέχρι
2415 5295 2667 5365 συζυγίας
2724 5291 3051 5369 ἀναστροφὴν
3128 5296 3475 5368 ἀποχρώντως
3532 5296 3803 5358 ἐδηλώσα-

2172 5387 2454 5455 .μεν,φέρε
2513 5380 2579 5441 δὴ
2642 5383 2819 5435 λοιπὸν
2884 5390 2971 5436 xui
3036 5394 3134 5437 τῶν
3198 5385 3357 5437 αὐτοῦ
3424 5385 3800 5462 ἀγωνισμάτων

2200 5476 2415 5543 μερικήν
2466 5491 2580 5523 τινα
2624 5478 3012 5545 κατηχήσωμεν
3066 5475 3286 5546 ἔμφασιν
3364 5483 3478 5538 ταῖς
3528 5477 3802 5553 ὑμετέραις
