4110 6272
245 224 316 279 17
1553 229 1716 286 VITA
1755 229 1816 286 S.
1855 230 2324 290 THEOPHANIS.
3534 237 3605 295 18

243 350 445 414 άκοαῖς,
511 348 868 424 φιλόχριστοι.
927 353 1131 405 Τούτων
1189 352 1323 406 οὕτω
1375 354 1489 427 θείᾳ
1546 357 1713 408 νεύσει
1768 355 1843 408 οἰ-

1968 372 2345 415 communem
2368 361 2795 418 admoveamus
2815 361 3285 419 instructionem.
3309 363 3406 420 His
3420 363 3604 434 igitur

242 440 649 512 κονομηθέντων,
733 441 868 492 κατά
939 444 1124 516 μικρὸν
1216 449 1324 504 τοῖς
1397 447 1686 516 πενομένοις
1760 446 1844 496 τόν

1968 443 2158 500 divino
2189 452 2331 503 nutu
2358 448 2433 504 ad
2464 465 2602 504 eum
2630 450 2880 506 modum
2920 451 3269 518 constitutis,
3299 466 3437 508 cum
3478 467 3603 508 ma-

245 528 464 580 πλοῦτον
525 529 896 602 σκορπίζοντες
963 529 1012 581 ἐν
1070 532 1497 606 ὑποκεκρυμμένῃ
1571 531 1847 603 ὑπολήψει,

1968 549 2110 604 gnos
2138 534 2301 591 brevi
2327 537 2636 594 thesauros
2661 538 3032 610 pauperibus
3061 539 3308 595 latenter
3357 539 3604 596 dividis-

247 616 438 690 μᾶλλον
487 613 547 670 δε
595 614 668 670 δι’
720 618 886 671 αὐτῶν
939 618 1141 682 ἑαυτοῖς
1198 621 1621 695 θησαυρίζοντες,
1681 621 1850 674 λαθεῖν

1968 627 2108 686 sent,
2133 629 2236 680 aut
2277 626 2474 696 potius
2521 627 2663 700 ipsis
2695 627 2810 683 sibi
2840 643 2941 700 per
2969 643 3179 684 eorum
3206 644 3424 685 manus
3459 643 3604 684 con-

249 704 322 767 εἰς
349 704 492 768 τέλος
528 708 615 758 τόν
664 714 760 767 τῆς
806 711 966 781 κόρης
1021 707 1114 760 ούκ
1143 711 1379 780 ἴσχυσαν
1424 713 1642 782 πατέρα,
1686 706 1850 762 δεινόν

1968 710 2258 778 iidissent,
2275 713 2453 770 latere
2475 715 2697 771 diutius
2727 716 2935 788 puellae
2953 722 3178 788 patrem
3200 733 3314 773 non
3338 723 3602 789 potuere,

249 813 303 846 τε
354 798 496 860 ὄντα,
549 797 638 848 καὶ
709 793 903 862 ἀπηνῆ,
973 802 1062 850 καὶ
1150 796 1513 872 ἀπάνθρωπον,
1590 804 1679 852 καὶ
1738 798 1850 850 λίαν

1968 815 2230 856 severum
2261 803 2484 874 utique,
2515 803 2827 871 immitem,
2859 805 3281 871 inhumanum,
3313 809 3492 878 atque
3525 805 3604 863 ab

252 882 582 957 ἀνελεήμονα.
661 887 818 947 Γνοὺς
887 887 986 961 γὰρ
1061 892 1155 945 τὴν
1220 886 1502 946 καλλίστην
1577 896 1674 940 τῶν
1730 891 1850 940 νέων

1968 891 2122 944 omni
2138 892 2669 948 commiserationis
2692 893 2955 950 alienum
2975 893 3207 949 affectu.
3228 896 3605 966 Cognoscens

253 971 504 1047 ἐμπορίαν
556 973 582 1025 ό
647 973 990 1048 ταλαίπωρος,
1049 980 1138 1029 καὶ
1196 975 1490 1048 ἀποτυχίαν
1542 977 1730 1049 μᾶλλον
1794 975 1851 1029 τό

1968 993 2102 1047 ergo
2126 978 2326 1035 infelix
2352 996 2507 1046 eam,
2535 997 2722 1053 quam
2755 982 2896 1038 novi
2925 982 3096 1054 nupti
3127 981 3418 1054 optimam
3447 982 3609 1039 iusti-

252 1064 478 1134 γνωσθὲν
535 1062 565 1122 ἦ
626 1062 886 1116 εὐσέϐειαν
946 1065 1297 1138 ἡγησάμενος,
1349 1067 1586 1120 εἰσελθὼν
1641 1065 1690 1118 ἐν
1742 1073 1854 1127 τοῖς

1968 1073 2214 1134 tuerant,
2237 1070 2542 1126 mercandi
2581 1072 2758 1135 viam,
2789 1075 2844 1128 et
2884 1071 3051 1144 quod
3085 1076 3448 1141 cognoverat
3485 1087 3610 1128 non

254 1149 546 1224 βασιλείοις
596 1155 1038 1225 προσανατίθεται
1091 1162 1161 1225 τῷ
1215 1152 1426 1225 βασιλεῖ
1479 1163 1697 1207 τοιαῦτα
1753 1159 1850 1226 φή-

1968 1155 2162 1228 pietati
2192 1157 2518 1228 imputans,
2552 1159 2658 1214 sed
2676 1158 2996 1215 infelicitati
3038 1159 3338 1224 maximae,
3373 1161 3429 1215 in
3446 1160 3612 1232 pala-

254 1260 346 1302 σας
374 1259 388 1274 ο
419 1247 700 1314 Δυστυχῶ,
748 1241 989 1314 βασιλεῦ,
1042 1243 1127 1296 ἐπὶ
1170 1253 1242 1314 τῷ
1292 1243 1590 1318 ἀπράγμονι
1632 1243 1852 1318 γαμϐρῷ

1968 1245 2111 1300 tium
2135 1244 2214 1300 ad
2240 1245 2657 1317 imperatorem
2687 1262 3064 1318 progressus,
3095 1248 3178 1304 ita
3209 1247 3399 1305 fatur:
3431 1249 3475 1306 0
3515 1264 3610 1305 me

248 1349 350 1403 μου
379 1351 393 1364 σ
429 1335 722 1404 σκορπίσας
763 1335 865 1405 γὰρ
909 1333 1244 1404 κακιγκάκως
1287 1337 1374 1384 τόν
1422 1330 1561 1386 ἴδιον
1608 1334 1848 1397 πλοῦτον,

1968 1332 2399 1404 calamitosum,
2443 1333 2788 1406 imperator,
2825 1341 3069 1408 propter
3117 1338 3318 1406 generi
3365 1337 3483 1393 mei
3525 1337 3612 1394 in-

248 1416 372 1472 ούδὶ
406 1427 506 1472 τῶν
558 1428 650 1480 τῆς
699 1419 827 1492 ἐμῆς
881 1422 1140 1492 θυγατρός
1194 1419 1428 1492 ἐφείσατο
1481 1421 1801 1492 πραγμάτων
1837 1437 1848 1449 ·

1968 1419 2170 1476 ertiam
2204 1421 2215 1475 l
2251 1437 2395 1492 opes
2424 1423 2584 1478 enim
2615 1439 2756 1480 suas
2790 1423 3070 1495 pessimis
3099 1423 3439 1496 dilapidans
3483 1441 3612 1483 mo-

247 1505 355 1568 ἤδη
403 1510 505 1584 γὰρ
550 1512 639 1560 καὶ
669 1508 836 1560 αὐτῶν
886 1511 945 1560 τό
992 1508 1232 1560 πλεῖστον
1269 1513 1424 1583 μέρος
1471 1510 1710 1580 ἠφάνισε,
1760 1511 1848 1559 καὶ

1968 1506 2069 1575 :lis,
2098 1523 2172 1562 ne
2202 1507 2336 1564 ﬁliae
2379 1510 2622 1581 quidem
2662 1527 2776 1566 mae
2827 1509 3170 1568 substantia
3218 1512 3525 1580 abstinuit,
3559 1516 3617 1570 et

248 1594 372 1651 οὐδὲ
419 1601 595 1650 τέκνου
631 1598 661 1654 ἡ
704 1596 886 1655 ἐλεεινή
937 1616 1038 1669 μου
1084 1599 1317 1672 θυγάτηρ
1371 1597 1605 1660 ἀξιοῦται
1651 1604 1845 1668 γονῆς’

1968 1596 2090 1664 ejus
2114 1597 2444 1653 maximam
2469 1598 2597 1669 jam
2627 1604 2855 1670 partem
2876 1600 3267 1671 disperdidit:
3295 1601 3399 1656 sed
3420 1610 3615 1674 neque

247 1684 395 1759 οἶμαι
427 1683 485 1737 δὲ
542 1682 634 1738 διὰ
670 1688 729 1738 τό
775 1687 911 1738 κατά
956 1689 1128 1738 πάντα
1174 1685 1498 1758 ταλαίπωρον
1529 1691 1618 1738 καὶ
1653 1684 1847 1757 ἀπράγ-

1968 1683 2280 1747 liberorum
2307 1702 2377 1742 ex
2403 1702 2472 1742 eo
2503 1689 2910 1760 procreatione
2952 1689 3154 1745 infelix
3198 1688 3318 1745 ﬁlia
3357 1705 3490 1746 mea
3519 1690 3605 1746 di-

249 1795 381 1849 μονα
428 1772 578 1841 εἶναι,
638 1774 692 1827 ὃν
744 1783 913 1835 κακῶς
981 1773 1274 1849 ἐγνώρισεν.
1340 1774 1474 1827 Ἀλλ’
1538 1774 1583 1827 εἰ
1638 1774 1846 1839 κελεύει,

1968 1788 2081 1843 gna
2102 1774 2400 1831 invenitur
2429 1791 2444 1842 ;
2475 1775 2729 1848 ideoque
2758 1791 2862 1848 per
2887 1777 3092 1834 omnia
3143 1778 3427 1834 miserum
3474 1793 3615 1835 eum

251 1869 404 1938 φησὶ,
447 1867 506 1916 τό
551 1866 734 1937 κράτος
781 1882 895 1930 σου,
947 1867 1132 1936 μικρὸν
1177 1863 1454 1917 ἀνανεῦσαι
1501 1863 1556 1916 ἐκ
1607 1871 1701 1926 τῆς
1750 1883 1855 1916 τοι·

1968 1866 2140 1934 atque
2161 1861 2446 1934 ignavum
2469 1879 2704 1928 censeo,
2723 1879 2903 1936 quem
2924 1865 3124 1921 omine
3147 1865 3323 1937 plane
3354 1866 3616 1924 infausto

251 1957 416 2015 αύτης
466 1953 722 2028 ῥᾳθυμίας
768 1956 826 2004 τὸ
879 1951 998 2024 ἐμόν
1045 1961 1234 2026 γῆρας,
1285 1961 1466 2006 τοῦτον
1514 1949 1855 2024 ἐκδημοσίοις

1968 1951 2255 2021 cognovit.
2294 1951 2408 2007 Sed
2436 1951 2484 2006 si
2517 1952 2792 2022 majestas
2823 1957 2927 2010 tua
2963 1958 3209 2020 annuat,
3240 1958 3304 2011 ut
3346 1959 3618 2012 senectus

255 2041 680 2114 ἀπασχολείσθαι
717 2042 998 2114 πράγμασι
1045 2040 1223 2116 πόρῥω
1270 2061 1370 2095 που
1410 2041 1674 2102 κελεύσοις
1731 2060 1856 2094 στα-

1968 2055 2102 2097 mea
2131 2039 2210 2096 ab
2241 2039 2537 2110 ejusmodi
2566 2040 2881 2112 paululum
2927 2041 3180 2114 respiret
3227 2047 3283 2099 et
3330 2043 3618 2101 relevetur

251 2132 421 2196 λῆναι,
469 2134 628 2204 μήπω
681 2130 752 2191 εἰς
810 2129 947 2190 τέλος
987 2136 1091 2191 τοῖς
1139 2129 1252 2182 λίαν
1305 2129 1666 2202 ἐστερημένοις
1701 2149 1859 2182 κατα-

1968 2129 2196 2194 inertia,
2216 2129 2423 2200 procul
2449 2144 2587 2185 eum
2603 2129 2844 2199 jubebis
2870 2131 3204 2197 amandari,
3227 2131 3487 2204 publicis
3515 2132 3618 2189 ali-

256 2223 495 2297 ριθμήση
528 2239 627 2292 μου
655 2221 712 2271 τὸ
763 2220 1059 2290 θυγάτριον.
1111 2220 1266 2271 Πόθεν
1297 2221 1397 2292 γὰρ
1450 2215 1739 2289 διδαχθεὶς
1767 2222 1859 2275 τὴν

1970 2217 2107 2272 cubi
2136 2218 2386 2286 negotiis
2411 2221 2776 2288 vacaturum,
2807 2234 2881 2274 ne
2910 2219 3156 2274 demum
3187 2221 3425 2292 penitus
3476 2236 3616 2293 spo-

256 2309 661 2380 ἀπονενοημένην
737 2310 930 2364 ταύτην
992 2307 1244 2382 ἐμπορίαν
1322 2307 1416 2359 οῦκ
1511 2305 1800 2378 ἐπίσταμαι
1843 2322 1856 2335 ·

1970 2305 2128 2362 liatis
2178 2305 2361 2361 ﬁliola
2414 2321 2550 2361 mea
2606 2310 3047 2362 annumeretur.
3109 2308 3396 2380 Equidem
3459 2309 3618 2364 unde

251 2402 422 2472 ὥσπερ
491 2416 568 2456 τις
644 2391 860 2468 ἀνδριὰς
934 2395 1169 2467 χαλκοῦς
1236 2394 1478 2456 ἀκίνητος
1531 2398 1668 2467 μένει
1733 2397 1865 2469 πρὸς

1973 2394 2215 2450 edoctus
2245 2394 2320 2448 sit
2346 2394 2620 2450 insanam
2641 2393 2803 2450 illam
2831 2395 3067 2451 vivendi
3091 2411 3387 2461 normam,
3413 2397 3618 2453 intelli-

246 2491 415 2561 ἔφεσιν
463 2494 563 2538 τῶν
617 2493 862 2559 τερπνῶν,
935 2490 1023 2537 καὶ
1082 2489 1140 2537 τό
1198 2481 1264 2542 δή
1323 2483 1708 2556 χαλεπώτερον,
1769 2483 1854 2535 ὁῖα

1975 2497 2111 2552 gere
2159 2497 2413 2553 nequeo,
2462 2483 2566 2553 qui
2605 2483 2794 2538 instar
2836 2498 3016 2538 aeneae
3049 2487 3259 2539 statum
3293 2483 3617 2540 immobilis

253 2575 528 2647 συμϐαίνει
593 2573 836 2634 πολλάκις
887 2581 994 2634 τοίς
1045 2574 1351 2636 ἐξεστηκόσι
1401 2577 1487 2626 τόν
1539 2580 1677 2639 νοῦν,
1736 2575 1863 2647 πρὸς

1973 2574 2282 2643 permanet
2307 2570 2383 2626 ad
2401 2569 2700 2626 desideria
2720 2570 3090 2642 voluptatum
3112 2589 3125 2638 ;
3145 2572 3418 2644 quodque
3438 2573 3617 2629 etiam

253 2666 278 2719 ὃ
324 2685 376 2717 τι
405 2663 464 2716 ἆν
519 2663 706 2735 αἰτηθῇ
759 2665 816 2714 τό
865 2663 1108 2736 ὑπάρχον
1166 2662 1307 2733 αύτῷ
1350 2663 1526 2737 ῥᾷστα
1564 2666 1862 2734 παρασχὼν

1975 2635 2279 2715 molestius
2325 2658 2559 2722 accidit,
2590 2658 2750 2714 velut
2778 2635 3053 2715 usuvenit
3085 2635 3264 2732 saepe,
3315 2635 3612 2733 quidquid

255 2755 618 2828 ἀποστερεῖται
686 2753 944 2823 ὁσημέραι
1008 2758 1100 2812 τῆς
1167 2752 1358 2813 οἰκείας
1433 2755 1697 2825 εύπορίας,
1766 2751 1864 2821 μά-

1973 2746 2051 2802 ab
2068 2747 2247 2802 obvio
2263 2748 2474 2818 quovis
2487 2747 2658 2803 fuerit
2670 2747 3004 2819 postulatus
3017 2747 3297 2805 facillime
3321 2748 3613 2821 praebens,

255 2844 414 2896 λιστα
458 2849 562 2900 τοῖς
600 2837 807 2910 ψευδῶς
855 2844 1030 2891 πενίαν
1067 2844 1554 2912 προσποιουμένοις.
1607 2835 1751 2895 ’Πδη
1802 2835 1862 2890 δὲ

1973 2839 2039 2890 ut
2077 2839 2274 2890 mente
2321 2835 2476 2907 capti
2514 2835 2710 2892 facere
2744 2851 2902 2906 saepe
2935 2835 3144 2902 solent,
3190 2836 3310 2891 suis
3351 2837 3617 2909 quotidie

260 2938 348 2985 καὶ
393 2939 490 2982 τῶν
541 2929 775 2999 κεράμων
832 2927 990 2978 αὐτοῦ
1044 2927 1137 2978 οῦκ
1183 2927 1466 2991 ἀνθέξεται,
1500 2928 1642 3000 εἰμὴ
1679 2931 1860 2979 θᾶττον

1972 2923 2236 2996 privatur
2260 2924 2500 2996 opibus,
2528 2927 2589 2980 in
2615 2940 2719 2980 eos
2755 2925 3014 2981 maxime
3033 2925 3315 2989 liberalis,
3346 2927 3444 2998 qui
3474 2942 3619 2998 pau-

260 3025 408 3091 πενίᾳ
461 3015 838 3091 περιστιχθεὶς,
904 3015 1077 3075 ἱκανός
1140 3019 1352 3085 γένηται
1417 3019 1544 3089 πρὸς
1615 3019 1709 3071 τὴν
1762 3023 1861 3066 τῶν

1974 3012 2200 3084 periem
2222 3012 2520 3069 simulant.
2546 3013 2813 3069 Profecto
2832 3029 2906 3068 ne
2934 3013 3275 3085 ﬁglinorum
3293 3014 3538 3087 quidem
3564 3014 3617 3070 ei

260 3110 458 3164 οἰκείων
483 3105 800 3180 πραγμάτων
823 3101 1168 3177 ἐπικράτειαν.

1971 3099 2143 3169 copia
2163 3106 2453 3171 suppetet,
2477 3101 2591 3156 nisi
2615 3101 2975 3173 quantocius
3008 3102 3085 3158 ab
3113 3118 3183 3158 ea
3212 3119 3334 3174 qua
3362 3103 3617 3174 cingitur

1968 3187 2169 3259 inepia
2204 3187 2392 3243 factus
2435 3189 2802 3259 prudentior,
2836 3190 3090 3246 idoneus
3133 3191 3236 3248 ﬁat
3264 3193 3443 3248 rebus
3495 3193 3616 3248 suis

1969 3273 2313 3330 retinendis.

329 3369 390 3422 6'
432 3370 533 3420 Καὶ
603 3360 670 3423 δὴ
722 3365 906 3416 θᾶττον
949 3361 1220 3422 κληθέντος
1276 3368 1367 3413 τοῦ
1410 3365 1675 3436 μακαρίου
1730 3364 1860 3436 πρὸς

2040 3363 2128 3418 ΙΧ.
2173 3365 2322 3434 Ergo
2361 3362 2678 3419 accersitus
2733 3363 3013 3420 continuo
3071 3363 3149 3420 ad
3197 3364 3619 3437 imperatorem

256 3464 346 3509 τοῦ
406 3453 684 3529 βασιλέως,
743 3451 1005 3505 στέλλεται
1059 3451 1182 3523 παρ’
1245 3450 1405 3503 αὐτοῦ
1472 3449 1556 3502 ἐπὶ
1598 3453 1663 3503 τὰ
1727 3455 1856 3524 μέρη

1969 3451 2197 3516 beatus,
2230 3451 2544 3521 ablegatur
2569 3451 2648 3506 ab
2678 3451 2826 3508 eoin
2850 3458 3046 3524 partes
3067 3453 3407 3525 Cyzicenas,
3431 3455 3622 3526 publi-

258 3546 488 3607 Κυζίκου
538 3549 666 3617 πρός
697 3538 969 3614 δημοσίων
1008 3549 1156 3592 τινῶν
1187 3541 1504 3613 πραγμάτων
1546 3535 1812 3597 διοίκησιν
1843 3561 1856 3573 ο

1969 3556 2179 3596 corum
2205 3540 2613 3612 quorumdam
2638 3540 3012 3610 negotiorum
3043 3540 3235 3612 gratia
3267 3557 3281 3594 :
3315 3547 3438 3598 erat
3462 3542 3621 3599 enim

257 3632 318 3693 ἦν
361 3636 462 3706 γὰρ
511 3638 600 3684 καὶ
651 3631 931 3705 βασιλικοῦ
980 3628 1293 3701 ἀξιώματος,
1335 3628 1393 3680 ού
1451 3636 1550 3680 τῶν
1611 3627 1658 3679 ἐν
1706 3627 1856 3695 τέλει,

1973 3631 2148 3700 regiae
2185 3629 2490 3698 dignitatis
2528 3630 2588 3684 in
2629 3629 2787 3697 aula,
2829 3645 2950 3685 non
2998 3633 3198 3685 tamen
3246 3645 3478 3697 eorum,
3520 3633 3624 3704 qui

260 3723 368 3777 ἀλλ’
419 3725 684 3795 ὑπηρέτης
738 3729 838 3773 τῶν
900 3717 1189 3792 βασιλικῶν
1233 3721 1629 3788 κεκοσμημένων
1671 3718 1858 3783 ἵππων,

1971 3717 2302 3790 principem
2315 3717 2511 3772 locum
2530 3717 2694 3788 apud
2705 3733 2843 3772 eum
2857 3717 3222 3784 obtinebant,
3241 3718 3344 3774 sed
3360 3719 3627 3776 minister

260 3813 344 3875 οὓς
393 3809 460 3871 δὴ
526 3813 831 3884 στράτωρας
883 3807 1052 3860 καλεῖν
1104 3809 1133 3864 ἡ
1189 3806 1331 3868 τάξις
1379 3806 1624 3859 εἰθισται.
1665 3807 1860 3856 Τούτου

1972 3821 2262 3879 equorum
2277 3805 2575 3875 regiorum
2589 3805 3015 3876 elegantiarum
3036 3807 3137 3878 (3')
3159 3806 3311 3862 inter
3334 3823 3454 3877 eos,
3474 3823 3625 3880 quos

263 3901 322 3957 δὲ
391 3909 483 3954 τοῦ
531 3901 939 3972 προστάγματος
1003 3903 1074 3966 τῷ
1153 3899 1393 3967 μακαρίῳ
1448 3890 1706 3961 δοθέντος,
1774 3897 1861 3945 καὶ

1975 3898 2254 3952 stratores
2296 3895 2376 3966 (4)
2417 3894 2726 3949 consuevit
2759 3893 2906 3950 ordo
2951 3895 3030 3966 (5)
3077 3895 3408 3951 nominare.
3454 3896 3627 3962 Quod

264 3998 436 4066 χαρᾶς
478 3989 617 4058 αύτῷ
648 3987 707 4040 ού
755 3995 852 4048 τῆς
899 3987 1172 4057 τυχούσης
1205 3984 1602 4057 περιχυθείσης,
1653 3985 1722 4044 ὡς
1765 3981 1865 4034 ἑτέ-

1976 3999 2114 4038 cum
2155 3982 2248 4038 ille
2303 3981 2657 4038 mandatum
2705 3983 3054 4053 accepisset,
3081 3982 3402 4056 laetitiaque
3449 4000 3522 4040 ex
3555 3999 3625 4041 eo

265 4101 361 4156 ρας
405 4079 636 4152 ἀφορμῆς
685 4076 824 4146 αύτῷ
864 4083 954 4135 τῆς
994 4073 1048 4126 ἐκ
1104 4081 1194 4126 τοῦ
1235 4078 1434 4144 κόσμου
1481 4070 1866 4144 ἀναχωρήσεως

1976 4075 2128 4127 esset
2171 4086 2292 4126 non
2317 4071 2541 4141 vulgari
2572 4071 2867 4142 perfusus,
2900 4075 3190 4142 tanquam
3223 4073 3317 4127 cui
3347 4087 3507 4129 nova
3530 4072 3625 4128 di-

272 4171 440 4224 θεόθεν
497 4167 947 4238 οἰκονομηθείσης,
995 4164 1060 4215 τὰ
1100 4164 1225 4236 πρὸς
1279 4167 1373 4218 τὴν
1425 4157 1546 4212 ὁδόν
1603 4164 1866 4232 συντόμως

1981 4160 2193 4215 vinitus
2207 4159 2515 4214 offerretur
2536 4159 2774 4214 occasio
2789 4159 2998 4214 mundi
3016 4160 3251 4231 penitus
3271 4159 3620 4217 deserendi:

269 4258 585 4332 ηὐτρέπιστο
630 4251 903 4313 ἐπιτήδεια
943 4270 956 4282 ·
997 4257 1086 4304 καὶ
1116 4255 1373 4326 πρόφασιν
1420 4249 1674 4322 μαλακίας
1708 4267 1866 4322 προσ-

1980 4247 2273 4320 quidquid
2301 4248 2378 4302 ad
2393 4247 2498 4302 iter
2517 4245 2923 4302 necessarium
2944 4253 3264 4318 eratquam
3276 4246 3626 4305 brevissime

267 4348 636 4419 ποιησάμενος,
722 4347 837 4403 τοῦς
920 4344 1010 4414 μὲν
1076 4339 1212 4410 αύτῷ
1293 4340 1707 4410 ὑπηρετήσοντας
1779 4332 1866 4388 διὰ

1981 4335 2316 4408 apparavit,
2333 4335 2728 4408 simulatoque
2749 4333 3109 4390 inﬁrmitatis
3129 4341 3418 4408 praetextu
3435 4336 3628 4394 famu-

267 4445 360 4491 τοῦ
414 4396 614 4512 δρΓόμου
663 4436 962 4505 πεπομφὼς,
1012 4429 1170 4491 αύτός
1227 4426 1273 4479 ἐν
1326 4423 1655 4498 ταχυδρόμῳ
1710 4424 1866 4497 πλοίῳ

1981 4425 2070 4481 los
2100 4440 2310 4480 omnes
2344 4440 2484 4480 suos
2528 4439 2636 4495 per
2684 4439 2925 4480 cursum
2975 4424 3281 4496 praemisit,
3310 4425 3433 4496 ipse
3484 4442 3626 4482 vero

270 4511 466 4591 ἐπιϐὰς,
522 4520 903 4595 καταλαμϐάνει
940 4522 1000 4572 τό
1048 4525 1140 4572 τοῦ
1177 4516 1403 4591 μεγάλου
1460 4523 1696 4588 ποταμοῦ
1753 4519 1866 4568 στό-

1981 4515 2242 4571 celocem
2273 4512 2700 4583 conscendens,
2728 4512 2805 4569 ad
2835 4511 3040 4584 Magni
3070 4512 3150 4585 (6)
3177 4512 3443 4570 ﬂuminis
3491 4530 3624 4587 per-

342 4651 437 4722 (3')
494 4652 711 4705 Eorum
766 4645 1027 4722 scilicet,_
1058 4660 1214 4717 quos
1270 4645 1524 4722 σγρτούς.
1556 4640 1866 4722 βασιλικούς

1976 4639 2310 4722 βοᾶτεῑιιιᾳι
2341 4639 2510 4703 Goar,
2545 4637 2877 4722 nominatis
2900 4652 3054 4722 quos
3079 4637 3341 4722 sequitur
3375 4641 3624 4722 auctori-

273 4707 513 4793 ἱππούςα
542 4735 727 4792 equos
750 4717 944 4793 regios
958 4707 1033 4772 ad
1047 4707 1598 4793 ni_anutn_ducendos
1619 4733 1646 4766 »
1667 4713 1866 4784 appel-

1976 4713 2112 4776 bus,
2141 4710 2445 4793 explicans
2471 4708 2616 4793 quid
2650 4707 3186 4793 muneris‘baberet
3205 4713 3618 4793 ῃνοεοεινιιιονΞ

270 4795 356 4851 lat
371 4779 628 4848 Codinus
649 4779 1204 4861 Curopalatac.5,n.
1234 4786 1377 4856 ll,in
1405 4800 1664 4857 quorum
1680 4779 1867 4861 unum
1975 4798 2147 4855 quem
2176 4779 2573 4861 stratoremiet
2601 4779 2866 4861 comitem
2900 4783 2967 4861 et
2998 4779 3392 4861 domesticum.
3419 4782 3622 4861 vocari

273 4849 846 4934 cumimperatorerh
869 4849 1483 4934 stratores_levassent,
1509 4855 1869 4934 sequebatur
1977 4849 2431 4934 nonnunquam,
2463 4855 2519 4906 et
2543 4852 2818 4931 senatorii
2839 4849 3066 4934 ordinis
3088 4850 3313 4934 haberi,
3343 4851 3622 4934 etdecre-

275 4921 602 4992 vacuorum
625 4947 914 5004 equorum
934 4929 1291 5004 magniﬁcus
1309 4921 1622 4984 comitatus
1647 4943 1660 4981 :
1692 4927 1866 5004 cujus
1976 4921 2470 5004 scenteAimperio,
2503 4922 2686 4977 aciem
2719 4936 2875 5004 saepe
2902 4921 3141 5001 duxisse
3161 4921 3438 5004 ostendit.

275 4991 608 5064 instituendi
627 4991 1166 5075 originemCodinus
1184 5001 1259 5055 ad
1280 4991 1868 5075 imperatorem’l‘b'eo-
2045 4995 2123 5068 (5)
2143 4991 2513 5075 ‘Oiﬁciorum
2540 4991 3122 5075 acuministeriorum
3169 4991 3464 5048 curialum
3508 5007 3622 5050 no-

275 5064 998 5152 philumrcfertfquicum
1019 5064 1867 5152 aliquandoequum.cui_insi-
1977 5064 2915 5152 ωεξῐξριξξυτ,θοιὶοιᾷἰεςςξὺωίρχη
2974 5131 3169 5152 lum
3217 5148 3238 5152 Α
3291 5132 3536 5152 “sua;

274 5131 778 5216 (lie—batjcessisset
810 5143 1058 5208 mulieri,
1093 5131 1221 5216 e'um
1250 5148 1309 5198 ut
1337 5131 1656 5216 viraptum
1682 5139 1869 5195 vindi-
1979 5138 2123 5216 μιᾷ)
2157 5135 2525 5216 Fluvius_l1ic
2561 5134 2922 5216 Olympeuos
2951 5131 3171 5216 dividit
3213 5148 3249 5188 a
3290 5132 3574 5216 Sigri-anois
3604 5151 3618 5216 ξ

275 5194 1084 5290 haﬁ'dé'éciacﬁié'ééé‘ét
1099 5194 1557 5284 b‘i‘iima'oiiv'm'm
1581 5226 1866 5290 conscen-
1978 5194 2286 5290 Etolémmo
2303 5214 2358 5262 et
2388 5194 2696 5290 Plutarcﬁo
2716 5194 2930 5290 (inquit
2950 5203 3009 5290 i'n
3035 5204 3328 5290 Tlma‘uro
3348 5194 3622 5290 6rtelius)

272 5274 828 5355 dere,'coiistituerit
851 5285 990 5342 utin
1012 5274 1255 5358 omnem
1281 5287 1557 5358 eventum
1584 5282 1866 5352 deinceps
1978 5279 2332 5358 Rhyndacus
2377 5274 3149 5358 nominaturgolimlltycus
3187 5275 3397 5358 dictus,
3440 5274 3622 5358 Plinio

274 5345 656 5430 sequerentur
685 5358 821 5430 equi
847 5356 1183 5412 sessoribus
1212 5355 1400 5410 vacui.
1487 5422 1506 5430 _
1678 5429 1681 5430 ν
1797 5345 1815 5352 ’
1977 5345 2234 5430 resignat
2252 5349 2564 5430 recentiori
2595 5345 2865 5430 nomine,
2887 5351 2949 5401 ut
2994 5345 3083 5402 est
3131 5345 3291 5418 apud
3331 5345 3619 5418 Apollonii

370 5417 473 5506 ι)“‹‹
502 5417 836 5506 Stratorum
856 5443 1074 5506 munus
1100 5431 1459 5506 eratequum
1481 5422 1647 5478 freno
1672 5429 1867 5506 tenere
1977 5419 2364 5486 Scholiasten,
2393 5423 2669 5492 Μέγιστος,
2698 5417 3011 5476 Maximus.

279 5510 336 5562 et
354 5493 786 5562 ‘conscendenti
825 5497 1166 5571 imperatori
1194 5493 1373 5571 opem
1405 5494 1554 5551 ferre
1585 5512 1598 5552 :
1632 5513 1660 5547 η
1695 5493 1776 5551 ita
1806 5493 1866 5550 in
