4110 6272
423 267 493 323 19
1780 257 2049 316 MENSIS
2090 255 2424 312 MARTIUS.
3712 257 3784 314 20

422 389 583 446 venit
608 387 828 444 ostium
857 404 869 442 :
906 403 977 443 ac
1005 386 1264 459 denique
1294 386 1344 441 ei
1372 402 1503 459 quae
1531 385 1657 441 istic
1704 388 1791 441 est
1836 382 2064 452 regioni

2177 402 2291 455 μιον
2334 401 2346 414 ο
2376 386 2466 435 καὶ
2517 381 2737 440 πλησίον
2767 380 2944 433 λοιπὸν
2976 387 3072 443 τῆς
3119 378 3305 433 ἐκεῖθεν
3352 398 3617 453 γενόμενος
3657 389 3780 455 γῆς,

424 476 932 554 appropinquans,
980 475 1291 547 tranquillo
1337 490 1517 530 cursu
1560 474 1669 529 iter
1719 471 2070 528 conﬁciebat

424 584 621 629 suum,
653 564 891 637 quando
932 565 1192 619 lustrans
1242 568 1535 635 praerupta
1568 563 1717 633 ejus,
1750 560 1843 632 qui
1883 562 1941 615 in
1987 561 2066 615 Si-

424 657 594 729 grina
608 658 716 719 est,
734 652 953 708 montis
967 652 1177 721 littora,
1195 652 1393 707 divina
1412 651 1675 724 quadam
1692 649 2068 722 providentia

420 743 704 818 profundi
743 741 1058 812 cujusdam
1102 740 1412 812 prtecipitii
1451 742 1647 795 lucum
1698 740 1935 803 invenit,
1968 737 2068 792 sil-

420 837 677 888 vestrem
705 830 883 902 plane
915 845 983 885 ac
1013 845 1406 885 cavernosum
1439 846 1452 895 ;
1480 830 1549 884 ad
1564 845 1743 901 quem
1768 844 1797 882 e
1834 827 2067 897 navigio

425 919 814 984 descendens,
849 923 1028 989 atque
1058 919 1439 973 exscensione
1478 917 1654 985 facta,
1688 916 1851 971 solus
1895 916 2069 971 taedio

423 1010 644 1066 itineris
679 1007 1022 1079 compulsus
1056 1006 1218 1073 abiit,
1252 1006 1474 1062 caeteris
1502 1007 1557 1061 in
1590 1007 1720 1061 navi
1768 1005 2070 1077 imperans

418 1113 548 1154 sese
580 1101 643 1152 ut
671 1095 893 1151 ibidem
917 1094 1100 1167 quieti
1132 1100 1562 1167 exspectarent.

490 1189 548 1242 Χ.
579 1188 1029 1253 Recognoscens
1057 1198 1190 1238 vero
1213 1183 1523 1253 diligenter
1544 1182 1763 1247 locum,
1787 1186 1964 1253 atque
1988 1181 2064 1236 ad

421 1274 873 1332 exercitationes
898 1270 1139 1342 spiritus
1160 1271 1549 1342 peridoneum
1576 1270 1894 1342 utilemque
1912 1271 2045 1324 inve

414 1364 576 1421 nisse
634 1361 893 1431 gavisus,
930 1359 990 1414 in
1040 1366 1271 1431 partem
1326 1376 1450 1415 sese
1501 1364 1777 1414 oraturus
1825 1358 2063 1429 recepit,

416 1454 604 1508 Deum
637 1450 986 1522 deprecans,
1022 1453 1105 1511 ut,
1133 1450 1294 1519 quod
1326 1447 1647 1519 expediens
1687 1450 1840 1502 esset
1862 1447 1922 1501 id
1963 1446 2069 1501 sibi

416 1540 722 1597 revelaret.
759 1537 1048 1591 Diuturna
1078 1542 1278 1591 autem
1307 1536 1628 1591 multarum
1652 1536 1931 1590 horarum
1974 1550 2067 1603 ge-

416 1628 757 1685 nuﬂexione
778 1625 1056 1680 deﬁciens
1075 1641 1211 1680 cum
1241 1624 1553 1696 paululum
1572 1623 2069 1688 resedisset,velut

2175 469 2569 545 γαληνοδρομίᾳ
2629 476 2722 529 τὴν
2784 475 2993 543 πορείαν
3062 469 3309 536 ἐποιεῖτο,
3368 474 3779 544 καταμανθάνων

2174 566 2237 615 τὰ
2285 558 2597 636 κρημνώδεα
2671 568 2762 613 τοῦ
2833 569 2916 620 τῆς
2978 568 3254 633 Σιγριανῆς
3320 560 3470 634 ὄρους
3527 563 3775 637 παράλια.

2179 655 2320 705 Κατά
2376 647 2463 703 οὖν
2530 653 2666 703 θείαν
2719 652 2834 702 τινα
2899 654 3143 723 πρόνοιαν
3212 649 3597 722 καταλαμϐάνει
3664 655 3782 704 τινὰ

2179 740 2546 813 βαθύκρημνον
2589 740 2815 811 λόχμην,
2866 735 3079 798 ἀλσώδη
3113 758 3167 792 τε
3206 744 3295 791 καὶ
3340 737 3581 813 ἀντρώδη
3618 758 3631 771 ’
3690 748 3781 795 καὶ

2179 828 2371 888 ἀποϐὰς
2406 832 2454 882 ἐν
2498 828 2637 900 αύτῷ
2668 828 2767 881 ἀπὸ
2812 836 2903 881 τοῦ
2940 828 3146 894 πλοίου,
3199 833 3353 901 μόνος
3380 836 3440 901 τῇ
3486 826 3780 903 δυσχέρείᾳ

2181 918 2520 991 βεϐιασμένος
2597 917 2799 984 ἀνῆλθε,
2877 924 2980 978 τοῖς
3054 917 3228 981 ἄλλοις
3285 917 3566 992 ἐπιτρέψας
3614 918 3662 972 ἐν
3708 929 3780 991 τῷ

2178 1007 2340 1079 πλοίῳ
2366 1008 2396 1065 ἠ
2408 1015 2549 1079 συχῆ
2573 1010 2757 1080 μένειν.

2252 1170 2312 1222 I'.
2363 1171 2634 1242 Διαμαθὼν
2692 1166 2751 1221 δὲ
2806 1171 2891 1221 τὸν
2946 1173 3101 1222 τόπον
3154 1167 3392 1244 ἀκριϐῶς,
3448 1173 3537 1222 καὶ
3598 1171 3782 1231 ἡσθεὶς

2180 1256 2469 1317 ἐπιτήδειον
2524 1256 2651 1311 εἶναι
2701 1261 2829 1332 πρὸς
2883 1258 3125 1330 ψυχικὴν
3192 1258 3451 1330 ὠφέλειαν,
3504 1258 3777 1331 εὐξάμενος

2180 1345 2239 1401 δὲ
2284 1349 2400 1400 κατ’
2434 1345 2595 1413 ἰδίαν,
2646 1352 2734 1399 καὶ
2784 1351 2868 1399 τὸν
2922 1352 3049 1401 Θεὸν
3097 1351 3154 1399 τὸ
3204 1352 3462 1420 συμφέρον
3511 1350 3781 1411 ἱκετεύσας

2178 1436 2531 1507 ἀποκαλύψαι,
2582 1442 2853 1507 κεκμηκώς
2897 1433 2956 1488 δὲ
2987 1436 3040 1487 ἐκ
3089 1444 3184 1499 τῆς
3232 1435 3315 1488 ἐπὶ
3346 1436 3595 1499 πλείστας
3639 1439 3776 1511 ὧρας

2177 1529 2451 1597 γενομένης
2502 1526 2586 1576 ὑπ’
2637 1525 2794 1577 αύτοῡ
2844 1525 3198 1596 γονυκλισίας,
3250 1530 3338 1577 καὶ
3388 1530 3575 1599 μικρὸν
3627 1530 3778 1580 καθε-

2181 1615 2341 1678 σθεὶς,
2401 1614 2469 1674 ὠς
2520 1612 2568 1663 έν
2618 1611 2862 1665 ἐκστάσει
2940 1618 3137 1685 γέγονε,
3191 1619 3281 1666 καὶ
3345 1615 3778 1690 όρᾴκγρηγοροῦ-

417 1718 476 1774 in
492 1717 709 1772 exstasi
725 1714 909 1770 factus
924 1719 1007 1770 est
1021 1712 1182 1783 prius
1198 1713 1500 1786 oculisque
1516 1712 1886 1783 vigilantibus
1901 1711 2064 1779 vidit,

2182 1721 2262 1754 σιν
2312 1701 2594 1774 ὀφθαλμοῖς
2636 1705 2720 1753 τὸν
2769 1705 3089 1777 προφανέντα
3136 1702 3276 1773 αύτῷ
3325 1706 3373 1755 ἓν
3422 1712 3480 1776 τῇ
3537 1701 3778 1758 παστάδι

420 1821 580 1870 eum,
645 1804 747 1875 qui
813 1817 875 1857 1n
935 1800 1199 1857 thalamo
1258 1801 1369 1856 sibi
1433 1806 1812 1873 apparuerat,
1875 1800 2069 1871 splen-

420 1892 809 1951 didissimum
840 1890 1033 1945 virum
1068 1906 1082 1956 ;
1114 1891 1211 1963 qui
1236 1906 1451 1946 manus
1490 1896 1736 1945 extentas
1762 1889 1948 1959 digito
1987 1889 2069 1945 lo-

420 1999 557 2040 cum
589 1980 910 2052 designans
939 1995 952 2034 :
984 1981 1141 2033 Tuus
1163 1979 1429 2051 quidem,
1457 1978 1667 2049 inquit,
1700 1994 1887 2044 socer,
1912 1979 2068 2049 ejus-

419 2071 678 2141 demque
706 2084 840 2123 cum
874 2083 944 2123 eo
976 2067 1194 2122 mentis
1236 2068 1559 2138 imperator
1601 2068 1751 2122 intra
1788 2068 2066 2137 exiguum

419 2164 655 2231 tempus
686 2173 757 2212 ex
785 2156 901 2212 hac
929 2155 1046 2211 vita
1094 2155 1400 2211 discedent
1429 2174 1440 2211 :
1477 2161 1616 2212 tunc
1649 2161 1846 2211 autem
1889 2157 2067 2212 bonis

421 2248 558 2313 tuis,
587 2246 823 2302 nemine
855 2260 915 2299 se
948 2250 1307 2316 opponente,
1343 2246 1401 2299 in
1430 2261 1721 2316 pauperes
1747 2245 1928 2301 libere
1954 2246 2069 2300 dis-

422 2335 681 2400 tributis,
717 2336 832 2388 huc
877 2333 1198 2387 adVeniens
1241 2339 1546 2404 acceptam
1591 2334 1712 2389 Deo
1757 2334 1935 2389 vitam
1984 2334 2066 2389 in-

423 2423 649 2479 stitues.
682 2424 797 2476 Hac
828 2420 1006 2490 igitur
1030 2420 1399 2492 apparitione
1426 2421 1671 2476 edoctus
1700 2421 1906 2477 beatus
1933 2438 2067 2493 quas

424 2513 501 2568 ad
517 2527 685 2566 suam
699 2509 1115 2565 conducebant
1134 2510 1648 2581 utilitatem,atque
1663 2510 1740 2565 ad
1756 2511 2070 2581 Cyzicenas

423 2605 621 2673 partes
654 2598 828 2669 paulo
859 2603 991 2670 post
1034 2597 1340 2669 appulsus,
1375 2599 1645 2669 injuncto
1690 2598 1800 2653 sibi
1833 2598 2070 2667 negotio

423 2704 607 2761 quam
636 2687 915 2743 citissime
934 2686 1225 2751 confecto,
1251 2691 1475 2741 rectum
1504 2687 2069 2758 Constantinopolim

426 2792 668 2832 cursum
696 2774 881 2830 tenuit
910 2791 922 2828 :
955 2775 1407 2845 etquassitorum
1440 2791 1474 2830 a
1500 2791 1560 2830 se
1592 2791 1920 2845 congruam
1949 2778 2073 2830 red-

426 2865 575 2921 dens
602 2863 946 2935 imperatori
973 2863 1285 2928 rationem,
1315 2863 1504 2918 altiori
1536 2863 1715 2919 etiam
1758 2865 1949 2933 gradu
1987 2868 2073 2920 est

426 2953 503 3009 ab
525 2968 594 3007 eo
616 2953 964 3019 honoratus,
993 2956 1171 3022 atque
1192 2951 1341 3006 inter
1365 2951 1697 3024 spatharios
1734 2953 1808 3025 (7)
1831 2952 2072 3008 allectus

2179 1788 2429 1863 φωτοειδῆ
2474 1788 2663 1864 ἄνδρα,
2708 1796 2802 1849 τὴν
2843 1799 3003 1866 χεῖρα
3053 1791 3386 1865 ἐπιτεταμένην
3428 1796 3638 1865 ἔχοντα,
3691 1800 3780 1847 καὶ

2176 1888 2248 1950 τῷ
2281 1877 2518 1951 δακτύλῳ
2558 1884 2642 1932 τόν
2690 1885 2842 1933 τόπον
2890 1879 3267 1934 ὑποδεικνύντα
3317 1888 3404 1934 καὶ
3455 1886 3581 1958 πρὸς
3622 1884 3776 1936 αὐτὸν

2176 1968 2388 2040 λέγοντα
2418 1987 2429 1999 ’
2479 1968 2537 2020 Ὀ
2568 1972 2656 2041 μὲν
2691 1973 2782 2031 σὸς
2827 1966 3112 2035 κηδεστὴς,
3166 1969 3292 2022 ἀλλά
3334 1973 3477 2023 καὶὸ
3534 1976 3778 2045 σύμφρων

2178 2059 2336 2110 αὐτοῦ
2389 2057 2659 2132 βασιλεὺς,
2711 2058 2758 2111 ἐν
2809 2059 3007 2131 ὀλίγαις
3062 2062 3277 2132 ἡμέραις
3324 2068 3422 2111 τῶν
3452 2058 3583 2133 τῇδε
3613 2062 3777 2114 τελευ-

2177 2152 2420 2209 τήσαντες
2483 2147 2850 2222 ἀναχωροῦσιν
2907 2170 2918 2181 ·
2972 2154 3062 2201 καὶ
3114 2149 3293 2201 λοιπὸν
3349 2148 3624 2224 παρρησίᾳ
3670 2159 3779 2214 τοῖς

2179 2240 2488 2307 πενομένοις,
2546 2246 2643 2289 τῶν
2687 2239 3029 2311 ὑπαρχόντων
3081 2256 3164 2289 σοι
3215 2242 3307 2296 τὴν
3358 2234 3611 2310 διανομὴν
3664 2259 3779 2292 ποι-

2178 2329 2448 2399 ησάμενος,
2521 2325 2740 2378 ἐνταῦθα
2822 2328 3258 2400 παραγεινάμενος
3323 2334 3437 2397 Θεῷ
3504 2328 3778 2402 εὐαρεστὴ-

2181 2434 2306 2477 σεις.
2354 2423 2455 2467 Τοῦ
2487 2413 2573 2467 οὖν
2627 2421 2886 2490 μακαρίου
2937 2413 3030 2467 διὰ
3068 2424 3157 2477 τῆς
3201 2419 3475 2488 ἐμφανείας
3522 2420 3587 2469 τά
3640 2418 3779 2489 αύτῷ

2183 2507 2508 2556 συντείνοντα
2556 2507 2687 2575 πρὸς
2737 2504 2976 2576 ὠφέλειαν
3036 2508 3313 2567 συνιέντος,
3382 2510 3471 2557 καὶ
3524 2508 3591 2557 τά
3647 2511 3776 2580 μέρη

2182 2594 2413 2653 Κυζίκου
2453 2592 2849 2661 καταλαϐόντος,
2909 2596 2973 2653 ὡς
3022 2595 3259 2665 τάχιστα
3300 2590 3357 2647 δὲ
3404 2598 3462 2646 τὸ
3515 2594 3655 2665 αὐτῷ
3702 2615 3779 2647 κε-

2180 2682 2388 2734 λευσθὲν
2464 2687 2869 2754 περατώσαντος,
2937 2684 3109 2735 εύθεῖά
3182 2702 3257 2743 τις
3340 2688 3667 2756 συνήργησεν
3732 2684 3780 2735 ἐν

2184 2770 2721 2824 Κωνσταντινουπόλει
2781 2768 3152 2843 παλινδρομία.
3221 2776 3320 2825 Καὶ
3373 2767 3438 2829 δὴ
3492 2778 3781 2845 πρεπόντως

2182 2860 2657 2933 ἀπολογησάμενος,
2714 2869 2785 2931 τῷ
2830 2860 3042 2933 βασιλεῖ
3084 2866 3201 2935 περὶ
3250 2869 3350 2913 τῶν
3400 2860 3539 2931 αύτῷ
3589 2861 3781 2935 ἐρωτω-

2183 2954 2359 3021 μένων,
2422 2949 2722 3023 ὑψηλοτέρῳ
2791 2946 2849 3002 δὲ
2898 2948 3089 3022 βαθμῷ
3144 2953 3262 3008 ἤτοι
3322 2958 3420 3002 τῶν
3479 2953 3779 3026 σπαθαρίων

427 3040 652 3096 ibidem
673 3040 889 3096 deinde
906 3038 1071 3105 vixit,
1091 3055 1227 3095 eum
1250 3055 1474 3111 sponsa
1486 3041 1839 3111 praestolans
1853 3041 2066 3097 exitum

2181 3047 2252 3109 τῷ
2288 3038 2558 3110 καταλόγῳ
2612 3038 2710 3091 ύπό
2748 3046 2843 3091 τοῦ
2896 3038 3155 3111 βασιλέως
3200 3038 3459 3111 τιμηθείς,
3510 3037 3664 3111 διῆγε
3694 3044 3780 3093 τὸν

426 3128 694 3194 visionis,
728 3144 910 3201 quem
941 3132 997 3184 et
1023 3128 1411 3184 subsecutum
1439 3128 1599 3185 vidit.

2179 3129 2353 3181 λοιπόν
2394 3128 2626 3201 (χρόνον)
2679 3132 2978 3199 προσμένων
3024 3129 3089 3178 τά
3134 3135 3225 3188 τῆς
3270 3127 3530 3190 ὀπτασίας
3586 3129 3652 3190 εἰς
3697 3133 3783 3182 πέ-

2179 3237 2276 3289 ρας
2305 3215 2620 3280 ἐληλακέναι,
2649 3216 2674 3267 ὅ
2694 3219 2783 3267 καὶ¹
2811 3219 2985 3287 γέγονε

1924 3349 2147 3406 CAPUT
2173 3348 2241 3403 Il.

1100 3535 1474 3605 Theophanis
1504 3535 1891 3592 monachatus
1920 3537 1975 3591 et
2004 3550 2111 3605 pro
2144 3532 2474 3604 imaginum
2507 3534 2674 3589 cultu
2705 3536 3051 3593 certamina.

496 3670 578 3725 XI.
609 3669 811 3739 Neque
843 3668 999 3723 enim
1032 3668 1287 3722 multum
1319 3668 1544 3723 efﬂuxit
1588 3668 1891 3739 temporis,
1922 3667 2070 3740 quin

423 3758 603 3813 ﬁnem
634 3765 879 3828 uterque
911 3755 1146 3810 vivendi
1178 3754 1425 3820 faciens,
1458 3754 1698 3825 plenam
1730 3755 1873 3825 ipsis
1896 3756 2072 3809 relin-

425 3848 631 3917 queret
659 3843 1011 3910 libertatem,
1042 3842 1161 3897 suis
1196 3858 1302 3913 pro
1332 3842 1577 3898 arbitrio
1613 3842 1790 3897 rebus
1824 3842 2022 3898 utendi
2054 3860 2066 3909 ;

426 3948 577 4005 quas
617 3932 900 3987 continuo
933 3931 1083 3986 inter
1131 3946 1423 4002 pauperes
1457 3931 1803 3998 diviserunt,
1829 3931 2067 3988 famulis

425 4020 608 4076 etiam
635 4020 978 4075 domesticis
1000 4018 1270 4074 libertate
1300 4019 1536 4075 donatis
1569 4039 1581 4078 :
1615 4020 1727 4091 ipsi
1759 4036 1899 4076 vero
1926 4035 2069 4091 pan-

425 4124 574 4164 noso
600 4108 785 4164 induti
814 4107 1015 4163 habitu
1042 4108 1152 4163 sibi
1187 4110 1444 4163 invicem
1482 4108 1856 4176 valedixere;
1892 4109 2067 4165 beato

423 4197 548 4253 viro
573 4196 877 4252 mulierem
900 4197 1065 4268 piam
1084 4197 1475 4252 conﬁrmante
1512 4198 1749 4253 monitis
1797 4198 2068 4254 salutari-

423 4285 559 4351 bus,
604 4285 659 4339 ui
704 4284 907 4340 divina
955 4284 1294 4341 observaret
1339 4287 1645 4353 mandata,
1698 4288 2065 4359 spiritualem

426 4389 565 4445 erga
586 4373 927 4445 proximum
960 4380 1249 4430 exerceret
1276 4376 1646 4443 charitatem,
1669 4376 1921 4431 orationi
1953 4377 2063 4431 sin-
2097 4391 2138 4443 ι)

425 4478 572 4518 ceras
623 4465 802 4532 atque
848 4462 1290 4532 imperturbata:
1356 4468 1592 4518 vacaret
1647 4478 1755 4534 pro
1822 4463 2064 4531 viribus,

422 4551 608 4606 vitam
633 4549 1234 4620 irreprehensibilem,
1259 4566 1683 4623 summamque
1707 4556 1929 4608 teneret
1957 4553 2069 4608 hu-

424 4638 747 4703 militatem,
793 4638 967 4710 eique
1021 4637 1081 4693 in
1134 4654 1376 4694 recessu
1422 4639 1689 4699 dicente:
1746 4660 1774 4691 «
1817 4641 2067 4697 Salvans

424 4727 594 4782 salva
619 4727 885 4782 animam
944 4732 1127 4782 tuam.
1162 4747 1189 4779 »
1224 4728 1308 4784 Ita
1364 4726 1443 4782 illi
1489 4730 1762 4785 convictu
1811 4734 1945 4785 sunt
1990 4730 2067 4786 ab

422 4816 672 4871 invicem
722 4816 1021 4887 separati:
1065 4816 1306 4887 qualem
1350 4820 1550 4873 autem
1600 4818 1786 4874 vitam
1835 4819 2068 4876 duxerit

422 4904 796 4976 pientissima
840 4904 933 4959 illa
990 4904 1201 4960 mulier
1244 4910 1464 4962 norunt
1512 4922 1741 4973 omnes,
1774 4913 2068 4980 quotquot

491 5028 570 5099 (7)
608 5028 694 5083 Ita
723 5027 860 5102 dicti
897 5045 932 5083 a
969 5027 1216 5102 spathis,
1250 5028 1307 5084 id
1358 5034 1444 5084 est
1491 5030 1798 5086 latioribus
1833 5032 2061 5102 gladiis,

424 5098 579 5179 quos
607 5098 1305 5179 gestabanthi{inperatori
1329 5102 1403 5155 ad
1428 5103 1768 5179 custodiam
1801 5098 2063 5176 corporis

421 5170 825 5250 circumpositi
862 5170 1095 5250 nobiles
1118 5188 1142 5250 _:
1171 5188 1437 5250 quorum
1458 5170 2064 5250 praefectihprotospa-

421 5238 593 5315 thai_'ii
638 5238 1023 5315 nominantur
1075 5248 1131 5297 et
1173 5238 1369 5314 plures
1413 5238 1594 5299 fuisse
1642 5238 1865 5315 colligit
1911 5238 2063 5303 Goar

419 5325 497 5390 ex
523 5309 815 5390 Eus_tratio
848 5311 906 5366 in
933 5314 1077 5390 ,Ιανέ
1109 5309 1445 5372 Graecorum
1486 5321 1702 5389 quator
1735 5309 1913 5372 simul
1956 5335 2058 5374 no-

420 5385 682 5437 minante
720 5404 731 5435 :
775 5397 845 5457 ex
894 5399 1013 5457 quo
1058 5389 1253 5442 tamen
1292 5403 1413 5444 non
1463 5385 1606 5457 puto
1648 5394 1799 5443 recte
1850 5390 2055 5445 deduci

418 5466 630 5507 omnes
654 5453 1009 5533 spathari‘os"
1026 5453 1487 5533 protospatharii
1505 5459 1701 5533 _titulo_
1733 5460 2057 5533 honestiori

418 5523 801 5580 consuevisse
818 5523 1103 5598 appellari
1136 5542 1148 5581 :
1183 5523 1393 5598 quidni
1424 5530 1578 5587 enim
1614 5530 1900 5602 sphatarii
1930 5548 2055 5588 ma-

2250 3665 2356 3721 IA'.
2416 3664 2539 3720 Μετ’
2594 3666 2652 3718 οὗ
2704 3666 2833 3719 πολὺ
2885 3671 2985 3742 γὰρ
3045 3671 3249 3744 ἡμερῶν
3299 3669 3594 3746 διάστημα,
3653 3675 3783 3728 τελει

2177 3764 2268 3807 τοῦ
2302 3755 2423 3827 βίου
2472 3760 2825 3829 χρησαμένων
2881 3757 3197 3833 ἀμφοτέρων,
3254 3759 3361 3820 ἤδη
3402 3762 3577 3817 λοιπὸν
3622 3762 3784 3825 ἀδεῶς

2178 3846 2244 3895 τά
2299 3845 2603 3917 ὑπάρχοντα
2664 3844 2841 3907 αὐτοῖς
2898 3855 3008 3909 τοῖς
3073 3854 3360 3922 πενομένοις
3420 3848 3781 3925 διανενεμηκό·

2176 3951 2273 3996 τες,
2336 3930 2592 4004 ἐλευθερίᾳ
2648 3928 2706 3984 δὲ
2760 3936 2873 3994 τοὺς
2930 3934 3132 3997 οἰκέτας
3198 3936 3646 4012 ἀποπεμψάμενοι,
3702 3941 3779 3994 ἐν·

2179 4016 2393 4072 δύονται
2448 4020 2624 4072 λοιπὸν
2691 4019 2908 4095 ῥακὼδη
2993 4026 3181 4097 ἄμφια,
3263 4032 3351 4080 καὶ
3409 4031 3780 4103 συνταξάμενοι

2179 4108 2434 4175 ἀλληλοις,
2510 4112 2802 4173 νουθεσίαις
2878 4132 2932 4165 τε
2980 4122 3068 4165 του
3142 4122 3403 4190 μακαρίου
3461 4126 3781 4194 καταστηρί-

2178 4198 2353 4262 ξαντος
2382 4203 2475 4257 τὴν
2525 4199 2707 4259 εὐσεϐῆ
2760 4209 3003 4274 γυναῖκα,
3060 4213 3233 4278 τηρεῖν
3264 4210 3357 4268 τὰς
3390 4209 3524 4269 θείας
3579 4208 3781 4272 ἐντολὰς

2175 4292 2264 4339 καὶ
2308 4286 2514 4358 ἀγάπην
2554 4295 2904 4359 πνευματικὴν
2957 4291 3007 4343 ἐν
3061 4299 3165 4353 τοῖς
3204 4293 3423 4351 πλησίον
3468 4300 3777 4370 κεκτῆσθαι,

2175 4382 2480 4449 προσευχήν
2541 4396 2595 4430 τε
2651 4377 2893 4452 εἰλικρινῆ
2972 4384 3060 4431 καὶ
3114 4379 3459 4453 ἀρέμϐαστον,
3517 4391 3607 4438 καὶ
3661 4385 3779 4459 βίον

2177 4463 2616 4536 ἀκαταίσχυντον,
2702 4473 2791 4520 καὶ
2867 4469 3029 4541 οῖκραν
3117 4475 3446 4539 ταπείνωσιν,
3529 4473 3778 4529 ἀπέλυσεν

2178 4553 2338 4612 αὐτὴν
2366 4556 2412 4605 ἐν
2444 4556 2617 4628 εἰρήνη
2665 4556 2817 4607 εἰπών
2851 4574 2863 4586 ⁸
2918 4578 2944 4607 ‹‹
3000 4561 3249 4621 Σώζουσα
3288 4562 3425 4623 σῶζε
3472 4567 3562 4621 την
3596 4563 3781 4627 ἑαυτῆς

2175 4642 2383 4714 ψυχήν.
2435 4664 2461 4695 ››
2522 4644 2935 4716 Ἀλλοτριοῦνται
2987 4651 3157 4699 τοίνυν
3201 4658 3297 4708 τῆς
3346 4654 3476 4724 πρὸς
3533 4651 3779 4715 ἀλλήλους

2178 4730 2520 4806 ἀναστροφῆς.
2577 4732 2781 4785 Ὀποῖον
2833 4730 2891 4786 δὲ
2954 4734 3070 4807 βίον
3119 4736 3406 4800 ἐξήσκησεν
3466 4742 3495 4798 ἡ
3558 4741 3776 4806 εύσεϐὴς

2178 4822 2307 4880 αὕτη
2358 4827 2510 4893 γυνὴ,
2568 4826 2717 4874 ἴσασι
2770 4825 2949 4884 πάντες
3004 4826 3051 4876 οἰ
3103 4831 3190 4885 τὴν
3243 4830 3466 4881 Βιθυνῶν
3523 4830 3777 4891 οἰκοῦντες

2177 4916 2377 4984 χώραν,
2414 4913 2545 4971 ὅπως
2584 4910 2826 4972 ἑκουσίως
2866 4911 3086 4987 ἐπράθη,
3133 4921 3221 4969 καὶ
3277 4914 3524 4978 δουλικὴν
3555 4921 3775 4993 μετῆλθε

2170 5036 2282 5108 jori
2309 5050 2558 5108 numero
2576 5033 2793 5091 fuerint
2821 5053 2833 5102 ;
2852 5036 3071 5108 quibus
3090 5037 3147 5093 in
3181 5043 3477 5098 centurias
3495 5042 3775 5099 distribu-

2174 5105 2247 5161 tis
2273 5105 2369 5179 _sui
2396 5106 2513 5179 _sub
2539 5122 2658 5179 uno
2689 5105 2887 5179 capite
2921 5111 3297 5165 centuriones
3344 5119 3558 5178 essent,
3591 5115 3772 5170 etiam

2174 5177 2413 5252 ips_i_ve1
2435 5178 2747 5252 _spatharii
2767 5177 2781 5179 “
2796 5178 2908 5252 γει,
2930 5181 3381 5252 protospatharii
3428 5185 3715 5241 nominati
3746 5188 3775 5239 ?

2171 5248 2383 5328 quidni
2398 5248 2590 5328 plures
2604 5264 2724 5328 non
2738 5250 2812 5305 ad
2824 5248 3249 5328 ministerium,
3281 5254 3495 5328 sedad
3518 5255 3774 5328 dignita-

2173 5324 2289 5399 tem
2307 5320 2519 5400 uerint
2533 5321 3141 5400 protospathariidigti
3162 5340 3179 5400 ε
3196 5339 3333 5400 eum
3352 5325 3443 5400 his
3460 5320 3617 5400 sirpe
3638 5344 3774 5400 pro-

2170 5391 2389 5464 vincias
2407 5392 2758 5464 commissas
2781 5391 3049 5464 legamus
3077 5392 3105 5448 i‘
3126 5398 3187 5449 ut
3207 5396 3475 5464 Sergium
3498 5391 3663 5455 illum
3683 5400 3770 5456 Si-

2168 5461 2316 5517 cilire
2333 5461 2541 5517 ducem
2553 5462 2665 5518 sub
2680 5464 2870 5519 Leone
2889 5463 3150 5522 Isaurico
3164 5461 3742 5543 apud'Theophanem
3754 5512 3767 5525 .
