4110 6272
283 194 352 249 25
1559 209 1726 266 VITA
1766 208 1825 265 s.
1867 210 2341 271 THEOPHANIS.
3559 216 3629 271 26

277 322 398 394 τήρ,
462 326 547 375 οἶα
600 327 795 397 πατήρ,
852 329 945 379 σὺν
1010 335 1081 380 τῶ
1138 334 1359 405 τριχίνῳ
1430 331 1602 407 ἀμφίῳ
1661 354 1751 387 και
1806 331 1866 408 τῇ

1983 336 2198 393 dorum
2229 338 2602 395 multitudine
2643 338 2788 411 (18);
2823 339 3001 397 Pater
3028 342 3226 395 autem
3265 342 3524 409 sanctus,
3565 343 3630 397 ut

274 419 589 497 ποιμαντικῇ
654 411 940 487 βακτηρίᾳ.
1012 420 1368 482 Καθεσθείσης
1423 419 1483 475 δὲ
1538 432 1634 486 τῆς
1697 428 1874 497 τιμίας

278 496 525 567 συνόδου,
581 506 815 573 καίτοιγε
861 504 911 556 ἐν
963 505 1155 560 εὐτελεῖ
1218 516 1566 584 προσχήματι
1631 518 1721 565 τοῦ
1772 532 1875 585 μα-

273 593 458 663 καρίου
514 591 879 664 θεωρουμένου,
933 594 1166 669 εὐσεϐείᾳ
1219 594 1277 651 δὲ
1331 601 1455 673 ὑπὲρ
1509 603 1701 662 πάντας
1750 600 1873 655 ἀπο-

277 676 593 765 στίλϐοντος,
650 679 707 732 ού
766 681 1193 756 παρελογίσαντο,
1252 686 1364 740 ἀλλ’
1414 687 1694 765 ἐπέτρεψαν
1748 694 1873 763 πρὸς

272 769 362 823 τήν
405 774 497 819 τοῦ
528 764 790 840 δόγματος
842 767 1193 846 δημηγορίαν·
1229 772 1449 849 ᾔδεισαν
1497 764 1598 853 γὰρ
1648 778 1873 854 ἀκριϐῶς

274 857 362 907 τὸν
396 856 540 919 ἄξιον
578 866 670 910 τοῦ
716 862 1006 932 Πνεύματος
1037 862 1278 935 ἐργάτην.
1304 865 1363 918 Ὁ
1407 863 1467 919 δὲ
1511 864 1771 939 δι’ὀλίγων
1806 872 1871 921 τά

274 943 438 997 πολλά
477 946 814 1021 ῥητορεύσας,
845 956 935 1003 καὶ
987 948 1080 1004 διὰ
1104 962 1333 1025 φυσικῶν
1363 960 1449 1009 καὶ
1486 965 1751 1030 γραφικῶν
1780 962 1870 1010 καὶ

278 1028 608 1105 δογματικῶν
682 1033 990 1101 ἀποδείξεων
1055 1045 1173 1102 τοὺς
1225 1041 1468 1105 ἀλαζόνας
1518 1028 1608 1097 καὶ
1666 1042 1869 1118 δυσφή-

272 1140 402 1193 μους
475 1126 869 1197 Εἱκονομάχους
938 1126 1137 1199 ἐλέγξας
1213 1150 1267 1183 τε
1342 1137 1432 1185 καὶ
1508 1132 1865 1207 ἐπιστομίσας,

273 1207 511 1264 ἀπέδωκε
560 1215 647 1265 τόν
698 1218 894 1287 κόσμον
946 1225 1008 1289 τῇ
1066 1217 1368 1292 Ἐκκλησία.
1415 1220 1484 1274 Ὢ
1529 1230 1621 1275 τοῦ
1671 1224 1870 1294 θαύμα-

268 1318 357 1361 τος
412 1299 424 1353 l
517 1306 568 1353 τί
647 1305 833 1356 τούτου
907 1307 1443 1382 μεγαλοπρεπέστερον
1494 1329 1507 1378 ;
1583 1310 1755 1383 Ὅμως
1809 1315 1868 1364 τὸ

270 1394 478 1461 Πνεῦμα
528 1392 587 1441 τό
638 1390 788 1461 ἅγιον
826 1393 946 1445 ἔνθα
990 1393 1235 1465 βούλεται
1292 1405 1424 1461 πνεῖ,
1458 1402 1546 1450 καὶ
1592 1400 1692 1451 ὅσα
1745 1398 1867 1470 βού-

266 1474 426 1530 λεται.
493 1480 695 1531 Τούτων
748 1480 881 1532 οὕτω
933 1482 1285 1553 τελεσθέντων,
1339 1489 1429 1537 καὶ
1477 1494 1574 1538 τῶν
1631 1491 1865 1560 Πατέρων

266 1568 315 1617 έν
376 1572 485 1627 τοίς
537 1566 754 1619 ἑκάσνου
821 1574 1000 1631 τόποις
1046 1570 1553 1640 παλινοσ-τησάννων,
1600 1574 1868 1646 καταλαμ-

267 1652 409 1706 ϐάνει
464 1655 618 1707 πάλιν
677 1657 703 1707 ό
760 1660 1017 1732 μακάριος
1070 1662 1128 1711 τὸ
1186 1662 1308 1735 παρ’
1364 1661 1524 1715 αύτοῦ
1581 1666 1865 1737 νεωργηθέν
1898 1694 1941 1749 B

270 1742 688 1816 ούρανομίμητον
745 1753 1115 1821 μοναστήριον.
1171 1748 1370 1823 Ὠσπερ
1416 1754 1539 1825 γὰρ’
1567 1751 1615 1804 ἐν
1668 1752 1866 1826 οὐρανῷ

268 1831 411 1895 ἣλιος
470 1837 563 1886 σὺν
610 1834 827 1910 οἴστροις
876 1833 1157 1910 δᾳδουχεῖ,
1216 1843 1308 1898 τὴν
1379 1843 1660 1913 σύμπασαν
1709 1862 1866 1895 κατα-

264 1921 495 1992 γλαῖζων
553 1931 625 1994 τῷ
681 1929 811 1996 φωτὶ
863 1934 957 1989 τῆς
1011 1926 1382 2000 ἓλλάμψσπεως
1410 1946 1423 1959 ⁸
1474 1934 1559 1982 τὸν
1609 1931 1764 1984 αὐτὸν
1800 1929 1865 1991 δὴ

263 2013 452 2081 τρόπον
479 2009 549 2074 ἐξ
600 2011 763 2075 αὐτῆς
825 2015 851 2065 ό
896 2017 1171 2088 μακάριος,
1220 2021 1313 2068 σὺν
1342 2025 1448 2078 τοῖς
1489 2019 1606 2071 κατ’
1653 2018 1866 2091 ἐκλογὴν

266 2106 357 2151 τοῦ
428 2103 723 2173 Πνεύματος
784 2102 925 2173 αύτῷ
981 2112 1263 2176 μονασταῖς
1328 2112 1416 2159 καὶ
1490 2117 1863 2174 συνασκηταῖς,

264 2192 360 2247 τὴν
416 2189 721 2262 οἰκουμένην
762 2193 1129 2263 καταυγάζων,
1189 2202 1307 2257 ταῖς
1363 2206 1731 2272 μαρμαρυγαῖς
1772 2207 1869 2259 τῆς

267 2275 543 2349 ἰσαγγέλου
574 2279 831 2341 πολιτείας
852 2278 1169 2354 ἐφαίδρυνεν.

339 2366 434 2419 ΙΕ’.
491 2367 743 2440 Διέλαμπε
794 2374 964 2421 τοίνυν
1013 2372 1042 2429 ἡ
1121 2379 1210 2432 τῆς
1262 2369 1571 2445 ὀρθοδοξίας
1609 2373 1758 2438 ἀκτίς
1817 2375 1865 2428 έν

263 2462 369 2516 τοῖς
418 2460 629 2531 πέρασι.
685 2462 891 2531 Χρόνων
936 2455 996 2511 δε
1041 2461 1226 2512 ἱκανῶν
1276 2458 1690 2532 διιππασάντων,
1744 2463 1864 2517 ἀνα-

265 2547 446 2617 φύεται
492 2548 627 2598 κατὰ
680 2553 1026 2622 συγχώρησιν
1071 2558 1202 2603 Θεοῦ
1246 2551 1570 2622 όόμὼνυμος
1622 2560 1713 2605 τοῦ
1742 2573 1865 2627 προ-

266 2637 413 2705 τέρου
470 2639 630 2700 Λέων,
694 2637 836 2697 ὅστις
884 2639 1142 2709 παρευθύς
1196 2648 1287 2700 τῆς
1340 2638 1723 2714 ἀναγορεύσεως
1771 2645 1866 2695 αύ-

266 2730 358 2774 τοῦ
414 2726 501 2783 τάς
546 2728 722 2795 τιμίας
778 2725 1002 2778 καθελὼν
1063 2728 1273 2793 εἰκόνας,
1330 2729 1610 2801 ἠμαύρωσε
1655 2730 1714 2782 τό
1771 2740 1863 2794 τῆς

268 2810 581 2873 Ἐκκλησίας
623 2812 827 2879 κάλλος,
886 2814 1172 2885 ἐλυμήνατο
1225 2818 1293 2877 ὥς
1338 2837 1414 2878 τις
1460 2823 1635 2889 μονιός
1682 2819 1864 2894 οἷγριος

265 2903 360 2956 τὴν
418 2907 516 2951 τῶν
555 2897 849 2971 όρθοδόξων
901 2903 1179 2975 ὁμήγυριν,
1233 2910 1322 2956 καὶ
1365 2903 1425 2963 ἧν
1464 2907 1647 2960 οἰκεῖον
1687 2910 1865 2972 αὐτοῖς

263 2990 323 3039 τὸ
363 2986 546 3059 λέγειν·
596 3008 625 3040 (ι
662 2988 720 3041 Ὀ
762 2993 906 3059 Θεὸς,
955 2990 1183 3049 ἧλθοσαν
1236 2993 1352 3050 ἔθνη
1395 2993 1465 3054 εἰς
1521 2999 1619 3053 τὴυ
1676 2997 1860 3069 κληρο-

260 3081 443 3149 νομίαν
480 3097 593 3148 σου,
635 3098 663 3131 »
706 3082 795 3130 καὶ
842 3083 906 3131 τά
948 3080 1084 3143 ἐξῆςο
1135 3084 1255 3141 τούς
1295 3084 1396 3155 γὰρ
1440 3091 1537 3144 τῆς
1579 3081 1862 3156 ὀρθοδόξου

258 3170 486 3227 πίστεως
555 3168 871 3241 προμάχους
940 3187 994 3220 τε
1065 3173 1151 3221 καὶ
1222 3171 1563 3243 ύπερμάχους
1630 3176 1864 3245 Πατέρας

257 3252 472 3318 πολλαῖς
519 3256 713 3317 αἰκίαις
763 3260 854 3309 καὶ
903 3256 1111 3327 θλίψεσι
1153 3258 1544 3325 καθυποϐαλὼν,
1607 3264 1864 3333 κακιγκά-

259 3361 358 3404 κως
407 3342 683 3396 ἀπώλεσεν·
744 3342 792 3396 ἐν
841 3341 918 3405 οἷς
968 3350 1053 3397 καὶ
1111 3342 1375 3420 Θεόδωρον
1440 3352 1527 3400 τὸν
1581 3350 1861 3402 ὁσιώτατον

260 3432 541 3504 ἡγούμενον
591 3441 689 3484 τῶν
736 3430 1011 3499 Στουδίου,
1067 3433 1335 3505 ἐλέγξαντα
1387 3441 1481 3495 τὴν
1534 3440 1720 3489 τούτου
1764 3459 1861 3511 μα-

260 3527 630 3593 ταιογνωμίαν,
723 3531 984 3594 χρονικῶς
1066 3523 1395 3597 αἰκισάμενος
1466 3524 1639 3599 ἐξορίᾳ
1704 3532 1861 3600 παρέ-

260 3609 450 3683 πεμψε.
539 3611 691 3682 Δολίᾳ
772 3608 831 3664 δὲ
906 3618 1083 3685 γνώμῃ
1156 3617 1514 3687 χρησάμενος,
1582 3619 1863 3690 γράμμασι

264 3701 598 3762 θωπευτικοίς
678 3704 805 3775 πρὸς
888 3704 976 3753 τὸν
1044 3705 1300 3776 μακάριον
1379 3706 1664 3775 Θεοφάνην,
1751 3706 1861 3778 ᾖτει

263 3795 684 3861 συμφωνήσοντα
713 3797 775 3863 τῇ
820 3792 1005 3843 τούτου
1054 3797 1299 3865 κακονοίᾳ
1338 3797 1469 3867 πρὸς
1503 3795 1656 3846 αὐτὸν
1685 3796 1851 3853 ἣκειν.

258 3877 318 3931 Ὁ
360 3875 419 3932 δε
448 3881 708 3955 μακάριος
734 3878 1066 3955 ἀντιγράφοις
1093 3881 1352 3954 ἠμείψατο
1383 3879 1563 3936 τοῖσδε
1590 3900 1604 3913 ’

354 4058 487 4140 lg”.
547 4059 852 4129 Ἐπίγνωθι,
897 4056 1137 4129 βασιλεῦ,
1172 4064 1258 4112 τόν
1318 4079 1402 4112 σοι
1451 4065 1541 4118 τήν
1595 4059 1865 4132 βασιλείαν

258 4150 641 4219 χαρισάμενον,
706 4144 780 4199 δι’
838 4147 898 4199 οὗ
954 4146 1193 4219 βασιλεῖς
1247 4147 1589 4222 βασιλεύουσι
1641 4154 1729 4201 καὶ
1782 4152 1869 4200 τύ-

257 4255 437 4308 ραννοι
488 4244 745 4309 κρατοῦσι
810 4244 930 4308 γῆς,
992 4240 1060 4299 ὡς
1125 4242 1249 4300 Θεὸς
1313 4238 1378 4289 ὢν
1463 4238 1871 4313 ἀπερίγραπτος,

1984 440 2121 481 vere
2152 427 2335 493 Pater,
2368 426 2601 484 cilicino
2631 426 2810 500 pallio
2835 444 2944 483 suo
2974 444 3043 483 ac
3071 427 3290 484 baculo
3321 429 3624 500 pastorali.

1985 514 2264 571 Caeterum
2293 532 2429 572 cum
2453 517 2794 573 veneranda
2809 516 3077 587 synodus
3098 516 3478 584 consedisset,
3503 533 3621 574 non

1983 602 2301 674 despexere
2340 605 2538 661 Patres
2576 604 2789 660 humili
2818 605 3091 676 quamvis
3128 604 3336 660 habitu
3376 620 3629 678 conspe-

1984 696 2142 747 ctum
2176 695 2426 760 Patrem,
2460 710 2597 749 cum
2624 710 2745 766 prae
2775 693 3056 749 omnibus
3078 693 3298 765 pietate
3324 710 3625 751 coruscas-

1983 786 2094 849 set;
2138 781 2245 836 sed
2270 782 2346 838 ad
2376 782 2729 838 edicendam
2758 782 2986 853 publice
3026 782 3383 838 sententiam
3424 782 3625 840 invita-

1980 874 2136 924 runt.
2178 873 2474 927 Noverant
2515 872 2694 938 enim,
2738 878 2791 926 et
2829 872 3052 942 optime
3089 875 3396 936 noverant,
3437 887 3623 944 quam

1979 957 2197 1027 dignus
2244 959 2493 1030 Spiritus
2541 960 2727 1016 sancti
2765 959 3073 1031 operarius
3111 964 3284 1015 esset.
3336 958 3435 1015 Ille
3480 975 3622 1016 vero

1981 1046 2188 1117 paucis
2240 1047 2427 1103 multa
2465 1047 2826 1119 complexus,
2880 1045 3216 1102 rationibus
3257 1062 3326 1101 ex
3390 1052 3618 1113 natura,

1982 1135 2279 1206 Scriptura
2318 1152 2387 1191 ac
2416 1136 2731 1207 disciplina
2770 1135 2967 1207 petitis
2998 1134 3366 1205 redarguitet
3405 1135 3623 1191 obmu-

1981 1228 2202 1279 tescere
2233 1223 2365 1279 fecit
2394 1230 2741 1293 arrogantes
2770 1223 3285 1297 exsecrabilesque
3312 1225 3622 1280 lconoma-

1979 1310 2143 1379 chos,
2207 1312 2597 1384 Ecclesiaeque
2644 1311 2956 1385 pristinum
2997 1311 3249 1368 restituit
3299 1313 3502 1368 decus.
3574 1315 3617 1369 Ο

1978 1399 2367 1456 miraculum!
2411 1401 2557 1473 quid
2597 1416 2667 1456 eo
2706 1402 2820 1457 dici
2862 1401 3339 1469 magniﬁcentius
3376 1402 3619 1473 potest?

1976 1502 2192 1559 nempe
2213 1489 2397 1561 spirat
2420 1490 2539 1555 ubi,
2564 1495 2927 1562 etquantum
2946 1489 3066 1545 vult
3089 1490 3335 1561 Spiritus
3356 1495 3616 1547 sanctus.

1978 1577 2200 1641 Quibus
2214 1577 2291 1634 ita
2313 1578 2510 1647 gestis,
2525 1577 2802 1634 Patribus
2817 1594 2934 1651 que
2953 1579 3030 1635 ad
3052 1595 3158 1634 sua
3170 1580 3617 1651 revertentibus,

1976 1680 2184 1720 rursus
2215 1683 2276 1721 se
2306 1666 2514 1723 beatus
2546 1666 2761 1738 recepit
2791 1667 2850 1721 in
2884 1668 3306 1722 monasterium
3336 1683 3541 1723 recens
3584 1684 3620 1724 a

1975 1770 2036 1809 se
2060 1753 2390 1820 fundatum,
2417 1755 2653 1828 ipsique
2680 1755 3049 1811 simillimum
3071 1756 3240 1811 caalo.
3274 1759 3341 1812 Ut
3368 1757 3527 1813 enim
3558 1756 3617 1812 in

1975 1842 2125 1899 ccslo
2164 1844 2252 1899 sol
2289 1860 2425 1899 cum
2458 1844 2635 1900 astris
2666 1844 2840 1910 lucet,
2881 1844 3084 1900 orbem
3112 1844 3451 1900 illuminans
3490 1845 3619 1900 uni-

1974 1948 2214 1988 versum
2238 1932 2640 1988 illustrationis
2662 1948 2787 1987 suae
2811 1932 3126 2004 splendore
3157 1948 3169 1987 :
3198 1933 3409 1988 eodem
3438 1933 3619 1990 modo

1974 2022 2033 2077 in
2064 2026 2217 2079 terra
2246 2022 2475 2090 beatus,
2504 2037 2638 2076 cum
2671 2022 2794 2075 suis
2823 2021 2882 2076 in
2915 2021 3118 2092 spiritu
3144 2020 3384 2077 delectis
3414 2037 3620 2078 mona-

1973 2112 2120 2176 chis,
2153 2116 2210 2167 et
2233 2112 2293 2167 in
2313 2116 2520 2167 sancto
2534 2124 2725 2179 agone
2744 2109 3074 2177 sodalibus,
3094 2110 3197 2166 toti
3235 2109 3621 2181 resplendens

1975 2201 2125 2268 orbi,
2158 2217 2296 2256 eum
2324 2200 2605 2271 angelicaa
2640 2216 2761 2256 suae
2789 2198 3257 2255 conversationis
3286 2198 3620 2269 fulgoribus

1974 2289 2329 2345 illustrabat.

2049 2379 2153 2433 XV.
2198 2377 2693 2436 Diﬂ’undebantur
2713 2378 2891 2448 igitur
2915 2391 3403 2449 quaquaversum
3425 2375 3621 2431 ortho-

1977 2466 2166 2522 doxiae
2222 2467 2414 2523 radii:
2448 2472 2583 2539 post
2632 2482 2932 2523 annorum
2980 2480 3120 2520 vero
3176 2464 3619 2536 aliquantorum

1972 2556 2292 2611 decursum
2311 2556 2514 2611 divina
2530 2555 2919 2628 permissione
2932 2553 3178 2609 surrexit
3197 2553 3375 2625 priori
3402 2568 3622 2621 cogno-

1976 2645 2153 2701 minis
2183 2644 2319 2710 Leo,
2352 2646 2453 2717 qui
2484 2645 2680 2701 statim
2705 2650 2769 2700 ut
2797 2644 3132 2699 declaratus
3159 2647 3245 2697 est
3274 2642 3618 2712 imperator,

1974 2750 2172 2791 sacras
2203 2734 2496 2804 imagines
2519 2734 2779 2788 subverti
2801 2731 3176 2804 praecipiens,
3205 2728 3473 2785 Ecclesiae
3495 2730 3622 2800 pul-

1972 2823 2364 2879 chritudinem
2427 2822 2723 2884 exstinxit,
2797 2827 2852 2877 et
2916 2826 3209 2891 tanquam
3261 2817 3419 2874 ferus
3477 2834 3621 2889 aper

1971 2911 2179 2967 afﬂixit
2237 2915 2455 2967 coetum
2496 2910 2985 2973 orthodoxorum,
3034 2907 3253 2979 quibus
3291 2921 3428 2961 vere
3478 2911 3620 2961 tunc

1972 3001 2163 3054 dicere
2199 3000 2449 3055 licebat:
2480 3020 2508 3047 «
2552 3001 2721 3066 Deus,
2765 3001 3054 3053 venerunt
3094 3000 3297 3064 gentes
3337 2995 3398 3049 iu
3435 2994 3620 3049 haere-

1973 3087 2216 3142 ditatem
2246 3093 2411 3142 tuam
2436 3090 2478 3151 3,
2507 3107 2536 3139 »
2564 3092 2618 3142 et
2640 3104 2708 3142 ea
2729 3102 2863 3159 quae
2886 3091 3236 3157 sequuntur.
3263 3082 3619 3138 Orthodoxaa

1972 3175 2130 3231 enim
2188 3174 2325 3230 ﬁdei
2382 3174 2722 3230 defensores
2779 3178 3369 3245 propugnatoresque
3425 3171 3620 3227 Patres

1971 3263 2132 3319 mala
2158 3268 2347 3319 morte
2378 3263 2631 3327 sustulit,
2660 3262 2858 3317 multis
2888 3276 2989 3315 eos
3018 3259 3360 3315 verberibus
3387 3274 3622 3331 pressu-

1970 3351 2165 3424 risque
2198 3350 2618 3422 subjiciens,in
2649 3349 2871 3421 quibus
2888 3354 2945 3403 et
2968 3347 3344 3404 Theodorum
3376 3346 3621 3403 sanctis-

1972 3441 2191 3495 simum
2232 3439 2418 3495 Studii
2444 3436 2994 3506 archimandritam,
3030 3436 3195 3508 quod
3225 3435 3463 3490 stultum
3494 3434 3619 3507 ejus

1971 3529 2231 3585 edictum
2264 3528 2597 3591 damnaret,
2628 3532 2766 3598 post
2799 3526 3144 3581 diuturnam
3175 3523 3620 3579 vexationemin

1971 3617 2237 3674 exsilium
2250 3616 2443 3689 eXpuli
2455 3621 2497 3672 t:
2515 3615 2895 3671 fraudulento
2909 3629 3047 3669 vero
3062 3614 3255 3668 animo
3270 3614 3345 3669 ad
3359 3615 3417 3668 Β.
3432 3613 3620 3669 Theo-

1970 3707 2232 3780 phanem
2271 3705 2528 3762 blandas
2574 3704 2893 3761 destinavit
2931 3705 3173 3765 litteras,
3212 3702 3433 3775 quibus
3481 3717 3619 3758 eum

1969 3797 2242 3868 rogabat,
2267 3800 2330 3851 ut
2360 3795 2636 3869 pessimae
2663 3811 2785 3850 suae
2800 3793 3176 3850 subscribens
3201 3792 3524 3857 sententiae,
3540 3792 3618 3847 ad

1972 3902 2034 3942 se
2073 3885 2353 3942 accedere
2392 3900 2466 3940 ne
2506 3888 2870 3953 gravaretur.
2911 3883 3001 3938 Ad
3040 3897 3191 3954 quas
3229 3880 3325 3935 ille
3361 3880 3424 3935 in
3460 3879 3618 3935 hanc

1972 3975 2228 4031 formam
2267 3974 2560 4046 rescripsit
2585 3990 2597 4028 :

2044 4064 2172 4121 XVI.
2216 4065 2475 4128 Noveris,
2503 4062 2844 4132 imperator,
2874 4058 3138 4131 eumqui
3166 4057 3269 4113 tibi
3301 4056 3618 4129 imperium

1976 4153 2220 4222 largitus
2261 4156 2368 4215 est,
2408 4166 2513 4222 per
2549 4165 2730 4221 quem
2769 4164 2937 4219 reges
2976 4153 3243 4216 regnant,
3288 4149 3344 4200 et
3381 4145 3617 4216 tyranni

1979 4242 2365 4297 dominantur
2396 4239 2454 4294 in
2483 4238 2682 4301 terris;
2715 4238 2964 4299 noveris,
3000 4238 3268 4307 inquam,
3308 4235 3618 4305 quomodo

258 4329 606 4398 περίγραπτος
674 4333 736 4397 τῇ
825 4325 943 4377 καθ’
1027 4328 1166 4397 ἡμᾶς
1230 4326 1525 4399 προσλήψει
1589 4331 1866 4398 γενόμενος’

1980 4331 2131 4385 Deus
2148 4328 2689 4399 incircumscriptus
2708 4342 2843 4381 cum
2867 4325 2961 4395 sit,
2988 4329 3184 4380 tamen
3204 4322 3612 4378 circumscribi

260 4414 437 4485 ὅμοιος
487 4416 611 4486 ἡμῖν
654 4417 788 4467 κατά
836 4416 1008 4467 πάντα
1054 4415 1187 4475 πλὴν
1230 4415 1490 4487 ἁμαρτίας
1544 4418 1867 4489 κεχρημάτι-

261 4521 363 4555 κεν·
414 4504 551 4565 ὃπως
602 4500 661 4556 δε
703 4507 914 4577 νεκροὺς
958 4503 1229 4569 ἀνέστησε,
1279 4509 1368 4557 καὶ
1415 4504 1629 4577 τυφλούς
1685 4506 1865 4577 ὠμμά-

262 4598 418 4657 τωσὲ,
476 4596 565 4644 καὶ
613 4592 830 4666 λεπροὺς
882 4591 1177 4667 ἕκαθάρισε,
1233 4598 1321 4646 καὶ
1370 4595 1437 4645 τά
1478 4593 1605 4645 ἄλλα
1642 4594 1863 4657 καθεξῆς

262 4689 362 4733 τῶν
422 4682 693 4754 θαυμάτων
765 4681 923 4733 αὐτοῦ
965 4699 977 4712 ·
1030 4684 1166 4743 ὅπως
1224 4702 1275 4735 τε
1352 4679 1618 4756 Ἰουδαϊκῇ
1690 4703 1860 4755 παρα-

263 4771 489 4844 φροσύνῃ
545 4772 710 4830 πάθος
765 4772 1025 4841 ὑπέμεινεν
1074 4770 1218 4835 ἑκὼν,
1273 4776 1361 4823 καὶ
1416 4778 1689 4846 τριήμερος
1741 4771 1859 4824 ἀνα-

265 4860 416 4925 στὰς,
469 4858 536 4920 εἰς
578 4858 826 4932 οὐρανοὺς
870 4858 1162 4925 ἀνελήλυθε,
1204 4866 1293 4920 τῆς
1336 4863 1465 4935 πρός
1516 4864 1601 4913 τὸν
1652 4866 1858 4935 Πατέρα

335 5035 356 5071 ⁸
388 5034 542 5091 Psal.
577 5051 812 5103 Lxxvm,
841 5037 890 5089 1.

336 5188 446 5259 (l8)
480 5187 597 5242 Hos
625 5201 765 5259 esse
780 5201 961 5259 equos
992 5184 1185 5259 cursui
1216 5183 1487 5239 velociori
1532 5183 1859 5259 destinatos

262 5263 319 5315 et
341 5256 619 5325 assuetos,
641 5256 906 5329 qualibus
919 5256 1128 5327 publici
1147 5270 1413 5329 cursores
1435 5258 1705 5329 utuntur,
1722 5256 1857 5311 hinc

266 5330 562 5387 veredarii
578 5326 876 5395 nominati,
892 5326 992 5399 qui
1014 5336 1200 5383 tamen
1214 5326 1533 5399 avehendas
1545 5326 1740 5381 rhedis
1755 5343 1857 5382 no-

266 5416 405 5458 men
426 5400 778 5471 acceperint,
801 5396 945 5471 teste
970 5401 1151 5465 Festo,
1169 5397 1358 5471 obiter
1373 5396 1739 5471 insinuatum
1766 5404 1857 5453 est

266 5474 329 5530 in
379 5475 447 5531 16
476 5468 741 5530 Januarii
801 5469 881 5527 ad
921 5485 1090 5526 num.
1137 5469 1202 5525 l3
1257 5473 1537 5526 Actorum
1584 5468 1852 5547 priorum

1976 4419 2257 4487 dignatus
2281 4418 2371 4482 sit,
2395 4421 2661 4473 nostram
2694 4414 3061 4470 assumendo
3082 4417 3383 4475 naturam,
3406 4409 3616 4466 similis

1974 4508 2146 4564 nobis
2187 4506 2377 4562 factus
2405 4520 2512 4576 per
2539 4503 2762 4567 omnia,
2808 4504 2920 4558 nisi
2949 4503 3107 4574 quod
3142 4505 3453 4572 peccatum
3494 4514 3617 4555 non

1970 4595 2264 4653 habuerit.
2286 4594 2624 4650 Secundum
2639 4608 2816 4664 quam
2843 4598 3118 4646 naturam
3142 4588 3449 4645 suscitavit
3465 4603 3619 4643 mor-

1970 4691 2120 4756 tuos,
2146 4683 2500 4739 illuminavit
2523 4698 2732 4744 caecos,
2754 4680 3361 4749 mundavitleprosos,
3380 4681 3619 4732 caetera-

1966 4790 2083 4846 que
2104 4790 2175 4829 ex
2188 4772 2395 4829 ordine
2421 4775 2698 4842 operatus
2713 4775 2799 4825 est
2816 4768 3102 4825 miracula
3118 4783 3258 4822 sua:
3283 4764 3615 4820 secundum

1964 4878 2151 4936 quam
2185 4860 2463 4919 eamdem
2503 4865 2712 4932 sponte
2754 4863 3004 4914 mortem
3037 4856 3235 4925 subiit,
3274 4854 3616 4911 Judaeorum

1971 5186 2026 5242 S.
2076 5184 2325 5242 Marcelli
2364 5186 2562 5257 Papae.
2606 5182 2755 5257 Festi
2808 5182 3158 5257 sententiam
3202 5178 3398 5257 multis
3445 5178 3616 5257 docte

1965 5257 2282 5311 confirmat
2299 5258 2355 5311 in
2385 5251 2493 5311 suo
2514 5255 2914 5325 Etymologico
2936 5253 3197 5315 Vossius,
3218 5251 3390 5325 certis
3412 5254 3615 5305 aucto-

1964 5328 2128 5382 ribus
2140 5328 2398 5398 antiquis
2410 5322 2847 5398 demonstrans,
2865 5325 3121 5398 antiquis
3134 5322 3473 5379 cursoribus
3487 5333 3615 5373 cur-

1963 5414 2097 5454 sum
2136 5395 2443 5470 publicum
2486 5395 2879 5454 vehicularem
2917 5395 3115 5455 fuisse.
