4110 6272
408 276 476 333 27
1739 268 1996 324 MENSIS
2038 262 2381 321 MARTIUS.
3692 249 3766 304 28

405 400 632 458 illatam
670 397 934 465 vesania,
973 396 1259 469 tertiaque
1288 409 1603 464 resurgens
1641 394 1735 449 die
1774 396 1834 450 in
1875 393 2055 450 cmlos

2197 386 2444 460 υνὲδρίας
2509 380 2775 457 μηδέποτε
2854 381 3156 455 χωρισθείς.
3226 380 3333 439 Τῆς
3422 375 3769 447 εύαγγιλικῆς

408 490 662 563 gloriose
711 487 993 551 ascendit,
1053 503 1089 542 a
1135 467 1391 557 paternae
1440 484 1693 538 dexterae
1742 498 2055 553 nunquam

2197 477 2353 529 Ὲίϐλου
2388 478 2523 547 ἡμᾶς
2554 468 3000 543 ἐκδιδασκούσης,
3035 471 3229 525 ταύτην
3279 467 3765 540 περιπτυσσόμεθα,

410 576 817 649 sejungendus
846 590 1159 630 consessu.
1196 577 1353 629 Hanc
1378 580 1654 627 naturam
1697 572 1840 643 quia
1876 574 2059 626 Evan-

411 666 699 737 geliorum
740 680 848 719 nos
878 662 1065 718 codex
1104 663 1294 729 docet,
1327 661 1525 732 ipsum
1565 664 1898 715 reverenter
1936 675 2059 714 am-

412 754 745 827 plectimur,
822 752 1240 823 credimusque
1308 750 1535 805 Christo
1601 765 1712 804 nos
1790 749 2060 804 exhibere

413 845 726 901 honorem.
760 840 931 907 Quod
964 840 1015 895 si
1042 840 1205 895 illum
1234 838 1492 909 amplexi
1522 854 1637 893 non
1663 853 2058 894 accusamur:

416 931 724 1005 quomodo
748 931 881 1000 jure
914 930 1121 984 merito
1150 927 1585 993 accusabimur,
1621 928 1666 981 si
1700 926 2063 982 voluerimus

419 1019 716 1091 suscipere
743 1024 798 1074 et
828 1018 1091 1073 venerari
1122 1017 1387 1087 ejusdem
1423 1016 1723 1071 sententias
1754 1015 2063 1071 historiam

417 1107 780 1177 imaginibus
804 1106 1246 1171 adumbratam,
1289 1120 1393 1176 per
1417 1120 1568 1176 quas
1596 1105 1633 1159 ii
1665 1120 1927 1176 quoque,
1962 1102 2063 1175 qui

421 1198 498 1254 ad
520 1212 632 1252 nos
652 1212 722 1252 ex
742 1194 1011 1250 barbaris
1039 1194 1156 1248 ﬁde
1180 1194 1383 1248 Christi
1410 1193 1720 1248 imbuendi
1748 1192 2061 1254 accedunt,

419 1288 603 1341 totam
666 1283 748 1339 rei
789 1289 963 1351 gestae
1004 1281 1307 1336 veritatem
1348 1280 1623 1338 facillime
1685 1280 2008 1335 edocentur
2037 1279 2064 1333 ?

420 1374 609 1438 Quam
628 1371 798 1426 multi
828 1371 1152 1426 litterarum
1170 1369 1347 1424 rudes
1376 1369 1520 1424 dum
1545 1368 1751 1424 divina
1776 1367 2067 1423 miracula

417 1461 581 1533 ipsis,
623 1467 685 1514 ut
724 1460 804 1514 sic
844 1458 1061 1527 dicam,
1106 1457 1485 1528 conspiciunt
1522 1456 1730 1519 oculis,
1773 1471 1908 1510 eum
1964 1455 2067 1526 qui

420 1567 528 1624 pro
551 1551 719 1605 nobis
743 1567 957 1621 passus
983 1554 1070 1604 est
1093 1548 1425 1617 gloriﬁcant
1458 1548 1777 1614 Christum,
1808 1562 2069 1618 quorum

420 1645 484 1696 tu
525 1638 697 1694 saluti
730 1637 1033 1693 invidisti?
1066 1637 1235 1702 Quod
1279 1652 1546 1707 unquam
1580 1635 1898 1691 concilium
1938 1650 2075 1705 pro-

424 1727 719 1783 nuntiavit
750 1727 1062 1781 infandum
1089 1725 1150 1780 id
1173 1742 1300 1781 esse
1327 1724 1704 1794 sacrilegium
1723 1725 1751 1777 ‘?
1773 1723 2074 1795 Numquid

430 1832 549 1871 non
580 1816 705 1886 ipse
732 1814 994 1869 Christus
1034 1813 1256 1885 proprii
1293 1813 1487 1867 vultus
1520 1812 1845 1883 imaginem
1913 1811 2076 1866 nullo

432 1905 751 1960 formatam
784 1919 1073 1958 manuum
1103 1901 1464 1958 adminiculo
1492 1906 1723 1957 Ancaro
1752 1901 1866 1971 (19)
1896 1907 2079 1955 trans-

436 1992 597 2048 misit
628 1992 657 2048 ‘I
686 1992 955 2063 nunquid
986 2006 1107 2045 non
1146 1991 1410 2061 Deiparae
1452 1990 1700 2059 Virginis
1738 2006 2080 2060 expressam

438 2081 735 2137 coloribus
766 2080 1210 2135 similitudinem
1238 2080 1546 2151 apostolus
1576 2082 1754 2135 Lucas
1779 2078 1946 2133 nobis
1974 2083 2083 2133 tra-

441 2169 596 2224 didit
619 2170 770 2239 (20)?
788 2169 938 2233 Quid
963 2184 1101 2223 vero
1120 2174 1173 2223 et
1193 2168 1416 2223 traditas
1445 2185 1480 2222 a
1501 2167 1771 2223 Patribus
1797 2167 2085 2222 doctrinae

442 2257 748 2330 oppones?
769 2256 990 2312 Etenim
1006 2256 1255 2312 Basilius
1271 2254 1898 2328 (2t)iIleineﬂ'abilium
1922 2272 2084 2310 scru-

443 2349 595 2402 tator
620 2345 1061 2416 mysteriorum,
1094 2345 1366 2413 Imagini,
1400 2344 1606 2417 inquit,
1640 2344 1865 2399 delatus
1896 2344 2087 2399 honor

443 2434 521 2489 ad
582 2440 934 2504 prototypon
994 2434 1219 2489 transit.
1274 2432 1550 2490 Similiter
1598 2449 1775 2487 aureo
1828 2450 1933 2487 suo
1987 2448 2087 2486 ore

443 2524 702 2578 Joannes
734 2539 745 2577 :
781 2523 898 2592 Ego
923 2522 1119 2578 fusam
1152 2538 1392 2594 quoque
1423 2538 1453 2577 e
1492 2538 1625 2577 cera
1650 2522 1973 2591 imaginem
2007 2520 2090 2575 di-

444 2610 577 2666 lexi.
623 2614 861 2667 Necnon
882 2610 1127 2683 Cyrillus
1160 2611 1271 2683 (22)
1304 2612 1548 2682 Spiritus
1581 2610 1768 2665 sancti
1811 2609 2037 2664 cithara
2075 2626 2087 2663 :

447 2699 668 2771 Saepius
705 2700 845 2765 vidi,
887 2700 984 2767 ait,
1018 2716 1367 2771 expressam
1404 2699 1728 2768 imaginem
1770 2697 2086 2770 passionis,

446 2803 555 2843 nec
606 2787 833 2859 absque
869 2787 1150 2859 lacrymis
1198 2788 1386 2843 visam
1426 2786 1687 2851 transivi,
1736 2794 1790 2841 et
1839 2786 2085 2857 reliqua.

2168 563 2239 619 δι’
2271 566 2428 624 αύτης
2472 571 2543 632 τῷ
2596 568 2803 630 Χριστῷ
2858 563 2948 617 τὴν
2988 562 3142 629 τιμὴν
3190 555 3549 623 ἀπονέμοντες,
3602 558 3691 605 καὶ
3725 553 3771 605 εἰ

2166 657 2359 711 ταύτην
2437 652 2907 723 περιπτυσσόμενοι
2992 647 3086 699 ούκ
3180 644 3554 717 ἐγκαλούμεθα,
3648 647 3777 694 ποία

2168 744 2411 815 ἕγκλησις
2465 742 2589 811 ἡμῖν
2616 746 2707 799 τῆς
2776 738 2937 798 αὐτῆς
2994 735 3289 805 ἐξηγήσεως
3353 738 3445 791 τὴν
3513 732 3771 788 εἰκονικήν

2172 832 2502 884 ἁνατύπωσιν
2546 833 2615 901 μὴ
2673 833 2826 899 τιμᾲν
2884 832 2972 878 καὶ
3025 824 3379 887 ἀσπάζεσθαι,
3415 819 3486 874 δι’
3525 822 3587 884 ἧς
3635 823 3684 873 οἱ
3713 819 3770 872 ἐκ

2174 920 2453 994 βαρϐάρων
2525 918 2912 987 κατηχούμενοι
2997 910 3195 988 ῥᾳδίως
3270 908 3612 963 παιδεύονται
3681 914 3776 968 τὴν

2174 1010 2461 1073 ἀληθειαν;
2525 1011 2686 1059 Πόσοι
2757 1013 2855 1056 τῶν
2935 1008 3006 1074 μὴ
3078 998 3286 1054 εἰδότων
3352 1002 3641 1074 γράμματα
3712 1001 3779 1059 ὡς

2175 1098 2456 1171 ὀφθαλμοῖς
2502 1099 2568 1147 τὰ
2621 1096 2863 1155 θαύματα
2903 1090 3194 1164 βλέποντες,
3233 1093 3319 1141 τόν
3371 1086 3443 1141 δι’
3484 1090 3625 1160 ἡμᾶς
3669 1107 3777 1139 πα-

2177 1191 2331 1241 θόντα
2361 1183 2698 1247 δοξάζουσιν,
2735 1183 2801 1232 ὧν
2840 1185 2931 1238 τὴν
2974 1183 3234 1251 σωτηρίαν
3279 1177 3611 1250 ἐφθόνησας;
3646 1180 3781 1229 Ποία

2175 1285 2273 1328 τῶν
2334 1270 2565 1327 συνόδων
2618 1278 2770 1323 τουτο
2826 1274 2883 1321 τό
2952 1266 3227 1340 δύσφημον
3283 1265 3600 1337 ἀνεφώνησεν
3654 1263 3781 1316 ἆσέ-

2177 1366 2366 1437 ϐημοι;
2433 1364 2544 1415 Οὐκ
2596 1361 2753 1423 αὐτὸς
2810 1361 2835 1411 ό
2896 1362 3119 1431 Χριστός
3174 1361 3266 1415 τὴν
3324 1356 3515 1408 οἰκείαν
3574 1353 3785 1428 ἀχειρο-

3365 1445 3439 1497 Ού
3498 1452 3558 1501 τῆ
3571 1465 3591 1505 ς
3649 1451 3783 1496 Θεο-

2180 1548 2333 1593 τόκου
2406 1546 2609 1612 μορφῆς
2686 1542 2778 1594 τὴν
2847 1535 3136 1587 ἐκτύπωσιν
3204 1537 3230 1586 ό
3295 1532 3582 1591 ἀπόστολος
3659 1534 3783 1603 ἡμῖν

2178 1458 2403 1511 ποιήτως
2466 1454 2635 1502 εικόνα
2700 1449 2940 1519 Ἀγκάρῳ
2998 1451 3306 1518 πέπομφενς

2186 1634 2392 1689 Λουκᾶς
2442 1630 2724 1699 ἱστορήσας
2776 1621 3168 1696 παραδεδωκε;
3220 1629 3282 1676 Τί
3347 1620 3439 1675 δαὶ
3497 1626 3680 1694 φησοις
3737 1620 3783 1671 ἐν

2185 1726 2299 1780 ταῖς
2344 1712 2835 1790 πατροπαραδότοις
2872 1710 3284 1780 διδασκαλίαις
3350 1716 3452 1765 Χαὶ
3485 1713 3609 1783 γὰρ,
3654 1712 3785 1781 φησί

2187 1808 2455 1869 Βασίλειος
2498 1809 2522 1857 ό
2560 1815 2652 1858 τῶν
2686 1804 2919 1879 ἀρρήτων
2970 1807 3191 1874 μύστης,
3225 1805 3255 1860 ἡ
3309 1810 3398 1861 τῆς
3451 1800 3638 1859 εἰκόνος
3667 1801 3787 1868 τιμή

2190 1898 2272 1950 ἐπὶ
2324 1900 2380 1949 τὸ
2434 1901 2770 1971 πρωτότυπον
2818 1891 3094 1947 διαϐαίνει.
3142 1896 3278 1949 Φησὶ
3321 1888 3379 1943 δὲ
3407 1895 3497 1941 καὶ
3546 1892 3602 1940 τό
3648 1894 3791 1960 Χρυ-

2194 1994 2314 2040 σούν
2412 1990 2582 2056 στόμα
2636 1986 2869 2043 Ἰωάννης
2918 2000 2930 2011 ⁸
2987 1982 3119 2052 Ἐγὼ
3175 1986 3264 2033 καὶ
3344 1984 3436 2037 τὴν
3495 1982 3789 2052 κηρόχυτον

2190 2080 2394 2148 γραφὴν
2460 2075 2731 2144 ἠγάπησα.
2790 2071 2865 2123 Ού
2923 2075 3025 2142 μὴν
3080 2069 3207 2121 ἀλλὰ
3270 2074 3359 2121 καὶ
3430 2070 3459 2125 ἡ
3517 2067 3649 2139 λύρα
3703 2071 3791 2117 τού

3358 2157 3606 2215 Πολλάκις
3659 2151 3793 2206 εἶδον

2195 2257 2274 2306 ἐπὶ
2338 2260 2541 2325 γραφῆς
2596 2250 2767 2302 εἰκόνα
2813 2256 2903 2300 τοῦ
2960 2249 3177 2315 πάθους,
3235 2252 3323 2297 καὶ
3376 2245 3470 2297 οὐκ
3536 2242 3795 2316 ἀδακρυτὶ

2197 2168 2487 2236 Πνεύματος
2555 2161 2800 2235 Κύριλλος
2856 2160 2991 2211 οὕτω
3058 2163 3215 2230 φησίν
3279 2174 3290 2187 ⁶

2194 2348 2288 2400 τὴν
2344 2344 2459 2393 θέαν
2503 2339 2786 2412 παρῆλθον,
2830 2342 2918 2389 καὶ
2962 2340 3027 2388 τὰ
3062 2337 3196 2399 ἑξῆς.
3245 2336 3304 2388 Εἰ
3365 2331 3451 2387 οὖν
3506 2336 3559 2386 αἱ
3606 2333 3797 2406 προλα-

2199 2431 2388 2482 ϐοῦσαι
2438 2428 2491 2490 ἓξ
2566 2429 2714 2498 οἷγιαι
2774 2424 2987 2478 σύνοδοι
3035 2426 3445 2499 προσκυνεῖσθαι
3498 2426 3585 2483 τὰς
3647 2423 3799 2493 ἁγίας

2201 2519 2395 2578 εἰκόνας
2454 2524 2710 2588 σχετικώς
2760 2520 2838 2585 (c)
2897 2515 2989 2566 ούκ
3020 2514 3369 2586 ἀπεκήρυξαν,
3407 2517 3470 2565 σύ
3513 2518 3800 2584 σοφώτερος

2198 2611 2389 2660 τούτων
2424 2612 2588 2679 γίνῃ;
2645 2602 2813 2658 Ἴδιόν
2866 2624 2967 2668 σοι,
3013 2603 3252 2677 βασιλεῦ,
3300 2606 3355 2655 τὸ
3413 2606 3539 2677 πρός
3589 2604 3797 2653 ὑπεναν-

2200 2701 2339 2756 τίους
2390 2695 2623 2766 πολεμεῖν
2659 2712 2669 2722 ·
2726 2696 2784 2744 τό
2834 2690 2891 2745 δὲ
2945 2701 3036 2755 τῆς
3097 2692 3413 2753 Ἐκκλησίας
3464 2688 3642 2762 δόγμα
3692 2695 3800 2751 τοῖς

2205 2786 2446 2858 Πατράσι
2479 2783 2735 2855 μελλὴσει.

443 2876 499 2931 Si
531 2892 669 2947 ergo
700 2876 898 2947 priora
928 2893 1033 2932 sex
1061 2876 1311 2932 concilia
1341 2893 1537 2932 sacras
1561 2876 1855 2945 imagines
1886 2876 2123 2931 relative
2154 2873 2231 2930 ad
2258 2890 2366 2929 sua
2397 2878 2715 2945 prototypa
2745 2870 2981 2927 adorari
3016 2869 3264 2924 minime
3296 2867 3711 2940 improbarint,
3739 2871 3799 2921 tu

444 2965 558 3021 illis
585 2964 1007 3036 sapientiorem
1039 2969 1092 3020 te
1118 2967 1397 3037 reputas?
1423 2968 1611 3021 Tuum
1639 2970 1741 3029 est,
1760 2966 2100 3036 imperator,
2122 2964 2337 3019 bellare
2360 2963 2647 3018 adversus
2664 2961 2864 3017 hostes
2889 2977 2902 3014 :
2934 2960 3206 3015 doctrina
3228 2958 3500 3013 Ecclesiae
3530 2956 3800 3012 Patribus

448 3069 600 3109 curae
625 3054 750 3109 erit.

449 3144 611 3198 XVII.
653 3143 787 3197 Haec
818 3142 1012 3197 missis
1058 3142 1134 3198 ab
1164 3143 1517 3214 imperatore
1550 3143 1661 3213 (‘23)
1692 3143 1893 3199 litteris
1954 3160 2089 3199 cum

445 3230 804 3303 reposuisset
842 3231 1073 3297 beatus,
1114 3236 1341 3288 tantam
1380 3231 1489 3286 viri
1534 3232 1931 3288 constantiam
1971 3248 2089 3287 non

2274 3140 2373 3195 IZ'.
2433 3143 2637 3193 Τούτων
2704 3138 3024 3208 ἁντιγροίφως
3090 3145 3161 3206 τῷ
3234 3135 3445 3208 βασιλεῖ
3499 3137 3643 3207 παρὰ
3715 3140 3806 3186 τοῦ

2202 3234 2463 3302 μακαρίου
2529 3226 2832 3289 σταλέντων,
2899 3230 2969 3297 μὴ
3030 3224 3238 3296 ἐνεγκὼν
3311 3227 3335 3276 ό
3416 3228 3655 3297 τύραννος
3712 3227 3806 3282 τὴν

523 3355 634 3426 (19)
682 3357 983 3425 Augarum
1014 3356 1103 3412 vel
1150 3356 1452 3425 Abgarum
1486 3356 1798 3411 Edessenae
1847 3354 2095 3426 civitatis
2132 3354 2173 3411 C
2207 3354 2504 3426 agentem,
2552 3354 2607 3405 et
2644 3349 2991 3421 Cuspiniani
3040 3365 3233 3420 nugas
3287 3350 3557 3423 sequenti
3615 3350 3807 3423 capite

450 3424 1027 3498 princ'ipem’passim
1058 3424 1341 3497 scriptum
1365 3428 1645 3497 reperias,
1673 3426 1841 3498 apud
1857 3424 2095 3498 Latinos

451 3496 617 3554 etiam
635 3496 961 3563 Abagarum
976 3498 1397 3566 etAgabarum.
1418 3496 1453 3551 Β
1467 3498 1519 3565 uj
1532 3514 1599 3550 us
1612 3496 1878 3568 imaginis
1893 3496 2099 3550 festum

452 3569 633 3624 Graeci
667 3569 963 3623 celebrant
993 3571 1058 3623 16
1089 3568 1334 3639 Augusti
1367 3574 1420 3622 et
1445 3568 1747 3622 historiam
1779 3568 1833 3622 in
1871 3569 2098 3623 Menaais

450 3639 729 3710 referunt,
770 3656 887 3710 quo
918 3640 1012 3693 die
1051 3641 1271 3694 Edessa
1308 3640 1365 3694 in
1402 3639 1976 3710 Constantinopolim
2016 3644 2100 3710 est

453 3709 736 3765 translata
767 3709 804 3764 εί
849 3711 1009 3763 unde
1067 3716 1369 3779 acceptam
1434 3713 1767 3763 Genuenses
1797 3709 1983 3763 nunc
2038 3709 2099 3763 in

455 3780 803 3835 suburbano
857 3782 912 3833 S.
958 3780 1371 3835 Bartholommi
1427 3779 1500 3833 de
1539 3780 1806 3834 Armenis
1856 3780 2097 3849 templo,

453 3852 553 3906 PP.
598 3851 1045 3906 Bernabitarum
1078 3867 1253 3915 curas,
1296 3851 1512 3905 amotis
1548 3850 1852 3905 Basilianis
1895 3866 2102 3905 mona-

454 3922 603 3986 chis,
644 3927 777 3977 ante
813 3938 1001 3976 annos
1041 3938 1161 3977 non
1202 3922 1416 3976 multos
1456 3923 1785 3986 commisso,
1827 3920 2101 3989 religiose

454 3997 830 4048 venerantur.
873 3992 1210 4048 Miraculum
1253 3994 1378 4061 ejus
1419 3994 1490 4047 ab
1536 3994 1669 4059 igne
1710 3998 1950 4047 servatae
1991 3991 2101 4045 sub

455 4064 670 4119 Cosroe
701 4080 767 4118 ex
792 4064 1209 4120 Ecclesiastica
1242 4065 1505 4119 Historia
1538 4064 1766 4131 Evagrii
1798 4064 1857 4119 in
1887 4064 2101 4118 Niceno

456 4134 704 4189 concilio
731 4152 784 4199 ιι,
819 4137 1047 4191 actione
1068 4137 1102 4189 5
1127 4136 1456 4205 prmlectam
1486 4136 1843 4199 invenimus,
1878 4139 1933 4189 et
1963 4134 2102 4189 alibi

456 4206 679 4288 passim
713 4206 864 4288 illius
893 4207 1274 4288 mentionem.
1309 4207 2100 4288 Vide‘Gretserumhostrum

457 4276 517 4332 in
570 4276 783 4360 insigni
849 4282 1115 4360 tractatu,
1177 4294 1355 4360 quem
1424 4278 1918 4360 de-imaginihu‘s
1980 4293 2101 4360 non

458 4348 816 4403 manufactis
865 4348 1066 4415 edidit,
1108 4348 1213 4421 qui
1252 4366 1359 4421 pro
1412 4351 1625 4421 majori
1662 4348 1828 4421 parte
1872 4350 1943 4402 de
1984 4349 2102 4421 hac

456 4434 576 4473 una
616 4423 769 4474 totus
803 4426 909 4485 est,
944 4425 998 4474 et
1029 4419 1186 4474 nunc
1228 4419 1390 4487 regia
1435 4420 1833 4488 magiﬁcentia
1874 4419 2103 4472 Parisiis

458 4505 705 4545 recusus
747 4493 1030 4559 reperitur
1081 4496 1208 4559 post
1251 4492 1564 4557 Georgium
1597 4491 1884 4544 Codinum
1942 4506 2105 4543 curo-

456 4562 736 4631 palatem,
772 4563 855 4615 De
878 4560 1372 4627 cfﬁdisErclesim
1387 4568 1437 4616 et
1456 4563 1612 4616 aulae
1644 4563 1705 4615 Ο.
1743 4563 1808 4616 P.
1839 4560 2103 4629 ejusdem

458 4631 704 4687 Gretseri
787 4631 1231 4686 commentariis
1260 4638 1316 4687 et
1369 4634 1526 4687 Notis
1569 4632 1770 4687 Goaris
1845 4631 2106 4685 illustra-

455 4706 604 4758 tum.

530 4772 640 4843 (20)
682 4774 841 4828 Hanc
881 4772 957 4827 ab
989 4772 1249 4828 Eudocia
1276 4777 1540 4844 Augusta
1577 4772 1935 4844 imperatrici
1978 4772 2108 4826 Pul-

460 4842 672 4915 cheriaa
716 4844 1136 4915 Hierosolymis
1169 4842 1643 4915 missam,reique
1667 4842 1971 4914 templum
2008 4853 2105 4895 τῶν

461 4911 687 4986 ὁδηγῶν,
729 4916 901 4980 idest,
926 4911 1043 4971 νῑοτ
1064 4916 1299 4979 ducum,
1341 4911 1423 4969 ab
1448 4911 1565 4970 hac
1597 4911 2105 4986 Consta'ntinOpoli

461 4985 807 5041 aediﬁcatam
860 4986 1033 5041 refert
1076 4986 1438 5055 Nicephorus
1473 5002 1485 5049 ;
1526 4988 1598 5039 de
1638 5002 1707 5041 ea
1754 4985 2105 5055 accipienda

460 5056 736 5111 videntur
764 5056 862 5112 illa
902 5059 959 5113 S-
994 5057 1267 5112 Germani
1298 5056 1647 5126 patriarchas
1682 5057 1853 5112 verba
1883 5058 1940 5111 in
1982 5059 2105 5112 Vita

461 5128 517 5181 S.
551 5127 828 5199 Stephani
858 5128 1115 5183 Junioris
1142 5128 1359 5183 relata:
1394 5148 1420 5178 »
1448 5128 1528 5199 Ab
1559 5128 1919 5199 evangelista
1953 5131 2105 5184 Luca

462 5198 783 5269 imaginem
820 5199 1065 5267 Virginis
1093 5200 1191 5253 Dei
1224 5198 1525 5253 Genitricis
1550 5198 1771 5269 pictam
1802 5199 2100 5264 novimus,

462 5284 596 5340 qum
636 5268 712 5323 ab
754 5269 1175 5341 Hierosolymis
1220 5272 1398 5326 missa
1426 5268 1607 5324 estJ»
1654 5268 1789 5323 Vide
1827 5271 2103 5325 eumdem

464 5342 798 5396 Gretserum
830 5341 1245 5411 praenominati
1277 5344 1576 5406 tractatus,
1610 5357 1739 5412 cap.
1774 5344 1861 5405 18,
1894 5342 1967 5395 de
1994 5342 2105 5396 hac

534 5463 587 5533 c)
627 5463 711 5520 Ita
763 5464 817 5519 S.
862 5464 1172 5536 Gregorius
1212 5466 1374 5535 Papa
1428 5465 1475 5519 II
1520 5468 1617 5536 Ep.
1656 5481 1674 5521 ι
1717 5465 1789 5521 ad
1849 5468 2103 5522 Leonem

463 5532 792 5617 Isauricum
851 5532 1101 5617 opponit
1151 5532 1785 5617 initer—sedatrp'wnxcii;
1823 5542 1877 5592 et
1926 5556 2106 5607 σχετι-

465 5612 609 5667 κῶςε
662 5610 724 5659 ut
761 5605 1085 5677 explicetur
1130 5605 1464 5662 differentia
1502 5605 1629 5676 ejus
1668 5608 1883 5670 cultus,
1924 5605 2104 5681 quem

2207 3420 2590 3479 refellentem.

2279 3495 2389 3564 (2t)
2410 3492 2905 3566 Utrumquehuuc
2920 3492 3108 3566 Basilii
3123 3491 3809 3566 etChrysostomilocum

2208 3566 2386 3620 etiam
2407 3565 2718 3633 Gregorius
2735 3564 2895 3633 Papa
2913 3564 3132 3636 allegat
3148 3566 3203 3619 in
3220 3564 3483 3636 Epistola
3497 3566 3571 3620 ad
3593 3568 3648 3621 S.
3675 3565 3808 3620 Ger-

2210 3652 2457 3692 manum
2504 3636 2902 3704 patriarcham
2952 3636 3077 3697 CP.,
3123 3635 3282 3692 lecta
3326 3636 3386 3691 in
3430 3636 3678 3691 concilio
3720 3636 3809 3691 Ni-

2210 3724 2377 3764 caano
2407 3724 2466 3771 ιι,
2498 3708 2728 3779 actione
2768 3711 2821 3773 4,
2848 3722 2971 3779 qua
3001 3708 3182 3761 etiam
3214 3708 3448 3762 actione
3474 3707 3588 3762 hoc
3633 3708 3807 3779 Chry-

2212 3780 2460 3851 sostomi
2508 3778 2753 3851 effatum
2784 3777 3084 3851 profectur
3115 3796 3150 3833 a
3192 3779 3526 3834 Theodosio
3556 3777 3808 3851 praeside

2211 3848 2271 3903 S.
2292 3850 2538 3903 Andreas
2557 3850 2632 3903 ad
2661 3848 2916 3913 Nesium,
2946 3853 3008 3902 ut
3029 3850 3409 3919 desumptum
3428 3866 3497 3905 ex
3517 3848 3805 3915 oratione,

2212 3921 2304 3975 cui
2336 3926 2775 3989 argumentum,
2816 3942 2836 3969 ‹
2874 3921 3045 3985 Quod
3101 3922 3310 3976 veteris
3349 3926 3406 3977 et
3449 3923 3586 3977 novi
3616 3924 3808 3978 Testa-

2214 3992 2395 4046 menti
2440 4007 2592 4044 unus
2628 3992 2701 4044 sit
2731 3991 3049 4057 legislator.
3090 4013 3115 4040 »

2285 4062 2396 4133 (22)
2432 4062 2558 4135 imo
2581 4064 2891 4135 Gregorius
2916 4066 3215 4135 Nyssenus
3245 4084 3257 4118 :
3291 4064 3469 4135 hujus
3501 4065 3651 4118 enim
3685 4078 3812 4118 esse

2210 4132 2410 4188 locum
2441 4133 2624 4197 illum,
2658 4134 2727 4187 de
2750 4132 3092 4188 Abrahamo
3118 4132 3451 4204 patriarcha
3475 4151 3813 4190 sermonem

2213 4204 2501 4277 facientis,
2530 4204 2824 4258 Adrianus
2853 4205 3014 4277 Papa
3035 4204 3415 4276 proﬁteturin
3431 4223 3538 4262 sua
3556 4207 3631 4262 ad
3661 4209 3814 4261 Con-

2211 4276 2538 4348 stantinum
2559 4282 2614 4329 et
2644 4277 2864 4348 Irenem
2886 4276 3185 4344 Augustos
3210 4277 3489 4348 Epistola,
3515 4279 3747 4333 actione
3779 4294 3815 4331 ιι

2210 4347 2477 4473 prmdicti
2502 4347 2726 4401 concilii
2750 4347 3008 4401 recitata.
3035 4348 3145 4402 Sed
3165 4347 3270 4402 hic"
3287 4350 3589 4403 memoriae
3608 4350 3816 4420 lapsus

2236 4418 2613 4473 gnoscendus
2632 4424 2718 4473 est
2737 4418 2911 4473 eloaii
2929 4419 3105 4473 huius
3120 4421 3343 4473 auctori
3366 4437 3489 4473 prae
3510 4422 3657 4473 aliis.
3686 4421 3816 4473 aui-

2236 4418 2613 4493 gnoscendus
2632 4418 3105 4493 est_el_ogii_hujus
3120 4421 3343 4473 auctori
3360 4437 3489 4493 prae
3510 4422 3657 4484 aliis,
3673 4418 3822 4493 qui-

2214 4489 2323 4543 bus
2345 4489 2617 4563 ultimum
2635 4490 3215 4563 pulcherrimumque
3234 4491 3625 4547 confessionis
3640 4489 3819 4563 hujus

2215 4566 2413 4633 actum
2456 4561 2685 4615 videtur
2719 4560 3055 4633 confudisse
3088 4578 3101 4614 :
3136 4577 3274 4617 nam
3296 4563 3500 4633 primae
3535 4566 3675 4619 Vitas
3717 4560 3821 4618 au-

2216 4631 2364 4686 ctori
2383 4636 2552 4686 aetate
2568 4631 2812 4702 suppari
2838 4632 3031 4701 potius
3045 4631 3318 4687 standum
3338 4640 3441 4701 est,
3458 4650 3565 4689 nec
3579 4636 3817 4690 omnino

2138 4702 2182 4755 D
2217 4703 2577 4757 credendum
2594 4709 2693 4757 aut
2713 4702 2873 4772 prius
2895 4708 3132 4757 vexatos
3152 4706 3503 4770 monachos,
3523 4723 3818 4762 eversum-

2216 4790 2332 4845 que
2374 4775 2800 4849 monasteijum
2844 4789 2969 4849 esse
2998 4790 3180 4849 quam
3221 4792 3393 4831 suam
3424 4777 3814 4849 Theophanes

2218 4844 2612 4919 constantiam
2656 4844 2917 4919 Byzantii
2968 4846 3313 4915 probasset;
3360 4849 3463 4902 sed
3524 4844 3721 4919 pdtius
3762 4848 3813 4902 ei

2216 4916 2540 4984 afﬂigendo
2569 4915 2693 4969 haec
2714 4915 2928 4969 deinde
2960 4922 3123 4973 acta:
3154 4924 3256 4972 aut
3282 4920 3450 4975 tertio
3474 4915 3813 4976 aTheodori

2216 4988 2496 5061 ejectione
2540 4987 2635 5061 die
2666 4988 2861 5061 ipsum
2893 5004 3129 5059 quoque
3178 4990 3490 5061 expulsum
3517 4992 3577 5046 in
3609 4992 3813 5045 Samo-

2217 5056 2503 5113 thraciam
2532 5056 2711 5112 fuisse
2741 5056 3185 5126 Theophanem.

2287 5130 2397 5199 (23)
2435 5129 2632 5185 Mirum
2682 5135 2771 5183 est
2810 5130 2867 5183 in
2903 5129 3031 5184 Vita
3063 5133 3119 5187 S.
3150 5131 3399 5187 Thedori
3452 5130 3693 5188 Studitaa
3730 5130 3813 5185 ul-

2216 5199 2371 5254 timm
2404 5199 2583 5269 hujus
2617 5199 2693 5253 ad
2726 5200 3146 5271 imperatorem
3180 5202 3552 5257 adductionis
3584 5202 3812 5258 nullam

2214 5270 2461 5325 omnino
2488 5270 2847 5346 mentionem
2894 5272 3039 5346 ﬁeri,
3083 5273 3142 5327 in
3175 5290 3293 5346 qua
3325 5274 3470 5346 illud
3497 5276 3809 5341 duntaxat,

2215 5347 2350 5412 post
2375 5346 2645 5397 narratos
2664 5342 2865 5411 ejusin
2889 5342 3313 5400 conﬁrmandis
3335 5345 3613 5402 fratribus
3628 5348 3811 5403 verbo

2214 5463 2581 5541 imaginibus
2611 5463 2884 5541 deferunt
2923 5466 3256 5541 Christiani,
3275 5469 3369 5541 ab
3398 5486 3469 5525 eo
3498 5486 3619 5541 quo
3652 5470 3814 5525 idola

2216 5536 2551 5618 adorabant
2612 5536 3205 5618 gentiles,_.ipsismet
3256 5536 3535 5597 divinum
3584 5541 3811 5613 aliquid

2217 5614 2410 5663 inesse
2433 5620 2674 5662 erronec
2694 5614 2941 5675 opinati.
