4110 6272
183 197 250 252 29
1471 200 1634 258 VITA
1673 203 1736 261 S.
1775 201 2253 258 THEOPHANIS.
3464 206 3536 263 30

172 323 425 381 τοσαύτην
475 329 566 376 τοῦ
597 319 792 397 ἀνδρὸς
849 324 1112 390 ἔνστασιν,
1168 323 1474 389 ἀποστείλας
1517 329 1634 380 τινὰ
1676 336 1774 381 τῶν

1886 329 2187 399 perferens
2229 335 2544 402 tyrannus,
2576 329 2902 402 quemdam
2949 330 3010 387 in
3062 330 3347 404 dignitate
3392 349 3538 392 con-

176 410 222 464 έν
273 413 422 478 τέλει,
475 417 562 472 τὴν
624 416 714 486 μὲν
769 419 928 485 μονὴν
991 415 1080 475 ἕως
1143 411 1362 488 ἐδάφους
1419 422 1776 492 πυρίκαυστον

172 506 441 568 πεποίηκε,
501 505 616 562 τοὺς
693 498 752 556 δὲ
825 507 1090 575 μοναχοὺς
1147 504 1480 578 αἰκισάμενος
1541 503 1778 580 διεσκόρ-

173 609 311 656 πισε,
378 593 464 642 τὸν
526 587 584 644 δὲ
650 593 906 667 μακάριον
969 589 1184 666 δέσμιον
1243 594 1617 668 συλλαϐόμενος
1661 593 1778 667 ἦγεν

174 679 244 740 εἰς
282 682 339 732 τὸ
383 680 680 740 Βυζάντιον.
729 686 826 734 Καὶ
863 680 1198 744 κελεύσαντος
1241 690 1331 736 τοῦ
1363 687 1610 757 τυράννου
1658 687 1779 737 καθ·

174 770 447 842 ειρχθῆναι
495 769 651 821 αὐτὸν
712 769 760 822 ἓν
819 779 1054 844 σκοτεινῇ
1114 771 1338 845 φυλακῇ,
1400 771 1483 826 ἐπὶ
1534 774 1782 836 πλείστας

171 858 360 930 ἡμέρας
424 854 674 934 διέτριϐεν
749 857 797 910 έν
871 861 1096 934 ὑπονοίᾳ.
1171 857 1372 932 τοιᾷδε,
1450 865 1517 923 ὡς
1591 864 1652 914 οἶν
1725 863 1780 914 τό

171 948 362 999 εὔτονον
419 947 579 999 αὐτοῦ
629 949 922 1020 χαυνωθεν,
976 931 1228 1001 εὐάλωτον
1273 952 1421 1003 ἔσται
1467 955 1597 1025 πρὸς
1651 971 1771 1023 συγ

168 1035 460 1088 κατάθεσιν.
509 1042 582 1107 Τῇ
617 1036 705 1088 οὖν
751 1041 1046 1112 προτεραίᾳ
1098 1036 1306 1109 ἀγαγὼν
1336 1040 1362 1090 ὁ
1403 1038 1653 1111 βασιλεὺς
1692 1045 1778 1092 τὸν

168 1122 424 1198 εἰρημένον
482 1121 753 1199 Θεόδωρον
807 1134 906 1177 τῶν
963 1123 1226 1179 Στουδίου
1284 1129 1427 1180 ὅσιον
1476 1131 1778 1201 ἡγούμενον,

163 1216 250 1264 καὶ
303 1214 388 1266 ἐπὶ
443 1211 688 1275 πλείστας
757 1215 894 1288 ὧρας
971 1211 1191 1287 δείμασί
1258 1235 1312 1269 τε
1376 1223 1466 1269 καὶ
1520 1219 1780 1270 κολάσεων

161 1301 436 1354 ὑποθέσεσι
533 1303 888 1366 καταπτήξειν
985 1303 1231 1376 οἰόμενος,
1337 1305 1630 1358 τούναντίον
1721 1302 1781 1359 δὲ

163 1389 426 1462 ἕλεγχθεὶς
470 1393 613 1463 παρὰ
648 1399 740 1443 τού
791 1393 959 1458 ὁσίου,
1002 1395 1068 1454 ὡς
1119 1390 1262 1464 μηδὲ
1311 1401 1405 1454 τῆς
1444 1394 1601 1445 αὐτοῦ
1650 1412 1779 1464 καρ-

164 1475 278 1539 δίας
327 1480 620 1542 ἐπισκοπῆς
677 1486 810 1532 Θεοῦ
865 1480 1190 1552 αἰσθόμενος,
1245 1479 1560 1551 αἰσχυνθεὶς
1607 1482 1632 1532 ὁ
1681 1483 1777 1532 τύ-

165 1586 341 1642 ραννος
394 1571 487 1626 τὴν
527 1565 642 1620 κατ’
704 1568 864 1620 αὐτοῦ
917 1575 1010 1632 τῆς
1068 1567 1276 1641 ἐξορίας
1342 1569 1516 1642 ψῆφον
1577 1567 1776 1640 ἀπεφή-

162 1675 303 1709 νατο.

239 1839 333 1890 lﬂ.
372 1840 446 1907 Τῇ
491 1830 550 1887 δε
579 1831 825 1908 ἐπαύριον
878 1834 1191 1908 προσέταξεν
1240 1836 1266 1888 ὁ
1307 1834 1554 1909 βασιλεὺς
1598 1835 1772 1909 ἀχθῆ-

165 1943 248 1977 ναι
305 1922 445 1994 αὐτῷ
493 1928 586 1976 καὶ
639 1927 726 1975 τὸν
776 1925 1036 1998 μακάριον
1094 1926 1385 1997 Θεοφάνην.
1449 1925 1662 1988 Κληθεὶς
1710 1924 1769 1980 δε

166 2015 308 2087 παρά
357 2021 457 2064 τῶν
495 2021 813 2085 συμμυστών
857 2009 1086 2066 τοιῶσδε
1117 2016 1411 2085 φησάντων,
1467 2018 1530 2076 ὡς
1561 2018 1634 2068 Ού
1687 2013 1767 2068 δεῖ

165 2107 223 2156 τὸ
261 2105 350 2155 σόν
404 2104 591 2176 κράτος
641 2103 740 2154 ὑπό
790 2121 927 2163 τινος
972 2111 1072 2154 τῶν
1124 2101 1516 2175 ἀμνημονεύτων
1566 2103 1763 2158 ἀντιλέ-

165 2193 352 2264 γεσθαι
409 2195 496 2243 καὶ
546 2189 876 2263 ἐλέγχεσθαι,
944 2195 1033 2243 καὶ
1100 2189 1331 2262 μάλιστα
1381 2188 1764 2266 αὐθαδεστέρων

165 2280 516 2351 τυγχάνοντος
595 2282 739 2354 παρὰ
816 2281 1014 2342 πάντας
1069 2283 1187 2340 τοὺς
1262 2285 1437 2352 πρώην
1516 2289 1608 2334 τοῦ
1677 2291 1763 2335 νῦν

166 2367 557 2440 ἁχθησομένου,
597 2373 783 2440 μήπως
828 2366 1053 2442 ύϐρισθῇ
1093 2372 1153 2420 τὸ
1203 2371 1289 2420 τὸν
1329 2367 1585 2428 ἀήττητον
1639 2373 1765 2446 κρά-

163 2476 246 2518 τος
309 2463 422 2518 ταῐς
479 2455 868 2531 ἁντιρῥητικαῖς
925 2457 1082 2510 αὐτοῦ
1139 2454 1465 2525 αὐθαδείαις,
1529 2464 1618 2512 καὶ
1675 2460 1766 2512 αὐ-

168 2548 456 2616 στηρότησι
507 2562 520 2574 ⁸
563 2547 708 2597 τοῦθ’
765 2545 923 2598 ἕνεκεν
979 2548 1104 2619 πρὸς
1141 2549 1235 2604 τὴν
1291 2547 1456 2619 ὁρμὴν
1507 2548 1764 2620 ἐπισχὼν,

167 2632 468 2687 ἀποστέλλει
525 2635 611 2687 ἕνα
663 2641 762 2687 τῶν
819 2633 867 2686 ἐν
921 2634 1047 2688 τέλει
1094 2638 1224 2709 πρὸς
1260 2637 1348 2687 τὸν
1400 2635 1569 2708 ἅγιον,
1609 2657 1767 2712 προσ-

163 2724 326 2786 τάξας
371 2721 672 2795 βουνεύροις
727 2728 1056 2796 τριακοσίοις
1111 2725 1178 2776 τά
1225 2743 1278 2776 τε
1327 2728 1512 2797 στέρνα
1563 2731 1653 2779 καὶ
1683 2730 1768 2779 τὸν

164 2821 323 2864 νῶτον
367 2811 726 2874 καταξάναντα
784 2810 937 2864 ἰᾶσαι
999 2811 1147 2864 πάλιν
1205 2811 1255 2864 ἓν
1316 2820 1377 2885 τῇ
1429 2816 1626 2888 εἱρκτῇ.
1693 2823 1767 2888 Τῇ

171 2897 231 2953 δὲ
307 2899 552 2973 ἐπαύριον
612 2902 643 2959 ἡ
701 2899 828 2972 αὐτῇ
897 2899 1050 2952 πάλιν
1115 2899 1330 2961 κόλασις
1396 2909 1468 2970 τῷ
1534 2909 1774 2976 μακαρίῳ

167 2997 433 3062 γεγονυῖα,
465 2991 523 3041 τὸ
554 2991 755 3041 εὔτονον
784 2987 942 3040 αὐτοῦ
986 2996 1080 3049 τῆς
1114 2990 1235 3060 πρὸς
1288 2991 1416 3040 Θεὸν
1465 2989 1560 3040 οὐκ
1617 2991 1778 3060 ἑχαύ-

1889 419 2156 473 stitutum
2172 417 2491 488 ablegavit,
2510 434 2615 491 per
2627 435 2806 491 quem
2825 421 3236 476 monasterium
3253 423 3327 478 ad
3346 423 3535 496 ipsum

1891 522 2078 578 usque
2107 507 2521 578 pavimentum
2552 508 2790 577 exussit,
2825 509 3157 566 monachos
3190 511 3537 568 verberibus

1889 594 2168 651 multatos
2194 595 2488 668 dispersit,
2505 598 2522 632 ¹
2545 596 2909 670 beatumque
2934 598 3127 653 virum
3152 600 3537 670 comprehen-

1891 701 2022 739 sum
2046 700 2115 740 ac
2139 685 2399 740 vinctum
2425 687 2767 756 Byzantium
2795 686 3063 753 adduxit,
3080 687 3342 759 atquede
3370 705 3538 747 man-

1891 773 2030 828 dato
2061 773 2298 844 tyranni
2329 773 2389 828 in
2420 773 2743 829 obscurum
2775 775 3169 845 compingens
3211 791 3532 844 carcerem,

1891 862 2093 917 multis
2122 861 2330 918 afﬂixit
2349 862 2580 918 diebus.
2607 867 2732 928 Qua
2755 863 2812 918 id
2839 863 3104 920 ﬁducia?
3129 867 3350 936 Nempe
3369 868 3534 938 quod

1892 956 2154 1023 speraret
2205 951 2526 1008 emollitam
2555 951 2740 1007 animi
2787 952 2975 1008 sancti
3003 951 3408 1010 fortitudinem
3447 955 3535 1012 fa-

1891 1039 2064 1096 cilem
2112 1039 2236 1095 fore
2267 1039 2346 1096 ad
2375 1056 2738 1096 consensum
2768 1040 3054 1112 impietati
3095 1043 3530 1113 praestandum.

1891 1129 2082 1183 Pridie
2137 1129 2312 1197 igitur
2366 1145 2549 1200 quam
2582 1131 2777 1200 ipsum
2809 1136 3134 1187 accerseret
3186 1131 3531 1203 imperator,

1893 1216 2112 1272 adduci
2159 1216 2334 1287 jussit
2385 1218 2496 1288 (24)
2552 1218 2904 1288 praedictum
2935 1219 3311 1276 Theodorum
3344 1222 3534 1278 Studii

1889 1304 2317 1375 hegumenum,
2342 1321 2522 1377 quem
2549 1306 2650 1360 diu
2677 1307 3049 1378 multumque
3077 1309 3398 1379 propositis
3425 1314 3537 1366 ter-

1889 1393 2122 1448 roribus
2163 1394 2590 1466 tormentisque
2621 1399 2933 1462 tentatum,
2962 1396 3033 1450 iis
3090 1396 3535 1468 percellendum

1887 1480 2252 1548 existimans,
2281 1499 2420 1538 cum
2448 1483 2576 1554 ipse
2605 1482 2681 1538 ab
2707 1483 2918 1538 eodem
2945 1499 2977 1540 e
3005 1490 3214 1540 contra
3244 1485 3424 1541 libere
3451 1487 3538 1541 in-

1885 1574 2243 1640 creparetur,
2287 1569 2443 1626 velut
2469 1569 2573 1642 qui
2601 1569 2930 1626 intuentem
2962 1571 3146 1628 corda
3174 1573 3362 1628 Deum
3413 1589 3534 1629 non

1802 1680 1846 1735 B
1883 1664 2285 1727 cognosceret,
2303 1658 2540 1715 exsilioc
2555 1658 2803 1715 onfusus
2817 1659 3063 1730 addixit,
3089 1661 3319 1732 prolata
3332 1661 3537 1718 adver-

1881 1761 1984 1800 sus
2004 1751 2281 1802 sanctum
2305 1749 2613 1803 sententia.

1951 1837 2127 1891 XVIII.
2161 1835 2398 1891 Postera
2417 1851 2558 1891 vero
2583 1835 2678 1891 die
2703 1835 2947 1891 beatum
2969 1852 3212 1909 quoque
3227 1837 3533 1909 Theopha-

1877 1939 2016 1979 nem
2069 1939 2271 1980 coram
2305 1940 2365 1979 se
2396 1924 2522 1979 sisti
2549 1925 2810 1995 jusserat
2840 1941 2857 1980 :
2894 1925 3288 1997 compellatus
3328 1931 3528 1984 autem

1875 2011 2190 2083 imperator
2205 2029 2240 2068 a
2253 2013 2559 2084 symmistis
2575 2014 3050 2083 suggerentibus,
3065 2014 3229 2085 quod
3242 2015 3526 2072 indecens

1874 2101 2124 2157 omnino
2149 2107 2302 2157 esset
2332 2101 2703 2173 majestatem
2735 2103 3177 2174 imperatoriam
3214 2103 3292 2158 ab
3324 2104 3526 2176 aliquo

1872 2190 2083 2247 vilium
2133 2191 2385 2247 istorum
2439 2191 2752 2247 hominum
2785 2191 3059 2262 redargui
3115 2207 3185 2248 ac
3223 2192 3523 2264 vilipendi,

1875 2280 2136 2335 maxime
2159 2281 2236 2335 ab
2261 2280 2374 2335 hoc
2399 2281 2527 2351 jam
2559 2280 2830 2336 accersiri
2861 2283 3050 2350 jusso,
3078 2281 3181 2354 qui
3212 2297 3334 2353 pras
3360 2287 3530 2338 caete-

1874 2369 1953 2424 ris
1973 2368 2256 2424 omnibus
2276 2368 2334 2423 in
2353 2369 2482 2440 ejus
2514 2373 2901 2440 conspectum
2933 2369 3228 2437 adductis,
3264 2369 3528 2426 insolens

1876 2457 1966 2525 sit,
1985 2463 2041 2512 et
2070 2462 2311 2529 propter
2342 2457 2710 2529 pervicacem
2736 2458 3102 2530 proterviam
3132 2475 3306 2514 suam
3336 2463 3531 2515 auste-

1876 2543 2231 2614 ritatemque
2283 2542 2500 2610 insigni
2559 2541 2759 2614 aliqua
2799 2543 3160 2599 contumelia
3206 2542 3531 2599 aﬁecturus

1878 2636 2230 2704 potestatem
2260 2631 2451 2703 ipsius
2486 2647 2498 2685 :
2532 2630 2824 2703 impetum
2855 2648 3033 2688 suum
3065 2633 3368 2704 repressit,
3405 2632 3534 2687 mit-

1880 2726 2008 2775 tens
2037 2720 2364 2792 quemdam
2397 2735 2429 2774 e
2461 2719 2823 2791 primoribus
2853 2736 2993 2776 cum
3020 2720 3295 2791 imperio,
3329 2725 3394 2776 ut
3425 2725 3532 2776 tre-

1879 2810 2063 2866 centis
2095 2813 2434 2866 taurearum
2493 2809 2684 2879 plagis
2726 2814 2963 2881 pectore
2995 2825 3064 2865 ac
3098 2809 3277 2865 dorso
3306 2809 3526 2865 lacera-

1882 2904 2031 2965 tum,
2057 2897 2256 2954 denuo
2287 2897 2511 2954 recludi
2550 2898 2787 2968 juberet
2811 2897 2870 2953 in
2903 2913 3204 2954 carcerem.
3242 2897 3534 2953 Postridie

1884 3003 2024 3042 vero
2076 3003 2214 3042 cum
2252 2987 2411 3042 idem
2450 2987 2648 3042 denuo
2688 2991 3050 3044 tormentum
3090 2991 3249 3043 esset
3305 2985 3534 3042 illatum

167 3053 330 3132 seiras»
383 3073 615 3139 ἐλπίδος.
675 3077 934 3131 ’Λπειπὼν
996 3072 1054 3129 δὲ
1110 3053 1218 3134 ἤδη
1278 3079 1408 3149 πρὸς
1455 3080 1548 3135 τὴν
1603 3053 1774 3129 τοιαύ-

1887 3079 2112 3138 sancto,
2147 3091 2256 3130 nec
2273 3075 2603 3147 quidquam
2630 3091 2766 3131 eum
2786 3075 3090 3132 remisisse
3120 3079 3435 3147 appareret
3460 3073 3535 3130 de

167 3187 261 3227 την
309 3168 474 3242 ὁρμὴν
518 3167 543 3218 ὁ
593 3165 849 3232 πανώλης,
899 3165 1153 3238 ψήφισμα
1189 3169 1325 3217 κατὰ
1370 3171 1464 3218 τοῦ
1515 3171 1777 3239 μακαρίου

169 3255 440 3329 ἐκπέμπει,
488 3254 663 3328 ἐξορίᾳ
699 3254 854 3307 αὐτὸν
906 3252 954 3306 έν
995 3255 1306 3329 Σαμοθρᾴκῃ
1355 3261 1416 3326 τῇ
1457 3258 1600 3327 νήσῳ
1651 3253 1774 3308 ἁπο-

172 3352 393 3412 στεῖλαι,
445 3347 560 3405 ἣτις
588 3343 636 3396 έν
691 3351 804 3406 τοῖς
832 3346 1012 3416 μέρεσι
1057 3351 1148 3396 τοῦ
1201 3351 1297 3406 τῆς
1339 3347 1637 3416 Μαρωνείας
1691 3363 1778 3397 πε-

169 3435 368 3507 λάγους
398 3431 631 3509 ἵδρυται,
665 3430 806 3492 δεινὴ
849 3437 938 3486 καὶ
967 3428 1262 3505 αὐχμώδης
1307 3438 1441 3485 πᾶσι
1471 3440 1576 3494 τοῖς
1616 3432 1777 3486 πελά-

171 3524 280 3585 ζειν
329 3522 662 3596 βουλομένοις
717 3519 1043 3594 δεικνυμένη.
1099 3522 1181 3573 Ἐν
1227 3519 1356 3594 αὐτῇ
1409 3517 1468 3574 δὲ
1511 3521 1644 3594 λιμῷ
1687 3529 1777 3576 καὶ

169 3609 324 3684 δίψει
382 3617 472 3665 καὶ
529 3611 784 3686 καθείρξει
839 3613 1071 3671 πιεσθεὶς
1135 3613 1161 3663 ὁ
1228 3612 1505 3684 μακάριος,
1557 3617 1646 3664 καὶ
1693 3610 1776 3664 ἐπί

167 3721 316 3763 τινας
377 3697 595 3754 διαϐιῶν
663 3705 908 3772 χρόνους,
987 3708 1087 3751 τῶν
1143 3695 1274 3770 τῇδε
1329 3705 1780 3774 μετακεχωρηκὼς

170 3793 299 3864 πρὸς
376 3788 618 3863 ἀμείνονα
679 3794 768 3842 καὶ
829 3791 1085 3862 θειοτέραν
1138 3788 1365 3840 εὔκλειαν
1437 3786 1774 3858 μεταϐέϐηκε,

170 3881 232 3930 τὸ
283 3877 495 3936 πήλινον
550 3886 703 3950 σῶμα
755 3880 849 3930 σὺν
903 3884 963 3949 τῇ
997 3875 1150 3949 ψυχῇ
1208 3874 1467 3933 ἀλώϐητον
1527 3871 1776 3947 διαφυλά-

173 3967 288 4032 ξας.
349 3967 428 4019 Οὗ
483 3973 598 4029 ταῖς
653 3970 934 4041 μακαρίαις
992 3965 1176 4037 εὐχαῖς
1251 3966 1681 4036 στηριχθείημεν,
1739 3965 1777 4015 ὦ

171 4055 597 4128 φιλακροάμονες,
650 4062 863 4128 Χριστῷ
921 4062 993 4123 τῷ
1042 4052 1387 4127 φιλανθρῴπῳ
1446 4061 1558 4123 Θεῴ
1609 4055 1775 4125 ἡμῶν,

169 4145 285 4218 ἅμα
339 4153 411 4216 τῷ
464 4147 783 4219 προανάρχῳ
835 4147 1023 4217 Πατρὶ,
1069 4147 1158 4194 καὶ
1211 4151 1281 4212 τῷ
1333 4145 1568 4212 ζωοποιῷ
1622 4144 1774 4195 Πνεύ-

169 4254 322 4307 ματι,
370 4230 527 4296 δόξαν
578 4239 667 4287 καὶ
706 4233 1050 4309 εὐχαριστίαν
1109 4230 1507 4303 ἀναπέμποντες,
1557 4238 1640 4282 νῦν
1688 4237 1778 4283 καὶ

171 4323 278 4390 ἀεὶ,
347 4329 438 4376 καὶ
527 4323 594 4384 εἰς
666 4326 782 4384 τοὺς
866 4325 1171 4394 σύμπαντας
1248 4324 1332 4373 καὶ
1411 4318 1778 4381 ἀτελευτήτους

172 4413 369 4477 αἰῶνας
392 4421 493 4502 ⁴ζῶν
522 4411 737 4466 αἰώνων.
770 4410 952 4482 Ἀμήν.

172 4593 234 4646 et
258 4589 473 4661 scripto
495 4592 768 4653 conatus,
794 4587 1046 4661 breviter
1058 4584 1449 4658 subjungitur,
1475 4584 1773 4641 offensum

173 4661 252 4733 iis
280 4659 597 4733 tyrannum
628 4677 698 4716 ac
733 4680 760 4712 «
795 4659 1308 4733 nesciumquqse
1336 4661 1603 4733 verteret,
1636 4673 1771 4713 cum

170 4727 433 4788 hominis
465 4732 796 4788 libertatem
823 4747 894 4785 ac
916 4727 1188 4784 ﬁduciam
1215 4727 1362 4784 ferre
1381 4728 1630 4800 amplius
1658 4744 1774 4784 non

172 4809 400 4884 posset,
426 4805 780 4884 ﬁyzantium
815 4801 1026 4884 expelli
1056 4801 1406 4884 ‘carceriq‘ue
1452 4799 1604 4855 tradi
1651 4800 1774 4872 jus-

176 4870 349 4932 sisse.
381 4870 617 4929 bVitam
644 4870 923 4930 dabimus
949 4877 1025 4929 ad
1050 4873 1108 4927 11
1136 4873 1281 4927 Nov.
1305 4870 1464 4926 diem
1484 4887 1606 4944 quo
1627 4870 1777 4926 mor-

177 4951 324 5002 tuus
352 4950 444 5002 est
472 4961 634 5001 anno
665 4948 784 5001 826.

256 5017 367 5089 (24)
393 5020 474 5073 Ea
503 5022 591 5073 est
619 5015 875 5089 Thraciae
904 5013 1124 5078 civitas,
1157 5012 1338 5068 etiam
1368 5011 1482 5067 hoc
1512 5017 1776 5084 tempore

176 5088 354 5145 vetus
377 5103 595 5145 nomen
623 5088 898 5156 retinens,
931 5102 968 5142 a
995 5101 1118 5156 qua
1140 5089 1455 5156 propterea
1485 5089 1775 5156 taqnuam

1885 3162 2063 3218 ﬁrma
2091 3163 2152 3218 in
2185 3163 2373 3218 Deum
2413 3163 2651 3229 ﬁducia,
2685 3164 3012 3235 desperans
3042 3164 3244 3220 infelix
3293 3167 3538 3236 propter

1889 3256 2117 3308 tantam
2174 3252 2364 3306 sancti
2402 3251 2510 3306 viri
2549 3251 2934 3317 alacritatem,
2988 3252 3282 3308 sententia
3329 3256 3537 3309 contra

1886 3341 2086 3412 ipsum
2117 3338 2257 3404 lata,
2292 3340 2454 3395 misit
2480 3355 2617 3396 eum
2649 3341 2914 3396 exsulem
2943 3339 3005 3395 in
3035 3339 3301 3396 insulam
3333 3342 3538 3398 Samo-

1886 3428 2173 3494 thracem,
2205 3443 2341 3500 quas
2373 3429 2432 3485 in
2459 3429 2609 3500 ejus,
2643 3428 2802 3500 quod
2825 3429 2903 3484 ad
2927 3428 3251 3485 Maroniam
3280 3427 3398 3500 (24)
3428 3431 3536 3493 est,

1888 3517 2070 3573 maris
2115 3517 2382 3588 partibus
2431 3518 2542 3572 sita
2597 3522 2704 3583 est,
2766 3517 3044 3589 squalida
3095 3516 3427 3573 admodum
3484 3521 3540 3572 et

1889 3607 2085 3674 gravis
2143 3606 2424 3662 omnibus
2479 3605 2760 3661 accedere
2817 3605 3150 3661 volentibus
3210 3622 3224 3658 :
3286 3606 3347 3661 in
3415 3620 3540 3677 qua

1887 3694 2065 3756 fame,
2112 3693 2226 3761 siti,
2255 3698 2312 3748 et
2341 3694 2629 3764 angustiis
2666 3709 2908 3766 pressus
2947 3693 3157 3749 beatus
3189 3709 3294 3765 per
3345 3709 3537 3749 annos

1887 3782 2134 3855 aliquot,
2163 3799 2234 3839 ex
2260 3783 2372 3838 hac
2394 3782 2512 3839 vita
2533 3783 2876 3853 demigrans
2902 3782 2982 3839 ad
3012 3783 3320 3838 meliorem
3348 3785 3534 3838 trans-

1886 3871 1969 3937 iit,
2003 3887 2250 3942 corpore
2280 3876 2336 3928 et
2364 3871 2567 3927 anima
2595 3870 2824 3943 absque
2852 3887 3004 3927 noxa
3037 3870 3309 3927 servatis.
3351 3870 3535 3941 Cujus

1886 3961 2106 4016 sanctis
2139 3959 2439 4032 precibus,
2473 3959 2776 4016 auditores
2803 3959 3018 4030 dilecti,
3051 3959 3532 4024 corroboremur,

1887 4047 2120 4104 Christo
2167 4048 2599 4116 benignissimo
2653 4050 2774 4103 Deo
2820 4052 3044 4113 nostro,
3097 4062 3335 4118 unaque
3378 4047 3538 4102 Patri

1887 4137 2162 4211 principii
2191 4138 2429 4208 experti,
2459 4142 2636 4210 atque
2665 4136 2897 4192 vivifico
2927 4136 3165 4207 Spiritui
3197 4134 3450 4205 gloriam
3481 4138 3540 4192 et

1885 4229 2210 4298 gratiarum
2250 4224 2544 4280 actionem
2592 4224 2926 4292 referentes,
2969 4240 3128 4280 nunc
3173 4229 3228 4279 et
3272 4239 3530 4296 semper,

1885 4322 2062 4388 atque
2085 4330 2188 4388 per
2209 4313 2413 4370 omnia
2435 4319 2490 4370 et
2508 4314 2888 4371 interminata
2914 4313 3130 4370 saecula
3151 4313 3535 4369 saeculorum-

1807 4406 1851 4460 D
1887 4409 2098 4460 Amen.

1885 4581 2194 4641 celebriori
2248 4579 2460 4636 merito
2504 4596 2668 4636 mare
2715 4580 2857 4635 illud
2902 4579 3241 4635 nominetur
3297 4595 3311 4634 :
3360 4577 3540 4634 distat

1886 4654 2108 4711 alioaui
2141 4669 2176 4709 a
2205 4653 2590 4708 Samothrace
2621 4651 2817 4706 insula
2847 4654 2914 4706 20
2945 4651 3127 4705 ferme
3181 4648 3534 4705 milliaribus

1885 4720 2148 4798 amplius
2184 4740 2379 4798 quam
2421 4723 2777 4798 ipsainsula
2809 4737 2847 4798 a7
2875 4722 3148 4798 proxima
3169 4720 3535 4798 continenti,

1881 4792 2050 4870 juxta
2077 4792 2371 4870 Ptolemaei
2393 4794 2855 4870 calculos._Su_ut
2878 4792 2988 4870 Qui
3017 4792 3308 4870 existimet
3350 4793 3536 4870 Isma-

1885 4861 2018 4924 i'um
2067 4882 2193 4921 esse
2229 4865 2462 4920 Homeri
2535 4881 2548 4919 :
2595 4865 2696 4920 sed
2749 4861 2968 4919 Plinius
3021 4863 3317 4916 diversam
3375 4861 3532 4916 facit.

1887 4937 2308 5012 Hipparchiam
2340 4936 2710 4992 nominatam
2741 4934 3064 5006 aliquando
3086 4933 3261 4988 docet
3286 4931 3534 4988 Ortelius

1885 5012 1946 5067 in
1962 5009 1969 5010 7
1985 5009 2305 5066 Thesauro.
