4110 6272
503 303 568 359 31
1852 300 1999 355 ΜΕΝ
2005 298 2111 355 SIS
2151 300 2159 355 l

2269 298 2489 356 RTIUS.
3788 283 3860 339 32

510 402 3844 445 __________________________________________.—

1477 584 2140 678 ΜΑΡΤΥΡΙΟΥ
2212 583 2450 671 ΤΟΥ
2523 581 2876 669 ΑΓΙΟΝ

1760 743 1872 792 ΚΑΙ
1913 742 2215 791 ΕΝΔΟΞΟΥ
2252 741 2595 790 ΜΑΡΤΥΡΟΣ

1278 897 1852 987 ΛΟΓΓΙΝΟΥ
1922 895 2139 981 ΤΟΥ
2214 886 3104 982 ΕΚΑΤΟΝΤΑΡΧΟΥ

875 1292 1546 1384 MARTYRIUM
1631 1289 2008 1381 SANCTI
2096 1291 2230 1377 ET
2310 1282 2838 1378 GLORIOSI
2923 1280 3498 1372 MARTYRIS

1209 1498 1902 1623 LONGINI
1994 1492 3162 1619 CENTURIONIS.

517 1722 723 1782 (Latine
739 1722 880 1786 apud
901 1722 1193 1772 Suriumad
1217 1720 1357 1769 diem
1385 1722 1442 1769 16
1465 1719 1664 1776 Martii;
1687 1718 2471 1829 Grzectgsmteitposhsgnqgaﬁ
2492 1717 2649 1840 antea
2691 1713 2881 1771 editus,
2907 1712 3081 1775 prodit
3107 1724 3169 1760 ex
3206 1711 3328 1760 cod.
3388 1709 3515 1773 Reg.
3567 1708 3727 1758 Paris.
3750 1708 3862 1764 77-5,

584 2160 623 2212 Ι.
658 2156 807 2213 Cum
838 2157 954 2212 Deo
993 2155 1183 2211 Verbo
1226 2159 1468 2227 propter
1506 2168 1801 2225 eam,qute
1842 2167 1913 2207 ex
1951 2150 2154 2207 inobe-

2337 2158 2410 2203 Α.
2466 2157 2568 2203 Τοῦ
2625 2153 2751 2201 Θεοῦ
2804 2152 2977 2219 Λόγου
3032 2144 3126 2199 διὰ
3181 2150 3273 2204 τὴν
3321 2145 3376 2198 ἐκ
3426 2154 3521 2207 τῆς
3594 2152 3863 2218 παρακοῆς

511 2245 736 2303 dientia
755 2245 929 2300 nobis
952 2244 1411 2315 fuitimportata,
1432 2259 1467 2297 a
1493 2243 1665 2297 bonis
1691 2240 2153 2312 prolapsionem,

509 2336 705 2391 visum
762 2338 918 2389 esset
948 2333 1071 2388 ﬁeri
1101 2333 1250 2387 sicut
1280 2348 1408 2397 nos,
1441 2337 1495 2386 et
1524 2329 1859 2385 voluntaria
1889 2344 2060 2384 cruce
2100 2333 2155 2383 et

511 2428 938 2494 mortepropter
950 2438 1059 2477 nos
1072 2419 1714 2477 fuissetcondemnatus
1735 2404 1974 2489 p'rOpter
1988 2433 2155 2472 suam

509 2513 573 2568 in
599 2526 707 2567 nos
733 2510 1218 2575 misericordiam,
1247 2515 1301 2563 et
1325 2509 1540 2563 chorus
1565 2507 1809 2579 quidem
1841 2504 2157 2575 discipulo-

509 2616 668 2665 rum,
703 2600 907 2655 timore
933 2598 1205 2654 amicitiae
1238 2598 1447 2653 Christi
1473 2601 1627 2651 esset
1656 2595 1893 2662 oblitus,
1924 2594 2027 2664 qui
2058 2609 2159 2648 au-

511 2689 703 2745 temin
720 2687 1098 2742 eumcasdem
1112 2686 1421 2756 spirabant
1438 2684 1643 2748 Judaei,
1667 2683 1944 2753 eumjam
1968 2687 2157 2737 morte

513 2776 928 2832 damnassent:
956 2791 1110 2829 unus
1130 2778 1250 2829 erat
1276 2775 1451 2829 etiam
1478 2772 1777 2843 Longinus
1796 2787 1824 2826 e
1847 2785 2161 2842 synagoga

511 2864 946 2928 Judaeorum,et
966 2862 1319 2918 constitutus
1350 2862 1538 2917 fuerat
1554 2861 1816 2915 centurio
1842 2858 2160 2931 cujusdam

513 2952 747 3009 numeri
763 2951 1037 3007 militum.
1058 2954 1203 3007 Cum
1225 2956 1425 3006 autem
1439 2948 1809 3005 exsecutioni
1824 2954 1978 3004 esset
1995 2963 2158 3003 man-

514 3042 654 3098 data
694 3041 979 3098 scelerata
1021 3041 1330 3103 sententia,
1362 3046 1418 3096 et
1444 3041 1568 3111 ipse
1597 3038 1856 3094 Christus
1895 3038 1955 3094 in
1998 3038 2161 3108 ligno

513 3129 918 3199 essetafﬁxus,
949 3129 1252 3185 medicans
1282 3134 1589 3200 sumptum
1610 3144 1681 3183 ex
1712 3128 1872 3198 ligno
1898 3132 2157 3198 gustum,

516 3218 911 3274 admirandus
924 3218 1018 3273 hic
1034 3218 1331 3286 Longinus
1344 3217 1808 3273 habebatcrucis
1824 3217 2160 3272 custodiam

517 3306 629 3362 sibi
656 3306 1045 3363 commissam
1076 3323 1212 3362 cum
1240 3308 1362 3362 suis
1396 3306 1701 3362 militibus.
1736 3307 1930 3373 Signis
1961 3310 2161 3360 autem

518 3402 572 3451 et
603 3396 909 3468 [rodigiis,
937 3413 1071 3468 quas
1098 3397 1255 3451 circa
1275 3412 1511 3452 crucem
1540 3395 1696 3450 facta
1729 3399 1885 3455 sunt,
1920 3393 1996 3448 ad
2020 3391 2162 3446 veri-

2264 2239 2626 2311 ἐπενεχθεῖσαν
2685 2240 2808 2309 ἡμῖν
2864 2245 2963 2288 τῶν
3040 2235 3243 2306 ἀγαθῶν
3302 2238 3559 2287 ἔκπτωσιν
3620 2235 3864 2305 γενέσθαι

2261 2330 2378 2380 καθ’
2430 2330 2563 2399 ἡμᾶς
2614 2324 2995 2386 εὐδοκήσαντος
3050 2330 3139 2376 καὶ
3204 2327 3426 2395 σταυρόν
3485 2324 3718 2375 ἑκούσιον
3778 2327 3867 2374 καὶ

2267 2419 2481 2469 θάνατον
2538 2412 2631 2467 διὰ
2685 2419 2772 2467 τόν
2834 2418 2964 2488 πρὸς
3038 2415 3173 2485 ἡμᾶς
3240 2414 3408 2464 οἶκτον
3467 2414 3868 2485 κατακριθέντπ

2264 2510 2354 2557 καὶ
2392 2512 2482 2556 τοῦ
2544 2508 2632 2576 μὲν
2680 2512 2776 2555 τῶν
2834 2505 3080 2575 μαθητῶν
3138 2510 3305 2576 χοροῦ
3365 2498 3536 2573 δειλίᾳ
3594 2511 3684 2562 τῆς
3737 2504 3868 2574 πρὸς

2268 2597 2495 2667 Χριστόν
2569 2593 2735 2664 φιλίας
2802 2592 3168 2661 ἐκλαθομένων,
3247 2599 3344 2642 τῶν
3428 2586 3487 2643 δὲ
3539 2591 3649 2643 κατ’
3708 2590 3869 2642 αὑτοῦ

2268 2688 2528 2755 φονώντων
2575 2678 2842 2735 Ἰουδαίων
2884 2676 3133 2731 ὑπόδικον
3189 2680 3342 2731 αὐτόν
3388 2675 3493 2737 ἤδη
3555 2688 3624 2750 τῷ
3670 2680 3870 2750 θανάτῳ

2266 2774 2649 2841 ποιησαμένων,
2701 2771 2768 2829 εἷς
2808 2766 2867 2826 ἦν
2917 2774 3005 2821 καὶ
3045 2774 3299 2839 Λογγῖνος
3335 2776 3427 2829 τῆς
3456 2776 3555 2819 τῶν
3600 2764 3871 2820 Ἰουδαίων

2271 2867 2545 2930 συναγωγῆ
2559 2880 2599 2926 ς,

2268 2950 2554 3000 καθίστατο
2611 2949 2877 3019 τάγματος
2924 2948 3062 2999 Ἐπεὶ
3104 2943 3161 2997 δὲ
3221 2950 3380 3019 πέρας
3432 2947 3461 3003 ἡ
3512 2947 3716 3019 πονηρά
3769 2943 3871 3015 φῆ·

2270 3058 2359 3110 φος
2403 3034 2636 3109 ἐδέχετο,
2669 3042 2757 3089 καὶ
2793 3040 3021 3107 Χριστὸς
3061 3034 3211 3093 αὐτὸς
3243 3032 3325 3086 ἐπὶ
3370 3033 3522 3096 ξύλου
3565 3032 3871 3105 προσὴλωτο

2270 3132 2361 3185 τὴν
2404 3125 2459 3178 ἐκ
2502 3134 2594 3177 τοῦ
2644 3126 2796 3187 ξύλου
2831 3133 3011 3195 γεῦσιν
3047 3124 3277 3193 ἰώμενος,
3329 3125 3354 3175 ό
3403 3124 3695 3195 θαυμάσιος
3726 3122 3874 3182 οὗτος

2677 2863 2767 2910 καί
2842 2877 2975 2918 τινος
3040 2856 3423 2930 ἑκατόνταρχος
3496 2862 3870 2929 στρατιωτικοῦ

2269 3221 2526 3285 Λογγῖνος
2576 3214 2830 3284 ἐτύγχανε
2896 3216 2984 3284 μὲν
3042 3217 3127 3270 τὴν
3202 3220 3292 3264 τοῦ
3362 3220 3591 3285 σταυροῦ
3650 3211 3872 3284 φυλακὴν

2270 3306 2381 3374 οἶμα
2444 3310 2549 3363 τοῖς
2623 3303 2710 3354 ὑπ’
2773 3302 2911 3372 αὐτῷ
2984 3307 3330 3377 στρατιώταις
3405 3306 3804 3373 πεπιστευμένος
3859 3321 3873 3335 ·

2270 3399 2374 3451 τοῖς
2414 3388 2474 3443 δὲ
2530 3396 2647 3465 περὶ
2694 3395 2780 3443 τόν
2827 3395 3050 3465 σταυρόν
3099 3396 3335 3463 σημείοις
3383 3394 3469 3443 καὶ
3523 3395 3706 3464 τέρασι
3752 3393 3877 3466 πρός

517 3489 699 3540 tatem
712 3485 1022 3552 deductus,
1036 3485 1462 3540 omniexcusso
1476 3488 1655 3547 metu,
1671 3482 1851 3536 libere
1866 3480 2159 3537 Christum

2269 3487 2359 3540 τὴν
2415 3479 2655 3538 ἀληθειαν
2717 3483 3137 3554 χειραγωγηθεὶς
3202 3486 3292 3533 καὶ
3342 3482 3513 3533 πάντα
3569 3479 3721 3553 φόϐον
3788 3480 3874 3551 ἀφ’

516 3572 719 3645 ipsum
753 3578 809 3628 et
841 3576 1025 3628 Deum
1055 3572 1363 3628 confessus
1402 3576 1489 3626 est
1517 3571 1576 3626 in
1610 3570 1806 3627 medio
1835 3584 2160 3642 synagoga;

514 3660 877 3727 Iudaeorum,
920 3682 947 3709 ‹‹
985 3663 1147 3728 Vere,
1188 3662 1412 3725 dicens,
1457 3660 1630 3716 Filius
1667 3659 1764 3716 Dei
1794 3665 1881 3715 est
1912 3660 2006 3715 hic
2045 3660 2086 3713 ¹.
2131 3681 2159 3708 ››

594 3928 658 3979 ll.
676 3927 993 3997 Postquam
1009 3923 1325 3996 sepulturae
1344 3924 1697 3980 mandatum
1720 3925 1827 3981 fuit
1863 3925 2163 3981 viviﬁcum

521 4013 731 4069 Christi
757 4028 991 4085 corpus,
1016 4019 1079 4069 ut
1101 4029 1209 4069 nos
1234 4031 1268 4069 a
1294 4013 1520 4085 peccati
1549 4014 1835 4085 sepulcris
1869 4019 2160 4079 evocaret,

519 4106 577 4157 et
604 4100 681 4157 ad
720 4102 1027 4174 antiquam
1065 4109 1367 4158 revocaret
1404 4102 1858 4173 beatitudinem,
1901 4104 2163 4172 Longino

519 4190 919 4261 rursusjussit
946 4191 1180 4255 Pilatus,
1206 4192 1337 4247 vita;
1356 4191 1695 4263 sepulcrum
1715 4193 1859 4247 tueri
1892 4192 2164 4248 custodia

521 4278 775 4334 militari.
812 4282 874 4334 Et
900 4279 993 4335 ille
1021 4280 1265 4352 quidem
1293 4280 1425 4336 fecit
1450 4281 1529 4346 id,
1561 4282 1721 4353 quod
1754 4287 1879 4337 erat
1908 4284 2159 4353 impera-

520 4370 668 4434 tum,
692 4368 793 4422 etsi
819 4383 941 4423 non
971 4375 1121 4424 esset
1146 4369 1417 4440 ejusdem
1450 4370 1523 4424 de
1555 4369 1781 4424 Christo
1812 4386 1949 4427 cum
1984 4371 2161 4426 Pilato

518 4456 841 4519 sententias,
868 4456 1069 4525 utjam
1098 4456 1437 4511 didicimus.
1464 4458 1606 4510 Cum
1632 4462 1830 4511 autem
1858 4465 2159 4529 peractum

519 4546 670 4597 esset
701 4556 989 4610 magnum
1021 4542 1358 4611 mysterium
1383 4544 1843 4609 resurrectionis,
1872 4552 1927 4600 et
1949 4546 2161 4600 milites

520 4629 830 4693 miracula,
862 4645 997 4701 quae
1029 4635 1193 4685 erant
1224 4632 1474 4701 majora,
1507 4648 1691 4704 quam
1724 4640 1787 4688 ut
1825 4650 1894 4689 ea
1925 4640 2163 4706 caperet

516 4718 785 4774 humana
810 4718 1108 4787 cogitatio,
1125 4719 1492 4791 principibus
1511 4722 1886 4777 sacerdotum
1915 4728 1971 4778 et
1997 4738 2160 4793 pres-

518 4806 742 4879 byteris
771 4806 998 4863 Iudaici
1024 4814 1212 4863 caelus
1239 4810 1712 4877 annuntiassent,
1744 4810 1858 4866 hoc
1888 4812 1967 4866 illi
1993 4812 2161 4881 igno-

520 4895 766 4949 miniam
819 4901 875 4950 et
915 4895 1175 4951 dedecus
1230 4896 1339 4951 sibi
1387 4896 1595 4953 aﬂ'erre
1634 4898 2062 4969 existimantes,
2107 4906 2163 4956 et

518 4982 873 5038 miraculum
889 4983 1151 5039 volentes
1167 4985 1557 5054 exstinguere,
1574 4987 1839 5056 pecuniis
1853 5003 2161 5059 persuase-

516 5075 655 5126 runt
680 5071 982 5139 militibus,
1016 5078 1079 5129 ut
1104 5073 1608 5130 calumniarentur
1638 5074 1844 5131 Christi
1874 5092 2163 5133 resurrec-

517 5158 759 5214 tionem.
792 5160 879 5215 Illi
917 5160 1093 5230 igitur
1123 5160 1201 5217 ad
1244 5162 1497 5218 Pilatum
1536 5163 1902 5229 accedentes,
1945 5164 2158 5221 falsam

517 5246 793 5302 dixerunt
812 5264 941 5302 esse
964 5251 1473 5307 resurrectionem.
1508 5254 1720 5306 Verum
1752 5268 1871 5307 non
1898 5253 1980 5308 sic
2008 5256 2160 5309 Lon-

518 5335 691 5404 ginus
725 5351 737 5388 :
768 5336 871 5390 sed
898 5338 1192 5394 mendacii
1219 5340 1461 5411 quidem
1486 5339 1593 5396 fuit
1618 5340 1936 5411 praeclarus
1959 5344 2159 5398 confu-

518 5427 691 5486 tator,
723 5438 899 5477 verax
932 5431 1130 5481 autem
1156 5429 1315 5484 testis
1344 5430 1623 5496 veritatis,
1658 5434 1721 5486 ut
1747 5430 1848 5502 qui
1877 5446 1997 5487 non
2029 5448 2155 5488 sus-

590 5550 607 5583 ¹
641 5548 809 5603 Math.
844 5563 1018 5612 xxvu,
1054 5553 1139 5604 54.

2272 3571 2457 3623 ἑαυτοῦ
2517 3573 2883 3642 ποιησάμενος,
2944 3570 3179 3642 ἐλευθέρα
3235 3570 3435 3642 γλώττῃ
3501 3573 3729 3645 Χριστὸν
3785 3569 3875 3621 αὐ·-

2270 3664 2357 3712 τόν
2400 3664 2487 3712 καὶ
2521 3663 2646 3713 Θεὸν
2689 3662 2735 3711 ἐν
2780 3663 2923 3730 μέσῳ
2970 3668 3063 3719 τῆς
3105 3668 3204 3711 τῶν
3253 3656 3521 3712 Ἰουδαίων
3570 3667 3874 3731 συναγωγῆς

2272 3749 2601 3822 ὡμολόγησεν
2658 3766 2670 3778 ’
2736 3772 2760 3799 ‹‹
2821 3748 3070 3813 Ἀληθῶς,
3131 3748 3309 3821 λέγων,
3380 3750 3495 3809 Υἱὸς
3546 3756 3680 3802 Θεοῦ
3733 3747 3873 3801 ἐστιν

2273 3839 2442 3900 οὗτος.
2481 3860 2504 3889 υ

2344 3926 2411 3982 Β’.
2438 3929 2525 3987 Ὠς
2553 3924 2611 3979 δὲ
2658 3932 2746 3978 καὶ
2775 3928 2917 3999 τάφῳ
2944 3930 3001 3978 τό
3048 3927 3298 3987 ζωοποιόν
3350 3923 3505 3985 ἐδόθη
3568 3936 3717 4000 σῶμα
3744 3936 3875 4001 Χρι-

2278 4024 2422 4081 στοῦ,
2458 4017 2518 4067 ἶν’
2563 4018 2695 4087 ἡμᾶς
2726 4025 2822 4067 τῶν
2872 4024 2963 4075 τῆς
3023 4015 3273 4088 ἁμαρτίας
3321 4018 3492 4089 τάφων
3551 4015 3870 4073 ἀνακαλέση-

2270 4124 2357 4156 ται
2392 4109 2480 4155 καὶ
2524 4107 2648 4175 πρὸς
2694 4108 2787 4163 τὴν
2844 4103 3074 4176 ἀρχαίαν
3123 4104 3426 4177 ἐπαναγάγη
3483 4109 3867 4179 μακαριότητα,

2272 4198 2508 4264 Λογγίνῳ
2536 4198 2622 4244 καὶ
2659 4193 2805 4245 πάλιν
2843 4195 2941 4245 ὑπὸ
2977 4193 3199 4245 Πιλάτου
3252 4198 3631 4267 προσετέτακτο
3667 4198 3753 4245 τόν
3783 4203 3871 4256 τῆς

2272 4283 2413 4344 ζωῆς
2449 4284 2606 4353 τάφον
2646 4278 2952 4354 κουστωδίᾳ
2999 4291 3329 4355 στρατιωτῶν
3366 4284 3690 4355 ὴσφαλίσθαι
3724 4302 3735 4312 ·
3783 4289 3871 4337 καὶ

2271 4373 2295 4423 ό
2346 4376 2434 4443 μὲν
2467 4369 2623 4422 ἐποίει
2662 4374 2719 4422 τό
2773 4372 3061 4437 κελευσθὲν,
3094 4373 3188 4423 κάν
3244 4372 3369 4444 οὐχὶ
3424 4378 3514 4425 καὶ
3571 4380 3665 4434 τῆς
3708 4373 3870 4435 αὐτῆς

2274 4461 2475 4531 Πιλάτῳ
2519 4465 2633 4534 περὶ
2684 4464 2911 4533 Χριστόν
2960 4466 3167 4532 γνώμης
3214 4457 3295 4525 ἧν,
3346 4464 3415 4523 ὡς
3467 4460 3521 4513 ἐκ
3570 4470 3661 4514 τοῦ
3699 4462 3870 4525 τέλους

2270 4547 2539 4620 ἐμάθομεν.
2593 4549 2733 4600 Ἐπεὶ
2780 4545 2837 4599 δέ
2900 4552 2957 4600 τό
3012 4552 3147 4620 μέγα
3200 4557 3292 4611 τῆς
3337 4549 3673 4613 ἀναστάσεως
3716 4554 3871 4625 ἐπρα-

2268 4640 2534 4709 γματεύθη
2590 4642 2899 4710 μυστήριον,
2959 4642 3049 4689 καὶ
3107 4640 3155 4690 oi.
3225 4648 3543 4711 στρατιῶται
3614 4644 3681 4693 τά
3741 4643 3867 4716 ὑπὲρ

2270 4728 2459 4778 ἔννοιαν
2514 4728 2751 4796 θαύματα
2810 4732 2918 4787 τοῖς
2975 4724 3285 4800 ἀρχιερεῦσι
3334 4732 3425 4779 καὶ
3497 4728 3868 4802 πρεσϐυτέροις

2269 4824 2358 4875 τῆς
2410 4810 2705 4874 Ἰουδαῐκῆς
2774 4821 3065 4887 συμμορίας
3118 4815 3457 4887 ἀπήγγελλον,
3508 4819 3557 4869 οἱ
3630 4822 3719 4889 μὲν
3770 4828 3867 4871 τῶν

2270 4901 2539 4957 Ἰουδαίων
2593 4913 2928 4975 προεστῶτες,
2976 4904 3236 4976 αἰσχύνην
3285 4908 3343 4956 τὸ
3396 4911 3616 4979 πρᾶγμα
3668 4910 3862 4981 τιθέμε·

2268 5014 2346 5045 νοι
2387 4997 2475 5044 καὶ
2518 4996 2574 5043 τὸ
2632 4994 2802 5063 θαῦμα
2848 4992 3032 5045 σϐέσαι
3064 4992 3387 5066 βουλόμενοι,
3444 4998 3682 5049 πείθουσι
3730 5003 3868 5072 χρὴ·

2269 5088 2443 5153 μάτων
2487 5083 2601 5139 τοὺς
2656 5087 2976 5153 στρατιώτας
3023 5087 3116 5140 τὴν
3159 5091 3249 5135 τοῦ
3304 5085 3500 5158 Κυρίου
3560 5092 3866 5159 συκοφαντί-

2272 5189 2362 5221 σαι
2415 5167 2699 5220 ἀνάστασιν
2752 5174 2838 5220 καὶ
2888 5170 3035 5222 αὐτοὶ
3080 5179 3150 5240 τῷ
3214 5171 3420 5243 Πιλάτῳ
3478 5174 3864 5245 προσελθόντες,

2268 5261 2334 5319 ὡς
2388 5262 2504 5330 περὶ
2554 5254 2784 5328 ψευδοῦς
2843 5259 3142 5329 εἰσηγοῦντο
3200 5269 3289 5319 τῆς
3348 5260 3697 5331 ἀναστάσεως,
3758 5264 3864 5315 ἀλλ’

2267 5345 2393 5416 οὐχὶ
2440 5350 2529 5397 καὶ
2582 5352 2832 5418 Λογγῖνος
2884 5348 3040 5407 οὕτως
3109 5365 3120 5376 ·
3183 5347 3309 5400 ἀλλὰ
3350 5358 3440 5401 τοῦ
3492 5354 3581 5422 μὲν
3638 5349 3864 5423 ψεύδους

2267 5434 2482 5505 ἔλεγχος
2536 5432 2769 5508 ἀκριϐὴς,
2839 5436 3031 5495 ἀληθὴς
3104 5432 3163 5489 δὲ
3219 5445 3313 5500 τῆς
3370 5438 3612 5503 ἀληθείας
3660 5442 3864 5517 μάρτυς
