  <div class='ocr_page' id='page_1' title='image "/cluster/home/n/w/nwhite01/storage/ocr_20150623/115/mdp.39015028574336/024.png"; bbox 0 0 4110 6272; ppageno 0'>
   <div class='ocr_carea' id='block_1_1' title="bbox 181 230 252 287">
    <p class='ocr_par' dir='ltr' id='par_1_1' title="bbox 181 230 252 287">
     <span class='ocr_line' id='line_1_1' title="bbox 181 230 252 287; baseline 0.014 -1"><span class='ocrx_word' id='word_1_1' title='bbox 181 230 252 287; x_wconf 89' lang='grc'><strong><em>33</em></strong></span> 
     </span>
    </p>
   </div>
   <div class='ocr_carea' id='block_1_2' title="bbox 1558 229 2183 291">
    <p class='ocr_par' dir='ltr' id='par_1_2' title="bbox 1558 229 2183 291">
     <span class='ocr_line' id='line_1_2' title="bbox 1558 229 2183 291; baseline 0.01 -6"><span class='ocrx_word' id='word_1_2' title='bbox 1558 229 1724 286; x_wconf 84' lang='grc' dir='ltr'>νΙΤΑ</span> <span class='ocrx_word' id='word_1_3' title='bbox 1765 230 1825 286; x_wconf 94' lang='lat' dir='ltr'><strong><em>S.</em></strong></span> <span class='ocrx_word' id='word_1_4' title='bbox 1869 231 2183 291; x_wconf 83' lang='lat' dir='ltr'><strong><em>LONGINI.</em></strong></span> 
     </span>
    </p>
   </div>
   <div class='ocr_carea' id='block_1_3' title="bbox 3465 249 3534 308">
    <p class='ocr_par' dir='ltr' id='par_1_3' title="bbox 3465 249 3534 308">
     <span class='ocr_line' id='line_1_3' title="bbox 3465 249 3534 308; baseline 0.072 -5"><span class='ocrx_word' id='word_1_5' title='bbox 3465 249 3534 308; x_wconf 79' lang='grc'><strong><em>34</em></strong></span> 
     </span>
    </p>
   </div>
   <div class='ocr_carea' id='block_1_4' title="bbox 177 351 1769 445">
    <p class='ocr_par' dir='ltr' id='par_1_4' title="bbox 177 351 1765 431">
     <span class='ocr_line' id='line_1_4' title="bbox 177 351 1765 431; baseline -0.001 -21"><span class='ocrx_word' id='word_1_6' title='bbox 177 351 485 422; x_wconf 84' lang='grc' dir='ltr'>καθίστατο,</span> <span class='ocrx_word' id='word_1_7' title='bbox 537 363 932 429; x_wconf 59' lang='grc' dir='ltr'>συκοφωτῆσαι</span> <span class='ocrx_word' id='word_1_8' title='bbox 989 359 1216 431; x_wconf 84' lang='grc' dir='ltr'>Χριστόν</span> <span class='ocrx_word' id='word_1_9' title='bbox 1274 359 1338 417; x_wconf 85' lang='grc' dir='ltr'>ὡς</span> <span class='ocrx_word' id='word_1_10' title='bbox 1387 357 1644 410; x_wconf 74' lang='grc' dir='ltr'><strong><em>κλαπέντα</em></strong></span> <span class='ocrx_word' id='word_1_11' title='bbox 1695 362 1765 429; x_wconf 80' lang='grc' dir='ltr'>μὴ</span> 
     </span>
    </p>
   </div>
   <div class='ocr_carea' id='block_1_5' title="bbox 1877 351 3532 445">
    <p class='ocr_par' dir='ltr' id='par_1_5' title="bbox 1887 358 3532 445">
     <span class='ocr_line' id='line_1_5' title="bbox 1887 358 3532 445; baseline 0.013 -33"><span class='ocrx_word' id='word_1_12' title='bbox 1887 358 2122 416; x_wconf 89' lang='lat' dir='ltr'><strong><em>tinuerit</em></strong></span> <span class='ocrx_word' id='word_1_13' title='bbox 2185 361 2530 421; x_wconf 82' lang='lat' dir='ltr'><strong><em>calumniari</em></strong></span> <span class='ocrx_word' id='word_1_14' title='bbox 2606 366 2922 436; x_wconf 85' lang='lat' dir='ltr'><strong><em>Christum,</em></strong></span> <span class='ocrx_word' id='word_1_15' title='bbox 3007 375 3297 445; x_wconf 88' lang='lat' dir='ltr'><strong><em>tanquam</em></strong></span> <span class='ocrx_word' id='word_1_16' title='bbox 3381 377 3532 434; x_wconf 80' lang='lat' dir='ltr'><strong><em>furto</em></strong></span> 
     </span>
    </p>
   </div>
   <div class='ocr_carea' id='block_1_6' title="bbox 179 443 1770 520">
    <p class='ocr_par' dir='ltr' id='par_1_6' title="bbox 179 443 1770 520">
     <span class='ocr_line' id='line_1_6' title="bbox 179 443 1770 520; baseline -0.001 -21"><span class='ocrx_word' id='word_1_17' title='bbox 179 446 553 520; x_wconf 74' lang='grc' dir='ltr'><strong><em>ἀνασχόμενος·</em></strong></span> <span class='ocrx_word' id='word_1_18' title='bbox 613 445 876 520; x_wconf 75' lang='grc' dir='ltr'><strong><em>ἐλευθερίῳ</em></strong></span> <span class='ocrx_word' id='word_1_19' title='bbox 934 443 993 499; x_wconf 75' lang='grc' dir='ltr'>δὲ</span> <span class='ocrx_word' id='word_1_20' title='bbox 1048 446 1236 518; x_wconf 85' lang='grc' dir='ltr'>μᾶλλον</span> <span class='ocrx_word' id='word_1_21' title='bbox 1282 450 1372 498; x_wconf 88' lang='grc' dir='ltr'>καὶ</span> <span class='ocrx_word' id='word_1_22' title='bbox 1426 445 1627 519; x_wconf 83' lang='grc' dir='ltr'>γλώττῃ</span> <span class='ocrx_word' id='word_1_23' title='bbox 1683 451 1770 498; x_wconf 83' lang='grc' dir='ltr'>καὶ</span> 
     </span>
    </p>
   </div>
   <div class='ocr_carea' id='block_1_7' title="bbox 177 533 1772 610">
    <p class='ocr_par' dir='ltr' id='par_1_7' title="bbox 177 533 1772 610">
     <span class='ocr_line' id='line_1_7' title="bbox 177 533 1772 610; baseline -0.001 -22"><span class='ocrx_word' id='word_1_24' title='bbox 177 542 356 609; x_wconf 78' lang='grc' dir='ltr'>γνώμῃ</span> <span class='ocrx_word' id='word_1_25' title='bbox 418 535 572 588; x_wconf 82' lang='grc' dir='ltr'>αὑτὸν</span> <span class='ocrx_word' id='word_1_26' title='bbox 621 533 949 610; x_wconf 84' lang='grc' dir='ltr'>ἀνακηρύξας</span> <span class='ocrx_word' id='word_1_27' title='bbox 1007 535 1246 593; x_wconf 84' lang='grc' dir='ltr'>ἀληθινόν</span> <span class='ocrx_word' id='word_1_28' title='bbox 1323 539 1412 587; x_wconf 84' lang='grc' dir='ltr'>καὶ</span> <span class='ocrx_word' id='word_1_29' title='bbox 1477 534 1532 586; x_wconf 80' lang='grc' dir='ltr'>ἐκ</span> <span class='ocrx_word' id='word_1_30' title='bbox 1587 544 1772 609; x_wconf 80' lang='grc' dir='ltr'>νεκρῶν</span> 
     </span>
    </p>
   </div>
   <div class='ocr_carea' id='block_1_8' title="bbox 178 623 1774 700">
    <p class='ocr_par' dir='ltr' id='par_1_8' title="bbox 178 623 1774 700">
     <span class='ocr_line' id='line_1_8' title="bbox 178 623 1774 700; baseline -0.001 -22"><span class='ocrx_word' id='word_1_31' title='bbox 178 625 459 700; x_wconf 79' lang='grc' dir='ltr'>ἓγηγίρθαι</span> <span class='ocrx_word' id='word_1_32' title='bbox 512 623 950 697; x_wconf 79' lang='grc' dir='ltr'>βεϐαιωσάμενος·</span> <span class='ocrx_word' id='word_1_33' title='bbox 1011 625 1124 676; x_wconf 86' lang='grc' dir='ltr'>ὅθεν</span> <span class='ocrx_word' id='word_1_34' title='bbox 1195 623 1348 685; x_wconf 85' lang='grc' dir='ltr'>αὑτός</span> <span class='ocrx_word' id='word_1_35' title='bbox 1412 643 1465 676; x_wconf 87' lang='grc' dir='ltr'><strong><em>τε</em></strong></span> <span class='ocrx_word' id='word_1_36' title='bbox 1556 623 1774 684; x_wconf 83' lang='grc' dir='ltr'>Πιλάτος</span> 
     </span>
    </p>
   </div>
   <div class='ocr_carea' id='block_1_9' title="bbox 176 709 1771 786">
    <p class='ocr_par' dir='ltr' id='par_1_9' title="bbox 176 709 1771 786">
     <span class='ocr_line' id='line_1_9' title="bbox 176 709 1771 786; baseline -0.002 -19"><span class='ocrx_word' id='word_1_37' title='bbox 176 720 262 768; x_wconf 87' lang='lat' dir='ltr'><strong><em>xui</em></strong></span> <span class='ocrx_word' id='word_1_38' title='bbox 314 717 362 767; x_wconf 84' lang='lat' dir='ltr'><strong><em>oi</em></strong></span> <span class='ocrx_word' id='word_1_39' title='bbox 426 721 518 775; x_wconf 79' lang='grc' dir='ltr'>τῆς</span> <span class='ocrx_word' id='word_1_40' title='bbox 586 721 897 785; x_wconf 74' lang='grc' dir='ltr'><strong><em>συναγωγῆς</em></strong></span> <span class='ocrx_word' id='word_1_41' title='bbox 968 709 1240 766; x_wconf 78' lang='grc' dir='ltr'><strong><em>Ἰουδαίων</em></strong></span> <span class='ocrx_word' id='word_1_42' title='bbox 1319 711 1620 786; x_wconf 79' lang='grc' dir='ltr'>ἐξάρχοντες</span> <span class='ocrx_word' id='word_1_43' title='bbox 1686 716 1771 765; x_wconf 86' lang='grc' dir='ltr'><strong><em>τόν</em></strong></span> 
     </span>
    </p>
   </div>
   <div class='ocr_carea' id='block_1_10' title="bbox 179 802 1771 878">
    <p class='ocr_par' dir='ltr' id='par_1_10' title="bbox 179 802 1771 878">
     <span class='ocr_line' id='line_1_10' title="bbox 179 802 1771 878; baseline -0.003 -21"><span class='ocrx_word' id='word_1_44' title='bbox 179 806 382 877; x_wconf 83' lang='grc' dir='ltr'>φθόνον,</span> <span class='ocrx_word' id='word_1_45' title='bbox 446 805 504 855; x_wconf 88' lang='grc' dir='ltr'><strong><em>όν</em></strong></span> <span class='ocrx_word' id='word_1_46' title='bbox 567 808 812 878; x_wconf 89' lang='grc' dir='ltr'>πρότερον</span> <span class='ocrx_word' id='word_1_47' title='bbox 881 802 1027 874; x_wconf 80' lang='grc' dir='ltr'>εἶχον</span> <span class='ocrx_word' id='word_1_48' title='bbox 1078 804 1213 854; x_wconf 88' lang='grc' dir='ltr'><strong><em>κατά</em></strong></span> <span class='ocrx_word' id='word_1_49' title='bbox 1273 809 1508 874; x_wconf 84' lang='grc' dir='ltr'>Χριστοῦ</span> <span class='ocrx_word' id='word_1_50' title='bbox 1567 806 1655 854; x_wconf 87' lang='grc' dir='ltr'>καὶ</span> <span class='ocrx_word' id='word_1_51' title='bbox 1709 803 1771 860; x_wconf 77' lang='grc' dir='ltr'>ἦν</span> 
     </span>
    </p>
   </div>
   <div class='ocr_carea' id='block_1_11' title="bbox 177 889 1770 964">
    <p class='ocr_par' dir='ltr' id='par_1_11' title="bbox 177 889 1770 964">
     <span class='ocr_line' id='line_1_11' title="bbox 177 889 1770 964; baseline -0.001 -21"><span class='ocrx_word' id='word_1_52' title='bbox 177 889 363 946; x_wconf 84' lang='grc' dir='ltr'>ὢδινον</span> <span class='ocrx_word' id='word_1_53' title='bbox 410 892 526 944; x_wconf 86' lang='grc' dir='ltr'>κατ’</span> <span class='ocrx_word' id='word_1_54' title='bbox 578 893 738 944; x_wconf 76' lang='grc' dir='ltr'>αὐτοῦ</span> <span class='ocrx_word' id='word_1_55' title='bbox 779 896 987 964; x_wconf 85' lang='grc' dir='ltr'>μανίαν,</span> <span class='ocrx_word' id='word_1_56' title='bbox 1038 893 1230 949; x_wconf 89' lang='grc' dir='ltr'>ταύτην</span> <span class='ocrx_word' id='word_1_57' title='bbox 1276 890 1346 952; x_wconf 87' lang='grc' dir='ltr'><strong><em>εἰς</em></strong></span> <span class='ocrx_word' id='word_1_58' title='bbox 1391 895 1645 962; x_wconf 88' lang='grc' dir='ltr'>Λογγίνον</span> <span class='ocrx_word' id='word_1_59' title='bbox 1683 897 1770 942; x_wconf 88' lang='grc' dir='ltr'><strong><em>νῦν</em></strong></span> 
     </span>
    </p>
   </div>
   <div class='ocr_carea' id='block_1_12' title="bbox 177 979 1767 1057">
    <p class='ocr_par' dir='ltr' id='par_1_12' title="bbox 177 979 1767 1057">
     <span class='ocr_line' id='line_1_12' title="bbox 177 979 1767 1057; baseline -0.003 -22"><span class='ocrx_word' id='word_1_60' title='bbox 177 985 572 1057; x_wconf 71' lang='grc' dir='ltr'>μεταφέρουσιν,</span> <span class='ocrx_word' id='word_1_61' title='bbox 644 980 806 1043; x_wconf 80' lang='grc' dir='ltr'>οὑτως</span> <span class='ocrx_word' id='word_1_62' title='bbox 876 979 1066 1054; x_wconf 80' lang='grc' dir='ltr'>ἀγρίως</span> <span class='ocrx_word' id='word_1_63' title='bbox 1132 981 1271 1050; x_wconf 81' lang='grc' dir='ltr'>αύτῷ</span> <span class='ocrx_word' id='word_1_64' title='bbox 1352 979 1767 1051; x_wconf 82' lang='grc' dir='ltr'>χαλεπαίνοντες,</span> 
     </span>
    </p>
   </div>
   <div class='ocr_carea' id='block_1_13' title="bbox 177 1068 1772 1142">
    <p class='ocr_par' dir='ltr' id='par_1_13' title="bbox 177 1068 1772 1142">
     <span class='ocr_line' id='line_1_13' title="bbox 177 1068 1772 1142; baseline 0 -22"><span class='ocrx_word' id='word_1_65' title='bbox 177 1072 246 1131; x_wconf 83' lang='grc' dir='ltr'>ὡς</span> <span class='ocrx_word' id='word_1_66' title='bbox 288 1070 417 1142; x_wconf 79' lang='grc' dir='ltr'>μηδ’</span> <span class='ocrx_word' id='word_1_67' title='bbox 448 1072 510 1122; x_wconf 83' lang='grc' dir='ltr'>ἄν</span> <span class='ocrx_word' id='word_1_68' title='bbox 539 1071 568 1130; x_wconf 78' lang='grc' dir='ltr'><strong>ἣ</strong></span> <span class='ocrx_word' id='word_1_69' title='bbox 604 1091 654 1122; x_wconf 91' lang='grc' dir='ltr'><strong><em>τι</em></strong></span> <span class='ocrx_word' id='word_1_70' title='bbox 683 1074 772 1122; x_wconf 83' lang='grc' dir='ltr'>καὶ</span> <span class='ocrx_word' id='word_1_71' title='bbox 823 1072 979 1122; x_wconf 86' lang='grc' dir='ltr'>πάθοι</span> <span class='ocrx_word' id='word_1_72' title='bbox 1015 1075 1264 1141; x_wconf 86' lang='grc' dir='ltr'>Λογγῖνος</span> <span class='ocrx_word' id='word_1_73' title='bbox 1295 1068 1442 1131; x_wconf 81' lang='grc' dir='ltr'>ἀξίαν</span> <span class='ocrx_word' id='word_1_74' title='bbox 1473 1069 1628 1120; x_wconf 81' lang='grc' dir='ltr'>αὐτόν</span> <span class='ocrx_word' id='word_1_75' title='bbox 1660 1068 1772 1120; x_wconf 86' lang='grc' dir='ltr'>εἰσ-</span> 
     </span>
    </p>
   </div>
   <div class='ocr_carea' id='block_1_14' title="bbox 172 1156 1769 1234">
    <p class='ocr_par' dir='ltr' id='par_1_14' title="bbox 172 1156 1769 1234">
     <span class='ocr_line' id='line_1_14' title="bbox 172 1156 1769 1234; baseline -0.002 -23"><span class='ocrx_word' id='word_1_76' title='bbox 172 1159 477 1233; x_wconf 83' lang='grc' dir='ltr'>πράξασθαι</span> <span class='ocrx_word' id='word_1_77' title='bbox 523 1163 776 1234; x_wconf 84' lang='grc' dir='ltr'>τιμωρίαν</span> <span class='ocrx_word' id='word_1_78' title='bbox 823 1161 1139 1231; x_wconf 88' lang='grc' dir='ltr'>ποιούμενοι.</span> <span class='ocrx_word' id='word_1_79' title='bbox 1202 1159 1458 1210; x_wconf 80' lang='grc' dir='ltr'>Ἐντεῦθεν</span> <span class='ocrx_word' id='word_1_80' title='bbox 1507 1157 1579 1219; x_wconf 86' lang='grc' dir='ltr'><strong><em>εἰς</em></strong></span> <span class='ocrx_word' id='word_1_81' title='bbox 1610 1156 1769 1218; x_wconf 84' lang='grc' dir='ltr'>ἀκοὰς</span> 
     </span>
    </p>
   </div>
   <div class='ocr_carea' id='block_1_15' title="bbox 174 1243 1769 1321">
    <p class='ocr_par' dir='ltr' id='par_1_15' title="bbox 174 1243 1769 1321">
     <span class='ocr_line' id='line_1_15' title="bbox 174 1243 1769 1321; baseline -0.002 -21"><span class='ocrx_word' id='word_1_82' title='bbox 174 1251 290 1307; x_wconf 78' lang='grc' dir='ltr'>ἣκει</span> <span class='ocrx_word' id='word_1_83' title='bbox 342 1253 588 1320; x_wconf 84' lang='grc' dir='ltr'>Λογγίκῳ</span> <span class='ocrx_word' id='word_1_84' title='bbox 649 1253 706 1300; x_wconf 89' lang='grc' dir='ltr'><strong><em>τό</em></strong></span> <span class='ocrx_word' id='word_1_85' title='bbox 758 1254 990 1321; x_wconf 81' lang='grc' dir='ltr'>πρᾶγμα,</span> <span class='ocrx_word' id='word_1_86' title='bbox 1044 1253 1133 1300; x_wconf 85' lang='grc' dir='ltr'><strong><em>καὶ</em></strong></span> <span class='ocrx_word' id='word_1_87' title='bbox 1186 1243 1323 1305; x_wconf 81' lang='grc' dir='ltr'>δῆλα</span> <span class='ocrx_word' id='word_1_88' title='bbox 1379 1251 1442 1298; x_wconf 85' lang='grc' dir='ltr'><strong><em>τά</em></strong></span> <span class='ocrx_word' id='word_1_89' title='bbox 1487 1255 1581 1308; x_wconf 85' lang='grc' dir='ltr'>τῆς</span> <span class='ocrx_word' id='word_1_90' title='bbox 1612 1248 1769 1321; x_wconf 84' lang='grc' dir='ltr'>ὀργῆς</span> 
     </span>
    </p>
   </div>
   <div class='ocr_carea' id='block_1_16' title="bbox 172 1333 1767 1410">
    <p class='ocr_par' dir='ltr' id='par_1_16' title="bbox 172 1333 1767 1410">
     <span class='ocr_line' id='line_1_16' title="bbox 172 1333 1767 1410; baseline -0.003 -22"><span class='ocrx_word' id='word_1_91' title='bbox 172 1335 416 1408; x_wconf 79' lang='grc' dir='ltr'>ἐγίνοντο,</span> <span class='ocrx_word' id='word_1_92' title='bbox 478 1341 565 1389; x_wconf 83' lang='grc' dir='ltr'><strong><em>καὶ</em></strong></span> <span class='ocrx_word' id='word_1_93' title='bbox 624 1333 717 1388; x_wconf 85' lang='grc' dir='ltr'><strong><em>διά</em></strong></span> <span class='ocrx_word' id='word_1_94' title='bbox 789 1345 940 1388; x_wconf 90' lang='grc' dir='ltr'>τοῦτο</span> <span class='ocrx_word' id='word_1_95' title='bbox 1024 1336 1500 1410; x_wconf 81' lang='grc' dir='ltr'>παραρῥιπτείσθαι</span> <span class='ocrx_word' id='word_1_96' title='bbox 1575 1333 1767 1405; x_wconf 83' lang='grc' dir='ltr'>μᾶλλον</span> 
     </span>
    </p>
   </div>
   <div class='ocr_carea' id='block_1_17' title="bbox 171 1421 1768 1500">
    <p class='ocr_par' dir='ltr' id='par_1_17' title="bbox 171 1421 1768 1500">
     <span class='ocr_line' id='line_1_17' title="bbox 171 1421 1768 1500; baseline -0.004 -22"><span class='ocrx_word' id='word_1_97' title='bbox 171 1431 386 1500; x_wconf 82' lang='grc' dir='ltr'>Χριστῷ</span> <span class='ocrx_word' id='word_1_98' title='bbox 426 1428 456 1483; x_wconf 79' lang='grc' dir='ltr'><strong>ἣ</strong></span> <span class='ocrx_word' id='word_1_99' title='bbox 498 1431 607 1485; x_wconf 92' lang='grc' dir='ltr'>τοῖς</span> <span class='ocrx_word' id='word_1_100' title='bbox 653 1433 752 1476; x_wconf 90' lang='grc' dir='ltr'>τῶν</span> <span class='ocrx_word' id='word_1_101' title='bbox 782 1421 1054 1499; x_wconf 78' lang='grc' dir='ltr'>Ἰουδαίων</span> <span class='ocrx_word' id='word_1_102' title='bbox 1083 1425 1239 1476; x_wconf 79' lang='grc' dir='ltr'>οἰκεῖν</span> <span class='ocrx_word' id='word_1_103' title='bbox 1290 1427 1601 1493; x_wconf 83' lang='grc' dir='ltr'>σκηνώμασι</span> <span class='ocrx_word' id='word_1_104' title='bbox 1641 1439 1768 1492; x_wconf 85' lang='grc' dir='ltr'>προ-</span> 
     </span>
    </p>
   </div>
   <div class='ocr_carea' id='block_1_18' title="bbox 173 1508 1764 1587">
    <p class='ocr_par' dir='ltr' id='par_1_18' title="bbox 173 1508 1764 1587">
     <span class='ocr_line' id='line_1_18' title="bbox 173 1508 1764 1587; baseline -0.004 -20"><span class='ocrx_word' id='word_1_105' title='bbox 173 1516 506 1587; x_wconf 82' lang='grc' dir='ltr'>θυμούμενος,</span> <span class='ocrx_word' id='word_1_106' title='bbox 545 1521 608 1586; x_wconf 79' lang='grc' dir='ltr'>τῇ</span> <span class='ocrx_word' id='word_1_107' title='bbox 639 1521 729 1566; x_wconf 90' lang='grc' dir='ltr'><strong><em>τοῦ</em></strong></span> <span class='ocrx_word' id='word_1_108' title='bbox 760 1511 1053 1585; x_wconf 85' lang='grc' dir='ltr'>ἀξιώματος</span> <span class='ocrx_word' id='word_1_109' title='bbox 1080 1508 1324 1584; x_wconf 81' lang='grc' dir='ltr'>χλαμύδι</span> <span class='ocrx_word' id='word_1_110' title='bbox 1370 1515 1459 1563; x_wconf 84' lang='grc' dir='ltr'>καὶ</span> <span class='ocrx_word' id='word_1_111' title='bbox 1489 1511 1622 1583; x_wconf 75' lang='grc' dir='ltr'>ζώνη</span> <span class='ocrx_word' id='word_1_112' title='bbox 1675 1514 1764 1561; x_wconf 88' lang='lat' dir='ltr'><strong><em>xui</em></strong></span> 
     </span>
    </p>
   </div>
   <div class='ocr_carea' id='block_1_19' title="bbox 169 1597 1760 1676">
    <p class='ocr_par' dir='ltr' id='par_1_19' title="bbox 169 1597 1760 1676">
     <span class='ocr_line' id='line_1_19' title="bbox 169 1597 1760 1676; baseline -0.002 -21"><span class='ocrx_word' id='word_1_113' title='bbox 169 1607 264 1662; x_wconf 80' lang='grc' dir='ltr'>τὴν</span> <span class='ocrx_word' id='word_1_114' title='bbox 305 1607 578 1676; x_wconf 86' lang='grc' dir='ltr'>στρατείαν</span> <span class='ocrx_word' id='word_1_115' title='bbox 627 1602 808 1665; x_wconf 75' lang='grc' dir='ltr'>αὐτὴν,</span> <span class='ocrx_word' id='word_1_116' title='bbox 867 1601 1019 1662; x_wconf 73' lang='grc' dir='ltr'>εὐθὺς</span> <span class='ocrx_word' id='word_1_117' title='bbox 1073 1604 1138 1661; x_wconf 85' lang='grc' dir='ltr'>ὡς</span> <span class='ocrx_word' id='word_1_118' title='bbox 1193 1597 1305 1672; x_wconf 84' lang='grc' dir='ltr'>εἶχε</span> <span class='ocrx_word' id='word_1_119' title='bbox 1353 1597 1760 1667; x_wconf 78' lang='grc' dir='ltr'>συναποδύεται,</span> 
     </span>
    </p>
   </div>
   <div class='ocr_carea' id='block_1_20' title="bbox 169 1689 1837 1768">
    <p class='ocr_par' dir='ltr' id='par_1_20' title="bbox 169 1689 1837 1768">
     <span class='ocr_line' id='line_1_20' title="bbox 169 1689 1837 1768; baseline -0.001 -24"><span class='ocrx_word' id='word_1_120' title='bbox 169 1697 260 1744; x_wconf 88' lang='grc' dir='ltr'>καὶ</span> <span class='ocrx_word' id='word_1_121' title='bbox 309 1689 420 1745; x_wconf 86' lang='grc' dir='ltr'><strong><em>δύο</em></strong></span> <span class='ocrx_word' id='word_1_122' title='bbox 450 1695 592 1754; x_wconf 87' lang='grc' dir='ltr'>τινάς</span> <span class='ocrx_word' id='word_1_123' title='bbox 640 1695 725 1744; x_wconf 89' lang='grc' dir='ltr'><strong><em>τόν</em></strong></span> <span class='ocrx_word' id='word_1_124' title='bbox 774 1693 948 1764; x_wconf 85' lang='grc' dir='ltr'>ὅμοιον</span> <span class='ocrx_word' id='word_1_125' title='bbox 1001 1689 1140 1760; x_wconf 76' lang='grc' dir='ltr'>αύτῷ</span> <span class='ocrx_word' id='word_1_126' title='bbox 1188 1689 1341 1750; x_wconf 79' lang='grc' dir='ltr'>ζῆλον</span> <span class='ocrx_word' id='word_1_127' title='bbox 1371 1691 1497 1762; x_wconf 77' lang='grc' dir='ltr'>ὑπὲρ</span> <span class='ocrx_word' id='word_1_128' title='bbox 1530 1697 1761 1763; x_wconf 83' lang='grc' dir='ltr'>Χριστοῦ</span> <span class='ocrx_word' id='word_1_129' title='bbox 1796 1714 1837 1768; x_wconf 78' lang='grc' dir='ltr'><strong>Β</strong></span> 
     </span>
    </p>
   </div>
   <div class='ocr_carea' id='block_1_21' title="bbox 169 1776 1762 1853">
    <p class='ocr_par' dir='ltr' id='par_1_21' title="bbox 169 1776 1762 1853">
     <span class='ocr_line' id='line_1_21' title="bbox 169 1776 1762 1853; baseline -0.003 -19"><span class='ocrx_word' id='word_1_130' title='bbox 169 1787 260 1834; x_wconf 85' lang='grc' dir='ltr'>καὶ</span> <span class='ocrx_word' id='word_1_131' title='bbox 315 1789 406 1842; x_wconf 83' lang='grc' dir='ltr'>τῆς</span> <span class='ocrx_word' id='word_1_132' title='bbox 463 1780 696 1844; x_wconf 79' lang='grc' dir='ltr'>ἀληθείας</span> <span class='ocrx_word' id='word_1_133' title='bbox 753 1783 971 1853; x_wconf 87' lang='grc' dir='ltr'>ἔχοντας</span> <span class='ocrx_word' id='word_1_134' title='bbox 1026 1776 1337 1852; x_wconf 76' lang='grc' dir='ltr'>παραλαϐὼν</span> <span class='ocrx_word' id='word_1_135' title='bbox 1419 1785 1762 1852; x_wconf 83' lang='grc' dir='ltr'>στρατιώτας,</span> 
     </span>
    </p>
   </div>
   <div class='ocr_carea' id='block_1_22' title="bbox 170 1865 1762 1941">
    <p class='ocr_par' dir='ltr' id='par_1_22' title="bbox 170 1865 1762 1941">
     <span class='ocr_line' id='line_1_22' title="bbox 170 1865 1762 1941; baseline -0.002 -18"><span class='ocrx_word' id='word_1_136' title='bbox 170 1873 265 1932; x_wconf 80' lang='grc' dir='ltr'><strong><em>τὰς</em></strong></span> <span class='ocrx_word' id='word_1_137' title='bbox 315 1874 449 1923; x_wconf 88' lang='grc' dir='ltr'><strong><em>κατά</em></strong></span> <span class='ocrx_word' id='word_1_138' title='bbox 490 1870 686 1932; x_wconf 73' lang='grc' dir='ltr'>πλῆθος</span> <span class='ocrx_word' id='word_1_139' title='bbox 733 1868 946 1922; x_wconf 80' lang='grc' dir='ltr'>ἐκκλίνει</span> <span class='ocrx_word' id='word_1_140' title='bbox 986 1865 1285 1940; x_wconf 81' lang='grc' dir='ltr'>διατριϐὰς,</span> <span class='ocrx_word' id='word_1_141' title='bbox 1313 1872 1403 1920; x_wconf 85' lang='grc' dir='ltr'>καὶ</span> <span class='ocrx_word' id='word_1_142' title='bbox 1443 1875 1575 1921; x_wconf 88' lang='grc' dir='ltr'>Θεοῦ</span> <span class='ocrx_word' id='word_1_143' title='bbox 1605 1873 1762 1941; x_wconf 87' lang='grc' dir='ltr'>μόνου</span> 
     </span>
    </p>
   </div>
   <div class='ocr_carea' id='block_1_23' title="bbox 169 1959 715 2031">
    <p class='ocr_par' dir='ltr' id='par_1_23' title="bbox 169 1959 715 2031">
     <span class='ocr_line' id='line_1_23' title="bbox 169 1959 715 2031; baseline 0 -19"><span class='ocrx_word' id='word_1_144' title='bbox 169 1965 260 2012; x_wconf 84' lang='grc' dir='ltr'>καὶ</span> <span class='ocrx_word' id='word_1_145' title='bbox 289 1959 472 2013; x_wconf 79' lang='grc' dir='ltr'>ἑαυτοῦ</span> <span class='ocrx_word' id='word_1_146' title='bbox 500 1964 715 2031; x_wconf 86' lang='grc' dir='ltr'>γίνεται.</span> 
     </span>
    </p>
   </div>
   <div class='ocr_carea' id='block_1_24' title="bbox 243 2045 1767 2120">
    <p class='ocr_par' dir='ltr' id='par_1_24' title="bbox 243 2045 1767 2120">
     <span class='ocr_line' id='line_1_24' title="bbox 243 2045 1767 2120; baseline -0.002 -18"><span class='ocrx_word' id='word_1_147' title='bbox 243 2048 312 2102; x_wconf 79' lang='grc' dir='ltr'><strong><em>Γ’.</em></strong></span> <span class='ocrx_word' id='word_1_148' title='bbox 345 2049 420 2102; x_wconf 85' lang='grc' dir='ltr'>Ού</span> <span class='ocrx_word' id='word_1_149' title='bbox 447 2049 575 2102; x_wconf 81' lang='grc' dir='ltr'>πολὺ</span> <span class='ocrx_word' id='word_1_150' title='bbox 607 2046 666 2101; x_wconf 77' lang='grc' dir='ltr'>δὲ</span> <span class='ocrx_word' id='word_1_151' title='bbox 693 2051 752 2100; x_wconf 88' lang='grc' dir='ltr'><strong><em>τό</em></strong></span> <span class='ocrx_word' id='word_1_152' title='bbox 779 2047 826 2099; x_wconf 78' lang='grc' dir='ltr'>ἓν</span> <span class='ocrx_word' id='word_1_153' title='bbox 847 2051 1008 2120; x_wconf 80' lang='grc' dir='ltr'>μέσῳ,</span> <span class='ocrx_word' id='word_1_154' title='bbox 1037 2051 1124 2099; x_wconf 87' lang='grc' dir='ltr'>καὶ</span> <span class='ocrx_word' id='word_1_155' title='bbox 1153 2051 1246 2106; x_wconf 79' lang='grc' dir='ltr'>τὴν</span> <span class='ocrx_word' id='word_1_156' title='bbox 1273 2046 1613 2120; x_wconf 82' lang='grc' dir='ltr'>Ἰερουσαλὴμ</span> <span class='ocrx_word' id='word_1_157' title='bbox 1640 2045 1767 2099; x_wconf 81' lang='grc' dir='ltr'>ἀπο-</span> 
     </span>
    </p>
   </div>
   <div class='ocr_carea' id='block_1_25' title="bbox 168 2133 1763 2212">
    <p class='ocr_par' dir='ltr' id='par_1_25' title="bbox 168 2133 1763 2212">
     <span class='ocr_line' id='line_1_25' title="bbox 168 2133 1763 2212; baseline -0.002 -21"><span class='ocrx_word' id='word_1_158' title='bbox 168 2138 348 2204; x_wconf 84' lang='grc' dir='ltr'>λιπὼν,</span> <span class='ocrx_word' id='word_1_159' title='bbox 405 2139 478 2200; x_wconf 87' lang='grc' dir='ltr'><strong><em>εἰς</em></strong></span> <span class='ocrx_word' id='word_1_160' title='bbox 529 2143 622 2197; x_wconf 82' lang='grc' dir='ltr'>τὴν</span> <span class='ocrx_word' id='word_1_161' title='bbox 674 2133 1036 2191; x_wconf 83' lang='grc' dir='ltr'>Καππαδοκῶν</span> <span class='ocrx_word' id='word_1_162' title='bbox 1085 2135 1392 2208; x_wconf 82' lang='grc' dir='ltr'>ἀφικνεῖται,</span> <span class='ocrx_word' id='word_1_163' title='bbox 1436 2135 1603 2212; x_wconf 81' lang='grc' dir='ltr'>κῆρυξ</span> <span class='ocrx_word' id='word_1_164' title='bbox 1635 2137 1763 2208; x_wconf 84' lang='grc' dir='ltr'>ὁμοῦ</span> 
     </span>
    </p>
   </div>
   <div class='ocr_carea' id='block_1_26' title="bbox 169 2223 1765 2301">
    <p class='ocr_par' dir='ltr' id='par_1_26' title="bbox 169 2223 1765 2301">
     <span class='ocr_line' id='line_1_26' title="bbox 169 2223 1765 2301; baseline -0.002 -21"><span class='ocrx_word' id='word_1_165' title='bbox 169 2233 258 2281; x_wconf 83' lang='grc' dir='ltr'>καὶ</span> <span class='ocrx_word' id='word_1_166' title='bbox 298 2228 585 2289; x_wconf 81' lang='grc' dir='ltr'>ἀπόστολος</span> <span class='ocrx_word' id='word_1_167' title='bbox 627 2236 725 2280; x_wconf 82' lang='grc' dir='ltr'><strong><em>τών</em></strong></span> <span class='ocrx_word' id='word_1_168' title='bbox 765 2234 856 2279; x_wconf 82' lang='grc' dir='ltr'><strong><em>τοῦ</em></strong></span> <span class='ocrx_word' id='word_1_169' title='bbox 896 2234 1127 2301; x_wconf 86' lang='grc' dir='ltr'>Χριστοῦ</span> <span class='ocrx_word' id='word_1_170' title='bbox 1158 2223 1470 2301; x_wconf 83' lang='grc' dir='ltr'>παραδόξων</span> <span class='ocrx_word' id='word_1_171' title='bbox 1499 2231 1589 2278; x_wconf 84' lang='grc' dir='ltr'>καὶ</span> <span class='ocrx_word' id='word_1_172' title='bbox 1635 2228 1765 2278; x_wconf 87' lang='grc' dir='ltr'>θαυ-</span> 
     </span>
    </p>
   </div>
   <div class='ocr_carea' id='block_1_27' title="bbox 170 2311 1764 2391">
    <p class='ocr_par' dir='ltr' id='par_1_27' title="bbox 170 2311 1764 2391">
     <span class='ocr_line' id='line_1_27' title="bbox 170 2311 1764 2391; baseline -0.002 -22"><span class='ocrx_word' id='word_1_173' title='bbox 170 2325 383 2391; x_wconf 85' lang='grc' dir='ltr'>μαστῶν</span> <span class='ocrx_word' id='word_1_174' title='bbox 430 2319 589 2390; x_wconf 84' lang='grc' dir='ltr'>ἔργων</span> <span class='ocrx_word' id='word_1_175' title='bbox 644 2319 851 2389; x_wconf 87' lang='grc' dir='ltr'>συνάμα</span> <span class='ocrx_word' id='word_1_176' title='bbox 901 2323 1012 2378; x_wconf 88' lang='grc' dir='ltr'>τοῖς</span> <span class='ocrx_word' id='word_1_177' title='bbox 1054 2311 1182 2367; x_wconf 84' lang='grc' dir='ltr'>δυσὶ</span> <span class='ocrx_word' id='word_1_178' title='bbox 1241 2319 1584 2386; x_wconf 83' lang='grc' dir='ltr'>στρατιώταις</span> <span class='ocrx_word' id='word_1_179' title='bbox 1630 2319 1764 2384; x_wconf 88' lang='grc' dir='ltr'>γινό-</span> 
     </span>
    </p>
   </div>
   <div class='ocr_carea' id='block_1_28' title="bbox 172 2399 1766 2479">
    <p class='ocr_par' dir='ltr' id='par_1_28' title="bbox 172 2399 1766 2479">
     <span class='ocr_line' id='line_1_28' title="bbox 172 2399 1766 2479; baseline -0.004 -19"><span class='ocrx_word' id='word_1_180' title='bbox 172 2425 334 2479; x_wconf 87' lang='grc' dir='ltr'>μενος.</span> <span class='ocrx_word' id='word_1_181' title='bbox 384 2404 467 2466; x_wconf 85' lang='grc' dir='ltr'>Ὠς</span> <span class='ocrx_word' id='word_1_182' title='bbox 517 2405 604 2458; x_wconf 79' lang='grc' dir='ltr'>οὖν</span> <span class='ocrx_word' id='word_1_183' title='bbox 656 2408 849 2457; x_wconf 84' lang='grc' dir='ltr'>τούτων</span> <span class='ocrx_word' id='word_1_184' title='bbox 901 2400 1051 2457; x_wconf 74' lang='grc' dir='ltr'>οὐδὲν</span> <span class='ocrx_word' id='word_1_185' title='bbox 1107 2407 1222 2464; x_wconf 81' lang='grc' dir='ltr'>τοὺς</span> <span class='ocrx_word' id='word_1_186' title='bbox 1273 2399 1567 2465; x_wconf 74' lang='grc' dir='ltr'>Ἰουδαίους</span> <span class='ocrx_word' id='word_1_187' title='bbox 1623 2402 1766 2454; x_wconf 84' lang='grc' dir='ltr'>ἐλάν-</span> 
     </span>
    </p>
   </div>
   <div class='ocr_carea' id='block_1_29' title="bbox 176 2493 1765 2566">
    <p class='ocr_par' dir='ltr' id='par_1_29' title="bbox 176 2493 1765 2566">
     <span class='ocr_line' id='line_1_29' title="bbox 176 2493 1765 2566; baseline -0.003 -18"><span class='ocrx_word' id='word_1_188' title='bbox 176 2499 342 2560; x_wconf 86' lang='grc' dir='ltr'>θανεν,</span> <span class='ocrx_word' id='word_1_189' title='bbox 386 2495 476 2547; x_wconf 81' lang='grc' dir='ltr'>ἅτε</span> <span class='ocrx_word' id='word_1_190' title='bbox 525 2501 618 2556; x_wconf 83' lang='grc' dir='ltr'>τῆς</span> <span class='ocrx_word' id='word_1_191' title='bbox 674 2499 850 2566; x_wconf 79' lang='grc' dir='ltr'>φήμης</span> <span class='ocrx_word' id='word_1_192' title='bbox 934 2493 1006 2555; x_wconf 84' lang='grc' dir='ltr'><strong><em>εἰς</em></strong></span> <span class='ocrx_word' id='word_1_193' title='bbox 1085 2495 1279 2553; x_wconf 89' lang='grc' dir='ltr'>πάντας</span> <span class='ocrx_word' id='word_1_194' title='bbox 1352 2495 1438 2544; x_wconf 87' lang='grc' dir='ltr'>τὸν</span> <span class='ocrx_word' id='word_1_195' title='bbox 1512 2497 1765 2563; x_wconf 87' lang='grc' dir='ltr'>Λογγῖνον</span> 
     </span>
    </p>
   </div>
   <div class='ocr_carea' id='block_1_30' title="bbox 175 2582 1765 2658">
    <p class='ocr_par' dir='ltr' id='par_1_30' title="bbox 175 2582 1765 2658">
     <span class='ocr_line' id='line_1_30' title="bbox 175 2582 1765 2658; baseline -0.003 -22"><span class='ocrx_word' id='word_1_196' title='bbox 175 2585 624 2658; x_wconf 82' lang='grc' dir='ltr'>παραπεμπούσης</span> <span class='ocrx_word' id='word_1_197' title='bbox 687 2587 776 2634; x_wconf 81' lang='grc' dir='ltr'>καὶ</span> <span class='ocrx_word' id='word_1_198' title='bbox 860 2582 943 2634; x_wconf 83' lang='grc' dir='ltr'>οἷά</span> <span class='ocrx_word' id='word_1_199' title='bbox 1023 2601 1160 2643; x_wconf 89' lang='grc' dir='ltr'>τινος</span> <span class='ocrx_word' id='word_1_200' title='bbox 1237 2583 1527 2653; x_wconf 80' lang='grc' dir='ltr'>ὑποπτέρου</span> <span class='ocrx_word' id='word_1_201' title='bbox 1592 2586 1765 2632; x_wconf 85' lang='grc' dir='ltr'>πᾶσαν</span> 
     </span>
    </p>
   </div>
   <div class='ocr_carea' id='block_1_31' title="bbox 177 2668 1764 2744">
    <p class='ocr_par' dir='ltr' id='par_1_31' title="bbox 177 2668 1764 2744">
     <span class='ocr_line' id='line_1_31' title="bbox 177 2668 1764 2744; baseline -0.003 -19"><span class='ocrx_word' id='word_1_202' title='bbox 177 2668 374 2744; x_wconf 84' lang='grc' dir='ltr'>σχεδόν</span> <span class='ocrx_word' id='word_1_203' title='bbox 407 2668 793 2744; x_wconf 88' lang='grc' dir='ltr'>διατρεχούσης</span> <span class='ocrx_word' id='word_1_204' title='bbox 841 2675 933 2729; x_wconf 76' lang='grc' dir='ltr'>τὴν</span> <span class='ocrx_word' id='word_1_205' title='bbox 981 2671 1304 2742; x_wconf 79' lang='grc' dir='ltr'>οἰκουμένην,</span> <span class='ocrx_word' id='word_1_206' title='bbox 1347 2669 1414 2729; x_wconf 84' lang='grc' dir='ltr'><strong><em>εἰς</em></strong></span> <span class='ocrx_word' id='word_1_207' title='bbox 1459 2668 1616 2721; x_wconf 81' lang='grc' dir='ltr'>ταὺτὸ</span> <span class='ocrx_word' id='word_1_208' title='bbox 1645 2688 1764 2721; x_wconf 91' lang='grc' dir='ltr'>συν-</span> 
     </span>
    </p>
   </div>
   <div class='ocr_carea' id='block_1_32' title="bbox 175 2760 1766 2829">
    <p class='ocr_par' dir='ltr' id='par_1_32' title="bbox 175 2760 1766 2829">
     <span class='ocr_line' id='line_1_32' title="bbox 175 2760 1766 2829; baseline -0.003 -15"><span class='ocrx_word' id='word_1_209' title='bbox 175 2762 417 2825; x_wconf 85' lang='grc' dir='ltr'>ελθόντες,</span> <span class='ocrx_word' id='word_1_210' title='bbox 474 2763 716 2813; x_wconf 88' lang='grc' dir='ltr'>πείθουσι</span> <span class='ocrx_word' id='word_1_211' title='bbox 769 2760 989 2812; x_wconf 86' lang='grc' dir='ltr'>Πιλάτον</span> <span class='ocrx_word' id='word_1_212' title='bbox 1041 2767 1299 2811; x_wconf 78' lang='grc' dir='ltr'>κατειπεῖν</span> <span class='ocrx_word' id='word_1_213' title='bbox 1357 2763 1616 2829; x_wconf 87' lang='grc' dir='ltr'>Λογγίνου</span> <span class='ocrx_word' id='word_1_214' title='bbox 1676 2762 1766 2810; x_wconf 82' lang='grc' dir='ltr'>καὶ</span> 
     </span>
    </p>
   </div>
   <div class='ocr_carea' id='block_1_33' title="bbox 177 2846 1763 2922">
    <p class='ocr_par' dir='ltr' id='par_1_33' title="bbox 177 2846 1763 2922">
     <span class='ocr_line' id='line_1_33' title="bbox 177 2846 1763 2922; baseline -0.003 -20"><span class='ocrx_word' id='word_1_215' title='bbox 177 2856 410 2920; x_wconf 81' lang='grc' dir='ltr'>σημᾶναι</span> <span class='ocrx_word' id='word_1_216' title='bbox 463 2857 536 2919; x_wconf 82' lang='grc' dir='ltr'>τῷ</span> <span class='ocrx_word' id='word_1_217' title='bbox 594 2854 845 2922; x_wconf 83' lang='grc' dir='ltr'>Καίσαρι,</span> <span class='ocrx_word' id='word_1_218' title='bbox 897 2850 977 2899; x_wconf 85' lang='grc' dir='ltr'>ὅτι</span> <span class='ocrx_word' id='word_1_219' title='bbox 1032 2866 1084 2900; x_wconf 90' lang='grc' dir='ltr'><strong><em>τε</em></strong></span> <span class='ocrx_word' id='word_1_220' title='bbox 1141 2846 1384 2919; x_wconf 85' lang='grc' dir='ltr'>ἀλλότρια</span> <span class='ocrx_word' id='word_1_221' title='bbox 1440 2855 1631 2918; x_wconf 78' lang='grc' dir='ltr'>φρονῶν</span> <span class='ocrx_word' id='word_1_222' title='bbox 1688 2850 1763 2904; x_wconf 82' lang='grc' dir='ltr'><strong><em>εἴη</em></strong></span> 
     </span>
    </p>
   </div>
   <div class='ocr_carea' id='block_1_34' title="bbox 173 2933 1766 3010">
    <p class='ocr_par' dir='ltr' id='par_1_34' title="bbox 173 2933 1766 3010">
     <span class='ocr_line' id='line_1_34' title="bbox 173 2933 1766 3010; baseline -0.003 -20"><span class='ocrx_word' id='word_1_223' title='bbox 173 2946 271 2999; x_wconf 79' lang='grc' dir='ltr'>τῆς</span> <span class='ocrx_word' id='word_1_224' title='bbox 318 2936 580 3010; x_wconf 83' lang='grc' dir='ltr'>Ῥωμαίων</span> <span class='ocrx_word' id='word_1_225' title='bbox 634 2935 927 3009; x_wconf 79' lang='grc' dir='ltr'>βασιλείας,</span> <span class='ocrx_word' id='word_1_226' title='bbox 973 2942 1061 2986; x_wconf 88' lang='grc' dir='ltr'>καὶ</span> <span class='ocrx_word' id='word_1_227' title='bbox 1091 2936 1171 2986; x_wconf 87' lang='grc' dir='ltr'>ὅτι</span> <span class='ocrx_word' id='word_1_228' title='bbox 1217 2943 1316 2985; x_wconf 86' lang='grc' dir='ltr'>τῶν</span> <span class='ocrx_word' id='word_1_229' title='bbox 1366 2934 1530 2986; x_wconf 88' lang='grc' dir='ltr'>ὅπλων</span> <span class='ocrx_word' id='word_1_230' title='bbox 1582 2933 1766 3004; x_wconf 84' lang='grc' dir='ltr'>ἀμελὴ-</span> 
     </span>
    </p>
   </div>
   <div class='ocr_carea' id='block_1_35' title="bbox 174 3021 1844 3108">
    <p class='ocr_par' dir='ltr' id='par_1_35' title="bbox 174 3021 1844 3108">
     <span class='ocr_line' id='line_1_35' title="bbox 174 3021 1844 3108; baseline -0.005 -28"><span class='ocrx_word' id='word_1_231' title='bbox 174 3046 291 3092; x_wconf 89' lang='grc' dir='ltr'>σας,</span> <span class='ocrx_word' id='word_1_232' title='bbox 344 3030 572 3101; x_wconf 84' lang='grc' dir='ltr'>Χριστόν</span> <span class='ocrx_word' id='word_1_233' title='bbox 622 3044 737 3076; x_wconf 89' lang='grc' dir='ltr'>τινα</span> <span class='ocrx_word' id='word_1_234' title='bbox 781 3027 1034 3097; x_wconf 81' lang='grc' dir='ltr'>κηρύσσει</span> <span class='ocrx_word' id='word_1_235' title='bbox 1108 3021 1332 3094; x_wconf 83' lang='grc' dir='ltr'>βασιλέα</span> <span class='ocrx_word' id='word_1_236' title='bbox 1400 3029 1507 3082; x_wconf 88' lang='grc' dir='ltr'>τοῖς</span> <span class='ocrx_word' id='word_1_237' title='bbox 1579 3024 1764 3086; x_wconf 83' lang='grc' dir='ltr'>ἔθνεσι,</span> <span class='ocrx_word' id='word_1_238' title='bbox 1803 3053 1844 3108; x_wconf 81' lang='lat' dir='ltr'>C</span> 
     </span>
    </p>
   </div>
   <div class='ocr_carea' id='block_1_36' title="bbox 169 3109 1768 3185">
    <p class='ocr_par' dir='ltr' id='par_1_36' title="bbox 169 3109 1768 3185">
     <span class='ocr_line' id='line_1_36' title="bbox 169 3109 1768 3185; baseline -0.005 -16"><span class='ocrx_word' id='word_1_239' title='bbox 169 3115 439 3168; x_wconf 86' lang='grc' dir='ltr'>κάντεῦθεν</span> <span class='ocrx_word' id='word_1_240' title='bbox 517 3116 714 3174; x_wconf 87' lang='grc' dir='ltr'>πάντας</span> <span class='ocrx_word' id='word_1_241' title='bbox 761 3115 1164 3184; x_wconf 80' lang='grc' dir='ltr'>ὑποποιούμενος</span> <span class='ocrx_word' id='word_1_242' title='bbox 1215 3114 1346 3185; x_wconf 85' lang='grc' dir='ltr'>πρὸς</span> <span class='ocrx_word' id='word_1_243' title='bbox 1396 3116 1490 3168; x_wconf 80' lang='grc' dir='ltr'>τὴν</span> <span class='ocrx_word' id='word_1_244' title='bbox 1531 3110 1601 3170; x_wconf 85' lang='grc' dir='ltr'><strong><em>εἰς</em></strong></span> <span class='ocrx_word' id='word_1_245' title='bbox 1643 3109 1768 3162; x_wconf 81' lang='grc' dir='ltr'>ἐκεῖ·</span> 
     </span>
    </p>
   </div>
   <div class='ocr_carea' id='block_1_37' title="bbox 169 3197 1766 3275">
    <p class='ocr_par' dir='ltr' id='par_1_37' title="bbox 169 3197 1766 3275">
     <span class='ocr_line' id='line_1_37' title="bbox 169 3197 1766 3275; baseline -0.003 -19"><span class='ocrx_word' id='word_1_246' title='bbox 169 3224 253 3258; x_wconf 90' lang='grc' dir='ltr'><strong><em>νον</em></strong></span> <span class='ocrx_word' id='word_1_247' title='bbox 300 3208 478 3256; x_wconf 89' lang='grc' dir='ltr'>πίστιν</span> <span class='ocrx_word' id='word_1_248' title='bbox 525 3201 804 3275; x_wconf 77' lang='grc' dir='ltr'>ἐφέλκεται·</span> <span class='ocrx_word' id='word_1_249' title='bbox 855 3206 1152 3274; x_wconf 78' lang='grc' dir='ltr'>τεκμήριον,</span> <span class='ocrx_word' id='word_1_250' title='bbox 1208 3204 1358 3272; x_wconf 84' lang='grc' dir='ltr'>φασὶ,</span> <span class='ocrx_word' id='word_1_251' title='bbox 1417 3207 1515 3250; x_wconf 84' lang='grc' dir='ltr'>τῶν</span> <span class='ocrx_word' id='word_1_252' title='bbox 1563 3197 1766 3270; x_wconf 84' lang='grc' dir='ltr'>λεγομέ-</span> 
     </span>
    </p>
   </div>
   <div class='ocr_carea' id='block_1_38' title="bbox 169 3286 1766 3362">
    <p class='ocr_par' dir='ltr' id='par_1_38' title="bbox 169 3286 1766 3362">
     <span class='ocr_line' id='line_1_38' title="bbox 169 3286 1766 3362; baseline -0.004 -17"><span class='ocrx_word' id='word_1_253' title='bbox 169 3314 289 3362; x_wconf 90' lang='grc' dir='ltr'>νων,</span> <span class='ocrx_word' id='word_1_254' title='bbox 343 3294 424 3345; x_wconf 85' lang='grc' dir='ltr'>ὅτι</span> <span class='ocrx_word' id='word_1_255' title='bbox 479 3296 569 3344; x_wconf 86' lang='lat' dir='ltr'><strong><em>xui</em></strong></span> <span class='ocrx_word' id='word_1_256' title='bbox 619 3295 712 3350; x_wconf 82' lang='grc' dir='ltr'>τὴν</span> <span class='ocrx_word' id='word_1_257' title='bbox 765 3286 1129 3343; x_wconf 80' lang='grc' dir='ltr'>Καππαδοκῶν</span> <span class='ocrx_word' id='word_1_258' title='bbox 1167 3294 1341 3340; x_wconf 86' lang='grc' dir='ltr'>πᾶσαν</span> <span class='ocrx_word' id='word_1_259' title='bbox 1383 3295 1479 3349; x_wconf 86' lang='grc' dir='ltr'>τῆς</span> <span class='ocrx_word' id='word_1_260' title='bbox 1525 3289 1766 3348; x_wconf 89' lang='grc' dir='ltr'>τοιαύτης</span> 
     </span>
    </p>
   </div>
   <div class='ocr_carea' id='block_1_39' title="bbox 173 3377 1766 3452">
    <p class='ocr_par' dir='ltr' id='par_1_39' title="bbox 173 3377 1766 3452">
     <span class='ocr_line' id='line_1_39' title="bbox 173 3377 1766 3452; baseline -0.004 -18"><span class='ocrx_word' id='word_1_261' title='bbox 173 3377 524 3441; x_wconf 74' lang='grc' dir='ltr'>διδασκαλίας</span> <span class='ocrx_word' id='word_1_262' title='bbox 569 3380 890 3452; x_wconf 77' lang='grc' dir='ltr'>πεπλήρωκε.</span> <span class='ocrx_word' id='word_1_263' title='bbox 935 3381 1149 3438; x_wconf 88' lang='grc' dir='ltr'>Τούτοις</span> <span class='ocrx_word' id='word_1_264' title='bbox 1201 3384 1306 3437; x_wconf 86' lang='grc' dir='ltr'>τοῖς</span> <span class='ocrx_word' id='word_1_265' title='bbox 1353 3378 1630 3450; x_wconf 84' lang='grc' dir='ltr'>γράμμασι</span> <span class='ocrx_word' id='word_1_266' title='bbox 1677 3380 1766 3428; x_wconf 85' lang='grc' dir='ltr'>καὶ</span> 
     </span>
    </p>
   </div>
   <div class='ocr_carea' id='block_1_40' title="bbox 171 3463 1765 3543">
    <p class='ocr_par' dir='ltr' id='par_1_40' title="bbox 171 3463 1765 3543">
     <span class='ocr_line' id='line_1_40' title="bbox 171 3463 1765 3543; baseline -0.004 -20"><span class='ocrx_word' id='word_1_267' title='bbox 171 3475 429 3543; x_wconf 77' lang='grc' dir='ltr'>χρήματα</span> <span class='ocrx_word' id='word_1_268' title='bbox 477 3473 919 3541; x_wconf 83' lang='grc' dir='ltr'>συνεκπέμπουσι,</span> <span class='ocrx_word' id='word_1_269' title='bbox 990 3466 1177 3538; x_wconf 77' lang='grc' dir='ltr'>κλέψαι</span> <span class='ocrx_word' id='word_1_270' title='bbox 1227 3469 1316 3526; x_wconf 82' lang='grc' dir='ltr'>τὰς</span> <span class='ocrx_word' id='word_1_271' title='bbox 1369 3463 1522 3525; x_wconf 78' lang='grc' dir='ltr'>ἀκοὰς</span> <span class='ocrx_word' id='word_1_272' title='bbox 1581 3464 1765 3537; x_wconf 85' lang='grc' dir='ltr'>βουλό-</span> 
     </span>
    </p>
   </div>
   <div class='ocr_carea' id='block_1_41' title="bbox 173 3555 1764 3631">
    <p class='ocr_par' dir='ltr' id='par_1_41' title="bbox 173 3555 1764 3631">
     <span class='ocr_line' id='line_1_41' title="bbox 173 3555 1764 3631; baseline -0.004 -19"><span class='ocrx_word' id='word_1_273' title='bbox 173 3579 314 3623; x_wconf 82' lang='grc' dir='ltr'>μενοι</span> <span class='ocrx_word' id='word_1_274' title='bbox 365 3561 653 3631; x_wconf 86' lang='grc' dir='ltr'>Καίσαρος,</span> <span class='ocrx_word' id='word_1_275' title='bbox 712 3560 846 3610; x_wconf 85' lang='grc' dir='ltr'>ὥστε</span> <span class='ocrx_word' id='word_1_276' title='bbox 919 3560 1137 3610; x_wconf 85' lang='grc' dir='ltr'>καὶτὸν</span> <span class='ocrx_word' id='word_1_277' title='bbox 1213 3559 1472 3626; x_wconf 84' lang='grc' dir='ltr'>Λογγίνου</span> <span class='ocrx_word' id='word_1_278' title='bbox 1551 3555 1764 3606; x_wconf 87' lang='grc' dir='ltr'>θάνατον</span> 
     </span>
    </p>
   </div>
   <div class='ocr_carea' id='block_1_42' title="bbox 171 3639 1761 3710">
    <p class='ocr_par' dir='ltr' id='par_1_42' title="bbox 171 3639 1761 3710">
     <span class='ocr_line' id='line_1_42' title="bbox 171 3639 1761 3710; baseline -0.004 -10"><span class='ocrx_word' id='word_1_279' title='bbox 171 3648 367 3710; x_wconf 83' lang='grc' dir='ltr'>ύκόλως</span> <span class='ocrx_word' id='word_1_280' title='bbox 421 3648 754 3706; x_wconf 68' lang='grc' dir='ltr'>ὠνήσασθαι.</span> <span class='ocrx_word' id='word_1_281' title='bbox 800 3645 866 3698; x_wconf 72' lang='grc' dir='ltr'>Ὀ</span> <span class='ocrx_word' id='word_1_282' title='bbox 898 3641 965 3704; x_wconf 79' lang='grc' dir='ltr'>δὴ</span> <span class='ocrx_word' id='word_1_283' title='bbox 1014 3649 1097 3697; x_wconf 79' lang='grc' dir='ltr'>καὶ</span> <span class='ocrx_word' id='word_1_284' title='bbox 1146 3646 1364 3696; x_wconf 81' lang='grc' dir='ltr'>κατὰτὸ</span> <span class='ocrx_word' id='word_1_285' title='bbox 1397 3639 1583 3696; x_wconf 86' lang='grc' dir='ltr'>δοκοῦν</span> <span class='ocrx_word' id='word_1_286' title='bbox 1633 3650 1761 3708; x_wconf 83' lang='grc' dir='ltr'>τοῖς,</span> 
     </span>
    </p>
   </div>
   <div class='ocr_carea' id='block_1_43' title="bbox 171 3730 1766 3810">
    <p class='ocr_par' dir='ltr' id='par_1_43' title="bbox 171 3730 1766 3810">
     <span class='ocr_line' id='line_1_43' title="bbox 171 3730 1766 3810; baseline -0.006 -19"><span class='ocrx_word' id='word_1_287' title='bbox 171 3734 456 3798; x_wconf 87' lang='grc' dir='ltr'>Ἰουδαίοις</span> <span class='ocrx_word' id='word_1_288' title='bbox 502 3735 764 3810; x_wconf 82' lang='grc' dir='ltr'>ἐχώρησε,</span> <span class='ocrx_word' id='word_1_289' title='bbox 818 3733 1038 3787; x_wconf 82' lang='grc' dir='ltr'>καὶάπό</span> <span class='ocrx_word' id='word_1_290' title='bbox 1086 3733 1285 3805; x_wconf 78' lang='grc' dir='ltr'>Ῥώμης</span> <span class='ocrx_word' id='word_1_291' title='bbox 1324 3733 1471 3792; x_wconf 76' lang='grc' dir='ltr'>εὐθὺς</span> <span class='ocrx_word' id='word_1_292' title='bbox 1503 3739 1594 3792; x_wconf 82' lang='grc' dir='ltr'>τῆς</span> <span class='ocrx_word' id='word_1_293' title='bbox 1640 3730 1766 3784; x_wconf 89' lang='grc' dir='ltr'>Ἰου-</span> 
     </span>
    </p>
   </div>
   <div class='ocr_carea' id='block_1_44' title="bbox 174 3822 1764 3899">
    <p class='ocr_par' dir='ltr' id='par_1_44' title="bbox 174 3822 1764 3899">
     <span class='ocr_line' id='line_1_44' title="bbox 174 3822 1764 3899; baseline -0.005 -21"><span class='ocrx_word' id='word_1_294' title='bbox 174 3823 332 3888; x_wconf 88' lang='grc' dir='ltr'>δαίας</span> <span class='ocrx_word' id='word_1_295' title='bbox 381 3829 508 3899; x_wconf 83' lang='grc' dir='ltr'>πρὸς</span> <span class='ocrx_word' id='word_1_296' title='bbox 562 3823 777 3876; x_wconf 89' lang='grc' dir='ltr'>Πιλάτον</span> <span class='ocrx_word' id='word_1_297' title='bbox 847 3822 1138 3875; x_wconf 71' lang='grc' dir='ltr'>στελλονται</span> <span class='ocrx_word' id='word_1_298' title='bbox 1178 3822 1463 3894; x_wconf 89' lang='grc' dir='ltr'>γράμματα</span> <span class='ocrx_word' id='word_1_299' title='bbox 1505 3824 1764 3890; x_wconf 89' lang='grc' dir='ltr'>Λογγίνου</span> 
     </span>
    </p>
   </div>
   <div class='ocr_carea' id='block_1_45' title="bbox 176 3907 1764 3985">
    <p class='ocr_par' dir='ltr' id='par_1_45' title="bbox 176 3907 1764 3985">
     <span class='ocr_line' id='line_1_45' title="bbox 176 3907 1764 3985; baseline -0.004 -19"><span class='ocrx_word' id='word_1_300' title='bbox 176 3916 392 3967; x_wconf 86' lang='grc' dir='ltr'>θάνατον</span> <span class='ocrx_word' id='word_1_301' title='bbox 439 3913 924 3985; x_wconf 70' lang='grc' dir='ltr'>καταψηφιζόμενα.</span> <span class='ocrx_word' id='word_1_302' title='bbox 986 3910 1269 3982; x_wconf 81' lang='grc' dir='ltr'>Δεξάμενος</span> <span class='ocrx_word' id='word_1_303' title='bbox 1325 3909 1411 3961; x_wconf 79' lang='grc' dir='ltr'>οὖν</span> <span class='ocrx_word' id='word_1_304' title='bbox 1469 3909 1494 3960; x_wconf 89' lang='grc' dir='ltr'><strong><em>ό</em></strong></span> <span class='ocrx_word' id='word_1_305' title='bbox 1548 3907 1764 3968; x_wconf 56' lang='lat' dir='ltr'><strong><em>nam;</em></strong></span> 
     </span>
    </p>
   </div>
   <div class='ocr_carea' id='block_1_46' title="bbox 173 3998 1765 4076">
    <p class='ocr_par' dir='ltr' id='par_1_46' title="bbox 173 3998 1765 4076">
     <span class='ocr_line' id='line_1_46' title="bbox 173 3998 1765 4076; baseline -0.004 -20"><span class='ocrx_word' id='word_1_306' title='bbox 173 4006 238 4056; x_wconf 73' lang='grc' dir='ltr'>τὰ</span> <span class='ocrx_word' id='word_1_307' title='bbox 260 4005 565 4076; x_wconf 88' lang='grc' dir='ltr'>γράμματα,</span> <span class='ocrx_word' id='word_1_308' title='bbox 608 4004 674 4063; x_wconf 86' lang='grc' dir='ltr'>ὡς</span> <span class='ocrx_word' id='word_1_309' title='bbox 720 3998 880 4073; x_wconf 88' lang='grc' dir='ltr'>εἶχεν,</span> <span class='ocrx_word' id='word_1_310' title='bbox 909 4001 1093 4060; x_wconf 70' lang='grc' dir='ltr'>εὐθέως</span> <span class='ocrx_word' id='word_1_311' title='bbox 1131 3999 1416 4073; x_wconf 79' lang='grc' dir='ltr'>ἐγχειρίζει</span> <span class='ocrx_word' id='word_1_312' title='bbox 1462 4005 1629 4050; x_wconf 77' lang='grc' dir='ltr'>ταῦτα</span> <span class='ocrx_word' id='word_1_313' title='bbox 1657 4005 1765 4059; x_wconf 88' lang='grc' dir='ltr'>τοῖς</span> 
     </span>
    </p>
   </div>
   <div class='ocr_carea' id='block_1_47' title="bbox 170 4087 1763 4162">
    <p class='ocr_par' dir='ltr' id='par_1_47' title="bbox 170 4087 1763 4162">
     <span class='ocr_line' id='line_1_47' title="bbox 170 4087 1763 4162; baseline -0.005 -18"><span class='ocrx_word' id='word_1_314' title='bbox 170 4088 453 4152; x_wconf 77' lang='grc' dir='ltr'>Ἰουδαίοις</span> <span class='ocrx_word' id='word_1_315' title='bbox 493 4094 582 4142; x_wconf 91' lang='lat' dir='ltr'><strong><em>xui</em></strong></span> <span class='ocrx_word' id='word_1_316' title='bbox 629 4108 754 4161; x_wconf 90' lang='grc' dir='ltr'>προς</span> <span class='ocrx_word' id='word_1_317' title='bbox 783 4093 868 4141; x_wconf 90' lang='grc' dir='ltr'><strong><em>τόν</em></strong></span> <span class='ocrx_word' id='word_1_318' title='bbox 915 4095 1006 4140; x_wconf 91' lang='grc' dir='ltr'><strong><em>τοῦ</em></strong></span> <span class='ocrx_word' id='word_1_319' title='bbox 1030 4091 1288 4162; x_wconf 84' lang='grc' dir='ltr'>μακαρίου</span> <span class='ocrx_word' id='word_1_320' title='bbox 1316 4090 1462 4158; x_wconf 89' lang='grc' dir='ltr'>φόνον</span> <span class='ocrx_word' id='word_1_321' title='bbox 1499 4087 1763 4159; x_wconf 88' lang='grc' dir='ltr'>πρόθυμος</span> 
     </span>
    </p>
   </div>
   <div class='ocr_carea' id='block_1_48' title="bbox 170 4173 1764 4254">
    <p class='ocr_par' dir='ltr' id='par_1_48' title="bbox 170 4173 1764 4254">
     <span class='ocr_line' id='line_1_48' title="bbox 170 4173 1764 4254; baseline -0.006 -22"><span class='ocrx_word' id='word_1_322' title='bbox 170 4181 468 4254; x_wconf 84' lang='grc' dir='ltr'>προθύμους</span> <span class='ocrx_word' id='word_1_323' title='bbox 517 4177 781 4250; x_wconf 75' lang='grc' dir='ltr'>ἐκπέμπει·</span> <span class='ocrx_word' id='word_1_324' title='bbox 838 4180 887 4229; x_wconf 83' lang='grc' dir='ltr'>οἱ</span> <span class='ocrx_word' id='word_1_325' title='bbox 943 4173 1002 4230; x_wconf 74' lang='grc' dir='ltr'>δὲ</span> <span class='ocrx_word' id='word_1_326' title='bbox 1058 4181 1150 4235; x_wconf 80' lang='grc' dir='ltr'>τὴν</span> <span class='ocrx_word' id='word_1_327' title='bbox 1196 4174 1388 4248; x_wconf 87' lang='grc' dir='ltr'>μεταξὺ</span> <span class='ocrx_word' id='word_1_328' title='bbox 1438 4181 1611 4226; x_wconf 86' lang='grc' dir='ltr'>πᾶσαν</span> <span class='ocrx_word' id='word_1_329' title='bbox 1665 4182 1764 4244; x_wconf 82' lang='grc' dir='ltr'>γῆν</span> 
     </span>
    </p>
   </div>
   <div class='ocr_carea' id='block_1_49' title="bbox 172 4259 1764 4341">
    <p class='ocr_par' dir='ltr' id='par_1_49' title="bbox 172 4259 1764 4341">
     <span class='ocr_line' id='line_1_49' title="bbox 172 4259 1764 4341; baseline -0.006 -21"><span class='ocrx_word' id='word_1_330' title='bbox 172 4266 377 4340; x_wconf 84' lang='grc' dir='ltr'>ἀπτέρῳ</span> <span class='ocrx_word' id='word_1_331' title='bbox 433 4269 589 4339; x_wconf 85' lang='grc' dir='ltr'>τάχει</span> <span class='ocrx_word' id='word_1_332' title='bbox 646 4263 1022 4341; x_wconf 88' lang='grc' dir='ltr'>διαδραμόντες</span> <span class='ocrx_word' id='word_1_333' title='bbox 1078 4273 1140 4336; x_wconf 78' lang='grc' dir='ltr'><strong><em>τῇ</em></strong></span> <span class='ocrx_word' id='word_1_334' title='bbox 1233 4259 1595 4317; x_wconf 82' lang='grc' dir='ltr'>Καππαδοκῶν</span> <span class='ocrx_word' id='word_1_335' title='bbox 1675 4261 1764 4332; x_wconf 81' lang='grc' dir='ltr'><strong><em>ἑφ-</em></strong></span> 
     </span>
    </p>
   </div>
   <div class='ocr_carea' id='block_1_50' title="bbox 173 4350 1765 4425">
    <p class='ocr_par' dir='ltr' id='par_1_50' title="bbox 173 4350 1765 4425">
     <span class='ocr_line' id='line_1_50' title="bbox 173 4350 1765 4425; baseline -0.006 -16"><span class='ocrx_word' id='word_1_336' title='bbox 173 4361 434 4409; x_wconf 80' lang='grc' dir='ltr'>ίστανται·</span> <span class='ocrx_word' id='word_1_337' title='bbox 485 4360 574 4407; x_wconf 87' lang='grc' dir='ltr'>καὶ</span> <span class='ocrx_word' id='word_1_338' title='bbox 624 4360 878 4425; x_wconf 86' lang='grc' dir='ltr'>Λογγῖνον</span> <span class='ocrx_word' id='word_1_339' title='bbox 931 4355 979 4405; x_wconf 78' lang='grc' dir='ltr'>ἐν</span> <span class='ocrx_word' id='word_1_340' title='bbox 1028 4371 1130 4404; x_wconf 90' lang='grc' dir='ltr'>τινι</span> <span class='ocrx_word' id='word_1_341' title='bbox 1171 4360 1270 4403; x_wconf 87' lang='grc' dir='ltr'>τῶν</span> <span class='ocrx_word' id='word_1_342' title='bbox 1314 4356 1564 4425; x_wconf 82' lang='grc' dir='ltr'>πατρῴων</span> <span class='ocrx_word' id='word_1_343' title='bbox 1597 4350 1765 4423; x_wconf 85' lang='grc' dir='ltr'>ἀγρῶν</span> 
     </span>
    </p>
   </div>
   <div class='ocr_carea' id='block_1_51' title="bbox 172 4437 1767 4518">
    <p class='ocr_par' dir='ltr' id='par_1_51' title="bbox 172 4437 1767 4518">
     <span class='ocr_line' id='line_1_51' title="bbox 172 4437 1767 4518; baseline -0.004 -21"><span class='ocrx_word' id='word_1_344' title='bbox 172 4448 261 4497; x_wconf 86' lang='grc' dir='ltr'><strong><em>τόν</em></strong></span> <span class='ocrx_word' id='word_1_345' title='bbox 314 4442 625 4518; x_wconf 86' lang='grc' dir='ltr'>ἀπράγμονα</span> <span class='ocrx_word' id='word_1_346' title='bbox 663 4442 780 4516; x_wconf 82' lang='grc' dir='ltr'>βίον</span> <span class='ocrx_word' id='word_1_347' title='bbox 836 4442 1012 4494; x_wconf 86' lang='grc' dir='ltr'>ἀσκεῖν</span> <span class='ocrx_word' id='word_1_348' title='bbox 1055 4442 1353 4512; x_wconf 89' lang='grc' dir='ltr'>πυθόμενοι,</span> <span class='ocrx_word' id='word_1_349' title='bbox 1401 4439 1548 4500; x_wconf 76' lang='grc' dir='ltr'>εὐθὺς</span> <span class='ocrx_word' id='word_1_350' title='bbox 1591 4437 1638 4491; x_wconf 84' lang='grc' dir='ltr'>ἐν</span> <span class='ocrx_word' id='word_1_351' title='bbox 1697 4446 1767 4509; x_wconf 85' lang='grc' dir='ltr'>τῷ</span> 
     </span>
    </p>
   </div>
   <div class='ocr_carea' id='block_1_52' title="bbox 173 4523 1766 4605">
    <p class='ocr_par' dir='ltr' id='par_1_52' title="bbox 173 4523 1766 4605">
     <span class='ocr_line' id='line_1_52' title="bbox 173 4523 1766 4605; baseline -0.003 -21"><span class='ocrx_word' id='word_1_352' title='bbox 173 4531 320 4605; x_wconf 73' lang='grc' dir='ltr'>ἀγρῷ</span> <span class='ocrx_word' id='word_1_353' title='bbox 373 4537 617 4604; x_wconf 82' lang='grc' dir='ltr'><strong><em>γίνονται⁹</em></strong></span> <span class='ocrx_word' id='word_1_354' title='bbox 679 4536 750 4604; x_wconf 79' lang='grc' dir='ltr'>μὴ</span> <span class='ocrx_word' id='word_1_355' title='bbox 807 4527 1001 4591; x_wconf 84' lang='grc' dir='ltr'>εἰδότες</span> <span class='ocrx_word' id='word_1_356' title='bbox 1072 4528 1256 4581; x_wconf 72' lang='grc' dir='ltr'>ἐκεῖνον</span> <span class='ocrx_word' id='word_1_357' title='bbox 1325 4526 1475 4592; x_wconf 80' lang='grc' dir='ltr'>εἶναι,</span> <span class='ocrx_word' id='word_1_358' title='bbox 1527 4533 1644 4601; x_wconf 87' lang='grc' dir='ltr'>περὶ</span> <span class='ocrx_word' id='word_1_359' title='bbox 1709 4523 1766 4579; x_wconf 76' lang='grc' dir='ltr'>οὗ</span> 
     </span>
    </p>
   </div>
   <div class='ocr_carea' id='block_1_53' title="bbox 171 4621 1767 4694">
    <p class='ocr_par' dir='ltr' id='par_1_53' title="bbox 171 4621 1767 4694">
     <span class='ocr_line' id='line_1_53' title="bbox 171 4621 1767 4694; baseline -0.004 -21"><span class='ocrx_word' id='word_1_360' title='bbox 171 4624 290 4681; x_wconf 82' lang='grc' dir='ltr'>τοὺς</span> <span class='ocrx_word' id='word_1_361' title='bbox 347 4625 575 4694; x_wconf 86' lang='grc' dir='ltr'>μακροὺς</span> <span class='ocrx_word' id='word_1_362' title='bbox 631 4622 934 4677; x_wconf 78' lang='grc' dir='ltr'>ὑπέστησαν</span> <span class='ocrx_word' id='word_1_363' title='bbox 985 4623 1173 4680; x_wconf 87' lang='grc' dir='ltr'>πόνους</span> <span class='ocrx_word' id='word_1_364' title='bbox 1243 4621 1330 4668; x_wconf 88' lang='grc' dir='ltr'>καὶ</span> <span class='ocrx_word' id='word_1_365' title='bbox 1386 4621 1480 4674; x_wconf 80' lang='grc' dir='ltr'>τὴν</span> <span class='ocrx_word' id='word_1_366' title='bbox 1558 4622 1767 4692; x_wconf 82' lang='grc' dir='ltr'>πορείαν</span> 
     </span>
    </p>
   </div>
   <div class='ocr_carea' id='block_1_54' title="bbox 176 4703 1769 4780">
    <p class='ocr_par' dir='ltr' id='par_1_54' title="bbox 176 4703 1769 4780">
     <span class='ocr_line' id='line_1_54' title="bbox 176 4703 1769 4780; baseline -0.005 -17"><span class='ocrx_word' id='word_1_367' title='bbox 176 4706 412 4778; x_wconf 81' lang='grc' dir='ltr'>διήνυον,</span> <span class='ocrx_word' id='word_1_368' title='bbox 469 4711 581 4762; x_wconf 85' lang='grc' dir='ltr'>ὅθεν</span> <span class='ocrx_word' id='word_1_369' title='bbox 639 4715 728 4762; x_wconf 89' lang='lat' dir='ltr'><strong><em>xui</em></strong></span> <span class='ocrx_word' id='word_1_370' title='bbox 783 4709 937 4761; x_wconf 77' lang='grc' dir='ltr'>αὐτόν</span> <span class='ocrx_word' id='word_1_371' title='bbox 995 4707 1183 4760; x_wconf 84' lang='grc' dir='ltr'>ἐκεῖνον</span> <span class='ocrx_word' id='word_1_372' title='bbox 1234 4707 1457 4780; x_wconf 73' lang='grc' dir='ltr'>ἠρώτων,</span> <span class='ocrx_word' id='word_1_373' title='bbox 1517 4724 1590 4765; x_wconf 93' lang='grc' dir='ltr'><strong><em>τις</em></strong></span> <span class='ocrx_word' id='word_1_374' title='bbox 1667 4703 1769 4777; x_wconf 87' lang='grc' dir='ltr'><strong><em>ἀρα</em></strong></span> 
     </span>
    </p>
   </div>
   <div class='ocr_carea' id='block_1_55' title="bbox 176 4791 1771 4870">
    <p class='ocr_par' dir='ltr' id='par_1_55' title="bbox 176 4791 1771 4870">
     <span class='ocr_line' id='line_1_55' title="bbox 176 4791 1771 4870; baseline -0.005 -18"><span class='ocrx_word' id='word_1_375' title='bbox 176 4805 433 4870; x_wconf 86' lang='grc' dir='ltr'>Λογγῖνος</span> <span class='ocrx_word' id='word_1_376' title='bbox 476 4801 551 4856; x_wconf 81' lang='grc' dir='ltr'>εἴη</span> <span class='ocrx_word' id='word_1_377' title='bbox 593 4803 682 4850; x_wconf 86' lang='grc' dir='ltr'>καὶ</span> <span class='ocrx_word' id='word_1_378' title='bbox 713 4804 856 4858; x_wconf 89' lang='grc' dir='ltr'>ποῖος</span> <span class='ocrx_word' id='word_1_379' title='bbox 901 4798 926 4848; x_wconf 87' lang='grc' dir='ltr'><strong><em>ό</em></strong></span> <span class='ocrx_word' id='word_1_380' title='bbox 958 4802 1208 4868; x_wconf 87' lang='grc' dir='ltr'>Λογγῖνον</span> <span class='ocrx_word' id='word_1_381' title='bbox 1261 4797 1396 4864; x_wconf 83' lang='grc' dir='ltr'>ἔχων</span> <span class='ocrx_word' id='word_1_382' title='bbox 1444 4791 1618 4868; x_wconf 88' lang='grc' dir='ltr'>ἀγρός·</span> <span class='ocrx_word' id='word_1_383' title='bbox 1665 4799 1771 4854; x_wconf 84' lang='grc' dir='ltr'>τοῖς</span> 
     </span>
    </p>
   </div>
   <div class='ocr_carea' id='block_1_56' title="bbox 173 4881 1766 4962">
    <p class='ocr_par' dir='ltr' id='par_1_56' title="bbox 173 4881 1766 4962">
     <span class='ocr_line' id='line_1_56' title="bbox 173 4881 1766 4962; baseline -0.006 -21"><span class='ocrx_word' id='word_1_384' title='bbox 173 4891 265 4961; x_wconf 70' lang='grc' dir='ltr'>μὲν</span> <span class='ocrx_word' id='word_1_385' title='bbox 313 4889 414 4962; x_wconf 80' lang='grc' dir='ltr'><strong><em>γὰρ</em></strong></span> <span class='ocrx_word' id='word_1_386' title='bbox 463 4882 525 4945; x_wconf 73' lang='grc' dir='ltr'>ἦν</span> <span class='ocrx_word' id='word_1_387' title='bbox 575 4888 604 4945; x_wconf 82' lang='grc' dir='ltr'>ἡ</span> <span class='ocrx_word' id='word_1_388' title='bbox 660 4882 890 4951; x_wconf 82' lang='grc' dir='ltr'>σπουδὴ,</span> <span class='ocrx_word' id='word_1_389' title='bbox 939 4889 1173 4956; x_wconf 84' lang='grc' dir='ltr'>Λογγίνῳ</span> <span class='ocrx_word' id='word_1_390' title='bbox 1222 4881 1424 4955; x_wconf 80' lang='grc' dir='ltr'>ἀφανῶς</span> <span class='ocrx_word' id='word_1_391' title='bbox 1475 4881 1766 4946; x_wconf 80' lang='grc' dir='ltr'>ἐπιθέσθαι,</span> 
     </span>
    </p>
   </div>
   <div class='ocr_carea' id='block_1_57' title="bbox 176 4973 1766 5049">
    <p class='ocr_par' dir='ltr' id='par_1_57' title="bbox 176 4973 1766 5049">
     <span class='ocr_line' id='line_1_57' title="bbox 176 4973 1766 5049; baseline -0.004 -20"><span class='ocrx_word' id='word_1_392' title='bbox 176 4974 408 5042; x_wconf 82' lang='grc' dir='ltr'>δεδιόσι,</span> <span class='ocrx_word' id='word_1_393' title='bbox 468 4980 539 5049; x_wconf 81' lang='grc' dir='ltr'>μὴ</span> <span class='ocrx_word' id='word_1_394' title='bbox 598 4979 691 5034; x_wconf 84' lang='grc' dir='ltr'>τὴν</span> <span class='ocrx_word' id='word_1_395' title='bbox 763 4979 1023 5048; x_wconf 88' lang='grc' dir='ltr'>σωτηρίαν</span> <span class='ocrx_word' id='word_1_396' title='bbox 1075 4980 1210 5045; x_wconf 74' lang='grc' dir='ltr'>φυγῇ</span> <span class='ocrx_word' id='word_1_397' title='bbox 1277 4973 1766 5046; x_wconf 86' lang='grc' dir='ltr'>πραγματεὺσηται.</span> 
     </span>
    </p>
   </div>
   <div class='ocr_carea' id='block_1_58' title="bbox 176 5057 1765 5136">
    <p class='ocr_par' dir='ltr' id='par_1_58' title="bbox 176 5057 1765 5136">
     <span class='ocr_line' id='line_1_58' title="bbox 176 5057 1765 5136; baseline -0.005 -18"><span class='ocrx_word' id='word_1_398' title='bbox 176 5069 422 5136; x_wconf 85' lang='grc' dir='ltr'>Ἠγνόουν</span> <span class='ocrx_word' id='word_1_399' title='bbox 477 5062 535 5117; x_wconf 73' lang='grc' dir='ltr'>δὲ</span> <span class='ocrx_word' id='word_1_400' title='bbox 583 5066 663 5116; x_wconf 86' lang='grc' dir='ltr'>ὅτι</span> <span class='ocrx_word' id='word_1_401' title='bbox 707 5063 894 5135; x_wconf 86' lang='grc' dir='ltr'>μᾶλλον</span> <span class='ocrx_word' id='word_1_402' title='bbox 943 5066 1082 5133; x_wconf 84' lang='grc' dir='ltr'>αὑτῷ</span> <span class='ocrx_word' id='word_1_403' title='bbox 1131 5063 1160 5119; x_wconf 82' lang='grc' dir='ltr'>ἡ</span> <span class='ocrx_word' id='word_1_404' title='bbox 1197 5057 1402 5118; x_wconf 82' lang='grc' dir='ltr'>σπουδὴ</span> <span class='ocrx_word' id='word_1_405' title='bbox 1448 5059 1706 5132; x_wconf 75' lang='grc' dir='ltr'>ληφθῆναι</span> <span class='ocrx_word' id='word_1_406' title='bbox 1736 5059 1765 5117; x_wconf 77' lang='grc' dir='ltr'><strong>ἣ</strong></span> 
     </span>
    </p>
   </div>
   <div class='ocr_carea' id='block_1_59' title="bbox 173 5149 1769 5224">
    <p class='ocr_par' dir='ltr' id='par_1_59' title="bbox 173 5149 1769 5224">
     <span class='ocr_line' id='line_1_59' title="bbox 173 5149 1769 5224; baseline -0.004 -18"><span class='ocrx_word' id='word_1_407' title='bbox 173 5155 388 5214; x_wconf 78' lang='grc' dir='ltr'>ἐκείνοις</span> <span class='ocrx_word' id='word_1_408' title='bbox 432 5153 621 5206; x_wconf 78' lang='grc' dir='ltr'>λαϐεῖν·</span> <span class='ocrx_word' id='word_1_409' title='bbox 684 5152 870 5216; x_wconf 80' lang='grc' dir='ltr'>ἐζήλου</span> <span class='ocrx_word' id='word_1_410' title='bbox 935 5155 1034 5224; x_wconf 81' lang='grc' dir='ltr'><strong><em>γὰρ</em></strong></span> <span class='ocrx_word' id='word_1_411' title='bbox 1110 5150 1302 5203; x_wconf 78' lang='grc' dir='ltr'>ἐκείνου</span> <span class='ocrx_word' id='word_1_412' title='bbox 1379 5153 1466 5201; x_wconf 86' lang='grc' dir='ltr'><strong><em>τόν</em></strong></span> <span class='ocrx_word' id='word_1_413' title='bbox 1535 5149 1769 5201; x_wconf 78' lang='grc' dir='ltr'>ἑκούσιον</span> 
     </span>
    </p>
   </div>
   <div class='ocr_carea' id='block_1_60' title="bbox 177 5238 1769 5314">
    <p class='ocr_par' dir='ltr' id='par_1_60' title="bbox 177 5238 1769 5314">
     <span class='ocr_line' id='line_1_60' title="bbox 177 5238 1769 5314; baseline -0.005 -17"><span class='ocrx_word' id='word_1_414' title='bbox 177 5245 416 5310; x_wconf 85' lang='grc' dir='ltr'>θάνατον,</span> <span class='ocrx_word' id='word_1_415' title='bbox 475 5244 527 5294; x_wconf 87' lang='grc' dir='ltr'>ὃν</span> <span class='ocrx_word' id='word_1_416' title='bbox 579 5239 702 5294; x_wconf 84' lang='grc' dir='ltr'>ἰδὼν</span> <span class='ocrx_word' id='word_1_417' title='bbox 759 5241 809 5293; x_wconf 85' lang='grc' dir='ltr'>ἐν</span> <span class='ocrx_word' id='word_1_418' title='bbox 856 5248 1064 5314; x_wconf 85' lang='grc' dir='ltr'>σταυρῷ</span> <span class='ocrx_word' id='word_1_419' title='bbox 1119 5243 1242 5293; x_wconf 85' lang='grc' dir='ltr'>Θεὸν</span> <span class='ocrx_word' id='word_1_420' title='bbox 1291 5238 1638 5310; x_wconf 88' lang='grc' dir='ltr'>ὡμολόγησεν,</span> <span class='ocrx_word' id='word_1_421' title='bbox 1680 5241 1769 5289; x_wconf 88' lang='lat' dir='ltr'><strong><em>xui</em></strong></span> 
     </span>
    </p>
   </div>
   <div class='ocr_carea' id='block_1_61' title="bbox 175 5325 1768 5404">
    <p class='ocr_par' dir='ltr' id='par_1_61' title="bbox 175 5325 1768 5404">
     <span class='ocr_line' id='line_1_61' title="bbox 175 5325 1768 5404; baseline -0.003 -21"><span class='ocrx_word' id='word_1_422' title='bbox 175 5333 350 5404; x_wconf 83' lang='grc' dir='ltr'>ὥσπερ</span> <span class='ocrx_word' id='word_1_423' title='bbox 397 5333 619 5402; x_wconf 81' lang='grc' dir='ltr'>Χριστὸς</span> <span class='ocrx_word' id='word_1_424' title='bbox 667 5326 740 5382; x_wconf 85' lang='grc' dir='ltr'>δι’</span> <span class='ocrx_word' id='word_1_425' title='bbox 779 5332 930 5402; x_wconf 79' lang='grc' dir='ltr'>ἡμᾶς,</span> <span class='ocrx_word' id='word_1_426' title='bbox 975 5329 1110 5382; x_wconf 84' lang='grc' dir='ltr'>οὑτω</span> <span class='ocrx_word' id='word_1_427' title='bbox 1141 5325 1235 5381; x_wconf 85' lang='grc' dir='ltr'><strong><em>διὰ</em></strong></span> <span class='ocrx_word' id='word_1_428' title='bbox 1263 5329 1490 5400; x_wconf 81' lang='grc' dir='ltr'>Χριστὸν</span> <span class='ocrx_word' id='word_1_429' title='bbox 1519 5332 1768 5398; x_wconf 87' lang='grc' dir='ltr'>Λογγῖνος</span> 
     </span>
    </p>
   </div>
   <div class='ocr_carea' id='block_1_62' title="bbox 173 5415 708 5496">
    <p class='ocr_par' dir='ltr' id='par_1_62' title="bbox 173 5415 708 5496">
     <span class='ocr_line' id='line_1_62' title="bbox 173 5415 708 5496; baseline 0 -21"><span class='ocrx_word' id='word_1_430' title='bbox 173 5425 269 5482; x_wconf 78' lang='grc' dir='ltr'>τὴν</span> <span class='ocrx_word' id='word_1_431' title='bbox 291 5423 496 5496; x_wconf 79' lang='grc' dir='ltr'>σφαγὴν</span> <span class='ocrx_word' id='word_1_432' title='bbox 526 5415 708 5493; x_wconf 74' lang='grc' dir='ltr'>ἐδίψα.</span> 
     </span>
    </p>
   </div>
   <div class='ocr_carea' id='block_1_63' title="bbox 1884 453 3531 525">
    <p class='ocr_par' dir='ltr' id='par_1_63' title="bbox 1884 453 3531 525">
     <span class='ocr_line' id='line_1_63' title="bbox 1884 453 3531 525; baseline 0.012 -23"><span class='ocrx_word' id='word_1_433' title='bbox 1884 454 2220 521; x_wconf 89' lang='lat' dir='ltr'><strong><em>surreptum</em></strong></span> <span class='ocrx_word' id='word_1_434' title='bbox 2250 468 2262 507; x_wconf 86' lang='lat'><strong>:</strong></span> <span class='ocrx_word' id='word_1_435' title='bbox 2294 453 2400 508; x_wconf 92' lang='lat' dir='ltr'><strong><em>sed</em></strong></span> <span class='ocrx_word' id='word_1_436' title='bbox 2423 453 2631 525; x_wconf 81' lang='lat' dir='ltr'><strong><em>lingua</em></strong></span> <span class='ocrx_word' id='word_1_437' title='bbox 2653 462 2708 512; x_wconf 91' lang='lat' dir='ltr'><strong><em>et</em></strong></span> <span class='ocrx_word' id='word_1_438' title='bbox 2734 463 2926 514; x_wconf 82' lang='lat' dir='ltr'><strong><em>mente</em></strong></span> <span class='ocrx_word' id='word_1_439' title='bbox 2948 459 3138 518; x_wconf 85' lang='lat' dir='ltr'><strong><em>libera</em></strong></span> <span class='ocrx_word' id='word_1_440' title='bbox 3161 479 3299 520; x_wconf 93' lang='lat' dir='ltr'><strong><em>eum</em></strong></span> <span class='ocrx_word' id='word_1_441' title='bbox 3320 480 3531 522; x_wconf 90' lang='lat' dir='ltr'><strong><em>verum</em></strong></span> 
     </span>
    </p>
   </div>
   <div class='ocr_carea' id='block_1_64' title="bbox 1883 540 3530 611">
    <p class='ocr_par' dir='ltr' id='par_1_64' title="bbox 1883 540 3530 611">
     <span class='ocr_line' id='line_1_64' title="bbox 1883 540 3530 611; baseline 0.013 -22"><span class='ocrx_word' id='word_1_442' title='bbox 1883 550 2010 592; x_wconf 90' lang='lat' dir='ltr'><strong><em>esse</em></strong></span> <span class='ocrx_word' id='word_1_443' title='bbox 2041 540 2222 594; x_wconf 88' lang='lat' dir='ltr'><strong><em>Deum</em></strong></span> <span class='ocrx_word' id='word_1_444' title='bbox 2255 541 2607 611; x_wconf 61' lang='lat' dir='ltr'><strong><em>praedicarit,</em></strong></span> <span class='ocrx_word' id='word_1_445' title='bbox 2640 549 2696 600; x_wconf 90' lang='lat' dir='ltr'><strong><em>et</em></strong></span> <span class='ocrx_word' id='word_1_446' title='bbox 2723 561 2753 600; x_wconf 92' lang='lat' dir='ltr'><strong><em>e</em></strong></span> <span class='ocrx_word' id='word_1_447' title='bbox 2780 548 3030 603; x_wconf 80' lang='lat' dir='ltr'><strong><em>mortuis</em></strong></span> <span class='ocrx_word' id='word_1_448' title='bbox 3058 566 3185 606; x_wconf 89' lang='lat' dir='ltr'><strong><em>esse</em></strong></span> <span class='ocrx_word' id='word_1_449' title='bbox 3206 552 3530 610; x_wconf 85' lang='lat' dir='ltr'><strong><em>excitatum</em></strong></span> 
     </span>
    </p>
   </div>
   <div class='ocr_carea' id='block_1_65' title="bbox 1882 624 3534 710">
    <p class='ocr_par' dir='ltr' id='par_1_65' title="bbox 1882 624 3534 710">
     <span class='ocr_line' id='line_1_65' title="bbox 1882 624 3534 710; baseline 0.011 -30"><span class='ocrx_word' id='word_1_450' title='bbox 1882 624 2283 684; x_wconf 85' lang='lat' dir='ltr'><strong><em>afﬁrmaverit.</em></strong></span> <span class='ocrx_word' id='word_1_451' title='bbox 2315 630 2444 695; x_wconf 88' lang='lat' dir='ltr'><strong><em>Quo</em></strong></span> <span class='ocrx_word' id='word_1_452' title='bbox 2481 630 2700 689; x_wconf 89' lang='lat' dir='ltr'><strong><em>factum</em></strong></span> <span class='ocrx_word' id='word_1_453' title='bbox 2726 640 2834 704; x_wconf 88' lang='lat' dir='ltr'><strong><em>est,</em></strong></span> <span class='ocrx_word' id='word_1_454' title='bbox 2874 640 2938 692; x_wconf 93' lang='lat' dir='ltr'><strong><em>ut</em></strong></span> <span class='ocrx_word' id='word_1_455' title='bbox 2960 641 3015 693; x_wconf 90' lang='lat' dir='ltr'><strong><em>et</em></strong></span> <span class='ocrx_word' id='word_1_456' title='bbox 3043 637 3174 710; x_wconf 88' lang='lat' dir='ltr'><strong><em>ipse</em></strong></span> <span class='ocrx_word' id='word_1_457' title='bbox 3201 639 3436 706; x_wconf 79' lang='lat' dir='ltr'><strong><em>Pilatus,</em></strong></span> <span class='ocrx_word' id='word_1_458' title='bbox 3477 647 3534 697; x_wconf 89' lang='lat' dir='ltr'><strong><em>et</em></strong></span> 
     </span>
    </p>
   </div>
   <div class='ocr_carea' id='block_1_66' title="bbox 1880 714 3532 802">
    <p class='ocr_par' dir='ltr' id='par_1_66' title="bbox 1880 714 3532 802">
     <span class='ocr_line' id='line_1_66' title="bbox 1880 714 3532 802; baseline 0.012 -34"><span class='ocrx_word' id='word_1_459' title='bbox 1880 714 2210 772; x_wconf 77' lang='lat' dir='ltr'><strong><em>Iudaeorum</em></strong></span> <span class='ocrx_word' id='word_1_460' title='bbox 2229 733 2553 790; x_wconf 73' lang='lat' dir='ltr'><strong><em>synagogas</em></strong></span> <span class='ocrx_word' id='word_1_461' title='bbox 2581 721 2894 795; x_wconf 91' lang='lat' dir='ltr'><strong><em>principes,</em></strong></span> <span class='ocrx_word' id='word_1_462' title='bbox 2917 725 3204 784; x_wconf 83' lang='lat' dir='ltr'><strong><em>invidiam</em></strong></span> <span class='ocrx_word' id='word_1_463' title='bbox 3222 745 3344 801; x_wconf 88' lang='lat' dir='ltr'><strong><em>qua</em></strong></span> <span class='ocrx_word' id='word_1_464' title='bbox 3364 730 3532 802; x_wconf 86' lang='lat' dir='ltr'><strong><em>prius</em></strong></span> 
     </span>
    </p>
   </div>
   <div class='ocr_carea' id='block_1_67' title="bbox 1881 805 3531 886">
    <p class='ocr_par' dir='ltr' id='par_1_67' title="bbox 1881 805 3531 886">
     <span class='ocr_line' id='line_1_67' title="bbox 1881 805 3531 886; baseline 0.01 -28"><span class='ocrx_word' id='word_1_465' title='bbox 1881 805 2271 862; x_wconf 82' lang='lat' dir='ltr'><strong><em>movebantur</em></strong></span> <span class='ocrx_word' id='word_1_466' title='bbox 2297 808 2357 864; x_wconf 95' lang='lat' dir='ltr'><strong><em>in</em></strong></span> <span class='ocrx_word' id='word_1_467' title='bbox 2390 809 2703 878; x_wconf 77' lang='lat' dir='ltr'><strong><em>Christum,</em></strong></span> <span class='ocrx_word' id='word_1_468' title='bbox 2746 817 2802 868; x_wconf 86' lang='lat' dir='ltr'><strong><em>et</em></strong></span> <span class='ocrx_word' id='word_1_469' title='bbox 2839 829 3020 886; x_wconf 87' lang='lat' dir='ltr'><strong><em>quem</em></strong></span> <span class='ocrx_word' id='word_1_470' title='bbox 3051 817 3109 873; x_wconf 90' lang='lat' dir='ltr'><strong><em>in</em></strong></span> <span class='ocrx_word' id='word_1_471' title='bbox 3149 833 3287 875; x_wconf 92' lang='lat' dir='ltr'><strong><em>eum</em></strong></span> <span class='ocrx_word' id='word_1_472' title='bbox 3326 818 3531 876; x_wconf 88' lang='lat' dir='ltr'><strong><em>animo</em></strong></span> 
     </span>
    </p>
   </div>
   <div class='ocr_carea' id='block_1_68' title="bbox 1881 893 3529 978">
    <p class='ocr_par' dir='ltr' id='par_1_68' title="bbox 1881 893 3529 978">
     <span class='ocr_line' id='line_1_68' title="bbox 1881 893 3529 978; baseline 0.011 -31"><span class='ocrx_word' id='word_1_473' title='bbox 1881 893 2293 965; x_wconf 88' lang='lat' dir='ltr'><strong><em>concipiebant</em></strong></span> <span class='ocrx_word' id='word_1_474' title='bbox 2341 896 2620 963; x_wconf 89' lang='lat' dir='ltr'><strong><em>furorem,</em></strong></span> <span class='ocrx_word' id='word_1_475' title='bbox 2674 917 2810 957; x_wconf 91' lang='lat' dir='ltr'><strong><em>eum</em></strong></span> <span class='ocrx_word' id='word_1_476' title='bbox 2865 920 3022 960; x_wconf 88' lang='lat' dir='ltr'><strong><em>nunc</em></strong></span> <span class='ocrx_word' id='word_1_477' title='bbox 3077 905 3138 961; x_wconf 91' lang='lat' dir='ltr'><strong><em>in</em></strong></span> <span class='ocrx_word' id='word_1_478' title='bbox 3198 907 3529 978; x_wconf 91' lang='lat' dir='ltr'><strong><em>Longinum</em></strong></span> 
     </span>
    </p>
   </div>
   <div class='ocr_carea' id='block_1_69' title="bbox 1881 982 3531 1068">
    <p class='ocr_par' dir='ltr' id='par_1_69' title="bbox 1881 982 3531 1068">
     <span class='ocr_line' id='line_1_69' title="bbox 1881 982 3531 1068; baseline 0.012 -33"><span class='ocrx_word' id='word_1_479' title='bbox 1881 982 2286 1048; x_wconf 76' lang='lat' dir='ltr'><strong><em>transferrent,</em></strong></span> <span class='ocrx_word' id='word_1_480' title='bbox 2314 985 2365 1040; x_wconf 91' lang='lat' dir='ltr'><strong><em>ei</em></strong></span> <span class='ocrx_word' id='word_1_481' title='bbox 2396 987 2547 1042; x_wconf 93' lang='lat' dir='ltr'><strong><em>adeo</em></strong></span> <span class='ocrx_word' id='word_1_482' title='bbox 2576 988 2914 1056; x_wconf 84' lang='lat' dir='ltr'><strong><em>irascentes,</em></strong></span> <span class='ocrx_word' id='word_1_483' title='bbox 2951 997 3013 1048; x_wconf 92' lang='lat' dir='ltr'><strong><em>ut</em></strong></span> <span class='ocrx_word' id='word_1_484' title='bbox 3041 994 3337 1067; x_wconf 87' lang='lat' dir='ltr'><strong><em>quidquid</em></strong></span> <span class='ocrx_word' id='word_1_485' title='bbox 3369 1001 3531 1068; x_wconf 90' lang='lat' dir='ltr'><strong><em>pate-</em></strong></span> 
     </span>
    </p>
   </div>
   <div class='ocr_carea' id='block_1_70' title="bbox 1883 1073 3526 1142">
    <p class='ocr_par' dir='ltr' id='par_1_70' title="bbox 1883 1073 3526 1142">
     <span class='ocr_line' id='line_1_70' title="bbox 1883 1073 3526 1142; baseline 0.01 -18"><span class='ocrx_word' id='word_1_486' title='bbox 1883 1076 2040 1126; x_wconf 86' lang='lat' dir='ltr'><strong><em>retur</em></strong></span> <span class='ocrx_word' id='word_1_487' title='bbox 2068 1073 2391 1142; x_wconf 83' lang='lat' dir='ltr'><strong><em>Longinus,</em></strong></span> <span class='ocrx_word' id='word_1_488' title='bbox 2420 1076 2830 1134; x_wconf 76' lang='lat' dir='ltr'><strong><em>existimarent</em></strong></span> <span class='ocrx_word' id='word_1_489' title='bbox 2858 1095 2996 1136; x_wconf 91' lang='lat' dir='ltr'><strong><em>eum</em></strong></span> <span class='ocrx_word' id='word_1_490' title='bbox 3026 1097 3147 1138; x_wconf 93' lang='lat' dir='ltr'><strong><em>non</em></strong></span> <span class='ocrx_word' id='word_1_491' title='bbox 3180 1083 3322 1139; x_wconf 89' lang='lat' dir='ltr'><strong><em>satis</em></strong></span> <span class='ocrx_word' id='word_1_492' title='bbox 3351 1085 3526 1141; x_wconf 90' lang='lat' dir='ltr'><strong><em>datu-</em></strong></span> 
     </span>
    </p>
   </div>
   <div class='ocr_carea' id='block_1_71' title="bbox 1878 1165 3528 1233">
    <p class='ocr_par' dir='ltr' id='par_1_71' title="bbox 1878 1165 3528 1233">
     <span class='ocr_line' id='line_1_71' title="bbox 1878 1165 3528 1233; baseline 0.01 -20"><span class='ocrx_word' id='word_1_493' title='bbox 1878 1176 2011 1215; x_wconf 87' lang='lat' dir='ltr'><strong><em>rum</em></strong></span> <span class='ocrx_word' id='word_1_494' title='bbox 2041 1176 2169 1216; x_wconf 91' lang='lat' dir='ltr'><strong><em>esse</em></strong></span> <span class='ocrx_word' id='word_1_495' title='bbox 2209 1178 2543 1233; x_wconf 75' lang='lat' dir='ltr'><strong><em>poenarum.</em></strong></span> <span class='ocrx_word' id='word_1_496' title='bbox 2584 1165 2731 1222; x_wconf 87' lang='lat' dir='ltr'><strong><em>Hinc</em></strong></span> <span class='ocrx_word' id='word_1_497' title='bbox 2771 1183 2841 1222; x_wconf 90' lang='lat' dir='ltr'><strong><em>ea</em></strong></span> <span class='ocrx_word' id='word_1_498' title='bbox 2886 1183 2978 1223; x_wconf 89' lang='lat' dir='ltr'><strong><em>res</em></strong></span> <span class='ocrx_word' id='word_1_499' title='bbox 3026 1171 3186 1226; x_wconf 88' lang='lat' dir='ltr'><strong><em>venit</em></strong></span> <span class='ocrx_word' id='word_1_500' title='bbox 3232 1172 3310 1228; x_wconf 89' lang='lat' dir='ltr'><strong><em>ad</em></strong></span> <span class='ocrx_word' id='word_1_501' title='bbox 3351 1188 3528 1230; x_wconf 86' lang='lat' dir='ltr'><strong><em>aures</em></strong></span> 
     </span>
    </p>
   </div>
   <div class='ocr_carea' id='block_1_72' title="bbox 1882 1250 3529 1333">
    <p class='ocr_par' dir='ltr' id='par_1_72' title="bbox 1882 1250 3529 1333">
     <span class='ocr_line' id='line_1_72' title="bbox 1882 1250 3529 1333; baseline 0.01 -31"><span class='ocrx_word' id='word_1_502' title='bbox 1882 1250 2146 1319; x_wconf 84' lang='lat' dir='ltr'><strong><em>Longini,</em></strong></span> <span class='ocrx_word' id='word_1_503' title='bbox 2170 1256 2226 1304; x_wconf 91' lang='lat' dir='ltr'><strong><em>et</em></strong></span> <span class='ocrx_word' id='word_1_504' title='bbox 2250 1266 2456 1307; x_wconf 92' lang='lat' dir='ltr'><strong><em>eorum</em></strong></span> <span class='ocrx_word' id='word_1_505' title='bbox 2480 1251 2566 1308; x_wconf 88' lang='lat' dir='ltr'><strong><em>ira</em></strong></span> <span class='ocrx_word' id='word_1_506' title='bbox 2589 1253 2759 1309; x_wconf 83' lang='lat' dir='ltr'><strong><em>fuitei</em></strong></span> <span class='ocrx_word' id='word_1_507' title='bbox 2779 1256 3134 1325; x_wconf 84' lang='lat' dir='ltr'><strong><em>signiﬁcata.</em></strong></span> <span class='ocrx_word' id='word_1_508' title='bbox 3155 1261 3529 1333; x_wconf 88' lang='lat' dir='ltr'><strong><em>Quapropter</em></strong></span> 
     </span>
    </p>
   </div>
   <div class='ocr_carea' id='block_1_73' title="bbox 1879 1338 3527 1418">
    <p class='ocr_par' dir='ltr' id='par_1_73' title="bbox 1879 1338 3527 1418">
     <span class='ocr_line' id='line_1_73' title="bbox 1879 1338 3527 1418; baseline 0.011 -29"><span class='ocrx_word' id='word_1_509' title='bbox 1879 1340 2067 1406; x_wconf 87' lang='lat' dir='ltr'><strong><em>magis</em></strong></span> <span class='ocrx_word' id='word_1_510' title='bbox 2098 1338 2299 1393; x_wconf 89' lang='lat' dir='ltr'><strong><em>volens</em></strong></span> <span class='ocrx_word' id='word_1_511' title='bbox 2322 1340 2498 1409; x_wconf 84' lang='lat' dir='ltr'><strong><em>abjici</em></strong></span> <span class='ocrx_word' id='word_1_512' title='bbox 2525 1356 2658 1397; x_wconf 91' lang='lat' dir='ltr'><strong><em>cum</em></strong></span> <span class='ocrx_word' id='word_1_513' title='bbox 2681 1343 2930 1410; x_wconf 88' lang='lat' dir='ltr'><strong><em>Christo,</em></strong></span> <span class='ocrx_word' id='word_1_514' title='bbox 2957 1363 3142 1418; x_wconf 86' lang='lat' dir='ltr'><strong><em>quam</em></strong></span> <span class='ocrx_word' id='word_1_515' title='bbox 3165 1348 3435 1406; x_wconf 81' lang='lat' dir='ltr'><strong><em>habitare</em></strong></span> <span class='ocrx_word' id='word_1_516' title='bbox 3466 1352 3527 1406; x_wconf 90' lang='lat' dir='ltr'><strong><em>in</em></strong></span> 
     </span>
    </p>
   </div>
   <div class='ocr_carea' id='block_1_74' title="bbox 1873 1423 3528 1508">
    <p class='ocr_par' dir='ltr' id='par_1_74' title="bbox 1873 1423 3528 1508">
     <span class='ocr_line' id='line_1_74' title="bbox 1873 1423 3528 1508; baseline 0.01 -29"><span class='ocrx_word' id='word_1_517' title='bbox 1873 1423 2262 1480; x_wconf 87' lang='lat' dir='ltr'><strong><em>tabernaculis</em></strong></span> <span class='ocrx_word' id='word_1_518' title='bbox 2278 1428 2640 1497; x_wconf 72' lang='lat' dir='ltr'><strong><em>Judaaorum,</em></strong></span> <span class='ocrx_word' id='word_1_519' title='bbox 2664 1446 2796 1486; x_wconf 90' lang='lat' dir='ltr'><strong><em>cum</em></strong></span> <span class='ocrx_word' id='word_1_520' title='bbox 2818 1439 2977 1488; x_wconf 86' lang='lat' dir='ltr'><strong><em>veste</em></strong></span> <span class='ocrx_word' id='word_1_521' title='bbox 2997 1439 3054 1490; x_wconf 92' lang='lat' dir='ltr'><strong><em>et</em></strong></span> <span class='ocrx_word' id='word_1_522' title='bbox 3077 1436 3315 1506; x_wconf 90' lang='lat' dir='ltr'><strong><em>cingulo</em></strong></span> <span class='ocrx_word' id='word_1_523' title='bbox 3337 1437 3528 1508; x_wconf 90' lang='lat' dir='ltr'><strong><em>digni-</em></strong></span> 
     </span>
    </p>
   </div>
   <div class='ocr_carea' id='block_1_75' title="bbox 1872 1512 3528 1593">
    <p class='ocr_par' dir='ltr' id='par_1_75' title="bbox 1872 1512 3528 1593">
     <span class='ocr_line' id='line_1_75' title="bbox 1872 1512 3528 1593; baseline 0.008 -25"><span class='ocrx_word' id='word_1_524' title='bbox 1872 1512 2025 1578; x_wconf 89' lang='lat' dir='ltr'><strong><em>tatis,</em></strong></span> <span class='ocrx_word' id='word_1_525' title='bbox 2053 1512 2246 1586; x_wconf 86' lang='lat' dir='ltr'><strong><em>ipsam</em></strong></span> <span class='ocrx_word' id='word_1_526' title='bbox 2265 1530 2504 1587; x_wconf 90' lang='lat' dir='ltr'><strong><em>quoque</em></strong></span> <span class='ocrx_word' id='word_1_527' title='bbox 2523 1517 2701 1573; x_wconf 91' lang='lat' dir='ltr'><strong><em>simul</em></strong></span> <span class='ocrx_word' id='word_1_528' title='bbox 2720 1521 3168 1593; x_wconf 80' lang='lat' dir='ltr'><strong><em>quamprimum</em></strong></span> <span class='ocrx_word' id='word_1_529' title='bbox 3193 1525 3352 1580; x_wconf 86' lang='lat' dir='ltr'><strong><em>exuit</em></strong></span> <span class='ocrx_word' id='word_1_530' title='bbox 3376 1525 3528 1582; x_wconf 88' lang='lat' dir='ltr'><strong><em>mili-</em></strong></span> 
     </span>
    </p>
   </div>
   <div class='ocr_carea' id='block_1_76' title="bbox 1871 1600 3530 1684">
    <p class='ocr_par' dir='ltr' id='par_1_76' title="bbox 1871 1600 3530 1684">
     <span class='ocr_line' id='line_1_76' title="bbox 1871 1600 3530 1684; baseline 0.01 -29"><span class='ocrx_word' id='word_1_531' title='bbox 1871 1600 2033 1657; x_wconf 91' lang='lat' dir='ltr'><strong><em>tiam.</em></strong></span> <span class='ocrx_word' id='word_1_532' title='bbox 2071 1605 2134 1657; x_wconf 86' lang='lat' dir='ltr'><strong><em>Et</em></strong></span> <span class='ocrx_word' id='word_1_533' title='bbox 2166 1603 2420 1675; x_wconf 90' lang='lat' dir='ltr'><strong><em>acceptis</em></strong></span> <span class='ocrx_word' id='word_1_534' title='bbox 2448 1605 2681 1661; x_wconf 89' lang='lat' dir='ltr'><strong><em>duobus</em></strong></span> <span class='ocrx_word' id='word_1_535' title='bbox 2724 1607 3030 1676; x_wconf 90' lang='lat' dir='ltr'><strong><em>militibus,</em></strong></span> <span class='ocrx_word' id='word_1_536' title='bbox 3071 1611 3175 1684; x_wconf 89' lang='lat' dir='ltr'><strong><em>qui</em></strong></span> <span class='ocrx_word' id='word_1_537' title='bbox 3221 1613 3530 1671; x_wconf 86' lang='lat' dir='ltr'><strong><em>habebant</em></strong></span> 
     </span>
    </p>
   </div>
   <div class='ocr_carea' id='block_1_77' title="bbox 1872 1690 3526 1765">
    <p class='ocr_par' dir='ltr' id='par_1_77' title="bbox 1872 1690 3526 1765">
     <span class='ocr_line' id='line_1_77' title="bbox 1872 1690 3526 1765; baseline 0.009 -21"><span class='ocrx_word' id='word_1_538' title='bbox 1872 1690 2151 1746; x_wconf 89' lang='lat' dir='ltr'><strong><em>eumdem</em></strong></span> <span class='ocrx_word' id='word_1_539' title='bbox 2191 1692 2380 1748; x_wconf 91' lang='lat' dir='ltr'><strong><em>zelum</em></strong></span> <span class='ocrx_word' id='word_1_540' title='bbox 2409 1709 2516 1764; x_wconf 91' lang='lat' dir='ltr'><strong><em>pro</em></strong></span> <span class='ocrx_word' id='word_1_541' title='bbox 2557 1694 2783 1751; x_wconf 88' lang='lat' dir='ltr'><strong><em>Christo</em></strong></span> <span class='ocrx_word' id='word_1_542' title='bbox 2841 1703 2898 1754; x_wconf 93' lang='lat' dir='ltr'><strong><em>et</em></strong></span> <span class='ocrx_word' id='word_1_543' title='bbox 2947 1699 3208 1765; x_wconf 88' lang='lat' dir='ltr'><strong><em>veritate,</em></strong></span> <span class='ocrx_word' id='word_1_544' title='bbox 3270 1701 3526 1759; x_wconf 90' lang='lat' dir='ltr'><strong><em>declinat</em></strong></span> 
     </span>
    </p>
   </div>
   <div class='ocr_carea' id='block_1_78' title="bbox 1873 1781 3528 1853">
    <p class='ocr_par' dir='ltr' id='par_1_78' title="bbox 1873 1781 3528 1853">
     <span class='ocr_line' id='line_1_78' title="bbox 1873 1781 3528 1853; baseline 0.008 -19"><span class='ocrx_word' id='word_1_545' title='bbox 1873 1795 2009 1835; x_wconf 93' lang='lat' dir='ltr'><strong><em>cum</em></strong></span> <span class='ocrx_word' id='word_1_546' title='bbox 2040 1781 2266 1852; x_wconf 89' lang='lat' dir='ltr'><strong><em>populo</em></strong></span> <span class='ocrx_word' id='word_1_547' title='bbox 2299 1783 2807 1853; x_wconf 80' lang='lat' dir='ltr'><strong><em>congressionem,</em></strong></span> <span class='ocrx_word' id='word_1_548' title='bbox 2842 1790 2898 1843; x_wconf 91' lang='lat' dir='ltr'><strong><em>et</em></strong></span> <span class='ocrx_word' id='word_1_549' title='bbox 2951 1803 3090 1845; x_wconf 92' lang='lat' dir='ltr'><strong><em>cum</em></strong></span> <span class='ocrx_word' id='word_1_550' title='bbox 3144 1789 3264 1846; x_wconf 93' lang='lat' dir='ltr'><strong><em>Deo</em></strong></span> <span class='ocrx_word' id='word_1_551' title='bbox 3303 1791 3431 1848; x_wconf 90' lang='lat' dir='ltr'><strong><em>solo</em></strong></span> <span class='ocrx_word' id='word_1_552' title='bbox 3469 1796 3528 1848; x_wconf 91' lang='lat' dir='ltr'><strong><em>et</em></strong></span> 
     </span>
    </p>
   </div>
   <div class='ocr_carea' id='block_1_79' title="bbox 1873 1875 2388 1926">
    <p class='ocr_par' dir='ltr' id='par_1_79' title="bbox 1873 1875 2388 1926">
     <span class='ocr_line' id='line_1_79' title="bbox 1873 1875 2388 1926; baseline 0.008 -4"><span class='ocrx_word' id='word_1_553' title='bbox 1873 1885 2074 1925; x_wconf 87' lang='lat' dir='ltr'><strong><em>secum</em></strong></span> <span class='ocrx_word' id='word_1_554' title='bbox 2107 1875 2388 1926; x_wconf 89' lang='lat' dir='ltr'><strong><em>versatur.</em></strong></span> 
     </span>
    </p>
   </div>
   <div class='ocr_carea' id='block_1_80' title="bbox 1943 2046 3525 2124">
    <p class='ocr_par' dir='ltr' id='par_1_80' title="bbox 1943 2046 3525 2124">
     <span class='ocr_line' id='line_1_80' title="bbox 1943 2046 3525 2124; baseline 0.008 -24"><span class='ocrx_word' id='word_1_555' title='bbox 1943 2047 2030 2101; x_wconf 92' lang='lat' dir='ltr'><strong><em>lll.</em></strong></span> <span class='ocrx_word' id='word_1_556' title='bbox 2055 2048 2168 2102; x_wconf 89' lang='lat' dir='ltr'><strong><em>Nec</em></strong></span> <span class='ocrx_word' id='word_1_557' title='bbox 2199 2046 2455 2102; x_wconf 91' lang='lat' dir='ltr'><strong><em>multum</em></strong></span> <span class='ocrx_word' id='word_1_558' title='bbox 2485 2047 2814 2106; x_wconf 88' lang='lat' dir='ltr'><strong><em>intercessit</em></strong></span> <span class='ocrx_word' id='word_1_559' title='bbox 2867 2053 3171 2124; x_wconf 91' lang='lat' dir='ltr'><strong><em>temporis,</em></strong></span> <span class='ocrx_word' id='word_1_560' title='bbox 3214 2059 3270 2110; x_wconf 89' lang='lat' dir='ltr'><strong><em>et</em></strong></span> <span class='ocrx_word' id='word_1_561' title='bbox 3307 2055 3525 2114; x_wconf 90' lang='lat' dir='ltr'><strong><em>relictis</em></strong></span> 
     </span>
    </p>
   </div>
   <div class='ocr_carea' id='block_1_81' title="bbox 1873 2134 3526 2214">
    <p class='ocr_par' dir='ltr' id='par_1_81' title="bbox 1873 2134 3526 2214">
     <span class='ocr_line' id='line_1_81' title="bbox 1873 2134 3526 2214; baseline 0.007 -24"><span class='ocrx_word' id='word_1_562' title='bbox 1873 2134 2314 2206; x_wconf 84' lang='lat' dir='ltr'><strong><em>Hierosolymis,</em></strong></span> <span class='ocrx_word' id='word_1_563' title='bbox 2349 2136 2507 2192; x_wconf 90' lang='lat' dir='ltr'><strong><em>venit</em></strong></span> <span class='ocrx_word' id='word_1_564' title='bbox 2530 2137 2590 2192; x_wconf 92' lang='lat' dir='ltr'><strong><em>in</em></strong></span> <span class='ocrx_word' id='word_1_565' title='bbox 2621 2139 3076 2211; x_wconf 87' lang='lat' dir='ltr'><strong><em>Cappadociam,</em></strong></span> <span class='ocrx_word' id='word_1_566' title='bbox 3121 2158 3319 2214; x_wconf 74' lang='lat' dir='ltr'><strong><em>praeco</em></strong></span> <span class='ocrx_word' id='word_1_567' title='bbox 3346 2143 3526 2201; x_wconf 87' lang='lat' dir='ltr'><strong><em>simul</em></strong></span> 
     </span>
    </p>
   </div>
   <div class='ocr_carea' id='block_1_82' title="bbox 1872 2224 3520 2306">
    <p class='ocr_par' dir='ltr' id='par_1_82' title="bbox 1872 2224 3520 2306">
     <span class='ocr_line' id='line_1_82' title="bbox 1872 2224 3520 2306; baseline 0.007 -27"><span class='ocrx_word' id='word_1_568' title='bbox 1872 2230 1927 2279; x_wconf 91' lang='lat' dir='ltr'><strong><em>et</em></strong></span> <span class='ocrx_word' id='word_1_569' title='bbox 1959 2224 2267 2295; x_wconf 89' lang='lat' dir='ltr'><strong><em>apostolus</em></strong></span> <span class='ocrx_word' id='word_1_570' title='bbox 2294 2224 2502 2281; x_wconf 87' lang='lat' dir='ltr'><strong><em>Christi</em></strong></span> <span class='ocrx_word' id='word_1_571' title='bbox 2527 2225 2970 2284; x_wconf 87' lang='lat' dir='ltr'><strong><em>admirabilium</em></strong></span> <span class='ocrx_word' id='word_1_572' title='bbox 3001 2246 3269 2302; x_wconf 86' lang='lat' dir='ltr'><strong><em>operum,</em></strong></span> <span class='ocrx_word' id='word_1_573' title='bbox 3303 2238 3360 2289; x_wconf 91' lang='lat' dir='ltr'><strong><em>et</em></strong></span> <span class='ocrx_word' id='word_1_574' title='bbox 3388 2250 3520 2306; x_wconf 74' lang='lat' dir='ltr'><strong><em>quae</em></strong></span> 
     </span>
    </p>
   </div>
   <div class='ocr_carea' id='block_1_83' title="bbox 1874 2312 3524 2384">
    <p class='ocr_par' dir='ltr' id='par_1_83' title="bbox 1874 2312 3524 2384">
     <span class='ocr_line' id='line_1_83' title="bbox 1874 2312 3524 2384; baseline 0.007 -18"><span class='ocrx_word' id='word_1_575' title='bbox 1874 2317 2011 2367; x_wconf 90' lang='lat' dir='ltr'><strong><em>sunt</em></strong></span> <span class='ocrx_word' id='word_1_576' title='bbox 2039 2317 2252 2384; x_wconf 65' lang='lat' dir='ltr'><strong><em>praeter</em></strong></span> <span class='ocrx_word' id='word_1_577' title='bbox 2279 2312 2624 2384; x_wconf 90' lang='lat' dir='ltr'><strong><em>opinionem</em></strong></span> <span class='ocrx_word' id='word_1_578' title='bbox 2651 2331 2788 2371; x_wconf 92' lang='lat' dir='ltr'><strong><em>cum</em></strong></span> <span class='ocrx_word' id='word_1_579' title='bbox 2829 2315 2940 2380; x_wconf 83' lang='lat' dir='ltr'><strong><em>illis</em></strong></span> <span class='ocrx_word' id='word_1_580' title='bbox 2965 2317 3204 2375; x_wconf 89' lang='lat' dir='ltr'><strong><em>duobus</em></strong></span> <span class='ocrx_word' id='word_1_581' title='bbox 3236 2321 3524 2378; x_wconf 88' lang='lat' dir='ltr'><strong><em>militibus</em></strong></span> 
     </span>
    </p>
   </div>
   <div class='ocr_carea' id='block_1_84' title="bbox 1874 2399 3520 2476">
    <p class='ocr_par' dir='ltr' id='par_1_84' title="bbox 1874 2399 3520 2476">
     <span class='ocr_line' id='line_1_84' title="bbox 1874 2399 3520 2476; baseline 0.007 -23"><span class='ocrx_word' id='word_1_582' title='bbox 1874 2399 2134 2454; x_wconf 80' lang='lat' dir='ltr'><strong><em>effectus.</em></strong></span> <span class='ocrx_word' id='word_1_583' title='bbox 2183 2402 2328 2456; x_wconf 88' lang='lat' dir='ltr'><strong><em>Cum</em></strong></span> <span class='ocrx_word' id='word_1_584' title='bbox 2374 2406 2572 2457; x_wconf 87' lang='lat' dir='ltr'><strong><em>autem</em></strong></span> <span class='ocrx_word' id='word_1_585' title='bbox 2601 2418 2809 2458; x_wconf 90' lang='lat' dir='ltr'><strong><em>eorum</em></strong></span> <span class='ocrx_word' id='word_1_586' title='bbox 2850 2405 2990 2460; x_wconf 91' lang='lat' dir='ltr'><strong><em>nihil</em></strong></span> <span class='ocrx_word' id='word_1_587' title='bbox 3023 2405 3232 2462; x_wconf 87' lang='lat' dir='ltr'><strong><em>lateret</em></strong></span> <span class='ocrx_word' id='word_1_588' title='bbox 3259 2409 3520 2476; x_wconf 68' lang='lat' dir='ltr'><strong><em>Judaaos,</em></strong></span> 
     </span>
    </p>
   </div>
   <div class='ocr_carea' id='block_1_85' title="bbox 1877 2489 3520 2563">
    <p class='ocr_par' dir='ltr' id='par_1_85' title="bbox 1877 2489 3520 2563">
     <span class='ocr_line' id='line_1_85' title="bbox 1877 2489 3520 2563; baseline 0.007 -21"><span class='ocrx_word' id='word_1_589' title='bbox 1877 2493 2075 2559; x_wconf 88' lang='lat' dir='ltr'><strong><em>utpote</em></strong></span> <span class='ocrx_word' id='word_1_590' title='bbox 2087 2489 2244 2558; x_wconf 91' lang='lat' dir='ltr'><strong><em>quod</em></strong></span> <span class='ocrx_word' id='word_1_591' title='bbox 2259 2489 2420 2545; x_wconf 87' lang='lat' dir='ltr'><strong><em>fama</em></strong></span> <span class='ocrx_word' id='word_1_592' title='bbox 2431 2489 2501 2544; x_wconf 88' lang='lat' dir='ltr'><strong><em>ad</em></strong></span> <span class='ocrx_word' id='word_1_593' title='bbox 2515 2504 2726 2545; x_wconf 90' lang='lat' dir='ltr'><strong><em>omnes</em></strong></span> <span class='ocrx_word' id='word_1_594' title='bbox 2741 2492 3520 2563; x_wconf 89' lang='lat' dir='ltr'><strong><em>Longinumtransmitteret,</em></strong></span> 
     </span>
    </p>
   </div>
   <div class='ocr_carea' id='block_1_86' title="bbox 1873 2576 3525 2656">
    <p class='ocr_par' dir='ltr' id='par_1_86' title="bbox 1873 2576 3525 2656">
     <span class='ocr_line' id='line_1_86' title="bbox 1873 2576 3525 2656; baseline 0.006 -24"><span class='ocrx_word' id='word_1_595' title='bbox 1873 2581 1929 2632; x_wconf 89' lang='lat' dir='ltr'><strong><em>et</em></strong></span> <span class='ocrx_word' id='word_1_596' title='bbox 1955 2576 2200 2648; x_wconf 90' lang='lat' dir='ltr'><strong><em>perinde</em></strong></span> <span class='ocrx_word' id='word_1_597' title='bbox 2231 2593 2300 2632; x_wconf 90' lang='lat' dir='ltr'><strong><em>ac</em></strong></span> <span class='ocrx_word' id='word_1_598' title='bbox 2329 2577 2486 2633; x_wconf 88' lang='lat' dir='ltr'><strong><em>alata</em></strong></span> <span class='ocrx_word' id='word_1_599' title='bbox 2523 2579 2832 2648; x_wconf 87' lang='lat' dir='ltr'><strong><em>perniciter</em></strong></span> <span class='ocrx_word' id='word_1_600' title='bbox 2875 2596 3117 2638; x_wconf 91' lang='lat' dir='ltr'><strong><em>omnem</em></strong></span> <span class='ocrx_word' id='word_1_601' title='bbox 3156 2589 3525 2656; x_wconf 86' lang='lat' dir='ltr'><strong><em>percurreret</em></strong></span> 
     </span>
    </p>
   </div>
   <div class='ocr_carea' id='block_1_87' title="bbox 1873 2664 3519 2742">
    <p class='ocr_par' dir='ltr' id='par_1_87' title="bbox 1873 2664 3519 2742">
     <span class='ocr_line' id='line_1_87' title="bbox 1873 2664 3519 2742; baseline 0.007 -23"><span class='ocrx_word' id='word_1_602' title='bbox 1873 2666 2202 2734; x_wconf 89' lang='lat' dir='ltr'><strong><em>regionem,</em></strong></span> <span class='ocrx_word' id='word_1_603' title='bbox 2234 2664 2274 2719; x_wconf 92' lang='lat' dir='ltr'><strong><em>ii</em></strong></span> <span class='ocrx_word' id='word_1_604' title='bbox 2301 2664 2477 2720; x_wconf 91' lang='lat' dir='ltr'><strong><em>simul</em></strong></span> <span class='ocrx_word' id='word_1_605' title='bbox 2499 2671 2916 2724; x_wconf 87' lang='lat' dir='ltr'><strong><em>convenientes</em></strong></span> <span class='ocrx_word' id='word_1_606' title='bbox 2936 2672 3298 2742; x_wconf 86' lang='lat' dir='ltr'><strong><em>persuadent</em></strong></span> <span class='ocrx_word' id='word_1_607' title='bbox 3318 2672 3519 2740; x_wconf 89' lang='lat' dir='ltr'><strong><em>Pilato,</em></strong></span> 
     </span>
    </p>
   </div>
   <div class='ocr_carea' id='block_1_88' title="bbox 1877 2751 3520 2827">
    <p class='ocr_par' dir='ltr' id='par_1_88' title="bbox 1877 2751 3520 2827">
     <span class='ocr_line' id='line_1_88' title="bbox 1877 2751 3520 2827; baseline 0.007 -21"><span class='ocrx_word' id='word_1_608' title='bbox 1877 2757 1939 2806; x_wconf 89' lang='lat' dir='ltr'><strong><em>ut</em></strong></span> <span class='ocrx_word' id='word_1_609' title='bbox 1985 2751 2058 2807; x_wconf 92' lang='lat' dir='ltr'><strong><em>de</em></strong></span> <span class='ocrx_word' id='word_1_610' title='bbox 2103 2753 2366 2822; x_wconf 90' lang='lat' dir='ltr'><strong><em>Longino</em></strong></span> <span class='ocrx_word' id='word_1_611' title='bbox 2413 2753 2566 2809; x_wconf 88' lang='lat' dir='ltr'><strong><em>male</em></strong></span> <span class='ocrx_word' id='word_1_612' title='bbox 2617 2754 2798 2822; x_wconf 88' lang='lat' dir='ltr'><strong><em>dicat,</em></strong></span> <span class='ocrx_word' id='word_1_613' title='bbox 2844 2761 2902 2812; x_wconf 92' lang='lat' dir='ltr'><strong><em>et</em></strong></span> <span class='ocrx_word' id='word_1_614' title='bbox 2942 2758 3230 2827; x_wconf 87' lang='lat' dir='ltr'><strong><em>signiﬁcet</em></strong></span> <span class='ocrx_word' id='word_1_615' title='bbox 3290 2761 3520 2826; x_wconf 67' lang='lat' dir='ltr'><strong><em>Caesari,</em></strong></span> 
     </span>
    </p>
   </div>
   <div class='ocr_carea' id='block_1_89' title="bbox 1874 2840 3524 2918">
    <p class='ocr_par' dir='ltr' id='par_1_89' title="bbox 1874 2840 3524 2918">
     <span class='ocr_line' id='line_1_89' title="bbox 1874 2840 3524 2918; baseline 0.007 -24"><span class='ocrx_word' id='word_1_616' title='bbox 1874 2840 2038 2912; x_wconf 90' lang='lat' dir='ltr'><strong><em>quod</em></strong></span> <span class='ocrx_word' id='word_1_617' title='bbox 2070 2840 2263 2896; x_wconf 89' lang='lat' dir='ltr'><strong><em>aliena</em></strong></span> <span class='ocrx_word' id='word_1_618' title='bbox 2305 2841 2543 2898; x_wconf 90' lang='lat' dir='ltr'><strong><em>sentiret</em></strong></span> <span class='ocrx_word' id='word_1_619' title='bbox 2585 2843 2663 2898; x_wconf 93' lang='lat' dir='ltr'><strong><em>ab</em></strong></span> <span class='ocrx_word' id='word_1_620' title='bbox 2711 2844 2962 2918; x_wconf 89' lang='lat' dir='ltr'><strong><em>imperio</em></strong></span> <span class='ocrx_word' id='word_1_621' title='bbox 3011 2849 3435 2913; x_wconf 83' lang='lat' dir='ltr'><strong><em>Romanorum,</em></strong></span> <span class='ocrx_word' id='word_1_622' title='bbox 3466 2855 3524 2906; x_wconf 92' lang='lat' dir='ltr'><strong><em>et</em></strong></span> 
     </span>
    </p>
   </div>
   <div class='ocr_carea' id='block_1_90' title="bbox 1873 2929 3521 3008">
    <p class='ocr_par' dir='ltr' id='par_1_90' title="bbox 1873 2929 3521 3008">
     <span class='ocr_line' id='line_1_90' title="bbox 1873 2929 3521 3008; baseline 0.005 -24"><span class='ocrx_word' id='word_1_623' title='bbox 1873 2929 2039 3000; x_wconf 94' lang='lat' dir='ltr'><strong><em>quod</em></strong></span> <span class='ocrx_word' id='word_1_624' title='bbox 2068 2929 2348 3002; x_wconf 84' lang='lat' dir='ltr'><strong><em>neglectis</em></strong></span> <span class='ocrx_word' id='word_1_625' title='bbox 2373 2931 2574 2998; x_wconf 89' lang='lat' dir='ltr'><strong><em>armis,</em></strong></span> <span class='ocrx_word' id='word_1_626' title='bbox 2595 2933 2882 2989; x_wconf 87' lang='lat' dir='ltr'><strong><em>Christum</em></strong></span> <span class='ocrx_word' id='word_1_627' title='bbox 2899 2936 3177 3006; x_wconf 65' lang='lat' dir='ltr'><strong><em>praedicet</em></strong></span> <span class='ocrx_word' id='word_1_628' title='bbox 3195 2938 3521 3008; x_wconf 88' lang='lat' dir='ltr'><strong><em>quemdam</em></strong></span> 
     </span>
    </p>
   </div>
   <div class='ocr_carea' id='block_1_91' title="bbox 1873 3019 3522 3095">
    <p class='ocr_par' dir='ltr' id='par_1_91' title="bbox 1873 3019 3522 3095">
     <span class='ocr_line' id='line_1_91' title="bbox 1873 3019 3522 3095; baseline 0.007 -24"><span class='ocrx_word' id='word_1_629' title='bbox 1873 3032 2075 3088; x_wconf 84' lang='lat' dir='ltr'><strong><em>regem</em></strong></span> <span class='ocrx_word' id='word_1_630' title='bbox 2128 3019 2420 3088; x_wconf 89' lang='lat' dir='ltr'><strong><em>gentibus,</em></strong></span> <span class='ocrx_word' id='word_1_631' title='bbox 2471 3026 2527 3075; x_wconf 88' lang='lat' dir='ltr'><strong><em>et</em></strong></span> <span class='ocrx_word' id='word_1_632' title='bbox 2565 3022 2646 3076; x_wconf 91' lang='lat' dir='ltr'><strong><em>sic</em></strong></span> <span class='ocrx_word' id='word_1_633' title='bbox 2680 3037 2889 3078; x_wconf 91' lang='lat' dir='ltr'><strong><em>omnes</em></strong></span> <span class='ocrx_word' id='word_1_634' title='bbox 2925 3022 2985 3078; x_wconf 91' lang='lat' dir='ltr'><strong><em>in</em></strong></span> <span class='ocrx_word' id='word_1_635' title='bbox 3024 3041 3196 3080; x_wconf 88' lang='lat' dir='ltr'><strong><em>suam</em></strong></span> <span class='ocrx_word' id='word_1_636' title='bbox 3249 3025 3522 3095; x_wconf 86' lang='lat' dir='ltr'><strong><em>redigens</em></strong></span> 
     </span>
    </p>
   </div>
   <div class='ocr_carea' id='block_1_92' title="bbox 1877 3107 3519 3181">
    <p class='ocr_par' dir='ltr' id='par_1_92' title="bbox 1877 3107 3519 3181">
     <span class='ocr_line' id='line_1_92' title="bbox 1877 3107 3519 3181; baseline 0.007 -22"><span class='ocrx_word' id='word_1_637' title='bbox 1877 3112 2248 3176; x_wconf 86' lang='lat' dir='ltr'><strong><em>potestatem,</em></strong></span> <span class='ocrx_word' id='word_1_638' title='bbox 2277 3107 2535 3162; x_wconf 88' lang='lat' dir='ltr'><strong><em>attrahat</em></strong></span> <span class='ocrx_word' id='word_1_639' title='bbox 2556 3111 2631 3164; x_wconf 87' lang='lat' dir='ltr'><strong><em>ad</em></strong></span> <span class='ocrx_word' id='word_1_640' title='bbox 2659 3111 2812 3166; x_wconf 89' lang='lat' dir='ltr'><strong><em>illius</em></strong></span> <span class='ocrx_word' id='word_1_641' title='bbox 2835 3112 3031 3167; x_wconf 82' lang='lat' dir='ltr'><strong><em>ﬁdem.</em></strong></span> <span class='ocrx_word' id='word_1_642' title='bbox 3064 3116 3278 3170; x_wconf 83' lang='lat' dir='ltr'><strong><em>Eorum</em></strong></span> <span class='ocrx_word' id='word_1_643' title='bbox 3299 3120 3519 3181; x_wconf 87' lang='lat' dir='ltr'><strong><em>autem,</em></strong></span> 
     </span>
    </p>
   </div>
   <div class='ocr_carea' id='block_1_93' title="bbox 1877 3193 3522 3272">
    <p class='ocr_par' dir='ltr' id='par_1_93' title="bbox 1877 3193 3522 3272">
     <span class='ocr_line' id='line_1_93' title="bbox 1877 3193 3522 3272; baseline 0.007 -25"><span class='ocrx_word' id='word_1_644' title='bbox 1877 3194 2130 3262; x_wconf 87' lang='lat' dir='ltr'><strong><em>aiebant,</em></strong></span> <span class='ocrx_word' id='word_1_645' title='bbox 2153 3209 2287 3266; x_wconf 67' lang='lat' dir='ltr'><strong><em>quas</em></strong></span> <span class='ocrx_word' id='word_1_646' title='bbox 2301 3193 2594 3260; x_wconf 90' lang='lat' dir='ltr'><strong><em>dicuntur,</em></strong></span> <span class='ocrx_word' id='word_1_647' title='bbox 2612 3197 2846 3266; x_wconf 90' lang='lat' dir='ltr'><strong><em>signum</em></strong></span> <span class='ocrx_word' id='word_1_648' title='bbox 2863 3205 2968 3266; x_wconf 91' lang='lat' dir='ltr'><strong><em>est,</em></strong></span> <span class='ocrx_word' id='word_1_649' title='bbox 2987 3202 3152 3272; x_wconf 92' lang='lat' dir='ltr'><strong><em>quod</em></strong></span> <span class='ocrx_word' id='word_1_650' title='bbox 3181 3202 3522 3259; x_wconf 90' lang='lat' dir='ltr'><strong><em>universam</em></strong></span> 
     </span>
    </p>
   </div>
   <div class='ocr_carea' id='block_1_94' title="bbox 1874 3283 3523 3356">
    <p class='ocr_par' dir='ltr' id='par_1_94' title="bbox 1874 3283 3523 3356">
     <span class='ocr_line' id='line_1_94' title="bbox 1874 3283 3523 3356; baseline 0.006 -19"><span class='ocrx_word' id='word_1_651' title='bbox 1874 3283 2316 3354; x_wconf 86' lang='lat' dir='ltr'><strong><em>Cappadociam</em></strong></span> <span class='ocrx_word' id='word_1_652' title='bbox 2342 3299 2412 3338; x_wconf 89' lang='lat' dir='ltr'><strong><em>ea</em></strong></span> <span class='ocrx_word' id='word_1_653' title='bbox 2435 3285 2702 3356; x_wconf 88' lang='lat' dir='ltr'><strong><em>implevit</em></strong></span> <span class='ocrx_word' id='word_1_654' title='bbox 2720 3287 3008 3344; x_wconf 85' lang='lat' dir='ltr'><strong><em>doctrina.</em></strong></span> <span class='ocrx_word' id='word_1_655' title='bbox 3035 3289 3177 3344; x_wconf 90' lang='lat' dir='ltr'><strong><em>Cum</em></strong></span> <span class='ocrx_word' id='word_1_656' title='bbox 3203 3290 3295 3345; x_wconf 91' lang='lat' dir='ltr'><strong><em>his</em></strong></span> <span class='ocrx_word' id='word_1_657' title='bbox 3315 3291 3523 3348; x_wconf 88' lang='lat' dir='ltr'><strong><em>litteris</em></strong></span> 
     </span>
    </p>
   </div>
   <div class='ocr_carea' id='block_1_95' title="bbox 1877 3371 3522 3445">
    <p class='ocr_par' dir='ltr' id='par_1_95' title="bbox 1877 3371 3522 3445">
     <span class='ocr_line' id='line_1_95' title="bbox 1877 3371 3522 3445; baseline 0.005 -19"><span class='ocrx_word' id='word_1_658' title='bbox 1877 3371 2053 3427; x_wconf 90' lang='lat' dir='ltr'><strong><em>simul</em></strong></span> <span class='ocrx_word' id='word_1_659' title='bbox 2083 3371 2259 3427; x_wconf 89' lang='lat' dir='ltr'><strong><em>etiam</em></strong></span> <span class='ocrx_word' id='word_1_660' title='bbox 2303 3373 2581 3428; x_wconf 91' lang='lat' dir='ltr'><strong><em>emittunt</em></strong></span> <span class='ocrx_word' id='word_1_661' title='bbox 2605 3375 2904 3445; x_wconf 86' lang='lat' dir='ltr'><strong><em>pecunias,</em></strong></span> <span class='ocrx_word' id='word_1_662' title='bbox 2936 3377 2997 3431; x_wconf 90' lang='lat' dir='ltr'><strong><em>in</em></strong></span> <span class='ocrx_word' id='word_1_663' title='bbox 3045 3393 3219 3433; x_wconf 90' lang='lat' dir='ltr'><strong><em>aures</em></strong></span> <span class='ocrx_word' id='word_1_664' title='bbox 3273 3380 3522 3436; x_wconf 70' lang='lat' dir='ltr'><strong><em>Caesaris</em></strong></span> 
     </span>
    </p>
   </div>
   <div class='ocr_carea' id='block_1_96' title="bbox 1876 3459 3521 3532">
    <p class='ocr_par' dir='ltr' id='par_1_96' title="bbox 1876 3459 3521 3532">
     <span class='ocr_line' id='line_1_96' title="bbox 1876 3459 3521 3532; baseline 0.005 -18"><span class='ocrx_word' id='word_1_665' title='bbox 1876 3459 2138 3516; x_wconf 88' lang='lat' dir='ltr'><strong><em>volentes</em></strong></span> <span class='ocrx_word' id='word_1_666' title='bbox 2167 3460 2442 3532; x_wconf 89' lang='lat' dir='ltr'><strong><em>irrepere,</em></strong></span> <span class='ocrx_word' id='word_1_667' title='bbox 2475 3466 2537 3516; x_wconf 90' lang='lat' dir='ltr'><strong><em>ut</em></strong></span> <span class='ocrx_word' id='word_1_668' title='bbox 2587 3463 2830 3532; x_wconf 88' lang='lat' dir='ltr'><strong><em>Longini</em></strong></span> <span class='ocrx_word' id='word_1_669' title='bbox 2863 3470 3113 3520; x_wconf 91' lang='lat' dir='ltr'><strong><em>mortem</em></strong></span> <span class='ocrx_word' id='word_1_670' title='bbox 3157 3465 3324 3523; x_wconf 83' lang='lat' dir='ltr'><strong><em>facile</em></strong></span> <span class='ocrx_word' id='word_1_671' title='bbox 3358 3484 3521 3523; x_wconf 86' lang='lat' dir='ltr'><strong><em>eme-</em></strong></span> 
     </span>
    </p>
   </div>
   <div class='ocr_carea' id='block_1_97' title="bbox 1874 3549 3520 3622">
    <p class='ocr_par' dir='ltr' id='par_1_97' title="bbox 1874 3549 3520 3622">
     <span class='ocr_line' id='line_1_97' title="bbox 1874 3549 3520 3622; baseline 0.004 -17"><span class='ocrx_word' id='word_1_672' title='bbox 1874 3556 2022 3605; x_wconf 90' lang='lat' dir='ltr'><strong><em>rent.</em></strong></span> <span class='ocrx_word' id='word_1_673' title='bbox 2055 3549 2224 3615; x_wconf 89' lang='lat' dir='ltr'><strong><em>Quod</em></strong></span> <span class='ocrx_word' id='word_1_674' title='bbox 2254 3549 2494 3621; x_wconf 90' lang='lat' dir='ltr'><strong><em>quidem</em></strong></span> <span class='ocrx_word' id='word_1_675' title='bbox 2528 3553 2810 3622; x_wconf 90' lang='lat' dir='ltr'><strong><em>processit</em></strong></span> <span class='ocrx_word' id='word_1_676' title='bbox 2845 3552 3046 3618; x_wconf 88' lang='lat' dir='ltr'><strong><em>etiam,</em></strong></span> <span class='ocrx_word' id='word_1_677' title='bbox 3093 3559 3156 3610; x_wconf 93' lang='lat' dir='ltr'><strong><em>ut</em></strong></span> <span class='ocrx_word' id='word_1_678' title='bbox 3184 3556 3520 3622; x_wconf 88' lang='lat' dir='ltr'><strong><em>videbatur,</em></strong></span> 
     </span>
    </p>
   </div>
   <div class='ocr_carea' id='block_1_98' title="bbox 1874 3637 3521 3702">
    <p class='ocr_par' dir='ltr' id='par_1_98' title="bbox 1874 3637 3521 3702">
     <span class='ocr_line' id='line_1_98' title="bbox 1874 3637 3521 3702; baseline 0.005 -10"><span class='ocrx_word' id='word_1_679' title='bbox 1874 3637 2108 3692; x_wconf 68' lang='lat' dir='ltr'><strong><em>Judaeis.</em></strong></span> <span class='ocrx_word' id='word_1_680' title='bbox 2142 3639 2208 3691; x_wconf 91' lang='lat' dir='ltr'><strong><em>Et</em></strong></span> <span class='ocrx_word' id='word_1_681' title='bbox 2246 3639 2432 3692; x_wconf 83' lang='lat' dir='ltr'><strong><em>Roma</em></strong></span> <span class='ocrx_word' id='word_1_682' title='bbox 2466 3637 2666 3693; x_wconf 88' lang='lat' dir='ltr'><strong><em>statim</em></strong></span> <span class='ocrx_word' id='word_1_683' title='bbox 2709 3641 2768 3695; x_wconf 91' lang='lat' dir='ltr'><strong><em>in</em></strong></span> <span class='ocrx_word' id='word_1_684' title='bbox 2818 3640 3088 3697; x_wconf 74' lang='lat' dir='ltr'><strong><em>Judaeam</em></strong></span> <span class='ocrx_word' id='word_1_685' title='bbox 3137 3644 3214 3699; x_wconf 88' lang='lat' dir='ltr'><strong><em>ad</em></strong></span> <span class='ocrx_word' id='word_1_686' title='bbox 3271 3644 3521 3702; x_wconf 88' lang='lat' dir='ltr'><strong><em>Pilatum</em></strong></span> 
     </span>
    </p>
   </div>
   <div class='ocr_carea' id='block_1_99' title="bbox 1874 3727 3520 3800">
    <p class='ocr_par' dir='ltr' id='par_1_99' title="bbox 1874 3727 3520 3800">
     <span class='ocr_line' id='line_1_99' title="bbox 1874 3727 3520 3800; baseline 0.005 -16"><span class='ocrx_word' id='word_1_687' title='bbox 1874 3728 2185 3784; x_wconf 87' lang='lat' dir='ltr'><strong><em>mittuntur</em></strong></span> <span class='ocrx_word' id='word_1_688' title='bbox 2198 3727 2418 3791; x_wconf 69' lang='lat' dir='ltr'><strong><em>litterae,</em></strong></span> <span class='ocrx_word' id='word_1_689' title='bbox 2434 3744 2565 3800; x_wconf 83' lang='lat' dir='ltr'><strong><em>quae</em></strong></span> <span class='ocrx_word' id='word_1_690' title='bbox 2584 3730 2911 3800; x_wconf 90' lang='lat' dir='ltr'><strong><em>Longinum</em></strong></span> <span class='ocrx_word' id='word_1_691' title='bbox 2927 3740 3112 3788; x_wconf 90' lang='lat' dir='ltr'><strong><em>morte</em></strong></span> <span class='ocrx_word' id='word_1_692' title='bbox 3126 3733 3520 3793; x_wconf 85' lang='lat' dir='ltr'><strong><em>damnabant.</em></strong></span> 
     </span>
    </p>
   </div>
   <div class='ocr_carea' id='block_1_100' title="bbox 1873 3817 3522 3890">
    <p class='ocr_par' dir='ltr' id='par_1_100' title="bbox 1873 3817 3522 3890">
     <span class='ocr_line' id='line_1_100' title="bbox 1873 3817 3522 3890; baseline 0.006 -19"><span class='ocrx_word' id='word_1_693' title='bbox 1873 3817 2090 3872; x_wconf 90' lang='lat' dir='ltr'><strong><em>Pilatus</em></strong></span> <span class='ocrx_word' id='word_1_694' title='bbox 2119 3830 2258 3884; x_wconf 89' lang='lat' dir='ltr'><strong><em>ergo</em></strong></span> <span class='ocrx_word' id='word_1_695' title='bbox 2297 3817 2552 3890; x_wconf 88' lang='lat' dir='ltr'><strong><em>acceptis</em></strong></span> <span class='ocrx_word' id='word_1_696' title='bbox 2581 3817 2806 3886; x_wconf 89' lang='lat' dir='ltr'><strong><em>litteris,</em></strong></span> <span class='ocrx_word' id='word_1_697' title='bbox 2834 3835 2935 3876; x_wconf 91' lang='lat' dir='ltr'><strong><em>eas</em></strong></span> <span class='ocrx_word' id='word_1_698' title='bbox 2978 3821 3177 3878; x_wconf 90' lang='lat' dir='ltr'><strong><em>statim</em></strong></span> <span class='ocrx_word' id='word_1_699' title='bbox 3221 3823 3398 3880; x_wconf 88' lang='lat' dir='ltr'><strong><em>tradit</em></strong></span> <span class='ocrx_word' id='word_1_700' title='bbox 3425 3825 3522 3881; x_wconf 84' lang='lat' dir='ltr'><strong><em>Ju-</em></strong></span> 
     </span>
    </p>
   </div>
   <div class='ocr_carea' id='block_1_101' title="bbox 1874 3905 3520 3976">
    <p class='ocr_par' dir='ltr' id='par_1_101' title="bbox 1874 3905 3520 3976">
     <span class='ocr_line' id='line_1_101' title="bbox 1874 3905 3520 3976; baseline 0.005 -14"><span class='ocrx_word' id='word_1_701' title='bbox 1874 3907 2035 3976; x_wconf 68' lang='lat' dir='ltr'><strong><em>daais,</em></strong></span> <span class='ocrx_word' id='word_1_702' title='bbox 2057 3910 2110 3962; x_wconf 85' lang='lat' dir='ltr'><strong><em>et</em></strong></span> <span class='ocrx_word' id='word_1_703' title='bbox 2135 3906 2213 3962; x_wconf 90' lang='lat' dir='ltr'><strong><em>ad</em></strong></span> <span class='ocrx_word' id='word_1_704' title='bbox 2243 3905 2401 3961; x_wconf 89' lang='lat' dir='ltr'><strong><em>beati</em></strong></span> <span class='ocrx_word' id='word_1_705' title='bbox 2428 3907 2532 3961; x_wconf 90' lang='lat' dir='ltr'><strong><em>viri</em></strong></span> <span class='ocrx_word' id='word_1_706' title='bbox 2559 3907 2782 3963; x_wconf 72' lang='lat' dir='ltr'><strong><em>caedem</em></strong></span> <span class='ocrx_word' id='word_1_707' title='bbox 2813 3908 3017 3965; x_wconf 89' lang='lat' dir='ltr'><strong><em>alacris</em></strong></span> <span class='ocrx_word' id='word_1_708' title='bbox 3042 3911 3269 3968; x_wconf 89' lang='lat' dir='ltr'><strong><em>alacres</em></strong></span> <span class='ocrx_word' id='word_1_709' title='bbox 3291 3913 3520 3972; x_wconf 90' lang='lat' dir='ltr'><strong><em>emittit.</em></strong></span> 
     </span>
    </p>
   </div>
   <div class='ocr_carea' id='block_1_102' title="bbox 1877 3994 3521 4071">
    <p class='ocr_par' dir='ltr' id='par_1_102' title="bbox 1877 3994 3521 4071">
     <span class='ocr_line' id='line_1_102' title="bbox 1877 3994 3521 4071; baseline 0.004 -21"><span class='ocrx_word' id='word_1_710' title='bbox 1877 3994 1962 4052; x_wconf 93' lang='lat' dir='ltr'><strong><em>Illi</em></strong></span> <span class='ocrx_word' id='word_1_711' title='bbox 1996 4000 2193 4050; x_wconf 90' lang='lat' dir='ltr'><strong><em>autem</em></strong></span> <span class='ocrx_word' id='word_1_712' title='bbox 2226 4010 2362 4049; x_wconf 92' lang='lat' dir='ltr'><strong><em>cum</em></strong></span> <span class='ocrx_word' id='word_1_713' title='bbox 2388 3999 2571 4050; x_wconf 88' lang='lat' dir='ltr'><strong><em>totam</em></strong></span> <span class='ocrx_word' id='word_1_714' title='bbox 2605 4011 2740 4067; x_wconf 74' lang='lat' dir='ltr'><strong><em>quae</em></strong></span> <span class='ocrx_word' id='word_1_715' title='bbox 2765 3996 3184 4065; x_wconf 88' lang='lat' dir='ltr'><strong><em>intercedebat,</em></strong></span> <span class='ocrx_word' id='word_1_716' title='bbox 3218 4001 3521 4071; x_wconf 86' lang='lat' dir='ltr'><strong><em>regionem</em></strong></span> 
     </span>
    </p>
   </div>
   <div class='ocr_carea' id='block_1_103' title="bbox 1875 4082 3523 4162">
    <p class='ocr_par' dir='ltr' id='par_1_103' title="bbox 1875 4082 3523 4162">
     <span class='ocr_line' id='line_1_103' title="bbox 1875 4082 3523 4162; baseline 0.005 -24"><span class='ocrx_word' id='word_1_717' title='bbox 1875 4083 2139 4138; x_wconf 79' lang='lat' dir='ltr'><strong><em>maxima</em></strong></span> <span class='ocrx_word' id='word_1_718' title='bbox 2169 4082 2566 4154; x_wconf 87' lang='lat' dir='ltr'><strong><em>pervasissent</em></strong></span> <span class='ocrx_word' id='word_1_719' title='bbox 2603 4083 2916 4152; x_wconf 90' lang='lat' dir='ltr'><strong><em>celeritate,</em></strong></span> <span class='ocrx_word' id='word_1_720' title='bbox 2948 4086 3191 4143; x_wconf 84' lang='lat' dir='ltr'><strong><em>veniunt</em></strong></span> <span class='ocrx_word' id='word_1_721' title='bbox 3215 4088 3273 4143; x_wconf 89' lang='lat' dir='ltr'><strong><em>iu</em></strong></span> <span class='ocrx_word' id='word_1_722' title='bbox 3302 4089 3523 4162; x_wconf 87' lang='lat' dir='ltr'><strong><em>Cappa-</em></strong></span> 
     </span>
    </p>
   </div>
   <div class='ocr_carea' id='block_1_104' title="bbox 1875 4172 3522 4246">
    <p class='ocr_par' dir='ltr' id='par_1_104' title="bbox 1875 4172 3522 4246">
     <span class='ocr_line' id='line_1_104' title="bbox 1875 4172 3522 4246; baseline 0.005 -20"><span class='ocrx_word' id='word_1_723' title='bbox 1875 4174 2095 4228; x_wconf 90' lang='lat' dir='ltr'><strong><em>docum</em></strong></span> <span class='ocrx_word' id='word_1_724' title='bbox 2125 4172 2426 4238; x_wconf 90' lang='lat' dir='ltr'><strong><em>regionem</em></strong></span> <span class='ocrx_word' id='word_1_725' title='bbox 2460 4187 2473 4225; x_wconf 93' lang='lat'><strong>:</strong></span> <span class='ocrx_word' id='word_1_726' title='bbox 2506 4177 2720 4226; x_wconf 91' lang='lat' dir='ltr'><strong><em>etcum</em></strong></span> <span class='ocrx_word' id='word_1_727' title='bbox 2748 4173 3074 4230; x_wconf 83' lang='lat' dir='ltr'><strong><em>audiissent</em></strong></span> <span class='ocrx_word' id='word_1_728' title='bbox 3101 4176 3431 4246; x_wconf 89' lang='lat' dir='ltr'><strong><em>Longinum</em></strong></span> <span class='ocrx_word' id='word_1_729' title='bbox 3459 4177 3522 4234; x_wconf 90' lang='lat' dir='ltr'><strong><em>in</em></strong></span> 
     </span>
    </p>
   </div>
   <div class='ocr_carea' id='block_1_105' title="bbox 1875 4259 3522 4337">
    <p class='ocr_par' dir='ltr' id='par_1_105' title="bbox 1875 4259 3522 4337">
     <span class='ocr_line' id='line_1_105' title="bbox 1875 4259 3522 4337; baseline 0.005 -22"><span class='ocrx_word' id='word_1_730' title='bbox 1875 4259 2140 4332; x_wconf 89' lang='lat' dir='ltr'><strong><em>quodam</em></strong></span> <span class='ocrx_word' id='word_1_731' title='bbox 2160 4273 2304 4328; x_wconf 88' lang='lat' dir='ltr'><strong><em>agro</em></strong></span> <span class='ocrx_word' id='word_1_732' title='bbox 2326 4263 2575 4330; x_wconf 89' lang='lat' dir='ltr'><strong><em>paterno</em></strong></span> <span class='ocrx_word' id='word_1_733' title='bbox 2597 4274 2772 4329; x_wconf 88' lang='lat' dir='ltr'><strong><em>agere</em></strong></span> <span class='ocrx_word' id='word_1_734' title='bbox 2793 4262 2976 4317; x_wconf 87' lang='lat' dir='ltr'><strong><em>vitam</em></strong></span> <span class='ocrx_word' id='word_1_735' title='bbox 2999 4262 3077 4318; x_wconf 88' lang='lat' dir='ltr'><strong><em>ab</em></strong></span> <span class='ocrx_word' id='word_1_736' title='bbox 3098 4265 3262 4321; x_wconf 91' lang='lat' dir='ltr'><strong><em>omni</em></strong></span> <span class='ocrx_word' id='word_1_737' title='bbox 3285 4266 3522 4337; x_wconf 89' lang='lat' dir='ltr'><strong><em>negotio</em></strong></span> 
     </span>
    </p>
   </div>
   <div class='ocr_carea' id='block_1_106' title="bbox 1875 4347 3526 4418">
    <p class='ocr_par' dir='ltr' id='par_1_106' title="bbox 1875 4347 3526 4418">
     <span class='ocr_line' id='line_1_106' title="bbox 1875 4347 3526 4418; baseline 0.004 -14"><span class='ocrx_word' id='word_1_738' title='bbox 1875 4355 2188 4413; x_wconf 88' lang='lat' dir='ltr'><strong><em>remotam,</em></strong></span> <span class='ocrx_word' id='word_1_739' title='bbox 2222 4347 2416 4404; x_wconf 87' lang='lat' dir='ltr'><strong><em>statim</em></strong></span> <span class='ocrx_word' id='word_1_740' title='bbox 2455 4348 2704 4403; x_wconf 85' lang='lat' dir='ltr'><strong><em>veniunt</em></strong></span> <span class='ocrx_word' id='word_1_741' title='bbox 2731 4349 2790 4404; x_wconf 87' lang='lat' dir='ltr'><strong><em>in</em></strong></span> <span class='ocrx_word' id='word_1_742' title='bbox 2821 4364 3056 4418; x_wconf 87' lang='lat' dir='ltr'><strong><em>agrum,</em></strong></span> <span class='ocrx_word' id='word_1_743' title='bbox 3112 4357 3168 4408; x_wconf 91' lang='lat' dir='ltr'><strong><em>et</em></strong></span> <span class='ocrx_word' id='word_1_744' title='bbox 3210 4369 3348 4410; x_wconf 94' lang='lat' dir='ltr'><strong><em>cum</em></strong></span> <span class='ocrx_word' id='word_1_745' title='bbox 3375 4355 3526 4411; x_wconf 89' lang='lat' dir='ltr'><strong><em>Lon-</em></strong></span> 
     </span>
    </p>
   </div>
   <div class='ocr_carea' id='block_1_107' title="bbox 1876 4436 3521 4514">
    <p class='ocr_par' dir='ltr' id='par_1_107' title="bbox 1876 4436 3521 4514">
     <span class='ocr_line' id='line_1_107' title="bbox 1876 4436 3521 4514; baseline 0.005 -22"><span class='ocrx_word' id='word_1_746' title='bbox 1876 4439 2016 4509; x_wconf 90' lang='lat' dir='ltr'><strong><em>gino</em></strong></span> <span class='ocrx_word' id='word_1_747' title='bbox 2059 4453 2365 4492; x_wconf 89' lang='lat' dir='ltr'><strong><em>sermones</em></strong></span> <span class='ocrx_word' id='word_1_748' title='bbox 2419 4436 2742 4500; x_wconf 88' lang='lat' dir='ltr'><strong><em>conferunt,</em></strong></span> <span class='ocrx_word' id='word_1_749' title='bbox 2795 4439 3122 4496; x_wconf 86' lang='lat' dir='ltr'><strong><em>nescientes</em></strong></span> <span class='ocrx_word' id='word_1_750' title='bbox 3173 4457 3310 4499; x_wconf 91' lang='lat' dir='ltr'><strong><em>eum</em></strong></span> <span class='ocrx_word' id='word_1_751' title='bbox 3362 4459 3521 4514; x_wconf 87' lang='lat' dir='ltr'><strong><em>esse,</em></strong></span> 
     </span>
    </p>
   </div>
   <div class='ocr_carea' id='block_1_108' title="bbox 1878 4525 3524 4602">
    <p class='ocr_par' dir='ltr' id='par_1_108' title="bbox 1878 4525 3524 4602">
     <span class='ocr_line' id='line_1_108' title="bbox 1878 4525 3524 4602; baseline 0.005 -20"><span class='ocrx_word' id='word_1_752' title='bbox 1878 4531 2120 4599; x_wconf 90' lang='lat' dir='ltr'><strong><em>propter</em></strong></span> <span class='ocrx_word' id='word_1_753' title='bbox 2144 4542 2326 4598; x_wconf 90' lang='lat' dir='ltr'><strong><em>quem</em></strong></span> <span class='ocrx_word' id='word_1_754' title='bbox 2353 4531 2471 4581; x_wconf 92' lang='lat' dir='ltr'><strong><em>tam</em></strong></span> <span class='ocrx_word' id='word_1_755' title='bbox 2497 4541 2748 4595; x_wconf 89' lang='lat' dir='ltr'><strong><em>magnos</em></strong></span> <span class='ocrx_word' id='word_1_756' title='bbox 2768 4525 3002 4584; x_wconf 91' lang='lat' dir='ltr'><strong><em>labores</em></strong></span> <span class='ocrx_word' id='word_1_757' title='bbox 3024 4531 3443 4602; x_wconf 86' lang='lat' dir='ltr'><strong><em>suscepissent,</em></strong></span> <span class='ocrx_word' id='word_1_758' title='bbox 3467 4537 3524 4590; x_wconf 93' lang='lat' dir='ltr'><strong><em>et</em></strong></span> 
     </span>
    </p>
   </div>
   <div class='ocr_carea' id='block_1_109' title="bbox 1876 4614 3520 4692">
    <p class='ocr_par' dir='ltr' id='par_1_109' title="bbox 1876 4614 3520 4692">
     <span class='ocr_line' id='line_1_109' title="bbox 1876 4614 3520 4692; baseline 0.004 -21"><span class='ocrx_word' id='word_1_759' title='bbox 1876 4617 1982 4671; x_wconf 90' lang='lat' dir='ltr'><strong><em>iter</em></strong></span> <span class='ocrx_word' id='word_1_760' title='bbox 2001 4614 2414 4671; x_wconf 86' lang='lat' dir='ltr'><strong><em>confecissent.</em></strong></span> <span class='ocrx_word' id='word_1_761' title='bbox 2440 4614 2603 4670; x_wconf 91' lang='lat' dir='ltr'><strong><em>Unde</em></strong></span> <span class='ocrx_word' id='word_1_762' title='bbox 2620 4614 2795 4671; x_wconf 88' lang='lat' dir='ltr'><strong><em>etiam</em></strong></span> <span class='ocrx_word' id='word_1_763' title='bbox 2814 4615 2980 4672; x_wconf 91' lang='lat' dir='ltr'><strong><em>illum</em></strong></span> <span class='ocrx_word' id='word_1_764' title='bbox 3000 4616 3093 4689; x_wconf 90' lang='lat' dir='ltr'><strong><em>ips</em></strong></span> <span class='ocrx_word' id='word_1_765' title='bbox 3103 4619 3520 4692; x_wconf 84' lang='lat' dir='ltr'><strong><em>umrogabant,</em></strong></span> 
     </span>
    </p>
   </div>
   <div class='ocr_carea' id='block_1_110' title="bbox 1876 4704 3524 4778">
    <p class='ocr_par' dir='ltr' id='par_1_110' title="bbox 1876 4704 3524 4778">
     <span class='ocr_line' id='line_1_110' title="bbox 1876 4704 3524 4778; baseline 0.004 -18"><span class='ocrx_word' id='word_1_766' title='bbox 1876 4704 2158 4777; x_wconf 88' lang='lat' dir='ltr'><strong><em>quisnam</em></strong></span> <span class='ocrx_word' id='word_1_767' title='bbox 2191 4708 2345 4758; x_wconf 91' lang='lat' dir='ltr'><strong><em>esset</em></strong></span> <span class='ocrx_word' id='word_1_768' title='bbox 2366 4704 2682 4775; x_wconf 89' lang='lat' dir='ltr'><strong><em>Longinus,</em></strong></span> <span class='ocrx_word' id='word_1_769' title='bbox 2711 4710 2767 4759; x_wconf 91' lang='lat' dir='ltr'><strong><em>et</em></strong></span> <span class='ocrx_word' id='word_1_770' title='bbox 2791 4705 2848 4759; x_wconf 91' lang='lat' dir='ltr'><strong><em>in</em></strong></span> <span class='ocrx_word' id='word_1_771' title='bbox 2877 4721 3146 4776; x_wconf 86' lang='lat' dir='ltr'><strong><em>quonam</em></strong></span> <span class='ocrx_word' id='word_1_772' title='bbox 3170 4709 3394 4778; x_wconf 76' lang='lat' dir='ltr'><strong><em>praedio</em></strong></span> <span class='ocrx_word' id='word_1_773' title='bbox 3419 4710 3524 4768; x_wconf 86' lang='lat' dir='ltr'><strong><em>ha-</em></strong></span> 
     </span>
    </p>
   </div>
   <div class='ocr_carea' id='block_1_111' title="bbox 1876 4792 3519 4867">
    <p class='ocr_par' dir='ltr' id='par_1_111' title="bbox 1876 4792 3519 4867">
     <span class='ocr_line' id='line_1_111' title="bbox 1876 4792 3519 4867; baseline 0.003 -18"><span class='ocrx_word' id='word_1_774' title='bbox 1876 4794 2106 4849; x_wconf 90' lang='lat' dir='ltr'><strong><em>bitaret.</em></strong></span> <span class='ocrx_word' id='word_1_775' title='bbox 2144 4793 2477 4864; x_wconf 89' lang='lat' dir='ltr'><strong><em>Longinum</em></strong></span> <span class='ocrx_word' id='word_1_776' title='bbox 2507 4792 2665 4848; x_wconf 91' lang='lat' dir='ltr'><strong><em>enim</em></strong></span> <span class='ocrx_word' id='word_1_777' title='bbox 2706 4793 3023 4850; x_wconf 89' lang='lat' dir='ltr'><strong><em>studebant</em></strong></span> <span class='ocrx_word' id='word_1_778' title='bbox 3067 4795 3220 4850; x_wconf 89' lang='lat' dir='ltr'><strong><em>clam</em></strong></span> <span class='ocrx_word' id='word_1_779' title='bbox 3252 4798 3519 4867; x_wconf 87' lang='lat' dir='ltr'><strong><em>aggredi,</em></strong></span> 
     </span>
    </p>
   </div>
   <div class='ocr_carea' id='block_1_112' title="bbox 1878 4881 3524 4954">
    <p class='ocr_par' dir='ltr' id='par_1_112' title="bbox 1878 4881 3524 4954">
     <span class='ocr_line' id='line_1_112' title="bbox 1878 4881 3524 4954; baseline 0.003 -15"><span class='ocrx_word' id='word_1_780' title='bbox 1878 4883 2145 4939; x_wconf 89' lang='lat' dir='ltr'><strong><em>timentes</em></strong></span> <span class='ocrx_word' id='word_1_781' title='bbox 2167 4898 2239 4936; x_wconf 90' lang='lat' dir='ltr'><strong><em>ne</em></strong></span> <span class='ocrx_word' id='word_1_782' title='bbox 2266 4881 2515 4937; x_wconf 88' lang='lat' dir='ltr'><strong><em>salutem</em></strong></span> <span class='ocrx_word' id='word_1_783' title='bbox 2539 4881 2645 4936; x_wconf 91' lang='lat' dir='ltr'><strong><em>sibi</em></strong></span> <span class='ocrx_word' id='word_1_784' title='bbox 2667 4881 2806 4952; x_wconf 84' lang='lat' dir='ltr'><strong><em>fuga</em></strong></span> <span class='ocrx_word' id='word_1_785' title='bbox 2825 4889 3134 4954; x_wconf 82' lang='lat' dir='ltr'><strong><em>quaereret.</em></strong></span> <span class='ocrx_word' id='word_1_786' title='bbox 3160 4886 3524 4954; x_wconf 87' lang='lat' dir='ltr'><strong><em>lgnorabant</em></strong></span> 
     </span>
    </p>
   </div>
   <div class='ocr_carea' id='block_1_113' title="bbox 1877 4969 3517 5044">
    <p class='ocr_par' dir='ltr' id='par_1_113' title="bbox 1877 4969 3517 5044">
     <span class='ocr_line' id='line_1_113' title="bbox 1877 4969 3517 5044; baseline 0.003 -18"><span class='ocrx_word' id='word_1_787' title='bbox 1877 4977 2076 5026; x_wconf 90' lang='lat' dir='ltr'><strong><em>autem</em></strong></span> <span class='ocrx_word' id='word_1_788' title='bbox 2104 4986 2240 5026; x_wconf 90' lang='lat' dir='ltr'><strong><em>eum</em></strong></span> <span class='ocrx_word' id='word_1_789' title='bbox 2269 4970 2456 5040; x_wconf 86' lang='lat' dir='ltr'><strong><em>magis</em></strong></span> <span class='ocrx_word' id='word_1_790' title='bbox 2486 4969 2723 5025; x_wconf 90' lang='lat' dir='ltr'><strong><em>studere</em></strong></span> <span class='ocrx_word' id='word_1_791' title='bbox 2754 4976 2814 5024; x_wconf 90' lang='lat' dir='ltr'><strong><em>ut</em></strong></span> <span class='ocrx_word' id='word_1_792' title='bbox 2842 4976 3169 5041; x_wconf 89' lang='lat' dir='ltr'><strong><em>caperetur,</em></strong></span> <span class='ocrx_word' id='word_1_793' title='bbox 3200 4988 3383 5044; x_wconf 91' lang='lat' dir='ltr'><strong><em>quam</em></strong></span> <span class='ocrx_word' id='word_1_794' title='bbox 3416 4976 3517 5042; x_wconf 92' lang='lat' dir='ltr'><strong><em>illi,</em></strong></span> 
     </span>
    </p>
   </div>
   <div class='ocr_carea' id='block_1_114' title="bbox 1881 5057 3523 5131">
    <p class='ocr_par' dir='ltr' id='par_1_114' title="bbox 1881 5057 3523 5131">
     <span class='ocr_line' id='line_1_114' title="bbox 1881 5057 3523 5131; baseline 0.003 -16"><span class='ocrx_word' id='word_1_795' title='bbox 1881 5067 1942 5115; x_wconf 88' lang='lat' dir='ltr'><strong><em>ut</em></strong></span> <span class='ocrx_word' id='word_1_796' title='bbox 1969 5064 2264 5131; x_wconf 90' lang='lat' dir='ltr'><strong><em>caperent.</em></strong></span> <span class='ocrx_word' id='word_1_797' title='bbox 2299 5059 2643 5114; x_wconf 85' lang='lat' dir='ltr'><strong><em>imitabatur</em></strong></span> <span class='ocrx_word' id='word_1_798' title='bbox 2665 5057 2823 5114; x_wconf 89' lang='lat' dir='ltr'><strong><em>enim</em></strong></span> <span class='ocrx_word' id='word_1_799' title='bbox 2855 5064 3102 5114; x_wconf 91' lang='lat' dir='ltr'><strong><em>mortem</em></strong></span> <span class='ocrx_word' id='word_1_800' title='bbox 3134 5060 3288 5116; x_wconf 87' lang='lat' dir='ltr'><strong><em>illius</em></strong></span> <span class='ocrx_word' id='word_1_801' title='bbox 3313 5063 3523 5120; x_wconf 88' lang='lat' dir='ltr'><strong><em>volun-</em></strong></span> 
     </span>
    </p>
   </div>
   <div class='ocr_carea' id='block_1_115' title="bbox 1880 5145 3522 5219">
    <p class='ocr_par' dir='ltr' id='par_1_115' title="bbox 1880 5145 3522 5219">
     <span class='ocr_line' id='line_1_115' title="bbox 1880 5145 3522 5219; baseline 0.003 -16"><span class='ocrx_word' id='word_1_802' title='bbox 1880 5149 2111 5214; x_wconf 88' lang='lat' dir='ltr'><strong><em>tariam,</em></strong></span> <span class='ocrx_word' id='word_1_803' title='bbox 2151 5163 2332 5219; x_wconf 92' lang='lat' dir='ltr'><strong><em>quem</em></strong></span> <span class='ocrx_word' id='word_1_804' title='bbox 2375 5163 2514 5202; x_wconf 89' lang='lat' dir='ltr'><strong><em>cum</em></strong></span> <span class='ocrx_word' id='word_1_805' title='bbox 2545 5145 2786 5202; x_wconf 88' lang='lat' dir='ltr'><strong><em>vidisset</em></strong></span> <span class='ocrx_word' id='word_1_806' title='bbox 2826 5145 2888 5202; x_wconf 89' lang='lat' dir='ltr'><strong><em>in</em></strong></span> <span class='ocrx_word' id='word_1_807' title='bbox 2935 5163 3131 5214; x_wconf 90' lang='lat' dir='ltr'><strong><em>cruce,</em></strong></span> <span class='ocrx_word' id='word_1_808' title='bbox 3179 5149 3366 5206; x_wconf 92' lang='lat' dir='ltr'><strong><em>Deum</em></strong></span> <span class='ocrx_word' id='word_1_809' title='bbox 3409 5151 3522 5208; x_wconf 88' lang='lat' dir='ltr'><strong><em>fuit</em></strong></span> 
     </span>
    </p>
   </div>
   <div class='ocr_carea' id='block_1_116' title="bbox 1878 5235 3520 5309">
    <p class='ocr_par' dir='ltr' id='par_1_116' title="bbox 1878 5235 3520 5309">
     <span class='ocr_line' id='line_1_116' title="bbox 1878 5235 3520 5309; baseline 0.002 -15"><span class='ocrx_word' id='word_1_810' title='bbox 1878 5237 2182 5294; x_wconf 85' lang='lat' dir='ltr'><strong><em>confessus</em></strong></span> <span class='ocrx_word' id='word_1_811' title='bbox 2215 5258 2227 5290; x_wconf 89' lang='lat'><strong>:</strong></span> <span class='ocrx_word' id='word_1_812' title='bbox 2261 5239 2319 5290; x_wconf 90' lang='lat' dir='ltr'><strong><em>et</em></strong></span> <span class='ocrx_word' id='word_1_813' title='bbox 2347 5235 2653 5308; x_wconf 91' lang='lat' dir='ltr'><strong><em>quomodo</em></strong></span> <span class='ocrx_word' id='word_1_814' title='bbox 2685 5235 2949 5292; x_wconf 90' lang='lat' dir='ltr'><strong><em>Christus</em></strong></span> <span class='ocrx_word' id='word_1_815' title='bbox 2988 5241 3232 5309; x_wconf 90' lang='lat' dir='ltr'><strong><em>propter</em></strong></span> <span class='ocrx_word' id='word_1_816' title='bbox 3267 5253 3402 5306; x_wconf 90' lang='lat' dir='ltr'><strong><em>nos,</em></strong></span> <span class='ocrx_word' id='word_1_817' title='bbox 3433 5240 3520 5300; x_wconf 86' lang='lat' dir='ltr'><strong><em>ita</em></strong></span> 
     </span>
    </p>
   </div>
   <div class='ocr_carea' id='block_1_117' title="bbox 1880 5323 3308 5398">
    <p class='ocr_par' dir='ltr' id='par_1_117' title="bbox 1880 5323 3308 5398">
     <span class='ocr_line' id='line_1_117' title="bbox 1880 5323 3308 5398; baseline 0.001 -15"><span class='ocrx_word' id='word_1_818' title='bbox 1880 5325 2177 5396; x_wconf 89' lang='lat' dir='ltr'><strong><em>Longinus</em></strong></span> <span class='ocrx_word' id='word_1_819' title='bbox 2204 5329 2445 5398; x_wconf 90' lang='lat' dir='ltr'><strong><em>propter</em></strong></span> <span class='ocrx_word' id='word_1_820' title='bbox 2471 5323 2769 5380; x_wconf 88' lang='lat' dir='ltr'><strong><em>Christum</em></strong></span> <span class='ocrx_word' id='word_1_821' title='bbox 2797 5324 3022 5384; x_wconf 61' lang='lat' dir='ltr'><strong><em>eadem</em></strong></span> <span class='ocrx_word' id='word_1_822' title='bbox 3053 5325 3308 5390; x_wconf 78' lang='lat' dir='ltr'><strong><em>sitiebat.</em></strong></span> 
     </span>
    </p>
   </div>
  </div>
