4110 6272
502 322 571 376 35
1870 313 2015 370 ΜΕΝ
2024 311 2123 369 SIS

2260 310 2387 367 .RTI
2395 310 2502 369 US.
3790 305 3864 363 36

570 449 657 502 ιν.
692 448 835 502 Cum
860 460 1001 515 ergo
1030 442 1279 516 Spiritus
1302 446 1545 499 sanctus
1567 441 1667 497 illa
1694 441 1843 497 hora
1866 439 1921 495 ei
1943 436 2149 495 omnia
2180 437 2225 492 A

504 535 914 604 signiﬁcasset,
966 534 1182 588 sensim
1242 531 1318 588 ad
1347 533 1507 604 ipsos
1543 546 1881 594 conversus,
1929 526 2053 583 miti
2093 529 2149 581 et

502 625 619 679 leni
644 640 787 680 voce
820 623 960 678 dicit
991 639 1001 677 :
1056 643 1083 674 ‹‹
1117 622 1462 694 Sequimini,
1515 625 1570 676 et
1605 620 1731 692 ipse
1774 634 1933 684 eum,
1967 631 2143 688 quem

500 713 780 785 qumritis,
816 711 1125 767 ostendam
1154 713 1195 764 ’.
1243 732 1264 759 ι
1299 713 1460 765 Tunc
1500 725 1641 779 ergo
1672 708 1853 764 veluti
1894 705 2057 778 apud
2088 719 2149 758 se

502 800 710 857 laetans
740 800 835 855 ille
859 799 1065 855 beatus
1096 805 1151 854 et
1180 798 1357 853 futuri
1378 797 1667 868 gaudium
1695 796 2067 869 praecipiens,
2094 797 2151 848 et

502 894 638 946 ante
669 889 1013 961 martyrium
1040 892 1294 944 mortem
1326 888 1593 959 martyrii
1620 886 2008 958 amplectens,
2029 883 2151 937 haec

503 994 705 1034 secum
732 977 968 1032 dicebat
1000 992 1013 1031 :
1048 979 1237 1041 Quam
1268 976 1523 1047 speciosi
1550 975 1730 1047 pedes
1756 972 2153 1045 evangelizan-

500 1068 648 1123 tium
662 1066 822 1122 bona
838 1068 859 1100 ⁸
884 1064 895 1120 i
923 1069 1086 1121 Nunc
1100 1064 1313 1120 videbo
1331 1064 1511 1120 coelos
1524 1067 1780 1136 apertos.
1810 1066 1970 1118 Nunc
2000 1060 2153 1131 aspi-

504 1156 658 1211 ciam
687 1155 935 1224 gloriam
966 1154 1166 1209 Patris.
1217 1156 1404 1222 Nunc,
1459 1153 1609 1208 sicut
1654 1152 1883 1223 primus
1929 1155 2154 1220 martyr

504 1243 856 1315 Stephanus,
872 1244 995 1314 ipse
1016 1257 1257 1314 quoque
1271 1241 1467 1296 dicam
1488 1261 1500 1296 :
1523 1263 1551 1291 «
1569 1241 1814 1296 Domine
1835 1242 1972 1295 Jesu
1996 1238 2154 1295 Chri-

504 1339 610 1401 stc,
640 1332 841 1402 accipe
874 1331 1143 1401 spiritum
1190 1345 1391 1385 meum
1434 1330 1477 1394 ‘,
1510 1349 1537 1381 »
1590 1344 1772 1401 quem
1820 1327 2153 1383 clarissima

506 1436 647 1477 voce
673 1420 874 1476 audivi
906 1424 1150 1474 mortem
1183 1418 1257 1473 ad
1291 1434 1352 1473 se
1382 1422 1716 1473 vocantem.
1758 1419 1923 1472 Nunc
1954 1430 2155 1485 super-

504 1525 648 1567 nam
675 1509 1021 1573 Jerusalem,
1046 1507 1395 1576 angelorum
1418 1506 1660 1578 quidem
1680 1506 1957 1577 patriam,
1981 1505 2155 1559 totius

504 1603 707 1655 autem
737 1598 901 1653 chori
927 1602 1267 1653 sanctorum
1300 1594 1697 1667 metropolim,
1733 1610 1870 1649 cum
1900 1592 2155 1647 victoriae

503 1687 839 1761 plausibus,
873 1691 930 1741 et
954 1684 1216 1751 canticis,
1250 1688 1306 1740 et
1344 1683 1616 1753 gloriosis
1650 1683 1905 1754 tropaeis,
1950 1696 2157 1738 ascen-

2330 435 2399 490 Δ’.
2453 442 2555 487 Τοῦ
2605 436 2895 504 Πνεῦματος
2925 428 3012 483 οὖν
3056 438 3128 501 τῷ
3175 429 3308 501 ἁγίῳ
3352 429 3521 483 πάντα
3561 428 3677 482 κατ’
3705 428 3870 483 ἐκεῖνο

2258 530 2353 584 τῆς
2396 525 2529 597 ὧρας
2576 526 2941 594 γνωρίσαντος,
3002 519 3173 591 ἠρέμα
3226 522 3356 591 πρός
3390 518 3575 579 αὐτοὺς
3616 518 3867 593 ἐπιστρα-

2259 617 2381 684 φείς·
2428 611 2779 665 Ἀκολουθεῖτέ
2822 630 2932 680 μοι,
2983 609 3115 680 λέγει
3164 612 3355 682 πραεία
3398 616 3559 681 φωνῇ’,
3628 613 3718 661 καὶ
3776 612 3865 659 τόν

2259 702 2571 773 ζητούμενον
2629 700 2786 760 αὐτὸς
2838 695 3116 760 ὑποδείξω.
3176 701 3302 750 Τότε
3341 693 3449 765 οὖν,
3500 699 3673 770 ὥσπερ
3727 696 3860 749 ἐνευ-

2260 794 2586 864 φραινόμενος
2651 790 2675 839 6
2741 789 2998 861 μακάριος
3051 786 3216 856 ἐαυτῷ
3268 790 3357 837 καὶ
3429 793 3520 837 τοῦ
3590 784 3865 857 μέλλοντος

2259 880 2630 953 προαπολαύων
2682 885 2778 939 τῆς
2828 873 3023 937 ἡδονῆς
3076 880 3164 926 καὶ
3194 878 3293 948 πρὸ
3338 881 3429 927 τοῦ
3457 879 3743 947 μαρτυρίου
3776 879 3865 926 τὸν

2261 976 2351 1021 τοῦ
2399 972 2687 1041 μαρτυρίου
2738 968 2952 1018 θάνατον
3006 963 3389 1035 ἀσπαζόμενος,
3444 971 3665 1016 τοιαῦτα
3733 968 3867 1036 πρός

2263 1057 2440 1110 ἑαυτὸν
2491 1053 2741 1127 διελέγετο
2805 1053 2895 1114 Ὠς
2948 1056 3129 1127 ὡραῖοι
3196 1055 3243 1105 οἱ
3319 1048 3473 1113 πόδες
3544 1060 3642 1104 τῶν
3715 1052 3866 1123 εὐαγ-

2262 1146 2597 1218 γελιζομένων
2653 1148 2719 1196 τὰ
2779 1141 2994 1214 ἀγαθάὲ
3056 1149 3161 1194 Νῦν
3226 1144 3342 1202 τοὺς
3405 1141 3651 1213 οὐρανοὺς
3710 1141 3867 1212 ἀνεῳ-

2262 1239 2480 1306 γμένους
2536 1233 2749 1304 ὄψομαι·
2795 1239 2882 1282 νῦν
2933 1234 3194 1305 ἱστορήσω
3252 1234 3344 1288 τήν
3400 1226 3556 1292 δόξαν
3604 1238 3693 1282 τοῦ
3754 1238 3867 1283 Πα-

2262 1328 2401 1396 τρός·
2447 1330 2533 1373 νῦν
2592 1321 2667 1374 ἐπ’
2722 1324 2848 1382 ἴσης
2898 1328 2967 1391 τῷ
3016 1325 3200 1394 πρώτῳ
3252 1327 3351 1370 τῶν
3403 1322 3677 1393 μαρτύρων
3737 1327 3865 1372 Στε-

2265 1415 2422 1483 φάνῳ·
2484 1414 2640 1483 Κύριε
2690 1411 2867 1467 Ἰησοῦ
2926 1412 3143 1482 Χριστε,
3205 1406 3352 1470 δέξαι
3395 1412 3451 1460 τό
3504 1410 3704 1480 πνεῦμά
3740 1428 3866 1480 μου,

2264 1504 2354 1551 καὶ
2401 1499 2555 1560 αὐτὸς
2607 1498 2722 1572 ἐρῶ,
2779 1498 2839 1549 οὗ
2882 1497 3218 1572 λαμπροτάτῃ
3278 1505 3415 1569 φωνῇ
3491 1500 3576 1549 τόν
3650 1499 3867 1550 θάνατον

2264 1589 2533 1649 καλοῦντος
2575 1586 2650 1659 ἐφ’
2716 1586 2896 1639 ἑαυτὸν
2951 1585 3171 1645 ἀκήκοα·
3225 1594 3312 1638 νῦν
3379 1586 3721 1659 Ἰερουσαλήμ
3774 1594 3869 1647 τῆς

2268 1676 2527 1741 ἀνωτάτω,
2580 1683 2674 1737 τῆς
2727 1671 2981 1750 πατρίδος
3034 1679 3123 1748 μὲν
3174 1683 3274 1727 τῶν
3350 1673 3597 1747 ἀγγέλων,
3653 1683 3743 1728 τοῦ
3804 1673 3867 1729 δὲ

507 1777 670 1832 dam.
702 1776 868 1830 Nunc
902 1790 1050 1830 exuo
1076 1790 1107 1830 e
1131 1773 1255 1829 luto
1286 1773 1616 1829 confectam
1657 1771 1942 1839 tunicam,
1984 1775 2039 1826 et
2075 1770 2151 1825 la-

2266 1774 2365 1818 τῶν
2418 1765 2576 1836 ἁγίων
2619 1772 2787 1837 χοροῦ
2834 1768 3017 1825 παντός
3061 1764 3442 1840 μητροπόλεως,
3491 1766 3621 1835 μετὰ
3663 1769 3864 1839 κρότων

509 1864 852 1921 mentabilia
876 1864 1115 1934 depono
1142 1861 1339 1917 carnis
1366 1860 1624 1917 vincula.
1648 1864 1813 1916 Nunc
1836 1860 2056 1916 liberor
2082 1858 2158 1914 ab

506 1954 742 2009 interitu
773 1958 829 2007 et
850 1953 1251 2023 corruptione,
1284 1956 1340 2006 et
1363 1951 1527 2005 laetus
1552 1950 1738 2005 induo
1767 1948 2159 2021 incorruptio-

506 2057 666 2097 nem.
709 2040 987 2110 Egredior
1025 2056 1055 2096 e
1095 2040 1216 2096 vita
1256 2039 1484 2095 caduca
1522 2044 1578 2094 et
1628 2043 2066 2103 momentanea,
2108 2037 2163 2092 et

507 2146 580 2186 ex
608 2133 980 2201 tempestate,
1018 2130 1185 2199 cujus
1217 2132 1356 2183 sunt
1386 2127 1590 2197 magni
1618 2126 1835 2183 ﬂuctus
1874 2132 1929 2182 et
1959 2127 2165 2197 gravia

505 2218 835 2288 naufragia,
868 2223 922 2273 et
947 2218 1120 2273 venio
1161 2217 1236 2272 ad
1264 2232 1474 2271 verum
1505 2221 1561 2272 et
1590 2215 1785 2272 solum
1816 2221 2075 2287 portum,
2103 2215 2161 2271 in

504 2323 625 2381 quo
662 2308 784 2363 vita
820 2312 911 2362 est
940 2306 1018 2362 ab
1058 2306 1223 2362 omni
1281 2305 1507 2360 tristitia
1549 2310 1779 2361 remota
1824 2310 1880 2360 et
1918 2310 2158 2362 aeterna.

503 2396 742 2462 Laetare,
785 2396 1009 2459 anima,
1061 2410 1197 2467 quea
1247 2394 1416 2450 vadis
1458 2393 1534 2449 ad
1572 2398 1741 2449 tuum
1799 2392 2159 2452 effectorem.

504 2484 758 2541 Ostende
779 2486 995 2551 laetam,
1020 2489 1284 2555 tempore
1307 2484 1364 2538 id
1388 2482 1745 2555 postulante,
1772 2482 2005 2537 faciem.
2027 2484 2157 2550 Eos,

505 2574 609 2646 qui
636 2573 743 2629 tibi
783 2578 865 2628 tot
894 2574 1053 2627 bona
1085 2572 1422 2637 conciliant,
1476 2587 1512 2626 o
1570 2570 1849 2639 Longine,
1903 2569 2159 2639 benigne

505 2663 731 2733 excipe.
779 2664 889 2717 Eos
932 2661 1032 2732 qui
1076 2676 1186 2715 nos
1231 2661 1307 2716 ad
1351 2676 1583 2715 coenam
1616 2664 1834 2714 vocant
1871 2657 2154 2729 regalem,

504 2749 667 2807 lauto
698 2755 751 2806 et
787 2749 1108 2821 magniﬁco
1140 2749 1506 2822 accipiamus
1533 2748 1827 2806 convivio.

574 3016 639 3072 ν.
681 3019 814 3073 Haec
861 3032 997 3072 cum
1048 3015 1209 3088 apud
1250 3033 1310 3071 se
1368 3016 1603 3072 locutus
1634 3017 1789 3071 esset
1838 3014 2160 3096 Longinus,

2267 1858 2525 1907 ἐπινικίων
2570 1859 2660 1906 καὶ
2716 1862 3004 1926 περιφανῶν
3046 1861 3144 1904 τῶν
3192 1857 3451 1925 τροπαίων
3501 1850 3701 1912 ήδιστα
3745 1852 3865 1905 ἐπι-

2268 1943 2520 2016 ϐήσομαι’
2580 1951 2668 1994 νῦν
2722 1940 3024 2014 ἀποδύομαι
3079 1945 3165 1993 τόν
3217 1941 3430 1999 πήλινον
3485 1950 3711 2013 χιτῶνα,
3775 1948 3868 1995 καὶ

2269 2036 2384 2093 τοὺς
2436 2032 2879 2092 πολυστενάκτους
2930 2038 3022 2092 τῆς
3079 2034 3271 2105 σαρκός
3350 2027 3578 2103 δεσμοὺς
3629 2030 3869 2084 ἀποτίθε-

2270 2120 2384 2195 μαι·
2435 2120 2823 2193 ἀπαλλάττομαι
2879 2128 2968 2181 τῆς
3024 2121 3236 2194 φθορᾶς,
3287 2124 3376 2172 καὶ
3424 2124 3517 2178 τήν
3572 2119 3868 2194 ἀφθαρσίαν

2268 2216 2469 2286 χαίρων
2524 2206 2790 2283 ἐνδύομαι·
2848 2208 3008 2281 ἔξειμι
3056 2216 3146 2260 τοῦ
3215 2212 3541 2283 προσκαίρου
3592 2206 3719 2280 βίου
3777 2215 3871 2261 καὶ

2269 2308 2359 2353 τοῦ
2411 2308 2688 2372 χειμῶνος,
2748 2296 2806 2351 οὗ
2847 2298 3043 2371 μεγάλα
3090 2299 3155 2349 τά
3197 2300 3406 2369 κύματα
3433 2301 3518 2348 xui
3566 2297 3777 2369 χαλεπά
3806 2301 3872 2350 ’ιά

2268 2391 2512 2460 ναυάγια,
2562 2393 2651 2440 καὶ
2698 2391 2824 2462 πρὸς
2862 2390 2947 2439 τόν
2988 2386 3151 2444 ἀληθῆ
3204 2391 3293 2438 καὶ
3350 2390 3502 2456 μόνον
3552 2385 3869 2459 ἀφικνοῦμαι

2268 2475 2463 2547 λιμένα,
2519 2476 2566 2528 'ao
2726 2477 2832 2537 ζωή
2890 2475 3087 2537 ἄλυπος
3135 2480 3225 2527 xui
3282 2474 3507 2540 αἰώνιος,
3572 2476 3865 2548 Εὐφραίνου

2266 2569 2397 2637 πρὸς
2442 2569 2526 2618 τόν
2589 2568 2677 2618 σὸν
2734 2565 3087 2638 ἀπερχομένη,
3140 2563 3319 2636 ψυχή,
3376 2570 3625 2623 Ποιητήν·
3697 2564 3863 2628 δεῖξον

2269 2651 2510 2729 φαιδρὸν,
2558 2662 2748 2727 καιροῦ
2776 2653 3072 2717 καλοῦντος,
3114 2656 3172 2705 1'6
3225 2656 3522 2725 πρόσωπον’
3571 2658 3693 2715 τοὺς
3734 2674 3862 2727 προ-

2268 2743 2439 2805 ξένους
2468 2763 2551 2796 σοι
2580 2752 2678 2795 τῶν
2704 2745 2964 2795 τοσούτων
2997 2742 3226 2813 ἀγαθῶν.
3260 2748 3501 2812 Λογγῖνε,
3550 2742 3861 2816 φιλοφρόνως

2266 2829 2537 2895 ὑπόδεξαι·
2598 2835 2717 2894 τοὺς
2774 2830 2856 2883 ἐπὶ
2904 2834 2959 2883 τό
3034 2828 3237 2883 δεῖπνον
3286 2833 3424 2904 ἡμᾶς
3475 2831 3757 2894 καλοῦντας
3802 2833 3861 2884 τό

2272 2918 2546 2993 βασιλικόν
2572 2918 2858 2981 πολυτελῶς
2880 2919 3224 2993 ἐστιάσωμαι.

2338 3011 2412 3064 Ε’.
2469 3018 2646 3064 Ταῦτα
2700 3013 2829 3083 πρὸς
2886 3008 3066 3061 ἑαυτὸν
3141 3010 3166 3060 ό
3238 3015 3487 3080 Λογγῖνος
3549 3005 3860 3082 διαλεχθεὶς,

503 3121 625 3171 eos,
652 3106 753 3177 qui
778 3105 847 3161 ad
870 3104 1069 3176 ipsum
1090 3110 1401 3170 venerant,
1427 3104 1623 3160 statim
1647 3104 1807 3159 ducit
1832 3104 1891 3159 in
1909 3103 2151 3160 domum

2269 3107 2385 3160 τοῦς
2437 3101 2512 3152 ἐπ’
2563 3100 2714 3151 αὐτόν
2769 3099 3006 3158 ἐλθόντας
3060 3098 3130 3160 εἰς
3185 3102 3270 3149 τόν
3317 3095 3457 3151 ἴδιον
3511 3099 3661 3159 εὐθὺς
3728 3095 3864 3151 οἶκον

501 3210 692 3257 suam,
725 3198 782 3249 et
820 3210 954 3249 cum
984 3194 1243 3266 hospitio
1271 3193 1553 3266 praeclare
1580 3193 1925 3264 accepisset,
1950 3192 2156 3263 incipit

501 3282 716 3339 deinde
728 3297 936 3352 rogare
951 3288 1082 3355 post
1096 3299 1330 3339 orenam
1349 3300 1457 3339 cur
1474 3283 1787 3347 venissent,
1805 3286 1859 3337 et
1872 3297 2155 3352 quaenam

499 3377 656 3427 esset
703 3377 866 3428 tanta
900 3373 1142 3442 Longini
1168 3372 1495 3443 inquisitio.
1528 3371 1613 3425 Illi
1645 3376 1867 3437 autem,
1896 3385 2034 3423 cum
2068 3385 2157 3424 sa-

500 3467 893 3526 cramentum,
928 3465 1215 3532 tanquam
1248 3460 1494 3531 aliquod
1526 3459 1738 3529 pignus
1779 3457 1855 3512 ab
1886 3473 1956 3512 eo
1990 3473 2154 3512 acce-

497 3546 745 3617 pissent,
774 3562 897 3601 non
927 3562 1060 3602 esse
1100 3546 1562 3618 publicaturum,
1604 3561 1739 3617 quas
1779 3544 1830 3599 ei
1867 3544 2147 3608 dicerent,

497 3650 690 3707 neque
717 3641 1007 3690 secretum
1030 3651 1157 3689 esse
1187 3643 1548 3705 aperturum,
1577 3635 1781 3690 dicunt
1810 3651 1945 3707 quae
1970 3634 2150 3691 Pilato

499 3724 715 3792 scripta
751 3723 982 3778 fuerant
1023 3740 1059 3778 a
1096 3724 1339 3789 Caesare,
1386 3729 1441 3777 et
1490 3723 1654 3794 quod
1701 3724 2019 3788 venissent,
2088 3728 2152 3779 ut

500 3810 743 3879 Longini
774 3826 911 3865 cum
933 3810 1170 3865 duobus
1202 3809 1488 3865 militibus
1519 3810 1715 3881 capita
1746 3814 2145 3880 amputarent.

496 3899 641 3954 Cum
671 3903 869 3954 autem
891 3898 1176 3963 scivisset,
1202 3898 1450 3970 quinam
1479 3903 1681 3954 essent
1701 3915 1836 3953 cum
1866 3898 1996 3969 ipso
2025 3915 2149 3954 mo-

496 3986 681 4053 rituri,
724 3987 802 4041 illi
843 3986 1059 4042 scilicet
1087 3988 1190 4058 qui
1238 3986 1497 4043 Judaicre
1545 3986 1799 4042 mercedi
1851 3986 2148 4041 Christum

495 4081 960 4147 praeposuerant,
994 4076 1468 4147 signiﬁcaviteis,
1493 4076 1596 4148 qui
1617 4091 1739 4131 non
1779 4075 1880 4130 diu
1906 4078 2043 4131 ante
2069 4075 2147 4130 ab

497 4180 567 4219 eo
597 4165 1009 4235 discesserant,
1040 4170 1104 4220 ut
1128 4165 1456 4237 primorum
1483 4165 1781 4221 bonorum
1804 4170 1999 4220 essent
2030 4164 2144 4222 sibi

498 4252 660 4308 socii.
696 4256 961 4325 Cumque
996 4253 1177 4309 semel
1212 4259 1386 4326 atque
1420 4254 1632 4310 iterum
1677 4270 1798 4320 eos,
1840 4254 1943 4326 qui
1983 4252 2146 4308 missi

496 4341 724 4398 fuerant
769 4358 805 4398 a
852 4342 1049 4413 Pilato,
1106 4343 1368 4415 hospitio
1422 4343 1737 4411 magniﬁce
1790 4341 2142 4412 accepisset,

494 4431 775 4502 postridie
815 4446 916 4486 eos
952 4432 1179 4486 ducens
1221 4433 1280 4485 in
1325 4446 1556 4500 agrum,
1592 4430 1979 4500 exspectabat
2015 4447 2139 4496 eos,

495 4534 646 4589 quos
673 4520 1080 4573 accersiverat.
1114 4520 1261 4573 Cum
1293 4523 1492 4573 autem
1530 4519 1853 4589 accepisset
1883 4534 1985 4573 eos
2014 4519 2142 4587 jam

495 4608 995 4680 appropinquare,
1031 4606 1227 4663 statim
1258 4608 1573 4663 annuntiat
1597 4608 1668 4662 iis
1700 4607 1803 4679 qui
1831 4607 1998 4662 missi
2021 4607 2143 4663 fue-

494 4701 630 4751 rant
658 4712 693 4752 a
722 4696 904 4752 Pilato
932 4712 945 4751 :
976 4699 1095 4768 Ego
1132 4713 1286 4760 sum,
1322 4696 1425 4768 qui
1451 4712 1486 4751 a
1511 4696 1679 4751 vobis
1711 4711 1964 4768 quaeror,
1995 4696 2141 4752 Lon-

496 4783 694 4853 ginus.
727 4784 811 4840 llli
836 4791 1037 4841 autem
1075 4785 1338 4856 primum
1370 4784 1613 4856 quidem
1644 4801 1763 4840 non
1794 4784 2135 4841 credebant.

495 4873 805 4936 Quomodo
845 4872 1004 4927 enim
1043 4872 1476 4927 existimassent
1504 4889 1640 4928 eum
1681 4889 1832 4938 esse,
1874 4874 1977 4944 qui
2016 4879 2140 4931 erat

495 4977 801 5031 passurus,
830 4977 967 5016 cum
993 4977 1131 5016 eum
1157 4960 1421 5016 viderent
1442 4966 1564 5017 tam
1585 4960 1783 5017 laetum
1813 4962 1887 5017 ad
1913 4963 2138 5034 pericu-

491 5048 617 5104 lum
646 5050 673 5105 ?
702 5050 1023 5122 Postquam
1056 5054 1256 5105 autem
1288 5055 1441 5105 recte
1472 5050 1769 5105 sciverunt
1807 5050 1974 5106 illum
2006 5068 2137 5107 esse

492 5141 546 5192 et
572 5137 733 5193 nulla
762 5139 842 5193 eis
872 5138 981 5193 fuit
1010 5138 1207 5194 relicta
1236 5138 1545 5203 dubitatio,
1577 5154 1732 5207 aegre
1758 5138 2043 5206 ferebant,
2080 5147 2136 5197 et

492 5242 526 5281 a
552 5225 912 5281 conscientia
944 5227 1157 5283 multas
1184 5226 1392 5298 plagas
1424 5226 1810 5298 accipiebant,
1838 5227 1984 5299 quid
2014 5244 2133 5283 non

490 5314 734 5386 quidem
765 5314 1044 5381 dicentes,
1076 5315 1221 5387 quid
1266 5332 1388 5372 non
1428 5322 1629 5372 autem
1666 5314 1962 5381 facientes,
1998 5332 2134 5373 cum

493 5407 650 5459 esset
691 5402 888 5458 adhuc
932 5418 1137 5459 recens
1180 5405 1504 5462 recordatio
1546 5411 1607 5461 ut
1640 5404 1744 5477 qui
1796 5419 1905 5476 pro
1958 5404 2135 5462 bonis

1024 5584 1042 5614 ³
1077 5584 1243 5634 Rom.
1274 5599 1331 5645 ι,
1372 5584 1450 5636 15.

561 5584 584 5618 ²
617 5584 721 5637 lsa.
755 5596 823 5652 ιι,
859 5581 909 5635 1.
1024 5584 1042 5614 ³
1077 5584 1243 5634 Rom.
1274 5599 1331 5645 ι,
1372 5584 1450 5636 15.
1568 5584 1586 5617 ⁸
1617 5588 1739 5637 Act.
1778 5599 1870 5649 v11,
1905 5584 1993 5638 58.

2269 3190 2385 3259 ἄγει
2430 3193 2518 3240 καὶ
2564 3190 2764 3251 ξενίσας
2816 3187 3082 3260 λαμπρῶς,
3166 3189 3277 3240 εἶτα
3329 3194 3418 3241 καὶ
3479 3187 3669 3264 ἐρωτᾷν
3739 3190 3868 3261 μετά

2266 3280 2324 3328 τό
2369 3273 2571 3329 δεῖπνον
2620 3277 2862 3347 ἄρχεται.
2919 3273 2988 3347 ἐφ’
3109 3294 3163 3328 τε
3196 3278 3387 3340 ἥκοιεν,
3428 3280 3516 3329 καὶ
3563 3281 3638 3337 τίς
3676 3278 3706 3334 ἡ
3750 3294 3869 3328 τοσ-

2266 3368 2397 3423 αύτη
2456 3369 2710 3435 Λογγίνου
2757 3368 2993 3426 ζήτησις.
3044 3366 3108 3416 Οἱ
3155 3360 3233 3430 δὲ,
3268 3370 3338 3436 μή
3396 3367 3457 3417 ἄν
3511 3362 3866 3437 δημοσιεῦσαι

2264 3458 2384 3516 τοὺς
2438 3454 2614 3525 λόγους
2653 3450 2790 3525 μηδὲ
2838 3456 2923 3505 τόν
2970 3459 3321 3526 κρυπτόμενον
3372 3453 3680 3525 ἐκκαλύψαι,
3714 3456 3863 3526 ὅρκον

2263 3545 2492 3617 καθάπερ
2538 3563 2588 3595 τι
2640 3541 2902 3615 ἐνέχυρον,
2960 3541 3045 3594 ἀπ’
3097 3543 3255 3595 αὐτοῦ
3313 3542 3571 3608 λαϐόντες,
3620 3546 3683 3595 τά
3736 3563 3864 3615 γραο

2262 3637 2414 3705 φέντα
2458 3632 2658 3703 Πιλάτῳ
2703 3635 2844 3706 παρά
2894 3637 3159 3707 Καίσαρος
3202 3632 3436 3703 λέγουσι,
3475 3637 3564 3683 καὶ
3596 3634 3672 3684 ὃτι
3721 3638 3861 3703 Λογ-

2258 3727 2401 3793 γίνου
2472 3724 2678 3794 συνάμα
2753 3726 2843 3773 xui
2920 3719 3018 3773 δύο
3080 3730 3410 3796 στρατιωτῶν
3482 3724 3571 3782 τὰς
3640 3721 3859 3793 κεφαλὰς

2260 3809 2481 3882 ἐκτεμεῖν
2531 3811 2908 3868 ἀπηντήκασιν.
2959 3809 3045 3873 Ὠς
3096 3807 3153 3863 δε
3202 3816 3289 3863 καὶ
3334 3811 3475 3862 οὗτοι
3507 3814 3638 3872 τίνες
3668 3812 3762 3863 εἷεν
3808 3812 3857 3862 οἱ

2260 3898 2368 3969 ἅμα
2423 3898 2561 3969 αὐτῷ
2617 3897 2887 3951 ἀποθανεῖν
2944 3899 3207 3970 μέλλοντες
3271 3898 3567 3971 ἐμάνθανον,
3655 3900 3703 3950 οἱ
3768 3907 3856 3959 τῆς

2260 3984 2523 4045 Ἰουδαῑκῆ
2537 4008 2575 4053 ς,
2655 3993 2806 4059 φημὶ,

2262 4079 2507 4150 Χριστόν,
2553 4078 2788 4147 τάχιστα
2840 4077 2962 4148 παρ’
3010 4077 3164 4128 αὐτὸν
3197 4076 3336 4134 ἣκειν
3380 4081 3497 4138 τοὺς
3546 4073 3742 4148 ἄνδρας
3771 4097 3855 4149 μι-

2892 3990 3205 4061 μισθαρνίας
3292 3994 3701 4062 προτιμήσαντες
3769 3991 3857 4040 τόν

2259 4172 2364 4236 κρῷ
2394 4168 2491 4237 πρὸ
2545 4167 2729 4216 τούτου
2772 4161 3091 4225 διαστάντας
3146 4161 3354 4223 ἐδήλου·
3402 4166 3537 4216 ὥστε
3576 4173 3675 4216 τῶν
3724 4169 3856 4239 πρώ-

2256 4272 2355 4305 των
2409 4251 2616 4324 ἀγαθῶν
2666 4253 2805 4324 αῦτῴ
2882 4261 3214 4311 κοινωνῆσαι·
3276 4253 3410 4306 οὕτω
3459 4272 3511 4305 τε
3567 4258 3690 4325 μίαν
3767 4258 3856 4307 xui

2257 4338 2500 4418 δευτέραν
2552 4344 2746 4416 ἡμέραν
2790 4346 2908 4402 τοὺς
2958 4344 3055 4393 ὑπό
3116 4342 3340 4394 Πιλάτου
3399 4342 3675 4402 σταλέντας
3719 4342 3857 4415 φιλο-

2254 4435 2414 4503 τίμως
2467 4430 2688 4494 ξενίσας,
2734 4429 3043 4503 παραλαϐών
3098 4431 3285 4491 αὐτοὺς
3334 4430 3403 4491 εἰς
3446 4435 3538 4489 τήν
3583 4433 3761 4504 αῦριον
3806 4430 3853 4483 ἐν

2254 4519 2418 4591 ἀγρῷ,
2464 4519 2690 4591 ἀνέμενεν
2763 4520 2847 4580 οὓς
2899 4518 3278 4591 μετεστείλατο,
3346 4519 3559 4591 ἐγγίσαι
3608 4516 3667 4572 δὲ
3743 4517 3849 4578 ήδη

2252 4610 2461 4669 τούτους
2491 4611 2687 4680 μαθὼν,
2739 4608 2907 4669 εὐθύς·
2955 4610 3083 4679 Ἐγὼ
3142 4610 3261 4681 ὑμῖν
3311 4610 3336 4660 ό
3390 4610 3702 4680 ζητούμενός
3746 4609 3853 4681 εἰμι

2252 4701 2523 4769 Λογγῖνος,
2573 4696 2876 4768 ἀπαγγέλλει
2930 4704 3040 4759 τοῖς
3096 4705 3185 4750 τοῦ
3239 4697 3483 4750 Πιλάτου.
3519 4700 3584 4749 Οἱ
3617 4694 3675 4749 δὲ
3718 4702 3852 4771 πρό-

2252 4805 2392 4859 τερον
2448 4789 2536 4857 μὶν
2588 4782 2919 4844 διηπίστουν·
2995 4795 3100 4847 πῶς
3183 4789 3283 4859 γὰρ
3363 4786 3614 4839 ὑπέλαϐον
3694 4787 3851 4838 αὐτόν

2250 4874 2378 4927 εἶναι
2427 4878 2511 4927 τόν
2567 4874 2818 4946 μέλλοντα
2861 4878 3060 4941 παθεῖν,
3103 4876 3266 4936 οὕτως
3315 4875 3467 4927 αὐτόν
3508 4877 3723 4948 ὁρῶντες
3760 4895 3849 4929 πε-

2246 4973 2446 5038 ριχαρῆ
2502 4967 2629 5037 πρὸς
2686 4967 2768 5016 τόν
2825 4961 3096 5033 κίνδυνον;
3144 4964 3227 5024 Ὠς
3287 4961 3345 5016 δὲ
3397 4964 3552 5016 αὐτόν
3627 4963 3850 5037 ἀκριϐῶς

2247 5051 2524 5125 ἐμάνθανον
2579 5051 2705 5104 εἶναι
2768 5058 2856 5105 καὶ
2904 5050 3053 5105 οὐδὲν
3096 5052 3376 5125 ἀμφίϐολον
3431 5053 3603 5113 αὐτοῖς
3655 5052 3851 5105 ὑπελεί-

2248 5143 2372 5214 φθη,
2438 5140 2639 5213 βαρέως
2695 5144 2868 5216 ἔφερον
2920 5148 3008 5193 καὶ
3064 5141 3250 5201 πολλὰς
3303 5138 3548 5212 ἐδέχοντο
3597 5144 3686 5202 τὰς
3745 5140 3847 5195 ἀπό

2244 5237 2333 5282 τοῦ
2394 5227 2686 5291 συνειδότος
2728 5230 2949 5301 πληγάς*
2998 5234 3047 5281 τί
3078 5232 3166 5301 μεν
3216 5233 3273 5281 οῦ
3304 5229 3555 5301 λέγοντες,
3606 5234 3656 5282 τί
3685 5226 3742 5282 δὲ
3789 5231 3848 5281 οὗ

2246 5320 2574 5393 πράττοντες,
2635 5321 2821 5389 θερμῆς
2873 5321 3035 5379 οὔσης
3090 5320 3164 5370 ἔτι
3224 5326 3319 5380 τῆς
3378 5316 3715 5389 ἀναμνήσεως
3752 5315 3847 5371 διὰ

2246 5411 2339 5465 τὴν
2395 5405 2495 5458 ἀπὸ
2545 5415 2641 5458 τῶν
2691 5402 2833 5458 ἔιδον
2895 5407 3224 5479 κατάκρισιν·
3268 5406 3357 5460 οἵτε
3395 5406 3593 5460 πολλῶν
3640 5405 3847 5479 ἀγαθῶν
