4110 6272
188 271 257 326 37
1559 270 1722 331 VITA
1765 275 1824 330 S.
1869 273 2180 332 LONGINI.
3462 281 3536 338 38

181 395 406 470 πονηρὰν
466 391 687 466 ἀμοιϐὴν
743 401 905 446 ποιεῖν
954 369 1260 470 μέλλοντεςξ
1306 405 1372 452 Ὦ.
1411 393 1622 452 δείπνου
1651 396 1780 450 δυσ-

1912 404 2089 455 issent
2115 399 2304 455 malas
2333 399 2619 457 reddituri
2645 400 2868 471 gratias
2895 403 2922 457 ‘2
2956 405 2998 460 Ο
3029 402 3343 470 infelicem,
3374 404 3536 460 dice-

182 483 415 554 τυχοῦςι
469 481 715 554 λέγοντες,
774 483 812 534 ὧ
843 483 1080 554 χαλεπῆς
1113 485 1273 548 ξενίας
1307 486 1318 540 !
1349 493 1400 539 τί
1435 507 1538 556 σοι,
1596 485 1634 558 ᾧ
1675 487 1782 559 φίλε

181 577 422 644 Λογγῖνε,
452 578 602 624 τοῦτο
647 567 860 634 ἐδόξατο
918 571 1234 648 ἐγχείρημα,
1289 577 1370 628 ἶνα
1411 579 1534 638 τοὺς
1577 575 1658 627 ἐπὶ
1693 579 1781 627 σόν

181 665 328 732 φόνον
385 660 620 722 ἐλθόντας
652 663 677 712 ό
733 665 825 722 σὸς
875 659 1011 723 οἶκος
1063 661 1312 737 ἓδέχετο;
1349 665 1388 716 ὦ
1415 663 1598 726 ἀθλίας
1626 684 1783 717 κατα·

181 747 398 820 γωγῆςι
453 749 490 798 ὦ
535 755 726 821 πικρᾶς
779 749 1062 814 ἑστιάσεως
1123 751 1136 806 l
1197 755 1407 813 θάνατος
1456 755 1486 812 ἡ
1537 753 1672 816 ξενία
1701 772 1783 805 σοι

181 841 375 910 γίνεται
427 843 512 889 καὶ
569 842 783 891 σεαυτόν
833 837 1094 902 ἓπιθύσεις
1146 849 1206 914 τῇ
1262 843 1518 917 τραπέζῃ,
1585 842 1783 914 λῃστὰς

181 923 494 1000 παραδόξως
521 931 644 988 τοὺς
709 929 810 980 ὑπὸ
867 936 960 981 σοῦ
1017 929 1338 992 ξενισθέντας
1387 933 1562 1005 εὑρών.
1617 935 1680 984 Τί
1723 929 1782 981 ἂν

180 1023 341 1068 ποιῶν
397 1015 562 1077 οὕτως
615 1015 813 1079 ἐλύπεις
871 1021 992 1080 τοὺς
1053 1017 1292 1078 ἒπιθῆναί
1351 1039 1433 1072 σοι
1464 1024 1556 1078 τὴν
1584 1024 1782 1092 σφαγὴν

179 1103 486 1175 μέλλοντας
545 1103 732 1157 ’Ἄπιθι
793 1113 1090 1181 τοιγαροῦν,
1161 1111 1351 1180 μισθὸν
1451 1117 1545 1169 τῆς
1620 1109 1784 1171 ξενίας

180 1191 347 1244 λαϐὼν
385 1200 476 1245 τοῦ
530 1195 750 1246 θανάτου
802 1199 894 1254 τὴν
962 1197 1145 1268 ὁίιρισιν
1221 1198 1278 1250 ού
1351 1202 1627 1271 στέργομεν
1679 1197 1786 1250 ἐπι-

184 1283 346 1333 θεῖναί
373 1301 461 1334 σοι
507 1286 566 1334 τό
611 1283 776 1354 ξίφος,
839 1291 998 1357 χεῖρα
1053 1291 1322 1358 μιαιφόνον
1375 1286 1655 1358 ἐπενεγκεῖν
1722 1293 1782 1358 τῇ

183 1377 249 1441 σῇ
305 1366 454 1440 δεξιᾷ
483 1367 790 1443 δεδοίκαμεν
847 1390 856 1400 ·
909 1370 1201 1445 αἰδούμεθα
1239 1379 1354 1436 τοὺς
1394 1379 1593 1436 κοινοὺς
1637 1373 1782 1435 ἅλας·

183 1456 498 1532 ἐρυθριῶμεν
561 1463 654 1517 τὴν
728 1461 1034 1534 τράπεζαν,⁴
1081 1467 1166 1514 τὸν
1225 1471 1320 1524 τῆς
1385 1463 1548 1524 ξενίας
1608 1465 1786 1534 ἔφορον

181 1545 546 1618 αἰσχυνόμεθα
577 1563 590 1577 ⁸
631 1555 798 1622 ναρκᾷ
825 1553 952 1622 πρὸς
998 1553 1082 1602 τὸν
1141 1555 1288 1622 φόνον
1323 1553 1351 1608 ἡ
1403 1555 1525 1623 χείρ
1559 1565 1573 1580 ⁶
1617 1552 1641 1601 ό
1669 1557 1786 1611 νοῦς

181 1635 318 1688 ὀκνεῖ
343 1642 434 1688 τοῦ
481 1636 744 1708 εὐεργέτου
803 1641 889 1689 τὸν
934 1641 1148 1690 θάνατον
1204 1657 1217 1669 ·
1273 1640 1410 1713 ῥᾴων
1453 1641 1478 1691 ό
1523 1641 1665 1713 παρὰ
1693 1646 1787 1691 Πι-

1891 489 2054 554 bant,
2080 505 2311 545 caenam
2343 505 2380 544 o
2412 504 2589 558 grave
2615 490 2930 562 hospitium
2956 493 3265 558 lCurnam,
3286 509 3322 548 o
3359 493 3537 550 chara

1890 576 2172 647 Longine,
2195 577 2309 633 hoc
2327 577 2424 632 tibi
2449 583 2709 649 emptum
2737 580 2895 636 venit
2920 578 2980 635 in
3009 585 3288 651 mentem,
3325 584 3392 636 ut
3410 597 3532 652 eos,

1890 665 1993 736 qui
2027 671 2310 722 venerant
2335 666 2410 722 ad
2445 666 2526 722 tui
2555 667 2800 734 caedem,
2822 667 3040 724 domus
3073 673 3173 724 tua
3195 669 3534 740 acciperet?

1891 754 1935 808 Ο
1963 754 2244 810 miserum
2281 754 2714 820 habitaculum,
2744 772 2780 811 o
2810 756 3096 812 acerbum
3145 757 3488 812 convivium
3520 757 3534 812 l

1891 845 2036 900 Mors
2070 843 2173 899 tibi
2214 844 2410 900 evadit
2435 843 2778 916 hospitium,
2813 849 2868 900 et
2891 845 3146 918 teipsum
3181 862 3404 902 mensae
3435 861 3539 918 ap-

1893 946 2098 1002 pones,
2132 947 2234 988 eos
2273 937 2480 1004 praeter
2516 932 2861 1004 opinionem
2904 933 3212 989 inveniens
3254 934 3527 1001 latrones,

1892 1021 1991 1092 qui
2027 1021 2283 1094 hospitio
2313 1037 2348 1078 a
2377 1027 2432 1078 te
2463 1022 2702 1077 fuerunt
2742 1023 2987 1114 accepti.
3014 1023 3164 1087 Quid
3199 1023 3419 1079 faciens
3449 1023 3534 1080 sic

1893 1109 2163 1165 molestia
2179 1109 2430 1166 aﬁ'ecisti
2448 1125 2572 1179 eos,
2587 1109 2690 1182 qui
2709 1109 2916 1166 te'sunt
2931 1110 3227 1168 occisuri?
3252 1111 3354 1167 Abi
3371 1127 3529 1183 ergo,

1893 1203 2132 1268 accepta
2151 1199 2418 1252 mercede
2435 1197 2693 1270 hospitii,
2712 1213 2926 1269 nempe
2941 1199 3146 1254 mortis
3166 1199 3532 1255 remissione.

1897 1289 2020 1341 Non
2039 1287 2399 1341 sustinemus
2427 1301 2629 1340 ensem
2654 1285 2759 1340 tibi
2783 1285 2992 1340 inferre
3018 1310 3029 1341 :
3053 1288 3271 1342 caedem
3294 1287 3537 1343 molien-

1895 1379 2014 1429 tem
2031 1389 2282 1428 manum
2299 1378 2399 1428 tuo
2416 1373 2594 1444 capiti
2607 1373 2812 1428 aﬁerre
2831 1374 3246 1442 formidamus,
3269 1392 3465 1432 comm
3479 1393 3538 1431 u-

1895 1477 2032 1516 nem
2054 1459 2237 1516 salem
2258 1477 2596 1516 reveremur
2629 1483 2641 1514 :
2677 1478 2786 1517 nos
2806 1463 3034 1534 pudore
3071 1463 3254 1520 afﬁcit
3287 1481 3496 1520 mensa
3523 1480 3536 1520 :

1896 1549 1972 1605 ad
2003 1549 2229 1605 caedem
2261 1553 2450 1619 torpet
2480 1565 2694 1606 manus
2726 1567 2738 1606 :
2775 1550 3054 1606 abhorret
3083 1552 3318 1608 animus
3351 1559 3537 1609 morte

1897 1637 2131 1694 afﬁcere
2149 1638 2603 1694 benefaciorem.
2635 1638 2883 1694 Facilius
2905 1645 2994 1694 est
3013 1641 3359 1712 periculum,
3373 1641 3536 1714 quod

180 1723 320 1794 λάτῳ
351 1720 588 1785 κίνδυνος
615 1727 739 1796 ἡμῖν
765 1735 864 1778 τῶν
891 1725 946 1778 ἐκ
971 1734 1062 1779 τοῦ
1087 1735 1178 1780 τοῦ
1207 1725 1508 1789 συνειδότος
1536 1727 1747 1799 πληγῶν
1771 1745 1783 1758 ·

1912 1727 2070 1782 nobis
2091 1734 2175 1782 est
2192 1743 2228 1782 a
2250 1727 2426 1783 Pilato
2447 1733 2745 1798 paratum,
2768 1743 2953 1799 quam
2973 1728 3215 1784 vulnera
3230 1728 3536 1784 conscien-

187 1815 360 1864 πάντα
427 1815 604 1866 παθεῖν
658 1813 807 1887 ἐσμεν
865 1816 1063 1888 ἕτοιμοι
1148 1817 1177 1876 ἣ
1249 1822 1489 1890 Λογγίνῳ
1551 1820 1790 1878 τοιαύτας

186 1898 502 1954 ἀπτιδοῡναι
527 1905 614 1963 τὸς
638 1905 883 1977 χάριτας.

277 1989 372 2072 ς’.
408 1991 558 2044 Οὕτω
583 1997 754 2044 τοίνυν
785 1995 833 2045 οἱ
889 2001 1202 2069 στρατιῶται
1250 1999 1382 2070 πρὸς
1427 1997 1514 2048 τόν
1539 2003 1629 2048 τοῦ
1662 2003 1793 2067 Χρι-

193 2087 323 2131 στοῦ
349 2081 594 2153 μάρτυρα
633 2085 722 2132 καὶ
768 2079 881 2133 λίαν
929 2084 1225 2150 περιπαθῶς
1268 2083 1456 2156 ἔλεγον,
1503 2083 1637 2138 Ἀλλ’
1668 2083 1794 2155 οὐχὶ

185 2171 278 2219 καὶ
319 2173 576 2239 Λογγῖνον
641 2165 899 2228 ἠδύναντο
943 2173 1157 2240 πείθειν,
1235 2171 1362 2224 ἀλλά
1425 2175 1554 2246 πρὸς
1616 2171 1796 2232 αὐτοὺς

183 2259 430 2327 γενναίως
488 2258 513 2308 ό
576 2265 802 2326 γενναῖος
835 2257 1038 2320 ἀληθῶς
1104 2257 1437 2333 ἀποκρίνεται
1502 2303 1516 2318 .
1579 2263 1643 2313 Τί
1707 2281 1796 2332 μοι

185 2348 417 2418 φθονεῖτε
467 2346 720 2418 μεγάλων,
782 2347 1010 2420 ἀγαθῶν,
1077 2349 1145 2400 ὧν
1230 2355 1318 2402 καὶ
1403 2351 1612 2413 ἄκοντες
1673 2352 1796 2420 ἡμῖν

187 2431 490 2487 ἀντιδοῦναι
518 2435 720 2506 μέλλετε
745 2453 760 2502 ;
811 2441 864 2488 τί
900 2455 1000 2508 μου
1040 2440 1126 2489 τόν
1183 2440 1400 2490 θάνατον
1450 2437 1582 2490 οὕτω
1637 2438 1796 2491 πολυ-

185 2525 364 2584 παθῶς
389 2522 726 2577 ἀνακλαίεσθε
755 2543 767 2582 :
829 2526 910 2576 ἵνα
939 2529 990 2576 τί
1059 2533 1343 2598 κατηφιᾶτε
1387 2533 1458 2596 τῷ
1509 2529 1662 2578 πάθει
1691 2543 1703 2581 :
1738 2527 1795 2578 ού

191 2613 411 2674 θάνατος
475 2610 587 2683 ἓμοὶ
617 2615 676 2664 τό
703 2617 888 2688 παρὸν,
923 2613 1050 2666 ἀλλά
1091 2619 1223 2678 ζωῆς
1277 2613 1495 2690 ἀπαρχή
1536 2613 1688 2687 ’ἐμοὶ
1728 2625 1797 2686 τῷ

189 2704 302 2754 ὄντι
330 2703 546 2763 θάνατος
571 2701 758 2774 μᾶλλον
789 2705 818 2761 ἠ
863 2701 1082 2756 ἐνταῦθα
1139 2701 1397 2775 διαγωγὴ,
1453 2705 1534 2756 ὅτι
1591 2709 1660 2776 μὴ
1725 2712 1798 2775 τῷ

191 2787 298 2860 ἐμῷ
351 2794 582 2862 Δεσπότῃ
635 2794 986 2864 παρίσταμαι,
1032 2795 1123 2842 καὶ
1175 2800 1270 2853 τῆς
1323 2792 1510 2844 ἐκεῖθεν
1559 2790 1799 2843 ἀπολαύω

193 2881 580 2949 μακαριότητος
612 2897 626 2910 ·
688 2882 747 2930 τὸ
795 2879 932 2939 τέλος
977 2887 1074 2930 τῶν
1129 2887 1299 2930 κακῶν
1349 2881 1477 2951 ούχὶ
1519 2885 1608 2932 καὶ
1662 2881 1802 2941 τέλος

193 2972 288 3024 τῆς
349 2964 491 3026 ζωῆς
533 2965 840 3040 προξενήσει
890 2986 1000 3038 μοι,
1047 2965 1174 3018 ἀλλά
1223 2971 1352 3038 πρὸς
1409 2972 1503 3024 τὴν
1555 2967 1801 3026 ἀληθινὴν

1899 1816 2011 1872 tiae.
2033 1817 2239 1872 Parata
2251 1832 2457 1871 sumus
2471 1817 2674 1872 omnia
2695 1816 2818 1888 pati
2833 1815 3056 1889 potius,
3075 1833 3260 1888 quam
3275 1817 3540 1889 Longino

1903 1906 2043 1960 tales
2072 1904 2288 1960 referre
2316 1905 2557 1974 gratias.

1973 1994 2056 2048 VI.
2094 1993 2183 2050 Sic
2210 1992 2455 2064 quidem
2497 1993 2709 2049 milites
2738 1992 3018 2049 dicebant
3048 1993 3263 2050 Christi
3298 1993 3543 2065 martyri

1900 2083 2074 2138 valde
2093 2081 2526 2137 miserabiliter.
2545 2083 2830 2137 Caeterum
2849 2097 2969 2136 non
2990 2087 3259 2153 poterant
3272 2081 3540 2153 Longino

1903 2172 2310 2243 persuadere:
2353 2170 2458 2224 sed
2506 2169 2588 2224 eis
2631 2169 2854 2225 fortiter
2899 2168 3220 2242 respondet
3268 2169 3359 2224 vir
3407 2184 3545 2224 vere

1905 2274 2230 2329 generosus
2252 2273 2264 2312 :
2285 2261 2399 2314 Cur
2421 2272 2645 2328 magna
2671 2257 2811 2312 mihi
2831 2257 2992 2314 bona
3007 2257 3306 2322 invidetis,
3324 2257 3547 2329 quibus

1906 2365 2005 2404 vos
2031 2347 2191 2402 inviti
2225 2363 2318 2402 me
2348 2347 2486 2403 estis
2515 2346 2946 2402 remuneraturi
2973 2345 3003 2400 ‘I
3033 2345 3148 2400 Cur
3167 2361 3366 2401 meam
3395 2362 3548 2401 mor-

1906 2442 2020 2491 tem
2070 2435 2298 2490 deﬂetis
2347 2441 2467 2491 tam
2515 2433 2928 2490 miserabiliter
2957 2433 2985 2488 ?
3015 2435 3129 2490 Cur
3177 2435 3371 2490 tristes
3408 2433 3547 2489 estis

1904 2531 2146 2597 propter
2180 2539 2377 2580 meam
2422 2522 3068 2594 perpessionem?Non
3115 2527 3204 2579 est
3245 2523 3360 2579 hoc
3403 2521 3550 2578 mihi

1905 2629 2087 2678 mors,
2133 2613 2236 2668 sed
2279 2613 2411 2667 vitae
2469 2612 2761 2684 primitias.
2798 2611 2931 2668 Mihi
2979 2627 3185 2668 revera
3225 2613 3422 2684 potius
3461 2617 3552 2667 est

1907 2718 2089 2768 mors,
2105 2717 2239 2774 qua:
2257 2701 2351 2756 hic
2367 2706 2455 2756 est
2469 2700 2857 2766 conversatio,
2885 2701 3174 2772 quoniam
3201 2716 3321 2756 non
3339 2699 3551 2756 assisto

1911 2806 2042 2846 meo
2077 2789 2345 2853 Domino,
2377 2805 2486 2844 nec
2517 2789 2679 2844 fruor
2709 2803 2798 2854 ea,
2823 2804 2958 2861 quae
2999 2795 3085 2844 est
3131 2789 3266 2858 illic,
3301 2787 3553 2844 beatitu-

1907 2881 2066 2936 dine.
2100 2878 2253 2934 Finis
2283 2878 2465 2934 ﬁnem
2498 2877 2817 2946 malorum,
2849 2893 2970 2932 non
3003 2877 3182 2933 etiam
3210 2878 3392 2933 ﬁnem
3423 2877 3552 2932 vitae

1911 2966 2054 3022 mihi
2080 2965 2451 3022 conciliabit:
2487 2965 2590 3021 sed
2624 2965 2702 3022 ad
2735 2981 2934 3021 veram
2975 2967 3327 3022 transmittat
3375 2965 3556 3020 beati-

197 3050 506 3106 διαϐιϐάσει
562 3049 841 3113 ἀῖδιότητα
936 3060 1024 3107 καὶ
1085 3063 1370 3128 μετασχεῖν
1436 3063 1530 3116 τῆς
1617 3055 1799 3107 ἐκεῖθεν

1912 3055 2196 3118 tudinem,
2221 3059 2275 3108 et
2311 3053 2540 3118 efﬁciet,
2569 3060 2632 3108 ut
2662 3053 2778 3108 sim
2821 3055 3113 3126 particeps
3155 3053 3306 3109 illius
3350 3053 3554 3109 aeterni

191 3144 592 3214 παρασκευάσει
620 3149 978 3216 λαμπρότητος
1029 3162 1040 3174 ³

195 3229 419 3303 ὦφίλοι,
469 3233 590 3304 παρ’
643 3232 842 3294 ἑαυτοῖς
891 3236 1038 3304 ἔχετε
1074 3249 1086 3261 ·

1111 3147 1257 3216 ἔχετε
1307 3149 1402 3202 τὴν
1445 3147 1798 3218 παραμυθίαν,

1138 3232 1294 3304 ἐγγὺς
1335 3235 1400 3285 τά
1450 3241 1542 3294 τῆς
1574 3252 1804 3308 παρηγο-

191 3325 315 3394 ρίας
343 3321 485 3392 ὑμῖν,
529 3323 582 3372 ὃν
633 3317 724 3374 διὰ
775 3325 832 3373 τὸ
874 3321 1014 3384 τέλος
1071 3323 1318 3394 θρηνεῖτε,
1350 3330 1528 3375 τοῦτον
1575 3325 1705 3394 μετὰ
1743 3325 1802 3373 τὸ

193 3411 342 3470 τέλος
363 3405 564 3468 ἣδιστα
592 3415 909 3482 μακαρίσετε
975 3425 987 3438 ⁸
1054 3409 1242 3486 ἀρκοῦν
1295 3408 1353 3464 δὲ
1398 3418 1551 3464 τοῦτο
1603 3413 1804 3472 πάντως

192 3501 330 3572 πρὸς
377 3498 624 3571 εὐθυμίαν
677 3499 976 3571 μεταϐαλεῖν
1023 3503 1080 3552 τὸ
1119 3503 1206 3552 τὸν
1259 3499 1398 3572 φίλον
1443 3497 1635 3553 εἰδέναι
1686 3499 1806 3552 πολ-

191 3587 300 3641 λῶν
357 3586 564 3659 ἀγαθῶν
616 3589 860 3660 μέλλοντα
913 3595 1188 3654 κοινωνεῖν,
1258 3591 1430 3663 ὥσπερ
1491 3591 1806 3661 φθονούντων

183 3677 390 3750 μᾶλλον
443 3677 472 3736 ἣ
543 3682 628 3730 καὶ
717 3681 1007 3750 μισούντων
1069 3681 1126 3730 τὸ
1196 3675 1439 3730 σπεύδειν
1506 3677 1805 3751 ἀποστερεῖν

190 3767 362 3820 αὐτὸν
435 3775 531 3828 τῆς
569 3766 952 3843 λαμπρότητος.
1005 3771 1084 3826 Μὴ
1131 3765 1218 3820 οὖν
1293 3765 1546 3841 ὀδύρεσθε
1596 3771 1682 3820 τὸν
1729 3766 1806 3819 ἑκ-

187 3857 463 3922 ).είποντα,
521 3855 626 3908 ἀλλ’
672 3857 1033 3929 εὐχαριστεῖτε
1077 3865 1148 3927 τῷ
1205 3855 1472 3928 δεχομένῳ
1527 3874 1538 3887 ·
1594 3857 1687 3909 οὐκ
1747 3855 1806 3908 ἂν

187 3949 514 4018 ζημιὼσητέ
541 3964 604 4017 με
656 3951 746 4004 τὴν
798 3943 954 4009 δόξαν
1014 3945 1228 4011 ἐκείνην,
1262 3947 1323 4004 ἣν
1363 3943 1500 3998 εἶδον
1547 3944 1645 4017 ἐγὼ
1671 3965 1807 3997 στοι-

181 4042 332 4109 χεῖα
378 4033 698 4086 σαλεύουσαν
754 4048 772 4066 ⁸
827 4038 920 4086 οὐκ
972 4034 1031 4086 ἂν
1087 4033 1361 4109 ἀρνηθείην
1401 4034 1454 4086 ὃν
1509 4033 1649 4097 ἅπαξ
1676 4041 1808 4087 Θεοῦ

179 4126 325 4178 Υἰόν
377 4123 692 4194 ὡμολόγησα
745 4141 758 4154 '
812 4120 1030 4176 δέδοικα
1087 4128 1158 4196 μὴ
1209 4128 1500 4196 κατήγορον
1554 4123 1685 4196 εὕρω
1717 4128 1807 4181 τὴν

175 4221 410 4278 κτῆσιν,
467 4212 684 4273 ἄπιστος
733 4217 847 4286 περὶ
899 4221 1074 4265 τοῦτον
1129 4218 1294 4284 φανείς
1354 4232 1365 4243 ·
1411 4212 1471 4264 οὗ
1532 4219 1604 4283 τῷ
1658 4214 1810 4264 πάθει

173 4309 286 4358 καὶ
344 4303 370 4354 ὀ
426 4303 638 4376 οὐρανὸς
714 4305 1084 4374 ἓπεστύγνασε,
1137 4308 1228 4354 καὶ
1279 4304 1372 4363 τὰς
1427 4300 1636 4362 ἀκτῖνας
1693 4319 1810 4353 aw-

175 4391 423 4448 ἔστειλεν
479 4391 641 4454 ἣλιος,
710 4397 798 4444 καὶ
873 4395 930 4443 τὸ
993 4400 1084 4451 τῆς
1145 4393 1340 4463 ἡμέρας
1434 4389 1810 4462 ἐκαινοτομεῑτο

177 4486 416 4557 φέγγος,
449 4485 540 4532 καὶ
559 4480 630 4541 εἰς
653 4482 814 4532 νύκτα
836 4482 1134 4554 περιπαθῶς
1173 4479 1384 4533 εἵλκετο.

265 4567 356 4622 Ζ’.
401 4567 521 4624 Ἔτι
551 4575 642 4620 τοῦ
701 4573 955 4638 Λογγίνου
1007 4571 1173 4620 ταῦτα
1237 4563 1520 4630 διεξιόντος
1577 4571 1814 4630 καὶτοὺς

173 4659 359 4735 παρὰ
411 4658 634 4709 Πιλάτου
681 4659 999 4729 πεμφθέντας
1045 4664 1207 4710 ποιεῖν
1247 4660 1304 4708 τὸ
1379 4655 1644 4708 κελευσθὲν
1696 4659 1813 4707 πεί-

177 4755 411 4810 θοντος,
473 4747 521 4798 οἱ
587 4749 1079 4819 συγκατακριθέντες
1167 4745 1306 4816 αὐτῷ
1409 4748 1498 4797 τὸν
1601 4746 1815 4797 θάνατον

179 4841 540 4913 στρατιῶται
589 4833 1073 4908 καταλαμϐάνουσιν
1137 4833 1196 4887 Ὀ
1261 4831 1336 4901 δὲ,
1389 4837 1682 4906 γαννυμένῳ
1745 4841 1816 4904 τῷ

171 4929 481 5006 προσώπῳ
535 4927 624 4976 καὶ
669 4921 873 5000 φαιδρῷ
917 4929 1032 4984 τοὺς
1081 4919 1279 4994 ἄνδρας
1327 4918 1473 4990 ἰδὼν,
1537 4919 1711 4984 δεξιάν
1763 4940 1818 4974 τε

167 5021 394 5074 ἂῦτοῖς
454 5011 712 5086 ἐμϐάλλει,
773 5019 861 5066 καὶ
925 5013 1194 5088 περϐάλλει
1249 5016 1334 5065 τὸν
1383 5011 1669 5086 τράχηλον,
1727 5015 1818 5063 καὶ

171 5103 532 5184 ὀφθαλμούς,
581 5099 745 5162 ἡδέως
799 5101 945 5174 φιλεζ
993 5107 1081 5154 καί
1131 5123 1143 5135 ·
1221 5105 1460 5174 Χαίρετε,
1505 5099 1544 5152 ὦ
1591 5119 1818 5174 συστρα-

169 5207 392 5254 τιῶται
423 5198 657 5266 Χριστοῦ
713 5197 802 5243 καὶ
853 5190 1159 5266 κληρονόμοι
1205 5197 1300 5250 τῆς
1333 5188 1627 5262 βασιλείας,
1664 5195 1812 5261 φησὶ,

171 5291 460 5364 χαίρετε·
487 5278 595 5338 ἤδη
623 5283 723 5356 γὰρ
765 5281 794 5338 ἡ
843 5277 890 5331 ἐν
949 5281 1180 5352 οὐρανοῖς
1231 5277 1366 5336 πύλη
1428 5277 1696 5348 ἀνέῳκται,
1729 5281 1818 5328 καὶ

1396 5365 1816 5441 παραλαμϐάνειν

1548 5451 1665 5507 ἰδοὺ
1730 5457 1820 5506 καὶ

169 5373 424 5449 ἄγγελοι
521 5373 610 5430 τας
699 5372 948 5442 ἡμετέρας
1045 5367 1287 5440 μέλλουσι

171 5465 402 5542 ψυχὰς
465 5463 556 5510 καὶ
585 5465 658 5530 τῷ
702 5465 960 5531 μονογενεῖ
1009 5457 1268 5530 προσάγεῖ
1307 5457 1412 5526 Υἱῷ
1461 5472 1473 5485 ·

175 5559 282 5616 τὰς
313 5543 610 5623 λαμπάδας
639 5548 760 5622 ὁρῶ,
793 5551 881 5598 καὶ
931 5549 992 5598 τὰ
1045 5544 1264 5621 βραδεῖά
1316 5563 1406 5616 μοι
1464 5546 1816 5616 ὑποφαίνεται,

1912 3141 2263 3213 splendoris.
2297 3141 2552 3208 Habetis,
2587 3159 2622 3196 o
2652 3143 2848 3208 amici,
2881 3143 3111 3198 habetis
3141 3143 3304 3214 apud
3325 3159 3434 3198 vos
3459 3157 3558 3198 so—

1911 3230 2139 3295 latium,
2181 3245 2368 3302 pr0pe
2424 3235 2511 3285 est
2548 3229 2717 3285 vobis
2771 3229 3117 3286 consolatio.
3151 3231 3346 3299 Quem
3394 3231 3555 3286 enim

1911 3322 2155 3392 propter
2177 3317 2360 3372 ﬁnem
2391 3317 2617 3389 lugetis,
2651 3333 2787 3372 eum
2819 3332 2924 3372 vos
2955 3323 3087 3387 post
3111 3317 3292 3374 finem
3319 3317 3557 3374 beatum

1913 3405 2276 3478 reputabitis.
2309 3406 2738 3462 Suﬂicitautem
2759 3405 2872 3460 hoc
2887 3407 2960 3461 ad
2981 3405 3349 3461 alfereudam
3380 3405 3559 3462 animi

1916 3495 2422 3568 tranquillitatem,
2441 3495 2588 3550 scire
2607 3495 2870 3550 amicum
2889 3494 3009 3550 fore
3029 3494 3351 3550 multorum
3376 3495 3563 3551 bono-

1915 3601 2048 3640 rum
2079 3584 2458 3656 participem:
2484 3583 2792 3654 quomodo
2822 3589 2909 3637 est
2929 3583 3285 3646 invidorum,
3311 3583 3399 3640 vel
3424 3583 3562 3640 odio

1915 3672 2112 3744 potius
2141 3672 2490 3727 habentium
2526 3671 2862 3737 hominum,
2897 3671 3130 3727 studere
3162 3689 3298 3728 eum
3331 3673 3562 3744 privare

1916 3761 2254 3835 splendore.
2314 3759 2498 3816 Nolite
2549 3759 2766 3815 deﬂere
2820 3776 2958 3816 eum
2998 3759 3100 3832 qui
3163 3761 3403 3818 deﬁcit:
3457 3761 3563 3816 sed

1915 3852 2134 3921 gratias
2161 3851 2313 3920 agite
2343 3848 2394 3904 ei
2423 3848 2526 3922 qui
2557 3849 2789 3920 accipit.
2823 3851 2949 3905 Non
2981 3850 3124 3905 mihi
3159 3850 3315 3905 illius
3359 3849 3562 3920 gloriaa

1916 3935 2336 3996 detrimentum
2386 3937 2666 4004 efferatis,
2723 3953 2909 4008 quam
2955 3954 3066 4009 ego
3108 3938 3226 3993 vidi
3269 3939 3564 3994 elementa

1919 4036 2275 4084 moventem.
2305 4027 2432 4082 Non
2464 4025 2806 4095 negaverim
2836 4042 2995 4094 eum,
3027 4043 3209 4098 quem
3249 4027 3349 4082 Dei
3380 4025 3566 4082 semel

1917 4117 2128 4173 Filium
2155 4133 2288 4170 sum
2320 4114 2649 4171 confessus.
2675 4114 2878 4170 Timeo
2909 4131 2982 4170 ne
3010 4121 3265 4172 creatam
3289 4119 3566 4172 naturam

1920 4205 2224 4261 inveniam
2241 4203 2685 4268 accusatricem,
2703 4202 2752 4257 si
2775 4203 2836 4257 in
2857 4219 2993 4258 eum
3013 4219 3341 4275 appaream
3359 4204 3571 4260 inﬁde-

1921 4295 2012 4358 lis,
2037 4299 2279 4365 propter
2300 4292 2470 4362 cujus
2487 4290 2834 4361 passionem
2854 4290 3069 4346 caalum
3093 4308 3336 4364 quoque
3367 4293 3568 4364 ipsum

1922 4387 2014 4438 est
2038 4381 2316 4437 affectum
2349 4379 2594 4444 tristitia,
2627 4383 2686 4434 et
2714 4379 2802 4434 sol
2823 4379 3114 4436 contraxit
3144 4380 3363 4446 radios,
3392 4385 3448 4437 et
3466 4379 3572 4437 lux

1923 4471 2036 4527 diei
2079 4468 2490 4526 miserabiliter
2517 4467 2774 4524 deducta
2804 4467 2912 4524 fuit
2941 4469 3018 4524 ad
3049 4475 3306 4526 noctem.

1993 4561 2105 4615 VII.
2141 4565 2270 4614 Haec
2294 4556 2490 4613 adhuc
2511 4555 2742 4612 dicente
2771 4557 3058 4627 Longino,
3087 4559 3267 4626 eteis,
3293 4561 3391 4631 qui
3408 4558 3571 4614 missi

1926 4650 2162 4705 fuerunt
2191 4665 2226 4703 a
2253 4646 2431 4702 Pilato
2462 4645 2855 4717 persuadente
2895 4652 2957 4702 ut
3004 4646 3260 4702 facerent
3291 4648 3456 4720 quod
3485 4647 3571 4704 eis

1926 4738 2506 4806 fueratimperatum,
2523 4733 2768 4790 veniunt
2782 4735 3018 4801 milites,
3034 4735 3138 4808 qui
3152 4751 3288 4790 cum
3302 4752 3368 4792 eo
3383 4740 3572 4792 morte

1926 4826 2195 4881 damnati
2221 4823 2463 4879 fuerant.
2489 4821 2588 4877 llle
2610 4827 2831 4888 autem,
2861 4823 3256 4880 laetoetalacri
3289 4823 3456 4880 vultu
3471 4839 3574 4881 eos

1927 4915 2186 4980 intuens,
2217 4912 2592 4968 etdexteram
2615 4911 2697 4967 eis
2723 4911 2924 4984 injicit,
2949 4916 3004 4968 et
3025 4912 3244 4969 collum
3268 4913 3577 4984 amplecti-

1929 5009 2042 5071 tur,
2091 5009 2146 5057 et
2196 5001 2398 5056 oculos
2445 5000 2702 5057 suaviter
2749 5000 3148 5066 deosculatur,
3187 5005 3263 5067 et,
3325 5001 3573 5068 Salvete,

1927 5091 2139 5164 inquit,
2169 5106 2204 5146 o
2244 5089 2450 5145 Christi
2496 5088 2952 5156 commilitones,
2982 5093 3037 5144 et
3065 5089 3335 5145 hmredes
3383 5090 3573 5161 regni,

1930 5181 2170 5237 salvete.
2193 5181 2323 5234 Jam
2339 5179 2495 5234 enim
2511 5185 2714 5251 aperta
2727 5184 2813 5232 est
2835 5181 3024 5248 porta,
3051 5193 3187 5249 quas
3205 5185 3294 5234 est
3309 5180 3368 5235 in
3387 5179 3575 5247 caelis,

1929 5274 1986 5326 et
2013 5267 2208 5338 angeli
2239 5273 2378 5322 sunt
2400 5272 2630 5322 nostras
2647 5265 2943 5337 accepturi
2961 5266 3218 5333 animas,
3245 5275 3299 5322 et
3318 5267 3579 5324 oblaturi

1932 5358 2071 5416 Filio
2105 5356 2430 5426 unigenito.
2464 5357 2628 5422 Ecce,
2661 5358 2718 5410 et
2739 5353 3050 5426 lampades
3079 5355 3275 5424 video,
3311 5361 3367 5412 et
3396 5373 3582 5430 appa-

1928 5453 2059 5506 rent
2091 5444 2240 5504 mihi
2267 5444 2499 5514 bravia,
2525 5459 2664 5500 cum
2703 5442 2924 5516 quibus
2951 5444 3198 5502 sistendi
3241 5461 3450 5501 sumus
3479 5445 3578 5516 ad,

1929 5539 2149 5594 Judicis
2181 5533 2459 5592 tribunal.
2496 5533 2608 5592 Sed
2635 5535 2791 5590 enim
2822 5533 2868 5588 si
2898 5535 3045 5610 quid
3073 5535 3243 5590 vobis
3272 5541 3359 5591 est
3387 5535 3582 5608 impe-
