4110 6272
474 311 545 366 39
1838 296 2091 356 MENSIS
2130 291 2474 354 MARTIUS.

3760 288 3833 349 40

474 438 692 498 ratum,
723 432 958 489 dicebat
990 428 1072 487 eis
1100 428 1200 503 qui
1246 426 1414 486 missi
1469 425 1721 483 fuerant.
1754 424 1815 481 id
1854 423 2110 496 implete.

2223 420 2335 493 μεθ’
2364 422 2430 471 ὧν
2459 427 2531 491 τῷ
2570 426 2659 473 τοῦ
2714 418 3029 490 ἀγωνοθέτου
3080 418 3531 491 παραστησόμεθα
3578 416 3787 491 βήματι
3813 435 3826 448 '

476 521 697 578 Deinde
722 520 898 576 etiam
924 535 1245 575 conversus
1261 517 1339 574 ad
1359 517 1576 572 domus
1596 518 1928 571 curatorem
1946 512 2117 583 jubet

475 615 699 665 vestem
737 608 1025 664 mundam
1066 607 1144 663 ad
1183 623 1245 662 se
1297 605 1528 671 deferri,
1563 609 1626 659 ut
1660 603 1762 676 qui
1788 602 1915 672 jam
1961 603 2118 655 esset

473 702 721 755 vocatus
751 698 827 753 ad
858 696 1095 769 nuptias
1126 700 1183 750 et
1207 693 1560 757 thalamum,
1593 697 1649 748 et
1681 707 1752 747 eo
1791 690 2111 746 festinaret.

476 789 651 843 Porro
678 791 876 841 autem
898 801 1036 839 cum
1062 784 1354 839 induisset
1372 788 1617 847 vestem,
1640 785 1697 837 et
1714 795 1897 836 manu
1924 782 2115 835 osten-

474 873 654 929 disset
708 873 1022 934 tumulum,
1056 872 1117 927 in
1163 887 1286 944 quo
1316 871 1555 926 volebat
1607 868 1749 940 poni
1794 882 2028 939 corpus,
2055 865 2117 921 in

473 977 669 1031 genua
694 978 831 1017 cum
854 961 923 1017 iis
943 959 1204 1025 duobus,
1227 959 1329 1031 qui
1353 964 1675 1014 erantcum
1700 956 1847 1029 ipso,
1868 955 2119 1011 inclina-

474 1056 567 1105 tus
600 1051 661 1121 (o
675 1050 909 1105 beatum
937 1048 1117 1103 ﬁnem
1145 1048 1446 1120 l),peregit
1466 1051 1761 1102 certamen
1794 1061 1806 1099 :
1836 1050 2116 1115 etampu-

471 1138 607 1193 tatis
649 1153 855 1192 eorum
893 1137 1198 1207 capitibus,
1252 1136 1335 1190 illi
1373 1134 1752 1191 ascribuntur
1794 1133 1855 1187 in
1903 1132 2117 1187 choros

472 1229 797 1297 martyrum
826 1231 879 1280 et
906 1224 1334 1296 apostolorum,
1363 1223 1599 1278 illorum
1623 1222 1859 1293 quidem
1892 1220 2113 1275 fortituv

472 1314 697 1384 dinem,
715 1314 925 1369 horum
955 1330 1092 1369 vero
1119 1312 1306 1368 zelum
1335 1327 1443 1385 pro
1467 1310 1695 1367 Christo
1708 1308 2110 1366 ostendentes.

472 1580 608 1635 VIII.
639 1577 795 1645 Quid
846 1594 984 1634 vero
1030 1582 1164 1651 post
1212 1577 1343 1634 haec
1393 1580 1481 1632 est
1508 1579 1893 1633 consecutum
1921 1572 2116 1629 ?Mar—

474 1668 723 1738 tyricum
746 1666 898 1722 illius
919 1666 1165 1737 Longini
1183 1669 1363 1737 caput
1382 1681 1516 1720 cum
1532 1667 1727 1720 statim
1743 1661 2117 1734 accepissent

2228 509 2351 561 ἀλλά
2380 511 2479 582 γὰρ
2530 511 2573 561 εἷ
2622 528 2671 560 τι
2712 512 2801 559 καὶ
2853 508 3270 582 προσετάχθητε,
3320 510 3443 580 πρὸς
3509 510 3629 567 τοὺς
3694 527 3827 580 πεμ-

2227 601 2439 671 φθέντας
2495 598 2678 669 ἔλεγεν,
2732 595 3066 671 ἓκπληροῦτε.
3130 594 3257 648 Εἶτα
3299 601 3389 648 καὶ
3436 599 3567 669 πρὸς
3615 600 3701 650 τὸν
3732 605 3824 658 τῆς

2226 688 2393 748 οἰκίας
2440 686 2771 760 ἐπιστραφεὶς
2811 684 3108 759 ἐπίτροπον,
3152 684 3339 743 στολὴν
3398 685 3539 757 αύτῷ
3587 687 3822 761 καθαρὰν

2225 778 2543 850 κομισθῆναι
2593 775 2799 841 κελεύει,
2851 777 2920 835 ὡς
2969 773 3054 826 ἐπὶ
3098 776 3265 846 γάμον
3307 769 3415 833 ἢδη
3462 777 3549 826 xui
3576 784 3823 848 νυμφῶνα

2226 865 2465 924 κληθέντι
2524 868 2787 937 καὶπρὸς
2843 863 2997 916 αὐτὸν
3044 860 3351 921 σπεύδοντι.
3409 865 3514 918 Καὶ
3573 860 3641 923 δὴ
3673 884 3822 937 κομι-

2229 958 2440 1008 σθεῖσαν
2498 950 2643 1015 ἐνδύς
2690 958 2778 1005 καὶ
2828 960 2888 1025 τῇ
2940 956 3085 1025 χειρὶ
3133 949 3309 1015 δείξας
3355 955 3442 1004 τὸν
3486 951 3658 1025 λόφον,
3700 955 3821 1006 ἔνθα

2226 1046 2435 1102 τεθῆναι
2482 1047 2539 1094 τὸ
2588 1050 2739 1114 σῶμα
2786 1040 3050 1108 ἠϐούλετο,
3105 1040 3174 1103 εἰς
3225 1045 3347 1112 γόνυ
3401 1043 3532 1113 μετά
3578 1049 3678 1094 τῶν
3726 1046 3819 1094 σὺν

2226 1133 2362 1203 αύτῷ
2418 1132 2604 1191 κλιθεὶς
2658 1133 2721 1203 (ὤ
2800 1134 3058 1203 μακαρίου
3137 1128 3311 1192 τελους
3363 1129 3400 1201 Ῑ)
3477 1134 3562 1183 τόν
3647 1130 3821 1204 ἀγῶνα

2228 1218 2464 1273 διήνυσε⁸
2525 1224 2615 1271 καὶ
2689 1222 2782 1280 τάς
2854 1219 3076 1290 κεφαλὰς
3160 1217 3563 1291 ἀποτμηθέντες,
3633 1228 3820 1294 χοροῖς

2223 1312 2498 1383 μαρτύρων
2571 1313 2661 1360 καὶ
2736 1306 3037 1360 ἀποστόλων
3113 1309 3475 1382 ἐγγράφονται,
3563 1317 3663 1361 τῶν
3727 1312 3817 1381 μὲν

2222 1402 2316 1457 τὴν
2346 1394 2609 1471 ἀνδρείαν,
2653 1404 2752 1448 τῶν
2782 1392 2841 1449 δὲ
2868 1399 2952 1449 τὸν
2992 1397 3118 1469 ὑπὲρ
3149 1404 3383 1472 Χριστοῦ
3425 1397 3580 1459 ζῆλον
3628 1395 3817 1452 ἐπιδει-

2225 1485 2451 1557 ξάμενοι.

2296 1573 2377 1626 Η’.
2418 1576 2486 1626 Τὸ
2517 1569 2575 1625 δε
2618 1575 2750 1645 μέτά
2799 1579 2979 1640 ταῦτα,
3024 1577 3114 1641 τί;
3154 1577 3259 1632 Τὴν
3307 1579 3635 1650 μαρτυρικὴν
3683 1575 3815 1630 ἐκεί·

2222 1680 2313 1719 νην
2358 1666 2616 1733 Λογγίνου
2671 1660 2891 1734 κεφαλὴν
2941 1661 3012 1724 εἰς
3038 1666 3298 1715 πίστωσιν
3351 1660 3538 1737 ἀκριϐῆ
3579 1664 3816 1728 λαϐόντες

472 1757 532 1823 ii,
565 1755 667 1827 qui
697 1772 833 1811 eum
881 1755 1311 1821 interfecerant,
1337 1754 1412 1811 ad
1457 1754 1634 1809 ﬁdem
1681 1753 1854 1826 plene
1908 1751 2112 1806 facien-

2224 1749 2413 1802 αὐτίκα
2467 1753 2517 1802 οἱ
2573 1748 2823 1813 ἀνελόντες
2881 1752 2960 1803 ὅτι
3046 1757 3302 1823 Λογγῖνος
3369 1754 3598 1819 τέθνηκε,
3669 1759 3817 1826 κομί-

471 1846 615 1901 dam
644 1845 809 1917 quod
842 1847 1137 1914 Longinus
1167 1848 1322 1899 esset
1350 1849 1641 1909 mortuus,
1675 1842 1735 1896 id
1770 1844 2007 1913 portant
2037 1839 2115 1894 ad

475 1932 742 1998 Pilatum,
775 1940 837 1988 ut
857 1934 960 2005 qui
982 1933 1199 1989 scirent
1224 1948 1284 1987 se
1306 1932 1469 1988 nullo
1500 1931 1616 1987 alio
1638 1930 1818 1995 dono,
1838 1945 2020 2001 quam
2044 1943 2114 1982 eo

471 2023 665 2090 magis
699 2022 777 2076 illi
802 2021 1255 2091 gratiﬁcaturos.
1288 2024 1414 2093 Ipse
1446 2026 1644 2076 autem
1674 2019 1872 2074 statim
1900 2031 2115 2072 convo-

470 2109 625 2165 cavit
651 2109 911 2174 Judaeos,
945 2125 1168 2179 magna
1198 2125 1401 2165 secum
1423 2108 1718 2179 voluptate
1745 2105 2111 2171 afﬁciendos,

470 2199 655 2270 utqui
689 2199 931 2268 Longini
958 2198 1131 2255 valde
1162 2204 1411 2254 mortem
1430 2197 1900 2262 sitirent,eteam
1931 2195 2112 2250 emis-

470 2292 600 2343 sent
629 2288 916 2358 pecuniis.
947 2288 1114 2353 Quod
1142 2288 1382 2359 quidem
1437 2302 1573 2342 cum
1614 2286 1840 2341 factum
1881 2283 2110 2349 fuisset,

470 2381 533 2432 ut
560 2377 646 2431 eis
683 2376 976 2447 placebat,
1003 2377 1166 2446 jubet
1210 2392 1415 2431 rursus
1462 2375 1711 2445 indigna
1758 2373 1981 2430 Pilatus
2014 2390 2025 2427 :
2060 2376 2115 2428 et

469 2468 605 2521 ante
632 2470 867 2536 portam
906 2465 1152 2520 civitatis
1192 2480 1296 2537 per
1339 2465 1730 2533 ignominiam
1778 2463 1885 2517 fuit
1926 2462 2116 2533 proje-

468 2559 629 2609 ctum
682 2554 1011 2623 pretiosum
1059 2553 1186 2624 ejus
1235 2559 1432 2625 caput.
1482 2553 1596 2609 Sed
1656 2553 1730 2619 is,
1776 2550 1866 2606 cui
1921 2550 2114 2605 visum

468 2640 653 2697 fuerat
683 2643 804 2714 pati
854 2657 957 2713 pro
979 2641 1168 2705 nobis.
1201 2641 1351 2713 ejus,
1377 2642 1480 2712 qui
1502 2646 1743 2713 propter
1769 2640 1966 2710 ipsum
1994 2638 2115 2693 fue-

470 2735 556 2786 rat
585 2745 817 2801 passus,
854 2746 926 2785 ne
953 2745 1106 2785 nunc
1137 2730 1374 2801 quidem
1398 2734 1483 2784 est
1512 2727 1732 2785 oblitus
1759 2743 1773 2785 :
1807 2727 1912 2782 sed
1938 2725 2115 2782 veluti

467 2823 757 2888 perpetuo
777 2824 1165 2889 apparentem
1182 2817 1511 2890 quamdam
1531 2816 1718 2872 facem
1741 2815 1830 2882 iis,
1853 2814 1956 2888 qui
1978 2814 2116 2871 ade-

468 2911 622 2971 rant,
659 2906 1019 2961 cernendam
1062 2904 1371 2976 praebebat
1414 2910 1550 2961 ante
1600 2904 1917 2971 civitatem,
1948 2908 2004 2959 et
2053 2904 2112 2958 in

472 2992 839 3063 sterquilinio
887 2992 1207 3063 jacentem,
1262 2997 1551 3065 tanquam
1603 2991 1664 3047 in
1713 2992 1895 3047 domo
1952 2991 2116 3062 regia

469 3085 901 3147 conservatam,
930 3085 1054 3136 tuto
1074 3083 1437 3153 protegebat,
1468 3096 1587 3136 non
1621 3080 1815 3136 solum
1846 3096 1965 3136 non
1985 3096 2114 3152 per-

468 3167 725 3233 mittens,
772 3173 837 3223 ut
878 3168 1104 3241 aliquid
1160 3174 1459 3241 pateretur
1509 3185 1541 3224 a
1582 3169 1748 3235 ﬁmo,
1781 3169 1885 3224 sed
1932 3169 2112 3225 etiam

468 3254 726 3312 liberans
757 3256 922 3323 alios,
958 3273 1031 3313 ne
1084 3258 1309 3329 aliquid
1354 3264 1594 3330 propter
1649 3258 1710 3313 id
1751 3263 2109 3330 paterentur.

472 3344 757 3407 Quasdam
784 3346 940 3400 enim
973 3345 1184 3401 mulier
1210 3345 1413 3411 vidua,
1455 3362 1586 3418 quas
1615 3351 1802 3402 morte
1834 3346 2113 3400 maritum

471 3433 767 3499 amiserat,
800 3450 932 3489 cum
959 3434 1079 3489 ﬁlio
1119 3441 1317 3490 autem
1351 3435 1523 3489 unico
1556 3433 2027 3499 conﬂictabatur,
2060 3437 2116 3487 et

469 3526 679 3591 praeter
708 3523 1053 3579 viduitatem
1086 3521 1443 3577 sustinuerat
1474 3522 1652 3577 etiam
1685 3520 1993 3576 oculorum
2025 3537 2114 3577 or-

467 3608 730 3679 bitatem,
762 3610 921 3665 malo
953 3612 1068 3666 tide
1101 3616 1397 3682 superato,
1434 3626 1568 3665 cum
1600 3610 1721 3665 ﬁlio
1754 3610 1917 3665 vadit
1954 3611 2115 3665 Jeru-

473 3697 680 3762 salem,
706 3704 1074 3761 sanctorum,
1097 3699 1327 3770 quaaibi
1343 3704 1531 3761 erant,
1553 3700 1817 3754 locorum
1843 3704 2111 3755 contactu

470 3790 526 3841 et
554 3786 919 3853 adoratione,
951 3801 1105 3857 quos
1137 3787 1417 3840 amiserat
1446 3786 1713 3856 corporis
1741 3786 1946 3857 duces,
1981 3803 2113 3858 spe-

468 3888 611 3930 rans
633 3890 694 3930 se
719 3879 1226 3946 recuperaturam.
1260 3873 1407 3929 Cum
1429 3879 1627 3929 autem
1655 3889 1690 3929 a
1720 3874 1841 3929 ﬁlio
1864 3875 2110 3930 deducta

468 3967 689 4019 terram
722 3968 961 4036 caperet
981 3971 1035 4018 et
1073 3962 1398 4035 palverem,
1424 3968 1478 4018 et
1528 3963 1860 4033 imponeret
1905 3964 2110 4030 oculis,

469 4051 741 4124 adjicitur
764 4052 1033 4107 viduitati
1062 4058 1118 4107 et
1138 4052 1445 4108 oculorum
1470 4049 1704 4106 orbitati
1728 4052 1952 4122 (qualia
1974 4058 2114 4107 sunt

470 4139 572 4196 Dei
596 4141 841 4211 judicia)
870 4141 987 4196 alia
1015 4156 1251 4212 quoque
1282 4139 1479 4210 gravis
1506 4139 1832 4195 calamitas.
1866 4141 2111 4196 Morbus

469 4229 628 4283 enim
660 4230 906 4301 quidam
936 4228 1223 4284 invadens
1262 4244 1533 4301 puerum,
1569 4227 1673 4300 qui
1721 4244 1828 4300 pro
1877 4229 2112 4285 amissis

468 4315 656 4373 oculis
684 4318 872 4374 fuerat
897 4319 947 4373 ei
978 4318 1127 4373 alius
1156 4317 1384 4385 oculus,
1416 4323 1655 4389 repente
1687 4318 1818 4389 (pro
1857 4319 2030 4376 dolor
2070 4320 2111 4392 l)

470 4405 690 4477 abripit
710 4422 744 4461 a
770 4405 899 4461 sinu
926 4407 1153 4461 matris.

2228 1838 2381 1898 ζουσι
2408 1846 2479 1910 τῷ
2512 1838 2737 1911 Πιλάτῳ,
2774 1836 2964 1901 εἰδότες
3003 1841 3081 1892 ὅτι
3121 1838 3312 1912 μηδενὶ
3357 1842 3493 1913 ἄλλῷ
3542 1839 3814 1916 δωρήματι

2224 1936 2485 1992 τοσοῦτον,
2550 1932 2616 1991 ὡς
2664 1928 2853 1999 ἐκείνῳ,
2904 1936 2976 1999 τῷ
3034 1928 3174 1999 αύτῷ
3231 1938 3564 2003 χαριοῦνται·
3620 1937 3710 1986 καὶ
3765 1935 3815 1994 ὃς

2225 2017 2488 2070 συνεκάλει
2535 2025 2868 2092 παραχρῆμα
2896 2022 2985 2069 καὶ
3028 2014 3308 2081 Ἰουδαίοις
3337 2021 3401 2070 τά
3447 2020 3647 2092 μεγάλα
3676 2022 3813 2093 αύτῷ

2226 2109 2723 2179 συνησθησομένοις,
2756 2106 2841 2159 ὁίτε
2889 2110 2975 2157 xui
3033 2105 3207 2167 αὐτοῖς
3263 2107 3375 2159 λίαν
3418 2112 3507 2161 τὸν
3554 2115 3811 2183 Λογγίνου

2225 2198 2438 2248 θάνατον
2497 2192 2701 2267 διψῶσι
2752 2200 2839 2247 xui
2886 2197 3177 2268 χρημάτων
3225 2199 3373 2247 ὤνιον
3431 2204 3610 2250 τοῦτον
3663 2218 3812 2257 ποιη-

2225 2291 2477 2356 σαμένοις³
2551 2285 2610 2337 οὗ
2683 2281 2750 2343 δὴ
2803 2290 2892 2336 καὶ
2949 2287 3012 2344 ὡς
3074 2283 3250 2345 αὐτοῖς
3316 2284 3458 2357 φίλον
3541 2293 3810 2360 γενομένου

2223 2376 2536 2448 προστάττει
2582 2378 2672 2426 καὶ
2728 2371 2875 2433 αὖθις
2921 2372 3158 2440 Πιλάτος,
3213 2378 3303 2426 καὶ
3358 2377 3456 2447 πρὸ
3506 2383 3599 2439 τῆς
3648 2379 3812 2439 πύλης

2221 2463 2422 2535 ἀτίμως
2474 2464 2502 2521 ἡ
2550 2466 2701 2534 τιμία
2741 2462 2931 2534 κεφαλὴ
2981 2470 3070 2522 τῆς
3117 2462 3310 2524 πόλεως
3348 2462 3577 2538 ἔρριπτο·
3630 2465 3733 2517 ἀλλ’
3785 2467 3812 2517 ὁ

2223 2553 2348 2625 ὑπὲρ
2380 2553 2525 2624 ἡμῶν
2572 2553 2751 2604 παθεῖν
2800 2548 3099 2613 εὐδοκήσας
3145 2559 3235 2604 τοῦ
3268 2549 3339 2604 δι’
3381 2552 3535 2605 αὐτὸν
3564 2557 3815 2615 παθόντος

2224 2637 2345 2693 οὐδὲ
2391 2647 2476 2691 νῦν
2517 2639 2805 2706 ἐπελάθετο,
2858 2639 2965 2691 ἀλλ’
3015 2640 3119 2692 οἷον
3174 2639 3384 2713 ἀειφανῆ
3443 2661 3559 2694 τινα
3612 2647 3812 2717 πυρσὸν

2221 2736 2324 2790 τοῖς
2373 2736 2625 2801 παριοῦσι
2689 2736 2938 2802 παρεῖχῠ
2995 2729 3116 2801 όρᾲν
3168 2734 3269 2804 πρὸ
3324 2738 3413 2791 τῆς
3467 2732 3658 2793 πόλεως
3722 2737 3812 2786 καὶ

2223 2826 2284 2891 τῇ
2333 2822 2527 2890 κοπρίᾳ
2566 2821 2822 2890 κειμένην,
2874 2820 2942 2879 ὡς
2989 2816 3036 2868 ἐν
3087 2816 3348 2890 βασιλικῷ
3388 2822 3512 2891 οἴκῳ
3560 2821 3811 2893 φυλαττο-

2223 2910 2376 2978 μένην
2431 2906 2632 2979 ἀφανῶς
2690 2908 2918 2971 ἔσκεπεν,
2978 2906 3037 2957 ού
3108 2912 3259 2977 μόνον
3329 2904 3480 2960 οὐδὲν
3555 2908 3655 2962 ἀπὸ
3717 2919 3812 2973 τῆς

2225 3001 2439 3070 κοπρίας
2487 2995 2645 3058 ἐάσας
2675 2997 2874 3061 παθεῖν,
2926 2994 3056 3047 ἀλλὰ
3083 3001 3172 3048 καὶ
3220 3004 3310 3048 τοῦ
3342 2999 3571 3070 πάσχειν
3615 2999 3814 3074 ἑτέρους

2226 3082 2319 3137 διά
2367 3088 2559 3148 ταύτης
2615 3084 2976 3157 ἐλευθερώσας.
3036 3090 3190 3158 Χήρα
3236 3089 3333 3162 γάρ
3404 3106 3480 3148 τις
3544 3093 3667 3159 γυνὴ
3724 3094 3812 3142 xui

2225 3176 2424 3245 θανάτῳ
2476 3178 2565 3247 μὲν
2604 3179 2691 3226 τὸν
2730 3171 2900 3246 ἄνδρα
2934 3176 3278 3245 ζημιωθεῖσα,
3331 3178 3427 3248 υἱῳ
3452 3173 3512 3229 δέ
3539 3197 3641 3229 τινι
3665 3198 3809 3251 μονο-

2222 3270 2353 3334 γενεί
2400 3267 2487 3314 καὶ
2540 3267 2679 3334 μόνῳ
2730 3262 3021 3314 σαλεύουσα
3068 3268 3157 3315 καὶ
3204 3269 3334 3337 πρὸς
3386 3273 3447 3338 τῇ
3495 3271 3696 3340 χηρείᾳ
3724 3272 3813 3320 καὶ

2223 3358 2322 3401 τῶν
2362 3349 2633 3423 ὀφθαλμῶν
2684 3356 2921 3422 πήρωσιν
2965 3352 3261 3418 ύποστᾶσα,
3312 3357 3487 3406 πίστει
3535 3359 3594 3407 τὸ
3649 3358 3812 3419 πάθος

2223 3444 2484 3497 νικήσασα
2536 3442 2666 3511 μετά
2720 3446 2810 3491 τοῦ
2862 3444 3038 3491 τέκνου
3102 3444 3232 3515 πρὸς
3306 3447 3398 3501 τὴν
3475 3441 3814 3517 Ἰερουσαλὴμ

2224 3530 2424 3595 ἄπεισι,
2474 3536 2534 3601 τῇ
2573 3538 2671 3581 τῶν
2724 3529 2883 3602 ἀγίων
2926 3532 2973 3582 ἐν
3013 3530 3142 3603 αὐτῇ
3189 3536 3358 3585 τόπων
3407 3532 3572 3607 ἐπαφῇ
3622 3554 3677 3588 τε
3723 3540 3812 3587 xui

2222 3624 2596 3690 προσκυνήσει,
2658 3618 2743 3678 ούς
2799 3617 3114 3678 ἀποϐέϐληκε
3156 3629 3247 3673 τοῦ
3293 3628 3529 3694 σώματος
3567 3643 3810 3696 φωταγω·

2221 3711 2365 3778 γοὺς,
2416 3706 2686 3759 ἀπολαϐεῖν
2738 3706 3014 3763 ἐλπίσασα.
3068 3708 3152 3770 Ὠς
3199 3707 3286 3761 οὖν
3328 3713 3426 3763 ὑπὸ
3478 3719 3569 3765 τοῦ
3620 3709 3808 3774 παιδὸς

2222 3802 2679 3869 χειραγωγουμένη
2729 3805 2819 3849 τοῦ
2866 3801 2998 3869 χοὸς
3040 3796 3287 3871 ἐλάμϐανε
3332 3806 3422 3853 καὶ
3460 3809 3550 3862 τῆς
3601 3806 3804 3866 κόνεως,

2222 3891 2311 3937 xui
2353 3892 2462 3946 τοῖς
2514 3885 2797 3958 ὀφθαλμοῖς
2845 3885 3082 3952 ἐπετίθει,
3133 3892 3467 3963 προστίθεται
3505 3898 3567 3963 τῇ
3612 3896 3809 3966 χηρείᾳ

2221 3978 2310 4025 καὶ
2356 3982 2419 4045 τῇ
2466 3979 2700 4047 πηρώσει
2749 3982 2846 4026 τῶν
2914 3975 3205 4048 ὀφθαλμῶν,
3269 3979 3353 4029 οἷα
3406 3980 3470 4031 τά
3521 3987 3614 4032 τοῦ
3676 3988 3809 4033 Θεοῦ

2221 4066 2470 4135 κρίματα,
2526 4068 2614 4115 καὶ
2658 4062 2784 4121 ἄλλη
2833 4062 3039 4135 χαλεπὴ
3088 4069 3347 4139 συμφορά·
3394 4072 3546 4130 νόσος
3572 4070 3673 4143 γάρ
3729 4088 3809 4129 τις

2221 4150 2588 4203 καταλαϐοῦσα
2639 4154 2725 4204 τόν
2772 4148 2961 4219 παῖδα,
3019 4156 3104 4205 τὸν
3157 4152 3268 4207 ἀντὶ
3326 4164 3421 4217 τῆς
3473 4158 3665 4229 ζημίας
3708 4165 3808 4209 τῶν

2222 4239 2492 4312 ὀφθαλμῶν
2547 4240 2804 4313 ὀφθαλμὸν
2856 4240 3002 4292 ἄλλον
3061 4241 3188 4313 αὐτῇ
3254 4249 3541 4316 γενόμενον,
3599 4244 3806 4321 ἀθρόον,

2221 4332 2379 4401 οἴμοι,
2412 4337 2510 4380 τῶν
2539 4328 2770 4401 ἀγκαλῶν
2805 4337 2899 4391 τῆς
2926 4333 3123 4403 μητρὸς
3154 4330 3397 4405 ἁρπάζει.

468 4494 560 4548 ΙΧ.
589 4493 789 4549 Statim
830 4509 971 4563 ergo
1014 4494 1283 4563 duplices
1314 4493 1392 4549 ad
1437 4509 1574 4549 eum
1613 4494 1906 4550 accedunt
1953 4500 2112 4552 tene-

2295 4489 2378 4542 ϐ’.
2435 4489 2603 4552 Εὐθὺς
2644 4487 2730 4543 οὖν
2777 4487 2991 4543 διπλοῦν
3045 4493 3174 4565 αὐτῇ
3215 4496 3272 4544 τό
3317 4497 3499 4555 σκότος
3546 4495 3807 4568 ἐπιφοιτᾷ,

469 4586 612 4645 brae,
639 4586 696 4637 et
715 4582 847 4636 vitae
872 4581 973 4636 lux
996 4581 1175 4635 simul
1193 4582 1583 4651 exstinguitur
1606 4598 1743 4638 cum
1759 4582 1889 4638 luce
1912 4584 2112 4641 oculo-

468 4687 603 4727 rum
632 4686 645 4725 :
680 4674 921 4741 eratque
958 4670 1203 4725 omnino
1233 4670 1431 4726 infelix
1470 4670 1572 4726 illa
1604 4671 1945 4736 immobilis,
1981 4678 2110 4729 tan-

470 4775 656 4833 quam
705 4758 907 4831 aliquo
950 4758 1209 4823 fulmine,
1260 4759 1529 4831 perculsa
1578 4759 1930 4815 calamitate.
1963 4760 2110 4818 Cum

470 4853 669 4906 autem
697 4847 877 4918 paulo
908 4855 1041 4919 post
1073 4863 1108 4902 a
1140 4846 1297 4902 malo
1328 4848 1405 4902 ad
1438 4862 1500 4901 se
1532 4848 1822 4913 rediisset,
1859 4849 2112 4907 deﬂebat

470 4934 896 5001 miserabiliter,
936 4944 991 4991 et
1037 4935 1411 4991 miserandas
1463 4952 1636 4992 voces
1679 4937 1986 4993 emittebat
2032 4938 2111 4994 ad

472 5020 809 5079 Dominum:
844 5026 887 5081 Ο
920 5024 1188 5089 Domine,
1218 5024 1442 5090 dicens,
1474 5040 1578 5080 cur
1604 5025 1687 5079 sic
1734 5030 1978 5095 gravata
2025 5034 2111 5085 est

470 5127 684 5167 manus
737 5119 838 5169 tua
865 5130 1043 5185 super
1075 5130 1189 5183 me,
1216 5119 1271 5169 et
1300 5129 1482 5185 supra
1508 5113 1769 5171 dolorem
1797 5116 2109 5173 vulnerum

472 5215 743 5256 meorum
798 5202 1153 5257 addidisti“?
1207 5204 1269 5257 Et
1324 5218 1482 5258 nunc
1539 5202 1742 5257 lumen
1799 5204 2107 5261 oculorum

472 5304 745 5344 meorum
786 5294 841 5343 et
896 5288 1096 5361 ipsum
1140 5306 1261 5346 non
1314 5298 1403 5346 est
1449 5292 1732 5346 mecum“.
1766 5295 1917 5348 Num
1962 5293 2109 5349 vires

471 5375 745 5448 lapidum
802 5376 953 5431 vires
1005 5380 1203 5435 meas?
1236 5383 1373 5452 lpsa
1414 5395 1655 5452 quoque
1704 5380 1921 5447 dicam,
1945 5381 2108 5453 quod

469 5463 607 5522 Job"
632 5481 644 5520 :
676 5465 954 5521 «Posuisti
980 5482 1075 5522 me
1104 5468 1475 5539 parabolam,
1501 5468 1765 5535 Domine,
1795 5474 1850 5526 et
1876 5477 2105 5526 motum

543 5573 565 5609 ⁵
595 5572 747 5629 Psal.
780 5588 945 5640 van,
976 5575 1064 5629 27.
1142 5577 1163 5609 ⁶
1193 5575 1349 5633 Psal.
1372 5592 1589 5642 xxxvu,
1630 5578 1718 5631 11.

1796 5578 1815 5611 ⁷
1840 5576 1964 5632 Job.
1997 5592 2071 5644 v1,
2102 5578 2189 5631 22.

2221 4583 2310 4630 xui
2365 4582 2421 4630 τὸ
2478 4587 2568 4631 τοῦ
2604 4578 2724 4650 βίου
2780 4588 2879 4651 φῶς
2908 4587 2979 4649 τῷ
3022 4589 3120 4632 τῶν
3159 4579 3402 4653 ὀμμάτων
3458 4583 3807 4636 συναποσϐέν-

2221 4686 2387 4732 νυται,
2420 4673 2509 4720 καὶ
2561 4664 2621 4724 ἦν
2670 4667 2796 4726 ὅλως
2835 4666 3070 4729 ἀκίνητος
3099 4671 3128 4727 ἡ
3164 4668 3337 4736 ἀθλία,
3383 4672 3555 4745 ὥσπερ
3590 4680 3808 4743 σκηπτῷ

2220 4775 2322 4807 τινι
2362 4754 2619 4828 βληθεῖσα
2659 4764 2720 4827 τῇ
2766 4762 3023 4830 συμφορᾷ.
3064 4762 3207 4811 Μετὰ
3256 4757 3439 4833 βραχὺ
3485 4756 3545 4812 δὲ
3594 4760 3812 4832 νήψασα

2221 4849 2404 4918 μικρὸν
2442 4851 2533 4896 τοῦ
2595 4852 2776 4910 κακοῦ,
2831 4844 3035 4897 ἐλεεινὸν
3088 4844 3408 4922 ἀποδύρεται
3462 4854 3552 4901 καὶ
3598 4849 3811 4924 οἰκτρὰς

2222 4935 2359 5005 ἠφίει
2388 4936 2512 5007 πρὸς
2558 4936 2645 4985 τὸν
2695 4938 2953 4992 Δεσπότην
3000 4938 3181 5008 φωνάς·
3230 4935 3299 4987 Ὠ
3354 4940 3529 5011 Κύριε,
3561 4938 3808 5010 λέγουσα,

2224 5026 2356 5074 ἰνατί
2385 5022 2545 5083 οὕτως
2594 5021 2846 5097 ἐϐαρύνθη
2892 5023 2969 5076 ἐπ’
3024 5027 3109 5097 ἐμὲ
3138 5027 3168 5084 ἡ
3200 5031 3322 5101 χείρ
3372 5044 3486 5098 σου,
3518 5032 3606 5079 καὶ
3635 5031 3718 5081 ἐπὶ
3747 5032 3808 5081 τὸ
3836 5058 3855 5075 ο

2220 5112 2377 5182 ἄλγος
2419 5119 2516 5163 τῶν
2572 5113 2879 5183 τραυμάτων
2928 5132 3026 5184 μου
3078 5116 3428 5187 προσέθηκας,
3477 5121 3567 5168 καὶ
3624 5124 3712 5168 νῦν
3748 5121 3807 5169 τὸ

2221 5209 2322 5272 φῶς
2354 5208 2451 5252 τῶν
2495 5199 2764 5272 ὀφθαλμῶν
2794 5221 2893 5273 μου
2924 5207 3012 5253 καὶ
3043 5202 3168 5254 αύτὸ
3217 5204 3311 5255 ούκ
3338 5206 3450 5256 ἔστι
3499 5205 3606 5277 μετ’
3638 5204 3763 5278 ἐμοῦ
3791 5224 3804 5275 ;

2219 5292 2303 5347 Μὴ
2341 5288 2500 5360 ἰσχὺς
2528 5288 2680 5341 λίθων
2710 5292 2740 5347 ἡ
2777 5290 2937 5362 ἰσχύς
2968 5310 3067 5362 μου
3103 5295 3214 5358 ;Τὸ
3263 5300 3352 5345 τοῦ
3384 5292 3501 5346 Ἰὼϐ
3551 5299 3640 5347 xui
3676 5294 3804 5354 αὐτὴ

2219 5378 2334 5452 ἐρῶ.
2394 5377 2616 5439 Ἓθηκάς
2662 5397 2724 5450 με
2779 5378 3097 5454 παραϐολὴν,
3154 5385 3405 5448 Δέσποτα,
3460 5388 3548 5437 καὶ
3600 5388 3808 5442 κίνησιν

2218 5466 2436 5539 κεφαλῆς
2483 5464 2530 5518 ἐν
2577 5473 2728 5539 πᾶσι,
2782 5471 2871 5520 καὶ
2921 5467 3253 5540 ἰσχύνθησαν
3304 5468 3385 5523 ἐπ’
3412 5471 3501 5544 ἐμὲ
3539 5474 3587 5527 οἱ
3617 5473 3807 5546 ὑπομέ-
