4110 6272
185 312 248 370 ιι
1568 316 1737 375 .VITA
1773 317 1812 373 s
1853 314 2170 380 LONGlNI.
3473 338 3545 394 42

183 445 344 502 νοντές
401 459 478 505 σε,
538 442 715 514 Κύριε,
779 445 933 516 Κύριε
981 451 1082 496 τῶν
1136 439 1401 518 δυνάμεων
1449 463 1460 474 ⁸
1522 451 1593 518 μὴ
1649 448 1778 518 μόνη

1916 447 2107 518 :apitis
2143 450 2204 507 in
2243 455 2526 512 omnibus
2557 473 2572 512 :
2606 461 2661 514 et
2699 459 2927 530 pudore
2957 459 3150 515 affecti
3181 464 3320 516 sunt
3358 477 3539 532 super

183 529 344 592 οὕτως
390 532 623 602 ἥμαρτον
670 529 769 602 ἐγὼ
835 537 924 584 καὶ
973 537 1102 605 μόνη
1172 535 1305 586 οὕτω
1344 533 1654 606 κολάζομαι,
1704 537 1782 587 ὅτι

1916 552 2006 602 ne,
2035 539 2137 611 qui
2159 543 2446 600 sustinent
2472 549 2546 611 te,
2578 529 2822 603 Domine
2845 548 3143 605 virtutum.
3178 567 3207 600 ν
3234 551 3386 605 Num
3410 529 3539 606 sola

181 625 269 672 καὶ
308 623 475 691 φωτὸς
502 617 589 692 ἐμὲ
634 623 718 672 καὶ
747 628 840 673 τοῦ
888 630 1194 693 μονογενοῦς
1239 625 1359 697 ἄρτι
1411 631 1502 676 τοῦ
1553 628 1646 676 ἶσα
1691 628 1781 676 καὶ

1914 623 1975 680 ιίο
2007 631 2243 698 peccavi
2276 647 2388 702 ego
2409 633 2438 687 Ῡ
2466 640 2523 690 et
2551 635 2680 692 sola
2709 637 2794 692 sic
2821 637 3054 708 punior,
3089 637 3254 710 quod
3283 653 3378 694 me
3405 638 3537 694 luce

183 708 348 776 φωτός
377 703 489 777 ἐμοὶ
533 709 793 777 φαίνοντος
843 705 1202 782 ἀπεστέρησας
1234 726 1247 777 ;
1283 715 1414 763 Ποία
1466 730 1555 782 μοι
1601 709 1778 761 λοιπὸν

1913 719 1943 769 ιι
1974 715 2276 785 unigenito
2304 721 2449 792 ﬁlio,
2485 725 2582 795 qui
2622 729 2747 782 erat
2785 703 2974 782 instar
3009 703 3181 794 lucis,
3223 726 3470 795 privasti
3508 728 3536 783 ‘I

183 799 446 868 σωτηρίας
486 793 628 856 ἐλπίς
669 800 842 862 ;ποία
882 815 973 868 μοι
1009 801 1346 871 παραμυθίας
1387 795 1509 860 ὁδός
1542 821 1554 865 ;
1597 802 1772 870 Οἶμοι,

1909 804 2169 868 )uaenam
2205 811 2348 866 mihi
2373 817 2462 868 est
2489 793 2768 886 deinceps
2790 830 2926 886 spes
2958 814 3168 871 salutis
3191 793 3532 880 {Quisnam

179 882 405 954 φίλτατε,
459 888 584 936 πότε
656 904 748 956 μοι
819 892 1209 961 παρηγορήσας
1264 891 1322 940 τὸ
1377 890 1536 949 πάθος
1585 907 1599 957 ;
1652 887 1775 940 πότε

1907 891 2023 949 nihi
2042 895 2134 951 via
2145 898 2600 956 consolationis?
2616 882 2718 957 Hei
2728 882 2885 968 mihi,
2904 903 3262 972 charissime,
3283 904 3530 976 quando

177 975 441 1042 κουφίσεις
497 981 592 1025 τῶν
651 972 896 1046 ὀμμάτων
960 980 1052 1035 τὴν
1123 980 1410 1052 συμφορὰν,
1471 979 1555 1029 ἐπὶ
1606 996 1772 1034 σωτη-

1907 982 2019 1037 nihi
2033 984 2246 1041 malum
2263 988 2666 1045 consolaberis
2677 989 2706 1044 7
2721 991 2966 1056 Quando
2979 991 3290 1048 oculorum
3302 972 3530 1048 levabis

176 1064 292 1131 ρίαν
337 1081 400 1134 με
445 1070 833 1135 χειραγωγῶν;
886 1062 1119 1130 Ἔλαθες,
1173 1064 1212 1117 ὦ
1259 1074 1377 1130 παῖ,
1431 1071 1521 1118 καὶ
1573 1066 1772 1138 μείζονι

1904 1071 2299 1139 :alamitatem,
2333 1090 2426 1130 me
2447 1075 2750 1132 deducens
2767 1076 2846 1133 ad
2869 1077 3120 1133 salutem
3145 1078 3173 1132 ?
3197 1078 3527 1144 Nescivisti,

174 1149 309 1222 ἄλλῳ
337 1156 685 1224 συμπτώματι
721 1160 791 1222 τῷ
843 1160 920 1224 σῷ
952 1157 1245 1226 ζημιώσας.
1291 1159 1433 1228 Οἶχη
1482 1175 1571 1227 μοι
1615 1159 1770 1226 φυτόν

1901 1172 1917 1212 ›
1945 1157 2048 1226 ﬁli,
2077 1162 2242 1231 quod
2270 1164 2480 1233 majori
2510 1166 2672 1220 omni
2704 1165 2840 1229 alio,
2874 1170 2973 1221 tuo
3005 1181 3149 1222 casu
3180 1165 3327 1221 mihi
3356 1166 3524 1222 dam-

175 1233 396 1296 ἣδιστον
434 1243 534 1314 πρὸ
589 1242 738 1315 ὧρας,
792 1247 954 1314 μόνην
985 1245 1070 1312 ἐμὲ
1124 1248 1214 1302 τὴν
1261 1243 1441 1296 ἀθλίαν
1486 1243 1768 1299 ἀπολιπών.

1906 1262 2027 1301 tum
2054 1248 2296 1305 afferres
2323 1252 2652 1307 maximum
2672 1253 2700 1307 ?
2735 1254 2891 1318 Abis,
2921 1253 3128 1325 planta
3150 1254 3293 1310 mihi
3312 1254 3529 1326 jncun-

173 1325 294 1380 Αλλ⁹
325 1329 461 1381 οὕτω
507 1332 596 1403 μεν
645 1332 675 1389 ἡ
710 1336 886 1405 μήτηρ
947 1351 962 1364 ο
1011 1337 1103 1385 καὶ
1141 1337 1192 1385 τί
1237 1335 1339 1407 ’γὰρ
1371 1337 1400 1391 ἦ
1435 1339 1631 1405 μήτηρ,
1679 1337 1770 1384 καὶ

1901 1335 2146 1402 tissima,
2187 1353 2283 1393 me
2320 1339 2534 1395 misera
2565 1341 2693 1397 sola
2716 1341 2918 1398 relicta
2945 1341 2973 1396 7
3006 1342 3120 1398 Sed
3158 1344 3241 1398 sic
3279 1325 3524 1415 quidem

169 1420 345 1492 μήτηρ
413 1427 774 1490 μονογενοῦςς
846 1425 946 1474 Καὶ
1010 1421 1169 1482 οὕτως
1243 1421 1464 1484 ἐλεεινῶς
1539 1424 1769 1493 ἔχουσαν

1900 1430 2088 1490 nater,
2123 1430 2178 1481 et
2219 1433 2406 1483 mater
2433 1429 2737 1499 unigeniti,
2778 1431 2884 1502 qui
2923 1431 3007 1486 sic
3045 1430 3328 1488 fulciebat
3365 1447 3523 1496 eam,

169 1505 514 1581 ὑποστηρίζει
541 1508 722 1570 οὕτως.

1875 1527 2012 1583 quae
2039 1529 2100 1568 se
2129 1513 2392 1572 habebat
2433 1521 2549 1573 tam
2592 1517 3021 1573 miserabiliter.

241 1595 300 1650 I'.
351 1597 557 1660 Μεταξὺ
611 1594 670 1650 δὲ
725 1601 856 1672 πρὸς
919 1598 1074 1652 ὕπνον
1132 1599 1508 1671 κατενεχθείση
1563 1600 1588 1650 ό
1637 1599 1766 1658 θεὶος

1949 1601 2008 1654 Χ.
2043 1602 2278 1658 [nterim
2304 1610 2504 1660 autem
2542 1605 2689 1661 dum
2727 1605 2934 1662 fuisset
2963 1606 3021 1662 in
3055 1621 3336 1663 somnum
3363 1623 3522 1663 reso-

171 1690 426 1757 Λογγῖνος
483 1687 609 1759 αὐτῇ
679 1686 950 1760 ἐφίσταται
991 1693 1079 1740 καὶ
1121 1690 1290 1740 πάντα
1344 1687 1479 1759 λέγει
1535 1690 1599 1740 τὰ
1649 1684 1763 1738 κατ’

1899 1695 2017 1755 uta,
2049 1690 2287 1747 divinus
2317 1693 2368 1748 ei
2401 1699 2650 1764 apparet
2680 1694 2999 1765 Longinus,
3033 1700 3089 1750 et
3115 1696 3318 1751 omnia
3354 1695 3515 1762 dicit,

167 1774 342 1841 αὐτόν,
366 1781 454 1835 τὴν
484 1774 568 1828 ἐπὶ
616 1784 844 1852 σταυροῦ
870 1785 961 1829 τοῦ
1001 1785 1237 1850 Σωτῆρος
1265 1779 1409 1849 ἡμῶν
1464 1777 1759 1849 ὁμολογίαν,

1894 1794 2007 1849 ωδε
2031 1779 2107 1834 ad
2132 1780 2329 1851 ipsum
2357 1781 2751 1852 pertinebant,
2774 1799 2910 1855 qum
2933 1783 2992 1838 in
3010 1799 3182 1839 cruce
3203 1783 3517 1839 Salvatoris

164 1867 251 1917 τὸν
307 1867 450 1939 παρὰ
505 1869 764 1941 Καίσαρος
825 1866 964 1936 αὐτῷ
1018 1871 1108 1918 καὶ
1176 1866 1398 1919 Πιλάτου
1466 1866 1764 1938 καταψηφι-

1896 1867 2055 1922 iostri
2082 1867 2236 1923 facta
2265 1868 2392 1935 fuit,
2421 1869 2878 1937 confessionem,
2914 1876 3162 1942 mortem
3194 1886 3318 1942 qua
3337 1886 3375 1927 a
3399 1869 3519 1926 Cae-

166 1953 350 2005 σθέντα
394 1955 628 2019 θάνατον,
670 1958 763 2014 τὴν
803 1957 1022 2028 ἐκτομὴν
1063 1964 1158 2017 τῆς
1199 1955 1418 2028 κεφαλῆς
1461 1960 1550 2006 καὶ
1580 1954 1758 2020 τᾶλλα,

1893 1971 2001 2010 tare
2032 1961 2088 2012 et
2115 1957 2294 2013 Pilato
2317 1957 2422 2014 fuit
2441 1950 2898 2028 Condemnatus,
2921 1959 3130 2031 capitis
3157 1959 3516 2030 amputatio-

161 2042 265 2093 ὅσα
313 2037 408 2094 διὰ
463 2046 688 2114 Χριστόν
737 2045 763 2094 ό
813 2045 1014 2119 μάρτυς
1063 2044 1342 2116 φιλοτίμως
1394 2045 1612 2110 ὑπέστη,
1671 2049 1760 2096 καὶ

1894 2059 2029 2109 tem,
2063 2050 2118 2100 et
2147 2045 2280 2111 alia,
2315 2062 2449 2118 quae
2478 2053 2705 2120 martyr
2734 2053 2976 2120 propter
3009 2047 3310 2103 Christum
3343 2048 3517 2104 susti-

160 2131 242 2183 ὃτι
295 2135 381 2184 Σοὶ
440 2135 533 2190 τὴν
617 2131 745 2204 έμην
800 2137 927 2208 πρὸς
1004 2135 1274 2205 θεραπείαν
1331 2130 1437 2186 ἔδει
1501 2141 1600 2185 τῶν
1656 2141 1759 2185 σῶν

1891 2134 1994 2190 luit
2043 2136 2379 2205 magniﬁce.
2425 2139 2575 2202 Quin
2628 2139 2806 2192 etiam
2852 2137 2988 2193 dicit
3017 2138 3108 2192 ei:
3165 2139 3406 2208 Oportet
3459 2141 3514 2193 te

160 2218 436 2292 ὀφθαλμῶν
499 2219 848 2292 φυλάττεσθαι
900 2221 1141 2294 κεφαλὴν,
1217 2221 1375 2295 πολλῇ
1435 2230 1495 2295 τῇ
1567 2227 1760 2294 κοπρίᾳ

1889 2223 2188 2280 >bservare
2201 2241 2382 2280 meum
2397 2231 2575 2297 caput
2588 2225 2762 2281 multo
2776 2225 2911 2282 ﬁmo
2925 2231 3166 2294 tectum,
3181 2225 3260 2280 ad
3273 2230 3512 2281 tuorum

156 2307 547 2380 καλυπτομένην
604 2327 616 2339 ·
681 2311 744 2361 ἶν’
805 2309 1041 2384 ἁψαμένη
1115 2331 1201 2363 σοι
1267 2315 1324 2363 τὸ
1400 2320 1505 2384 φῶς
1574 2311 1759 2373 εὐθέως

1888 2313 2179 2369 mulorum
2208 2314 2598 2370 curationem.
2631 2318 2779 2371 Nam
2819 2314 2869 2368 si
2909 2313 3051 2370 illud
3089 2315 3369 2384 attigeris,
3408 2313 3511 2370 lux

159 2396 489 2473 ἀκολουθήσῃ
528 2404 617 2452 καὶ
668 2402 754 2452 τὸν
798 2395 968 2452 παῖδα
998 2396 1058 2452 δέ
1097 2419 1180 2452 σοι
1221 2403 1353 2472 μετὰ
1391 2396 1552 2463 δόξης
1594 2421 1759 2475 παρα-

1888 2401 2064 2456 ;tatim
2102 2407 2157 2457 te
2198 2408 2498 2475 sequetur.
2540 2405 2685 2459 Poro
2725 2408 2925 2458 autem
2963 2417 3075 2471 ego
3116 2417 3359 2474 quoque
3408 2402 3511 2458 tibi

161 2490 421 2559 στήσαιμι
457 2491 514 2539 τὸ
564 2487 641 2540 ἐπ’
692 2487 828 2558 αὐτῷ
871 2489 1036 2551 πάθος
1079 2488 1577 2560 ψυχαγωγήσαντα.
1631 2492 1755 2542 Τού-

1885 2489 2164 2546 ιάἀυοειω
2205 2507 2457 2562 puerum
2496 2507 2634 2546 eum
2673 2490 2881 2561 gloria,
2922 2491 3023 2563 qui
3063 2507 3242 2562 quem
3269 2497 3508 2562 propter

156 2595 266 2638 τοις
305 2578 333 2635 ἡ
367 2581 494 2648 γυνὴ
525 2584 628 2638 τοῖς
679 2575 847 2648 λόγοις
895 2578 1290 2652 παρακληθεῖσα
1341 2597 1394 2630 τε
1423 2583 1516 2637 τὴν
1569 2578 1753 2650 ψυχὴν

1884 2594 2002 2633 tum
2021 2579 2259 2651 accipis,
2284 2579 2550 2635 dolorem
2577 2583 2935 2635 consoletur.
2962 2579 3059 2634 His
3082 2579 3278 2634 verbis
3296 2579 3507 2635 mulier

154 2670 246 2718 καὶ
303 2671 360 2718 τὸ
413 2675 565 2738 σῶμα
640 2669 823 2728 ἱκανῶς
898 2669 1229 2742 νευρωθεῖσα,
1316 2671 1443 2742 πρὸς
1491 2672 1547 2720 τό
1606 2671 1752 2742 ἔργον

1884 2683 2065 2722 mimo
2096 2675 2378 2734 recreata,
2413 2671 2465 2722 et
2494 2683 2742 2738 corpore
2763 2667 2906 2722 satis
2933 2665 3338 2732 corroborata,
3373 2682 3507 2737 pre-

154 2754 415 2827 ἠπείγετο.
463 2757 604 2809 Ἐπεὶ
635 2753 693 2809 δε
740 2762 829 2809 καὶ
875 2760 960 2809 τόν
999 2762 1174 2822 τόπον,
1227 2759 1347 2810 ἔνθα
1387 2762 1480 2816 τὴν
1531 2757 1752 2830 κεφαλὴν

1884 2755 2112 2812 ierabat
2141 2755 2218 2811 ad
2247 2772 2420 2828 opus.
2455 2756 2608 2814 Cum
2640 2759 2840 2811 autem
2871 2753 3128 2810 deducta
3153 2755 3281 2825 jam
3309 2769 3507 2826 perve-

152 2842 428 2914 ἕμάνθανεν
499 2843 828 2912 ἀποκεῖσθαι,
886 2850 1347 2920 χειραγωγουμένη
1417 2843 1524 2904 ἤδη
1578 2852 1752 2900 κατεί-

1882 2845 2047 2901 iisset
2069 2846 2147 2900 ad
2177 2845 2396 2913 locum,
2424 2845 2483 2900 in
2509 2860 2631 2916 quo
2663 2843 2890 2899 sciebat
2918 2848 3098 2914 caput
3122 2859 3252 2899 esse
3275 2843 3505 2916 reposi-

149 2933 300 3003 ληφε,
360 2935 636 3005 προθύμως
705 2930 957 3007 διώρυττε
1031 2941 1141 2993 ταῖς
1217 2939 1376 3007 χερσὶ
1426 2940 1515 2987 καὶ
1580 2938 1751 3010 ὥσπερ

1879 2951 2009 3000 υω,
2045 2940 2324 3006 prompto
2353 2939 2410 2990 et
2438 2934 2618 2990 alacri
2657 2934 2860 2989 animo
2899 2932 3166 2989 fodiebat
3205 2933 3502 2989 manibus.

150 3023 272 3071 τινὰ
320 3021 582 3093 θησαυρὸν
624 3019 912 3095 ἀνευροῦσα
961 3025 1055 3078 τὴν
1098 3021 1320 3092 κεφαλὴν
1359 3021 1468 3091 ἅμα
1517 3031 1577 3094 τῇ
1629 3027 1752 3074 ταύ-

1881 3026 2066 3078 Ξιουω
2081 3024 2251 3080 veluti
2265 3023 2588 3094 quemdam
2607 3023 2948 3078 thesaurum
2966 3022 3504 3094 caputinvenisset,

147 3127 248 3170 της
289 3109 484 3183 εὑρέσει
515 3112 602 3161 καὶ
651 3111 708 3160 τὸ
752 3105 890 3160 ἴδιον
935 3107 1219 3182 ἐξευρίσκει
1269 3117 1393 3181 φῶς,
1439 3115 1527 3162 καὶ
1578 3109 1756 3182 βλέπει

1880 3112 2039 3165 simul
2094 3129 2231 3166 cum
2260 3113 2388 3181 ejus
2417 3112 2771 3176 inventione,
2806 3127 2980 3166 suam
3019 3126 3260 3184 quoque
3309 3110 3503 3166 lucem

145 3201 236 3252 τὸν
269 3198 412 3258 ἣλιον
455 3201 484 3256 ἤ
517 3202 603 3250 καὶ
643 3198 806 3256 αὐτὴν
838 3203 992 3269 φᾶναι
1035 3202 1126 3255 τὴν
1182 3197 1405 3269 κεφαλὴν
1457 3201 1526 3260 ὡς
1571 3202 1752 3256 νοητὸν

1883 3198 2087 3254 nvenit
2114 3217 2133 3263 ;
2163 3205 2219 3254 et
2247 3199 2460 3270 aspicit
2493 3199 2700 3265 solem,
2735 3205 2837 3254 aut
2867 3199 3050 3255 etiam
3087 3199 3286 3271 ipsum
3325 3205 3505 3272 caput

148 3285 349 3362 ἀστέρα
391 3289 490 3339 ὑπὸ
529 3294 626 3357 γῆν
673 3282 904 3338 δύνασαν
951 3289 1169 3360 καθορᾷ.
1218 3283 1342 3339 Εἶτα
1373 3291 1459 3339 καὶ
1500 3306 1754 3360 περιπτυ-

1880 3287 2046 3342 :ernit
2059 3287 2640 3359 tamquamlucidam
2662 3287 2882 3343 stellam
2898 3288 3268 3359 apparuisse.
3286 3288 3503 3343 Deinde

147 3375 341 3448 ξαμένη
394 3378 590 3450 θερμῶς
633 3377 964 3449 καθηραμένη
1019 3395 1070 3427 τε
1127 3384 1222 3438 τῆς
1271 3379 1468 3450 κόπρου
1517 3381 1606 3430 καὶ
1649 3380 1753 3448 μύ-

1875 3376 1921 3431 .(1
1943 3376 2220 3432 ardenter
2239 3377 2573 3448 complexa,
2599 3389 2735 3432 cum
2762 3393 2798 3432 a
2820 3381 3075 3432 stercore
3096 3384 3498 3448 expurgasset,

143 3484 258 3540 ροις
318 3463 531 3537 ἐντίμως
602 3463 882 3534 ἀλείψασα,
961 3467 1195 3516 ἐπάνεισι
1268 3464 1422 3516 πάλιν
1478 3468 1608 3538 πρὸς
1664 3469 1750 3517 τόν

1876 3471 1913 3521 et
1937 3466 2252 3536 unguentis
2272 3465 2536 3522 unxisset
2555 3465 2902 3531 honoriﬁce,
2920 3465 3227 3521 revertitur
3241 3464 3319 3520 ad
3341 3481 3499 3528 eum,

146 3553 440 3624 ξενίσαντα,
497 3556 585 3606 τὸν
640 3552 921 3626 πολῦτιμον
975 3551 1160 3606 ἐκεῖνον
1203 3557 1500 3626 κομίζουσα
1550 3574 1750 3630 μαργα-

1876 3555 1958 3627 lui
1985 3555 2150 3610 illam
2178 3555 2436 3626 hospitio
2461 3559 2792 3627 exceperat,
2823 3554 3142 3624 pretiosam
3168 3552 3330 3609 illam
3361 3551 3499 3610 aﬂ'e-

142 3647 316 3717 ρίτῐιν.

1855 3659 1992 3700 rens
2025 3645 2428 3713 margaritam.

225 3730 324 3786 IA'.
355 3734 460 3794 Τῆς
500 3727 552 3784 δ’
584 3731 836 3794 ἐπιούσης
863 3735 1067 3800 νυκτός,
1105 3729 1256 3794 αὖθις
1303 3733 1329 3783 ό
1374 3733 1503 3793 θεῖος
1534 3731 1750 3804 ἐφίστα-

1932 3735 2015 3788 XI.
2051 3732 2328 3804 Sequenti
2358 3737 2558 3787 autem
2582 3735 2751 3786 nocte
2774 3729 3012 3786 divinus
3037 3745 3245 3786 rursus
3273 3729 3501 3786 accedit

143 3841 240 3874 ται
301 3826 554 3891 Λογγῖνος
605 3816 823 3894 φαιδρὸν
880 3817 1268 3891 ὑπομειδιῶντα
1332 3825 1422 3873 καὶ
1480 3829 1749 3894 νυμφικοῖς

1877 3817 2178 3891 ᾳὸῐιείιιιιε,
2209 3820 2344 3877 laeto
2374 3821 2538 3876 vultu
2571 3819 2996 3884 subridentem,
3031 3822 3087 3874 et
3116 3818 3290 3890 quasi
3320 3833 3500 3890 spon-

117 3912 324 3983 ’ὥσπερ
382 3916 487 3969 τοίς
541 3907 891 3981 περιϐλήμασι
940 3904 1302 3981 διαλάμποντα
1357 3914 1441 3962 τὸν
1498 3912 1606 3962 υἱόν
1660 3910 1740 3962 αὐ-

1872 3911 2081 3966 ;alibus
2107 3910 2465 3965 vestimentis
2477 3909 2758 3964 nitentem
2781 3907 2968 3964 ﬁlium
2986 3922 3162 3962 suum
3183 3907 3495 3972 inducens,

141 4008 243 4059 τῆς
316 3996 643 4070 ἐπαγόμενος,
708 3993 874 4058 ἡδέως
951 4017 1005 4050 τε
1084 3998 1237 4050 αὐτὸν
1317 4004 1405 4050 καὶ
1484 4008 1747 4074 πατρικῶς

1870 4001 2232 4072 suaviterque
2254 4003 2309 4054 et
2335 4002 2577 4069 paterne
2593 4012 2729 4052 eum
2752 3995 3141 4068 amplectens,
3169 4000 3224 4051 et
3248 3994 3453 4051 dicitei
3480 4012 3493 4052 :

141 4087 625 4158 ῦπαγκαλιζόμενος
655 4091 744 4138 καί
783 4105 915 4158 φησι
943 4089 1072 4159 πρὸς
1103 4087 1263 4145 αὐτην
1297 4104 1310 4117 °
1357 4085 1468 4141 Ἴδε
1511 4090 1564 4140 ὃν
1594 4087 1741 4140 ἐπέν-

1868 4091 2001 4144 Ecce
2013 4086 2471 4160 quemlugebas,
2489 4086 2701 4151 tilium,
2721 4084 2998 4148 omulier,
3017 4100 3199 4156 quem
3215 4083 3491 4153 lugebas:

142 4179 273 4241 θεις,
320 4173 358 4227 ὧ
386 4179 556 4247 γᾶναι,
606 4177 659 4228 ὄν
689 4173 911 4238 ἐπένθεις
960 4175 1069 4228 υἱον
1112 4196 1124 4208 ο
1176 4173 1280 4243 ἴδε,
1335 4178 1470 4239 ὅπως
1501 4181 1614 4250 ἔχει
1659 4186 1746 4230 νῦν

1874 4193 1991 4232 :cce
2019 4181 2282 4248 quantus
2312 4175 2384 4230 sit
2412 4189 2572 4229 nunc
2623 4173 2751 4244 ejus
2778 4173 2970 4228 honor
2998 4176 3055 4227 et
3083 4171 3291 4244 gloria,
3325 4177 3381 4228 et
3420 4177 3497 4228 te-

139 4265 400 4328 εὖκλείας,
432 4269 522 4316 καὶ
573 4263 940 4338 παρακλήθητι
989 4282 999 4293 ·
1049 4267 1174 4326 Θεὸς
1220 4267 1320 4340 γὰρ
1353 4266 1508 4318 αὐτόν
1559 4267 1624 4327 εἰς
1654 4273 1746 4324 τὴν

1878 4282 2051 4338 psam
2077 4263 2406 4320 consolare.
2435 4266 2586 4318 Deus
2605 4263 2762 4317 enim
2780 4263 2979 4333 ipsum
2999 4260 3196 4316 retulit
3214 4262 3275 4316 in
3293 4277 3495 4316 nume-

136 4355 343 4409 οἰκείαν
401 4355 708 4426 ἐστράτευσε
782 4351 1053 4426 βασιλείαν
1114 4371 1125 4383 °
1181 4352 1325 4425 κάγὼ
1387 4362 1564 4407 τοῦτον
1624 4355 1744 4428 παρ’

1874 4370 1988 4409 'um
2006 4352 2224 4408 militiae
2242 4351 2331 4406 sui
2347 4351 2535 4421 regni,
2554 4365 2785 4421 egoque
2799 4365 2956 4404 nunc
2972 4365 3110 4404 eum
3127 4349 3322 4404 habeo
3335 4364 3497 4404 acce-

135 4444 266 4516 ἐμοὶ
293 4444 402 4513 ἔχω
437 4440 604 4493 λαϐὼν
631 4444 772 4515 παρὰ
819 4450 910 4494 τοῦ
944 4449 1179 4516 Σωτῆρος
1218 4447 1307 4494 καὶ
1356 4439 1531 4509 δεξιᾷς
1563 4446 1748 4495 οὔποτε

1874 4449 2025 4514 ptum
2055 4441 2429 4506 aSalvatore,
2451 4455 2557 4494 nec
2588 4455 2624 4495 a
2655 4453 2788 4493 mea
2806 4453 3076 4509 unquam
3107 4436 3338 4492 recedet
3358 4437 3497 4492 dex-

133 4540 242 4593 τῆς
307 4530 432 4602 ἐμῆς
483 4530 857 4589 ἀποστήσεται.
936 4529 1190 4584 Λαϐοῦσα
1244 4534 1415 4582 τοίνυν
1481 4536 1568 4589 τὴν
1621 4531 1746 4603 ἐμὴν

1868 4541 2000 4588 :era.
2053 4531 2265 4603 Accipe
2294 4545 2436 4599 ergo
2466 4544 2668 4583 meum
2700 4534 2878 4599 caput
2903 4532 2958 4582 et
2987 4542 3204 4597 corpus
3236 4526 3317 4581 tui
3370 4525 3491 4592 ﬁlii,

131 4618 375 4692 κεφαλὴν
413 4623 584 4672 καὶτὸ
633 4626 728 4670 σοῦ
780 4627 932 4691 σῶμα
982 4615 1195 4684 παιδὸς,
1247 4627 1305 4692 τῇ
1345 4619 1474 4693 αὐτῇ
1533 4619 1748 4696 λάρνακι

1872 4626 1910 4677 et
1935 4619 2118 4692 sepeli
2143 4620 2202 4675 in
2233 4619 2443 4674 eadem
2457 4633 2614 4682 arca,
2631 4623 2685 4670 et
2709 4631 2782 4671 ne
2803 4615 3058 4686 amplius
3079 4615 3284 4686 lugeas
3307 4613 3495 4670 ﬁlium

134 4707 323 4779 θάψον
378 4711 468 4759 καὶ
523 4711 707 4778 μηκέτι
759 4709 930 4782 θρήνει
1006 4727 1098 4760 σου
1151 4711 1236 4759 τὸν
1288 4717 1556 4781 μονογενῆ,
1610 4705 1748 4781 μηδὲ

1871 4726 2023 4766 :uum
2047 4707 2438 4778 unigenitum,
2461 4721 2653 4777 neque
2672 4709 2724 4760 te
2736 4703 3004 4759 verberet
3021 4708 3320 4759 cortuum.
3346 4706 3494 4758 Nam

128 4799 386 4853 τυπτέτω
440 4814 497 4848 σε
539 4797 569 4853 ἡ
621 4792 820 4868 καρδία
872 4815 986 4862 σου,
1036 4796 1229 4868 μεγάλη
1281 4799 1380 4870 γὰρ
1431 4797 1570 4868 αὐτῷ
1619 4797 1749 4862 δόξα

1874 4814 2080 4869 nagna
2105 4797 2290 4867 gloria
2328 4801 2384 4852 et
2410 4794 2630 4859 laetitia,
2665 4798 2720 4849 et
2751 4793 2984 4862 magnis
3021 4790 3304 4847 laudibus
3345 4790 3497 4846 cele-

127 4891 233 4940 καὶ
284 4883 573 4958 εὐφροσύνη
617 4885 973 4957 πολυύμνητοί
1023 4904 1078 4937 τε
1122 4893 1353 4960 χορεῖαι,
1415 4892 1504 4939 καὶ
1548 4884 1749 4947 πάνδη-

1872 4885 2105 4943 πξιηόω
2127 4886 2377 4948 choreae,
2400 4889 2456 4939 et
2480 4882 2628 4938 festa
2648 4880 3032 4937 celeberrima
3058 4880 3109 4934 ei
3138 4879 3279 4935 data
3308 4884 3495 4934 sunta

127 4996 232 5051 μοι
285 4975 604 5045 πανηγύρεις
659 4975 800 5043 παρὰ
837 4981 926 5025 τοῦ
978 4973 1354 5048 προσλαϐόντος
1411 4983 1543 5029 Θεοῦ
1583 4973 1748 5030 δεδώ-

1870 4979 1996 5041 Deo,
2020 4975 2122 5047 qui
2135 4991 2268 5030 eum
2287 4973 2530 5044 accepit.
2552 4971 2687 5026 Haec
2707 4987 2842 5025 cum
2857 4969 3138 5024 audiisset
3169 4972 3356 5024 mater
3371 4967 3493 5034 ﬁlii,

127 5081 358 5138 ρηνται.
413 5062 616 5112 Τούτων
655 5063 683 5119 ἠ
743 5069 833 5112 τοῦ
880 5059 1072 5123 παιδὸς
1127 5061 1403 5116 ἀκούσασα
1447 5069 1621 5140 μήτηρ
1671 5067 1750 5118 εὖ·

1874 5064 2052 5120 ;tatim
2084 5063 2288 5132 surgit,
2329 5067 2386 5117 et
2422 5064 2734 5132 acceptum
2772 5057 3048 5129 martyris
3078 5060 3277 5126 caput,
3309 5055 3497 5110 reddit

132 5155 270 5211 θέως
352 5148 648 5214 ἀνίσταται,
716 5155 805 5202 καὶ
878 5149 1112 5203 λαϐοῦσα
1180 5156 1272 5210 τὴν
1338 5160 1428 5204 τοῦ
1485 5155 1746 5229 μάρτυρος

1871 5152 2062 5209 Patriae
2081 5151 2354 5223 martyris
2373 5151 2559 5220 (Pago
2580 5153 2778 5204 autem
2800 5159 3021 5200 nomen
3042 5149 3130 5199 est
3154 5143 3453 5215 Sandiale)
3481 5160 3494 5210 ;

127 5239 376 5312 κεφαλὴν
419 5245 480 5310 τῇ
530 5235 750 5311 πατρίδι
796 5246 888 5290 τοῦ
934 5241 1197 5314 μάρτυρος
1244 5237 1547 5294 ἀποδίδωσι
1598 5244 1748 5313 (Σαν-

1874 5247 1912 5299 Bt
1938 5258 2074 5297 cum
2107 5256 2325 5311 corpus
2350 5238 2455 5294 ﬁlii
2494 5237 2668 5308 capiti
2713 5233 2990 5306 martyris
3029 5232 3278 5288 libenter
3315 5246 3497 5303 appo-

130 5331 168 5387 δ
177 5332 308 5388 ιάλη
345 5337 404 5402 τῇ
439 5333 584 5402 κώμη
629 5333 687 5382 τὸ
719 5330 899 5402 ὄνομα)
933 5348 944 5361 ·
979 5335 1066 5383 καὶ
1115 5335 1200 5384 τὸν
1232 5340 1322 5384 τοῦ
1354 5329 1542 5394 παιδὸς
1571 5339 1745 5410 νεκρόν

1873 5332 2084 5396 suisset,
2106 5335 2162 5386 et
2176 5330 2235 5384 in
2251 5328 2381 5384 loco
2399 5326 2617 5394 insigni
2633 5324 2879 5379 honeste
2899 5323 3353 5392 composuisset,
3369 5321 3496 5374 hmo

130 5421 384 5493 ἀσμένως
445 5419 740 5492 παραθιῖσα
951 5427 1041 5472 τοῦ
1105 5421 1368 5496 μάρτυρος
1437 5408 1664 5494 una;
1697 5421 1745 5475 έν

1875 5421 2017 5493 ιρυά
2063 5435 2126 5475 se
2181 5417 2418 5473 dicebat
2451 5431 2464 5468 :
2497 5416 2661 5470 Nnnc
2686 5411 2828 5477 scio,
2859 5409 3018 5482 quod
3055 5409 3146 5476 iis,
3178 5409 3282 5481 qui
3333 5408 3498 5496 Deun

127 5512 287 5579 τόπῳ
367 5525 421 5558 τε
502 5505 742 5580 ἐπισήμῳ
805 5516 1001 5580 σεμνῶς
1062 5509 1449 5581 περιστείλασα,
1523 5518 1741 5562 τοιαῦτα

1873 5510 2126 5581 liligunt,
2148 5505 2350 5562 omnia
2378 5503 2453 5559 ad
2482 5502 2705 5557 bonum
2735 5499 3046 5554 conferunt
3070 5498 3112 5548 ⁸.
3144 5493 3496 5562 Quaerebam

213 5634 237 5669 ⁸
287 5633 461 5686 Rom.
503 5645 623 5695 vm,
663 5636 750 5688 28.

400 5722 640 5775 PATBOL.
673 5721 776 5776 GR.
807 5721 954 5777 CXV.
3259 5703 3291 5762 2
