4110 6272
556 337 625 399 43
1904 316 2155 379 MENSIS
2193 310 2537 373 MARTIUS.

2333 310 2537 371 tTIUS.
3853 296 3926 354 44

556 466 767 526 oculos
788 462 1007 527 carnis,
1041 473 1151 529 ego
1178 458 1375 514 autem
1399 452 1601 525 accepi
1621 451 1799 508 etiam
1821 447 2025 505 oculos
2038 444 2203 517 spiri-
2234 445 2279 498 A
2312 444 2443 513 πρὸς
2501 438 2685 494 ἑαυτὴν
2742 433 2981 529 ἐπεφώνει
3030 444 3043 459 ·

2333 444 2443 513 ιρός
2501 438 2685 494 ἑαυτὴν
2742 433 2981 505 ἐπεφώνει
3030 444 3043 459 ·
3104 432 3210 479 Νῦν
3273 418 3417 486 οἶδα,
3491 423 3737 495 λέγουσα,
3812 430 3932 485 τοῖς

2642 528 2645 529 ,
2818 525 2825 529 .
2968 520 2977 529 .
3190 518 3197 528 .
3325 512 3395 528 ,ν
3486 514 3533 529 η.
3690 512 3737 529 μ
3834 511 3901 529 ο,

557 562 677 611 tus.
708 556 791 609 Me
815 549 1113 608 afficiebat
1135 544 1611 614 tristitiajactura
1626 540 1749 604 ﬁlii,
1784 537 1886 593 sed
1903 550 2038 591 ecce
2065 548 2202 587 eum
2312 531 2560 599 ἀγαπῶσι
2599 528 2685 576 τὸν
2735 525 2862 576 Θεὸν
2895 520 3052 614 πάντι

2333 531 2560 599 ἱγαπῶσι
2599 528 2685 576 τὸν
2735 525 2862 576 Θεὸν
2905 520 3075 572 πάντα
3107 518 3235 584 πρὸς
3284 517 3341 565 τὸ
3375 512 3570 584 ἀγαθὸν
3622 511 3929 584 συλλαμϐά-

556 644 754 700 habeo
806 638 1129 702 heredem,
1162 635 1282 690 Deo
1312 648 1449 688 cum
1478 629 1667 701 gloria
1703 627 1868 697 regia
1925 623 2205 680 assisten-
2311 636 2450 669 νεται
2482 632 2495 644 ·
2547 612 2838 686 ὀφθαλμούς
2887 608 3052 668 item

2333 636 2450 669 ιεται
2482 632 2495 644 ·
2547 612 2838 686 ὀφθαλμούς
2887 608 3096 668 ἐζήτουν
3152 606 3365 678 σαρκός,
3569 598 3628 654 δὲ
3663 606 3754 654 καὶ
3801 605 3930 661 τούς

558 738 701 796 tem,
750 734 806 786 et
829 743 992 784 nunc
1016 729 1197 781 noctu
1229 729 1285 778 et
1313 718 1569 777 interdiu
1592 717 1734 773 mihi
1766 713 1938 771 matri
1985 710 2204 767 blande
2312 713 2404 758 τοῦ
2458 707 2746 775 πνεύματος
2800 697 2977 751 ἔλαϐον
3026 711 3041 726 ο

2333 713 2404 758 ὀῦ
2458 707 2746 775 πνεύματος
2800 697 2977 751 ἔλαϐον
3026 711 3041 726 ο
3112 693 3283 745 ἐλύπει
3357 710 3419 763 με
3490 692 3659 762 ζημία
3714 694 3923 755 τέκνου,

2785 789 2799 796 -
2955 790 2962 796 .
3140 779 3244 796 η..
3434 782 3443 793 .
3503 779 3529 796 ρ,
3631 780 3649 796 κ
3726 788 3747 796 -
3872 787 3892 796 -

557 779 1384 884 gridei,mcovngloriﬁcatus
1467 804 1792 863 honoribus
1890 798 2203 873 propheta-
2317 794 2423 884 αλλ’
2473 796 2580 864 ἔχω
2618 795 2702 843 τὸν
2752 789 3052 884 κληρονόμοι

2333 794 2423 846 ιλλ⁹
2473 796 2580 864 ἔχω
2618 795 2702 843 τὸν
2752 789 3091 860 κληρονόμον,
3138 779 3273 852 ἰδοὺ,
3327 782 3456 852 μετὰ
3496 779 3778 853 βασιλικῆς
3828 787 3931 840 τῆς

558 924 693 966 rum
746 911 802 963 et
851 909 1207 974 martyrum,
1240 904 1295 955 et
1323 913 1462 953 cum
1488 896 1572 952 eis
1623 872 1944 956 exsultans,
1970 894 2024 945 et
2070 901 2204 942 cum
2319 881 2479 946 δόξης
2513 890 2583 951 τῷ
2631 887 2744 949 Θεῷ
2775 877 3049 952 παριστάμ

2333 881 2479 946 ῗόξης
2513 890 2583 951 τῷ
2631 887 2744 949 Θεῷ
2775 877 3158 952 παριστάμενον
3206 875 3295 923 καὶ
3345 879 3433 921 νύν
3479 872 3668 943 ἥμερόν
3699 889 3809 941 μοι,
3860 876 3925 940 τῇ

564 996 828 1067 Longino
857 1008 1091 1050 crucem
1126 990 1338 1053 ferens,
1368 992 1425 1042 et
1450 984 1617 1055 regni
1645 982 1929 1039 caelorum
1970 974 2211 1050 praecla-
2323 977 2503 1047 μητρὶ,
2561 967 2826 1044 προσγελᾷ
2876 968 3052 1037 νύκτω1

2333 977 2503 1047 αητρὶ,
2561 967 2826 1044 προσγελᾷ
2876 968 3073 1037 νύκτωρ
3142 965 3231 1013 καὶ
3291 959 3401 1032 μεθ’
3450 961 3669 1031 ἡμέραν,
3724 965 3936 1031 προφη-

2783 1062 2790 1067 .
3030 1056 3041 1067 .
3340 1046 3361 1067 εκ
3398 1049 3423 1067 ν
3467 1048 3515 1067 ς..
3724 1062 3736 1067 _
3850 1066 3853 1067 ν
3911 1051 3921 1061 .

559 1046 917 1141 rumot’erens
948 1086 1239 1151 tropaeum
1268 1078 1418 1133 inter
1449 1072 1693 1143 angelos
1727 1088 1739 1126 :
1774 1069 1924 1125 adeo
1957 1071 2019 1122 ut
2065 1065 2208 1120 Lon-
2320 1072 2417 1117 τῶν
2484 1068 2661 1133 τιμαῖς
2710 1062 2799 1109 καὶ
2877 1056 3046 1128 μαρτύ

2333 1046 2433 1117 τῶν
2484 1068 2661 1133 τιμαῖς
2710 1062 2799 1109 καὶ
2877 1056 3152 1128 μαρτύρων
3229 1046 3674 1120 συνδοξαζόμενος
3724 1062 3737 1076 ·
3796 1051 3935 1118 μετὰ

563 1138 687 1244 gini
711 1138 901 1228 factus
922 1138 1273 1239 discipulus,
1304 1166 1431 1235 ipse
1457 1138 1699 1235 quoque
1727 1173 1960 1214 sacram
1988 1155 2214 1210 emittat
2323 1155 2580 1223 Λογγίνου
2629 1168 2682 1201 τε
2734 1151 3052 1244 σταυροφσριε

2333 1155 2580 1223 Λογγίνου
2629 1168 2682 1201 τε
2734 1151 3096 1219 σταυροφορῶν
3145 1144 3235 1192 καὶ
3287 1142 3345 1191 τό
3401 1138 3635 1211 λαμπρὸν
3674 1146 3770 1198 τῆς
3828 1146 3933 1188 τῶν

2651 1236 2673 1244 -
2774 1235 2786 1244 .
2841 1240 2849 1244 _
2987 1231 2998 1244 ,
3172 1233 3179 1243 .
3494 1232 3501 1241 .
3874 1226 3924 1244 γ.

562 1226 789 1329 :0cem,
820 1258 1287 1330 hymnicamque
1317 1258 1372 1308 et
1411 1251 1747 1322 mysticam,
1781 1251 1837 1301 et
1866 1243 2096 1315 epinicii
2128 1242 2214 1297 in-
2323 1246 2548 1316 οὐρανῶν
2641 1235 2914 1309 βασιλείας
2980 1231 3052 1283 ἐπι

2333 1246 2548 1316 »ύρανῶδ
2641 1235 2914 1309 βασιλείας
2980 1231 3335 1302 ἐπιφερόμενος
3415 1232 3663 1301 τρόπαιον
3733 1226 3934 1297 μεταξύ

562 1317 683 1407 star
709 1317 1030 1405 habentem
1064 1361 1077 1398 :
1110 1317 1249 1398 Vere
1279 1341 1379 1396 Dei
1414 1317 1589 1395 Filius
1621 1341 1745 1393 erat
1770 1335 1899 1402 iste,
1928 1339 1983 1387 et
2010 1336 2115 1397 est,
2161 1335 2215 1385 et
2325 1340 2422 1382 τῶν
2501 1327 2744 1398 ἀγγελῶν,
2826 1326 2890 1383 ὡς
2974 1327 3048 1373 Λο

2333 1340 2422 1382 τῶν
2501 1327 2744 1398 ἀγγελῶν,
2826 1326 2890 1383 ὡς
2974 1324 3234 1390 Λογγῖνον
3304 1319 3581 1389 φθέγγεται
3661 1317 3935 1387 μαθητής,

562 1439 691 1495 erit.
725 1441 993 1506 Regnum
1025 1433 1174 1504 ejus,
1202 1445 1454 1498 regnum
1482 1427 1755 1482 omnium
1784 1422 2216 1483 seculorum,et
2327 1420 2515 1491 ἀφίησι
2559 1421 2648 1467 καὶ
2693 1414 2841 1473 adre;
2894 1415 3052 1483 φωνήι

2333 1420 2515 1491 ἀφίησι
2559 1421 2648 1467 καὶ
2693 1414 2841 1473 avi-ro;
2894 1415 3061 1483 φωνὴν
3113 1410 3250 1478 ἱερὰν
3292 1405 3589 1478 ύμνολόγον,
3643 1409 3935 1477 μυστικὴν,

565 1528 694 1598 ejus
722 1491 1529 1593 dominatio-permanebitin
1551 1513 2006 1570 aaternum“.Et
2032 1508 2220 1578 gloria
2330 1507 2576 1559 ἐπινίκιον
2632 1521 2642 1531 ·
2698 1502 2902 1561 ἀληθῶς
2957 1507 3052 1551 Θεο

2333 1507 2576 1559 ἐπινίκιον
2632 1521 2642 1531 ·
2698 1502 2902 1561 ἀληθῶς
2957 1505 3088 1551 Θεοῦ
3144 1499 3257 1556 Υἱὸς
3312 1491 3372 1552 ἧν
3421 1495 3591 1560 οὗτος,
3653 1498 3743 1545 καὶ
3795 1496 3938 1558 ἔστι,

2469 1596 2485 1598 ..
2707 1591 2719 1598 .
2785 1588 2809 1598 ..
2911 1587 2986 1598 ι.
3109 1585 3121 1598 .
3200 1592 3217 1598 _
3277 1582 3303 1598 ν.
3405 1583 3423 1598 ς
3470 1587 3480 1598 .
3606 1582 3649 1595 ς.
3922 1584 3932 1596 .

564 1582 621 1673 ei
647 1614 910 1688 potentia
933 1612 995 1667 in
1022 1582 1239 1665 saecula
1269 1604 1624 1662 saeculorum
1660 1604 1725 1657 1°.
1760 1606 1969 1656 Amen.
2330 1599 2421 1646 καὶ
2463 1596 2611 1645 ἔσται
2642 1610 2654 1622 ο
2698 1591 2727 1647 ἡ
2776 1587 3023 1662 βασιλεία

2333 1599 2421 1646 καὶ
2463 1596 2611 1645 ἔσται
2642 1610 2654 1622 ο
2698 1591 2727 1647 ἡ
2776 1587 3023 1662 βασιλεία
3062 1585 3219 1637 αὐτοῦ
3270 1582 3517 1656 βασιλεία
3564 1582 3789 1643 αἰώνιος,
3842 1584 3941 1631 καὶ

2333 1686 2363 1742 ἡ
2413 1680 2690 1735 δεσποτεία
2733 1678 2891 1730 αὐτοῦ
2942 1676 3007 1736 εἰς
3059 1678 3145 1726 τὸν
3194 1673 3357 1725 αἰῶνα
3410 1675 3692 1746 παραμένει
3728 1687 3739 1699 ⁸
3792 1674 3941 1739 αύτῷ

2336 1774 2365 1830 ἡ
2401 1767 2533 1833 δόξα
2559 1773 2648 1821 καὶ
2681 1770 2738 1820 τὸ
2769 1768 2959 1839 κράτος
2990 1764 3056 1825 εἰς
3085 1767 3206 1824 τοὺς
3227 1761 3437 1823 αἰῶνας.
3474 1760 3657 1832 Ἀμήν.

640 1914 794 1973 Psal.
826 1928 1011 1979 cmv,
1046 1913 1130 1966 l3.
1171 1910 1222 1945 ¹⁰
1252 1909 1398 1963 Dan.
1438 1920 1537 1971 v11,
1576 1908 1664 1960 27.

587 2048 3917 2096 ___________________________________————

1682 2212 1941 2301 ΒΙΟΣ
2000 2212 2197 2298 ΚΑΙ
2257 2208 2823 2296 ΠΟΛΙΤΕΙΑ

1806 2380 1936 2427 ΤΟΥ
1974 2377 2169 2425 ΟΣΙΟΥ
2207 2375 2463 2423 ΠΑΤΡΟΣ
2505 2373 2699 2420 ΗΜΩΝ

1666 2509 2839 2691 ΑΒΡΑΜΙΟΥ

1485 2975 1800 3072 VITA
1880 2978 2045 3067 ET
2133 2972 2384 3065 CON
2400 2966 3052 3063 VEBSATIO

2144 3182 2202 3238 S.
2242 3179 2306 3234 P.
2344 3182 2409 3235 N.

1137 3392 1960 3539 ABRAMII
2076 3383 3381 3531 CONFESSORIS

1834 3656 1919 3711 ET
1957 3655 2193 3711 MARI/E
2232 3654 2477 3710 NEPTIS
2519 3654 2677 3709 EJUS

1084 3784 1271 3851 Quam
1292 3782 1551 3852 Symeon
1575 3779 2007 3849 Metaphrastes
2039 3794 2112 3835 ea:
2139 3780 2195 3834 S.
2228 3779 2508 3849 Ephrzem
2546 3777 2780 3833 videtur
2812 3775 3007 3845 fusius
3047 3773 3441 3843 descripsisse.

748 3910 953 3974 (Latine
985 3906 1127 3973 apud
1159 3906 1373 3957 Surium
1397 3905 1465 3957 ad
1494 3905 1635 3955 diem
1666 3904 1723 3952 16
1757 3902 1947 3961 Martii,
1979 3902 2151 3952 Graece
2183 3916 2245 3951 ex
2266 3902 2420 3952 codd.
2448 3902 2573 3964 Reg.
2602 3902 2709 3957 774,
2738 3912 2857 3949 saec.
2890 3910 3001 3955 xiv,
3035 3901 3052 3946 1

2333 3902 2420 3951 dd.
2448 3902 2573 3964 Reg.
2602 3902 2709 3957 774,
2738 3912 2857 3949 saec.
2890 3910 3001 3955 xiv,
3035 3899 3173 3954 1484,
3202 3911 3322 3947 sazc.
3348 3910 3438 3947 ιιι.
3470 3895 3611 3945 Eorr.
3645 3894 3796 3943 Pun.

654 4250 695 4306 Ι.
739 4248 1012 4305 Virorum
1054 4245 1286 4304 virtutis
1312 4244 1716 4302 studiosorum
1748 4243 1889 4309 vita,
1925 4246 1981 4299 et
2027 4256 2234 4297 eorum
2268 4242 2312 4297 B
2417 4238 2493 4292 A'.
2540 4234 2770 4312 Ἀνδρῶν
2820 4236 3052 4309 φιλαρέτο

2417 4238 2493 4292 Α’.
2540 4234 2770 4312 Ἀνδρῶν
2820 4236 3096 4309 φιλαρέτων
3148 4234 3265 4307 βίος
3315 4236 3403 4286 καὶ
3453 4235 3482 4292 ἡ
3517 4241 3610 4295 τῆς
3647 4233 3813 4286 αὐτῶν
3858 4250 3953 4284 πο·

584 4354 720 4413 qum
742 4337 920 4394 abeis
937 4341 1102 4408 gesta
1117 4336 1374 4402 fuerunt,
1401 4332 1981 4400 narratio,omnibus
1999 4332 2235 4403 quidem
2342 4327 2534 4389 λιτείας
2588 4323 2841 4397 διήγησις
2896 4330 2985 4377 καὶ
3048 4350 3052 4357 ι

2342 4327 2534 4389 λιτείας
2588 4323 2841 4397 διήγησις
2896 4330 2985 4377 καὶ
3048 4329 3183 4377 πᾶσι
3249 4327 3337 4395 μὲν
3411 4330 3516 4385 τοῖς
3571 4320 3793 4383 εὐσεϐῶς
3853 4321 3953 4393 ζῇν

586 4428 688 4500 qui
704 4426 797 4499 pie
817 4426 1010 4481 vivere
1029 4425 1405 4488 studuerunt,
1424 4429 1693 4494 tanquam
1709 4420 1864 4476 utilis
1886 4426 1940 4473 et
1946 4420 1963 4488 j
1977 4417 2232 4481 ucunda,
2344 4420 2725 4489 προῃρημένοις
2781 4416 3013 4467 ποθειναί

2344 4420 2725 4489 προῃρημένοις
2781 4416 3013 4467 ποθειναί
3067 4433 3120 4465 τε
3169 4412 3259 4463 καί
3314 4407 3789 4483 περισπούδαστοι⁹
3852 4410 3954 4481 μεί-

587 4530 825 4571 summo
857 4513 1052 4568 studio
1083 4518 1169 4566 est
1198 4510 1532 4581 expetenda
1564 4527 1577 4564 :
1611 4510 1871 4564 maxime
1909 4513 2111 4562 autem
2143 4507 2233 4571 iis,
2344 4506 2495 4557 λιστα
2552 4501 2610 4557 δὲ
2658 4508 2768 4565 τοῖς
2816 4503 2999 4575 ἀρετῆς
3047 4530 3052 4574 λ

2344 4506 2495 4557 λιστα
2552 4501 2610 4557 δὲ
2658 4508 2768 4565 τοῖς
2816 4503 2999 4575 ἀρετῆς
3047 4504 3508 4574 μεταποιουμένοις
3557 4505 3647 4552 καὶ
3688 4501 3805 4552 ὅσοι
3856 4504 3953 4557 τὴν

586 4604 690 4677 qui
719 4603 1000 4658 virtutem
1051 4604 1343 4661 exercent,
1397 4603 1452 4654 et
1498 4598 1604 4670 qui
1648 4597 1887 4653 beatam
1932 4594 2095 4650 illam
2136 4594 2235 4649 Dei
2345 4598 2604 4669 μακαρίαν
2643 4592 2836 4649 ἐκείνην
2884 4589 3052 4663 τρίϐον

2345 4598 2604 4669 μακαρίαν
2643 4592 2836 4649 ἐκείνην
2884 4589 3057 4663 τρίϐον
3106 4599 3205 4641 τῶν
3254 4596 3346 4641 τοῦ
3380 4597 3512 4642 Θεοῦ
3561 4587 3771 4641 ἐντολῶν
3803 4584 3957 4639 ὁδεῦ-

587 4690 1013 4749 mandatorum
1043 4688 1316 4744 semitam
1360 4686 1587 4757 ingredi
1626 4687 2036 4741 decreverunt.
2068 4682 2239 4738 Fiunt
2348 4703 2436 4735 σαι
2485 4681 2776 4756 προείλοντο
2818 4697 2829 4709 ·
2899 4684 3047 4750 γίγνο

2348 4703 2436 4735 σαι
2485 4681 2776 4756 προείλοντο
2818 4697 2829 4709 ·
2899 4684 3166 4750 γίγνονται
3220 4680 3321 4750 γὰρ
3384 4678 3560 4739 αὐτοῖς
3615 4678 3765 4728 οἱονεί
3818 4695 3958 4738 τινες

591 4781 753 4839 enim
782 4780 864 4836 eis
883 4778 1059 4834 veluti
1084 4776 1331 4849 quidam
1364 4776 1545 4831 duces
1573 4775 1814 4841 itineris,
1846 4772 2094 4845 utquod
2122 4772 2238 4844 ipsi
2346 4770 2533 4845 ὁδηγοὶ
2586 4780 2677 4832 τῆς
2744 4788 2986 4830 τοιαυτης

2346 4770 2533 4845 ὁδηγοὶ
2586 4780 2677 4832 τῆς
2744 4788 2986 4830 τοιαύτης
3071 4768 3300 4842 πορείας,
3362 4766 3447 4819 οἷα
3505 4762 3959 4842 προδιανύσαντες

590 4870 755 4943 prius
792 4865 1170 4930 confecerint,
1204 4870 1261 4921 et
1296 4865 1494 4936 reipsa
1522 4864 1886 4938 experientia
1923 4861 2236 4918 ostendere
2346 4865 2534 4919 ταύτην
2600 4865 2687 4911 καὶ
2750 4858 2878 4931 αὐτῇ
2922 4862 3052 4928 πείρι

2346 4865 2534 4919 ταύτην
2600 4865 2687 4911 καὶ
2750 4858 2878 4931 αὐτῇ
2922 4862 3075 4929 πείρᾳ
3127 4862 3216 4909 καὶ
3273 4857 3552 4929 πράγμασι
3607 4862 3713 4915 τοῖς
3771 4852 3958 4926 ἑπομέ-

590 4949 2237 5031 possintiisquisequuntur:ubiquidemoporteataliquid
2344 4971 2445 5010 νοις
2509 4945 2862 5001 ὑποδεικνύειν
2953 4949 3049 5019 ἒχο

2344 4971 2445 5010 νοις
2509 4945 2862 5001 ὑποδεικνύειν
2953 4949 3180 5019 ἔχοντες,
3266 4948 3393 4998 ὅπου
3476 4948 3564 5016 μὲν
3650 4947 3955 5015 γενομένους

592 5045 884 5104 remittere
913 5045 988 5100 de
1013 5044 1317 5113 ingressus
1340 5041 1735 5104 vehementia,
1765 5041 2082 5097 ubiautem
2114 5055 2237 5095 rur-
2345 5043 2526 5111 μικρόν
2566 5057 2617 5088 τι
2666 5033 3024 5088 διαναπαῦσαι

2345 5043 2526 5111 μικρόν
2566 5057 2617 5088 τι
2666 5033 3024 5088 διαναπαῦσαι
3064 5039 3173 5108 χρὴ
3222 5044 3312 5096 τῆς
3359 5029 3685 5108 όδοιπορείας
3712 5034 3770 5084 τό
3827 5034 3954 5084 σύν-

595 5151 697 5191 sus
715 5134 970 5204 gradum
992 5133 1319 5189 accelerare
1346 5130 1744 5186 etintendere.
1780 5130 1990 5200 Sicque
2016 5133 2236 5184 certam
2345 5147 2507 5191 τονον,
2568 5128 2694 5177 ὁπού
2765 5122 2823 5177 δὲ
2899 5125 3049 5177 πάλιν

2345 5147 2507 5191 τονον,
2568 5128 2694 5177 όπού
2765 5122 2823 5177 δὲ
2899 5125 3049 5177 πάλιν
3103 5124 3439 5185 ἐπισπεῦσαι,
3493 5126 3584 5174 καὶ
3632 5127 3952 5185 κατατεῖναι,

596 5223 825 5279 virtutis
852 5224 1010 5277 viam
1036 5227 1091 5278 et
1114 5221 1346 5277 facilem
1376 5219 1486 5275 illis
1508 5217 1867 5288 faciunt,qui
1889 5234 2020 5273 eam
2035 5233 2238 5288 aggre-
2347 5221 2434 5269 καὶ
2511 5218 2885 5289 συντονωτέραν
2948 5234 3052 5267 ποι]

2347 5221 2434 5269 καὶ
2511 5218 2885 5289 συντονωτέραν
2948 5216 3297 5283 ποιήσασθαι,
3360 5216 3450 5264 καὶ
3517 5210 3682 5273 οὕτως
3750 5208 3951 5268 ἀπλανῆ

596 5312 858 5368 diuntur.
902 5311 1194 5376 Quoniam
1233 5314 1433 5365 autem
1473 5325 1540 5364 ex
1578 5308 1647 5363 iis
1688 5307 1949 5363 maxime
1989 5307 2238 5377 insignis
2346 5310 2435 5364 τὴν
2463 5301 2589 5357 ὁδον
2636 5311 2742 5364 τοῖς
2780 5311 3019 5376 μετιοῦσι

2346 5310 2435 5364 τὴν
2463 5301 2589 5357 όδὸν
2636 5311 2742 5364 τοῖς
2780 5311 3019 5376 μετιοῦσι
3059 5308 3147 5354 καὶ
3193 5298 3384 5377 ῥᾳδίαν
3431 5298 3761 5376 ἐργάζονται.
3811 5298 3958 5351 Ἐπεὶ

597 5399 934 5463 Abramius,
968 5414 1087 5455 non
1119 5398 1313 5455 solum
1344 5414 1481 5455 cum
1510 5402 1663 5453 esset
1691 5396 1887 5452 adhuc
1918 5402 2238 5467 superstes,
2348 5394 2434 5445 οὖν
2491 5393 2872 5465 ἐπισημότατος
2929 5395 3052 5444 τούτ

2348 5394 2434 5445 οὖν
2491 5393 2872 5465 ἐπισημότατος
2929 5395 3122 5444 τούτων
3176 5389 3486 5465 Ἀϐρὰμιος,
3544 5389 3603 5440 ού
3664 5392 3815 5460 μόνον
3878 5389 3958 5438 ἔτι

600 5487 705 5544 sed
733 5503 893 5543 nunc
908 5502 1148 5560 quoque
1170 5486 1432 5543 oratione
1452 5486 1907 5559 velutiquadam
1927 5499 2242 5557 expressus
2347 5486 2553 5555 περιὼν,
2612 5481 2736 5534 ἀλλὰ
2777 5486 2865 5533 καὶ
2917 5488 3004 5532 νῦν
3038 5502 3052 5531 ι

2347 5486 2553 5555 περιὼν,
2612 5481 2736 5534 ἀλλὰ
2777 5486 2865 5533 καὶ
2917 5488 3004 5532 νῦν
3038 5482 3208 5554 ὥσπερ
3250 5477 3297 5531 ἐν
3330 5479 3487 5531 εἰκόνι
3515 5486 3588 5549 τῷ
3637 5477 3772 5548 λόγῳ
3831 5472 3958 5528 δια-

601 5575 884 5648 imagine,
912 5576 972 5632 id
998 5575 1168 5649 plene
1193 5581 1470 5648 praestare
1508 5581 1737 5650 potest:
1778 5591 1871 5631 res
1910 5575 2040 5647 ejus
2080 5588 2241 5627 nunc
2348 5574 2684 5643 τυπούμενος,
2718 5566 2993 5642 διηγητέον
3042 5591 3052 5621 ‹

2348 5574 2684 5643 τυπούμενος,
2718 5566 2993 5642 διηγητέον
3042 5572 3108 5632 ὡς
3157 5570 3262 5622 οἶόν
3292 5587 3345 5621 τε
3371 5570 3437 5621 τὰ
3488 5574 3580 5622 τοῦ
3624 5562 3814 5641 ἀνδρὸς
3863 5570 3957 5618 καὶ
