4110 6272
259 311 329 369 45

257 439 382 511 ἡμῖν
427 444 519 494 καὶ
569 443 682 495 κατ’
723 445 868 516 ἴχνος
906 446 1046 519 αύτῷ
1078 458 1172 514 τῆς
1215 453 1396 528 ἀρετῆς
1442 465 1714 531 πορευτέον

255 532 507 599 μιμητέον
539 529 612 593 εἰς
637 527 877 607 δύναμιν.

324 721 391 778 Β’.
424 725 587 788 Οὗτος
615 733 783 782 τοίνυν
813 730 839 783 ὁ
880 729 1119 809 δεύτερος
1165 737 1400 814 Ἀϐραὰμ
1434 748 1519 796 καὶ
1550 754 1622 816 τῷ
1661 753 1845 822 πρώτῳ

249 813 587 886 παράμιλλος,
647 816 701 881 ἐξ
755 819 985 892 εὐγενοῦς
1066 829 1156 897 μὲν
1239 837 1330 890 τῆς
1365 813 1369 814 7
1407 813 1600 907 ῥίζης.
1639 813 1846 908 εὐγενὴς

247 899 537 962 ἐϐλάστησε
589 904 801 971 κλάδος·
856 917 1064 985 πατέρες
1108 918 1208 990 γὰρ
1261 899 1418 990 αὐτῷ’
1457 899 1713 998 λαμπροὶ,
1749 931 1840 998 μὲν

243 992 302 1043 τὸ
330 995 486 1063 γένος,
519 993 749 1071 λαμπροὶ
803 995 862 1052 δε
909 1004 994 1054 τόν
1044 1001 1160 1076 βίον
1203 1012 1291 1059 καὶ
1321 992 1532 1082 πλούτω
1565 992 1653 1066 καὶ
1704 992 1832 1089 δόξῃ

242 1087 305 1151 τῇ
345 1084 480 1134 κατά
528 1089 727 1156 κόσμον
775 1085 1009 1153 ἔπιεικὼς
1059 1099 1436 1168 σεμνυνόμενοι.
1478 1099 1728 1172 Ὀρῶντες
1777 1102 1836 1158 δε

237 1171 323 1220 τόν
381 1168 552 1224 παῖδα
610 1181 781 1227 πᾶσαν
842 1175 897 1228 ἐκ
953 1188 1048 1242 τῆς
1109 1189 1319 1256 πρώτης
1376 1187 1581 1252 ἡλικίας
1646 1191 1831 1266 ἀρετὴν

237 1263 498 1328 μετιόντα,
534 1259 746 1337 σφοδρῷ
793 1267 927 1318 πάνυ
980 1275 1107 1345 πυρὶ
1151 1280 1240 1324 τοῦ
1288 1279 1417 1347 πρός
1455 1277 1610 1330 αὐτὸν
1656 1288 1828 1334 κατεί-

235 1366 397 1417 χοντο
463 1351 644 1403 πόθου·
721 1363 937 1407 τοιαῦτα
983 1357 1084 1430 γὰρ
1154 1364 1217 1413 τὰ
1286 1371 1386 1414 τῶν
1454 1374 1828 1437 γεγεννηκότων

237 1435 523 1509 σπλάγχνα
574 1445 665 1493 καὶ
720 1446 940 1515 πέφυκεν
1006 1447 1170 1510 οὕτως
1221 1449 1375 1524 ἀρετὴ
1436 1452 1660 1522 παίδων,
1715 1464 1826 1529 μεί-

237 1525 361 1586 ζονα
407 1534 503 1589 τῆς
539 1537 767 1600 φυσικῆς
811 1543 1038 1609 στοργῆς
1089 1555 1143 1588 τε
1181 1543 1269 1590 καὶ
1313 1536 1596 1605 διαθέσεως
1647 1525 1826 1608 αὐτοῖς

230 1617 325 1671 τὴν
362 1617 530 1691 πυρὰν
585 1619 921 1686 ύπανάπτειν,
973 1620 1059 1676 διὸ
1117 1622 1186 1684 δὴ
1228 1631 1318 1680 καὶ
1369 1628 1481 1681 λίαν
1535 1629 1824 1705 ἀκορέστως

228 1701 389 1756 αὑτοῦ
431 1709 521 1758 καὶ
550 1718 808 1782 περικαῶς
845 1713 1073 1782 ἔχοντες,
1115 1716 1330 1768 ἐπόθουν
1377 1718 1538 1772 καλοῦ
1585 1726 1822 1776 τοιούτου

1621 334 1787 395 VITA
1829 341 1888 397 S.
1930 343 2248 408 ABRAMII.

3544 380 3616 436 46

1762 470 1852 518 καὶ
1879 468 1926 521 Α
1961 484 1995 524 ει
2018 473 2194 531 nobis
2223 482 2533 539 narrandae
2564 490 2704 542 sunt
2734 503 2840 560 pro
2870 490 3116 560 viribus,
3159 500 3222 552 ut
3260 515 3608 573 sequamur,

1959 562 2016 657 et
2051 565 2255 662 quoad
2285 567 2410 639 ejus
2439 570 2568 628 ﬁeri
2598 577 2826 646 poterit,
2867 579 3168 640 imitemur
3197 562 3445 658 vestigia
3473 591 3526 663 ej
3538 562 3605 648 us

2025 740 2098 840 ll;
2121 742 2220 798 Hic
2244 760 2386 816 ergo
2425 751 2723 809 secundus
2764 755 3089 829 Abraham,
3121 767 3178 819 et
3219 779 3356 821 cum
3404 768 3600 840 primo

1954 827 2368 906 conferendus,
2403 853 2476 895 ex
2504 841 2688 898 nobili
2725 846 2970 916 quidem
3008 851 3207 908 radice
3247 827 3598 922 germinavit

1949 929 2156 973 ramus
2197 923 2431 981 nobilis.
2473 931 2621 986 Nam
2660 931 2896 990 fuerunt
2937 937 3185 1009 quidem
3234 941 3286 996 ei
3323 950 3598 1014 parentes

1947 1001 2088 1099 clari
2120 1022 2352 1078 genere,
2385 1015 2506 1071 vita
2536 1023 2737 1076 autem
2765 1001 3032 1090 illustres,
3066 1032 3121 1082 et
3149 1029 3252 1099 qui
3291 1001 3511 1088 divitiis
3539 1001 3598 1091 et

1945 1091 2131 1160 gloria
2145 1101 2454 1159 mundana
2465 1104 2574 1161 sibi
2586 1123 2965 1182 summopere
2979 1091 3312 1184 placebant.
3328 1120 3474 1176 Cum
3491 1137 3592 1179 au-

1942 1183 2060 1239 tem
2087 1185 2352 1245 viderent
2373 1207 2624 1262 puerum
2650 1196 2728 1252 ab
2753 1183 2994 1256 ineunte
3015 1207 3186 1260 aetate
3206 1220 3448 1264 omnem
3469 1209 3589 1266 vir-

1942 1273 2122 1327 tutem
2154 1287 2540 1345 exercentem,
2587 1285 2940 1343 tenebantur
2968 1291 3212 1361 quidem
3255 1295 3589 1355 vehementi

1935 1365 2073 1427 igne
2103 1361 2162 1416 in
2185 1379 2322 1420 eum
2344 1368 2567 1425 amoris
2589 1376 2639 1424 et
2666 1372 2959 1431 desiderii.
2986 1379 3133 1435 Sunt
3152 1380 3312 1436 enim
3336 1383 3476 1441 talia
3493 1401 3589 1442 eo-

1935 1462 2091 1514 rum,
2128 1452 2228 1522 qui
2260 1464 2608 1522 genuerunt,
2642 1461 2883 1526 viscera,
2913 1471 2970 1520 et
2985 1471 3198 1523 natura
3224 1474 3311 1526 est
3338 1472 3420 1527 eis
3440 1473 3584 1530 insi-

1935 1538 2334 1602 tum,utvirtus
2345 1543 2593 1600 ﬁliorum
2610 1549 2880 1619 majorem
2895 1551 2955 1607 in
2969 1553 3056 1609 eis
3069 1555 3579 1618 excitetﬂammam

1933 1625 2218 1682 naturalis
2244 1629 2550 1688 charitatis
2572 1639 2630 1690 et
2654 1636 2996 1695 affectionis.
3019 1640 3416 1710 Quamobrem
3439 1665 3579 1707 cum

1932 1722 2089 1771 esset
2111 1733 2318 1776 eorum
2341 1721 2401 1776 in
2432 1738 2568 1778 eum
2600 1741 2771 1782 amor
2801 1733 2858 1784 et
2895 1729 3260 1804 insatiabilis,
3304 1742 3362 1792 et
3398 1736 3575 1808 longe

227 1789 464 1863 βλαστοῦ
510 1799 600 1848 καὶ
655 1802 887 1868 καρποὺς
944 1797 1093 1867 ἰδεῖν,
1158 1805 1310 1870 ὅπως,
1371 1813 1460 1860 καὶ
1517 1812 1585 1872 ὡς
1624 1811 1792 1865 εἰκόνα

1931 1803 2402 1872 ardentissimus,
2436 1810 2850 1873 desiderabant
2873 1817 3069 1875 videre
3092 1789 3327 1878 fructus
3342 1789 3574 1896 φιλίοις)τί

223 1888 318 1933 τοῦ
360 1884 477 1935 υἱοῦ
525 1887 589 1937 τὰ
627 1888 812 1958 ἔγγονα
855 1887 1146 1961 βλέποντες,
1189 1897 1246 1945 τὸ
1293 1895 1423 1947 πολὺ
1447 1905 1538 1949 τοῦ
1576 1904 1707 1971 πρός
1732 1903 1816 1953 αῦ-

223 1973 311 2020 τόν
341 1971 554 2046 φίλτρου
603 1970 976 2046 διαναπνέωσι,
1024 1986 1113 2032 καὶ
1143 1980 1252 2053 ἅμα
1291 1987 1536 2044 τοιαύτην
1569 1985 1819 2062 βουλόμε-

219 2077 298 2110 νοι
327 2067 390 2131 τῇ
445 2057 686 2136 διαδοχῇ
718 2072 810 2116 τοῦ
855 2071 1030 2138 γένους
1060 2070 1325 2124 ὑποθεῖναι
1376 2073 1618 2147 κρηπῖδα
1646 2087 1813 2131 τοιοῦ-

215 2164 304 2199 τον
360 2149 604 2222 θεμέλιον,
646 2150 819 2225 ἀμέλει
869 2160 959 2208 καὶ
1012 2156 1302 2230 ἀγαγέσθαι
1363 2165 1563 2235 νύμφην
1629 2165 1814 2219 ἐσπού-

217 2231 382 2297 δαζον
437 2247 510 2310 τῷ
559 2243 652 2312 υἱῷ
703 2247 789 2295 καὶ
846 2247 1018 2317 γάμου
1079 2243 1247 2305 δῆσαι
1300 2247 1513 2324 δεσμοῖς
1567 2260 1657 2306 καὶ
1712 2265 1812 2308 τῶν

214 2335 482 2398 κοσμικῶν
556 2328 862 2402 ἀξιωμάτων
941 2335 1025 2388 ἰπὶ
1084 2339 1148 2388 τὰ
1215 2339 1379 2409 μείζω
1459 2353 1811 2416 προσαγαγεῖν

213 2414 370 2468 αὐτὸν
416 2421 502 2470 xui
567 2425 991 2496 περιφανέστερα.
1050 2424 1314 2500 Ἀϐραμίῳ
1365 2425 1425 2483 δὲ
1487 2430 1590 2505 ἆρα
1645 2443 1811 2488 ταῦτα

212 2510 421 2577 φροντὶς
475 2505 719 2581 ούδεμία,
787 2509 1033 2566 τάναντία
1086 2511 1146 2568 δε
1213 2519 1458 2582 καθάπαξ
1534 2529 1630 2584 τῆς
1706 2532 1806 2576 τῶν

207 2597 397 2665 γονέων
497 2602 764 2672 προῄρητο
842 2607 1051 2675 γνώμης
1155 2609 1243 2657 καὶ
1336 2612 1430 2666 τὴν
1518 2612 1609 2682 μεν
1695 2612 1806 2666 Ἐκ-

204 2681 445 2742 κλησίαν.
496 2686 582 2737 οἷά
615 2706 732 2740 τινα
779 2693 1000 2762 νύμφην,
1048 2691 1212 2764 ἐαυτῷ
1251 2693 1608 2766 ἐμνηστεύετο,
1641 2720 1804 2774 προσ-

201 2767 427 2845 εδρεύων
477 2774 608 2848 αὐτῇ
647 2780 783 2829 κατὰ
828 2781 949 2840 τοὺς
997 2782 1213 2854 θερμοὺς
1250 2792 1350 2836 τῶν
1380 2792 1612 2860 νυμφίων
1641 2792 1802 2843 νύκτα

197 2865 290 2912 καὶ
340 2862 451 2932 μεθ’
496 2863 710 2938 ἡμέραν,
756 2871 844 2918 καὶ
880 2866 1066 2939 ψυχὴν
1113 2870 1223 2942 ἅμα
1259 2877 1348 2924 καὶ
1398 2872 1556 2934 ἀκοὴν
1595 2885 1705 2940 τοῖς
1750 2878 1798 2931 ἐν

198 2947 332 3020 αὐτῇ
374 2953 504 3021 πρὸς
545 2955 634 3003 τόν
681 2956 811 3005 Θεόν
853 2955 1030 3026 ὕμνοις
1076 2963 1165 3010 καὶ
1212 2967 1325 3021 ταῖς
1365 2960 1642 3034 μελῳδίαις
1691 2967 1797 3019 θελ-

1928 1891 2104 1963 hujus
2143 1898 2424 1964 germinis
2465 1918 2478 1958 :
2523 1905 2585 1956 ut
2613 1911 2918 1960 cernentes
2954 1909 3244 1980 tanquam
3283 1913 3574 1984 imagines

1926 1979 2031 2036 ﬁlii
2059 1989 2322 2052 nepotes,
2350 1988 2444 2042 sui
2466 1989 2529 2044 in
2549 2005 2687 2046 eum
2718 1993 2939 2049 amoris
2960 1979 3236 2054 sedarent
3263 2001 3574 2060 vehemen-

1923 2067 2088 2137 tiam,
2122 2079 2178 2129 et
2198 2074 2375 2131 simul
2404 2079 2762 2136 successioni
2781 2083 3014 2150 generis
3035 2083 3147 2141 hoc
3160 2086 3430 2158 jacerent
3444 2091 3571 2146 fun-

1922 2160 2296 2222 damentum.
2331 2165 2538 2238 Itaque
2576 2169 2914 2239 studebant,
2956 2179 3019 2228 ut
3055 2178 3111 2230 et
3139 2175 3292 2232 ﬁlius
3330 2178 3570 2238 duceret

1920 2266 2188 2317 uxorem,
2230 2257 2286 2308 et
2327 2254 2665 2324 alligaretur
2700 2259 2944 2316 vinculis
2997 2263 3357 2322 matrimonii
3397 2273 3454 2324 et
3488 2270 3568 2326 ad

1919 2342 2254 2411 praecipuas
2269 2347 2327 2398 et
2345 2344 2604 2400 maxime
2624 2346 2883 2403 illustres
2906 2350 3117 2406 mundi
3143 2355 3568 2423 proveheretur

1919 2427 2250 2498 dignitates.
2283 2431 2563 2488 Abramio
2580 2440 2782 2491 autem
2798 2436 2946 2492 nihil
2973 2438 3184 2495 horum
3218 2449 3515 2502 eratcuras
3549 2462 3562 2500 :

1916 2533 2062 2573 nam
2108 2534 2180 2574 ea
2217 2519 2532 2591 delegerat,
2582 2539 2719 2594 quae
2775 2532 3091 2596 parentum
3145 2531 3347 2588 animo
3389 2533 3563 2605 plane

1913 2605 2390 2664 adversabantur
2439 2626 2452 2665 :
2496 2615 2552 2666 et
2606 2612 2925 2669 Ecclesiam
2963 2616 3230 2686 quidem,
3275 2624 3562 2693 tanquam

1911 2711 2200 2768 sponsam
2215 2698 2566 2769 quamdam,
2599 2699 2708 2755 sibi
2731 2701 3153 2772 desponderat,
3183 2707 3255 2778 ei,
3289 2713 3350 2764 ut
3373 2709 3564 2778 solent

1911 2784 2116 2855 sponsi
2145 2785 2437 2850 ardentes,
2472 2794 2648 2843 noctu
2669 2794 2727 2844 et
2754 2789 3009 2846 interdiu
3031 2794 3328 2863 assidens,
3356 2804 3412 2853 et
3437 2800 3563 2854 ani-

1908 2888 2073 2929 mum
2102 2873 2280 2930 simul
2300 2880 2358 2931 et
2377 2891 2548 2931 aures
2571 2877 2912 2934 demulcens
2928 2879 3018 2946 iis,
3043 2882 3146 2952 qui
3173 2883 3232 2938 in
3255 2884 3387 2956 ipsa
3407 2886 3561 2944 ﬁunt

1907 2960 1981 3016 ad
2019 2964 2222 3031 Deum,
2253 2963 2496 3034 hymnis
2526 2970 2580 3020 et
2611 2966 2882 3022 melodiis
2915 2984 2930 3035 ;
2966 2985 3151 3026 unum
3181 2988 3318 3029 vero
3349 2990 3554 3032 verum

193 3040 431 3108 γόμενος·
488 3044 612 3110 μίαν
665 3037 724 3093 δε
774 3047 932 3114 τιμὴν
983 3042 1148 3104 ἀληθῆ
1208 3051 1302 3104 τὴν
1346 3053 1482 3101 κατὰ
1527 3057 1654 3105 Θεὸν
1692 3055 1792 3108 ἐνό-

1905 3049 2212 3106 honorem.
2227 3052 2305 3107 ad
2319 3053 2494 3107 Deum
2508 3053 2878 3111 existimabat
2898 3056 3237 3127 profectum.
3261 3061 3555 3132 Magistra-

185 3128 312 3198 μιζε
339 3133 629 3202 προκοπήν
686 3128 860 3204 ἀρχὰς
891 3128 968 3192 δε,
1002 3137 1092 3184 καὶ
1135 3131 1466 3202 δυναστείας,
1511 3145 1600 3192 καὶ
1629 3151 1790 3212 τιμῶν

1905 3139 1996 3190 tus
2029 3143 2228 3193 autem
2267 3145 2324 3194 et
2361 3147 2677 3211 potestates
2709 3147 2764 3199 et
2809 3123 3110 3202 honorum
3155 3123 3546 3224 altitudinem,

185 3213 322 3286 ὕψη,
364 3221 453 3268 καὶ
508 3219 698 3288 μεγέθη
740 3219 1064 3292 ἀξιωμάτων,
1124 3227 1213 3275 καὶ
1258 3227 1304 3276 εἴ
1347 3244 1398 3277 τι
1441 3227 1563 3280 ἄλλο
1603 3249 1791 3302 κοσμι-

1905 3227 1958 3278 et
1984 3223 2340 3294 dignitatum
2360 3229 2857 3298 magnitudinem,
2881 3237 2937 3288 et
2959 3232 3007 3287 si
3033 3235 3177 3306 quid
3200 3237 3357 3293 aliud
3377 3213 3551 3297 mun:

182 3307 276 3356 κόν
325 3308 414 3356 καὶ
463 3309 737 3378 περίγειον,
796 3312 1034 3380 παίγνιον
1081 3312 1258 3381 ἡγεῖτο
1305 3316 1472 3367 πάντα
1521 3322 1610 3370 καὶ
1652 3337 1784 3377 σκη-

1905 3312 2126 3391 danum
2155 3319 2210 3368 et
2235 3321 2551 3384 terrenum,
2580 3318 2958 3374 existimabat
2987 3323 3193 3379 omnia
3221 3324 3546 3385 ludibrium

181 3397 276 3451 νὴν
305 3397 394 3446 καὶ
432 3395 728 3469 ὑπόκρισιν,
778 3396 1039 3473 ὀνείρατος
1067 3396 1218 3453 οῦδὲν
1265 3402 1470 3474 ἄμεινον
1513 3410 1600 3458 καὶ
1631 3414 1784 3470 σκιᾶς

1905 3405 1948 3457 at
1969 3402 2269 3460 scenicam
2293 3406 2608 3472 actionem,
2631 3422 2764 3478 quas
2786 3406 2971 3464 nihilo
2982 3409 3195 3467 melius
3212 3418 3352 3469 sunt
3372 3415 3547 3474 affec-

183 3477 505 3555 διακείμενα.

1905 3496 1949 3547 ta
1967 3506 2153 3563 quam
2183 3493 2484 3550 somnium
2521 3500 2576 3550 et
2610 3477 2841 3551 umbra.

257 3577 332 3624 I".
395 3573 534 3627 Ἐπεὶ
577 3570 636 3628 δὴ
692 3576 741 3628 οἱ
792 3579 1018 3638 τεκόντες
1069 3577 1312 3632 ἐνέκειντο
1355 3586 1444 3634 καὶ
1483 3587 1614 3654 μετὰ
1658 3585 1780 3639 πολ-

1961 3583 2051 3637 lll.
2083 3580 2228 3637 Cum
2250 3586 2450 3639 autem
2471 3588 2745 3656 parentes
2765 3584 3053 3642 instarent
3077 3592 3134 3644 et
3154 3589 3543 3650 vehementis-

179 3666 270 3721 λῆς
314 3661 468 3714 αὐτόν
497 3671 593 3724 τῆς
641 3660 996 3737 σφοδρότητος
1035 3667 1285 3738 ὁμιλῆσαι
1321 3672 1508 3742 γάμοις
1553 3673 1780 3746 ἠνάγκα·

1905 3670 2040 3725 sime
2072 3677 2366 3742 urgerent,
2399 3679 2460 3728 ut
2488 3689 2734 3729 uxorem
2761 3674 3022 3746 duceret,
3049 3679 3378 3748 quinetiam
3410 3701 3542 3741 ma-

180 3748 292 3816 ζον,
346 3751 376 3808 ἡ
439 3746 497 3804 δε
551 3757 724 3825 μήτηρ
767 3751 1170 3828 ἀναϐαλλόμενον
1225 3759 1403 3830 ὁρῶσα
1450 3766 1540 3813 καὶ
1572 3758 1778 3836 δάκρυα

179 3837 427 3901 πολλάκις
475 3840 616 3912 ἠφίει
665 3849 763 3893 τῶν
828 3843 1120 3915 ὀφθαλμῶν,
1169 3848 1234 3897 τὰ
1293 3854 1384 3907 τῆς
1440 3851 1541 3900 ἔσω
1593 3850 1776 3923 φλογὸς

179 3923 386 3997 ἀψευδῆ
433 3927 684 4000 σύμϐολα,
735 3934 825 3983 καὶ
863 3933 933 3994 ὡς
961 3929 1111 3985 οὐδὲν
1154 3933 1274 3987 ἄλλο
1302 3934 1489 4007 ψυχὴν
1527 3941 1642 3991 υἱοῦ
1679 3961 1773 3993 xu-

177 4015 438 4070 τακλάσαι
487 4014 766 4090 δυνάμενα,
817 4019 908 4072 οὐκ
954 4022 1090 4091 ἔχων
1133 4024 1159 4074 ό
1201 4023 1356 4086 καλός
1384 4024 1666 4100 Ἀϐράμιος
1694 4031 1774 4082 ὅτι

173 4109 266 4157 καὶ
321 4107 500 4171 πάθοι,
555 4113 754 4180 μητρός
799 4127 853 4161 τε
894 4108 1058 4170 λιταῖς
1101 4115 1189 4163 καὶ
1232 4117 1423 4187 πατρός
1453 4117 1576 4168 εἴκει
1605 4117 1772 4170 κελεύ-

175 4211 367 4266 σμασι,
406 4199 491 4248 καὶ
533 4198 619 4247 τόν
669 4204 762 4249 τοῦ
807 4199 976 4270 γάμου
1022 4199 1180 4271 ζυγὸν
1231 4199 1605 4274 καταδέχεται,
1647 4211 1770 4279 μίαν

172 4291 273 4335 τῶν
304 4283 510 4336 ἓντολῶν
561 4289 651 4338 καὶ
705 4293 859 4339 τοῦτο
889 4283 1044 4350 εἰδως
1099 4293 1156 4341 τὸ
1196 4295 1285 4343 xui
1337 4297 1497 4366 πατρὶ
1535 4301 1624 4347 καὶ
1665 4316 1771 4367 μη-

171 4375 257 4444 τρὶ
307 4373 597 4426 πείθεσθαι·
645 4372 752 4427 ἐπεὶ
800 4379 889 4428 καὶ
940 4380 1069 4450 πρός
1115 4376 1300 4431 ἕκεῖνον
1329 4377 1449 4452 ᾔδει
1479 4387 1571 4440 τὴν
1611 4389 1767 4456 τιμὴν

1887 3762 1978 3814 ter
2004 3759 2214 3815 videns
2236 3777 2373 3816 eum
2396 3760 2786 3827 diﬂ‘erentem,
2809 3779 2963 3834 saepe
2987 3764 3285 3838 lacrymas
3308 3771 3538 3829 emitte-

1884 3853 1971 3904 ret
1991 3864 2062 3904 ex
2084 3848 2290 3914 oculis,
2313 3866 2448 3922 quae
2467 3855 2602 3906 sunt
2619 3857 2774 3908 certa
2795 3853 2966 3922 signa
2990 3853 3251 3914 ﬂammas
3273 3858 3532 3930 internas,

1884 3940 1943 3992 et
1969 3953 2122 4009 quae,
2155 3939 2205 3993 si
2230 3939 2376 4011 quid
2405 3937 2586 4004 aliud,
2627 3939 2734 3995 ﬁlii
2772 3941 2945 3997 valde
2975 3952 3233 4014 possunt
3262 3949 3531 4007 animum

1882 4025 2241 4096 infringere;
2273 4027 2523 4084 nesciret
2551 4044 2691 4084 vero
2731 4031 3001 4102 egregius
3040 4033 3358 4091 Abramius
3383 4039 3532 4110 quid

1880 4114 2118 4180 faceret,
2160 4117 2315 4172 cedit
2354 4117 2558 4172 matris
2597 4118 2875 4190 precibus
2915 4125 2972 4176 et
3012 4121 3191 4191 jussis
3229 4127 3433 4195 patris,
3474 4134 3532 4186 et

1875 4204 2088 4274 jugum
2128 4205 2342 4276 accipit
2379 4206 2758 4272 matrimonii,
2803 4212 2867 4263 ut
2902 4209 3005 4280 qui
3036 4211 3208 4267 sciret
3243 4213 3358 4269 hoc
3397 4232 3529 4273 esse

1878 4309 2064 4348 unum
2094 4309 2165 4348 ex
2194 4292 2423 4348 Domini
2454 4295 2783 4367 praeceptis,
2813 4297 2970 4368 patri
3014 4303 3069 4353 et
3093 4302 3263 4357 matri
3298 4318 3524 4374 parere.

1877 4385 2023 4438 Nam
2055 4382 2132 4437 ad
2171 4381 2336 4437 illum
2376 4397 2616 4455 quoque
2645 4383 2898 4439 transire
2950 4385 3239 4444 honorem
3279 4391 3525 4462 pulchre

172 4457 477 4528 διαϐαίνειν,
524 4463 646 4537 παρ’
697 4464 758 4517 οὗ
807 4470 897 4518 καὶ
943 4467 972 4525 ἡ
1021 4465 1216 4532 ἕντολὴ,
1244 4473 1332 4521 καὶ
1362 4471 1430 4532 ὡς
1460 4473 1573 4524 ἔστι
1602 4477 1766 4535 κοινὸς

1905 4471 2116 4539 ciebat,
2145 4487 2181 4528 a
2208 4487 2328 4542 quo
2350 4453 2678 4544 profectum
2705 4476 2792 4528 est
2815 4479 3202 4548 praeceptum,
3230 4453 3408 4552 etqui
3439 4488 3526 4540 est

172 4547 432 4615 ἁπάντων,
483 4555 574 4604 καὶ
609 4560 814 4628 πρῶτος
869 4558 1061 4628 πατὴρ,
1125 4560 1214 4609 καὶ
1272 4553 1616 4635 δημιουργός,
1676 4568 1765 4616 καὶ

169 4645 260 4691 τοῦ
308 4635 436 4692 εἶναι
463 4644 554 4693 xui
587 4648 680 4694 τοῦ
733 4641 828 4714 ζῇν
859 4643 1176 4706 αἰτιώτατος.
1237 4645 1394 4698 Ἀλλά
1439 4667 1528 4721 μοι
1585 4645 1762 4704 διανα-

171 4731 348 4785 στήτω
403 4727 532 4788 ἀκοὴ
605 4735 754 4783 πᾶσα
822 4735 950 4804 πρὸς
1013 4737 1106 4792 τήν
1175 4733 1446 4809 ἀκρόασιν·
1506 4733 1612 4796 ἤδη
1661 4743 1760 4815 γὰρ

170 4813 410 4888 ἀνίσχειν
451 4815 535 4870 ἐπὶ
585 4822 678 4877 τὴν
734 4818 1017 4894 Ἀϐραμίου
1071 4821 1257 4894 ψυχὴν
1307 4826 1360 4876 αἱ
1403 4832 1496 4887 τῆς
1543 4813 1762 4899 χάριτος

167 4902 363 4966 ἀκτῖνες
418 4903 757 4982 ιῖπάρχονται⁸
831 4908 1044 4962 ἐτελεῖτο
1101 4915 1190 4983 μέν
1249 4913 1400 4971 ἕκτην
1463 4916 1658 4988 ἡμέραν
1725 4918 1755 4975 ἡ

163 4991 385 5065 εύωχία,
432 4998 523 5047 καὶ
609 4997 676 5048 τὰ
729 4997 968 5070 γαμὴλια
1021 4997 1298 5072 ἐκροτεῖτο,
1375 5006 1464 5055 xui
1525 5005 1758 5075 ὑμέναιοι

161 5077 372 5154 ᾔδοντοο
417 5085 553 5136 κατὰ
605 5080 664 5137 δε
693 5090 781 5144 τὴν
823 5083 1072 5159 ἑϐδόμην,
1114 5085 1223 5162 ἕνῇ
1264 5093 1350 5142 καὶ
1376 5089 1620 5145 λελῦσθαι
1647 5089 1754 5153 ἤδη

160 5170 339 5234 αὐτοῖς
380 5171 550 5244 ἔμελλε
600 5175 682 5226 ’τὰ
731 5182 831 5227 τῶν
897 5177 1097 5249 γάμων,
1162 5180 1639 5252 θαυματουργεῖταί
1704 5203 1756 5235 τι

157 5265 395 5332 πρᾶγμα,
469 5258 609 5334 μηδέ
673 5262 956 5336 ὀφθαλμοῖς
1029 5272 1417 5339 πιστευόμενον.
1496 5268 1751 5330 Ἐκάθητο

157 5351 246 5421 μὲν
294 5351 395 5422 γὰρ
463 5352 592 5423 μετὰ
625 5359 723 5413 τῆς
767 5354 969 5425 νύμφης
1023 5355 1163 5426 μάλα
1204 5356 1436 5432 λαμπρὸς
1493 5359 1518 5411 ὁ
1571 5359 1753 5434 Ἀϐρά-

157 5455 294 5509 μιος,
344 5439 414 5498 ὡς
459 5443 678 5512 νυμφίος
736 5439 940 5505 ἀληθῶς
992 5442 1074 5496 ἐπὶ
1147 5452 1239 5498 τοῦ
1292 5454 1498 5499 παστοῦ
1569 5448 1750 5502 αὐτοῦ·

159 5525 376 5599 θορύϐου
426 5523 486 5580 δε
523 5533 613 5582 καὶ
648 5533 834 5603 κρότου
874 5535 961 5584 τὸν
995 5532 1154 5603 οἷκον,
1187 5536 1257 5597 ὡς
1297 5534 1455 5601 εἰκὸς,
1499 5541 1753 5609 κατεχόν-

155 5634 273 5681 των,
318 5619 409 5668 xui
454 5621 569 5690 περὶ
618 5622 712 5678 την
741 5621 999 5695 τράπεζαν
1041 5623 1242 5676 πάντων
1280 5629 1369 5677 xui
1405 5627 1527 5690 τοὺς
1566 5622 1755 5679 δαιτυ-

1873 4560 2210 4616 communis
2238 4560 2509 4615 omnium
2539 4565 2596 4615 et
2641 4561 2864 4631 primus
2905 4569 3090 4634 pater,
3125 4571 3181 4621 et
3209 4567 3427 4639 opifex,
3468 4576 3526 4628 et

1871 4649 2174 4721 praecipua
2211 4664 2412 4714 causa,
2446 4654 2508 4704 ut
2549 4649 2736 4705 simus
2775 4655 2832 4706 et
2883 4653 3176 4709 vivamus.
3213 4657 3327 4713 Sed
3377 4661 3522 4717 mihi

1870 4741 2207 4808 arrigantur
2235 4753 2443 4793 omnes
2464 4753 2636 4793 aures
2662 4738 2738 4794 ad
2771 4740 3138 4798 audiendum
3175 4759 3188 4798 :
3207 4743 3336 4814 jam
3361 4748 3520 4805 enim

1869 4828 1929 4882 in
1955 4827 2149 4882 animo
2183 4826 2444 4882 Abramii
2476 4825 2767 4898 incipiunt
2795 4827 2934 4883 oriri
2963 4829 3105 4884 radii
3139 4832 3364 4901 gratim.
3408 4839 3519 4894 Sex

1867 4915 2112 4988 quidem
2164 4915 2565 4987 praeterieram
2609 4915 2755 4983 dies,
2815 4933 2886 4972 ex
2947 4933 3068 4988 quo
3121 4922 3521 4992 peragebatur

1865 5004 2197 5060 convivium
2227 5008 2284 5060 et
2312 5003 2768 5060 celebrabantur
2806 5005 3054 5076 nuptiae,
3098 5011 3153 5062 et
3189 5011 3520 5071 cauebatur

1865 5093 2211 5165 hymenaeus
2243 5110 2257 5159 ;
2291 5092 2543 5166 septimo
2591 5098 2811 5158 autem,
2855 5093 2914 5148 in
2966 5110 3088 5166 quo
3137 5103 3264 5153 erat
3289 5099 3374 5154 eis
3406 5101 3519 5158 sol-

1863 5183 2126 5238 vendum
2143 5182 2610 5248 matrimonium,
2631 5181 2696 5237 ﬁt
2711 5197 2805 5236 res
2822 5183 3103 5253 quaedam
3118 5186 3515 5256 admirabilis,

1864 5276 2080 5344 etquae
2108 5271 2206 5327 vix
2237 5271 2396 5326 credi
2428 5271 2634 5342 possit.
2688 5273 2832 5326 Nam
2869 5270 3117 5328 sedebat
3159 5275 3404 5346 quidem
3437 5279 3514 5335 ad

1862 5376 2115 5416 mensam
2126 5377 2254 5416 cum
2273 5376 2494 5432 sponsa
2506 5357 2849 5431 splendidus
2862 5358 3166 5416 admodum
3184 5365 3512 5434 Abramius,

1866 5453 2153 5522 tanquam
2181 5464 2434 5521 sponsus
2463 5463 2669 5503 revera
2697 5445 2761 5502 in
2789 5446 3052 5504 thalamo
3088 5467 3220 5517 suo,
3256 5454 3514 5510 tumultu

1864 5544 2060 5595 autem
2087 5538 2374 5609 ethausu
2403 5541 2526 5593 tota
2550 5536 2768 5593 domus
2790 5537 3220 5609 perstrepebat,
3256 5555 3515 5597 mensae-

1860 5642 1977 5700 que
2007 5631 2063 5683 et
2089 5625 2351 5683 convivis
2379 5632 2543 5683 erant
2573 5641 2784 5684 omnes
2813 5624 3016 5681 intenti
3062 5642 3078 5692 ;
3117 5625 3382 5682 occultus
3410 5643 3514 5684 au-
