4110 6272
525 312 594 371 ἇἹ
1910 296 2157 359 MENSiS

2290 291 2503 351 RTIUS
3818 284 3889 341 48

529 446 647 498 tem
673 442 906 496 amator
936 440 1152 493 nostrae
1178 435 1401 502 salutis,
1436 436 1493 490 et
1514 432 1615 505 qui
1638 425 2022 497 intelligentia
2050 438 2170 494 per-

2290 425 2437 491 μόνας
2495 418 2913 491 ἀσχολουμένων,
2965 417 2988 467 6
3041 416 3265 487 κρυπτὸς
3305 421 3397 474 τῆς
3439 416 3708 485 σωτηρίας
3738 415 3888 484 ἡμων

526 530 739 601 cipitur
768 528 1108 584 animarum
1137 529 1468 580 nostrarum
1501 520 1812 593 pronubus
1838 523 1894 572 et
1921 528 2172 586 sponsus

525 619 808 682 Christus,
834 616 1067 670 illarum
1090 613 1327 678 scilicet,
1359 628 1491 683 quae
1517 614 1656 665 sunt
1674 609 1868 676 dignae
1897 601 2172 659 thalamis

526 708 666 775 suis,
684 703 840 760 dulci
855 703 1121 775 quodam
1137 702 1304 757 radio
1322 701 1569 756 caelestis
1586 704 1641 753 et
1657 694 1967 751 ineffabilis
1982 690 2173 761 splen-

524 794 687 850 doris
722 791 943 848 sensim
976 792 1247 845 immisso
1279 791 1337 843 in
1377 788 1730 851 thalamum,
1765 782 1933 838 suavi
1962 786 2018 836 et
2047 778 2175 834 alli-

525 882 699 939 cienti
729 882 858 936 luce
889 879 1096 935 oculos
1124 878 1435 933 illustravit
1463 874 1751 938 Abramii,
1788 870 1967 927 veluti
2008 869 2082 924 ad
2113 882 2173 921 se

526 985 863 1037 accersens,
905 974 960 1023 et
1002 968 1203 1039 ipsum
1255 981 1359 1037 per
1409 966 1604 1020 lucem
1652 961 1973 1018 altrahens.
2016 954 2174 1010 Illius

524 1060 682 1115 enim
701 1059 916 1114 animae
935 1062 1134 1127 aperte
1149 1056 1384 1110 amabat
1401 1051 1925 1125 pulchritudinem,
1945 1054 1997 1102 et
2022 1044 2176 1100 vole-

522 1148 629 1204 bat
657 1163 791 1203 eum
822 1145 1111 1202 collocare
1138 1144 1197 1199 in
1219 1144 1393 1211 longe
1426 1140 1769 1198 melioribus
1804 1135 2099 1193 thalamis.

597 1418 683 1470 IV.
714 1413 894 1484 Hujus
908 1415 1105 1467 autem
1124 1410 1271 1465 lucis
1294 1407 1607 1463 dulcedine
1626 1421 1860 1461 summe
1874 1408 2083 1475 captus
2108 1403 2177 1453 A-

522 1504 812 1567 bramius,
832 1506 893 1555 ut
910 1517 1046 1572 quae
1070 1500 1119 1555 ei
1137 1498 1454 1570 peroculos
1470 1496 1543 1549 ad
1562 1496 1820 1551 animum
1845 1492 2174 1558 afﬂuxerat,

522 1597 575 1648 et
600 1590 880 1647 ineffabili
900 1588 1275 1659 jucunditate
1301 1592 1356 1641 et
1380 1584 1697 1655 splendore
1716 1598 1814 1636 cor
1842 1581 2070 1635 habens
2095 1597 2179 1635 re-

524 1680 760 1752 pletum,
786 1693 979 1749 neque
1000 1676 1215 1739 cibum,
1236 1690 1428 1745 neque
1451 1678 1646 1745 potum
1666 1670 1897 1725 volebat
1913 1685 2137 1724 sumere
2162 1686 2174 1724 :

524 1769 625 1824 sed
641 1765 1261 1835 stabantimmotiejus
1285 1762 1457 1825 oculi,
1483 1761 1559 1816 ad
1578 1758 1897 1817 lucisillius
1919 1759 2176 1829 speciem

524 1858 836 1918 intuentes,
867 1859 921 1909 et
946 1854 1104 1924 apud
1125 1870 1184 1908 se
1202 1851 1468 1922 optabat,
1494 1855 1557 1903 ut
1573 1849 1686 1903 cito
1706 1847 2029 1904 solveretur
2044 1863 2179 1903 con-

525 1945 759 2000 vivium.
783 1944 910 2007 Quo
924 1941 1145 2012 quidem
1166 1946 1222 1994 ut
1236 1938 1617 2002 desiderabat,
1635 1936 1843 2005 soluto,
1862 1940 1916 1990 et
1930 1935 2177 2005 singulis

527 2031 789 2088 convivis
821 2030 1070 2085 domum
1095 2027 1365 2092 reversis,
1399 2026 1569 2081 tacite
1593 2026 1770 2080 domo
1796 2025 2113 2093 egreditur,
2144 2039 2179 2077 a

523 2120 687 2176 nullo
717 2119 849 2184 alio,
886 2118 995 2173 nisi
1026 2135 1058 2173 a
1094 2118 1222 2173 solo
1256 2120 1398 2181 Deo,
1425 2116 1679 2186 quieum
1705 2114 1975 2179 vocabat,
1992 2115 2175 2168 visus.

528 2212 593 2264 Et
621 2224 758 2263 cum
791 2208 945 2261 circa
970 2206 1088 2261 duo
1121 2205 1311 2261 stadia
1349 2204 1585 2259 abesset
1614 2219 1649 2259 a
1689 2204 1940 2267 civitate,
1973 2218 2179 2273 perve-

526 2296 612 2351 nit
651 2296 727 2351 ad
758 2295 1086 2366 quamdam
1117 2294 1347 2357 cellam,
1377 2308 1511 2363 quae
1551 2291 1791 2363 pulchre
1832 2297 1955 2346 erat
1984 2291 2179 2363 posita

530 2384 605 2440 ad
619 2385 878 2457 quietem
902 2388 957 2438 et
976 2384 1295 2438 silentium.
1318 2385 1457 2436 Eam
1476 2387 1695 2449 autem,
1719 2380 2176 2453 quamjucunde

527 2480 619 2529 est
656 2474 958 2541 ingressus
987 2474 998 2527 l
1026 2472 1259 2543 Aliquid
1284 2472 1437 2525 enim
1467 2470 1517 2524 ei
1539 2471 1899 2533 ostenderat,
1926 2485 2061 2538 quae
2082 2485 2178 2539 ap-

530 2561 986 2634 parueratvisio,
1013 2561 1162 2630 quod
1187 2560 1483 2630 spectabat
1497 2557 1569 2612 ad
1596 2558 1724 2627 ejus
1742 2557 2175 2612 habitationem.

532 2650 773 2716 Deinde,
802 2656 864 2704 ut
891 2648 1112 2704 assolet
1141 2650 1199 2702 in
1231 2648 1410 2702 rebus
1444 2647 1803 2716 hujusmodi,
1846 2662 1983 2700 cum
2016 2646 2180 2699 domi

531 2737 1003 2811 frequentissime
1024 2736 1430 2791 nominaretur
1452 2750 1729 2805 sponsus,
1758 2740 1814 2789 et
1839 2740 2031 2789 essent
2057 2750 2181 2789 om-

531 2843 639 2883 nes
670 2827 942 2898 occupati
974 2825 1050 2881 ad
1082 2825 1159 2879 illi
1188 2824 1660 2890 inserviendum,
1702 2824 1828 2894 ipse
1854 2828 2049 2879 autem
2081 2824 2182 2878 mi-

530 2917 691 2973 nime
715 2915 966 2980 adesset,
992 2913 1191 2969 statim
1213 2914 1503 2968 recordati
1527 2919 1663 2966 sunt
1678 2918 1950 2983 parentes
1972 2914 2181 2983 prioris

531 3006 637 3061 ﬁlii
659 3004 983 3069 sententias,
1011 3002 1313 3057 etilliusin
1340 3004 1520 3056 Deum
1540 3000 1847 3072 propositi,
1875 3008 2182 3071 etmagnae

536 3094 820 3151 adversus
842 3092 1081 3163 nuptias
1104 3091 1447 3146 constantius
1472 3109 1483 3158 ;
1518 3106 1706 3161 neque
1731 3107 1859 3145 eam
1881 3106 2005 3146 rem
2027 3098 2182 3161 pote-
2213 3102 2252 3158 ί]

534 3188 667 3238 rant
696 3180 855 3237 aliud
883 3196 1115 3245 vocare,
1145 3180 1256 3235 nisi
1280 3185 1552 3250 apertum
1577 3196 1880 3234 secessum
1911 3222 1922 3233 .
1960 3183 2021 3236 Et
2047 3181 2181 3235 ideo

537 3270 974 3334 scrutabantur,
1010 3284 1130 3323 non
1162 3268 1406 3331 theatra,
1438 3285 1558 3323 non
1598 3269 1747 3333 fora,
1780 3284 1902 3322 non
1933 3270 2181 3335 regiam,

535 3374 654 3415 non
684 3359 899 3414 domos
928 3358 1272 3427 amicorum,
1309 3357 1410 3411 sed
1453 3357 1818 3424 solitudines,
1850 3362 1905 3409 et
1930 3361 2183 3415 montes,

536 3454 591 3503 et
630 3447 1065 3503 monachorum
1090 3444 1449 3508 habitacula,
1483 3449 1538 3497 et
1567 3442 1756 3497 sicubi
1787 3447 1941 3497 esset
1970 3442 2185 3513 aliquis

536 3537 699 3592 locus
728 3541 903 3606 aptus
942 3535 1019 3589 ad
1059 3549 1358 3588 secessum
1394 3536 1451 3587 et
1490 3530 1803 3585 silentium.
1838 3534 1984 3586 Cum
2018 3531 2185 3587 multi

538 3639 680 3693 ergo
702 3623 927 3693 ubique
947 3626 1272 3693 quaererent
1295 3621 1657 3683 Abramium,
1683 3621 1916 3676 decimo
1939 3621 2185 3691 septimo

536 3712 632 3767 die
670 3717 994 3783 postquam
1035 3713 1368 3771 secesserat,
1404 3708 1694 3761 invenitur
1732 3710 1789 3762 in
1820 3710 1978 3763 dicta
2018 3710 2182 3773 cella,

537 3799 764 3856 nullum
785 3798 1039 3859 habens,
1062 3795 1167 3867 qui
1190 3794 1366 3849 simul
1394 3795 1707 3862 habitaret,
1745 3797 1848 3850 sed
1876 3796 2001 3867 ipse
2029 3798 2183 3851 solus

537 3888 819 3944 inclusus.
844 3891 1031 3956 Atque
1054 3884 1183 3939 illos
1201 3883 1462 3954 quidem,
1478 3884 1581 3954 qui
1604 3883 2183 3953 ipsuminvenerant,

537 3976 763 4032 invadit
814 3980 1021 4046 stupor
1081 3972 1431 4028 commistus
1471 3971 1667 4028 Iustitia
1716 3978 1771 4027 et
1827 3972 2078 4037 tristitia,
2127 3980 2187 4028 ut

539 4065 642 4137 qui
664 4065 1001 4120 laetarentur
1016 4062 1273 4133 quidem,
1290 4061 1451 4132 quod
1467 4060 2189 4117 invenissentadolescen-

539 4158 679 4220 tem,
711 4156 1014 4224 stuperent
1043 4158 1241 4206 autem
1284 4156 1402 4206 tam
1431 4151 1798 4221 repentinam
1838 4152 1965 4222 ejus
1998 4157 2187 4207 muta-

538 4244 779 4310 tionem,
810 4248 865 4296 et
895 4240 1088 4295 statim
1124 4240 1200 4295 ab
1239 4240 1402 4295 initio
1436 4246 1773 4311 susceptam
1806 4241 1988 4296 vitam
2021 4241 2182 4296 illam

540 4331 881 4397 solitariam,
923 4336 978 4385 et
1016 4337 1307 4385 remotam
1348 4330 1424 4385 ab
1464 4331 1628 4384 omni
1659 4330 2089 4385 consuetudine
2129 4336 2185 4385 et

2284 509 2505 583 ἐραστὴς
2559 510 2583 559 6
2648 510 2828 567 νοητὸς
2886 514 2984 557 τῶν
3036 504 3226 574 ψυχῶν
3282 506 3625 574 νυμφαγωγός
3688 520 3744 553 τε
3792 506 3891 553 xui

2282 604 2492 670 νυμφίος
2558 601 2782 669 Χριστός
2854 597 2975 646 ὅσαι
3050 590 3290 651 δηλονότι
3361 596 3446 643 καὶ
3515 600 3612 643 τῶν
3688 589 3888 642 ἐκείνου

2282 693 2558 758 νυμφωνων
2599 686 2759 749 οἱξιαι,
2811 683 2993 735 ἀκτῖνά
3039 702 3154 733 τινα
3200 680 3442 751 γλυκεῖαν
3495 688 3587 741 τῆς
3641 678 3891 731 ἀνωτάτω

2283 782 2393 849 περί
2496 776 2648 827 αὐτόν
2720 773 2907 833 ἐκείνης
2977 777 3067 823 καὶ
3144 769 3439 844 ἀπορρήτου
3519 769 3893 843 λαμπρότητος

2286 867 2452 938 ἡρέμα
2508 885 2613 925 πως
2672 864 2880 934 ἐπαφεὶς
2952 870 3013 933 τῇ
3074 857 3314 912 παστάδι
3368 868 3466 931 φῶς
3531 860 3637 910 οἷον
3688 861 3893 928 ἐπαγα-

2283 958 2429 1024 γόντι
2476 958 2564 1004 καὶ
2610 948 2828 1010 ἣδιστον
2876 953 2969 1010 τὰς
3017 948 3305 1022 Ἀϐραμίου
3333 948 3681 1019 περιηύγαζεν
3713 946 3890 1016 ὄψεις,

2284 1042 2582 1113 μετακαλῶν
2641 1042 2790 1092 οἱονεὶ
2840 1043 2967 1113 πρός
3021 1039 3198 1090 ἑαυτὸν
3251 1044 3339 1089 καὶ
3402 1034 3496 1088 διὰ
3544 1044 3634 1088 τοῦ
3717 1040 3895 1107 φωτὸς

2286 1133 2440 1183 αὐτὸν
2490 1131 2827 1203 ἐφελκόμενος
2880 1134 2984 1202 ἤρα
3035 1131 3132 1201 γὰρ
3178 1135 3268 1179 τοῦ
3321 1126 3539 1187 κάλλους
3596 1134 3895 1199 περιφανῶς

2285 1229 2374 1279 τῆς
2422 1220 2611 1272 ἐκείνου
2643 1220 2827 1291 ψυχῆς
2876 1225 2958 1269 xui
3008 1222 3298 1290 κρείττοσιν
3347 1217 3737 1268 εἰσοικίσασθαι
3773 1224 3893 1267 τοῦ·

2284 1330 2369 1362 τον
2395 1313 2536 1384 παρά
2563 1309 2691 1361 πολὺ
2730 1308 2819 1360 καί
2845 1310 3082 1360 παστάσι
3113 1312 3201 1357 καὶ
3228 1305 3477 1373 θαλάμοις
3504 1304 3759 1358 ἐϐούλετο.

2357 1398 2425 1452 Δ’.
2476 1399 2652 1460 Ἀλοὺς
2709 1395 2766 1450 δὲ
2834 1399 3096 1468 κατάκρας
3144 1403 3206 1467 τῇ
3285 1403 3374 1447 τοῦ
3456 1399 3621 1466 φωτός
3696 1394 3895 1447 ἐκείνου

2286 1486 2575 1557 γλυκύτητι
2622 1492 2710 1537 καὶ
2786 1485 3089 1556 Ἀϐράμιος,
3141 1486 3371 1557 καθάπερ
3419 1484 3556 1554 αύτῷ
3626 1481 3719 1535 διὰ
3787 1493 3893 1535 τῶν

2290 1574 2561 1647 ὀφθαλμῶν
2607 1575 2677 1636 εἰς
2729 1579 2821 1631 τὴν
2865 1574 3050 1644 ψυχὴν
3117 1573 3565 1647 καταρρεύσαντος
3621 1578 3711 1624 καὶ
3796 1582 3892 1635 τῆς

2291 1665 2487 1737 ἀφάτου
2547 1661 2891 1738 φαιδρότητος
2928 1663 3119 1725 ἐκείνης
3176 1662 3335 1715 ἀύτοῦ
3402 1668 3490 1715 καὶ
3550 1672 3646 1724 τῆς
3703 1664 3893 1735 αἰγλης

2216 1760 2382 1816 Βτὴν
2436 1750 2657 1828 καρδίαν
2703 1753 3069 1817 ὑποπλησθεὶς,
3130 1753 3299 1804 οὐκέτι
3376 1756 3493 1804 οὔτε
3570 1761 3692 1804 σῖτα
3771 1757 3891 1804 οὔτε

2289 1850 2441 1897 ποτόν
2492 1846 2755 1917 αἱρεῖσθαι
2806 1843 2993 1906 ἡθελεν,
3052 1842 3155 1893 ἀλλ’
3218 1842 3484 1912 ἐπάγησαν
3548 1842 3688 1912 αὐτῷ
3746 1842 3892 1893 ακλιο

2287 1943 2389 1994 νεὶς
2449 1936 2496 1985 οἱ
2547 1932 2799 2004 ὀφθαλμοὶ
2852 1935 2978 2004 πρός
3032 1936 3122 1989 τὴν
3178 1936 3457 2003 φαντασίαν
3520 1931 3713 1982 ἐκείνου
3800 1940 3890 1983 τοῦ

2290 2028 2454 2095 φωτός
2503 2022 2785 2094 ἐνορῶντες·
2835 2023 2955 2078 ἵστη
3009 2024 3109 2094 γὰρ
3142 2025 3225 2071 τόν
3268 2024 3426 2072 τύπον
3459 2020 3598 2090 αύτῷ
3639 2024 3739 2095 πρὸ
3788 2029 3889 2071 τῶν

2289 2112 2531 2184 ὀμμάτων
2586 2114 2610 2162 6
2662 2111 2914 2182 λογισμὸς
2964 2114 3052 2161 καὶ
3095 2114 3238 2181 ταχύ
3286 2109 3501 2169 λυθῆναι
3546 2110 3662 2161 καθ’
3710 2109 3891 2161 ἑαυτὸν

2289 2205 2484 2271 ηὔχετο
2538 2205 2629 2258 τὴν
2680 2201 2912 2252 ἑστίασιν
2944 2222 2955 2232 ο
2991 2200 3054 2260 ἧς
3104 2204 3211 2263 xui,
3275 2202 3337 2259 ὡς
3392 2198 3581 2263 ἐπόθει,
3638 2197 3892 2259 λυθείσης

2288 2294 2377 2340 καὶ
2448 2286 2627 2341 οἴκαδε
2689 2298 2785 2339 τῶν
2854 2284 3178 2359 δαιτυμόνων
3260 2287 3481 2339 ἑκάστου
3549 2286 3891 2359 ἀφικομένων,

2288 2379 2522 2440 ὑπέξεισι
2546 2381 2739 2449 ἡσύχῳ
2779 2375 2906 2429 ποδὶ
2935 2385 3023 2429 τοῦ
3055 2379 3219 2444 οἴκου,
3253 2374 3391 2448 μηδέ
3429 2396 3497 2447 τῳ
3528 2376 3661 2447 ἄλλῳ
3696 2378 3775 2428 ὅτι
3814 2382 3889 2447 μὴ

2290 2472 2425 2537 μόνῳ
2500 2476 2571 2535 τῷ
2625 2467 2862 2518 καλοῦντι
2929 2474 3042 2535 Θεῷ
3104 2464 3432 2537 βλεπόμενος·
3490 2470 3579 2517 καὶ
3640 2463 3892 2525 σταδίους

2290 2556 2543 2626 ἀποσχὼν
2597 2561 2720 2608 ὡσεὶ
2760 2553 2855 2607 δύο
2908 2564 3002 2616 τῆς
3054 2555 3258 2625 πόλεως³
3311 2554 3764 2627 καταλαμϐάνεταί
3828 2560 3890 2607 τό

2291 2645 2482 2696 κελλίον
2536 2647 2772 2715 ἡσυχίας
2826 2644 2873 2695 ἐν
2927 2643 3065 2713 καλῷ
3114 2649 3253 2714 τόπῳ
3302 2649 3529 2715 κείμενον
3587 2649 3674 2695 καὶ
3736 2652 3893 2696 τοῦτο

2294 2742 2398 2793 πῶς
2452 2736 2510 2784 οἷν
2556 2737 2713 2793 εἴποις
2754 2731 2916 2792 ἡδέως
2965 2733 3188 2790 εἰσῆλθε·
3232 2729 3502 2805 παρέδειξε
3558 2735 3657 2807 γάρ
3710 2753 3760 2785 τι
3798 2740 3892 2785 καὶ

2293 2826 2321 2881 ἡ
2383 2832 2599 2895 φανεῖσα
2636 2823 2755 2894 ἅψις
2809 2823 2948 2893 αύτῷ
2988 2826 3116 2893 πρὸς
3172 2828 3264 2881 τὴν
3314 2826 3497 2874 τούτου
3555 2828 3889 2881 κατοίκησιν.

2294 2914 2437 2977 Εἶτα,
2484 2915 2654 2986 ὥσπερ
2708 2911 2753 2964 ἐν
2806 2914 3010 2973 τούτοις
3064 2912 3214 2984 φιλεῖ,
3257 2908 3435 2969 ἐπειδὴ
3478 2912 3606 2963 πολὺ
3664 2910 3759 2963 ἀνὰ
3801 2915 3890 2963 τόν

2292 3000 2429 3054 οἷκον
2469 3006 2525 3054 τὸ
2576 3023 2664 3054 του
2713 3007 2933 3074 νυμφίου
2965 2998 3026 3059 ἧν
3074 3004 3237 3072 ὄνομα
3274 3008 3363 3052 καὶ
3391 3006 3508 3072 περὶ
3557 3004 3649 3058 τὴν
3694 2999 3889 3052 ἐκείνου

2296 3095 2563 3166 θεραπείαν
2616 3094 2796 3151 πάντες
2845 3090 3166 3161 ἠσχόληντο,
3211 3098 3380 3163 παρῆν
3442 3086 3498 3141 δὲ
3545 3089 3702 3151 αὐτὸς
3732 3086 3891 3141 ούδα-

2294 3192 2416 3253 μως,
2478 3182 2659 3241 ευθέως
2714 3182 2761 3230 oi
2807 3185 2971 3249 γονεῖς
3025 3188 3119 3239 τῆς
3200 3183 3457 3252 προτέρας
3531 3186 3619 3230 τοῦ
3696 3176 3892 3241 παίδὸς

2296 3269 2735 3339 ἀνεμιμνήσκοντο
2782 3273 2989 3338 γνώμης
3032 3274 3120 3319 καὶ
3181 3276 3269 3319 τοῦ
3318 3272 3451 3319 κατά
3510 3272 3632 3321 Θεὸν
3696 3267 3890 3320 ἐκείνου

2299 3365 2495 3409 σκοποῦ
2540 3362 2629 3408 xui
2688 3366 2776 3416 τῆς
2827 3356 3012 3416 πολλῆς
3062 3361 3179 3429 περὶ
3233 3360 3317 3409 τὸν
3370 3360 3535 3428 γάμον
3581 3356 3885 3419 ἐνστάσεωςο

2295 3452 2383 3498 καὶ
2441 3443 2589 3497 οὐδὲν
2636 3447 2801 3518 ἓ·ερον
2858 3444 3020 3516 εἶχον,
3083 3448 3162 3497 ὅτι
3205 3451 3275 3518 μη
3342 3455 3477 3518 σαφῆ
3546 3451 3600 3499 τό
3672 3453 3891 3521 πρᾶγμα

2296 3536 2464 3587 καλεῖν
2515 3534 2879 3608 ἀναχωρησνν·
2940 3537 3101 3607 ταύτῃ
3161 3555 3239 3587 τοι
3295 3541 3384 3587 καὶ
3442 3535 3787 3610 ἀνηρευνῶντο
3829 3537 3886 3588 ού

2300 3628 2487 3698 θέατρα
2537 3629 2624 3675 xui
2681 3626 2870 3697 ἀγοραὶ
2918 3629 3006 3675 καὶ
3063 3623 3307 3695 βασίλεια
3362 3630 3450 3676 xui
3498 3625 3649 3696 φίλων
3726 3626 3887 3677 οἰκίαι

2296 3720 2383 3766 καὶ
2432 3718 2550 3766 νέων
2601 3710 2890 3786 διατριϐαὶ,
2946 3712 3056 3764 ἀλλ’
3085 3712 3315 3786 ἐρημίαι,
3358 3720 3446 3766 xui
3496 3720 3611 3786 ὄρη,
3657 3721 3745 3767 xui
3796 3735 3886 3786 μο-

2296 3812 2471 3873 ναχὼν
2527 3808 2849 3873 καταγώγια,
2894 3806 2983 3853 καὶ
3032 3806 3075 3854 εἴ
3120 3806 3218 3854 πού
3275 3823 3324 3854 τι
3362 3808 3555 3877 χωρίον
3606 3801 3666 3861 ἧν
3712 3802 3887 3855 ἀνακε-

2296 3895 2542 3962 χωρηκὸς
2584 3896 2673 3941 καὶ
2713 3891 3025 3961 φιλήσυχον.
3070 3891 3267 3944 Ἀλλων
3298 3897 3466 3943 τοίνυν
3492 3891 3723 3963 ἀλλαχοῦ
3755 3895 3888 3944 κατὰ

2299 3982 2517 4039 ζήτησιν
2557 3979 2844 4053 Ἀϐραμίου
2904 3986 3216 4053 περιιόντων,
3274 3979 3469 4053 ἐϐδόμῃ
3538 3988 3627 4034 καὶ
3691 3979 3883 4055 δεκάτη

2297 4071 2428 4139 μετά
2478 4074 2569 4126 τὴν
2626 4068 2964 4143 ἀναχώρησιν
3018 4071 3186 4141 ἡμέρᾳ
3225 4072 3271 4121 ἐν
3319 4078 3387 4139 τῷ
3432 4071 3678 4145 εἰρημένῳ
3708 4070 3887 4142 κελλίῳ

2297 4160 2609 4230 εὑρίσκεται,
2643 4157 2843 4229 μηὸένα
2894 4162 3125 4210 σύνοικον
3157 4162 3313 4231 ἔχων,
3365 4158 3491 4210 ἀλλά
3538 4167 3687 4231 μόνος
3732 4160 3885 4221 αὐτὸς

2295 4248 2799 4318 κατακεκλεισμένος.
2856 4253 2981 4308 Τοὺς
3041 4251 3130 4320 μὲν
3170 4245 3255 4299 οὖν
3314 4251 3549 4320 εὑρόντας
3599 4249 3750 4301 αὐτὸν
3808 4252 3888 4301 ἔκ-

2297 4337 2479 4399 πληξις
2531 4334 2692 4410 ἡδονῇ
2738 4337 2983 4409 λαμϐάνει
3029 4344 3117 4389 καὶ
3167 4338 3300 4409 λύπη
3336 4342 3651 4410 σύμμικτος·
3699 4341 3889 4396 ἠσθέν-

538 4421 831 4483 societate,
863 4419 1130 4473 dolerent
1154 4435 1285 4471 vero
1313 4422 1555 4487 propter
1580 4416 1841 4471 Abramii
1864 4419 2178 4487 jacturam,

2294 4447 2386 4486 τας
2447 4430 2534 4496 μὲν
2583 4435 2643 4498 τῇ
2706 4435 2795 4478 τοῦ
2858 4423 3045 4486 παιδός
3089 4425 3366 4500 ἀνευρέσει,
3427 4426 3763 4499 ἐκπλαγέντας
3827 4425 3888 4479 δὲ

538 4510 695 4581 quod
728 4507 857 4563 talis
888 4506 1111 4561 scilicet
1138 4505 1490 4560 adolescens
1518 4506 1600 4559 sic
1631 4512 1765 4560 ante
1798 4512 2032 4577 tempus
2062 4524 2124 4562 se
2151 4525 2184 4563 a

539 4596 767 4652 mundo
794 4593 1171 4663 removisset,
1195 4598 1251 4649 et
1274 4592 1452 4648 rebus
1477 4608 1610 4664 qute
1634 4594 1711 4649 ad
1737 4595 2032 4650 mundum
2058 4612 2184 4667 per-

536 4685 746 4742 tinent.

608 4955 671 5007 V.
687 4952 787 5008 Ille
805 4956 998 5007 autem
1024 4966 1160 5005 cum
1182 4966 1281 5004 eos
1300 4950 1382 5004 sic
1406 4950 1650 5007 vidisset
1670 4952 1933 5019 affectos,
1954 4955 2184 5026 placide

536 5048 593 5098 et
630 5042 885 5111 benigne
917 5056 1018 5095 eos
1048 5039 1358 5110 alloquens
1401 5056 1413 5093 :
1457 5043 1654 5112 Neque
1686 5042 1933 5112 tristitia,
1971 5046 2180 5118 inquit,

536 5131 690 5187 afﬁci
712 5134 958 5201 oportet,
993 5144 1101 5183 nec
1136 5128 1417 5183 admirari
1453 5144 1465 5183 :
1510 5130 1614 5183 sed
1648 5132 1762 5185 Deo
1792 5134 1983 5203 potius
2010 5151 2183 5203 agere

537 5219 775 5290 gratias,
812 5223 865 5273 et
891 5218 1018 5287 ejus
1050 5216 1333 5271 inetfabili
1364 5217 1713 5287 benignitati
1745 5226 1800 5274 et
1839 5221 2180 5288 clementiae,

536 5309 639 5381 qui
671 5324 765 5363 me
796 5306 1044 5377 sapienti
1080 5306 1344 5378 quadarn
1391 5313 1444 5362 et
1483 5323 1702 5364 arcana
1742 5311 2109 5381 providentia
2149 5332 2182 5369 a

538 5397 744 5453 mundi
768 5394 1051 5450 subduxit
1076 5396 1357 5466 nequitia.
1387 5399 1557 5452 Orate
1584 5414 1743 5469 ergo,
1768 5400 1976 5471 inquit,
2006 5403 2181 5457 amici

536 5486 655 5543 mei
676 5491 731 5541 et
751 5485 976 5548 fratres,
1008 5483 1287 5555 deinceps
1304 5490 1484 5551 orate,
1510 5492 1571 5541 ut
1597 5487 1813 5543 bonum
1844 5490 2182 5560 ejusjugum

536 5580 765 5652 portem
799 5590 984 5647 usque
1007 5573 1083 5629 ad
1103 5572 1302 5639 ﬁnem,
1328 5580 1384 5629 et
1410 5591 1529 5631 non
1561 5592 1711 5632 onus
1740 5580 1864 5651 ejus
1884 5580 2011 5634 leve
2038 5580 2185 5651 abji-

2293 4522 2385 4571 τὴν
2443 4516 2602 4576 οὕτως
2658 4515 2847 4588 ἀθρόαν
2915 4515 3200 4587 μεταϐολὴν
3258 4521 3346 4567 xui
3403 4520 3460 4567 τό
3516 4516 3761 4589 ἐρημικόν
3830 4516 3887 4567 ἐκ

2292 4609 2574 4676 προοιμίων
2620 4604 2766 4664 εὐθὺς
2828 4604 2982 4656 ἐκεῖνο
3031 4612 3121 4656 τοῦ
3184 4604 3303 4677 βίου
3357 4610 3445 4657 καὶ
3519 4604 3884 4664 ἀκοινώνητον

2294 4692 2620 4753 ἀνιασθεντας
2671 4692 2728 4746 δὲ
2758 4702 2818 4766 τῇ
2852 4702 2943 4746 τοῦ
2984 4694 3271 4767 Ἀϐραμίου
3320 4698 3505 4768 ζημίᾳ,
3548 4698 3627 4747 ὅτι
3656 4704 3891 4757 τοιοῦτος

2292 4788 2553 4845 νεανίσκος
2609 4784 2739 4834 οὕτω
2794 4786 2892 4855 πρὸ
2943 4785 3079 4857 ὧρας
3134 4783 3255 4856 βίου
3317 4784 3407 4837 καί
3455 4794 3554 4837 τῶν
3611 4792 3702 4837 τοῦ
3761 4783 3886 4856 βίου

2293 4874 2607 4945 πραγμάτων
2631 4870 2921 4929 ἀπέστησεν
2962 4872 3139 4925 ἑαυτὸν
3155 4918 3166 4930 ,

2366 4961 2430 5015 Ε’.
2483 4961 2541 5011 Ὀ
2593 4958 2649 5012 δὲ
2703 4961 2862 5023 οὕτως
2906 4962 3093 5022 αὐτοὺς
3138 4966 3357 5034 ἔχοντας
3411 4960 3534 5015 ἰδὼν
3582 4968 3670 5015 xui
3717 4982 3885 5037 προσ-

2294 5060 2425 5109 ηνῶς
2455 5049 2584 5116 ἄγαν
2636 5055 2721 5101 καὶ
2772 5052 2939 5113 ἠπίως
2967 5054 3411 5126 προσαγορεύσας,
3446 5056 3578 5105 Οὔτε
3604 5052 3886 5105 λυπεῖσθαι

2291 5144 2425 5211 χρὴ,
2469 5144 2647 5209 φησὶν,
2695 5143 2808 5191 οὔτε
2854 5142 3155 5212 θαυμάζειν,
3215 5150 3326 5212 Θεῷ
3359 5138 3633 5213 δὲμᾶλλον
3665 5142 3888 5215 εὐχαρι-

2296 5235 2430 5279 στεῖν
2488 5232 2575 5278 καὶ
2750 5228 2925 5300 ἀφάτῳ
2982 5232 3163 5281 τούτου
3206 5234 3537 5303 χρηστότητι
3576 5235 3664 5282 καὶ
3713 5230 3885 5302 φιλαν-

2296 5318 2514 5389 θρωπία,
2558 5318 2701 5378 ὅστις
2749 5337 2810 5388 με
2853 5326 2981 5389 σοφῇ
3028 5338 3129 5369 τινι
3180 5324 3265 5369 καὶ
3302 5317 3576 5393 ἀπορρήτῳ
3616 5319 3887 5392 οἰκονομίᾳ

2293 5412 2381 5464 τῆς
2439 5403 2691 5475 βιωτικῆς
2748 5406 3042 5476 ὑπεξήγαγε
3111 5409 3429 5481 μοχθηρίας.
3484 5410 3721 5480 Εὔχεσθε
3780 5428 3886 5461 τοι-

2291 5500 2483 5564 γαρούν
2531 5492 2662 5565 ἐμοὶ,
2714 5494 2847 5565 φίλοι
2918 5499 3006 5546 καὶ
3086 5493 3315 5567 ἀδελφοὶ,
3388 5496 3563 5549 λοιπόν
3641 5500 3881 5569 εύχεσθε,

2296 5583 2428 5633 ὥστε
2456 5584 2542 5634 τόν
2586 5586 2825 5656 χρηστόν
2858 5583 3016 5636 αὐτοῦ
3070 5588 3224 5657 ζυγὸν
3276 5582 3370 5648 ἕως
3406 5586 3582 5649 τελους
3609 5584 3887 5659 βαστάσαι
