4110 6272
258 288 331 343 49
1627 301 1796 356 VITA
1834 301 1881 355 S“

1997 299 2258 359 BBAMII.
3550 317 3620 371 50

259 432 323 486 με
361 419 452 467 καὶ
501 418 572 487 μὴ
633 417 690 467 1'6
737 420 939 489 φορτίον
988 418 1148 472 αὐτοῦ
1191 425 1248 474 1'6
1294 421 1507 500 ἐλαφρὸν
1550 425 1860 501 ἀποῤῥίφαι,

1998 426 2147 482 :iam:
2182 429 2286 485 sed
2319 446 2553 502 semper
2583 448 2799 505 sequar
2827 433 3042 505 legem,
3073 439 3129 491 et
3144 435 3300 492 illius
3324 445 3621 512 praecepta

260 502 368 555 αλλ’
409 505 488 556 ἀεὶ
537 512 608 574 τῷ
655 509 793 576 νόμῳ
835 512 924 560 καὶ
961 516 1069 568 ταῖς
1123 509 1346 574 ἐντολαῖς
1391 512 1581 566 ἐκείνου
1621 521 1710 567 καὶ
1754 520 1864 578 τοῖς

1994 519 2029 570 :t
2053 517 2430 575 voluntatem.
2480 502 2700 577 Deinde
2731 502 2912 580 etiam
2948 502 3343 581 vehementer.
3367 502 3617 600 rogavit,

262 592 548 665 θελήμασιν
583 594 818 648 ἕπεσθαι.
871 593 996 648 Εἶτα
1042 603 1132 652 καὶ
1184 599 1332 662 ἠξίου
1377 603 1516 674 μάλα
1547 605 1743 677 θερμῶς
1774 605 1863 655 τοῦ

1997 619 2047 658 ιθ
2073 605 2213 662 illuc
2228 608 2467 664 assidue
2483 611 2804 679 venientes,
2825 629 3002 668 suum
3024 613 3428 670 desideratum
3446 616 3620 672 obtur

260 687 332 755 μὴ
397 691 634 755 συνεχῶς
700 682 866 736 ἐκεῖσε
919 687 1319 760 ἀφικνουμένους
1385 696 1472 749 τὴν
1543 695 1861 764 ποθουμένην

1996 701 2184 748 iarent
2213 696 2528 762 silentium,
2558 705 2612 754 et
2648 700 3001 770 impedirent
3034 701 3360 773 profectum
3382 705 3511 773 ejus
3541 705 3619 761 ad

260 773 497 843 ἡσυχίαν
543 770 903 844 ἐπιταράττειν
951 780 1041 827 καὶ
1091 779 1264 853 ὥσπερ
1315 777 1554 851 ἐμποδῶν
1608 782 1746 852 αὐτῷ
1775 790 1862 842 τῆς

1992 782 2237 838 neliora.
2261 770 3615 861 Illiquidemcumhaecaudiissentetvidissent,

259 859 342 913 ἐπὶ
389 864 456 913 τά
524 865 741 933 κρείττω
797 866 1033 934 γίνεσθαι
1095 877 1380 940 προκοπῆς.
1454 877 1632 923 Ταῦτα
1683 870 1863 922 ἐκεῖνοι

1993 877 2110 927 :unt
2139 875 2374 929 reversi.
2399 874 2494 930 ille
2520 893 2660 932 vero
2691 877 2996 934 obstructo
3026 879 3189 936 aditu
3215 879 3616 948 domunculae,

257 953 348 1022 μὲν
399 949 716 1011 ἀκούσαντες
771 956 860 1004 καὶ
912 950 1131 1022 ἰδόντες,
1187 955 1489 1032 ἀνέστρεφον
1540 977 1551 988 ·
1600 961 1625 1010 ό
1677 956 1858 1018 δὲτὴν

1994 961 2246 1016 ειτθιὶοῑδ.
2278 979 2456 1032 parva
2495 966 2761 1037 quadam
2795 966 3069 1029 fenestra,
3104 983 3209 1038 per
3233 985 3418 1041 quam
3449 971 3617 1042 panis

257 1047 349 1091 τοῦ
406 1039 644 1092 οἰκίσκον
709 1037 912 1093 εἴσοδον
975 1041 1275 1116 ἀποφράξας
1341 1053 1430 1098 καί
1485 1067 1601 1100 τινα
1668 1045 1863 1121 θυρίδα

1995 1048 2162 1104 ιοὶιιω
2182 1057 2406 1123 etaqua
2429 1053 2482 1108 ei
2504 1054 2874 1124 praeberetur,
2901 1055 3010 1110 soli
3036 1037 3115 1110 de
3135 1037 3342 1113 caetero
3366 1037 3618 1115 orationi

259 1126 520 1203 βραχεῖαν
573 1129 890 1197 καταλιπὼν,
950 1128 1023 1184 δι’
1088 1135 1152 1194 ἧς
1195 1134 1254 1185 ἀν
1316 1136 1470 1210 άρτος
1519 1138 1659 1207 αύτῷ
1707 1145 1859 1210 μόνον

1992 1138 2225 1194 racabat
2249 1140 2576 1212 etjejunio.
2613 1141 2756 1196 Cum
2799 1143 2857 1198 in
2886 1142 2983 1198 his
3015 1150 3215 1200 autem
3256 1151 3407 1201 esset
3435 1147 3615 1203 Abra-

255 1222 346 1269 καὶ
403 1215 546 1292 ὕδωρ
607 1222 917 1290 παρέχοιτο,
962 1222 1095 1294 εύχῇ
1152 1231 1244 1276 τοῦ
1287 1223 1467 1277 λοιποῦ
1507 1232 1596 1278 καὶ
1645 1233 1861 1299 νηστείᾳ

1990 1225 2148 1291 nius,
2173 1233 2229 1282 et
2260 1229 2412 1283 hanc
2444 1230 2916 1302 philosophicam
2942 1238 3235 1288 exerceret
3260 1234 3491 1289 vivendi
3519 1251 3613 1292 ra-

253 1310 578 1380 προσέκειτο.
659 1308 738 1361 Ἐν
797 1313 1000 1372 τούτοις
1059 1308 1118 1364 δι
1183 1314 1323 1374 ὄντος
1382 1314 1695 1388 ’Λϐραμίου,
1772 1323 1860 1369 καὶ

1998 1313 2216 1380 ionem,
2241 1316 2315 1371 de
2337 1333 2406 1372 eo
2434 1320 2826 1389 spargebatur
2845 1319 3008 1375 fama
3025 1320 3083 1375 in
3105 1337 3316 1376 omnes
3339 1328 3617 1392 partes,et

255 1393 466 1467 ἀγωγὴν
527 1399 776 1454 τοιαύτην
845 1399 1124 1472 φιλόσοφον
1176 1407 1456 1473 μετιόντος,
1510 1405 1667 1465 πολὺς
1726 1425 1859 1457 παν-

1994 1417 2191 1471 nagna
2203 1403 2518 1460 hominum
2540 1407 2854 1462 multitudo
2869 1407 3204 1464 conﬂuebat
3219 1410 3296 1465 ad
3314 1410 3478 1466 illum
3493 1427 3617 1483 spe-

253 1492 426 1556 ταχοῦ
477 1484 626 1556 λόγος
670 1485 839 1557 ἐφοίτα
887 1494 1005 1562 περὶ
1053 1489 1210 1541 αὐτοῦ
1259 1497 1347 1542 καὶ
1391 1492 1520 1543 πολύ
1564 1513 1616 1543 τι
1666 1493 1858 1552 «mea;

1990 1490 2277 1556 :tandum,
2312 1493 2657 1550 desiderans
2680 1495 2757 1551 ad
2786 1495 2884 1551 illo
2911 1495 3178 1567 aliquam
3213 1499 3500 1570 consequi
3518 1500 3613 1556 be-

252 1572 533 1647 ἀνθρώπων
605 1573 690 1626 ἐπὶ
761 1581 854 1634 τὴν
931 1576 1121 1629 ἐκείνου
1197 1580 1311 1630 θέαν
1385 1580 1634 1654 συνέρρει,
1675 1589 1856 1652 τυχεῖν

1990 1579 2386 1637 iedictionem.
2419 1583 2654 1637 Decimo
2687 1588 2882 1639 autem
2905 1600 3064 1640 anno
3086 1591 3405 1658 postquam
3429 1604 3613 1643 seces-

249 1682 387 1724 τινος
436 1663 559 1737 παρ’
618 1662 810 1716 ἐκείνου
864 1673 958 1727 τῆς
1012 1666 1249 1737 εὐλογίας
1303 1670 1594 1730 ποθοῦντες.
1657 1672 1856 1741 Δεκάτῳ

1991 1667 2155 1736 isset,
2220 1669 2507 1726 decedunt
2560 1671 2805 1742 quidem
2853 1673 2978 1744 ejus
3020 1679 3333 1744 parentes:
3369 1675 3446 1730 ad
3477 1692 3614 1732 eum

251 1747 312 1804 δὲ
340 1754 471 1824 μετά
523 1756 626 1810 τὴν
663 1752 1006 1825 ἀναχώρησιν
1051 1757 1150 1808 ἔτει
1203 1756 1477 1809 τελευτῶσι
1532 1762 1622 1829 μὲν
1653 1761 1702 1810 οἱ
1741 1762 1856 1810 τού-

1992 1763 2162 1813 ιιιιθω
2182 1758 2520 1814 deferuntur
2546 1760 2644 1815 illo
2658 1777 2790 1815 rum
2821 1760 3058 1826 divitias,
3088 1767 3143 1817 et
3165 1762 3434 1818 omnium
3449 1769 3615 1836 pater

249 1859 341 1892 του
373 1848 535 1912 γονεῖς
578 1861 590 1874 ο
638 1838 809 1894 ὁδεύει
855 1839 914 1894 δε
957 1847 1086 1916 πρὸς
1125 1845 1278 1896 αὐτόν
1322 1847 1347 1897 6
1393 1845 1592 1898 ἐκείνων
1640 1846 1856 1910 πλοῦτος

1989 1861 2182 1902 larum
2224 1847 2567 1904 facultatum
2609 1848 2672 1903 ﬁt
2700 1848 2892 1904 haeres
2941 1849 3280 1905 Abramius.
3330 1851 3429 1907 Ille
3476 1868 3612 1908 vero

248 1933 338 1981 καὶ
386 1929 704 2004 κληρονόμος
762 1930 970 1992 ἀπάσης
1019 1940 1110 1993 τῆς
1174 1942 1435 2007 πατρικῆς
1485 1935 1672 1996 οὐσίας
1728 1938 1852 1988 καθ-

1987 1954 2102 1991 :um
2128 1938 2253 2007 jam
2276 1938 2416 1991 olim
2451 1937 2592 1992 tales
2623 1954 2796 1993 curas
2821 1939 3100 2008 jussisset
3121 1940 3335 2006 valere,
3373 1941 3610 1998 cuidam

250 2021 463 2070 ίσταται
515 2020 540 2070 6
604 2018 910 2093 Ἀϐράμιος·
973 2020 1031 2072 Ὀ
1085 2017 1143 2074 δὲ
1200 2023 1361 2075 πάλαι
1414 2031 1529 2085 ταῖς
1594 2028 1857 2086 τοιαύταις

1988 2043 2037 2080 :x
2060 2027 2180 2080 suis
2206 2026 2413 2081 amicis
2446 2027 2778 2095 committit,
2810 2032 2870 2082 ut
2892 2043 3099 2083 curam
3122 2033 3284 2098 gerat
3307 2030 3611 2086 haeredita-

248 2112 486 2179 φροντίσι
542 2113 750 2183 χαίρειν
807 2109 984 2172 εἰπὼν,
1043 2115 1145 2162 τινὶ
1197 2120 1290 2163 τῶν
1338 2113 1495 2164 αὐτοῦ
1550 2113 1704 2185 φίλων
1763 2119 1854 2173 τὴν

1986 2114 2060 2179 is,
2091 2115 2411 2179 mandans,
2439 2119 2654 2186 utpars
2685 2117 2810 2185 ejus
2843 2117 3108 2172 maxima
3133 2123 3518 2174 consumatur
3548 2119 3609 2174 in

245 2203 336 2248 τοῦ
386 2199 626 2249 τοιούτου
674 2197 870 2270 κλήρου
919 2202 1155 2251 πιστεύει
1212 2205 1475 2275 πρόνοιαν,
1533 2200 1855 2262 ἀναλωθῆναι

1990 2220 2204 2273 :genos.
2235 2205 2403 2265 Quod
2431 2205 2670 2275 quidem
2695 2221 2829 2275 cum
2850 2205 3070 2260 factum
3093 2205 3312 2270 fuisset,
3339 2213 3402 2262 ut
3425 2208 3613 2278 jusse-

243 2287 303 2337 1'6
347 2285 519 2338 πλεῖόν
569 2285 728 2338 αὐτοῦ
773 2290 928 2360 μέρος
968 2287 1038 2349 εἰς
1070 2286 1260 2351 ἐνδεεῖς
1307 2290 1605 2360 ἐπισκήψας
1639 2309 1650 2319 ·
1684 2292 1744 2342 οὗ
1785 2289 1851 2351 δὴ

1990 2299 2073 2359 at,
2106 2297 2165 2348 et
2193 2293 2438 2364 pulchre
2488 2294 2744 2364 profusae
2796 2293 3035 2348 fuissent
3080 2293 3207 2364 ejus
3259 2295 3501 2361 divitiae,
3556 2300 3613 2354 et

244 2377 378 2426 κατά
423 2377 517 2436 τάς
556 2379 744 2428 ἐκείνου
795 2375 997 2438 ἐντολὰς
1039 2382 1310 2449 γενομένου
1363 2384 1452 2431 καὶ
1490 2387 1582 2431 τοῦ
1629 2379 1851 2434 πλούτου

1990 2381 2598 2453 »ρθωιυιὶεεθιωιιμίε
2624 2381 3007 2452 pauperibus,
3040 2382 3266 2438 solutus
3286 2384 3613 2441 omnicura

245 2463 414 2526 καλῶς
467 2464 609 2535 αύτῷ
675 2467 973 2526 κενωθέντος
1033 2471 1122 2518 καὶ
1207 2476 1304 2518 τῶν
1361 2473 1585 2526 πενὴνων
1642 2469 1853 2531 πολλαῖς

1981 2470 2070 2525 ὐἰι
2088 2471 2576 2525 Abramius.Nam
2595 2470 2653 2524 in
2666 2469 2780 2524 hoc
2796 2469 2889 2524 ille
2902 2475 3190 2542 perpetuo
3210 2470 3604 2538 incumbebat,

246 2551 643 2626 ἐπαρκέσαντος,
704 2551 978 2626 φροντίδος
1033 2554 1312 2608 ἀπολέλυτο
1360 2560 1557 2622 πάσης,
1607 2557 1851 2631 ό²Αϐρά-

1990 2563 2024 2614 lt
2039 2560 2168 2628 ejus
2191 2558 2428 2614 animus
2456 2565 2850 2629 occuparetur
2875 2559 2933 2612 in
2957 2558 3120 2613 nulla
3143 2575 3204 2614 re
3229 2560 3538 2616 mundana
3556 2565 3613 2616 et

243 2661 357 2714 μιος
408 2659 419 2671 '
472 2641 579 2694 ἐπεὶ
633 2648 722 2695 καὶ
761 2651 913 2695 τοῦτο
959 2649 1166 2717 φροντὶς
1217 2645 1387 2716 ἐκείνῳ
1444 2645 1638 2717 μᾶλλον
1681 2643 1846 2705 διηνε-

1987 2662 2209 2714 errena,
2234 2647 2338 2701 sed
2359 2663 2495 2701 eum
2517 2651 2701 2701 totum
2721 2646 2958 2701 haberet
2984 2645 3062 2701 ad
3075 2646 3287 2702 caelum
3301 2653 3610 2706 extensum

238 2736 356 2796 κὴς,
390 2734 524 2793 ὅπως
553 2734 614 2784 ἄν
644 2729 833 2805 μηδενὶ
862 2738 956 2792 τὴν
994 2733 1179 2805 ψυχὴν
1219 2745 1317 2787 τῶν
1362 2735 1623 2808 βιωτικῶν
1662 2756 1716 2788 τε
1754 2741 1843 2789 καὶ

1777 2741 1843 2789 εαὶ
1960 2751 2307 2807 semperque
2341 2735 2529 2789 levem
2559 2739 2615 2789 et
2645 2733 2958 2818 sublimem
2988 2734 3066 2789 ad
3094 2736 3400 2807 spiritalia.

236 2823 426 2893 γηίνων
459 2819 810 2893 ἀπολειφθείη,
847 2822 974 2874 ἀλλά
1020 2829 1193 2875 πᾶσαν
1225 2824 1387 2882 αὐτὴν
1418 2827 1536 2895 ἔχοι
1570 2829 1698 2897 πρὸς
1754 2829 1839 2878 τόν
1871 2825 2086 2901 οὐρανόν
2133 2829 2408 2898 τεταμένην
2439 2829 2530 2876 καὶ
2558 2827 2754 2895 κουφὴν
2786 2821 2864 2876 ἀεὶ
2891 2827 3022 2896 πρὸς
3049 2826 3117 2876 τά
3166 2827 3490 2898 πνευματικά
3517 2845 3586 2879 κα

250 2914 524 2980 μετέωρον.

332 2996 424 3079 ς.
482 2998 728 3058 Ποθήσας
782 3001 950 3049 τοίνυν
989 3003 1058 3058 ὼς
1135 3003 1444 3069 τιμιώτατον
1500 3010 1674 3072 κτῆμα
1757 3007 1851 3060 τὴν
1889 3005 1929 3059 C

2032 3003 2124 3056 VI.
2149 3003 2295 3059 Cum
2327 3015 2467 3070 ergo
2490 3005 2781 3072 tanquam
2797 3000 3235 3071 possessionem
3258 3003 3609 3073 pretiosissi-

242 3084 521 3151 ἀκτησίαν,
585 3081 736 3137 οὐδὲν
795 3086 961 3159 ἕτερον
1006 3087 1146 3158 ἔχειν
1197 3087 1469 3157 ἠνέσχετο,
1511 3087 1645 3146 πλὴν
1695 3093 1845 3159 μόνον

1986 3106 2104 3146 iam
2142 3089 2535 3145 desiderasset
2564 3088 2642 3144 nil
2673 3088 2992 3160 possidere,
3028 3089 3170 3144 nihil
3201 3089 3364 3146 aliud
3388 3090 3609 3147 habere

241 3184 340 3227 τῶν
397 3174 694 3246 ἀναγκαίως
745 3174 970 3246 ἐχόντων
1009 3196 1082 3247 τῳ
1132 3183 1354 3248 σώματι,
1408 3180 1471 3228 τά
1515 3174 1574 3230 δὲ
1611 3175 1671 3236 ἦν
1711 3179 1849 3231 πά).-

1986 3179 2260 3243 sustinuit,
2288 3183 2499 3249 praeter
2511 3194 2580 3233 ea
2593 3178 2737 3244 sola,
2756 3193 2891 3250 quas
2923 3183 3061 3234 sunt
3086 3181 3320 3251 corpori
3341 3196 3609 3238 necessa-

238 3264 350 3318 λιον
395 3268 485 3316 καὶ
513 3265 672 3339 ῥάκος
722 3284 771 3316 τι
810 3269 1066 3338 τρίχινον,
1109 3265 1144 3316 ά
1188 3270 1491 3337 περιέκειτο,
1546 3266 1759 3336 ψιάθιόν
1800 3289 1851 3322 τε

1986 3266 2068 3320 'ia.
2088 3266 2171 3320 Ea
2183 3270 2381 3322 autem
2400 3269 2584 3332 erant,
2605 3265 2852 3336 pallium
2874 3271 2930 3321 et
2951 3266 3228 3332 cilicium,
3244 3268 3463 3340 quibus
3485 3274 3609 3326 erat

239 3357 366 3427 1:96;
423 3353 744 3411 κατάκλησιν
795 3351 1046 3426 βραγεῖαν
1100 3361 1191 3406 τοῦ
1247 3360 1488 3426 σώματος
1546 3361 1635 3408 καὶ
1682 3362 1849 3416 ποτή-

1985 3354 2220 3419 udutus,
2255 3359 2311 3409 et
2339 3359 2532 3410 storea
2566 3355 2643 3409 ad
2675 3353 2916 3410 brevem
2947 3355 3209 3426 corporis
3239 3357 3603 3423 accubitum,

239 3462 371 3517 ριον,
453 3449 493 3512 ῷ
559 3449 651 3494 τοῦ
733 3446 1118 3516 μεμετρημένου
1201 3445 1389 3495 ἐκείνου
1475 3445 1848 3516 μετελάμϐανεν

1985 3449 2017 3499 ιι
2040 3443 2473 3515 poculum,quo
2490 3443 2789 3499 modicam
2807 3443 3327 3516 sumebataquam.
3358 3446 3471 3502 Sed
3487 3462 3608 3518 quo

241 3528 434 3592 ύδατος
495 3547 506 3560 ·
565 3528 672 3581 ἀλλ’
737 3531 843 3602 ὅσῳ
891 3539 991 3582 τῶν
1043 3550 1160 3604 περι
1217 3534 1274 3583 1'6
1335 3539 1488 3604 σῶμα
1543 3532 1848 3592 ἐπιτηδείων

1986 3535 2118 3605 nagi
2129 3551 2154 3587 s
2175 3533 2387 3602 egebat
2404 3531 2496 3600 iis,
2513 3548 2648 3604 quae
2662 3531 3039 3603 pertinebant
3051 3533 3129 3588 ad
3157 3548 3327 3588 usum
3341 3534 3609 3606 corporis

242 3619 448 3693 ἠπόρει,
501 3621 733 3690 τοσούτῳ
776 3625 885 3681 τοῖς
936 3629 1027 3680 τῆς
1072 3619 1255 3691 ψυχῆς
1303 3620 1483 3683 καλοῖς
1534 3623 1708 3676 ἐθαλλε
1760 3629 1849 3677 καὶ

1983 3639 2022 3678 :0
2045 3623 2236 3693 magis
2248 3620 2620 3686 abundabat,
2645 3620 2818 3676 bonis
2831 3621 3064 3684 animas,
3082 3620 3141 3675 in
3157 3621 3302 3677 orbe
3326 3622 3606 3678 virtutum

241 3707 407 3780 ἐκόμα
455 3706 818 3781 ἐκλάμπουσαν
869 3707 946 3761 ἀεὶ
1000 3717 1090 3761 τοῦ
1129 3714 1247 3782 περὶ
1296 3712 1450 3763 αὐτὸν
1507 3713 1696 3764 κύκλον
1751 3722 1848 3764 τῶν

1987 3712 2062 3782 [αἱ
2074 3727 2211 3764 eum
2227 3708 2654 3775 circumdabat,
2671 3723 2907 3779 semper
2923 3724 3016 3762 res
3024 3707 3399 3780 plendentem
3417 3709 3610 3766 humi-

243 3799 455 3869 ἀρετῶν,
505 3801 597 3856 τὴν
655 3802 968 3850 ταπείνωσιν
1024 3800 1160 3868 ἔχων
1212 3803 1296 3851 καὶ
1354 3804 1447 3857 τὴν
1507 3799 1734 3871 ἀγάπην,
1790 3799 1850 3861 ἀς

1987 3800 2182 3855 itatem
2236 3799 2480 3863 habens,
2540 3804 2595 3852 et
2646 3797 3016 3863 charitatem,
3087 3813 3237 3869 quas
3302 3798 3610 3869 cujuslibet

243 3881 312 3944 δὴ
358 3890 447 3938 καὶ
485 3889 710 3959 μητέρας
741 3885 942 3957 ἀγαθοῦ
988 3889 1178 3948 παντὸς
1231 3887 1494 3960 ὁρίζονται
1538 3885 1684 3943 εἶναι.
1737 3889 1850 3942 Ἐν-

1986 3887 2100 3944 »οηί
2121 3893 2338 3943 matres
2351 3901 2485 3942 esse
2497 3885 2876 3940 deﬁniuntur.
2897 3885 3036 3940 Hinc
3048 3885 3363 3958 aequalem,
3381 3887 3609 3958 quidem

241 3977 414 4028 τεῦθεν
457 3971 704 4047 ὁμότιμον
758 3978 848 4048 μὲν
897 3979 989 4034 τὴν
1045 3974 1255 4047 ἀγάπην
1309 3984 1453 4049 κοινῇ
1504 3981 1634 4051 πρὸς
1686 3977 1852 4030 ἄπαν-

1989 3976 2356 4032 ιοωωιιῑιίιοι·
2385 3976 2444 4030 in
2467 3990 2674 4030 omnes
2702 3973 3048 4028 ostendebat
3077 3973 3449 4032 charitatem.
3471 3976 3612 4032 Pro-

243 4082 334 4123 τας
388 4060 737 4131 ἐπεδείκνυτο,
787 4068 879 4123 τὴν
934 4060 995 4116 δέ
1044 4063 1133 4116 τού
1179 4063 1400 4122 πλησιον
1457 4063 1534 4117 ἀεὶ
1594 4066 1851 4138 σωτηρίαν

1987 4066 2104 4121 :imi
2135 4071 2336 4121 autem
2357 4063 2607 4120 salutem
2631 4078 2866 4133 semper
2893 4078 3014 4116 suae
3039 4064 3433 4134 praeponebat.
3469 4065 3610 4130 Quae

242 4160 339 4212 τῆς
411 4152 592 4205 ἑαυτοῦ
653 4154 932 4227 προετίθει.
999 4155 1076 4205 Τά
1137 4149 1197 4205 δὲ
1252 4161 1350 4205 τῶν
1423 4153 1582 4206 αὐτοῦ
1639 4155 1852 4226 χειλέων

1988 4170 2103 4209 rero
2117 4170 2186 4208 ex
2207 4154 2334 4223 ejus
2351 4152 2531 4207 labris
2556 4150 2978 4222 procedebant,
3002 4167 3176 4222 quam
3196 4167 3315 4208 non
3338 4157 3611 4223 poterant

241 4240 637 4314 ἐκπορευόμενα,
698 4247 846 4304 ποίας
907 4242 1012 4313 οὐχ
1071 4244 1221 4294 ἱκανά
1288 4241 1474 4314 ψυχὰς
1545 4243 1854 4306 καταθέλξαι

1987 4242 2234 4297 mimam
2252 4239 2606 4306 demulcere,
2630 4245 2685 4294 et
2708 4239 2999 4294 attrahere
3024 4239 3100 4294 ad
3121 4240 3434 4295 virtutem?
3457 4242 3610 4297 Nam

240 4335 333 4383 καὶ
402 4330 688 4402 ύφελκύσαι
761 4335 850 4383 καὶ
935 4333 1065 4404 1:96;
1137 4329 1322 4396 ἀρετὴν
1401 4330 1851 4393 ἐπισπάσασθαι;

1988 4328 2137 4384 ralde
2163 4328 2407 4400 quidem
2433 4327 2603 4382 docte
2634 4326 3063 4382 adhortabatur
3097 4343 3108 4381 :
3138 4328 3611 4398 reprehendebat

241 4421 531 4492 Ἐπήνειμα
599 4422 700 4494 γὰρ
753 4425 844 4472 καὶ
905 4419 1019 4471 λίαν
1081 4415 1452 4489 παιδευτικῶς,
1521 4422 1738 4492 ἐπετίμα
1792 4417 1851 4474 δε

1988 4423 2165 4474 Lutem
2183 4420 2800 4489 paterneetamanter:
2824 4415 3611 4487 mansuetudoqueetgratia

241 4517 505 4583 πατρικῶς
552 4527 606 4560 τε
657 4513 746 4560 καὶ
791 4507 1147 4580 φιλοστόργως
1201 4524 1212 4536 ’
1263 4510 1292 4566 ἦ
1345 4526 1398 4559 τε
1443 4512 1671 4580 πραότης
1709 4509 1849 4581 αύτῷ

1986 4507 2224 4580 Indique
2247 4507 2304 4561 in
2327 4521 2397 4560 eo
2422 4504 2691 4567 ﬂorebat,
2719 4504 3013 4558 internam
3038 4504 3219 4560 animi
3247 4505 3609 4562 constitutio-

243 4605 520 4669 πανταχοῦ
564 4602 653 4648 καὶ
683 4598 900 4668 ἡχάρις
943 4595 1171 4662 ἐπήνθει,
1214 4600 1307 4654 τὴν
1358 4592 1504 4649 ἔνδον
1546 4604 1638 4658 τῆς
1663 4597 1850 4670 ψύχῆς

1987 4614 2095 4653 lem
2127 4595 2378 4669 perfecte
2419 4593 2709 4665 aperiens.
2743 4592 2939 4648 Merito
2975 4597 3176 4648 autem
3217 4593 3610 4650 admirabitur

243 4689 572 4739 κατάστασιν
622 4684 849 4760 ἀκριϐῶς
889 4681 1285 4758 διαφαίνουσαι.
1338 4687 1639 4758 Θαυμάσειε
1685 4683 1734 4738 δ’
1788 4687 1846 4738 οἶν

1986 4685 2251 4757 [uispiam
2276 4700 2404 4754 ejus
2427 4683 2483 4737 in
2513 4680 2932 4737 certaminibus
2959 4680 3385 4747 fortitudinem,
3403 4686 3456 4737 et
3476 4699 3609 4738 con~

245 4795 324 4838 τις
380 4775 586 4838 εἰκότως
643 4780 732 4828 καὶ
789 4779 846 4827 τὸ
897 4778 1026 4848 πρὸς
1081 4779 1204 4836 τοὺς
1259 4774 1455 4846 ἀγῶνας
1511 4783 1600 4827 τοῦ
1659 4772 1847 4850 ἀνδρὸς

1983 4774 2260 4830 tentiam.
2295 4774 2442 4827 Nam
2473 4787 2610 4825 cum
2641 4774 2776 4826 ante
2809 4773 3058 4824 mortem
3091 4769 3405 4825 continuos
3434 4772 3606 4842 quin-

245 4869 549 4938 καρτερικόν
599 4884 652 4917 τε
698 4869 785 4916 καὶ
836 4867 1073 4917 σύντονον
1127 4878 1142 4894 ⁸
1199 4867 1543 4922 πεντηκοστὸν
1589 4866 1688 4939 γὰρ
1740 4865 1847 4927 ἔτος

1984 4863 2244 4934 [uaginta
2277 4876 2466 4918 annos
2520 4859 2871 4928 transegerit
2901 4858 2960 4912 in
2991 4857 3414 4922 exercitatione,
3450 4875 3607 4916 nun-

247 4957 298 5008 ἑν
371 4953 596 5012 ἀσκήσει
650 4950 969 5017 διατελέσας,
1027 4950 1276 5006 οὐδέποτε
1325 4953 1554 5026 μαλακόν
1604 4953 1675 5016 εἰς
1734 4958 1847 5015 τούς

1978 4968 2142 5023 [nam
2171 4950 2420 5006 molliter
2447 4953 2549 5004 aut
2573 4948 2827 5016 segniter
2879 4961 3199 5018 aggressus
3230 4952 3317 5002 est
3350 4946 3601 5020 labores,

246 5049 432 5105 πόνους
479 5039 602 5096 ούδὲ
646 5044 877 5117 ῥᾲθύμον
919 5041 1124 5114 ἔϐλεψεν
1166 5039 1289 5094 οὐδὲ
1341 5045 1609 5115 καθυφῆκέ
1655 5063 1707 5095 τι
1756 5052 1846 5096 τοῦ

1983 5055 2151 5112 teque
2182 5038 2511 5111 quidquam
2546 5035 2772 5091 remisit
2796 5034 2870 5089 de
2901 5035 2952 5089 ei
2983 5034 3056 5089 ab
3087 5034 3247 5089 initio
3276 5035 3491 5093 tradita
3519 5053 3606 5093 re-

246 5128 676 5208 παραδεδομένου
753 5135 847 5190 τὴν
927 5129 1100 5204 ἀρχὴν
1181 5131 1320 5202 αύτῷ
1384 5140 1475 5192 τῆς
1550 5132 1848 5204 ἐγκρατείας

1985 5129 2100 5198 gula
2125 5127 2515 5184 abstinentiae:
2544 5125 2646 5180 sed
2675 5124 2914 5195 perinde
2944 5139 3011 5177 ac
3041 5123 3087 5177 si
3119 5123 3414 5194 spiritales
3440 5125 3608 5183 labo-

249 5226 461 5285 κανόνος
517 5238 530 5252 ο
579 5220 685 5272 ἀλλ’
769 5222 940 5293 ὥσπερ
997 5219 1118 5292 ἄρτι
1198 5229 1554 5292 πνευματικῶν
1615 5217 1847 5293 ἱδρώτων

1989 5235 2051 5275 es
2080 5234 2284 5274 recens
2314 5217 2644 5285 attingeret,
2687 5215 2768 5269 ita
2798 5212 2876 5268 ad
2924 5211 3255 5267 certamina
3285 5215 3607 5274 accedebat

252 5311 555 5383 ἁπτόμενος,
596 5309 760 5372 οὕτως
791 5305 850 5366 ἧν
901 5308 1018 5360 καθῗ
1051 5308 1274 5364 ἑκάστην
1323 5313 1452 5381 1:96;
1493 5308 1690 5380 ἀγῶνας
1743 5308 1849 5362 ἐπι-

1981 5307 2243 5378 juotidie,
2270 5306 2527 5376 seipsum
2553 5304 2613 5358 in
2630 5301 2758 5356 dies
2790 5316 3095 5371 superans.
3116 5301 3243 5356 Non
3263 5309 3388 5358 erat
3403 5299 3604 5380 autem

253 5397 443 5461 διδούς
489 5403 578 5452 καὶ
628 5398 781 5460 αὐτὸς
825 5396 1003 5450 ἑαυτὸν
1054 5395 1380 5468 ὑπερϐάλλων
1429 5406 1490 5470 τῇ
1543 5403 1788 5470 καρτερίᾳ
1832 5413 1844 5425 ·

1982 5398 2059 5452 )ie
2080 5395 2327 5452 omnino
2359 5393 2716 5465 permittere,
2746 5396 2810 5444 ut
2832 5389 2960 5445 talis
2985 5389 3089 5446 lux
3102 5391 3212 5446 sub
3245 5392 3442 5447 medio
3466 5392 3605 5450 late-

251 5489 346 5543 ούκ
393 5485 453 5548 ἧν
517 5484 576 5541 δὲ
630 5489 755 5560 πρὸς
811 5492 966 5550 Θεοῦ,
1019 5487 1223 5546 πάντως
1286 5493 1518 5538 τοιοῦτον
1575 5488 1696 5538 ὄντα
1761 5483 1849 5538 καὶ

1984 5490 2082 5550 ἐἰς
2119 5499 2308 5555 neque
2337 5482 2460 5537 ﬁeri
2482 5483 2729 5552 poterat,
2762 5483 2827 5534 ut
2849 5478 2951 5552 qui
2981 5483 3104 5537 erat
3133 5479 3500 5550 hujusmodi,
3551 5487 3607 5538 et

254 5579 417 5640 οὕτως
484 5571 570 5629 οἶα
639 5575 1079 5649 πόλινπεριφανῆ
1154 5578 1242 5626 καὶ
1317 5573 1557 5650 λαμπρὰν
1615 5576 1847 5648 καθάπερ

1984 5571 2207 5630 ›θι’ἱῐιᾶθ
2238 5587 2308 5629 ac
2338 5569 2496 5627 clara
2520 5568 2800 5643 quaedam
2827 5571 2884 5626 et
2912 5567 3154 5626 illustris
3199 5566 3426 5639 civitas,
3449 5568 3607 5647 velut
