4110 6272
507 317 570 373 51
1881 303 2138 364 MENSIS
2179 299 2517 358 manus.
3807 306 3879 363 δε

501 441 562 497 in
574 440 835 513 quodam
850 443 1052 495 monte
1064 453 1262 493 rerum
1275 437 1677 493 maximarum
1691 439 1745 490 et
1756 429 2148 505 pulcherrime

2261 425 2343 480 ἐπί
2394 448 2528 490 τινος
2572 432 2727 505 ὄρους
2773 440 2873 484 τῶν
2922 435 3182 503 μεγίστων
3238 428 3651 504 κατορθωμόπων
3701 435 3873 505 κείμε-

506 538 829 599 gestarum,
844 528 1073 600 positus
1090 534 1230 591 erat,
1252 525 1741 582 absconderetur.
1760 527 1872 580 Nec
1886 536 2024 589 ergo
2047 518 2152 575 fuit

505 618 980 675 absconsus.Sed
998 616 1304 689 quomodo
1326 631 1516 686 nuper
1535 615 1660 686 ipse
1675 614 1963 669 Dominus
1982 608 2154 666 disci-

508 709 690 780 pulis,
714 708 794 762 ita
810 706 985 762 etiam
1010 721 1171 761 nunc
1191 704 1425 760 illorum
1447 703 1723 759 imitatori
1748 702 2003 772 desuper
2020 715 2151 770 apo-

509 793 1115 853 stolicumcommittit
1132 793 1543 856 ministerium,
1569 799 1623 847 et
1643 796 1769 862 ejus
1792 791 2033 845 honorat
2045 788 2154 843 vir-

508 889 698 940 tutem
722 884 1035 939 chrismate
1053 880 1376 946 sacerdotii,
1399 886 1454 936 et
1475 880 1788 936 sudoribus
1811 876 2155 933 monasticae

512 971 940 1029 exercitationis
962 969 1233 1026 athletica
1256 969 1434 1024 etiam
1461 968 1785 1023 certamina
1808 966 2083 1036 adjungit
2103 966 2158 1019 et

513 1060 822 1118 laboribus
849 1058 1213 1114 abstinentiae
1234 1064 1447 1130 praeter
1468 1058 1808 1129 opinionem
1834 1061 1888 1110 et
1910 1054 2158 1110 admira-

512 1148 706 1206 biliter
752 1148 1007 1204 adnectit
1045 1164 1297 1204 coronas
1327 1147 1612 1218 martyrii.
1656 1148 1929 1211 Quonam
1978 1143 2156 1199 modo

518 1242 739 1302 autem,
776 1237 1059 1308 deinceps
1089 1252 1408 1308 exponam.

579 1327 697 1381 VII.
735 1326 1065 1396 Lampsaci,
1098 1325 1263 1397 quod
1293 1332 1380 1382 est
1409 1324 1700 1397 oppidum
1723 1324 1797 1380 ad
1815 1322 2156 1394 Hellespon-

513 1419 659 1478 tum,
692 1419 815 1469 erat
839 1413 1083 1484 quidam
1120 1429 1376 1483 magnus
1422 1414 1604 1479 vicus,
1637 1419 1695 1468 et
1723 1413 2003 1484 frequens
2052 1426 2156 1481 po-

514 1501 678 1573 pulo,
706 1501 1065 1574 quivocatur
1087 1503 1299 1557 Tmnia.
1331 1501 1624 1567 Quoniam
1652 1505 1851 1556 autem
1875 1499 1980 1571 qui
2004 1500 2065 1553 in
2086 1513 2155 1554 eo

511 1589 641 1645 vico
652 1590 1426 1654 habitabant,tenebantura
1439 1590 1601 1660 gravi
1619 1604 1813 1645 errore
1827 1587 2153 1655 gentilium,

512 1695 737 1749 magna
766 1680 1008 1750 quidem
1041 1679 1352 1734 multitudo
1396 1679 1771 1735 sacerdotum
1802 1682 1858 1731 et
1886 1677 2157 1732 diacono-

512 1783 645 1822 rum
668 1767 746 1822 ab
772 1767 1050 1839 episcopo
1079 1767 1156 1822 ad
1187 1783 1290 1822 eos
1317 1767 1658 1823 mittebatur
1687 1781 1701 1821 :
1734 1765 1972 1837 plurimi
2003 1781 2156 1838 quo-

2258 536 2341 568 νον
2399 520 2497 571 ύπό
2536 518 2708 592 μοδίῳ
2767 526 2857 573 καὶ
2895 520 3042 594 κλίνη
3086 520 3459 574 καλύπτεσθαι.
3505 520 3708 573 Οὔκουν
3748 517 3877 574 οὐδὲ

2708 609 2819 663 ἀλλ’
2897 612 3070 684 ὥσπερ
3148 616 3325 685 πρώην
3402 617 3512 672 τοῖς
3589 613 3873 683 μαθηταῖς⁹

2261 696 2424 759 οὕτως
2466 704 2556 750 καὶ
2613 706 2699 750 νῦν
2750 709 2823 771 τῷ
2880 698 3079 754 ἐκείνων
3132 708 3335 772 μιμητῇ
3395 703 3625 774 Χριστὸς
3677 699 3875 753 ἄνωθεν

2263 784 2606 845 ἀποστολικήν
2648 788 2937 862 ἐγχειρίζει
2992 788 3261 843 διακονίαν
3307 793 3401 847 τήν
3440 808 3494 840 τε
3536 796 3628 841 τοῦ
3678 785 3877 863 ἀνδρὸς

2265 873 2448 948 ἀρετήν
2506 878 2787 950 ἱερωσύνης
2838 885 2965 951 τιμᾷ
3014 883 3281 953 χρίσματι
3336 882 3426 930 xui.
3471 882 3653 939 κόποις
3702 876 3878 937 ἀσκη-

2259 607 2577 661 κεκάλυπται
2609 628 2621 640 ·

2264 972 2427 1025 τικοίς
2489 964 2795 1028 ἀθλητικοὺς
2851 969 3059 1030 εἰκότως
3129 971 3318 1029 πόνους
3390 965 3729 1020 ἐπισυνάπτει
3780 973 3879 1020 καὶ

2267 1056 2536 1124 στεφάνοις
2608 1054 2903 1132 ἐγκρατείας
2983 1055 3263 1130 στερρὰνους
3336 1053 3649 1132 παραδόξως
3702 1055 3878 1109 ἐπιτι-

2266 1144 2393 1199 θησι
2427 1150 2716 1217 μαρτυρίας
2764 1164 2775 1175 ·
2829 1148 2966 1208 ὅπως
3016 1144 3075 1199 δὲ
3121 1146 3224 1220 ἆρα
3273 1150 3364 1199 καὶ
3400 1150 3515 1198 τίνα
3543 1149 3631 1198 τὸν
3678 1150 3877 1220 τρόπον

2262 1232 2326 1283 τά
2356 1240 2446 1283 τοῦ
2476 1232 2630 1304 λόγου
2657 1230 2885 1292 δηλώσει
2915 1255 3024 1307 μοι.

2334 1323 2412 1379 Ζ¹.
2457 1322 2540 1376 Ἐν
2593 1332 2655 1397 τῇ
2700 1325 2997 1398 Λαμψάκῳ,
3031 1333 3093 1398 τῇ
3127 1328 3257 1397 πρὸς
3299 1323 3677 1383 Ἑλλήσποντον
3714 1331 3872 1397 κώμη

2262 1429 2345 1470 τις
2389 1409 2448 1470 ἧν
2488 1412 2683 1484 μεγάλη
2739 1420 2829 1466 καὶ
2877 1414 3280 1482 πολυάνθρωπος
3320 1414 3609 1486 καλουμένη
3659 1419 3873 1467 Ταινία⁸

2265 1503 2373 1558 ἐπεὶ
2418 1499 2476 1553 δὲ
2518 1505 2566 1553 οἱ
2596 1508 2688 1561 τήν
2718 1506 2964 1561 τοιαύτην
2994 1509 3172 1576 κώμην
3229 1503 3486 1563 οἰκοῦντες
3542 1511 3605 1575 τῇ
3657 1503 3871 1577 χαλεπῇ

2264 1599 2362 1643 τῶν
2412 1590 2657 1649 Ἐλλήνων
2710 1593 2844 1650 ἦσαν
2895 1591 3065 1665 ἀπάτη
3130 1592 3547 1664 κατειλημμένοι,
3602 1592 3730 1645 πολὺ
3779 1598 3873 1665 μὲν

2266 1680 2509 1732 ἑκάστοτε
2534 1680 2724 1742 πλῆθος
2771 1681 2941 1742 αὐτοῖς
2990 1684 3156 1755 ἱερέων
3199 1686 3289 1733 καὶ
3336 1678 3591 1734 διακόνων
3632 1683 3732 1733 ύπό
3778 1690 3871 1734 τοῦ

3563 1769 3741 1824 πολλοὶ
3810 1768 3845 1823 δ
3848 1774 3870 1823 ξ

2263 1777 2360 1831 τῆς
2430 1768 2719 1830 ἐπισκοπῆς
2785 1779 3107 1844 προεστῶτος
3193 1770 3446 1843 ἐπέμπετο
3480 1788 3494 1802 ο

511 1872 629 1927 que
660 1872 731 1911 ex
753 1857 822 1911 iis
852 1857 956 1927 qui
984 1856 1164 1912 vitam
1200 1862 1587 1928 susceperant
1618 1857 2034 1920 monasticam,
2075 1856 2151 1912 ab

2265 1868 2363 1911 τῶν
2419 1862 2505 1912 τόν
2554 1864 2753 1935 μονήρη
2816 1858 2932 1932 βίον
2984 1859 3313 1934 ἀνῃρημένων
3367 1856 3689 1913 διδάσκαλοι
3745 1866 3871 1932 παρτ

513 1958 582 1999 eo
610 1945 907 2000 constituti
933 1950 1101 1999 erant
1126 1944 1235 2000 vici
1260 1946 1543 2014 magistri.
1573 1947 1682 2000 Sed
1709 1961 1886 2000 nemo
1917 1960 2018 1999 eos
2045 1961 2153 2016 po-

512 2037 660 2087 terat
682 2037 1021 2087 convertere
1042 2032 1119 2087 ab
1148 2048 1379 2087 errore:
1404 2033 1525 2087 imo
1550 2032 1663 2104 piis
1684 2033 1883 2104 potius
1914 2033 1995 2087 illi
2016 2032 2158 2087 infe-

512 2121 725 2177 rebnat
764 2126 1060 2176 tormenta
1088 2128 1143 2175 et
1186 2120 1494 2193 supplicia,
1541 2137 1734 2193 neque
1788 2125 1911 2177 erat
1968 2121 2154 2176 ullum

511 2224 706 2281 poenae
728 2224 935 2278 genus,
963 2209 1125 2281 quod
1153 2225 1271 2265 non
1295 2209 1626 2265 terribiliter
1645 2210 1727 2265 eis
1748 2211 2151 2266 intentaretur.

512 2296 659 2353 Cum
683 2313 825 2367 ergo
854 2297 1149 2353 dubitaret
1179 2300 1499 2370 episcopus
1527 2298 1818 2370 quidnam
1856 2303 2155 2370 oporteret

511 2386 726 2450 facere,
760 2386 947 2457 utqui
996 2386 1294 2453 errabant,
1345 2402 1600 2442 errorem
1654 2394 2063 2457 agnoscerent,
2098 2396 2153 2444 et

510 2489 635 2529 rem
658 2474 984 2546 aliquando
1015 2492 1150 2530 cum
1175 2475 1299 2531 suis
1348 2477 1833 2546 communicaret,
1878 2477 2036 2531 venit
2065 2478 2151 2531 eis

508 2562 742 2617 interim
765 2563 822 2617 in
847 2568 1104 2619 mentem
1126 2564 1442 2620 Abramius
1470 2564 1845 2620 admirabilis.
1865 2567 2009 2620 Tum
2034 2581 2153 2621 non

510 2655 858 2723 exspectans
880 2652 1005 2722 ipse
1026 2651 1273 2707 aliorum
1304 2654 1377 2708 de
1396 2670 1462 2707 eo
1486 2653 1824 2708 testimonia
1849 2653 1927 2707 eis
1955 2654 2153 2710 statim

508 2738 787 2804 ostendit,
808 2740 949 2812 quid
968 2739 1042 2795 de
1065 2740 1164 2796 illo
1187 2747 1345 2798 esset
1369 2742 1479 2797 sibi
1510 2758 1889 2815 persuasum,
1916 2742 2149 2799 dicens:

511 2826 740 2883 Credite
771 2829 934 2894 mihi,
968 2829 1086 2895 ﬁlii,
1139 2830 1368 2887 dicturo
1421 2836 1569 2887 teste
1600 2832 1861 2895 veritate,
1895 2832 2060 2904 quod
2091 2832 2153 2888 in

460 2974 466 2979 ,
509 2920 630 2972 tota
646 2916 754 2972 ﬁde
776 2933 1085 2991 nunquam
1111 2920 1253 2975 mihi
1273 2921 1517 2990 contigit
1543 2922 1731 2976 videre
1756 2920 1933 2976 talem
1956 2923 2154 2977 virum

507 3011 563 3061 et
592 3005 693 3077 qui
733 3005 791 3060 in
835 3011 995 3062 tante
1044 3008 1251 3064 virtute
1291 3009 1509 3064 viveret
1556 3014 1612 3065 et
1641 3008 1878 3081 pietate.
1935 3013 2081 3066 Cum
2115 3012 2153 3067 ii

506 3098 725 3159 autem,
751 3111 880 3166 quae
904 3097 973 3151 ab
1004 3096 1138 3167 ipso
1164 3097 1322 3153 dicta
1350 3098 1605 3164 fuerant,
1626 3114 1743 3155 una
1770 3114 1911 3153 voce
1942 3101 2151 3158 conﬁr-

507 3188 793 3249 massent,
826 3183 951 3255 ipse
977 3201 1184 3239 rursus
1218 3202 1230 3240 :
1262 3188 1446 3251 Venit,
1474 3188 1681 3261 inquit,
1724 3191 1869 3247 mihi
1900 3197 1958 3251 in
1989 3211 2154 3252 men-A

506 3274 625 3325 tem
669 3273 942 3343 quaedam
972 3273 1283 3344 cogitatio:
1317 3292 1387 3332 ea
1413 3282 1503 3333 est
1526 3285 1746 3347 autem,
1770 3290 1835 3337 ut
1875 3284 2154 3339 arbitror-

507 3357 814 3415 divinioris
830 3360 1139 3431 cujusdam
1156 3365 1561 3435 providentiae,
1578 3383 1713 3423 eum
1729 3370 1960 3426 initiare
1974 3372 2153 3425 chris-

506 3452 662 3503 mate
717 3450 1052 3516 sacerdotii,
1077 3456 1135 3506 et
1163 3453 1215 3507 ei
1258 3453 1482 3509 tradere
1535 3456 1754 3522 vicum,
1791 3458 1894 3529 qui
1946 3464 2036 3515 est
2075 3459 2153 3514 ad

507 3536 968 3609 Hellespontum.
1004 3543 1168 3596 Forte
1208 3542 1441 3612 poterit,
1483 3558 1660 3614 opem
1701 3562 1956 3617 superna
1986 3547 2035 3603 ei
2075 3548 2153 3603 fe-

506 3629 669 3680 rente
701 3627 908 3693 gratia,
944 3628 1159 3682 multos
1190 3630 1484 3685 deducere
1538 3632 1614 3687 ad
1654 3634 2014 3703 agnitionem
2053 3653 2149 3693 ve-

505 3710 710 3767 ritatis.
771 3714 900 3767 Haec
948 3714 1113 3780 dixit,
1147 3720 1262 3770 ete
1316 3718 1599 3772 cathedra
1650 3724 1847 3777 statim
1901 3741 2150 3793 surgens

507 3798 844 3870 episcopus,
864 3801 1026 3855 vadit
1043 3802 1119 3855 ad
1133 3802 1480 3859 Abramium
1506 3821 1641 3859 cum
1662 3809 1942 3865 universo
1973 3813 2147 3868 clero.

510 3887 714 3957 Etjam
732 3888 913 3943 solitis
935 3888 1103 3945 dictis
1122 3891 1392 3961 precibus
1409 3899 1731 3965 postquam
1760 3913 1892 3952 eum
1914 3899 1969 3954 in
1996 3900 2149 3956 Chri-

511 3981 602 4031 sto
633 3976 963 4041 salutasset,
997 3984 1053 4033 et
1083 3978 1351 4034 osculum
1384 3980 1661 4049 dedisset,
1694 3984 1768 4040 de
1799 3986 1929 4042 vico
1955 3989 2006 4043 ei
2046 4006 2149 4045 ex-

508 4065 677 4136 ponit
704 4065 924 4121 omnia.
966 4068 1253 4122 Praeterea
1274 4072 1475 4124 autem
1527 4087 1664 4127 eum
1704 4089 1945 4147 quoque
1977 4077 2151 4135 valde

507 4153 759 4222 rogavit,
782 4154 1089 4211 utiliorum
1108 4156 1429 4229 susciperet
1449 4160 1878 4231 praefecturam.
1899 4165 1997 4221 Ille
2014 4184 2148 4224 vero

508 4257 644 4297 cum
676 4243 934 4313 primum
974 4244 1220 4316 quidem
1261 4247 1610 4320 episcopum
1650 4252 1955 4311 advenisse
1994 4272 2147 4329 aegre

508 4329 757 4397 tulisset,
788 4336 849 4387 ut
872 4333 976 4405 qui
1003 4339 1234 4405 putaret
1256 4351 1316 4390 se
1338 4352 1471 4393 esse
1497 4339 1833 4409 indignum,
1866 4344 1942 4398 ad
1964 4362 2146 4416 quem

508 4424 705 4474 tantus
725 4420 812 4475 vir
853 4423 1155 4478 accederet
1188 4440 1200 4475 :
1243 4425 1452 4480 deinde
1499 4429 1677 4483 etiam
1724 4446 1858 4500 quas
1896 4431 2142 4501 dixerat,

506 4508 762 4579 graviter
795 4510 1139 4578 accepisset,
1172 4518 1412 4581 propter
1444 4530 1719 4584 magnam
1758 4518 1918 4574 illam
1949 4526 2146 4579 cordis

508 4597 921 4652 contritionem
953 4602 1009 4653 et
1036 4599 1527 4667 moderationem,
1580 4610 1635 4659 et
1664 4608 1826 4677 quod
1876 4625 1937 4663 se
1985 4611 2148 4668 nullo

505 4691 807 4757 reputaret
834 4702 962 4741 esse
990 4687 1261 4757 dignum,
1295 4705 1363 4745 ea
1415 4694 1742 4763 respondit,
1788 4712 1924 4769 quae
1965 4706 2017 4755 et
2050 4702 2146 4758 tali

3186 1952 3377 2001 τούτων
3411 1945 3470 2001 δὲ
3518 1950 3653 2020 ὅμως
3690 1946 3869 2010 οὐδεὶς

3593 2036 3678 2088 ἀλλ
3689 2040 3722 2088 ἁ
3776 2043 3868 2091 καὶ

2265 1949 2425 2001 αὑτοῦ
2472 1956 2534 2021 τῇ
2566 1955 2714 2021 κώμη
2761 1950 3076 2002 καθίσταντο
3125 1966 3136 1979 ·

2265 2036 2566 2110 μεταϐαλεῖν
2620 2038 2802 2098 αύτούς
2858 2047 2952 2099 τῆς
3009 2036 3213 2100 ἀπάτης
3257 2034 3489 2096 ἠδύνατο
3524 2055 3535 2066 '

2268 2124 2493 2197 βάσανοι
2550 2126 2736 2198 μᾶλλον
2800 2130 2935 2179 κατὰ
2990 2136 3087 2179 τῶν
3158 2126 3379 2180 εύσεϐῶν
3449 2131 3538 2179 xui
3617 2131 3871 2200 τιμωρίαι

2266 2215 2388 2288 παρ’
2443 2215 2645 2268 ἐκείνων
2696 2216 2970 2275 ὴπείληντο
3042 2222 3131 2269 xui
3202 2216 3461 2278 κολάσεως
3519 2211 3660 2278 εἶδος
3715 2212 3869 2269 οὐδὲν

2263 2304 2386 2364 ὅλως
2442 2301 2523 2370 ἧν,
2578 2307 2604 2357 ὃ
2649 2310 2715 2364 ηὴ
2766 2309 2965 2366 τούτοις
3014 2305 3239 2378 φοϐερῶς
3287 2303 3557 2360 ἐπεσείετο.
3613 2300 3869 2379 Ἀπορου-

2263 2397 2418 2466 μένου
2474 2399 2644 2446 τοίνυν
2691 2403 2783 2447 τοῦ
2831 2403 2918 2455 τῆς
2954 2393 3239 2455 ἐπισκοπῆς
3295 2403 3641 2469 προεστῶτος,
3701 2399 3754 2447 τί
3806 2397 3869 2447 ἄν

2266 2478 2375 2533 δέοι
2422 2490 2583 2534 ποιεῖν
2627 2486 2758 2555 πρὸς
2808 2488 2902 2542 τήν
2967 2492 3065 2535 τῶν
3116 2484 3513 2555 πεπλανημένων
3562 2488 3867 2555 επίγνωσιν,

2264 2576 2350 2623 καὶ
2385 2568 2580 2628 δήποτε
2610 2574 2667 2623 τὸ
2715 2579 2935 2645 πρᾶγμα
2980 2579 3089 2636 τοῖς
3138 2578 3257 2646 περὶ
3312 2574 3469 2626 αὐτὸν
3506 2577 3865 2647 κοινουμένου,

2266 2666 2441 2731 μνήμη
2522 2680 2599 2721 τις
2679 2666 3028 2735 παρεμπίπτει
3114 2663 3307 2733 μεταξὺ
3383 2671 3475 2715 τοῦ
3556 2666 3867 2735 θαυμαστοῦ

2265 2747 2572 2821 Ἀϐραμίου·
2628 2754 2716 2802 καὶ
2767 2753 2861 2812 τὰς
2906 2754 3048 2822 παρά
3094 2760 3194 2804 τῶν
3250 2752 3416 2804 ἄλλων
3463 2753 3615 2813 αὐτὸς
3668 2772 3868 2827 μαρτυ-

2263 2843 2377 2913 ρίας
2429 2838 2522 2891 οὐκ
2567 2838 2859 2911 ἀναμείνας,
2912 2848 3108 2914 πρῶτος
3165 2841 3315 2903 εὐθὺς
3373 2844 3467 2903 τὰς
3505 2842 3699 2902 οἰκείας
3747 2845 3868 2914 περὶ

3688 2934 3859 2995 τέκνα,

2266 3017 2437 3083 εἰπὼν,
2490 3019 2590 3070 ὑπὸ
2638 3021 2864 3095 μάρτυρι
2908 3019 3143 3092 μέλλοντι
3185 3019 3345 3091 λέγειν
3390 3027 3449 3093 τῇ
3507 3018 3744 3092 ἀληθείᾳ,
3793 3022 3867 3081 ὡς

2263 3103 2514 3160 οὐδέποτέ
2558 3127 2648 3180 μοι
2697 3105 2790 3161 διά
2840 3111 3017 3169 πάσης
3066 3108 3259 3179 ἐγένετο
3308 3118 3405 3170 τῆς
3452 3110 3587 3171 ζωῆς
3628 3118 3863 3164 τοιοῦτον

2262 3193 2433 3267 ἄνδρα
2487 3193 2614 3247 ἰδεῖν
2659 3202 2751 3248 καὶ
2798 3197 2962 3258 οὕτως
3007 3196 3055 3249 ἐν
3101 3196 3253 3270 ἀρετῇ
3294 3201 3524 3272 τοσαύτῃ
3558 3200 3729 3261 ζῶντα
3770 3205 3861 3253 καὶ

2263 3282 2520 3354 εὐλαϐείᾳ.
2574 3291 2684 3335 Τῶν
2734 3280 2794 3336 δὲ
2839 3286 2904 3336 τὰ
2942 3287 3064 3358 παρ’
3106 3286 3266 3339 αὐτοῦ
3306 3287 3547 3361 εἰρημένα
3590 3296 3726 3361 φωνῇ
3760 3294 3859 3362 μία

2264 3370 2772 3444 ἐπισφραγισάντων,
2826 3372 2980 3425 πάλιν
3034 3373 3208 3438 αύτός·
3245 3375 3453 3429 *Εννοιά
3495 3382 3559 3450 μέ
3600 3397 3683 3441 τις
3712 3375 3851 3441 ἦλθε,

2264 3465 2412 3532 φησί·
2477 3462 2733 3533 θειοτέρας
2792 3459 2851 3515 δὲ
2907 3464 3054 3517 οἶμαι
3104 3469 3193 3517 καὶ
3265 3471 3506 3539 προνοίας
3564 3467 3693 3526 αὕτη
3769 3471 3857 3520 xui

2266 2928 2426 2980 αὐτοῦ
2475 2932 2679 2986 πίστεις
2732 2933 3053 3002 παρέσχετο·
3105 2933 3432 2983 Πιστεύσατέ
3500 2949 3611 3002 μοι,

2263 3550 2579 3621 οἰκονομίας,
2638 3559 2709 3622 τῷ
2768 3561 2861 3615 τῆς
2916 3556 3197 3626 ἱερωσύνης
3250 3556 3406 3608 αὐτόν
3454 3561 3718 3630 χρίσματι
3774 3577 3851 3610 τε-

2261 3639 2471 3692 λειῶσαι
2519 3644 2609 3692 καὶ
2651 3645 2744 3699 τὴν
2787 3647 2967 3715 κώμην
3018 3644 3158 3715 αὐτῷ
3190 3649 3282 3703 τὴν
3312 3648 3442 3720 πρὸς
3484 3646 3855 3705 Ἑλλήσποντον

2261 3727 2582 3803 ἐγχειρίσαι·
2634 3733 2764 3791 ἴσως
2804 3727 3109 3797 δυνήσεται,
3169 3739 3543 3808 συναιρομένης
3589 3735 3729 3806 αύτῷ
3766 3740 3857 3788 καὶ

2261 3825 2353 3877 τῆς
2385 3820 2573 3870 οῖνωθεν
2612 3822 2853 3890 χάριτος,
2901 3820 2967 3881 εἰς
2998 3819 3276 3893 ἐπίγνωσιν
3320 3830 3411 3885 τῆς
3464 3823 3708 3886 ἀληθείας
3735 3827 3856 3886 τούς

2260 3905 2474 3967 πολλοὺς
2519 3904 2809 3978 ὀδηγῆσαι.
2856 3916 3033 3962 Ταῦτα
3075 3913 3188 3981 ἔφη,
3231 3916 3319 3963 καὶ
3359 3915 3422 3972 ὡς
3453 3908 3590 3985 εἶχεν
3644 3913 3791 3974 εὐθὺς
3828 3914 3853 3966 ό

2261 3993 2539 4075 ἐπίσκοπος
2594 4004 2688 4057 τῆς
2738 3995 2998 4070 καθέδρας
3048 3998 3350 4067 ἐξαναστὰς,
3402 4001 3513 4073 ἅμα
3561 4010 3634 4073 τῷ
3681 4002 3853 4077 κλήρῳ

2263 4088 2412 4135 παντὶ
2458 4088 2581 4158 πρὸς
2628 4089 2713 4137 τὸν
2766 4090 3018 4160 μακάριον
3058 4090 3257 4141 ἄπεισι·
3317 4095 3406 4143 καὶ
3461 4098 3552 4152 τῆς
3600 4093 3855 4152 συνήθους

2260 4172 2426 4244 εὐχῆς
2472 4170 2575 4231 ήδη
2635 4180 2974 4247 γεγενημένης
3025 4181 3156 4249 μετὰ
3190 4181 3277 4231 τὸν
3328 4177 3376 4231 ἐν
3424 4187 3641 4255 Χριστῷ
3684 4182 3853 4234 ἀσπαο

2263 4265 2408 4333 σμόν,
2445 4265 2511 4314 τὰ
2540 4268 2656 4336 περὶ
2698 4273 2788 4324 τῆς
2818 4271 2998 4336 κώμης
3041 4267 3245 4320 ἅπαντα
3289 4271 3419 4341 πρὸς
3447 4270 3601 4322 αὑτὸν
3633 4268 3848 4344 διεξῄει·

2237 4345 2386 4423 ’πρὸς
2427 4349 2484 4404 δὲ
2515 4357 2603 4404 καὶ
2642 4352 2789 4415 ἠξίου
2818 4354 2957 4425 μάλα
2998 4358 3195 4429 θερμῶς
3224 4364 3316 4410 τοῦ
3345 4363 3439 4416 τήν
3479 4358 3681 4412 ἐκείνων
3727 4359 3850 4412 ἀνα-

2260 4437 2513 4502 δέξασθαι
2560 4447 2903 4517 προστασίανο
2939 4445 2964 4495 ὀ
3014 4441 3072 4496 δὲ
3100 4454 3283 4519 πρῶτα
3311 4449 3401 4519 μὲν
3429 4452 3520 4506 τὴν
3563 4447 3850 4502 ἐπισκόπου

2261 4526 2594 4605 δυσχεράνας
2641 4529 2946 4604 ἐπιδημίαν,
2996 4536 3226 4607 καθάπερ
3279 4536 3383 4608 ούχ
3443 4538 3614 4590 ἱκανὸν
3671 4538 3850 4591 ἑαυτὸν

2261 4615 2444 4691 ἀνδρὸς
2519 4621 2827 4677 τηλικούτου
2876 4628 3169 4695 παρουσίας
3235 4624 3479 4698 οἰόμενος,
3540 4630 3715 4681 ἔπειτα
3791 4625 3851 4682 δί

2258 4712 2346 4759 καὶ
2405 4708 2601 4781 βαρέως
2652 4713 2772 4770 τούς
2824 4712 2947 4784 παρ’
2997 4712 3155 4764 αὑτοῦ
3206 4710 3476 4785 δεξάμενος
3523 4716 3709 4789 λόγους
3757 4715 3852 4771 διὰ

506 4774 640 4829 vitae
680 4776 1133 4843 conveniebant,
1168 4784 1222 4832 et
1250 4783 1420 4833 tantae
1469 4780 1783 4841 humilitati
1819 4804 1831 4841 :
1867 4789 2006 4853 Quis
2037 4806 2146 4861 ego

2261 4801 2350 4853 τὴν
2381 4798 2568 4856 πολλήν
2618 4796 2809 4855 ἐκείνην
2856 4800 3133 4873 συντριϐήν
3181 4812 3275 4865 τῆς
3319 4802 3563 4878 καρδίας,
3619 4812 3707 4859 καὶ
3752 4826 3848 4880 με-

506 4879 660 4929 sum,
692 4865 932 4920 domine
958 4865 1059 4929 mi,
1092 4866 1315 4935 dicens,
1343 4873 1403 4923 ut
1428 4872 1735 4929 sacerdotii
1760 4881 1983 4933 tantam
2013 4882 2149 4936 sub-

507 4965 637 5006 eam
656 4953 1146 5020 magnitudinem,
1162 4960 1214 5010 et
1229 4957 1427 5025 gravis
1441 4961 1696 5031 populus
1717 4963 1861 5019 mibi
1880 4969 2148 5026 commit-

505 5042 662 5095 tatur
685 5040 1025 5097 docendus?
1048 5042 1181 5099 Sine
1206 5059 1312 5116 per
1341 5046 1653 5113 Christum,
1670 5051 1795 5106 sine
1820 5070 1912 5109 me
1934 5058 2145 5115 acerbe

505 5143 639 5183 mea
669 5128 884 5185 deﬂere
916 5138 1178 5202 peccata.

2256 4891 2521 4958 τριότητα,
2568 4891 2656 4939 καὶ
2686 4891 2742 4938 τὸ
2787 4896 2875 4939 τοῦ
2906 4887 3124 4960 μηδενός
3155 4891 3299 4955 ἄξιον
3346 4892 3524 4946 ἑαυτὸν
3577 4897 3843 4966 ἡγεῖσθαι,

2255 4977 2317 5026 τὰ
2357 4982 2445 5027 καὶ
2500 4974 2600 5047 βίῳ
2657 4979 2870 5049 τοιούτῳ
2923 4984 3011 5031 καὶ
3058 4987 3361 5035 ταπεινώσει
3400 4987 3631 5058 τοσαύτη
3684 5006 3846 5061 προσ-

2254 5069 2463 5128 ήκοντα,
2524 5067 2652 5137 πρὸς
2705 5066 2858 5118 αὐτὸν
2912 5067 3238 5142 ἀπεκρίνατοο
3286 5077 3378 5133 Τίς
3408 5072 3513 5145 εἰμί
3566 5074 3689 5146 ἐγὼ,
3746 5079 3848 5129 Κύ-

2253 5157 2331 5225 ριέ
2381 5172 2500 5223 μου,
2555 5156 2728 5227 Κύριε,
2782 5154 2960 5226 λέγων,
3013 5160 3145 5210 ὥστε
3205 5158 3507 5215 τηλικοῦτον
3567 5164 3845 5235 ἱερωσύνης

501 5218 711 5321 μέγεθος
751 5218 978 5323 ὑπελθεῖν
1007 5226 1100 5323 xui
1135 5221 1261 5276 λαοῦ
1301 5222 1503 5299 βαρέως
1532 5223 1883 5282 διδασκαλίαν
1913 5218 2308 5309 ἐγχειρισθῆναι
2332 5258 2345 5308 ;
2373 5218 2560 5294 ίΕασον
2592 5218 2683 5295 δ
2714 5218 2964 5317 Χριστόνς
3001 5248 3150 5299 ἔασον
3176 5258 3375 5323 πικρῶς
3404 5218 3843 5308 ἀποκλαύσασθαί

503 5307 597 5367 τὰς
627 5304 853 5378 ἐμαυτοῦ
878 5308 1239 5382 πλημμελείας.

574 5394 718 5449 VIII.
770 5396 872 5451 Cui
901 5414 1105 5453 rursus
1152 5403 1466 5475 episcopus
1514 5409 1916 5480 respondens:
1974 5416 2144 5471 Recte

504 5482 896 5575 s_cio,_inquit,
919 5502 953 5540 o
978 5487 1153 5575 rchare
1174 5490 1251 5545 ﬁli
1282 5492 1543 5561 Abrami,
1577 5498 1739 5568 quod
1769 5501 1975 5569 gratia,
2004 5520 2139 5575 quae

501 5569 602 5627 tibi
628 5572 766 5629 data
791 5577 878 5629 est
902 5589 938 5630 a
964 5574 1200 5647 Spiritu,
1233 5584 1441 5651 potens
1473 5599 1533 5639 es
1564 5590 1620 5641 et
1646 5586 1839 5644 verbis
1868 5598 1923 5646 et
1950 5569 2137 5651 factis.

2326 5417 2397 5472 H'.
2444 5423 2574 5492 Πρὸς
2622 5423 2674 5473 ὅν
2727 5424 2751 5472 ὁ
2806 5421 3086 5485 ἐπίσκοπος
3130 5426 3277 5488 αὖθις
3326 5431 3411 5481 τὸν
3460 5429 3609 5502 λόγον
3652 5432 3843 5487 ἀναλα-

2251 5504 2368 5556 ϐώνο
2423 5504 2560 5559 Οἶδα
2614 5519 2808 5581 σαφῶς,
2860 5509 3003 5580 οἶδα,
3053 5518 3224 5567 τέκνον
3266 5519 3518 5587 ποθεινὸν,
3567 5520 3837 5596 Ἀϐράμιε,

2248 5595 2401 5660 εἶπεν,
2436 5596 2506 5659 ὡς
2548 5604 2610 5669 τῇ
2649 5595 2900 5677 δεδομένη
2954 5621 3037 5657 σοι
3065 5606 3209 5680 παρὰ
3254 5612 3346 5659 τοῦ
3401 5595 3699 5683 Πνεύματος
3736 5615 3838 5684 χά-
