4110 6272
199 224 279 278 53
1584 232 1745 289 VlTA
1783 232 1844 288 S.
1885 232 2208 292 ABBAMII.
3497 242 3567 300 54

197 366 314 421 ριτι
365 344 589 409 δυνατός
629 347 679 401 εἷ
710 351 799 402 καὶ
849 347 1028 420 λόγοις
1076 356 1165 405 καὶ
1212 355 1494 427 πράγμασι
1530 373 1542 386 ·

200 435 509 509 ἀποκνήσῃς
566 438 697 510 ἔργῳ
782 440 1012 492 καθεῖναι
1083 446 1295 506 σαυτὸν,
1374 446 1639 508 τοσαύτης
1723 449 1810 518 μεν

199 527 397 599 ψυχῶν
450 525 689 598 ὠφελείας
746 526 914 599 αἰτίῳ,
1000 533 1223 600 μεγάλας
1278 528 1335 584 δε
1389 538 1479 585 καί
1532 554 1615 587 σοι
1672 540 1813 608 παρὰ

204 623 343 671 Θεοῦ
386 615 714 691 προξενοῦντι
756 618 852 679 τὰς
901 614 1214 680 ἀντιδόσεις.
1256 619 1314 672 Ὁ
1363 618 1422 674 δὲ
1476 630 1586 684 τοῖς
1637 629 1813 697 προτέ-

200 726 335 782 ροις,
361 705 610 778 ἓπιμένων
658 710 749 758 καὶ
778 708 853 758 ἔτι
885 722 899 736 ⁸
940 705 1150 773 Ἔασον,
1198 706 1350 772 αὖθις
1386 713 1688 786 παρακαλῶ,
1732 717 1813 766 ἔα-

206 815 321 865 σον,
354 794 506 867 ἔλεγε,
540 796 606 847 τὰ
636 794 802 847 οἰκεῖα
844 797 1103 869 θρηνῆσαι
1140 801 1293 852 κακά.
1331 805 1430 853 Καὶ
1462 803 1512 862 ὅς
1541 802 1810 855 ύπολαϐὼν

204 881 544 959 δριμυτέροις
586 884 742 937 αύτόν
774 884 1013 957 ἠμείϐετο
1038 886 1208 957 λόγοις
1252 905 1265 919 ·
1297 885 1439 942 Ἰδού
1490 886 1557 948 δὴ
1592 895 1809 963 κόσμον,

202 973 387 1045 λέγων,
443 976 532 1025 καὶ
588 975 653 1025 τὰ
706 980 799 1025 τοῦ
852 976 1053 1046 κόσμου
1103 976 1419 1048 καταλιπὼν,
1474 983 1564 1030 καὶ
1618 984 1671 1031 τί
1723 983 1812 1050 μεν

203 1063 301 1117 οῦκ
341 1061 584 1123 ἀσκήσας
626 1061 906 1130 ἐπαινετόν,
960 1069 1114 1126 ποίας
1164 1062 1223 1118 δὲ
1266 1076 1365 1118 τῶν
1404 1076 1499 1120 τοῦ
1553 1076 1686 1121 Θεοῦ
1736 1067 1811 1120 ἐν·

201 1151 364 1205 τολῶν
427 1157 498 1224 μὴ
550 1151 713 1224 φύλαξ
769 1151 1041 1224 ἀναφανεὶς
1098 1153 1491 1227 ἀκριϐέστατος,
1548 1159 1606 1208 τό
1660 1158 1813 1228 κεφά-

200 1240 349 1294 λαιον
388 1241 481 1294 ούκ
520 1237 624 1293 οἶδ’
668 1242 807 1302 ὅπως
840 1241 1010 1302 ἔλαθες
1056 1243 1363 1314 παραλιπὼν
1413 1249 1505 1303 τὴν
1558 1246 1829 1311 ὑπακοήνς

202 1332 412 1383 Τούτων
443 1327 670 1389 ἀκούσας
718 1330 743 1381 6
769 1331 1043 1402 μακάριος,
1075 1334 1191 1391 τοὺς
1253 1330 1544 1403 ὀφθαλμοὺς
1574 1329 1816 1403 δακρύων

203 1419 564 1481 ὑποπλησθεὶς
618 1423 704 1471 καὶ
750 1416 816 1478 δή
863 1439 916 1471 τι
973 1421 1220 1483 στενάξας
1275 1419 1413 1493 βαθὺ
1457 1426 1545 1472 καὶ
1602 1423 1814 1494 ὑπόθερ-

204 1528 301 1581 μον
353 1525 366 1538 ·
405 1513 504 1561 Καὶ
546 1512 626 1570 τίς
672 1508 778 1580 εἰμι
825 1508 946 1580 ἐγὼ,
986 1510 1130 1583 κύριέ
1176 1528 1297 1581 μου,
1330 1512 1491 1581 κύριε,
1549 1514 1699 1581 φησὶ,
1736 1511 1818 1561 ἵνα

204 1602 299 1649 καὶ
344 1594 493 1658 αὖθις
547 1595 783 1649 ἀναλάϐω
814 1599 880 1649 τὰ
927 1596 1190 1670 εἰρημένα,
1236 1599 1313 1649 ὅτι
1364 1600 1621 1659 τοιούτοις
1661 1600 1815 1669 ἔσχες

1597 361 1670 429 μὴ
1722 356 1810 410 οὖν
1839 357 1887 412 Α
1922 360 1999 415 Ne
2029 375 2168 429 ergo
2199 360 2568 419 dubitaveris
2599 363 2678 420 ad
2703 379 2923 421 munus
2943 364 3246 432 accedere,
3276 364 3434 437 quod
3462 365 3570 422 erit

1920 448 2165 519 quidem
2187 465 2372 506 causa
2396 455 2571 507 tantae
2596 453 2936 509 animarum
2986 452 3273 519 utilitatis,
3306 470 3565 527 magnas

1922 542 2120 593 autem
2148 540 2312 610 apud
2330 543 2513 596 Deum
2544 541 2644 597 tibi
2670 542 3011 599 conciliabit
3036 543 3564 600 remunerationes.

1923 626 2019 681 llle
2045 643 2184 683 vero
2205 644 2588 700 perseverans
2616 632 2678 686 in
2709 630 3011 703 prioribus
3040 646 3054 687 :
3084 631 3221 689 Sine
3249 647 3416 701 rogo,
3441 647 3570 688 rur-

1922 732 2021 771 sus
2048 715 2291 782 dicebat,
2316 719 2441 774 sine
2471 734 2563 775 me
2590 718 2749 775 mala
2766 720 3009 792 propria
3031 720 3270 778 deﬂere.
3294 720 3394 776 Ille
3425 735 3568 778 vero

1921 805 2313 875 respondens,
2346 806 2674 863 acrioribus
2704 824 2842 864 eum
2886 808 3084 864 verbis
3115 810 3366 881 excepit,
3400 811 3568 875 Ecce,

1921 890 2140 957 dicens,
2164 909 2300 948 cum
2321 898 2378 950 et
2395 895 2711 962 mundum,
2730 902 2785 952 et
2806 912 2940 968 quae
2967 896 3175 952 mundi
3202 901 3344 952 sunt
3362 896 3571 953 omnia

1921 980 2249 1052 reliqueris,
2276 988 2332 1038 et
2372 983 2517 1054 quid
2550 999 2670 1040 non
2694 983 2998 1040 laudabile
3025 984 3272 1056 quidem
3300 1000 3573 1041 exercue-

1923 1067 2023 1133 ris,
2049 1069 2358 1141 quodnam
2386 1075 2582 1127 autem
2616 1071 2716 1128 Dei
2746 1077 3108 1143 praeceptum
3141 1087 3264 1127 non
3293 1075 3571 1128 accurate

1925 1158 2274 1219 servaveris.
2290 1157 2350 1212 id
2367 1159 2527 1229 quod
2541 1160 3032 1231 estpraecipuum,
3051 1160 3250 1216 nescio
3264 1159 3572 1231 quomodo

1926 1245 2266 1316 imprudens
2291 1249 2733 1319 praetermisisti,
2755 1264 2972 1321 nempe
2989 1249 3412 1306 obedientiam.
3440 1251 3573 1307 Ηωο

1927 1349 2061 1389 cum
2085 1334 2178 1389 ille
2205 1336 2490 1391 audiisset
2512 1338 2570 1391 B.
2598 1336 2936 1403 Abramius,
2963 1338 3170 1394 oculos
3202 1336 3466 1394 suffusus
3491 1338 3574 1395 la-

1926 1424 2169 1493 crymis,
2196 1429 2252 1480 et
2295 1440 2369 1479 ex
2400 1425 2521 1481 imo
2574 1425 2829 1495 graviter
2882 1426 3230 1498 suspirans:
3266 1426 3408 1493 Quis
3462 1442 3574 1500 ego

1928 1528 2087 1575 sum,
2109 1511 2372 1577 domine,
2399 1513 2644 1569 domine
2675 1515 2775 1579 mi,
2803 1515 2994 1587 inquit
3019 1516 3109 1584 (ut
3156 1530 3363 1571 rursus
3411 1531 3576 1587 repe-

1929 1603 2045 1654 tam
2076 1614 2166 1663 ea,
2199 1616 2332 1672 quae
2362 1601 2521 1657 dicta
2551 1602 2733 1674 sunt),
2770 1607 2832 1658 ut
2878 1602 2952 1658 de
3007 1617 3103 1658 me
3152 1602 3329 1659 talem
3382 1617 3604 1675 suscey

204 1691 327 1761 περὶ
380 1685 504 1758 ἐμοῦ
548 1685 832 1758 λογισμοὺς
892 1691 983 1737 καὶ
1030 1686 1193 1748 οὕτως
1244 1687 1386 1748 ὅλαις
1435 1692 1625 1761 χερσὶν
1680 1685 1812 1739 ἀνελ-

1930 1688 2085 1759 peris
2115 1689 2552 1758 cogitationem,
2581 1698 2637 1746 et
2655 1707 2770 1756 me,
2792 1691 2897 1764 qui
2925 1706 3060 1747 sum
3079 1690 3208 1745 vilis
3233 1696 3289 1747 et
3309 1689 3577 1763 abjectus

204 1778 369 1828 κύσαι
422 1795 485 1847 με
540 1774 840 1847 φιλονεικείς
896 1778 1026 1848 πρὸς
1080 1774 1385 1833 τηλικοῦτον
1436 1775 1567 1847 ὕψος
1620 1775 1814 1849 ἀρχῆς,

205 1868 295 1917 τὸν
349 1863 522 1923 εύτελῆ
565 1868 654 1917 καὶ
706 1862 1085 1938 ἀπερριμίνον;
1139 1869 1239 1917 Καὶ
1288 1865 1313 1915 6
1358 1864 1646 1927 ἐπίσκοπος
1680 1882 1693 1895 '
1744 1866 1818 1917 Δι’

206 1955 310 2021 ὅτι,
368 1958 547 2025 φησιν,
586 1954 611 2005 6
641 1954 731 2025 μεν
784 1952 946 2023 ἑαυτῷ
989 1957 1125 2024 μόνῳ
1184 1953 1286 2013 ζῶν
1338 1958 1427 2005 καὶ
1479 1958 1611 2024 μόνα
1656 1953 1820 2015 καλῶς

205 2045 343 2103 ὅπως
406 2044 525 2113 ἔχοι
580 2044 647 2094 τὰ
697 2041 815 2094 καθ’
873 2041 1052 2094 ἑαυτὸν
1111 2049 1391 2114 μεριμνῶν,
1452 2041 1614 2111 ἐαυτῷ
1680 2046 1818 2114 μόνῳ

204 2138 466 2205 περιποιεῖ
514 2135 608 2189 τὴν
664 2130 959 2202 ὠφέλειανς
1011 2134 1081 2182 T6
1123 2128 1181 2183 δε
1233 2134 1321 2182 καὶ
1374 2132 1440 2182 τὰ
1488 2139 1587 2183 τῶν
1654 2130 1817 2183 ἄλλων

206 2219 523 2294 ἐπανορθοῦν
566 2223 655 2272 καὶ
686 2218 873 2291 ψυχῶν
922 2218 1211 2291 ἐπιμέλειαν
1253 2219 1655 2284 πεπιστεῦσθαι,
1698 2222 1818 2272 ὅσον

207 2313 319 2382 ἕχεί
367 2312 427 2361 τὸ
474 2306 657 2383 κέρδος
688 2312 778 2360 καὶ
837 2309 1012 2361 ὁποῖον
1062 2306 1269 2379 ἀγάπης
1317 2305 1512 2379 δεῖγμα
1548 2316 1642 2370 τῆς
1690 2311 1819 2381 πρὸς

208 2402 359 2465 Θεὸν,
394 2403 484 2451 καὶ
524 2399 657 2458 ὃπως
700 2397 915 2459 ἁπάσης
970 2395 1082 2449 ἐστὶ
1130 2396 1307 2470 μεῖζον
1353 2406 1443 2458 τῆς
1500 2400 1630 2471 πρὸς
1662 2397 1817 2449 αὐτὸν

210 2490 507 2561 θεραπείας,
553 2487 706 2539 αύτὸν
758 2486 945 2539 ἐκεῖνόν
991 2505 1075 2538 σοι
1128 2488 1314 2537 τούτου
1364 2486 1655 2560 παρέξομαι
1681 2487 1819 2560 μάρ-

448 2597 473 2627 ιι
508 2575 565 2629 Εἰ
626 2578 728 2649 γὰρ
784 2574 945 2647 φιλεῖς
994 2594 1075 2647 με,
1130 2578 1306 2647 Πέτρε,
1370 2579 1519 2646 φησὶ,
1578 2578 1820 2646 ποίμαινε

206 2669 276 2718 τὰ
327 2665 565 2741 πρόϐατά
622 2685 743 2737 μου.
796 2684 825 2716 »
882 2663 1043 2716 Ὧστε
1092 2671 1340 2716 τοσοῦτον
1392 2664 1531 2735 μέλει
1579 2672 1691 2733 Θεῷ
1723 2673 1818 2726 τῆς

206 2596 343 2649 τυρα
376 2594 388 2606 ⁸

207 2764 309 2807 τῶν
349 2757 597 2825 ποιμνίων
655 2752 968 2825 ἐπιμελείας,
1024 2755 1093 2813 ὡς
1149 2757 1238 2804 καὶ
1290 2756 1537 2824 μέγιστον
1594 2760 1688 2813 τῆς
1745 2752 1814 2814 εἰς

210 2843 369 2895 αὐτὸν
415 2844 626 2913 ἀγάπης
658 2849 871 2913 σημεῖον
922 2845 1013 2897 τὴν
1060 2845 1179 2913 περὶ
1225 2848 1391 2891 ταῦτα
1436 2843 1631 2892 τιθέναι
1659 2837 1815 2898 κηδε-

209 2934 414 3003 μονίαν.
494 2932 772 2988 Τοιαύταις
830 2927 1147 2999 συμϐουλαῖς
1218 2946 1273 2979 τε
1341 2932 1430 2978 καὶ
1504 2929 1812 2997 ὑποθήκαις,

207 3022 469 3078 τοιούτοις
524 3019 925 3089 ὑποφωνὴμασι,
979 3017 1211 3076 πεισθεὶς
1258 3016 1284 3066 6
1335 3014 1639 3087 Ἀϐράμιος,
1688 3017 1814 3073 ἠκο-

205 3109 381 3161 λούθει
426 3110 558 3179 πρὸς
612 3110 707 3164 τὴν
746 3106 892 3157 πόλιν
946 3113 1017 3174 τῷ
1063 3103 1352 3174 ἐπισκόπῳ,
1402 3103 1643 3155 κάκείνου
1683 3102 1814 3156 τελέ-

208 3214 391 3258 σαντος
446 3194 525 3248 ἔπ’
575 3194 717 3265 αὐτῷ
766 3196 832 3245 τά
885 3192 1060 3245 εἰκότα
1112 3197 1200 3244 καὶ
1247 3192 1382 3244 οὕτω
1430 3191 1617 3244 τέλειον
1662 3191 1813 3244 αύτόν

206 3282 565 3348 ἀναδείξαντος
623 3285 779 3357 ἱερέα,
839 3283 951 3335 εἷτα
996 3286 1086 3333 καὶ
1141 3284 1235 3333 σὺν
1319 3280 1430 3353 οἶμα
1508 3286 1580 3350 τῷ
1638 3279 1812 3354 κλήρῳ

206 3378 364 3427 παντὶ
419 3378 509 3427 καὶ
556 3380 627 3444 τῷ
680 3372 787 3443 λαῷ
839 3379 1020 3424 τοῦτον
1058 3369 1479 3444 προπέμψαντος,
1535 3373 1629 3428 τὴν
1681 3388 1812 3441 προ-

1930 1776 2011 1831 sic
2042 1782 2166 1834 tota
2197 1794 2378 1833 manu
2401 1778 2729 1835 contendas
2751 1780 3041 1835 attrahere
3063 1780 3135 1835 ad
3155 1784 3381 1835 tantam
3400 1779 3575 1835 virtu-

1929 1865 2000 1920 tis
2053 1866 2425 1923 altitudinem
2450 1868 2478 1923 ?
2508 1868 2830 1939 Episcopus
2871 1873 3070 1924 autem
3099 1884 3113 1923 :
3147 1868 3457 1934 Quoniam,
3489 1867 3579 1924 in-

1929 1954 2076 2026 quit,
2103 1954 2203 2027 qui
2235 1956 2347 2010 sibi
2378 1956 2623 2028 quidem
2656 1956 2766 2012 soli
2798 1956 2961 2026 vivit,
2989 1961 3047 2013 et
3077 1956 3273 2013 solum
3298 1961 3483 2021 curat,
3516 1960 3579 2013 ut

1930 2058 2021 2098 res
2044 2059 2166 2099 suae
2194 2049 2351 2099 recte
2382 2060 2441 2099 se
2465 2044 2738 2111 habeant,
2768 2044 2879 2100 sibi
2912 2044 3019 2100 soli
3050 2050 3220 2116 parat
3251 2044 3577 2101 utilitatem.

1928 2131 2090 2188 Alios
2128 2136 2327 2189 autem
2357 2134 2648 2203 corrigere
2688 2138 2743 2188 et
2784 2132 3124 2189 animarum
3169 2132 3282 2189 sibi
3334 2132 3580 2190 credita-

1928 2237 2063 2276 rum
2092 2237 2298 2277 curam
2322 2236 2543 2291 gerere,
2561 2225 2855 2293 quantum
2877 2220 3060 2277 habet
3084 2220 3579 2290 emolumentum,

1930 2315 1986 2366 et
2015 2314 2308 2381 quantum
2335 2308 2638 2366 charitatis
2663 2310 2722 2365 in
2757 2313 2943 2365 Deum
2981 2308 3284 2375 indicium,
3316 2313 3374 2365 et
3413 2308 3581 2381 quod

1929 2397 1990 2453 id
2021 2397 2093 2452 sit
2126 2398 2323 2467 majus
2349 2399 2561 2470 quovis
2583 2396 2697 2453 alio
2726 2398 2887 2454 cultu
2917 2398 3203 2454 Creatoris
3232 2402 3288 2454 et
3319 2396 3575 2463 Domini,

1933 2486 2235 2541 adducam
2267 2486 2363 2541 tibi
2384 2486 2539 2541 illius
2571 2485 2756 2558 ipsius
2785 2486 3192 2543 testimonium
3225 2502 3238 2541 :
3270 2505 3298 2537 «
3331 2486 3387 2543 Si
3418 2486 3579 2542 enim

1930 2574 2132 2644 diligis
2182 2591 2295 2640 me,
2344 2577 2522 2641 Petre,
2575 2574 2791 2647 inquit,
2829 2591 3010 2646 pasce
3052 2590 3197 2631 oves
3238 2590 3400 2631 meas
3441 2576 3504 2630 η.
3548 2593 3573 2625 υ

1930 2664 2323 2730 Quamobrem
2354 2666 2470 2719 Deo
2489 2668 2664 2719 tantae
2692 2668 2832 2721 sunt
2856 2679 3013 2719 curm
3043 2678 3270 2734 greges,
3300 2667 3364 2719 ut
3391 2663 3580 2719 maxi-

1928 2769 2095 2809 mum
2136 2753 2375 2825 signum
2412 2752 2473 2808 in
2511 2752 2708 2823 ipsum
2740 2751 3095 2819 dilectionis,
3123 2766 3331 2807 eorum
3369 2767 3576 2807 curam

1927 2857 2057 2897 esse
2082 2846 2315 2897 statuat.
2346 2840 2586 2897 Talibus
2617 2838 2897 2906 consiliis,
2926 2840 3166 2895 monitis
3197 2844 3253 2895 et
3289 2840 3577 2897 sermoni-

1925 2930 2038 2985 bus
2067 2945 2387 3001 persuasus
2419 2929 2731 2986 Abramius
2760 2929 3111 3001 episcopum
3142 2928 3217 2983 ad
3246 2926 3459 2983 urbem
3489 2933 3577 2984 est

1926 3024 2181 3073 secutus.
2204 3018 2495 3089 Cumque,
2514 3017 2607 3073 ille
2632 3018 2691 3072 in
2708 3018 2854 3090 ipso,
2874 3033 3008 3090 quae
3028 3032 3137 3087 par
3153 3021 3296 3080 erat,
3316 3015 3575 3089 peregis-

1927 3110 2035 3168 set,
2061 3111 2113 3161 et
2143 3105 2227 3160 sic
2251 3121 2389 3159 eum
2421 3105 2744 3174 perfectum
2789 3110 3046 3161 creasset
3093 3105 3488 3169 sacerdotem,
3516 3108 3573 3161 et

1925 3193 2142 3248 deinde
2172 3208 2308 3248 cum
2339 3197 2457 3248 toto
2485 3193 2640 3248 clero
2671 3199 2727 3248 et
2756 3195 2985 3264 populo
3026 3209 3161 3248 eum
3204 3192 3569 3255 deduxisset.

1927 3281 2288 3354 propositam
2310 3280 2470 3336 illinc
2491 3280 2642 3337 viam
2662 3280 2806 3345 iniit,
2824 3280 3279 3336 multasinterim
3314 3280 3571 3336 fundens

1924 3369 2239 3442 lacrymas,
2268 3374 2325 3425 et
2348 3385 2676 3441 supernum
2704 3369 2991 3425 invocans
3016 3368 3321 3425 auxilium.

204 3467 442 3534 κειμένην
477 3462 662 3516 ἐκεῖθεν
706 3458 831 3514 ὁδόν
879 3462 1094 3534 ἣρχετο,
1144 3458 1306 3511 πολλά
1348 3458 1542 3531 μεταξὺ
1592 3454 1800 3531 δάκρυα
1829 3461 1967 3530 χέων
2006 3464 2095 3512 καὶ
2125 3463 2216 3518 τὴν
2256 3457 2444 3511 ἄνωθεν
2482 3458 2647 3533 ῥοπήν
2701 3476 2753 3511 τε
2790 3462 2881 3511 καὶ
2936 3460 3249 3530 συμμαχίαν
3300 3455 3571 3509 έπεκαλού·

252 3572 379 3614 ενος.

209 3574 379 3625 μενος.

284 3641 362 3697 ϐ’.
394 3645 662 3712 Γενόμενος
695 3636 753 3692 δε
806 3640 942 3691 κατὰ
991 3641 1083 3695 τὴν
1127 3642 1305 3708 κώμην
1348 3641 1438 3689 καὶ
1483 3639 1678 3694 ταύτην
1708 3638 1808 3689 ὑπὸ

211 3729 370 3804 βαθεῖ
416 3734 586 3801 σκότῳ
633 3737 725 3789 τῆς
772 3726 1010 3789 ἀσεϐείας
1063 3730 1299 3797 κειμένην
1349 3724 1674 3790 καταλαϐων,
1720 3734 1809 3782 καὶ

208 3821 236 3872 ὅ
291 3839 420 3892 φησι
462 3821 487 3871 6
539 3820 667 3879 θεῖος
699 3817 918 3883 Παῦλος,
950 3838 977 3866 ι(
1018 3820 1122 3874 Τὴν
1154 3822 1244 3867 τοῦ
1294 3821 1606 3885 Μονογενοῦς
1651 3810 1809 3876 δόξαν

207 3908 259 3961 ἐν
321 3910 612 3981 ὁμοιώματι
659 3907 891 3978 γλυπτοῦ
949 3904 1321 3976 ἀλλαξαμένην,
1381 3924 1407 3954 »
1462 3910 1682 3955 τοιαῦτα
1737 3912 1808 3974 τῷ

208 4006 324 4068 Θεῷ
381 3996 427 4049 ἐν
488 3994 734 4068 συντριϐῇ
822 3990 1044 4068 καρδίας
1135 3995 1493 4065 προσηύχετσ
1574 3996 1810 4045 Δέσποτα

208 4087 550 4160 φιλάνθρωπε,
587 4086 785 4158 Χριστε
828 4084 854 4135 6
903 4086 1052 4147 Θεὸς,
1105 4085 1130 4134 ὀ
1179 4086 1331 4150 μόνος
1386 4080 1593 4153 ἀγαθὸς,
1649 4083 1674 4132 6
1714 4086 1804 4153 μό-

205 4195 294 4237 νος
351 4174 643 4238 ἀνεξίκακος
703 4174 728 4225 6
788 4177 941 4244 μόνος
998 4171 1239 4243 ἐλεήμων,
1306 4172 1331 4222 6
1398 4174 1484 4222 τόν
1541 4169 1808 4244 ἄνθρωπον

209 4265 389 4338 ἀφάτῳ
451 4264 817 4335 εύσπλαγχνίᾳ
882 4259 1307 4334 δημιουργήσας,
1381 4261 1406 4311 6
1466 4264 1655 4319 συνιεὶς
1734 4259 1810 4320 εἰς

206 4358 379 4410 πάντα
422 4358 485 4407 τά
538 4356 664 4426 ἔργα
711 4352 871 4403 αὐτοῦ
924 4356 1011 4402 καὶ
1069 4346 1294 4421 καρδίας
1334 4353 1423 4400 καὶ
1462 4352 1671 4421 νεφρούς
1696 4347 1806 4401 ἐτά-

212 4447 316 4507 ζων
345 4443 435 4496 καὶ
471 4448 739 4514 γινώσκων
772 4444 889 4500 τοὺς
924 4436 959 4492 δ
965 4439 1300 4510 ιαλογισμούς
1348 4437 1525 4501 αὐτοῦ,
1559 4442 1629 4509 μὴ
1679 4458 1809 4512 παρ-

214 4530 338 4607 ίδῃς
380 4535 437 4585 τὸ
470 4535 559 4585 σὸν
588 4530 826 4602 πλάσμα,
860 4531 917 4581 τό
947 4536 1040 4590 τῆς
1068 4537 1167 4589 σῆς
1212 4530 1395 4601 χειρός
1427 4524 1811 4600 δημιούργημα

210 4632 381 4684 κακῶς
449 4623 550 4673 ύπό
629 4626 720 4671 τοῦ
782 4626 966 4677 νοητοῦ
1041 4619 1193 4692 θηρὸς
1267 4615 1631 4687 ἀπολλύμενον·
1702 4615 1807 4668 ἀλλ’

1994 3637 2093 3691 ΙΧ.
2137 3639 2284 3693 Cum
2314 3640 2512 3691 autem
2540 3634 2796 3691 venisset
2820 3635 2883 3690 in
2912 3634 3132 3700 vicum,
3160 3638 3216 3691 et
3242 3650 3379 3690 cum
3409 3634 3570 3691 inve-

1921 3726 2109 3782 nisset
2128 3725 2418 3796 jacentem
2450 3724 2510 3778 in
2550 3723 2864 3794 profundis
2914 3724 3173 3779 tenebris
3218 3723 3564 3795 impietatis,

1920 3818 1979 3870 et
1995 3817 2059 3869 ut
2070 3814 2212 3869 dicit
2224 3813 2464 3868 divinus
2479 3811 2763 3881 Paulus“,
2782 3817 2838 3868 et
2854 3812 3112 3868 Gloriam
3133 3811 3423 3883 Unigeniti
3438 3828 3567 3867 mu-

1919 3910 2104 3960 tatam
2125 3903 2186 3958 in
2204 3900 2650 3957 similitudinem
2673 3900 3029 3971 sculptilis,»
3052 3900 3139 3956 sic
3159 3903 3343 3957 Deum
3368 3915 3568 3971 preca-

1918 3993 2097 4048 batur
2133 3992 2195 4047 in
2241 3990 2591 4047 contritione
2630 3988 2825 4045 cordis
2858 4006 2870 4045 :
2906 3989 3167 4059 Benigne
3213 3994 3269 4044 et
3306 3989 3567 4045 clemens

1919 4082 2173 4137 Domine
2199 4079 2421 4135 Christe
2450 4081 2620 4142 Deus,
2654 4078 2754 4149 qui
2784 4094 2848 4134 es
2888 4077 3051 4134 solus
3100 4077 3316 4143 bonus,
3348 4077 3452 4150 qui
3506 4093 3567 4133 es

1920 4169 2079 4224 solus
2108 4168 2368 4239 patiens,
2400 4167 2503 4238 qui
2533 4181 2596 4220 es
2627 4166 2791 4221 solus
2828 4166 3179 4232 misericors,
3219 4166 3324 4237 qui
3353 4165 3567 4222 creasti

1918 4256 2224 4312 hominem
2242 4254 2611 4324 benignitate
2626 4253 2933 4321 ineffabili,
2948 4258 3052 4326 qui
3071 4253 3345 4325 intelligis
3361 4255 3567 4311 omnia

1919 4360 2100 4418 opera
2122 4347 2271 4415 ejus,
2296 4348 2352 4400 et
2368 4343 2548 4399 corda
2569 4348 2625 4399 et
2645 4357 2817 4397 renes
2839 4342 3170 4409 examinas,
3211 4348 3269 4399 et
3292 4342 3567 4413 intelligis

1919 4434 2047 4508 ejus
2073 4433 2462 4503 cogitationes
2495 4446 2506 4485 :
2540 4447 2614 4486 ne
2645 4430 2940 4502 despicias
2991 4436 3159 4487 tuum
3188 4431 3563 4501 ﬁgmentum.

1918 4539 2070 4594 opus
2087 4526 2327 4578 tuarum
2352 4536 2666 4585 manuum,
2681 4521 2842 4592 quod
2858 4521 3014 4578 male
3029 4526 3274 4577 necatur
3291 4536 3328 4577 a
3343 4520 3564 4585 bellua,

1918 4628 2051 4684 quae
2080 4610 2401 4682 percipitur
2428 4608 2811 4679 intelligentia
2844 4627 2856 4667 :
2894 4609 2997 4664 sed
3030 4609 3212 4665 libera
3267 4625 3368 4665 cos
3399 4626 3435 4665 a
3479 4615 3568 4683 ty-

213 4712 382 4776 έξελοῦ
434 4711 617 4770 αύτούς
656 4716 750 4769 τῆς
804 4716 896 4760 τοῦ
953 4706 1149 4779 ἐχθροῦ
1207 4702 1517 4778 τυραννίδος
1574 4710 1663 4758 καὶ
1720 4702 1810 4766 δός

1924 4698 2167 4756 rannide
2197 4697 2439 4761 inimici,
2466 4702 2523 4753 et
2546 4696 2625 4753 da
2650 4698 2730 4752 eis
2751 4695 3014 4752 veritatis
3037 4702 3152 4752 tute
3173 4698 3562 4766 agnitionem.

213 4802 393 4863 αὐτοῖς
449 4805 542 4858 τὴν
602 4805 696 4860 τῆς
765 4806 858 4857 σῆς
917 4794 1160 4857 ἀληθείας
1220 4793 1515 4867 ἐπίγνωσιν
1583 4797 1647 4846 σὺ
1707 4796 1808 4867 γὰρ

213 4888 381 4953 οἶδας,
439 4890 519 4942 ὅτι
570 4888 630 4941 ού
670 4883 832 4949 δόξης
877 4886 1037 4937 ἕνεκεν
1092 4883 1437 4958 ἀνθρωπίνης,
1481 4882 1608 4935 ἀλλὰ
1644 4902 1810 4941 σωτηυ

212 4986 326 5055 ρίας
368 4978 581 5051 ψυχῶν,
624 4979 716 5034 τὴν
753 4971 1005 5047 φροντίδα
1031 4976 1225 5030 ταύτην
1263 4977 1353 5025 καὶ
1395 4977 1487 5031 τὴν
1540 4969 1807 5024 διακονίαν

214 5065 552 5139 ἀνεδεξάμην.
630 5070 808 5117 Ταῦτα
879 5069 1152 5136 τοιγαροῦν
1235 5060 1653 5135 προσευξάμενος
1719 5064 1809 5112 καί

213 5178 328 5213 τινα
378 5166 477 5209 τῶν
533 5154 934 5225 ὑπολειφθέντων
982 5151 1142 5203 αύτοῦ
1186 5152 1477 5223 χρημάτων
1526 5151 1670 5223 παρὰ
1715 5156 1807 5200 τοῦ

215 5247 383 5322 φίλου,
514 5248 606 5300 τὴν
654 5244 848 5295 τούτων
889 5238 1086 5292 ἀνέθετο
1137 5245 1380 5311 πρόνοιαν
1435 5239 1803 5309 κομισάμενος,

215 5334 354 5391 οἷκον
411 5331 482 5387 δι’
538 5332 707 5385 αὐτῶν
763 5329 1032 5403 εύκτὴριον
1083 5326 1326 5398 ἀνεγείρει
1370 5325 1804 5398 ἐπιτερπέστατον

289 5513 333 5549 ¹¹
366 5510 515 5569 Joan
554 5523 675 5575 xxx,
706 5507 791 5561 t7.
889 5506 935 5541 ¹²
968 5507 1133 5561 Rom.
1162 5518 1200 5571 1,
1230 5504 1317 5558 23.

1916 4792 1998 4844 Tu
2019 4788 2176 4844 enim
2199 4786 2337 4853 scis,
2357 4786 2520 4858 quod
2538 4801 2655 4842 non
2672 4789 2909 4857 propter
2929 4786 3258 4841 humanam
3284 4785 3561 4856 gloriam,

1918 4877 2020 4933 sed
2036 4882 2278 4949 propter
2292 4875 2631 4932 animarum
2654 4873 2908 4930 salutem
2932 4874 3169 4945 suscepi
3187 4872 3341 4930 hanc
3360 4890 3562 4930 curam

1917 4970 1975 5022 et
2011 4966 2125 5021 hoc
2155 4964 2571 5020 ministerium.
2603 4964 2754 5022 Cum
2788 4963 2871 5017 sic
2907 4976 3048 5032 ergo
3079 4966 3235 5017 esset
3262 4970 3562 5034 precatus.

1917 5059 1973 5111 et
2012 5055 2236 5127 aliquas
2286 5052 2609 5125 accepisset
2638 5051 2944 5123 pecunias,
2976 5066 3113 5122 quas
3152 5056 3566 5109 remanserant

1916 5143 2077 5216 apud
2109 5144 2391 5209 amicum,
2420 5144 2513 5198 cui
2543 5156 2750 5197 curam
2782 5138 3163 5196 commiserat
3187 5139 3561 5206 facultatum,

1917 5248 1988 5287 ex
2010 5231 2157 5301 ipsis
2183 5230 2371 5287 eadem
2394 5229 2636 5286 exstruit
2657 5228 2979 5284 oratoriam
2993 5227 3168 5298 longe
3189 5227 3559 5299 elegantissi-

1921 5335 2102 5377 mam.
2134 5324 2452 5391 Postquam
2482 5322 2682 5373 autem
2712 5316 2946 5373 ﬁnitum
2972 5316 3081 5374 fuit
3108 5317 3451 5382 mdiﬁcium,
3477 5317 3568 5372 in-
