4110 6272
522 308 593 363 55

1887 298 1935 351 M
1945 291 2138 349 ENSIS
2182 290 2500 347 MABTIUS

520 435 836 489 cruentum
855 430 915 485 in
937 444 1007 486 eo
1024 428 1375 485 sacriﬁcium
1397 428 1516 483 Deo
1537 423 1838 485 oﬁ'erebat,
1858 427 1914 477 et
1951 418 2171 474 similes

2281 436 2333 469 τε
2360 421 2449 468 καὶ
2494 418 2862 490 χαριέστατον.
2898 411 3038 464 Ἐπεὶ
3078 404 3137 461 δὲ
3182 405 3325 468 τέλος
3354 401 3467 478 εἶχε
3495 405 3565 457 τὰ
3609 410 3712 466 τῆς
3756 403 3913 456 οἰκος-

524 520 825 594 prioribus
849 535 1053 575 rursus
1069 518 1359 573 fundebat
1380 532 1582 589 preces
1608 532 1619 572 :
1646 513 1881 584 Collige,
1898 510 2168 575 Domine,

525 610 752 678 dicens,
784 624 921 663 oves
962 613 1091 663 tuas
1122 612 1387 662 errantes
1437 606 1498 660 in
1527 605 1681 659 hanc
1734 600 2048 656 mandram
2080 613 2168 651 re-

525 702 727 753 center
754 696 1133 758 mdiﬁcatam,
1154 695 1423 766 aperiens
1446 694 1529 748 eis
1554 692 1713 746 viam
1738 689 1944 745 salutis
1970 702 2069 758 per
2092 686 2172 740 tui

526 785 913 856 agnitionem,
933 784 1005 839 ad
1032 783 1281 853 gloriam
1311 782 1393 837 tui
1424 780 1665 852 gloriosi
1694 776 1971 834 nominis.
2004 776 2084 828 Tu
2110 789 2172 829 es

526 874 686 930 enim
715 876 864 929 Deus
886 872 1047 928 solus
1072 871 1493 926 misericordiae
1513 867 2051 929 etmiserationum,
2071 861 2173 933 qui

525 978 646 1018 non
678 963 767 1017 vis
808 966 1055 1017 mortem
1089 961 1441 1032 peccatoris,
1476 960 1583 1015 sed
1614 958 1805 1027 magis
1839 961 1900 1010 ut
1930 968 2174 1009 conver-

527 1056 684 1107 tatur
721 1056 775 1106 et
805 1052 1032 1105 vivat”.
1069 1051 1209 1105 Cum
1260 1050 1369 1104 has
1409 1049 1458 1104 ei
1508 1064 1710 1119 preces
1763 1044 2089 1105 obtulisset,
2122 1043 2178 1095 et

527 1154 630 1195 cor
659 1138 868 1194 deinde
898 1138 986 1193 vir
1012 1138 1248 1208 sapiens
1294 1138 1727 1201 conﬁrmasset,
1761 1140 1817 1190 et
1842 1132 2051 1188 fuisset
2092 1145 2177 1184 re-

526 1227 720 1299 pletus
738 1226 859 1282 zelo
889 1230 946 1282 et
972 1226 1285 1295 desiderio,
1314 1226 1522 1281 obiens
1554 1230 1779 1280 statuas
1804 1223 2170 1288 daemonum,

526 1329 628 1372 eas
659 1330 865 1370 omnes
895 1313 1095 1378 diruit,
1136 1318 1191 1369 et
1219 1313 1386 1369 humi
1411 1313 1632 1377 evertit,
1666 1327 1802 1383 quae
1833 1311 2002 1364 erant
2041 1320 2173 1362 vere

527 1408 683 1461 terra
709 1404 927 1473 dignae,
961 1403 1207 1474 soloque
1228 1402 1422 1457 cinere
1453 1406 1511 1456 et
1533 1402 1789 1473 pulvere.

2282 504 2491 573 δομίας,
2546 508 2639 565 τὰς
2697 502 3047 575 ἀναιμάκτους
3100 500 3290 557 θυσίας
3341 494 3389 546 ἐν
3447 494 3588 566 αύτῷ
3645 503 3909 567 προσ-ἦγε

2280 601 2386 665 Θεῷ
2433 600 2521 647 καὶ
2572 597 2661 654 τὰς
2714 595 2898 664 ὁμοίας
2934 594 3024 641 καὶ
3073 586 3227 640 πάλιν
3277 587 3587 660 προσευχὰς
3634 584 3902 636 ἐποιεῖτο·

2282 686 2567 756 Συνάγαγε,
2617 686 2795 754 Κύριε,
2869 683 2937 732 τὰ
3004 677 3365 747 πεπλανημένα
3449 693 3544 726 σου
3619 674 3900 746 πρόϐατα,

2280 774 2459 846 λέγων,
2536 773 2608 835 εἰς
2685 776 2771 829 τὴν
2843 772 3131 823 νεόκτιστόν
3193 785 3287 818 σου
3358 766 3550 822 ταύτην
3619 760 3901 835 μάνδραν,

2283 861 2499 932 ἀνοίγων
2545 860 2720 922 αύτοῐς
2776 855 2979 911 εἴσοδον
3026 859 3290 929 σωτηρίας
3343 849 3438 906 διὰ
3485 861 3581 915 τῆς
3633 860 3731 912 σῆς
3789 852 3907 903 ἐπι-

2283 956 2535 1022 γνώσεως,
2592 950 2661 1010 εἰς
2720 946 2876 1010 δόξαν
2924 953 3016 998 τοῦ
3072 951 3165 997 σοῦ
3232 942 3501 1014 ὀνόματος·
3555 945 3622 994 σὺ
3684 943 3794 1014 γὰρ
3860 942 3911 993 εἰ

2287 1042 2411 1099 Θεὸς
2462 1044 2615 1110 μόνος
2665 1037 2829 1097 ἐλέους
2876 1040 2965 1087 καὶ
3023 1034 3325 1107 οἰκτιρμῶν,
3375 1033 3401 1082 ό
3446 1035 3515 1103 μὴ
3569 1028 3909 1103 βουλόμενος

2285 1131 2370 1180 τόν
2431 1129 2644 1179 θάνατον
2700 1135 2792 1178 τοῦ
2831 1122 3157 1197 ἀμαρτωλοῦ,
3204 1124 3273 1181 ὡς
3324 1123 3382 1172 τὸ
3436 1118 3755 1191 ἐπιστρέψαι
3802 1124 3904 1171 καὶ

2288 1220 2381 1289 ζῇν
2427 1217 2598 1270 αὐτόν.
2654 1219 2860 1277 Ταύτας
2912 1210 2998 1266 οὖν
3050 1212 3191 1281 αὐτῷ
3226 1214 3323 1270 τὰς
3368 1207 3575 1271 δεήσεις
3605 1228 3908 1282 προσενεγ-

2282 1310 2405 1369 κὼν,
2459 1302 2568 1357 εἶτα
2614 1311 2703 1358 καὶ
2733 1310 2820 1363 τὴν
2851 1299 3076 1377 καρδίαν
3107 1303 3133 1352 ὁ
3183 1304 3341 1372 σοφὸς
3379 1298 3687 1373 ἐπιρῥὼσας,
3727 1298 3904 1361 ζήλου

2283 1414 2337 1446 τε
2374 1399 2464 1446 καὶ
2519 1396 2680 1469 ὁρμῆς
2734 1394 2957 1466 ἔμπλεως
2990 1394 3208 1463 γεγονὼς
3254 1393 3345 1440 καὶ
3382 1392 3448 1441 τὰ
3483 1396 3581 1439 τῶν
3622 1384 3905 1459 δαιμόνων

529 1491 805 1564 ἀγάλματα
859 1473 1135 1563 περιελθὼν
1184 1493 1422 1565 καθαιρεῖ
1464 1492 1634 1543 πάντα
1674 1494 1763 1541 καὶ
1821 1487 1892 1549 εἰς
1919 1482 2113 1555 ἔδαφος
2170 1481 2462 1556 ἀνατρέπει,
2512 1486 2578 1535 τὰ
2622 1492 2722 1554 γῆς
2773 1482 2977 1541 ἀληθῶς
3025 1479 3149 1542 ἄξια
3204 1483 3293 1531 καὶ
3341 1473 3543 1530 σποδοῦ
3596 1480 3765 1548 μόνης
3801 1481 3906 1528 καὶ

527 1600 685 1633 κονεω
695 1602 734 1642 ς.

598 1671 666 1724 Χ.
695 1672 843 1725 Cum
865 1672 1067 1724 autem
1101 1681 1235 1740 post
1265 1668 1395 1723 haec
1427 1667 1811 1723 accessissent
1835 1664 2078 1736 quidam
2108 1677 2176 1716 ex

526 1758 887 1822 inﬁdelibus,
920 1763 983 1812 ut
1012 1757 1125 1811 illis
1160 1757 1559 1813 sacriﬁcarent
1584 1755 1810 1820 statuis,
1840 1758 1897 1810 et
1926 1769 2025 1808 eas
2056 1765 2179 1821 pre-

530 1851 818 1910 carentur,
852 1846 1257 1919 vidissentque
1302 1847 1466 1915 gravi
1511 1861 1655 1900 casu
1704 1844 2012 1907 corruisse,
2055 1858 2177 1897 non

528 1934 879 2005 ignorarunt
906 1934 1141 1990 hostem
1175 1952 1187 1989 :
1223 1933 1609 1990 manifestum
1641 1933 1799 1988 enim
1831 1936 1885 1987 et
1912 1932 2096 1987 virtus
2123 1936 2180 1988 et

533 2024 798 2079 studium
812 2024 1430 2096 arguebantutrinque
1454 2024 1831 2078 Abramium:
1854 2022 2177 2093 statimque

519 2112 813 2184 .correptis
827 2112 1004 2181 lignis
1017 2112 1136 2168 etla
1145 2112 1396 2184 pidibus,
1409 2119 1638 2185 repente
1651 2112 1709 2167 in
1726 2116 1984 2167 sanctum
2001 2111 2178 2166 irrue-

532 2206 697 2256 runt:
715 2216 821 2256 nec
835 2201 998 2272 prius
1012 2205 1469 2256 cessarunteum
1485 2208 1680 2273 petere
1697 2206 1752 2257 et
1772 2199 2177 2256 crudelissime

529 2295 856 2362 percutere,
885 2305 1069 2361 quam
1095 2306 1231 2345 eum
1265 2289 1552 2345 vidissent
1580 2290 1756 2361 plane
1782 2289 2088 2349 defecisse,
2122 2296 2177 2344 et

531 2383 854 2434 extremam
864 2379 992 2449 jam
1007 2394 1180 2448 agere
1193 2380 1447 2434 animam
1460 2383 1858 2435 .Recesserunt
1872 2379 2029 2434 enim
2041 2379 2177 2442 .exi-

533 2468 987 2522 stimanteseum
1001 2483 1141 2523 mox
1156 2484 1287 2524 esse
1306 2470 1681 2524 moriturum.
1704 2468 1798 2524 Ille
1818 2472 2016 2523 autem
2036 2484 2175 2523 cum

531 2556 685 2612 circa
700 2555 943 2610 mediam
960 2561 1176 2611 noctem
1191 2562 1481 2611 recreatus
1495 2562 1646 2611 esset
1658 2557 1732 2612 ab
1751 2557 1863 2611 illis
1877 2556 2175 2611 intoleran~

530 2640 622 2698 dis
635 2643 1065 2709 doloribus,vix
1081 2644 1322 2699 tandem
1338 2660 1606 2714 surgens,
1621 2644 1679 2699 in
1696 2643 1984 2715 templum
1999 2643 2177 2697 estin-

531 2746 769 2801 gressus
798 2746 809 2785 :
844 2735 899 2786 et
923 2747 1059 2786 cum
1088 2747 1150 2786 se
1182 2747 1438 2802 pronum
1469 2732 1636 2787 humi
1666 2731 1994 2801 dejecisset,
2027 2730 2176 2786 ﬂens

533 2820 810 2889 graviter,
835 2826 890 2875 et
929 2819 1118 2875 fronte
1165 2821 1359 2876 solum
1412 2821 1757 2883 verberans,
1787 2821 2074 2877 acerrimo
2122 2828 2178 2876 et

531 2907 799 2963 maximo
821 2909 1017 2963 studio
1041 2908 1328 2964 fundebat
1351 2906 1554 2980 preces
1580 2925 1688 2980 pro
1706 2909 1939 2965 illorum
1964 2910 2173 2976 salute,

530 3001 595 3051 ut
609 2995 966 3068 depellerent
987 2997 1561 3068 impietatisnubem,
1586 3014 1715 3069 quae
1735 3014 1835 3053 eos
1852 2999 2172 3065 detinebat,

531 3088 585 3140 et
609 3100 756 3156 pure
786 3086 1117 3156 aspicerent
1142 3084 1219 3140 ad
1249 3086 1450 3141 radios
1479 3086 1753 3141 veritatis.
1780 3090 1948 3143 Mane
1975 3093 2175 3146 autem

530 3188 666 3227 cum
696 3172 774 3226 illi
809 3172 881 3227 ad
913 3173 1199 3243 templum
1234 3174 1641 3241 accessissent,
1676 3190 1791 3231 non
1827 3177 2015 3246 gratia
2046 3193 2174 3234 ora-

533 3260 708 3314 tionis
734 3260 1059 3331 (quomodo
1089 3264 1268 3326 enim,
1301 3278 1437 3317 cum
1473 3278 1679 3317 eorum
1712 3264 1897 3319 animi
1926 3263 2173 3321 ﬂuctua-

530 3353 660 3403 rent
688 3349 884 3404 adhuc
909 3349 1035 3405 salo
1057 3350 1378 3422 impietatis
1399 3352 1447 3421 ?)
1472 3352 1573 3407 sed
1597 3352 1675 3408 ad
1692 3353 2014 3407 videndam
2037 3353 2174 3407 aedi-

528 3436 799 3492 ﬁciorum
822 3441 1179 3497 structuram
1203 3442 1520 3506 (eratenim
1544 3440 1830 3510 templum
1854 3439 2003 3494 bene
2025 3440 2173 3509 ﬁgu-

527 3529 744 3591 ratum,
772 3530 827 3581 et
845 3542 933 3591 ea,
950 3543 1073 3599 qua
1089 3543 1198 3599 par
1216 3532 1361 3591 erat,
1378 3527 1723 3599 symmetria
1740 3532 2171 3598 constructum,

527 3618 584 3669 et
607 3613 767 3685 quod
801 3614 1068 3670 animum
1096 3621 1152 3670 et
1181 3616 1387 3671 oculos
1408 3615 1547 3671 satis
1576 3620 1806 3687 poterat
1824 3616 2171 3690 laetiﬁcare),

527 3716 685 3766 cum,
707 3702 977 3773 inquam,
996 3702 1298 3757 venissent
1316 3703 1376 3758 in
1394 3704 1703 3773 templum,
1723 3710 1775 3759 et
1790 3706 2174 3764 offendissent

528 3796 803 3845 sanctum
826 3789 884 3844 in
906 3805 976 3845 eo
1000 3795 1361 3861 precantem,
1378 3790 1635 3861 priorem
1658 3807 1863 3847 rursus
1886 3795 2172 3850 saevitiam

525 3883 581 3933 et
600 3878 828 3933 rabiem
857 3877 917 3933 in
949 3894 1085 3933 eum
1116 3878 1507 3933 ostenderunt
1539 3884 1625 3935 :et
1651 3895 1787 3935 cum
1816 3896 1949 3935 eum
1970 3898 2173 3939 rursus

527 3966 707 4021 variis
731 3966 923 4022 modis
954 3970 1009 4021 et
1034 3967 1410 4023 vehementer
1441 3969 1809 4039 cecidissent,
1837 3970 2091 4026 vinculis
2119 3978 2173 4028 et

520 4052 763 4109 funibus
809 4055 970 4109 omni
1019 4070 1090 4110 ex
1134 4060 1301 4126 parte
1355 4056 1873 4128 comprehensum,
1928 4059 2173 4115 trahunt

521 4158 627 4215 per
653 4142 917 4198 medium
945 4143 1161 4210 vicum,
1193 4150 1246 4199 et
1272 4144 1331 4200 in
1359 4160 1494 4200 eum
1527 4146 1691 4201 omni
1723 4162 1793 4202 ex
1820 4152 1986 4219 parte
2026 4149 2170 4221 lapi-

521 4230 626 4286 des
647 4231 781 4285 nive
804 4231 1052 4287 cadente
1074 4232 1383 4289 densiores
1405 4234 1804 4305 conjecerunt,
1824 4236 2168 4307 ignorantes

521 4318 701 4384 stulti,
734 4335 843 4391 pro
873 4336 994 4392 qua
1023 4322 1234 4390 gratia,
1270 4338 1372 4394 pro
1402 4323 1564 4394 quali
1623 4340 1729 4391 pro
1782 4327 1920 4397 ipsis
1965 4343 2168 4397 preca-

520 4406 697 4470 tione,
727 4407 967 4478 qualem
1000 4409 1365 4465 reddiderint
1392 4411 1443 4464 ei
1474 4414 2039 4472 remunerationem.
2068 4415 2166 4471 Ille

519 4509 660 4565 ergo
688 4500 825 4551 tunc
855 4496 1093 4567 quidem
1128 4497 1203 4550 ab
1232 4497 1314 4551 eis
1343 4497 1577 4552 relictus
1620 4504 1673 4553 et
1716 4501 2161 4575 semimortuus,

510 4582 638 4653 jam
658 4599 693 4637 a
715 4583 906 4654 plagis
927 4582 1248 4638 dissolutus
1261 4590 1316 4640 et
1340 4588 1689 4656 sanguinem
1720 4589 1779 4643 in
1804 4594 2015 4645 terram
2036 4591 2165 4646 fun-

515 4670 687 4726 dens.
716 4671 862 4725 Cum
889 4676 1087 4725 autem
1111 4672 1310 4728 media
1332 4679 1500 4728 nocte
1522 4676 1596 4730 ad
1620 4692 1681 4731 se
1702 4676 1989 4743 rediisset,
2013 4680 2163 4735 dice-

513 4758 615 4814 bat
648 4776 661 4814 :
688 4759 956 4825 Domine,
984 4776 1303 4832 quousque
1335 4762 1691 4820 Oblivisceris
1718 4766 1834 4821 mei
1863 4766 1919 4822 in
1945 4766 2163 4825 ﬁnem?

514 4847 827 4919 Quousque
856 4849 1071 4904 avertis
1110 4849 1321 4904 faciem
1385 4856 1540 4906 tuam
1569 4869 1603 4908 a
1662 4871 1757 4909 me
1786 4853 1814 4909 ?
1840 4856 2160 4930 Quousque

512 4951 695 5007 Opera
708 4952 998 4993 manuum
1018 4944 1250 4992 tuarum
1268 4939 1545 5009 despicis,
1567 4958 1702 5013 quae
1720 4946 2013 5015 pereunt?
2036 4947 2161 5002 Haec

515 5025 633 5079 Deo
664 5024 919 5090 dicebat,
953 5030 1011 5080 et
1038 5026 1222 5082 verba
1254 5027 1543 5084 miscebat
1598 5030 1902 5101 lacrymis.
1936 5034 2160 5091 Deinde

511 5115 711 5167 autem
741 5114 837 5167 vix
868 5114 1111 5170 tandem
1144 5132 1174 5170 e
1205 5115 1331 5171 solo
1352 5117 1558 5186 surgit,
1592 5119 1836 5189 perinde
1868 5137 1937 5177 ac
1970 5124 2017 5178 si
2043 5140 2157 5179 non

510 5206 661 5256 esset
688 5200 990 5257 confectus
1045 5208 1127 5259 tot
1173 5204 1364 5277 plagis
1395 5211 1451 5261 et
1476 5206 1841 5277 vulneribus,
1874 5216 1929 5266 et
1957 5212 2017 5266 in
2074 5214 2160 5268 di-

509 5292 667 5343 ctum
696 5289 981 5360 templum
1007 5306 1210 5348 rursus
1235 5294 1584 5365 ingreditur.

2360 1660 2417 1714 l'.
2468 1664 2612 1714 Μετά
2665 1658 2724 1715 δὲ
2779 1669 2947 1714 ταῦτα
2992 1662 3397 1734 παραγενόμενοί
3442 1676 3571 1719 τινες
3617 1664 3716 1707 τῶν
3772 1654 3903 1706 ἀπί-

2291 1770 2421 1803 στων
2478 1759 2569 1803 τοῦ
2627 1756 2716 1804 καὶ
2774 1753 2930 1804 θῦσαι
2991 1758 3100 1810 τοίς
3153 1751 3411 1809 τοιούτοις
3465 1744 3741 1817 ἀγάλμασι
3802 1749 3899 1796 καὶ

2291 1840 2694 1911 προσεύξασθαι,
2736 1840 2826 1892 καί
2878 1848 3067 1911 πτῶμα
3119 1842 3346 1910 κείμενον
3390 1837 3621 1909 χαλεπόν
3669 1830 3895 1897 ἰδόντες,

2286 1930 2381 1982 ούκ
2436 1932 2699 2002 ἠγνόησαν
2743 1933 2829 1982 τὸν
2886 1929 3147 2001 πολέμιον’
3197 1925 3355 1987 δῆλον
3397 1928 3495 2000 γάρ
3547 1927 3578 1984 ἣ
3632 1943 3688 1976 τε
3727 1922 3893 1998 ἀρετὴ

2286 2024 2375 2071 καὶ
2429 2021 2454 2071 ό
2508 2019 2660 2080 ζῆλος
2715 2019 2917 2072 ἐποίουν
2985 2025 3260 2090 πανταχοῦ
3298 2020 3385 2069 τὸν
3438 2015 3741 2089 Ἀϐράμιον·
3801 2019 3897 2065 xui

2287 2107 2413 2171 ξύλα
2476 2114 2565 2160 καὶ
2620 2108 2789 2169 λίθους
2868 2108 3016 2169 εὐθὺς
3094 2107 3418 2180 ἁρπάσαντες
3495 2107 3632 2156 ἔθεον
3703 2104 3895 2177 ἀθρόοι

2285 2200 2420 2249 κατά
2471 2204 2560 2249 τοῦ
2604 2197 2754 2269 ἁγίου
2785 2202 2874 2250 καὶ
2918 2197 3011 2249 ούκ
3064 2196 3255 2255 ἀνῆκαν
3304 2194 3574 2268 βάλλοντες
3612 2192 3765 2245 αὐτόν
3800 2199 3895 2245 καὶ

2286 2287 2530 2357 ὠμότατα
2592 2292 2851 2352 παίοντες,
2939 2288 3031 2348 ἓως
3116 2284 3372 2346 παντελῶς
3453 2283 3895 2355 ἀπαγορεύσαντα

2286 2372 2424 2427 εἶδον
2477 2380 2727 2450 καὶπρὸς
2756 2375 2941 2437 αὐταῖς
2988 2371 3095 2433 ἤδη
3148 2382 3257 2433 ταῖς
3308 2372 3562 2444 ἐσχάταις
3611 2371 3893 2431 ἀναπνοαῖς

2284 2469 2570 2533 γενόμενον·
2629 2466 2676 2515 oi
2736 2467 2825 2537 μεν
2878 2466 2978 2539 γὰρ
3033 2463 3124 2515 οὐκ
3179 2462 3246 2523 εἰς
3300 2464 3502 2534 μακρὰν
3556 2461 3708 2513 αὑτὸν
3762 2459 3895 2513 ἀπο-

2290 2552 2555 2603 θανεῖσθαι
2605 2557 2910 2624 νομίσαντες
2955 2551 3353 2623 ἀπηλλάγησαν.
3408 2550 3466 2602 Ὀ
3520 2547 3579 2602 δὲ
3636 2554 3753 2621 περὶ
3800 2554 3893 2621 μέ-

2289 2660 2387 2701 σας
2439 2643 2624 2701 νύκτας
2675 2650 2774 2692 τῶν
2830 2640 3099 2713 ἀφορήτων
3167 2637 3365 2692 ὀδυνῶν
3423 2642 3623 2691 ἐκείνων
3685 2637 3891 2707 ἀνενεγ-

2284 2734 2406 2793 κὼν,
2470 2728 2618 2800 μόλις
2682 2732 2750 2790 ὡς
2802 2728 2941 2801 εἶχεν
3007 2731 3310 2791 ύπαναστάς
3385 2727 3618 2786 εἰσῆλθεν
3668 2726 3740 2788 εἰς
3794 2730 3888 2777 τόν

2284 2822 2403 2870 ναόν
2446 2824 2536 2871 xui
2578 2828 2745 2892 πρηνῆ
2794 2818 3095 2871 καταϐαλὼν
3128 2819 3307 2872 ἑαυτὸν
3359 2822 3448 2870 xui
3498 2819 3681 2889 πικρόν
3711 2817 3887 2867 κάτω-

2287 2908 2366 2959 θεν
2426 2906 2725 2981 ἀνοιμὼζων
2780 2914 2869 2961 xui
2918 2918 2989 2979 τῷ
3038 2914 3256 2981 μετώπῳ
3309 2911 3500 2960 τύπτον
3556 2909 3615 2958 τὸ
3667 2902 3885 2976 ἔδαφος,

2284 3004 2346 3068 τῇ
2407 2998 2685 3072 θερμότητι
2721 3002 2882 3072 ταύτῃ
2925 3002 3014 3051 καὶ
3043 3006 3102 3070 τῇ
3153 2994 3365 3069 σπουδῇ
3398 3004 3496 3047 τῶν
3528 2995 3699 3066 εὐχῶν
3752 2995 3885 3065 ὑπὲρ

2283 3091 2379 3145 τῆς
2442 3083 2644 3138 ἐκείνων
2696 3085 2951 3159 ἐκέχρητο
3009 3089 3293 3159 σωτηρίας,
3357 3086 3491 3141 ᾤστε
3546 3085 3604 3134 τὸ
3659 3085 3885 3152 κατέχον

2283 3173 2473 3234 αύτούς
2518 3184 2614 3235 τῆς
2662 3174 2901 3236 ἀσεϐείας
2954 3174 3342 3227 ἀποσείσασθαι
3390 3177 3532 3244 νέφος
3582 3176 3668 3223 xui
3718 3172 3884 3223 καθα-

2282 3270 2381 3332 ρῶς
2432 3265 2562 3334 πρὸς
2613 3264 2706 3321 τὰς
2754 3263 2920 3334 αύγάς
2959 3259 3240 3333 διαϐλέψαι
3278 3270 3367 3323 τῆς
3424 3260 3682 3321 ἀληθείας·
3731 3260 3883 3312 ἕωθεν

2287 3346 2346 3400 δε
2389 3348 2617 3401 κάκεῖνοι
2656 3358 2727 3421 τῷ
2766 3360 2871 3422 ναῷ
2923 3350 3239 3417 ἐπιστάντες,
3295 3352 3354 3403 ού
3385 3358 3692 3427 προσευχῆς
3719 3352 3882 3422 χάριν

2286 3437 2412 3507 (πῶς
2449 3440 2549 3513 γὰρ
2582 3442 2656 3491 ἔτι
2706 3447 2779 3509 τῷ
2817 3441 2955 3513 σάλῳ
3005 3450 3099 3503 τῆς
3138 3441 3387 3503 ἀπιστίας
3429 3442 3521 3502 τὰς
3563 3440 3749 3511 ψυχὰς
3789 3458 3879 3489 κυ-

2284 3532 2580 3600 μαινόμενοι
2620 3529 2677 3600 ;).
2728 3529 2855 3582 ἀλλά
2902 3533 3034 3583 κατὰ
3075 3533 3193 3584 θέαν
3238 3538 3328 3591 τῆς
3375 3539 3474 3583 τῶν
3523 3526 3879 3601 οἰκοδομημά-

2282 3636 2381 3668 των
2434 3627 2761 3680 κατασκευῆς
2822 3616 2905 3691 (ἦν
2957 3623 3057 3692 γὰρ
3104 3622 3129 3671 ό
3167 3622 3287 3680 ναὸς
3336 3624 3616 3691 σχήματος
3645 3614 3697 3670 εὖ
3741 3620 3874 3688 ἔχων

2282 3710 2371 3757 xui
2405 3711 2750 3781 συμμετρίας,
2782 3713 2868 3760 xui
2903 3709 3089 3781 ψυχὴν
3133 3710 3245 3781 ἅμα
3290 3713 3377 3761 καὶ
3427 3706 3720 3781 ὀφθαλμοὺς
3768 3708 3875 3758 ἱκα-

2281 3803 2378 3855 νῶς
2426 3795 2707 3867 εὐφραίνειν
2766 3794 3096 3870 δυνάμενος)·
3149 3798 3198 3850 ἐν
3255 3807 3326 3869 τῷ
3377 3807 3481 3870 ναῷ
3526 3802 3695 3850 τοίνυν
3732 3800 3876 3868 γενό-

2282 3902 2443 3954 μενοι,
2491 3890 2580 3937 xui
2632 3889 2720 3937 τόν
2769 3888 2916 3957 ἅγιον
2969 3888 3248 3959 εὐχόμενον
3304 3887 3351 3939 ἐν
3379 3888 3519 3959 αύτῷ
3564 3885 3871 3939 καταλαϐόν·

2283 3990 2382 4035 τες,
2442 3977 2535 4030 τὴν
2582 3979 2833 4048 προτέραν
2895 3972 3042 4036 αὖθις
3092 3977 3339 4047 ὠμότητα
3388 3982 3478 4029 xui
3550 3976 3749 4028 λύσσαν
3809 3974 3874 4035 εἰς

2282 4060 2434 4112 αὑτὸν
2466 4059 2810 4129 ἐπεδείξαντο,
2865 4070 2954 4117 καὶ
2999 4065 3328 4138 πολυτρόπως
3370 4070 3456 4118 τόν
3510 4062 3680 4140 ἄνδρα
3723 4066 3871 4119 πάλιν

2280 4154 2368 4201 καὶ
2421 4147 2660 4225 σφοδρῶς
2712 4153 3061 4225 αἰκισάμενοι,
3120 4152 3335 4227 δεσμοῖς
3383 4175 3437 4208 τε
3492 4158 3737 4208 πάντοθεν
3787 4162 3873 4209 xui

2282 4244 2542 4311 σχοινίοις
2590 4239 2951 4309 ἀπολαϐόντες,
3010 4242 3103 4297 διὰ
3152 4250 3319 4317 μέσης
3358 4244 3520 4299 εἷλκον
3574 4254 3668 4307 τῆς
3698 4252 3875 4318 κώμης

2276 4333 2365 4380 καὶ
2410 4328 2586 4391 λίθους
2643 4328 2721 4382 ἐπ’
2783 4332 2939 4384 αὐτόν
2987 4336 3313 4405 πανταχόθεν
3369 4342 3553 4408 νιφετῷ
3607 4335 3874 4409 παραπλη-

2279 4422 2423 4480 σίους
2471 4419 2691 4491 ἠφίεσαν
2722 4420 3023 4492 ἀγνοοῦντες
3076 4422 3260 4485 ἡλίκης
3304 4427 3352 4476 οἱ
3390 4427 3603 4497 μάταιοι
3631 4427 3871 4498 χάριτος,

2274 4507 2385 4567 οἵας
2437 4509 2561 4580 ὑπὲρ
2621 4509 2790 4561 αὐτῶν
2846 4511 3033 4582 εὐχῆς,
3090 4515 3198 4572 οῖας
3247 4511 3470 4585 ἀμοιϐὰς
3524 4511 3869 4569 ἀπεδίδοσαν.

2193 4643 2238 4697 D
2274 4590 2495 4658 Ἐκεῖνος
2546 4603 2713 4649 τοίνυν
2769 4603 2883 4650 τότε
2937 4604 3025 4671 μὲν
3083 4603 3344 4673 ἡμιθανὴς
3400 4604 3487 4655 ὑπ’
3540 4603 3706 4655 αὐτῶν
3753 4623 3874 4656 κατ-

2274 4683 2498 4755 ελείφθη,
2534 4686 2860 4758 ἐκλελυμένος
2908 4689 3007 4741 ὑπὸ
3055 4698 3154 4741 τῶν
3182 4691 3389 4764 πληγῶν
3419 4689 3526 4751 ἤδη
3563 4698 3653 4745 καὶ
3682 4692 3874 4768 καταῤ-

2271 4773 2395 4847 ῥέων
2454 4774 2537 4825 ἐπὶ
2594 4780 2688 4832 τὴν
2741 4784 2859 4846 γῆν.
2914 4776 3059 4832 Ἐπεὶ
3113 4777 3171 4832 δὲ
3237 4777 3297 4838 ἦν
3342 4780 3397 4832 ἐκ
3452 4785 3623 4853 μέσων
3679 4791 3869 4834 νυκτῶν

2273 4859 2541 4933 ἀνανήψας
2596 4868 2687 4915 xui
2757 4866 2931 4940 ὥσπερ
3014 4867 3064 4918 ἐν
3156 4868 3322 4939 ἑαυτῷ
3390 4875 3674 4943 γενόμενος·
3749 4871 3868 4933 Ἕως

2270 4955 2415 5016 πότε,
2470 4953 2649 5025 Κύριε,
2734 4955 2917 5025 ἔλεγεν,
2976 4956 3201 5030 ἐπιλήσῃ
3285 4977 3385 5029 μου
3439 4960 3506 5020 εἰς
3560 4959 3721 5028 τέλος,
3780 4963 3869 5023 ἕως

2271 5042 2392 5091 πότε
2448 5038 2787 5113 ἀποστρέφεις
2851 5048 2908 5095 τὸ
2958 5049 3238 5119 πρόσωπόν
3293 5066 3386 5100 σου
3439 5046 3528 5100 ἀπ’
3577 5048 3701 5121 ἐμοῦ
3733 5066 3746 5117 ;
3780 5052 3868 5114 ἕως

2269 5133 2407 5189 τίνος
2458 5130 2523 5179 τά
2579 5132 2705 5201 ἔργα
2756 5140 2855 5183 τῶν
2925 5142 3027 5184 σῶν
3098 5143 3294 5208 χειρῶν
3357 5143 3600 5212 περιορᾷς
3652 5138 3866 5193 ἀπολλυ-

2268 5221 2431 5287 μένα;
2466 5223 2644 5270 Ταῦτα
2698 5219 2835 5291 ἔλεγε
2899 5225 3028 5293 πρὸς
3084 5226 3170 5274 τὸν
3241 5228 3369 5277 Θεὸν
3453 5232 3541 5279 καὶ
3615 5224 3867 5302 δάκρυσιν

2272 5307 2449 5378 ἐκίρνα
2498 5309 2565 5358 τὰ
2614 5310 2847 5381 ῥήματα.
2912 5309 3127 5363 ’Ἔπειτα
3174 5317 3347 5385 μέντοι
3386 5320 3474 5367 xui
3522 5318 3868 5386 ὑπανίσταται

506 5383 596 5429 τοῦ
625 5374 847 5479 ἐδάφους
889 5379 1053 5479 σχολῇ
1087 5387 1175 5435 καὶ
1207 5386 1298 5435 σὺν
1322 5390 1518 5460 χρόνῳ,
1558 5388 1789 5463 καθάπερ
1831 5388 1892 5440 ἄν
1924 5391 1968 5441 εἴ
1996 5406 2075 5453 τις
2104 5393 2202 5445 ὑπὸ
2232 5398 2501 5467 τραύμασι
2531 5402 2619 5448 xui
2650 5398 2874 5470 πληγαῖς
2905 5403 3185 5464 τοσαύταις
3214 5410 3658 5479 κατειργασμένος
3688 5413 3779 5461 xui
3800 5410 3867 5471 εἰς

508 5467 594 5517 τὸν
625 5466 888 5539 εἰρημένον
928 5465 1074 5529 αὖθις
1100 5470 1220 5522 ναόν
1250 5474 1566 5546 εἰσέρχεται.

588 5565 632 5600 ’³
672 5565 876 5622 Ezech.
908 5582 1067 5634 xvm,
1098 5570 1188 5624 23.

3836 277 3916 332 56

4050 76 4059 125 ξ

4046 134 4065 273 i
