4110 6272
161 245 246 303 67
1550 253 1714 310 VITA
1753 254 1814 310 S.
1853 253 2178 312 ABRAMII.
3468 259 3535 316 58

243 371 345 428 Μ’.
378 372 467 434 Εἰς
511 368 570 426 δὲ
607 376 700 431 τήν
731 372 978 426 ἐπιοῦσαν
1021 380 1111 428 καὶ
1157 377 1207 430 οἱ
1255 380 1627 452 χριστομάχοι
1685 381 1760 438 θῆ-

1955 383 2039 435 ΧΙ.
2078 381 2173 438 Die
2211 386 2411 439 autem
2457 385 2724 457 sequenti
2757 383 2967 441 bellum
3007 383 3123 440 illa;
3171 383 3379 440 Christi
3424 384 3538 441 ini-

163 483 256 536 ρες
313 462 496 515 ἐκεῖνοι
552 461 706 514 πάλιν
761 460 808 514 ἐν
865 462 1006 534 αύτῷ
1069 471 1350 537 γενόμενοι,
1435 473 1526 520 καὶ
1594 475 1774 521 τοῦτον

167 553 341 624 εύχῆς
394 553 624 624 εύρόντες
681 549 784 603 ἐκεῖ
828 557 918 604 καὶ
982 553 1152 626 ὕμνων
1208 555 1505 628 εύχόμενον,
1558 557 1651 610 ούκ
1699 559 1775 608 ἔτι

165 645 347 715 πράως
395 639 612 712 ἐνεγκεῖν
673 637 1038 708 ἠδυνήθησαν,
1100 642 1227 696 ἀλλὰ
1277 646 1480 717 πληγάς
1526 666 1581 700 τε
1633 646 1772 716 αύτῷ

165 733 268 792 τὰς
319 734 573 805 προτέρας
632 732 662 787 ἣ
711 728 878 801 πολλῷ
933 735 1022 783 καὶ
1075 733 1309 802 μείζονας
1361 733 1636 803 ἐπιθέντες,
1693 731 1774 787 δε-

171 826 328 892 σμοῖς
381 838 437 872 τε
493 825 603 880 τοῖς
659 820 858 891 ὁμοίοις
909 817 1264 889 ύποϐαλόντες,
1313 822 1488 898 πόρῥω
1536 843 1635 876 που
1683 831 1774 884 τῆς

165 913 354 980 κώμης
434 912 664 982 φέροντες
720 907 952 983 ἔρριψαν.
1019 913 1236 972 Τούτοις
1282 911 1369 963 οὖν
1421 917 1595 986 τρίτον
1656 911 1772 975 ἐξῆς

171 995 489 1072 ἐνεκαρτέρει
534 1001 726 1071 χρόνον
778 996 1079 1069 Ἀϐράμιος,
1136 999 1230 1052 ούκ
1279 999 1527 1069 ὀκλάσας,
1560 1001 1618 1054 ού
1649 1003 1774 1054 καθ-

169 1091 339 1154 υφεὶς,
372 1085 430 1139 ού
480 1085 851 1158 καθευξάμενος
881 1083 1111 1153 οὐδενὸς,
1146 1087 1273 1141 ἀλλὰ
1313 1097 1384 1160 τῷ
1432 1096 1577 1162 μίσει
1605 1110 1773 1164 προσ-

169 1177 329 1236 τιθεὶς
393 1179 487 1234 τήν
546 1173 776 1246 ἀγάπην,
834 1184 906 1246 τῷ
964 1177 1110 1249 θυμῷ
1161 1181 1254 1236 τήν
1306 1183 1598 1247 πραότητα,
1658 1187 1773 1241 ταῖς

165 1261 461 1337 λόιδορίαις
529 1266 618 1324 τὰς
697 1263 950 1336 εύλογίας,
1033 1267 1304 1332 νουθετῶν,
1389 1267 1769 1339 συμϐουλεύων,

162 1353 479 1427 παρακαλῶν
549 1357 671 1415 τούς
707 1387 712 1398 ι
749 1352 1066 1426 πρεσϐύτας,
1145 1359 1261 1416 τοὺς
1337 1360 1499 1421 νέους,

163 1441 336 1504 ἁπλῶς
382 1441 606 1514 ἠλικίαν,
658 1443 724 1504 ὡς
783 1447 1028 1516 πατέρας,
1077 1445 1146 1504 ὡς
1175 1448 1346 1508 τέκνα,
1388 1447 1457 1506 ὡς
1496 1442 1763 1517 ἀδελφοὺς,

159 1528 313 1584 ούδὶν
366 1531 492 1594 ὅλως
537 1530 738 1602 ἀγεννὲς
790 1527 913 1583 ούδέ
963 1531 1304 1605 μικρόψυχον
1359 1528 1762 1605 ἐνδεικνύμενος,

160 1617 271 1670 ἀλλ’
311 1621 444 1692 ἔργῳ
483 1623 541 1671 τὸ
594 1619 686 1672 τού
736 1621 872 1672 θείου
917 1616 1085 1672 Δαυίδ
1125 1619 1412 1692 ἐκπληρῶν,
1464 1625 1553 1672 καὶ
1607 1619 1763 1693 ἀναγ-

1596 1364 1770 1410 πᾶσαν

1884 469 2073 533 micae,
2105 487 2243 528 cum
2272 472 2387 528 illic
2420 490 2622 529 rursus
2653 475 2967 538 venissent,
2999 478 3055 530 et
3083 489 3222 530 eum
3262 478 3533 532 orantem

1883 557 2274 630 invenissent,
2315 577 2387 617 ne
2429 567 2567 618 tunc
2622 562 2867 634 quidem
2913 566 3232 634 potuerunt
3283 561 3344 617 id
3384 561 3533 618 ferre

1884 647 2188 705 moderate
2231 669 2244 708 :
2274 650 2377 706 sed
2409 667 2544 706 cum
2579 650 2631 706 ei
2670 650 2879 723 plagas
2926 651 3174 722 priores,
3214 655 3316 705 aut
3353 650 3532 705 etiam

1883 737 2070 792 multo
2095 738 2806 812 majoresimposuissent,
2835 745 2892 794 et
2915 755 3051 794 eum
3081 738 3374 795 similibus
3405 738 3536 794 vin-

1883 825 2028 880 culis
2054 825 2398 895 alligassent
2426 834 2482 883 et
2511 828 2842 893 traxissent,
2875 827 3080 899 procul
3113 843 3148 882 a
3183 827 3312 887 vico
3338 827 3534 898 proje-

1881 920 2106 970 cerunt.
2139 917 2202 970 In
2235 916 2325 972 his
2353 933 2496 987 ergo
2521 933 2582 972 se
2619 922 2732 972 tres
2769 931 2960 972 annos
2994 915 3269 987 deinceps
3313 915 3535 972 fortiter

1883 1003 2064 1072 gessit
2088 1004 2424 1070 Abramius,
2449 1021 2569 1061 non
2599 1005 2840 1074 fractus,
2868 1021 2988 1061 non
3021 1005 3257 1070 cedens,
3290 1019 3399 1059 nec
3432 1003 3534 1060 ulli

1884 1092 2037 1147 male
2067 1092 2403 1165 imprecans
2432 1112 2444 1149 :
2479 1095 2585 1149 sed
2616 1095 2754 1150 odio
2793 1094 3137 1150 charitatem
3169 1093 3528 1163 adjungens,

1882 1180 1983 1235 ires
2014 1182 2550 1247 mansuetudinem,
2585 1182 2911 1238 maledictis
2934 1181 3398 1247 benedictiones,
3423 1181 3535 1236 ad-

1885 1283 2157 1334 monens,
2172 1270 2508 1335 consulens,
2525 1271 2870 1334 adhortans,
2894 1285 3084 1337 senes,
3104 1269 3529 1335 adolescentes,

1881 1371 2143 1421 omnem,
2181 1361 2242 1414 ut
2267 1358 2451 1414 semel
2479 1358 2697 1424 dicam,
2729 1363 2983 1421 aetatem,
3019 1363 3081 1413 ut
3109 1364 3326 1429 patres,
3371 1361 3432 1411 ut
3459 1356 3532 1410 ﬁ-

1876 1443 2009 1510 lios,
2041 1451 2102 1500 ut
2123 1446 2349 1512 fratres,
2375 1446 2636 1512 nihilque
2649 1447 2896 1502 omnino
2909 1445 3248 1510 ostendens,
3274 1444 3440 1517 quod
3456 1444 3531 1500 sit

1879 1533 2072 1603 pusilli
2102 1539 2156 1588 et
2194 1534 2406 1604 abjecti
2452 1535 2631 1590 animi
2673 1551 2684 1590 :
2720 1535 2824 1590 sed
2854 1550 3056 1607 reipsa
3086 1535 3364 1605 implens,
3396 1549 3529 1605 quae

1876 1627 2013 1676 sunt
2036 1622 2219 1677 divini
2263 1624 2520 1688 Davidis,
2565 1628 2621 1678 et
2671 1623 2822 1679 inter
2871 1623 3250 1678 necessitates
3295 1627 3352 1678 et
3381 1620 3531 1678 afﬂi-

154 1715 264 1759 κῶν
318 1707 511 1780 μεταξὺ
565 1728 655 1760 και
711 1707 930 1780 θλίψεων
973 1711 1062 1770 τὰς
1117 1707 1322 1771 ἐντολὰς
1371 1714 1564 1784 Κυρίου
1621 1710 1760 1782 μελέ-

1874 1710 2096 1765 cliones
2126 1711 2419 1768 meditans
2449 1716 2743 1784 praecepta
2771 1712 3005 1767 Domini
3032 1713 3099 1765 ¹⁴.
3137 1714 3374 1782 Propter
3398 1711 3529 1766 haec

152 1816 257 1855 την
304 1801 620 1870 ποιούμενοςο
682 1794 777 1850 διὰ
833 1805 996 1850 ταῦτα
1066 1795 1135 1856 δή
1189 1802 1280 1850 καὶ
1344 1797 1621 1861 ἐξήνθησεν
1685 1798 1761 1851 ἐπ’

151 1886 318 1938 αύτόν
365 1890 422 1939 τό
479 1887 721 1960 ἁγίασμα
775 1886 934 1939 αύτού
979 1893 1070 1939 καὶ
1128 1886 1522 1948 συνεληλυθότες
1577 1887 1762 1962 ἀθρόον

147 1977 212 2028 οἱ
248 1981 427 2050 πρώην
467 1975 670 2039 ἀσεϐεῖς
716 1975 894 2029 ἐκεῖνοι
931 1981 1020 2028 καὶ
1059 1978 1298 2028 ἄπιστον
1343 1984 1478 2031 Θεοῦ
1518 1973 1577 2030 δε
1609 1985 1760 2030 τοῦτο

145 2066 362 2125 πάντως
416 2073 508 2117 τοῦ
560 2061 899 2127 παιδεύοντος
952 2066 1221 2138 ἄνθρωπον
1273 2074 1467 2137 γνῶσιν
1527 2070 1617 2119 καὶ
1670 2073 1760 2128 τῆς

145 2153 354 2207 ἐκείνου
414 2158 529 2228 περὶ
585 2158 672 2207 τὸν
731 2152 1014 2227 Ἀϐράμιον
1079 2155 1323 2228 χάριτος·
1417 2157 1762 2227 συναχθέντες

147 2239 250 2295 οὖν
304 2245 485 2303 πάντες
537 2244 585 2295 οἱ
623 2247 717 2302 τήν
759 2248 938 2314 κώμην
981 2244 1177 2301 έκείνην
1221 2243 1500 2308 οἰκοῦντες,
1548 2249 1639 2296 καὶ
1677 2245 1762 2296 οἶα

142 2333 294 2393 εἰκός
345 2331 394 2384 ἐν
454 2341 728 2405 συναγωγῇ
781 2331 1012 2394 πλήθους
1063 2331 1271 2403 ὁμιλίας
1323 2351 1378 2385 τε
1431 2331 1624 2394 πολλῆς
1670 2338 1760 2386 καὶ

139 2420 318 2492 λόγων
368 2422 616 2474 πάντοθεν
665 2425 977 2493 κινουμένων
1016 2423 1080 2473 τὰ
1129 2429 1220 2473 τοῦ
1265 2417 1454 2493 ἀνδρὸς
1503 2420 1571 2481 εἰς
1599 2425 1756 2493 μέσον

138 2515 437 2584 παρήγετο,
483 2515 572 2562 καὶ
602 2512 605 2516 ’
632 2512 806 2583 θαῦμα
854 2513 946 2572 τὰς
998 2509 1236 2562 ἁπάντων
1285 2508 1508 2583 ἐπλήρου
1546 2509 1752 2582 ψυχὰς,

137 2603 243 2651 καὶ
291 2596 472 2661 δεινῶς
517 2601 616 2651 ύπό
664 2607 758 2661 τῆς
807 2597 1090 2662 ἐκπλήξεως
1140 2598 1499 2672 ἀπορούμενοι·
1549 2597 1751 2672 Ὁρᾶτε,

136 2691 281 2763 πρὸς
321 2686 568 2750 ἀλλήλους
609 2687 797 2760 ἔλεγον,
842 2688 929 2740 οἶα
971 2691 1105 2740 κατὰ
1151 2695 1241 2741 τοῦ
1292 2687 1580 2762 Ἀϐραμίου
1629 2689 1752 2760 ἡμῖν

140 2780 431 2852 εἴργασται
463 2777 477 2832 l
512 2778 538 2828 ὁ
589 2773 648 2829 δε
675 2781 802 2850 πρὸς
844 2778 984 2848 ἡμᾶς
1027 2778 1166 2838 ὅπως
1210 2785 1462 2850 χρηστῶς
1509 2779 1622 2848 ἔχει
1669 2781 1752 2828 καὶ

144 2867 546 2938 φιλανθρώπως,
595 2869 686 2916 καὶ
735 2865 846 2936 μεθ’
899 2866 1028 2926 ὅσης
1077 2864 1342 2935 εὐψυχίας
1390 2870 1480 2917 καὶ
1527 2870 1751 2936 γενναιό-

146 2973 317 3016 τητος
367 2957 459 3012 τήν
519 2955 784 3010 τοσαύτην
836 2953 1119 3024 ὑπήνεγκεν
1180 2951 1425 3026 ἐπιφορὰν
1481 2961 1579 3003 τῶν
1653 2951 1758 3006 δει-

1873 1800 1932 1853 in
1964 1800 2159 1871 ipsum
2204 1801 2401 1856 ﬂoruit
2445 1801 2574 1872 ejus
2615 1799 3025 1856 sanctiﬁcatio.
3069 1803 3217 1855 Nam
3257 1815 3395 1854 cum
3434 1815 3527 1854 re-

1874 1893 2046 1959 pente
2074 1889 2489 1946 convenissent
2511 1889 2610 1956 illi,
2643 1889 2747 1961 qui
2773 1905 2963 1961 nuper
2987 1894 3154 1944 erant
3175 1888 3334 1958 impii
3358 1893 3414 1943 et
3439 1888 3530 1943 in-

1872 1976 2076 2032 fideles
2107 1978 2217 2048 (est
2245 1983 2442 2034 autem
2466 1979 2578 2034 hoc
2610 1979 2708 2034 Dei
2736 1979 3004 2047 omnino,
3031 1977 3324 2050 quidocet
3343 1976 3528 2056 homi-

1870 2079 2008 2120 nem
2057 2066 2387 2135 scientiam,
2441 2073 2498 2123 et
2554 2069 2707 2124 illius
2763 2067 2965 2137 gratiae
3016 2067 3076 2122 in
3128 2064 3522 2131 Abramium),

1869 2169 2199 2228 omnesque
2224 2156 2327 2227 qui
2353 2155 2520 2212 illum
2553 2157 2748 2213 vicum
2779 2154 3147 2220 habitabant,
3181 2153 3528 2222 congregati

1869 2249 2083 2309 essent,
2106 2249 2180 2309 et,
2197 2249 2358 2300 utest
2373 2251 2838 2301 consentaneum
2859 2245 2918 2300 in
2933 2249 3086 2300 coetu
3104 2241 3523 2307 multitudinis,

1869 2347 2175 2388 sermones
2211 2335 2375 2389 omni
2405 2349 2478 2389 ex
2507 2340 2675 2406 parte
2707 2334 3090 2398 haberentur,
3131 2349 3222 2388 res
3265 2331 3527 2387 Abramii

1866 2420 1924 2474 in
1955 2420 2220 2476 medium
2251 2422 2683 2490 adducebatur,
2718 2429 2774 2479 et
2802 2423 3072 2478 omnium
3104 2420 3287 2477 animi
3322 2419 3526 2492 imple-

1866 2507 2086 2563 bantur
2100 2508 2518 2564 admiratione.
2547 2515 2747 2582 Itaque
2768 2527 2904 2566 cum
2920 2525 3041 2578 prae
3057 2515 3299 2580 stupore
3322 2509 3382 2563 in
3403 2524 3525 2564 ma-

1864 2611 2047 2666 gnam
2075 2596 2317 2653 adducti
2348 2604 2545 2654 essent
2575 2599 3013 2655 dubitationem
3047 2615 3058 2652 :
3095 2597 3333 2662 Videtis,
3365 2596 3527 2652 dice-

1862 2685 2010 2741 bant
2047 2685 2197 2742 inter
2244 2703 2306 2742 se
2335 2687 2614 2753 invicem,
2658 2688 2864 2760 qualia
2899 2703 2935 2743 a
2969 2687 3144 2742 nobis
3186 2685 3342 2742 facta
3388 2690 3529 2740 sunt

1863 2774 2148 2830 adversus
2179 2775 2529 2832 Abramium
2563 2793 2575 2831 :
2613 2777 2707 2832 ille
2739 2782 2938 2832 autem
2971 2791 3155 2848 quam
3187 2775 3442 2844 benigne
3471 2779 3528 2829 et

1863 2862 2182 2919 clementer
2213 2864 2273 2920 in
2303 2881 2410 2920 nos
2443 2881 2505 2920 se
2539 2864 2706 2934 gerit,
2736 2881 3044 2937 quamque
3077 2864 3298 2920 fortiter
3327 2879 3396 2919 ac
3429 2879 3526 2932 ge-

1865 2967 2072 3008 nerose
2106 2953 2232 3008 tulit
2265 2954 2441 3021 mala,
2474 2971 2609 3026 quae
2641 2959 2780 3011 sunt
2809 2954 2860 3009 ei
2885 2954 3049 3010 illata
3071 2954 3100 3007 ?
3127 2952 3381 3009 Omnino
3409 2951 3525 3007 nisi

145 3051 257 3094 νῶν
290 3058 304 3110 ;
338 3043 545 3102 Πάντως
593 3041 637 3094 εἰ
674 3045 746 3114 μή
801 3059 881 3103 τις
927 3041 988 3100 ἧν
1037 3043 1168 3101 Θεὸς
1204 3036 1380 3102 ἀίδιος
1435 3039 1640 3102 ἀληθῶς
1668 3045 1756 3092 καὶ

1873 3047 2019 3095 esset
2048 3057 2184 3096 vere
2214 3045 2364 3097 Deus
2399 3043 2614 3112 aliquis
2643 3048 2897 3098 aeternus
2938 3048 2992 3097 et
3023 3040 3385 3103 immortalis.
3417 3039 3525 3112 qui

149 3130 419 3192 ἀθάνατος
469 3128 618 3192 ἀξίας
659 3137 759 3182 τῶν
810 3132 976 3182 πόνων
1028 3134 1117 3181 καὶ
1167 3127 1390 3201 ἀμοιϐὰς
1441 3125 1759 3181 ἀποδιδόναι

148 3218 466 3292 δυνάμενος,
516 3219 610 3271 ούκ
665 3220 727 3271 οἶν
773 3218 1090 3276 τηλικαύτην
1136 3215 1210 3270 δι’
1280 3217 1435 3270 αὐτόν
1496 3219 1758 3289 ὑπομονήν

149 3305 476 3372 ἐπεδείξατο.
549 3311 648 3360 Καὶ
702 3310 764 3360 τὰ
836 3308 958 3359 θεῶν
1025 3302 1083 3359 δε
1158 3307 1415 3380 ήμετέρων
1482 3303 1759 3377 ἀγάλματα

149 3394 323 3452 εἰδετε
386 3399 451 3457 ὡς
518 3395 739 3454 ἀπονητὶ
805 3397 976 3448 πάντα
1024 3399 1113 3446 καὶ
1177 3391 1377 3468 ῥᾳδίως
1439 3394 1758 3468 κατέστρεψε

144 3491 251 3540 καὶ
275 3481 445 3546 οὐδεὶς
472 3481 712 3543 ἠδυνήθη
745 3492 844 3536 τῶν
881 3486 1125 3535 τοιούτων
1158 3485 1280 3536 θεῶν
1324 3481 1447 3536 ούδέ
1476 3484 1571 3535 κᾶν
1603 3483 1758 3544 αύτός

146 3577 326 3646 ἐαυτῷ
354 3572 610 3646 ἐπαμῦναι
649 3577 742 3632 τὴν
770 3571 952 3645 ύϐριν;

228 3665 324 3717 ΙΒ’.
418 3669 598 3716 Ταῦτα
659 3660 840 3714 ίκεῖνοι
913 3664 1005 3733 μὲν
1068 3663 1194 3734 πρὸς
1263 3659 1514 3721 ἀλλήλους
1565 3659 1755 3733 ἔλεγον.

147 3756 290 3814 Θεὸς
336 3748 395 3805 δὴ
440 3750 580 3811 τίλος
608 3757 721 3812 τοίς
771 3751 1005 3825 ῥήμασιν
1057 3747 1274 3806 ἐπέθηκε
1326 3746 1513 3818 δεξιόν,
1547 3753 1634 3801 xui
1669 3752 1758 3809 τὰς

141 3842 343 3916 ψυχὰς
421 3839 573 3902 εύθύς
650 3835 1128 3913 διαθερμανθέντες’
1204 3844 1354 3890 Δεῦτε
1420 3839 1624 3901 πάντες,
1684 3845 1756 3909 τῷ

145 3939 386 4006 χρηστῷ
439 3925 594 4002 ἀνδρὶ
649 3931 814 3999 τούτῳ
861 3931 1259 4002 προσπέσωμεν,
1317 3924 1476 3992 εἶπον,
1518 3929 1757 4000 συνθέμε-

143 4042 234 4075 νοι
301 4029 374 4091 τῷ
422 4017 509 4071 ὑπ’
551 4018 710 4070 αύτοῦ
763 4019 1140 4090 κηρυσσομένῳ
1193 4022 1326 4086 Θεῷ.
1376 4021 1475 4068 Καὶ
1522 4015 1632 4087 οἶμα
1685 4023 1756 4086 τῷ

145 4111 296 4183 λόγῳ
338 4112 717 4179 συντρέχουσιν
770 4106 962 4158 αὐτίκα
1025 4108 1157 4174 πρός
1206 4108 1291 4156 τόν
1335 4108 1473 4169 ναόν,
1523 4107 1756 4176 καθάπερ

144 4203 259 4253 ύπὸ
317 4202 416 4270 μιᾷ
466 4203 527 4268 τῇ
578 4195 779 4268 γλώττῃ
835 4199 925 4246 καὶ
1083 4192 1237 4264 ψυχῇ
1290 4193 1586 4266 κράζοντες.
1630 4193 1760 4254 Δόξα

151 4308 267 4354 σοι,
317 4294 389 4358 τῷ
432 4284 692 4357 πέμψαντι
749 4287 837 4336 τόν
892 4279 1076 4336 δοῦλον
1121 4282 1282 4334 αὐτοῦ
1321 4280 1606 4355 Ἀϐράμιον
1647 4289 1760 4352 Θεῷ

1869 3133 2064 3199 potest
2082 3144 2189 3198 pro
2209 3129 2482 3185 laborum
2498 3131 2719 3186 meritis
2737 3131 2976 3186 reddere
2992 3129 3523 3194 remunerationes,

1869 3231 1992 3270 non
2020 3217 2376 3272 ostendisset
2399 3223 2625 3274 tantam
2649 3234 2758 3290 pro
2784 3220 2913 3290 ipso
2932 3217 3324 3273 tolerantiam.
3347 3219 3524 3272 Porro

1866 3309 2068 3360 autem
2087 3305 2338 3361 deorum
2355 3311 2698 3362 nostrorum
2712 3307 3005 3376 imagines
3020 3304 3230 3360 videtis
3247 3321 3432 3376 quam
3447 3304 3522 3359 fa-

1867 3391 1976 3448 cile
2007 3399 2062 3448 et
2091 3393 2239 3450 citra
2266 3393 2452 3449 ullum
2482 3393 2753 3450 laborem
2783 3394 3010 3460 evertit,
3043 3409 3236 3465 neque
3269 3392 3421 3448 ullus
3453 3408 3525 3449 ex

1867 3481 1935 3536 iis
1967 3481 2080 3537 diis
2113 3482 2303 3554 potuit
2329 3499 2364 3538 a
2397 3499 2458 3537 se
2483 3482 2835 3555 propulsare
2869 3483 3148 3551 injuriam
3177 3481 3207 3536 ?

1938 3655 2042 3713 Xll.
2079 3659 2206 3712 Haec
2232 3656 2312 3712 illi
2343 3655 2585 3729 quidem
2620 3657 2769 3712 inter
2800 3672 2860 3711 se
2891 3655 3188 3711 dicebant.
3232 3659 3385 3712 Deus
3420 3673 3525 3712 au-

1867 3751 1984 3801 tem
2016 3745 2218 3801 verbis
2250 3745 2433 3800 ﬁnem
2459 3745 2750 3817 imposuit
2778 3745 3253 3800 convenientem.
3287 3745 3329 3800 li
3361 3745 3522 3800 enim

1866 3837 2138 3909 protinus
2171 3835 2388 3891 incitati
2422 3835 2656 3900 animis,
2687 3834 2966 3890 dixerunt
2995 3851 3008 3889 :
3033 3834 3248 3890 Adeste
3287 3850 3521 3901 omnes,

1867 3925 1942 3981 ad
1967 3925 2149 3997 hujus
2169 3925 2310 3980 boni
2328 3924 2435 3979 viri
2450 3939 2644 3996 genua
2659 3923 3058 3996 procidamus,
3081 3922 3520 3979 consentientes

1870 4016 2005 4083 Deo,
2035 4014 2139 4086 qui
2169 4015 2246 4070 ab
2279 4013 2410 4085 ipso
2444 4013 2820 4085 praedicatur.
2854 4014 2992 4077 Quae
3023 4012 3201 4066 simul
3228 4017 3404 4083 atque
3429 4011 3520 4066 di-

1866 4102 2115 4169 xissent,
2131 4102 2776 4173 concurruntprotinus
2797 4101 2876 4156 ad
2899 4100 3208 4171 templum,
3232 4106 3518 4172 tanquam

1871 4205 1990 4244 una
2028 4190 2235 4258 lingua
2274 4194 2330 4244 et
2371 4189 2576 4244 anima
2615 4188 2978 4244 clamantes:
3023 4189 3218 4244 Gloria
3257 4187 3361 4243 tibi
3401 4190 3518 4244 Deo

1870 4277 2019 4348 caeli,
2050 4279 2152 4351 qui
2182 4277 2390 4333 misisti
2423 4292 2662 4332 servum
2705 4282 2862 4331 tuum
2902 4277 3271 4342 Abramium,
3312 4281 3372 4331 ut
3410 4292 3518 4332 nos

144 4386 248 4432 τοῦ
301 4376 542 4448 ούρανοῦο
585 4372 768 4437 ἐξελεῖν
817 4375 955 4442 ἡμᾶς
999 4375 1093 4429 τήν
1141 4379 1240 4422 τῶν
1273 4366 1494 4422 εἰδώλων
1525 4368 1749 4440 ἀχλύος,

1873 4383 1907 4423 a
1937 4367 2394 4423 simulacrorum
2434 4365 2712 4421 liberaret
2743 4364 3016 4434 caligine.
3061 4364 3230 4431 Quod
3271 4365 3517 4438 quidem

140 4474 314 4541 Ὅπερ
366 4465 391 4516 ὁ
439 4464 695 4536 μακάριος
742 4462 931 4522 ἐκεῖνος
970 4461 1092 4534 παρ’
1151 4453 1338 4510 ἐλπίδα
1382 4463 1557 4510 πᾶσαν
1611 4455 1756 4522 ἰδὼν,

143 4561 243 4610 καί
285 4572 423 4615 τινος
463 4550 663 4624 ἁφάς-ου
700 4554 794 4608 τὴν
824 4545 1048 4622 καρδίαν
1096 4547 1384 4620 πληρωθεὶς
1416 4546 1755 4620 εύφροσύνης,

149 4643 389 4718 ἁρπάζει
462 4647 798 4712 παραχρῆμα
870 4641 956 4690 τὸν
1031 4639 1212 4711 καιρόν
1288 4640 1379 4688 καί
1411 4652 1424 4665 ⁸
1467 4634 1536 4688 ⁴Ω
1609 4640 1761 4689 πατέ-

148 4753 242 4808 ρες
302 4729 352 4783 ἐν
398 4733 592 4804 Κυρίῳ,
645 4733 734 4779 καὶ
781 4731 952 4792 τέκνα,
985 4730 1074 4778 καὶ
1107 4722 1340 4797 ἀδελφοὶ,
1387 4729 1537 4796 φησὶ,
1589 4721 1755 4786 δεῦτε,

151 4829 307 4878 κοινή
387 4814 660 4889 ἀποδῶμεν
740 4813 896 4879 δόξαν
973 4820 1079 4886 Θεῷ
1130 4822 1203 4884 τῷ
1263 4816 1569 4885 θαυμαστῶς
1625 4814 1760 4866 ούτω

149 4916 247 4964 καὶ
294 4905 600 4982 ἁπορῥήτως
651 4906 715 4957 τὰ
755 4913 848 4966 τῆς
895 4903 1084 4975 ψυχῆς
1135 4903 1276 4974 ὑμῶν
1334 4907 1615 4974 φωτίσαντι
1669 4901 1760 4972 ὃμ-

152 5019 322 5073 ματα,
417 5000 506 5048 καὶ
589 4992 767 5046 λάϐετε
844 4996 938 5051 τήν
1023 4987 1263 5063 σφαγῖδα
1303 4998 1391 5044 τοῦ
1446 4994 1756 5062 Πνεύματος·

151 5087 466 5164 προσέλθετε
536 5087 667 5156 πρὸς
736 5081 913 5146 αὐτόν,
988 5085 1078 5133 καὶ
1136 5081 1452 5152 φωτίσθητε,
1533 5084 1620 5132 καὶ
1697 5081 1762 5132 τὰ

153 5183 421 5252 πρόσωπα
473 5174 615 5246 ὑμῶν
673 5171 733 5223 ού
791 5175 863 5243 μή
941 5170 1332 5241 καταισχυνθῇ.
1380 5170 1591 5230 Τούτοις
1655 5175 1760 5229 τοῖς

151 5266 335 5339 λόγοις
381 5267 471 5317 καὶ
535 5265 629 5320 τήν
695 5267 793 5322 τῆς
839 5263 1060 5318 πίστεως
1108 5261 1327 5330 συνείρει
1384 5252 1752 5322 διδασκαλίαν,

153 5361 246 5410 καὶ
292 5358 428 5414 ὅπως
471 5354 580 5424 χρὴ
634 5351 896 5403 πιστεύειν
937 5343 1228 5411 διεξελθὼν,
1272 5352 1366 5408 τῆς
1413 5341 1506 5398 διὰ
1532 5351 1623 5398 τοῦ
1663 5343 1759 5418 βα-

1870 4473 2005 4512 cum
2029 4457 2123 4512 ille
2140 4457 2348 4513 beatus
2364 4456 2608 4511 vidisset
2626 4460 2835 4528 praeter
2846 4470 3086 4510 omnem
3103 4471 3294 4526 spem,
3315 4454 3519 4511 ineffa-

1869 4545 1970 4602 bili
1999 4545 2058 4601 in
2093 4545 2270 4601 corde
2297 4545 2555 4617 repletus
2581 4545 2806 4608 laetitia,
2833 4550 3075 4614 repente
3108 4548 3342 4615 tempus
3371 4559 3520 4616 quo-

1867 4651 1985 4707 que
2024 4635 2249 4706 arripit,
2291 4640 2347 4690 et
2389 4655 2401 4686 :
2463 4635 2506 4690 Ο
2550 4638 2746 4704 patres
2789 4633 2847 4687 in
2891 4633 3161 4702 Domino,
3203 4637 3259 4686 et
3296 4631 3422 4702 ﬁlii,
3461 4637 3517 4688 et

1869 4723 2096 4789 fratres,
2129 4723 2337 4795 inquit,
2365 4722 2589 4782 adeste.
2619 4727 2675 4776 et
2704 4725 2818 4776 Deo
2846 4719 3021 4774 simul
3041 4720 3366 4774 reddamus
3394 4720 3518 4790 glo-

1869 4813 2039 4877 riam,
2077 4812 2178 4884 qui
2214 4817 2330 4866 tam
2361 4810 2786 4867 admirabiliter
2823 4814 2879 4864 et
2909 4817 3123 4864 arcane
3163 4807 3518 4864 illuminavit

1867 4905 2098 4957 vestros
2127 4901 2338 4955 animae
2361 4899 2568 4955 oculos
2593 4917 2606 4957 :
2635 4903 2692 4954 et
2722 4895 2969 4969 accipite
2996 4894 3372 4964 signaculum
3401 4897 3519 4969 spi-

1868 4989 2032 5044 ritus.
2063 4987 2336 5044 Accedite
2359 4987 2436 5043 ad
2459 4986 2683 5060 ipsum,
2711 4989 2766 5040 et
2790 4983 3203 5040 illuminamini
3228 4999 3240 5038 :
3265 4987 3322 5039 et
3339 4984 3516 5039 vestri

1868 5077 2061 5132 vultus
2088 5076 2315 5148 pudore
2338 5091 2723 5148 nequaquam
2747 5072 3078 5129 afﬁcientur
3099 5072 3166 5124 υ.
3194 5072 3290 5127 His
3313 5072 3513 5128 verbis

1868 5166 2176 5236 conjungit
2202 5166 2378 5221 etiam
2410 5163 2744 5220 doctrinam
2776 5161 3051 5216 veritatis.
3082 5164 3145 5217 Et
3174 5178 3331 5226 cum,
3362 5176 3515 5233 quo-

1868 5255 2050 5310 modo
2073 5254 2310 5309 credere
2323 5258 2613 5324 oporteat,
2637 5249 2831 5305 verbis
2852 5259 3002 5304 esset
3021 5256 3388 5322 persecutus,
3413 5263 3513 5304 eos

1868 5343 1927 5398 in
1939 5343 2194 5399 ﬁliorum
2212 5343 2592 5414 adoptionem
2611 5337 2844 5395 asciscit
2857 5354 2962 5412 per
2979 5339 3356 5412 baptismum,
3373 5351 3511 5391 cum

234 5551 282 5587 “
322 5545 477 5608 Psal.
504 5560 696 5616 cum,
727 5544 817 5612 77,
849 5546 907 5600 et
936 5542 1078 5600 alibi
1096 5540 1355 5616 passim.
1388 5541 1434 5578 ³³
1508 5539 1662 5596 Psal.
1694 5553 1897 5607 xxxiii,
1929 5543 1980 5595 6.
