4110 6272
564 345 634 401 59

1906 336 2166 395 MENSIS
2206 334 2542 393 MARTIUS.

3871 334 3943 388 60

565 475 764 527 essent
790 484 1040 525 numero
1061 469 1216 525 circa
1243 468 1420 526 mille.
1453 471 1517 525 Et
1539 467 1816 539 deinceps
1835 471 1961 523 erat
1994 464 2214 522 multus

2323 467 2607 535 πτίσματος
2637 462 2820 523 αύτούς
2849 463 3112 521 υἱοθεσίας
3136 457 3373 521 καταξιοῖ
3410 460 3530 533 περί
3564 477 3671 512 που
3726 458 3941 530 χιλίους

564 560 624 615 in
650 560 734 614 eis
762 558 1024 631 quotidie
1054 558 1450 614 admonendis
1475 563 1531 614 et
1560 557 1867 613 docendis.
1902 555 1985 610 Illi
2010 560 2208 610 autem

564 654 855 719 tanquam
886 647 1049 703 bona
1078 652 1248 711 terra,
1290 652 1346 703 et
1376 648 1634 717 pinguis,
1666 651 1722 700 et
1760 645 1931 716 aquis
1960 642 2205 711 irrigua,

564 737 950 793 reddiderunt
970 736 1192 791 fructus
1222 736 1643 807 multiplicatos
1665 733 2005 789 divinorum
2034 731 2210 787 semi-

564 842 732 881 num.
765 828 953 897 Atque
984 840 1179 880 annus
1210 825 1455 896 quidem
1494 825 1553 879 in
1593 824 1685 879 his
1712 826 2101 894 consumptus
2132 819 2208 876 ab

565 914 867 970 Abramio.

633 1074 765 1131 Xlll.
799 1074 1016 1129 Deinde
1040 1073 1274 1144 timens,
1304 1088 1400 1139 ne,
1434 1073 1580 1128 dum
1610 1072 1671 1127 in
1700 1070 1809 1125 vici
1830 1070 1984 1126 curis
2012 1084 2210 1125 versa-

561 1168 721 1220 retur
750 1168 807 1219 et
828 1162 1197 1226 tumultibus,
1228 1161 1340 1217 sibi
1365 1161 1567 1234 aliqua
1597 1176 1658 1216 re
1689 1159 2015 1230 indulgeret
2044 1174 2113 1212 ex
2143 1157 2212 1211 iis

562 1268 698 1324 quas
723 1252 801 1308 ad
831 1253 1050 1308 victum
1069 1251 1358 1322 pertinent
1384 1271 1397 1306 :
1425 1266 1682 1321 cumque
1694 1250 1822 1319 jam
1845 1248 2067 1303 videret
2084 1261 2211 1315 gre-

562 1356 699 1412 gem
726 1340 1051 1412 perfectum
1082 1344 1137 1394 et
1168 1339 1509 1394 absolutum
1541 1340 1599 1393 in
1631 1337 1851 1393 divinis
1883 1334 2207 1402 mandatis,

566 1427 767 1483 statuit
796 1429 873 1483 ad
898 1429 1155 1499 priorem
1181 1428 1388 1483 reverti
1416 1426 1822 1481 solitudinem.
1854 1425 1999 1479 Cum
2030 1427 2209 1478 noctu

563 1518 765 1587 itaque
796 1517 1163 1580 surrexisset,
1195 1516 1431 1571 dicebat
1466 1533 1478 1569 :
1517 1515 1779 1578 Domine,
1822 1513 1923 1584 qui
1957 1528 2019 1566 es
2050 1511 2212 1565 solus

564 1605 781 1674 bonus,
806 1606 909 1675 qui
939 1604 1098 1659 solus
1123 1620 1184 1658 es
1206 1604 1522 1658 immemor
1547 1608 1805 1672 acceptas
1833 1600 2084 1670 injurias,
2109 1598 2213 1670 qui

565 1692 721 1749 hanc
734 1709 936 1747 recens
950 1693 1254 1747 collectam
1274 1691 1710 1747 multitudinem
1725 1689 1947 1744 solvisti
1967 1704 2002 1743 a
2016 1688 2217 1742 vincu-

567 1781 636 1836 lis
653 1781 997 1842 adversarii,
1017 1788 1187 1852 etper
1212 1796 1367 1848 eam,
1394 1795 1577 1850 quam
1603 1778 1661 1832 in
1693 1783 1743 1832 te
1770 1777 2007 1845 habent,
2034 1775 2215 1830 ﬁdem

567 1877 668 1927 tuo
696 1870 980 1939 colligasti
1001 1868 1235 1924 vinculo
1258 1886 1269 1923 ε
1290 1884 1576 1923 conserva
1594 1868 1752 1922 hunc
1771 1882 2022 1939 parvum
2047 1871 2217 1920 tuum

567 1974 805 2030 gregem
819 1958 1101 2013 invictum
1121 1957 1193 2012 ab
1207 1956 1434 2012 insidiis
1452 1957 1919 2019 diemouum,eos
1935 1959 2215 2025 tanquam

566 2046 749 2101 armis
788 2045 952 2101 muni
994 2051 1093 2101 tua
1132 2045 1513 2116 proiectione,
1546 2048 1601 2098 et
1630 2059 1766 2098 eum
1810 2042 2053 2111 accinge
2083 2042 2217 2096 forti

567 2140 669 2190 tua
692 2134 953 2205 potentia
976 2138 1058 2188 :te
1075 2140 1271 2187 autem
1294 2131 1621 2203 propitium
1634 2147 1745 2202 ego
1773 2146 2014 2202 quoque
2041 2130 2219 2185 miser

567 2223 888 2286 inveniam,
908 2222 1154 2301 quando
1170 2221 1460 2292 judicium
1480 2236 1664 2291 pones
1686 2221 1743 2274 in
1761 2236 1952 2291 spem,
1969 2224 2024 2274 et
2044 2220 2213 2273 mise-

568 2311 887 2367 ricordiam
928 2318 1089 2365 tuam
1130 2310 1188 2364 in
1230 2309 1483 2365 trutinis.
1530 2309 1618 2364 Ad
1659 2309 1884 2380 peccati
1926 2309 2214 2363 rationem

568 2400 715 2455 nihil
745 2399 887 2455 mihi
927 2399 1253 2469 imputetur
1284 2414 1319 2453 a
1374 2402 1474 2453 tua
1514 2397 1878 2468 benignitate
1919 2397 2012 2453 hic
2043 2413 2214 2452 meus

568 2505 853 2545 recessus.
882 2491 963 2544 Tu
993 2487 1152 2543 enim
1177 2503 1239 2543 es
1270 2486 1639 2543 occultorum
1681 2487 1969 2558 cognitor,
2004 2492 2058 2540 et
2089 2502 2220 2539 cor-

566 2577 733 2633 dium
758 2576 1151 2641 examinator,
1183 2581 1239 2630 et
1266 2580 1323 2630 tu
1355 2591 1386 2630 e
1420 2575 1747 2646 longinquo
1772 2573 2101 2643 cognovisti
2126 2589 2219 2628 co-

567 2666 879 2735 gitationes
911 2680 1100 2729 meas,
1142 2664 1305 2734 quod
1354 2666 1597 2735 propter
1650 2668 1702 2717 te
1732 2668 1789 2716 et
1840 2661 1917 2716 tui
1951 2677 2220 2717 amorem

568 2754 800 2825 suscepi
825 2755 978 2809 hanc
1000 2752 1528 2823 peregrinationem
1557 2767 1573 2808 :
1598 2758 1652 2804 et
1672 2766 1807 2805 ecce
1831 2766 1923 2804 me
1948 2750 2220 2805 subduco

568 2842 646 2897 ab
676 2842 745 2896 iis
769 2841 1072 2907 omnibus,
1103 2856 1239 2912 quae
1264 2839 1341 2895 ad
1372 2839 1588 2894 victum
1620 2838 1932 2911 pertinent,
1962 2854 2037 2894 ne
2065 2840 2112 2893 si
2144 2839 2222 2894 ad

568 2930 794 3002 aliquid
816 2931 1054 2994 horum,
1071 2934 1360 3001 tanquam
1375 2927 1452 2982 ad
1476 2927 1792 2999 scopulum
1812 2928 2137 2999 impegero,
2162 2928 2222 2983 in

572 3020 771 3075 medio
788 3019 1227 3073 maricurarum
1246 3016 1689 3072 mundanarum
1711 3015 1960 3072 subeam
1985 3016 2223 3072 naufra-

568 3108 755 3177 gium.
775 3110 965 3178 Atque
992 3106 1074 3160 sic
1099 3106 1345 3178 quidem
1368 3105 1548 3160 ﬁnem
1571 3111 1925 3175 acceperunt
1947 3106 2074 3177 ejus
2098 3121 2226 3177 pre-

569 3211 668 3253 ces
704 3212 715 3250 :
749 3200 805 3251 et
833 3211 972 3249 cum
1008 3195 1308 3250 Dominico
1339 3194 1511 3264 signo
1552 3193 1755 3249 vicum
1800 3195 2137 3259 muniisset,
2168 3201 2225 3251 et

573 3300 711 3340 eum
743 3286 861 3339 Deo
889 3284 1388 3351 commendasset,
1421 3298 1483 3338 se
1508 3282 1843 3339 clanculum
1872 3284 2118 3355 proripit
2148 3283 2225 3339 ad

576 3389 901 3429 secessum.

642 3462 772 3517 XIV.
804 3462 971 3517 Mane
1002 3476 1141 3531 ergo
1181 3476 1319 3516 cum
1366 3461 1441 3515 de
1481 3476 1646 3514 more
1685 3459 1989 3514 venissent
2030 3458 2223 3514 vicani

569 3552 643 3605 ad
669 3550 955 3621 templum
980 3549 1375 3615 Dominicum,
1402 3547 1952 3604 utbenedictionem
1971 3548 2222 3604 Pastoris

568 3643 1043 3709 assequereutur,
1089 3654 1348 3710 cumque
1387 3653 1523 3692 eum
1558 3636 1637 3693 ibi
1678 3652 1799 3692 non
1839 3637 2216 3699 invenissent.

564 3726 700 3781 illos
726 3726 940 3780 invasit
957 3726 1249 3791 confusio,
1276 3741 1613 3796 moerorque
1630 3731 1687 3780 et
1703 3726 1886 3780 animi
1908 3726 2215 3795 aegritudo.

568 3817 716 3869 Eum
747 3814 928 3884 igitur
957 3813 1269 3883 diligenter
1297 3818 1591 3883 quaerunt,
1622 3828 1741 3867 non
1770 3829 2019 3884 parvam
2048 3820 2217 3869 terras

568 3907 795 3975 partem
824 3902 1133 3959 obeuntes.
1159 3900 1270 3957 Sed
1290 3900 1503 3955 reversi
1528 3901 1729 3955 vacuis
1746 3900 2051 3963 manibus,
2075 3917 2213 3958 cum

569 3991 777 4046 calidis
809 3991 1089 4058 lacrymis
1130 3990 1416 4045 accedunt
1449 3989 1524 4043 ad
1556 3989 1925 4061 episcopum,
1968 3997 2021 4045 et
2053 3992 2216 4062 apud

568 4095 706 4135 eum
736 4079 977 4144 deﬂent,
1007 4096 1067 4134 se
1099 4095 1230 4134 esse
1262 4079 1524 4150 privatos
1556 4094 1662 4133 suo
1690 4084 1949 4149 pastore.
1989 4079 2087 4135 Ille
2114 4096 2216 4135 au-

567 4172 684 4223 tem
705 4169 1002 4225 sauciatus
1016 4168 1260 4239 paribus
1274 4166 1801 4236 telisasgritudinis,
1822 4183 1960 4224 eum
1973 4183 2215 4241 quoque

566 4257 777 4329 quaerit
804 4256 1084 4311 similiter.
1116 4259 1434 4329 Postquam
1461 4272 1597 4312 vero
1623 4262 1679 4312 et
1704 4257 1828 4329 ipse
1851 4260 2126 4328 cognovit
2152 4275 2214 4314 se

565 4359 637 4401 ea
674 4345 885 4413 facere,
928 4361 1061 4416 qum
1099 4352 1265 4401 erant
1303 4346 1531 4400 inutilia
1570 4346 1716 4415 (tuto
1773 4347 1931 4401 enim
1974 4352 2215 4418 propter

567 4434 784 4505 quietis
816 4450 885 4489 ac
926 4434 1141 4489 silentii
1168 4435 1550 4504 cupiditatem
1592 4433 1815 4488 latebat
1843 4435 2209 4507 Abramius),

2318 556 2403 603 τὸν
2458 552 2673 627 ἀριθμὸν
2717 554 3071 624 ὑπάρχοντας·
3130 553 3219 600 καὶ
3262 551 3316 600 τὸ
3375 546 3465 599 ἀπ’
3517 546 3723 600 ἐκείνου
3782 550 3942 609 πολύς

2319 637 2379 698 ἦν
2409 650 2668 716 παραινῶν
2696 640 2811 693 καθ’
2844 640 3088 703 ἑκάστην,
3131 641 3219 688 καὶ
3260 633 3534 689 διδάσκων
3580 636 3807 702 αύτούς,
3854 642 3942 688 καὶ

2320 726 2700 801 διαλεγόμενος.
2750 732 2814 781 Οἱ
2847 725 2926 791 δὲ,
2975 729 3148 798 ὥσπερ
3184 725 3352 796 ἀγαθή
3404 745 3475 785 τις
3528 734 3619 796 γῆ,
3651 731 3749 778 καὶ
3786 730 3939 793 πίων,

2318 824 2408 870 καὶ
2436 816 2668 888 εὔυδρος,
2714 817 3125 876 πολλαπλασίους
3154 823 3252 867 τῶν
3292 816 3433 867 θείων
3464 817 3786 887 σπερμάτων
3825 819 3940 875 τοὺς

2319 911 2546 979 καρπούς
2595 903 2941 960 ἀπεδίδοσαν.
2991 905 3253 959 Ἐνιαυτόν
3298 906 3387 975 μὲν
3421 899 3508 956 οὖν
3548 902 3597 956 ἐν
3630 907 3848 966 τούτοις
3872 913 3942 974 τῷ

2321 995 2587 1068 Ἀϐραμίῳ
2618 997 2820 1055 ἠνύετο.

2394 1091 2488 1139 ΙΓ“.
2540 1084 2760 1138 ’Ἑπειτα
2813 1080 2991 1143 δείσας
3037 1086 3107 1155 μὴ
3160 1080 3207 1133 ἐν
3260 1085 3395 1154 μέσῃ
3447 1101 3596 1153 κωμῃ
3654 1086 3751 1133 καὶ
3784 1102 3941 1154 φρον·

2322 1179 2432 1226 τίσι
2488 1179 2577 1226 καὶ
2632 1172 2868 1244 θορύϐοις
2924 1176 3263 1246 στρεφόμενος
3314 1170 3630 1245 προσηλωθῇ
3677 1190 3788 1223 τινι
3842 1180 3941 1223 τῶν

2323 1262 2605 1334 βιωτικῶν,
2656 1262 2816 1322 ἄλλως
2865 1257 2925 1314 δε
2953 1266 3042 1313 καὶ
3093 1265 3186 1318 τὴν
3227 1264 3449 1332 ποίμνην
3480 1256 3586 1318 ἤδη
3620 1266 3737 1319 ταῖς
3773 1261 3943 1320 θείαις

2322 1350 2548 1412 ἐντολαῖς
2629 1354 3047 1424 κατηρτισμένην
3128 1347 3273 1415 ίδων,
3345 1349 3414 1411 εἰς
3502 1353 3589 1407 τὴν
3673 1354 3940 1420 προτέραν

2323 1444 2449 1511 ἔγνω
2523 1446 2613 1493 καὶ
2680 1441 2834 1493 πάλιν
2915 1439 3201 1492 ἐπανελθεῖν
3259 1437 3497 1511 ἐρημίαν.
3566 1442 3774 1499 Νυκτὸς
3832 1458 3943 1490 τοι-

2322 1537 2515 1602 γαρούν
2567 1528 2815 1590 ἀναστάς·
2889 1532 3041 1603 Κύριε
3099 1530 3123 1580 6
3191 1532 3344 1599 μόνος
3405 1525 3621 1599 ἁγαθός,
3682 1528 3708 1578 ὁ
3785 1531 3943 1599 μόνος

2328 1617 2705 1688 ἀμνησίκακος,
2771 1617 2953 1689 ἔλεγεν,
3009 1619 3034 1668 6
3083 1621 3168 1675 τήν
3217 1616 3475 1669 νεόλεκτον
3529 1618 3727 1673 ταύτην
3792 1617 3941 1674 πλη-

2330 1708 2418 1758 θὺν
2454 1715 2552 1758 τῶν
2584 1714 2673 1758 τοῦ
2706 1705 3053 1777 ἀντικειμένου
3100 1706 3260 1766 λύσις
3287 1702 3515 1778 δεσμῶν,
3565 1710 3657 1756 καὶ
3709 1701 3810 1757 διὰ
3842 1714 3938 1766 τῆς

2249 1811 2292 1863 Β
2330 1795 2399 1855 εἰς
2446 1799 2501 1847 σὲ
2545 1800 2765 1857 πίστεως
2796 1797 2939 1865 πόθῷ
2990 1790 3271 1854 συνδείσας
3324 1802 3396 1863 τῷ
3430 1801 3505 1863 σῷ
3536 1793 3695 1854 αύτός
3722 1793 3943 1846 ἐπιϐου-

2327 1884 2436 1944 λαῖς
2468 1881 2728 1957 δαιμόνων
2774 1883 3051 1949 ἀνάλωτον,
3093 1887 3150 1935 τὸ
3192 1887 3375 1956 μικρόν
3427 1902 3519 1934 σου
3563 1888 3711 1935 τουτὶ
3748 1890 3941 1942 συντὲ-

2328 1993 2489 2044 ρησον
2533 1978 2787 2045 ποίμνιον’
2841 1983 3076 2043 τείχισον
3128 1972 3313 2033 αύτούς
3368 1974 3437 2033 ὡς
3474 1970 3612 2042 ὅπλῳ
3660 1979 3723 2043 τῇ
3767 1992 3936 2045 exciri:

2331 2084 2446 2129 σου,
2487 2068 2577 2114 καὶ
2630 2071 2691 2135 τῇ
2742 2068 2970 2136 κραταιᾴ
3020 2081 3113 2113 σου
3164 2058 3449 2132 δυναστείᾳ
3491 2061 3803 2133 περίξωσον·
3848 2063 3939 2115 εύ-

2329 2160 2450 2225 μενῆ
2512 2149 2571 2203 δέ
2622 2170 2678 2203 σε
2734 2156 2821 2203 καὶ
2878 2152 2903 2202 ό
2952 2150 3269 2223 ταλαίπωρος
3313 2149 3410 2219 ἐγὼ
3443 2150 3666 2222 εὕροιμι,
3718 2151 3805 2202 ὅτε
3848 2152 3941 2209 θή-

2331 2261 2439 2303 σεις
2495 2246 2666 2316 κρίσιν
2709 2240 2780 2299 εἰς
2832 2236 3024 2292 ἐλπίδα
3064 2243 3153 2290 καὶ
3180 2243 3273 2296 τήν
3322 2238 3668 2311 ἐλεημοσύνην
3720 2257 3818 2289 σου
3868 2237 3941 2296 εἰς

2332 2333 2616 2402 σταθμούς·
2660 2326 2824 2401 μηδὲν
2856 2328 3228 2400 ἁμαρτήματος
3270 2327 3406 2398 λόγῳ
3454 2334 3526 2397 τῷ
3572 2334 3669 2388 τῆς
3718 2327 3939 2397 ὑποχω-

2328 2426 2525 2492 ρήσεως
2580 2421 2772 2478 ταύτης
2827 2421 2971 2489 παρὰ
3035 2425 3095 2489 τῇ
3161 2424 3226 2488 σῇ
3282 2420 3615 2489 χρηστότητι
3657 2414 3935 2487 λογισθείη

2330 2525 2437 2581 μοι·
2488 2511 2552 2559 σὺ
2583 2509 2683 2578 γὰρ
2735 2507 2784 2559 εἴ
2825 2512 3059 2577 γνὼστης
3090 2509 3317 2579 κρυφίων
3363 2509 3452 2556 καὶ
3500 2500 3733 2577 καρδιῶν
3764 2504 3940 2567 ἐξετα-

2334 2602 2477 2663 στὴς,
2538 2602 2625 2647 καὶ
2685 2600 2749 2647 σὺ
2806 2604 3035 2655 συνῆκας
3082 2598 3203 2657 τούς
3249 2591 3627 2665 διαλογισμούς
3678 2613 3779 2665 μου
3833 2593 3938 2645 ἀπὸ

2332 2687 2609 2759 μακρόθεν,
2661 2686 2739 2736 ὅτι
2788 2681 2880 2736 διὰ
2921 2688 2977 2735 σε
3006 2689 3095 2735 xui
3136 2688 3193 2735 τὸ
3251 2687 3339 2735 σὸν
3368 2684 3575 2757 φίλτρον
3605 2688 3700 2740 τὴν
3733 2680 3944 2742 ἀποδη-

2332 2780 2454 2848 μίαν
2504 2776 2696 2832 ταύτην
2751 2773 2976 2844 εἱλόμην·
3037 2778 3126 2824 xui
3172 2781 3269 2824 τῶν
3324 2770 3588 2844 βιωτικῶς
3644 2768 3761 2824 ἰδοὺ
3810 2776 3938 2825 πάν·

2331 2884 2427 2917 των
2478 2862 2696 2936 ἐμαυτὸν
2745 2862 3003 2933 ύπεξάγω,
3056 2868 3125 2933 μή
3177 2865 3276 2914 πού
3322 2880 3422 2913 τινι
3453 2864 3646 2914 τούτων
3686 2860 3773 2914 οἶα
3804 2882 3942 2915 σκο-

2337 2952 2467 3025 πέλῳ
2522 2951 2838 3027 προσράξας,
2891 2951 2938 3003 ἐν
2998 2951 3206 3022 πελάγει
3281 2954 3423 3023 μέσῳ
3493 2959 3590 3003 τῶν
3668 2961 3941 3024 κοσμικῶν

2334 3038 2619 3115 φροντίδων
2668 3043 2880 3095 ύποστῶ
2931 3044 3018 3093 τόν
3065 3043 3332 3110 ναυάγιον.
3365 3036 3494 3111 Εἶχε
3523 3042 3613 3110 μεν
3670 3040 3757 3092 οὖν
3792 3042 3939 3112 αύτῷ

2255 3154 2296 3212 C
2333 3133 2469 3193 τέλος
2525 3134 2591 3183 τὰ
2641 3140 2735 3193 τῆς
2780 3131 2964 3202 εύχῆς,
3008 3134 3094 3181 καὶ
3128 3134 3242 3201 τρὶς
3269 3137 3340 3199 τῷ
3391 3126 3687 3200 Δεσποτικῷ
3736 3136 3941 3202 σημείῳ

2334 3226 2427 3278 τήν
2470 3226 2649 3291 κώμην
2700 3216 3101 3292 διασφραγίσας
3145 3222 3234 3270 καὶ
3284 3220 3478 3275 ταύτην
3527 3222 3633 3288 Θεῷ
3666 3220 3940 3292 παραθεὶς,

2335 3306 2497 3379 ἐξόδῳ
2533 3312 2635 3359 τινὶ
2663 3306 2888 3381 λαθραία
2916 3307 3119 3359 κλέπτει
3145 3311 3237 3365 τὴν
3264 3307 3632 3382 ὑποχώρησιν.

2405 3466 2498 3521 ΙΔ’.

2332 3558 2464 3621 ἔθος,
2516 3554 2918 3621 καταλαϐόντας,
2994 3558 3127 3607 ὥστε
3180 3563 3274 3616 τῆς
3327 3558 3470 3629 παρὰ
3519 3562 3611 3607 τοῦ
3691 3561 3940 3629 ποιμένος

2545 3465 2733 3519 Ἐωθιν
2779 3464 2865 3518 οὖν
2914 3470 3029 3527 τούς
3074 3475 3168 3526 τῆς
3214 3471 3390 3539 κώμης
3432 3469 3489 3519 τὸ
3547 3470 3819 3542 κυριακὸν,
3867 3471 3941 3530 ὡς

2332 3645 2565 3717 εύλογίας
2620 3643 2922 3709 ἀξιωθῆναι,
2980 3650 3069 3696 καὶ
3122 3653 3303 3696 τοῦτον
3346 3642 3394 3695 ἐν
3449 3644 3589 3715 αύτῷ
3643 3650 3714 3717 μή
3761 3646 3937 3720 εύρόν-

2330 3754 2436 3802 τας,
2496 3738 2767 3806 σύγχυσις
2814 3730 2945 3804 εἶχε,
2996 3738 3085 3785 καὶ
3133 3732 3293 3796 λύπη,
3337 3738 3426 3785 καὶ
3468 3731 3684 3804 ἀθυμία·
3725 3736 3934 3808 ἔρευναν

2329 3830 2496 3875 τοίνυν
2548 3832 2637 3875 τοῦ
2694 3819 2882 3896 ἀνδρὸς
2939 3821 3126 3897 ἀκριϐῆ
3207 3824 3572 3894 ποιησάμενοι,
3655 3828 3806 3896 μέρος
3876 3844 3933 3876 τε

2326 3920 2422 3983 γῆς
2471 3912 2563 3963 οὐκ
2645 3910 2810 3981 ὀλίγον
2863 3915 3000 3963 κατὰ
3050 3912 3273 3971 ζήτησιν
3333 3909 3523 3963 ἐκείνου
3584 3911 3931 3984 περιελθόντες

2326 4005 2414 4052 καὶ
2485 4007 2651 4060 κεναῖς
2734 4004 2920 4072 χερσὶν
3002 4000 3439 4071 ὑποστρέψαντες,
3538 4005 3931 4074 προσέρχονται

2326 4092 2453 4160 μετὰ
2500 4092 2695 4161 θερμῶν
2747 4086 2986 4163 δακρύων
3032 4099 3102 4159 τῷ
3146 4098 3239 4150 τῆς
3292 4088 3584 4151 ἐπισκοπῆς
3634 4098 3931 4164 προεστῶτι

2324 4182 2414 4229 καὶ
2466 4181 2557 4235 τὴν
2612 4185 2703 4229 τού
2759 4174 2897 4230 ἰδίου
2956 4182 3198 4249 ποιμένος
3272 4183 3514 4251 στέρησιν
3579 4183 3710 4250 πρὸς
3771 4179 3927 4230 αὐτὸν

2326 4264 2697 4338 ἀποδύρονται.
2743 4266 2801 4318 Ὀ
2855 4263 2912 4319 δὲ
2950 4274 3055 4328 τοῖς
3084 4270 3219 4329 ἴσοις
3264 4275 3358 4326 τῆς
3389 4266 3615 4339 ἀθυμίας
3644 4273 3732 4319 καὶ
3772 4267 3930 4329 αύτὸς

2323 4358 2536 4429 τρωθεὶς
2592 4354 2815 4427 βελεσιν,
2868 4359 2987 4413 ἵσην
3035 4356 3193 4408 αὑτοῦ
3246 4364 3470 4409 ποιεῖται
3526 4362 3616 4409 καὶ
3677 4358 3925 4417 ζήτησιν.

2321 4446 2467 4497 Ἐπεὶ
2517 4441 2575 4497 δὲ
2627 4450 2715 4497 καὶ
2763 4445 2909 4506 οὗτος
2964 4444 3191 4503 ἀνήνυτα
3235 4448 3361 4517 ἔγνω
3398 4455 3564 4498 πονῶν
3623 4445 3927 4521 (ἐκρύπτετο

568 4527 725 4586 tunc,
762 4523 848 4575 sui
881 4521 1019 4576 cleri
1049 4526 1290 4591 accepta
1327 4526 1494 4591 parte
1534 4520 1753 4592 aliqua,
1792 4536 1928 4576 cum
1961 4505 2214 4581 venisset

2323 4537 2423 4607 γὰρ
2475 4533 2717 4606 ἀσφαλῶς
2780 4536 3031 4607 ἐπιθυμίᾳ
3078 4543 3170 4586 τοῦ
3228 4545 3324 4596 τῆς
3370 4537 3605 4607 ἡσυχίας
3656 4535 3817 4587 καλοῦ
3900 4537 3928 4586 6

568 4610 645 4666 ad
676 4609 893 4671 vicum,
937 4610 1196 4679 primum
1236 4608 1477 4680 quidem
1515 4608 1746 4664 illorum
1790 4611 2026 4665 animos
2071 4615 2212 4667 satis

568 4697 930 4763 consolatur,
963 4697 1064 4767 qui
1098 4712 1250 4765 aegre
1280 4696 1548 4752 ferebant
1573 4699 1824 4769 pastoris
1860 4698 2211 4757 absentiam.

566 4787 785 4843 Deinde
809 4802 945 4841 cum
964 4801 1063 4841 eos
1086 4784 1378 4854 elegisset,
1401 4786 1503 4857 qui
1525 4787 1916 4842 erantvirtute
1932 4788 2214 4858 insignio-

562 4891 657 4931 res
684 4893 696 4931 :
713 4874 927 4930 etalios
940 4874 1185 4946 quidem
1209 4874 1611 4945 presbyteros,
1628 4875 1778 4931 alios
1797 4882 1997 4932 autem
2016 4877 2213 4934 diaco-

562 4980 671 5020 nos
693 4964 1109 5027 constituisset,
1136 4967 1193 5018 et
1218 4962 1366 5017 alios
1390 4969 1721 5034 cooptasset
1747 4964 1808 5019 in
1840 4964 1987 5021 alios
2014 4983 2213 5022 sacros

563 5052 787 5122 gradus
811 5070 822 5107 :
856 5057 909 5107 et
926 5051 995 5106 iis
1019 5052 1191 5108 veluti
1213 5051 1545 5123 quamdam
1570 5052 1900 5109 tradidisset
1921 5054 2209 5124 regulam,

561 5144 619 5197 et
635 5139 887 5195 formam
920 5140 1375 5209 glorificationis,
1396 5154 1531 5212 qum
1561 5139 1625 5194 ﬁt
1650 5141 1708 5195 in
1740 5142 2015 5208 Ecclesia,
2050 5149 2105 5199 et
2128 5144 2211 5200 eis

563 5233 839 5300 precatus
858 5234 1014 5283 esset
1032 5230 1211 5284 vitam
1230 5233 1506 5299 pacatam
1525 5234 1579 5283 et
1598 5244 1632 5283 a
1646 5229 1918 5286 molestia
1935 5231 2205 5299 liberam,

560 5315 801 5373 recedit.
822 5317 962 5387 Quae
974 5316 1214 5386 quidem
1239 5332 1346 5372 nec
1367 5316 1637 5372 divinum
1656 5318 1898 5389 quidem
1913 5319 2210 5378 latuerunt

561 5405 929 5461 Abramium.
964 5405 1073 5460 Sed
1096 5407 1220 5477 ipse
1249 5424 1511 5480 quoque,
1546 5425 1681 5464 cum
1706 5409 1764 5464 in
1790 5425 1882 5479 eo,
1901 5410 1961 5465 in
1984 5428 2104 5484 quo
2125 5414 2208 5469 la-

561 5493 744 5557 tebat,
774 5491 903 5548 loco
933 5492 1055 5547 haec
1080 5509 1185 5564 per
1213 5496 1490 5566 Spiritum
1518 5498 1913 5567 cognovisset,
1944 5500 2021 5555 ab
2047 5500 2203 5557 illius

562 5580 676 5637 vici
706 5580 861 5636 curis
896 5580 1161 5636 animum
1197 5581 1486 5639 liberavit.
1527 5588 1673 5643 Nam
1713 5587 1818 5645 etsi
1859 5587 2205 5647 trahebatur

2325 4621 2649 4693 Ἀϐράμιος),
2699 4627 2848 4696 μέρος
2905 4632 2994 4674 τοῦ
3048 4625 3134 4675 ύπ⁹
3189 4625 3342 4676 αύτόν
3391 4624 3583 4699 κλήρου
3638 4633 3928 4683 τηνικαῦτα

2323 4711 2632 4786 παραλαϐὼν
2693 4716 2783 4763 καὶ
2850 4711 2916 4770 εἰς
2997 4716 3089 4768 τήν
3149 4717 3324 4784 κώμην
3384 4718 3663 4785 γενόμενος,
3742 4723 3927 4787 πρῶτα

2323 4802 2410 4871 μὲν
2470 4803 2651 4859 ἱκανῶς
2702 4801 3087 4873 παραμυθεῖται
3152 4804 3240 4863 τὰς
3287 4801 3486 4855 ἐκείνων
3543 4803 3730 4875 ψυχὰς
3800 4801 3926 4856 ὀδυ-

2322 4908 2489 4961 νηρως
2544 4889 2674 4959 ἄγαν
2737 4889 2961 4959 ἐχούσας
3030 4898 3091 4962 τῇ
3147 4898 3237 4942 τού
3293 4896 3534 4963 ποιμένος
3617 4889 3921 4965 ἀποδημία,

2321 4979 2495 5029 ἔπειτα
2548 4980 2667 5037 τούς
2725 4973 2799 5029 δι’
2851 4977 3033 5050 ἀρετήν
3100 4978 3527 5053 ἐπιφανεστέρους
3605 4980 3921 5053 ἀπολεξάμεο

2320 5086 2418 5130 νος,
2466 5070 2582 5126 τοὺς
2638 5068 2727 5136 μὲν
2783 5066 3182 5139 πρεσϐυτέρους,
3234 5073 3354 5131 τούς
3399 5067 3456 5122 δὲ
3514 5066 3788 5132 διακόνους
3830 5077 3919 5123 xui

2319 5154 2503 5215 ἄλλους
2558 5154 2731 5216 ἄλλοις
2784 5162 2880 5206 τῶν
2935 5158 3077 5230 ἱερῶν
3136 5156 3476 5227 ἐγκαταλέξας
3534 5158 3773 5232 βαθμῶν,
3827 5166 3920 5212 καὶ

2319 5245 2520 5304 τούτοις
2574 5245 2727 5295 οἱονεί
2780 5263 2895 5296 τινα
2941 5242 3213 5319 παραδούς
3254 5251 3443 5299 κανόνα
3485 5254 3573 5300 xui
3608 5254 3769 5301 τύπον
3826 5258 3919 5311 τῆς

2317 5334 2451 5383 κατὰ
2502 5336 2593 5390 τήν
2647 5331 2957 5389 Ἐκκλησίαν
3012 5330 3315 5405 δοξολογίας
3389 5342 3477 5389 xui
3548 5341 3683 5400 ζωήν
3738 5338 3920 5403 αύτοῖς

2318 5419 2577 5493 εἰρηνικήν
2633 5440 2685 5472 τε
2750 5426 2838 5473 καὶ
2912 5420 3105 5473 ἄλυπον
3174 5422 3523 5497 ἐπευξάμενος,
3600 5425 3917 5482 ἀπαλλάττε-

2314 5526 2419 5559 ται.
2474 5506 2635 5582 Ἀπερ
2677 5510 2763 5560 οὖν
2831 5506 2955 5562 οὐδὲ
3010 5514 3097 5563 τὸν
3153 5512 3283 5563 θεῖον
3333 5512 3617 5588 Ἀϐράμιον
3666 5515 3914 5583 ἐλελήθει,

2315 5593 2443 5649 ἀλλὰ
2488 5601 2577 5649 καὶ
2625 5596 2779 5660 αὐτὸς
2836 5595 2884 5650 ἓν
2961 5596 2999 5671 ᾧ
3068 5602 3345 5674 κέκρυπτο,
3373 5606 3513 5678 τόπῳ
3578 5604 3646 5658 τὰ
3694 5612 3915 5662 τοιαῦτα
