4110 6272
195 278 261 336 δι
1553 301 1722 362 VITA
1760 308 1824 365 s.
1861 309 2187 375 ABRAMII.
3464 337 3536 393 62

177 405 362 475 μαθὼν
417 407 509 459 καὶ
557 413 658 460 τῶν
701 413 819 482 περὶ
867 419 962 476 τῆς
1012 420 1195 489 κώμης
1248 420 1439 484 έκείνης
1494 426 1751 498 φροντίδω

177 496 277 527 ινδ...
313 493 501 527 .t......:...
556 495 824 527 ἕκηλά---
879 501 942 527 1-2
1009 507 1064 527 ,ς
1201 516 1222 526 ..
1313 519 1335 527 ..
1417 512 1429 527 ,
1555 520 1594 527 ..
1703 519 1736 527 _

1891 452 2094 527 amore
2124 443 2475 513 solitudinis,
2511 450 2664 506 curis
2709 455 2906 510 tamen
2941 455 3134 527 gregis
3175 473 3382 516 rursus
3413 465 3539 519 erat

175 496 277 552 τήν
313 493 501 567 ψυχὴν
555 495 824 588 ἀπολύσας
878 501 945 574 (εί
1006 507 1107 580 γὰρ
1158 516 1230 580 τῷ
1275 519 1364 573 τῆς
1409 493 1628 588 impia;
1678 519 1778 572 εἶλ-

173 601 295 635 κετο
349 585 520 656 ἔρωτι,
571 584 698 639 ἀλλά
741 593 831 642 καὶ
877 597 995 654 ταῖς
1037 600 1155 664 περὶ
1199 607 1290 651 τοῦ
1341 608 1582 674 ποιμνίου
1632 628 1779 681 φρον-

173 676 292 724 τίσι
334 672 486 725 πάλιν
528 671 744 748 δεσμοῖς
795 698 934 732 τισιν
983 681 1192 748 ἀλύτοις
1241 671 1492 762 ἐδέδετο),
1543 671 1775 768 τήνηψυ-

170 766 286 833 χήν
337 767 508 816 τοίνυν
556 763 640 818 ἐπὶ
706 770 908 831 τούτοις
982 769 1364 842 διαναπαύσας,
1437 786 1543 853 Θεῷ
1607 803 1660 838 τε
1711 789 1776 840 τὰ

171 851 354 905 εἰκότα
410 853 830 927 εὐχαριστήσας,
903 861 975 923 εἰς
1044 867 1102 916 τὸ
1169 866 1387 922 παλαιὸν
1458 870 1615 926 έκεῖνο
1684 882 1772 930 καὶ

168 939 328 993 πάλιν
385 941 646 997 έπάνεισιν
702 947 1004 1024 οἰκητήριον
1056 951 1280 1027 ἐχόμενά
1335 977 1390 1010 τε
1435 960 1596 1014 αὑτοῦ
1643 963 1772 1018 οἰκί-

175 1048 302 1083 σκον
348 1033 513 1104 ἕτερον
547 1032 974 1109 ἐποικοδομήσας
1020 1047 1109 1096 καὶ
1151 1048 1245 1103 τήν
1288 1045 1496 1101 εἰσοδον
1539 1050 1770 1126 ἀποφρά-

170 1117 286 1185 ξας,
338 1128 400 1216 τῇ
456 1126 684 1197 προτέρᾳ
733 1121 930 1180 δίδωσι
979 1135 1069 1183 καὶ
1126 1129 1277 1196 αὖθις
1329 1135 1508 1190 ἑαυτὸν
1556 1117 1764 1216 έρημίᾳ.

169 1212 301 1261 Τίνα
342 1206 402 1262 δε
443 1213 509 1263 τὰ
537 1211 762 1267 ἐντεῦθεν
804 1221 892 1269 καὶ
925 1217 1105 1281 ὁποίας
1143 1221 1282 1294 αὑτῷ
1321 1227 1504 1285 τίθησι
1531 1206 1770 1302 παγίδας

169 1298 197 1349 ὁ
251 1304 362 1360 τοῖς
390 1303 642 1362 τοιούτοις
698 1301 777 1357 ἀεὶ
828 1303 1130 1378 βασκαίνων
1171 1309 1372 1385 έκθρὸς,
1423 1320 1494 1387 μὴ
1550 1298 1770 1392 παραλι-

167 1393 282 1438 πεῖν
329 1387 492 1450 ἄξιον.
525 1393 698 1443 Μέσαι
748 1395 840 1464 μεν
884 1391 952 1454 δὴ
1010 1399 1185 1460 νύκτες
1224 1396 1358 1458 ἦσαν
1403 1405 1493 1464 τάς
1526 1387 1768 1470 συνήθεις

167 1473 335 1547 εύχάς
385 1483 677 1551 ποιουμένῳ
742 1490 813 1552 τῷ
863 1482 1133 1559 Ἀϐραμίῳ
1183 1494 1272 1540 καὶ
1319 1491 1344 1541 ὁ
1398 1499 1490 1543 τοῦ
1551 1498 1766 1557 σκότους

163 1566 466 1636 προστάτης
494 1577 820 1642 προσωπεῖον
865 1576 1027 1644 φωτὸς
1066 1573 1264 1638 ὑποδύς
1311 1584 1400 1632 καὶ
1447 1581 1571 1633 αὐτὸ
1614 1591 1763 1636 τοῦτο

167 1660 274 1724 φῶς
318 1654 448 1707 εἶναι
496 1657 921 1732 ὑποκρινάμενος,
965 1667 1133 1734 φωνήν
1180 1669 1304 1738 πρὸς
1352 1667 1508 1720 αὑτὸν
1556 1673 1622 1732 ὡς
1660 1670 1760 1724 ἀπὸ

162 1740 392 1805 πλήθους
440 1740 596 1803 δῆθεν
649 1747 791 1819 ἠφίει
860 1749 1044 1803 πολλοῦ
1102 1768 1114 1781 '

163 1829 440 1903 Ἀϐράμιε,
497 1832 769 1904 λέγουσαν,
830 1841 984 1899 ὅντως
1031 1842 1285 1916 μακάριος
1335 1840 1396 1911 εἶ,
1454 1851 1543 1899 καὶ
1590 1829 1762 1912 ούδεὶς

156 1919 297 1971 οὕτω
334 1922 401 1972 τὰ
440 1924 552 1975 θεῖα
595 1923 778 1987 τέλειος
831 1926 1021 1997 ἐγένετο
1051 1933 1184 1983 κατά
1215 1936 1290 1984 σέ.
1338 1939 1394 1986 Ὁ
1443 1931 1502 1988 δὲ
1541 1940 1600 1988 τὸ
1629 1945 1756 2012 πρᾶ-

151 2027 272 2079 ⁹γμα
326 2014 399 2082 μὴ
446 2009 731 2083 ἀγνοήσας,
786 2014 915 2068 ἀλλὰ
971 2026 1150 2072 τοῦτον
1217 2019 1403 2074 ἐκεῖνον
1456 2024 1586 2077 εἶναι
1637 2028 1760 2080 ὑπο-

149 2101 376 2163 νοήσας,
409 2103 496 2152 τὸν
540 2106 630 2154 καὶ
677 2109 856 2178 πρώην
912 2105 1137 2169 ἰσοθείας
1175 2109 1401 2184 ὑποϐολῇ
1447 2115 1534 2165 τὸν
1563 2115 1758 2189 ἄνθρω-

147 2205 254 2238 πον
302 2185 648 2248 ἀπατήσαντα
693 2199 782 2246 καὶ
833 2197 892 2246 τὸ
949 2204 1056 2268 φῶς
1099 2205 1250 2251 τοῦτο
1303 2199 1454 2253 πάλιν
1502 2205 1655 2257 οἱονεί
1705 2225 1758 2259 τι

150 2271 341 2351 δέλεαρ
395 2274 524 2330 dum
561 2277 859 2345 κενοδοξίας
909 2284 1179 2338 ὑπολαϐών
1234 2307 1247 2321 ο
1310 2294 1608 2363 Πεφίμωσο,
1655 2293 1757 2348 ἔλε-

147 2383 244 2435 γεν
279 2384 292 2398 ο
323 2368 539 2438 ἑπιτιμᾷ
583 2389 668 2421 σοι
698 2375 931 2444 Χριστὸς
968 2377 994 2426 ὁ
1035 2377 1186 2443 Θεὸς,
1218 2382 1410 2452 πονηρέ
1449 2397 1463 2412 ·
1497 2379 1756 2453 ἀφίστασε

150 2453 343 2506 θᾶττον
373 2452 464 2506 ἀπ’
493 2454 638 2529 ἐμοῦ,
689 2459 956 2532 ὑποχώρει
998 2481 1089 2534 μοι
1133 2463 1145 2518 !
1195 2461 1348 2518 οὐδὲν
1394 2469 1496 2541 γάρ
1545 2467 1605 2520 ἀν
1652 2471 1754 2524 ἕτε-

147 2560 245 2616 ρον
274 2542 495 2615 έμαυτὸν
548 2547 704 2618 ἔγωγε
744 2547 998 2619 οἱηθείην,
1043 2552 1122 2604 ὃτι
1165 2557 1237 2624 μή
1279 2563 1378 2625 γῆν
1407 2560 1499 2609 καὶ
1530 2556 1747 2616 σποδόν.

145 2636 331 2684 Ταῦτα
383 2628 512 2701 εἶπε,
561 2639 650 2687 καὶ
695 2635 764 2698 εἰς
815 2643 1008 2691 καπνὸν
1066 2641 1218 2705 εὐθὺς
1271 2645 1301 2702 ἡ
1354 2651 1615 2716 φαντασία
1657 2659 1750 2703 τοῦ

147 2723 317 2791 φωτὸς
367 2717 602 2788 διελύθη,
658 2728 748 2777 καὶ
791 2729 850 2778 τὸ
891 2724 1072 2802 δρᾶμα
1118 2729 1344 2803 ἠλέχθη,
1393 2739 1483 2787 καὶ
1514 2737 1544 2794 ἠ
1580 2744 1744 2799 σκηνὴ

142 2811 211 2861 τὸ
257 2818 582 2882 προσωπεῖον
635 2811 933 2888 ἀπέρριψεν.
994 2818 1146 2871 Οὕτω
1196 2830 1470 2896 τοιγαροῦν
1523 2823 1747 2897 αἰσχυν-

1889 526 2122 620 vinctus
2151 533 2403 591 vinculis
2429 537 2868 598 insolubilibus.
2904 526 3064 600 Cum,
3079 561 3240 616 ergo,
3273 549 3439 620 quod
3457 550 3536 608 ad

1888 615 2015 674 haec
2053 621 2357 689 attinebat,
2399 627 2600 696 quieto
2631 635 2787 686 esset
2814 632 3039 700 animo,
3073 640 3128 691 et
3155 615 3387 703 iDeo,ut
3425 655 3535 710 par

1887 711 2031 773 erat,
2063 711 2278 780 egisset
2311 715 2552 782 gratias,
2579 733 2783 775 rursus
2813 723 3122 778 revertitur
3151 725 3227 779 ad
3259 732 3427 783 vetus
3458 727 3532 783 il-

1886 792 1985 850 lud
2006 796 2434 858 habitaculum.
2470 806 2693 863 Etcum
2723 809 2774 864 ei
2801 811 3144 881 contiguam
3175 813 3533 872 aadiﬁcasset

1883 883 2333 958 domunculam,
2358 897 2415 949 et
2439 893 2823 952 obstruxisset
2848 899 3096 966 aditum,
3125 902 3307 972 priori
3331 920 3394 958 se
3418 909 3531 962 tra-

1881 973 1965 1030 dit
1977 975 2299 1036 solitudini.
2320 981 2594 1046 Quaenam
2609 989 2800 1041 autem
2813 987 3173 1045 suntdeinde
3187 997 3526 1060 consecuta,

1881 1068 1936 1120 et
1977 1082 2280 1138 quosnam
2310 1070 2362 1125 ei
2387 1071 2573 1128 tendit
2608 1073 2856 1146 laqueos
2884 1076 2988 1148 qui
3021 1077 3198 1134 rebus
3229 1080 3526 1150 ejusmodi

1879 1151 2104 1211 invidet
2140 1157 2439 1225 inimicus,
2481 1175 2602 1217 non
2641 1167 2732 1219 est
2767 1165 3359 1234 praetermittendum.
3394 1173 3526 1228 Erat

1879 1244 2122 1313 quidem
2149 1263 2266 1302 nox
2288 1249 2507 1315 media,
2530 1267 2670 1306 cum
2693 1260 3012 1310 consuetas
3031 1271 3234 1328 preces
3257 1258 3527 1316 funderet

1877 1333 2220 1390 Abramius:
2239 1353 2457 1407 praeses
2475 1345 2677 1396 autem
2693 1342 3092 1409 tenebrarum,
3109 1353 3384 1419 suscepta
3397 1364 3522 1420 per-

1878 1421 2299 1492 sonaluminis,
2323 1431 2524 1483 eteam
2540 1428 2733 1500 ipsam
2750 1429 2944 1486 lucem
2963 1448 3095 1489 esse
3116 1435 3424 1502 simulans,
3445 1437 3523 1493 ad

1877 1524 2014 1564 eum
2036 1512 2243 1568 emittit
2259 1529 2488 1579 vocem,
2511 1520 2802 1588 tanquam
2821 1535 2889 1574 ex
2908 1535 3129 1590 magna
3148 1523 3520 1580 multitudine

1874 1597 2171 1655 dicentem
2196 1617 2207 1655 :
2225 1603 2432 1658 Beatus
2451 1619 2533 1672 es,
2549 1620 2729 1660 senex
2745 1605 3008 1675 Abrami,
3031 1625 3162 1666 vere
3184 1627 3248 1665 es
3267 1611 3476 1668 beatus
3502 1629 3516 1680 ;

1873 1691 1929 1742 et
1962 1703 2140 1744 nemo
2171 1689 2229 1744 in
2259 1690 2437 1745 rebus
2467 1691 2684 1747 divinis
2712 1692 2819 1749 fuit
2849 1699 2969 1751 tam
3001 1697 3318 1768 perfectus,
3369 1701 3520 1757 sicut

1171 1756 1440 1828 Μακάριος
1491 1755 1552 1824 εἶ,
1612 1763 1751 1835 γέρον

1874 1780 1955 1830 tu.
1984 1776 2085 1831 Ille
2110 1781 2308 1833 autem
2334 1794 2468 1834 cum
2490 1795 2615 1836 rem
2640 1781 2884 1838 minime
2905 1783 3224 1854 ignoraret,
3248 1787 3352 1843 sed
3379 1804 3517 1846 eum

1868 1864 2035 1921 illum
2057 1881 2188 1922 esse
2218 1874 2622 1938 cognosceret,
2650 1871 2753 1942 qui
2783 1871 3014 1944 decepit
3046 1874 3304 1944 primum
3325 1876 3517 1933 homi-

1867 1968 2026 2018 nem,
2052 1955 2106 2010 ei
2123 1957 2518 2025 suggerendo,
2541 1958 2706 2029 quod
2728 1958 2959 2016 futurus
2973 1967 3127 2017 esset
3156 1965 3271 2019 Deo
3285 1963 3512 2032 similis,

1866 2047 1922 2098 et
1945 2044 2119 2098 sciret
2143 2044 2298 2100 hanc
2336 2045 2528 2100 lJcem
2561 2062 2694 2102 esse
2728 2048 2907 2104 veluti
2937 2050 3268 2122 quamdam
3308 2068 3507 2109 escam

1866 2147 2036 2188 vanas
2084 2133 2286 2202 gloriae
2337 2150 2351 2189 :
2391 2133 2801 2207 Compescere,
2861 2137 3007 2194 dixit
3064 2153 3078 2192 :
3142 2145 3195 2194 te
3246 2141 3514 2212 increpat

1866 2220 2120 2278 Christus
2154 2224 2326 2288 Deus,
2363 2238 2399 2278 ο
2441 2222 2717 2293 maligne.
2750 2234 2795 2280 A
2835 2241 2931 2282 me
2969 2226 3082 2284 cito
3113 2228 3320 2284 recede
3356 2245 3368 2284 :
3406 2229 3510 2285 ab-

1864 2311 1937 2365 sit
1962 2311 2142 2376 enim,
2179 2315 2241 2367 ut
2273 2327 2368 2367 me
2398 2311 2623 2385 aliquid
2655 2313 2818 2370 aliud
2857 2331 2988 2371 esse
3019 2321 3223 2388 putem
3254 2317 3367 2373 nisi
3402 2323 3510 2374 ter-

1861 2415 1990 2455 ram
2014 2405 2071 2456 et
2100 2399 2357 2456 cinerem
2392 2445 2403 2456 .
2440 2402 2746 2469 Hrecdixit,
2765 2409 2821 2460 et
2843 2403 2904 2459 in
2928 2404 3161 2460 fumum
3190 2407 3384 2462 statim
3404 2407 3510 2464 fuit

1861 2489 2150 2545 dissoluta
2167 2491 2756 2561 phantasialuminis,
2776 2498 2830 2548 et
2849 2493 3197 2549 manifestus
3213 2494 3320 2550 fuit
3338 2501 3507 2552 actus

1861 2577 2178 2634 simulatus
2204 2585 2258 2634 et
2287 2595 2466 2635 scena
2495 2580 2711 2651 abjecit
2739 2597 3078 2653 personam.
3111 2583 3202 2639 Sic
3231 2599 3374 2652 ergo
3405 2601 3510 2656 pu-

1859 2667 2004 2724 dore
2044 2666 2310 2734 affectus,
2344 2684 2482 2723 eum
2514 2669 2809 2726 contraria
2838 2670 3064 2726 ratione
3105 2671 3448 2741 aggreditur
3489 2690 3501 2728 :

1858 2757 2008 2814 sicut
2045 2757 2166 2813 illic
2205 2773 2310 2830 per
2347 2757 2776 2825 adulationem,
2818 2759 2900 2814 ita
2939 2759 3035 2816 hic
3074 2776 3179 2832 per
3231 2759 3506 2818 timorem

1857 2862 1996 2901 eum
2028 2861 2254 2902 conans
2281 2846 2687 2918 supplantare.

146 2916 280 2978 θεὶς,
342 2911 434 2966 διὰ
502 2923 602 2967 τῶν
656 2916 892 2971 ἓναντίων
960 2922 1294 2995 προσϐάλλει,
1365 2929 1536 3004 ὥσπερ
1612 2929 1716 2984 ἐκεῖ
1762 2929 1854 2986 διὰ
1917 2934 2208 3004 κολακείας,
2279 2935 2443 2999 οὕτως
2517 2934 2737 2990 ἐνταῦθα
2802 2932 2896 2990 διὰ
2954 2934 3100 2999 δέους
3157 2937 3504 2992 ύποσκελίσαι

144 3007 480 3075 πειρώμενος.

222 3090 321 3144 ΙΕ’.
357 3091 432 3144 Ού
472 3091 603 3144 πολὺ
649 3095 750 3169 γὰρ
800 3098 856 3148 τὸ
905 3095 953 3148 ἐν
997 3101 1141 3171 μέσῳ
1188 3105 1278 3153 καὶ
1323 3102 1510 3176 ὁρᾶται
1551 3107 1750 3180 νύκτωρ

1933 3113 2040 3166 XV.
2059 3115 2185 3168 Non
2203 3112 2456 3168 multum
2474 3114 2631 3170 enim
2649 3115 2976 3170 intercessit
2990 3116 3293 3188 temporis,
3313 3121 3370 3173 et
3381 3132 3508 3174 rur-

147 3178 296 3250 αύτῷ
325 3179 483 3233 πάλιν
516 3180 694 3245 ἀξίνην
752 3188 989 3258 κατέχων
1033 3195 1096 3260 τῇ
1148 3184 1298 3260 δεξιᾷ
1334 3196 1424 3244 καὶ
1461 3196 1626 3264 μέσην
1659 3178 1751 3268 μὲν

141 3267 326 3330 έοικώς
372 3274 468 3328 την
520 3280 612 3333 τῆς
671 3277 862 3345 στέγης
910 3271 1065 3328 δοκὸν
1123 3274 1435 3352 διατέμνειν,
1489 3289 1748 3336 συσσείων

143 3354 211 3410 δὲ
255 3354 438 3422 δεινῶς
465 3364 556 3412 καὶ
609 3361 798 3414 κλονῶν
852 3366 936 3416 τὸν
984 3365 1238 3434 οἰκίσκον,
1283 3367 1458 3429 πλήθη
1503 3390 1558 3424 τε
1614 3376 1748 3427 κατά

140 3454 241 3498 τοῦ
292 3446 580 3520 Ἀϐραμίου
630 3451 761 3523 μετά
817 3450 1056 3516 σπουδῆς
1119 3457 1272 3510 οἱονεὶ
1331 3459 1604 3530 συγκαλῶν
1655 3467 1746 3515 καὶ

143 3535 278 3598 ὅλως
329 3537 558 3612 θορυϐῶν
622 3542 710 3591 τὸν
775 3537 948 3614 ἄνδρα
1015 3548 1107 3596 καὶ
1176 3543 1520 3621 ἐκταράττων.
1573 3548 1632 3602 Ὀ
1686 3548 1747 3605 δε

141 3623 415 3679 κάνταῦθα
457 3626 610 3680 πάλιν
671 3629 697 3680 ὃ
746 3629 899 3692 αὑτὸς
944 3628 1027 3696 ἧν,
1082 3633 1175 3685 ούκ
1230 3633 1424 3706 ἀγνοῶν
1475 3641 1560 3690 τὸν
1601 3639 1743 3693 πολέο

143 3733 266 3786 μιον
299 3735 312 3748 ·
361 3714 534 3788 ἀμέλει
572 3721 662 3769 καὶ
689 3721 820 3791 πρὸς
863 3724 958 3779 τὴν
989 3721 1108 3792 ὄψιν
1138 3721 1288 3776 οὐδὲν
1319 3721 1701 3800 διαταραχθείς
1728 3749 1740 3762 ·

146 3823 174 3854 α
221 3805 398 3856 Πάντα
442 3807 506 3857 τά
547 3807 666 3865 ἔθνη
697 3806 992 3861 ἔκύκλωσάν
1023 3829 1104 3882 με,
1147 3830 1175 3864 ν
1211 3813 1380 3886 ἠρέμα
1418 3817 1534 3868 καθ’
1566 3817 1743 3870 ἑαυτὸν

141 3892 416 3965 ὑπεφώνεί,
478 3914 506 3945 ‹‹
561 3899 650 3948 καὶ
697 3903 769 3966 τῷ
820 3897 1034 3970 ὀνόματι
1071 3905 1264 3973 Κυρίου
1313 3902 1590 3977 ἠμυνάμην
1644 3907 1742 3959 αύ-

140 3983 287 4044 τούς.
321 4001 349 4034 »
375 3985 658 4047 Τοιαύταις
709 3986 822 4038 κατ’
870 3985 1066 4062 ἐχθροῦ
1112 3986 1342 4060 ἐπῳδαῖς
1382 3993 1408 4044 ὀ
1438 3992 1739 4070 Ἀϐράμιος,

138 4073 404 4131 τοιούτοις
476 4071 654 4134 ὅπλοις
706 4071 981 4146 έκέχρητο.
1030 4081 1094 4129 Τί
1145 4074 1234 4130 οὖν
1287 4078 1474 4143 ἐκεῖνος
1523 4099 1537 4149 ;
1600 4083 1740 4137 Ἐπι-

141 4161 418 4232 στρατεύει
465 4165 555 4213 καὶ
611 4156 764 4224 αὖθις
793 4162 932 4234 αὐτῷ
964 4167 1095 4236 μετὰ
1132 4174 1316 4227 ταῦτα,
1369 4169 1580 4242 σφοδρῷ
1608 4173 1740 4223 πάνυ

135 4252 271 4323 πυρὶ
313 4255 687 4324 καταπιμπρᾷν
719 4247 886 4304 δοκῶν
933 4257 990 4305 τὸ
1033 4253 1245 4324 ψιάθιον
1291 4274 1302 4285 ·
1349 4263 1438 4310 καὶ
1497 4259 1550 4320 ὃς
1591 4256 1741 4311 οὐδὲν

136 4341 274 4411 πρὸς
326 4341 420 4397 τὴν
487 4338 650 4411 φλόγα
704 4341 882 4392 παθὼν
949 4340 1165 4407 ἐκείνην,
1230 4343 1485 4420 ἀταράχῳ
1555 4348 1742 4419 ψυχῆς

137 4425 405 4480 ἐπέϐαινεν
455 4427 617 4490 αὐτῆς
674 4434 1042 4503 καταστήματι
1075 4452 1088 4465 υ

135 4534 269 4584 γων,
329 4519 419 4566 και
492 4512 807 4588 βασιλίσκον
883 4515 1112 4591 ἐπιϐήσῃ
1192 4525 1283 4573 καὶ
1352 4528 1741 4586 καταπατήσεις

136 4601 327 4656 λέοντα
371 4607 461 4656 καὶ
517 4600 800 4676 δράκοντα.
849 4627 867 4654 ο
915 4603 1048 4661 Εἶτα
1090 4607 1465 4682 καταλαμϐάνει
1501 4609 1678 4664 λοιπὸν
1705 4615 1736 4672 ἡ

139 4700 240 4756 τῆς
289 4699 479 4764 τροφῆς
524 4694 821 4767 προθεσμία
850 4699 938 4747 καὶ
989 4696 1014 4747 ὁ
1053 4700 1142 4769 μὲν
1195 4695 1338 4773 ὕδωρ
1384 4704 1537 4772 μόνον
1577 4701 1739 4773 ἑαυτῷ

138 4782 491 4856 παρατίθεται
533 4801 546 4813 ο
591 4781 890 4855 μεταϐαλὼν
939 4780 997 4836 δὲ
1049 4784 1122 4848 εἰς
1147 4792 1410 4840 νεανίσκον
1443 4793 1468 4841 ὸ
1493 4794 1736 4864 πονηρὸς,

140 4879 203 4944 τῇ
257 4874 406 4942 χειρὶ
442 4869 600 4941 ψαύει
650 4879 741 4924 τοῦ
793 4877 1061 4945 ποτηρίου,
1100 4873 1382 4949 ἀνατρέψαι
1431 4885 1584 4931 τοῦτο
1629 4898 1740 4932 πει-

139 4966 390 5034 ρώμενος.
453 4958 734 5032 Ἀϐράμιος
789 4957 848 5013 δὲ
898 4963 922 5014 ὁ
975 4964 1108 5025 θεῖος
1146 4962 1311 5036 μηδὲν
1368 4964 1738 5031 ὑποδειλιάσας

139 5052 277 5121 μετὰ
331 5051 706 5110 καταστάσεως
761 5050 942 5120 ὑγιοῦς
1001 5054 1058 5103 τὸ
1105 5049 1248 5128 ὕδωρ
1297 5059 1538 5129 προσίετο
1589 5078 1602 5090 ο
1647 5062 1737 5111 καὶ

139 5139 237 5211 ὁρᾶ
279 5155 370 5209 μοι
407 5144 501 5189 τοῦ
529 5145 759 5211 πονηροῦ
809 5142 904 5197 τήν
948 5137 1214 5193 ἀναίδειαν
1257 5147 1346 5196 καὶ
1389 5145 1521 5205 ὅπως
1550 5145 1736 5197 πολλά-

136 5245 215 5288 κις
260 5226 641 5299 ἀποκρουσθεὶς
689 5222 814 5278 οὐδὲ
857 5227 1020 5288 οὑτως
1067 5227 1322 5300 ἀφίστατο
1351 5248 1365 5262 ·
1401 5231 1509 5283 ἀλλ’
1542 5235 1612 5296 εἰς
1650 5235 1738 5286 ἕνα

139 5324 237 5368 τῶν
287 5317 709 5389 ὑπηρετουμένων
760 5322 832 5386 τῷ
886 5315 1016 5388 ἁγίῳ
1067 5322 1154 5369 καὶ
1213 5318 1368 5379 στολῆ
1423 5325 1513 5373 καὶ
1559 5330 1731 5394 μορφῇ

141 5402 323 5458 ἑαυτὸν
363 5399 664 5477 διαμείψας,
705 5403 922 5477 λυχνίαν
970 5424 1024 5458 τε
1073 5409 1335 5480 παρετίθει
1381 5425 1394 5438 ⁸
1428 5411 1605 5462 ἔπειτα
1646 5415 1736 5463 καὶ

218 5584 264 5623 ιο
305 5581 458 5640 Psal.
499 5595 678 5650 cxvii,
722 5585 805 5639 to.
851 5584 894 5620 "
975 5582 1126 5640 Psal.
1164 5600 1256 5652 xc,
1295 5589 1378 5644 13.

1860 3214 1961 3253 sus
1991 3199 2068 3255 ab
2098 3215 2169 3256 eo
2194 3204 2373 3256 noctu
2395 3202 2650 3257 cernitur
2681 3219 2862 3259 manu
2892 3209 3098 3260 tenens
3126 3206 3380 3262 securim
3411 3225 3423 3266 :
3450 3209 3506 3262 et

1858 3286 2174 3344 videbatur
2197 3288 2441 3360 quidem
2471 3290 2730 3346 mediam
2759 3292 2893 3348 tecti
2919 3293 3150 3348 trabem
3180 3293 3500 3361 dissecare,

1856 3375 2115 3444 graviter
2145 3381 2342 3431 autem
2371 3382 2685 3434 concutere
2709 3384 2765 3434 et
2786 3395 3022 3435 movere
3049 3380 3501 3447 domunculam,

1855 3469 1911 3520 et
1927 3463 2366 3519 multitudinem
2383 3465 2440 3519 in
2458 3465 2989 3538 Abramiumquasi
3005 3483 3217 3537 magno
3234 3469 3501 3541 quodam

1855 3552 2051 3608 studio
2072 3567 2427 3620 convocare,
2451 3559 2506 3609 et
2523 3555 2599 3610 ad
2618 3570 2917 3610 summam
2943 3572 3079 3612 eum
3104 3557 3359 3626 graviter
3376 3573 3503 3630 per-

1853 3639 2113 3697 turbare.
2151 3639 2244 3696 llle
2281 3646 2481 3697 autem
2516 3641 2612 3697 hic
2648 3657 2890 3714 quoque
2919 3659 3124 3699 rursus
3161 3645 3320 3700 idem
3354 3650 3499 3716 erat,

1853 3729 2072 3786 hostem
2087 3729 2614 3802 minimeignorans.
2631 3731 2861 3787 Visione
2874 3731 3068 3804 itaque
3083 3732 3220 3788 nihil
3233 3733 3497 3790 territus:

1854 3819 2122 3874 «Omnes
2144 3823 2346 3891 gentes
2366 3835 2460 3874 me
2482 3819 3019 3888 circumdederunt,
3046 3841 3073 3873 »
3089 3821 3311 3878 sensim
3334 3821 3500 3894 apud

1854 3922 1917 3962 se
1929 3906 2185 3974 dicebat,
2206 3929 2233 3957 «
2257 3911 2313 3964 et
2335 3909 2394 3963 in
2411 3908 2652 3964 nomine
2677 3908 2908 3965 Domini
2925 3909 3084 3966 ultus
3104 3927 3237 3966 sum
3257 3927 3359 3967 eos
3377 3913 3446 3967 ιδ.
3469 3932 3496 3963 ››

1850 3995 2088 4051 Talibus
2120 3996 2408 4052 adversus
2431 3995 2740 4052 inimicum
2766 3997 3134 4055 carminibus
3161 3999 3496 4066 Abramius,

1853 4084 2068 4140 talibus
2091 4086 2271 4140 armis
2292 4089 2376 4139 est
2407 4101 2569 4140 usus.
2599 4085 2748 4151 Quid
2772 4086 2866 4141 ille
2896 4102 3037 4156 ergo
3069 4091 3096 4142 ε)
3127 4090 3185 4142 1η
3211 4103 3348 4143 eum
3371 4104 3498 4144 rur-

1851 4188 1954 4227 sus
1983 4172 2206 4227 bellum
2238 4173 2382 4243 gerit
2409 4177 2634 4243 postea,
2668 4179 2733 4229 ut
2751 4173 2854 4246 qui
2884 4174 3216 4232 vehementi
3247 4176 3382 4245 igne
3409 4176 3498 4232 vi-

1851 4260 2088 4316 deretur
2099 4260 2447 4316 comburere
2462 4266 2742 4316 stoream.
2759 4261 2856 4318 Ille
2873 4267 3071 4318 autem
3085 4263 3230 4318 nihil
3249 4263 3494 4320 affectus

1851 4365 1916 4404 ea
1973 4349 2217 4414 visione,
2259 4348 2520 4405 interrito
2558 4349 2723 4404 vultu
2763 4366 2900 4406 eum
2939 4351 3176 4420 invasit,
3216 4352 3418 4408 dicens
3477 4369 3491 4411 :

1132 4453 1161 4479 ο(
1208 4434 1325 4486 Ἐπὶ
1381 4431 1605 4503 ἀσπίδα,
1661 4435 1743 4490 λέ-

1861 4442 1881 4491 tt
1923 4439 2110 4510 Super
2129 4437 2402 4510 aspidem
2433 4444 2488 4494 et
2519 4437 2839 4494 basilicum
2866 4438 3235 4510 ingredieris,
3269 4445 3324 4497 et
3353 4457 3494 4498 con-

1849 4525 2112 4582 culcabis
2149 4526 2381 4582 leonem
2423 4531 2480 4583 et
2513 4527 2837 4584 draconem
2877 4529 2944 4584 ίτ.
2987 4549 3016 4578 »
3061 4529 3278 4585 Deinde
3334 4530 3496 4587 venit

1849 4619 2084 4687 tempus
2102 4614 2454 4670 comedendi
2473 4633 2488 4669 :
2507 4620 2563 4670 et
2578 4615 2670 4670 ille
2683 4616 2926 4688 quidem
2941 4616 3128 4673 solam
3144 4617 3254 4674 sibi
3271 4634 3494 4690 aquam

1847 4705 2094 4777 apponit
2112 4719 2126 4758 :
2144 4704 2449 4775 malignus
2461 4707 2658 4761 autem
2680 4707 2938 4762 mutatus
2953 4704 3014 4761 in
3031 4705 3490 4775 adolescentem,

1849 4810 2035 4850 manu
2073 4793 2262 4863 tangit
2291 4793 2595 4864 poculum,
2627 4793 2770 4848 illud
2811 4810 3038 4850 conans
3075 4801 3353 4851 evertere.
3396 4795 3494 4852 Di-

1847 4882 2018 4937 vinus
2052 4886 2268 4937 autem.
2287 4881 2605 4938 Abramius
2638 4883 2782 4938 nihil
2806 4884 3166 4955 perterritus,
3197 4887 3492 4942 constanti

1847 4969 2012 5026 vultu
2038 4985 2259 5042 aquam
2291 4970 2685 5043 accepit.Vide
2717 4976 2916 5028 autem
2944 4973 3089 5028 mihi
3117 4973 3356 5045 maligni
3383 4974 3492 5030 im-

1845 5058 2216 5130 pudentiam.
2235 5060 2401 5132 Saepe
2415 5060 2786 5132 repulsus,ne
2801 5061 2884 5116 sic
2895 5061 3139 5134 quidem
3150 5063 3488 5134 recedebat,

1845 5147 1948 5202 sed
1971 5163 2177 5204 rursus
2198 5148 2257 5204 in
2281 5165 2471 5205 unum
2488 5149 2787 5219 exiis,qui
2811 5157 3016 5205 sancto
3039 5150 3487 5220 ministrabant,

1845 5239 2005 5291 veste
2026 5240 2081 5291 et
2099 5235 2292 5292 forma
2321 5238 2586 5308 seipsum
2620 5243 2880 5303 mutans,
2912 5254 3049 5293 cum
3082 5243 3320 5295 sanctus
3352 5246 3490 5296 tunc

1845 5324 2200 5390 comederet,
2232 5325 2537 5381 lucernam
2571 5327 2622 5381 ei
2651 5326 3012 5398 apponebat.
3059 5327 3274 5382 Deinde
3308 5329 3489 5385 etiam

1844 5411 2157 5469 videbatur
2180 5413 2320 5470 talia
2349 5427 2562 5468 canere
2596 5436 2609 5468 :
2648 5436 2674 5464 υ
2700 5413 2856 5471 Beati
2883 5413 3252 5473 immaculati
3276 5416 3338 5472 in
3365 5415 3486 5486 via,
