4110 6272
598 300 670 356 63
1976 292 2237 349 MENSIS
2279 287 2603 349 MARTIUS

601 426 705 499 qui
731 425 1036 482 ambulant
1066 426 1124 482 in
1156 426 1286 496 lege
1311 424 1541 481 domini
1562 424 1630 480 η.
1662 444 1690 475 »
1726 422 1830 477 Hic
1860 424 2080 486 autem,
2118 432 2255 473 vere

2368 410 2511 484 ᾅδειν
2556 433 2621 465 τα
2654 417 2872 464 τοιαῦτα
2914 405 3083 462 ἐδόκει

600 514 831 585 beatus,
862 521 986 572 erat
1008 516 1184 587 plane
1211 515 1448 582 surdus,
1484 513 1664 585 utqui
1698 528 1870 567 aures
1902 510 1979 565 ad
1999 510 2127 564 haec
2154 506 2256 562 ob-

603 609 871 669 strueret,
907 604 1098 659 donec
1130 604 1383 675 sumpsit
1418 602 1560 657 illud
1594 601 1898 656 modicum
1940 598 2077 653 cibi.
2122 598 2257 651 Post

601 692 756 747 hanc
784 697 981 748 autem
1005 708 1255 763 parvam
1274 692 1536 764 corporis
1557 691 1950 753 curationem,
1973 686 2162 741 crucis
2183 684 2256 739 si-

604 796 723 849 gno
754 781 1017 836 munitus
1048 798 1059 834 :
1098 780 1153 837 Si
1184 781 1414 847 beatos,
1446 779 1655 850 inquit,
1690 777 1844 832 nosti
1883 793 2005 840 eos,
2037 774 2141 846 qui
2172 772 2257 827 di-

602 868 794 938 ligunt
824 869 1163 932 Dominum,
1194 885 1298 923 cur
1327 884 1448 924 non
1480 883 1681 923 cessas
1709 866 1945 922 assidue
1987 865 2069 919 eis
2101 861 2257 918 exhi-

600 956 741 1012 bere
774 957 1102 1012 molestiam
1124 958 1152 1011 ἱ)
1174 956 1270 1012 Ille
1288 962 1486 1012 autem
1505 955 1891 1027 respondens,
1924 952 2017 1008 vel
2036 951 2256 1007 invitus

604 1060 777 1099 suam
820 1045 1132 1100 conﬁtetur
1173 1044 1482 1110 malitiam,
1513 1051 1569 1099 et
1598 1043 1739 1097 dicit
1768 1060 1780 1096 :
1825 1042 2119 1107 Quoniam
2154 1055 2256 1093 eos

604 1132 831 1188 bonum
865 1149 1134 1188 exercere
1166 1133 1360 1197 video,
1385 1149 1494 1188 nec
1528 1148 1777 1203 possum
1812 1130 1933 1202 pati
1956 1129 2016 1185 id
2037 1128 2254 1184 videre.

3948 280 4006 334 δι

3135 425 3148 439 ·
3196 426 3225 458 ι(
3267 407 3537 480 Μακάριοι
3590 407 3643 458 οἱ
3692 406 3922 478 ἄμωμοι
3962 406 4001 456 ἐι

2365 500 2494 567 ὀδῷ,
2527 505 2576 554 οἰ
2604 504 2935 573 πορευόμενοι
2988 502 3034 550 ἐν
3078 501 3216 569 νόμῳ
3255 501 3471 571 Κυρίου.
3520 518 3546 545 ››
3581 498 3695 550 Καὶ
3760 498 3785 546 ὁ
3833 498 3999 566 μω-

2363 612 2475 665 ριος
2535 597 2692 653 ὄντως
2743 594 2929 649 ἐκεῖνος
2977 590 3147 659 κωφὸς
3197 584 3257 645 ἦν
3312 590 3437 658 πρὸς
3501 594 3679 638 ταῦτα
3736 585 3889 657 ﬁdem
3944 588 3997 636 τέ

2366 678 2490 745 ὦτα,
2551 682 2639 740 ἕως
2690 688 2779 741 τῆς
2840 677 3104 751 βραχείας
3156 674 3352 735 ἐκείνης
3410 674 3691 746 μετείληφε
3776 684 3986 746 τροφξξ.

2364 773 2506 823 Μετὰ
2552 766 2609 821 δὲ
2658 773 2747 825 τὴν
2790 770 2979 839 μικρὰν
3030 768 3213 822 ταύτην
3258 772 3347 815 τού
3396 770 3645 835 σώματος
3723 766 3993 837 θεραπείαν

2364 866 2434 913 τῶ
2477 866 2567 910 τού
2618 863 2846 929 σταυροῦ
2898 861 3096 927 σημείῳ
3140 854 3459 927 φραξάμενος
3514 872 3525 882 ·
3572 853 3637 905 Εἰ
3695 862 3989 926 μακαρίαις
4060 920 4061 923 η

2366 946 2533 1011 οἶδας,
2578 952 2728 1019 φησὶ,
2773 949 2895 1005 τοὺς
2944 943 3248 1015 ἀγαπῶντας
3295 946 3378 994 τόν
3434 944 3656 1015 Κύριον,
3691 947 3753 994 τί
3800 939 3993 999 δὲποτε

2366 1042 2609 1113 παρέχων
2650 1036 2708 1088 ού
2755 1037 2894 1106 παύῃ
2928 1036 3132 1092 τούτοις
3180 1032 3426 1103 ὀχλήσεις
3468 1030 3545 1083 ἀεὶ
3599 1037 3702 1083 καὶ
3754 1035 3997 1106 πράγμα-

2367 1147 2432 1179 τα
2464 1143 2478 1192 ;
2508 1125 2751 1186 Κάκεῖνος
2780 1121 3046 1175 ὑπολαϐὼν
3085 1126 3178 1179 τὴν
3232 1121 3419 1173 ἑαυτοῦ
3465 1125 3666 1172 κακίαν
3714 1127 3820 1173 καὶ
3872 1123 3993 1172 im.

2367 1217 2605 1288 ὁμολογεῖ
2655 1219 2743 1266 καί
2786 1231 2963 1285 φησιν.
3022 1210 3236 1283 Ὃτιπερ
3293 1209 3478 1269 αὐτοὺς
3516 1210 3621 1283 ὁρῶ
3687 1214 3751 1261 τὸ
3808 1210 3993 1281 ἀγαθὲ)

2366 1308 2654 1377 μετιόντας,
2697 1306 2784 1354 καὶ
2811 1301 2941 1377 ὀρῶν
2974 1300 3068 1352 οὐκ
3093 1297 3370 1371 ἀνέχομαι.
3403 1305 3585 1351 Ταῦτα
3609 1298 3811 1364 εἰπὼν,
3857 1300 3995 1358 εὐθὺς

608 1223 743 1278 Haec
772 1238 906 1277 cum
946 1222 1220 1288 dixisset,
1263 1223 1461 1278 statim
1493 1221 1657 1277 abiit.

2370 1413 2561 1465 ῳχετο.

680 1483 811 1538 XVI.
845 1482 1118 1539 Nondum
1135 1488 1334 1538 autem
1353 1482 1618 1554 quinque
1640 1481 1764 1535 dies
1787 1481 2255 1547 intercesserant,

2442 1480 2539 1543 lg".
2590 1480 2741 1530 Οὕτω
2794 1475 2853 1531 δὲ
2893 1482 3099 1550 πέμπτη
3149 1476 3338 1548 μεταξὺ
3394 1473 3607 1534 διῆλθεν
3666 1479 3858 1551 ἡμέρα
3915 1485 3995 1527 καὶ

607 1588 746 1627 cum
776 1572 981 1626 denuo
1008 1587 1144 1626 eum
1173 1572 1518 1640 aggreditur
1547 1571 1642 1625 hic
1673 1586 1866 1624 saevus
1908 1567 2095 1623 hostis
2126 1582 2260 1620 cum

607 1660 1048 1732 maligna,qum
1068 1660 1367 1715 eratcirca
1395 1661 1617 1730 ipsum,
1645 1663 1905 1721 caterva,
1939 1663 1991 1711 et
2019 1670 2265 1711 consue-

606 1749 684 1803 tis
721 1748 847 1803 suis
881 1749 1167 1804 machinis
1199 1753 1255 1802 et
1284 1748 1749 1818 importunitate.
1780 1746 2138 1801 Videbantur
2162 1759 2255 1799 au-

2374 1749 2529 1806 ἠθους
2576 1749 2765 1805 ἐκείνης
2809 1754 3056 1817 μηχανῆς
3100 1749 3190 1795 καὶ
3235 1748 3544 1805 σκαιότητος
3599 1761 3611 1773 ·

606 1841 724 1893 tem
758 1836 999 1891 funibus
1030 1836 1466 1891 domunculam
1502 1836 1666 1891 omni
1697 1851 1767 1890 ex
1798 1839 1965 1906 parte
1996 1848 2255 1904 compre-

2377 1840 2614 1906 σχοινίος
2671 1837 2918 1887 πάντοθεν
2973 1838 3059 1886 τὸν
3117 1834 3348 1886 οἰκίσκον
3401 1831 3768 1898 διαλαϐοντες,
3839 1835 3992 1886 ἕλκω

605 1925 906 1993 hendisse,
940 1930 996 1981 et
1027 1926 1163 1980 totis
1190 1925 1471 1980 manibus
1500 1940 1633 1980 eam
1663 1924 1911 1988 trahere,
1947 1930 2001 1978 et
2026 1938 2087 1976 se
2116 1921 2263 1977 invi-

608 2029 739 2068 cem
770 2012 1089 2081 adhortari,
1118 2018 1179 2069 ut
1211 2013 1335 2067 ﬁeri
1356 2011 1502 2067 solet
1524 2013 1582 2066 in
1610 2011 2014 2066 multitudine:
2044 2011 2261 2072 Videte,

608 2101 890 2168 dicentes,
920 2106 985 2156 ut
1010 2117 1146 2171 eum
1172 2101 1246 2156 de
1276 2100 1614 2172 propinquo
1648 2100 2034 2171 projiciamus
2064 2098 2265 2169 praeci-

607 2191 772 2263 pitio.
804 2190 902 2245 llle
933 2195 1129 2245 autem
1159 2191 1225 2261 (Ο
1256 2189 1584 2244 interritum
1615 2189 1905 2254 animum,
1940 2191 1983 2245 Ο
2024 2202 2266 2259 genero-

610 2296 742 2333 sum
760 2279 1139 2350 spiritum)ne
1155 2279 1238 2334 sic
1254 2277 1499 2349 quidem
1525 2278 1825 2349 pertimuit
1854 2278 2261 2349 importunum

608 2368 951 2421 inventum:
988 2367 1092 2421 sed
1126 2366 1404 2421 dicebat:
1445 2386 1472 2417 «
1506 2362 2031 2421 Circumdederunt
2052 2382 2167 2432 me,
2191 2366 2263 2419 si-

610 2460 707 2510 cut
735 2471 878 2526 apes
898 2455 1095 2510 favum
1119 2472 1132 2509 :
1152 2460 1575 2510 etexarserunt
1597 2456 1747 2510 sicut
1772 2456 1924 2521 ignis
1948 2455 2004 2509 in
2039 2455 2261 2525 spinis:

610 2548 666 2598 et
696 2543 756 2597 in
786 2544 1030 2598 nomine
1065 2544 1294 2598 Domini
1330 2543 1485 2597 ultus
1519 2560 1653 2598 sum
1696 2559 1798 2597 eos
1830 2545 1897 2595 ιθ.
1943 2565 1969 2591 ››
2005 2543 2137 2596 Haec
2172 2541 2264 2595 ille

610 2631 856 2703 quidem
885 2631 1047 2702 apud
1071 2647 1132 2685 se
1155 2631 1410 2686 dicebat.
1443 2630 1526 2685 Illi
1558 2638 1756 2685 autem
1786 2647 1921 2685 cum
1942 2645 2162 2700 magno
2182 2630 2267 2683 fu-

612 2720 732 2789 gati
753 2725 890 2775 sunt
912 2720 1141 2785 timore,
1174 2725 1461 2790 tanquam
1482 2720 1697 2789 egregii
1731 2720 1982 2789 alicujus
2012 2720 2265 2789 impera-

611 2808 771 2874 toris,
796 2824 870 2863 ne
893 2808 1088 2863 minas
1110 2808 1355 2881 quidem
1383 2808 1539 2863 solas
1562 2808 1944 2863 sustinentes.
1970 2808 2155 2879 Atque
2179 2807 2262 2863 sic

609 2896 854 2968 quidem
888 2901 1309 2951 sacrosanctus
1350 2896 1689 2961 Abramius,
1731 2896 1832 2967 qui
1874 2897 1949 2951 ad
1981 2896 2260 2967 spiritalis

610 2985 1003 3056 philosophice
1034 2989 1261 3041 tantam
1293 2985 1644 3041 ascenderat
1682 2984 2078 3040 altitudinem.

2372 1567 2684 1643 προσϐάλλει
2740 1567 2890 1619 πάλιν
2923 1569 2947 1618 ό
2981 1566 3207 1638 χαλεπὸς
3255 1566 3403 1627 οὗτος
3453 1573 3525 1636 τῷ
3572 1566 3719 1637 ἁγίῳ
3752 1568 3993 1637 πολέμιος

2373 1662 2500 1729 μετὰ
2548 1664 2638 1709 τού
2686 1664 2913 1730 πονηροῦ
2944 1661 3061 1730 περὶ
3101 1656 3254 1707 αὐτὸν
3305 1660 3521 1726 στίφους
3572 1660 3668 1707 καὶ
3731 1665 3837 1718 τῆς
3882 1676 3993 1707 ουν-

3666 1741 3904 1797 ἐδόκουν
3944 1744 3995 1796 δὲ

2372 1944 2425 1977 τε
2470 1924 2621 1975 αύτόν
2697 1923 2837 1985 ὅλαις
2911 1929 3070 1996 χερσὶ
3136 1927 3225 1974 καὶ
3305 1921 3549 1983 ἀλλήλοίς
3596 1921 3995 1975 ἐπικελεύεσθαι

3476 2029 3487 2040 ⁵
3537 2010 3755 2082 Ὁρᾶτε,
3822 2012 3991 2081 λέγον-

2373 2122 2470 2167 τες,
2533 2104 2667 2153 κατὰ
2729 2108 2819 2171 τρύ
2877 2104 3253 2171 παρακειμένου
3310 2107 3543 2172 κρημνοῦ
3600 2100 3855 2173 ῥίψωμεν
3913 2105 3991 2153 τὸν

2376 2190 2676 2265 Ἀϐράμιον.
2727 2189 2785 2241 Ὀ
2844 2186 2904 2241 δὲ
2955 2189 3016 2259 (ὦ
3073 2188 3261 2259 ψυχῆς
3313 2187 3612 2245 απτοήτουέ
3648 2188 3688 2239 ὦ
3750 2194 3991 2260 γενναίαν

2374 2286 2693 2353 φρονήματος
2741 2278 2806 2349 1)
2848 2275 2971 2330 οὐδὲ
3029 2281 3159 2351 πρὸς
3215 2278 3347 2329 ούτω
3390 2279 3703 2335 σκαιοτάτην
3756 2278 3995 2330 ἐπίνοιαι

2373 2014 2604 2084 καθάπερ
2659 2013 2706 2064 ἐν
2754 2011 2933 2069 πλήθει
2984 2011 3117 2083 φιλεῖ
3170 2012 3409 2081 γίνεσθαι

2373 2366 2565 2421 ἐδεδίει
2613 2373 2701 2419 καὶ
2754 2366 3175 2429 καταπέπληκτο,
3227 2365 3333 2418 ἀλλ’
3386 2386 3398 2398 ·
3452 2390 3473 2415 ι
3534 2366 3885 2420 Ἐκύκλωσεὶν
3940 2387 3995 2439 με

2374 2460 2498 2509 ὡσεὶ
2576 2456 2825 2528 μέλισσαι
2896 2461 3099 2527 κηρίον,
3152 2479 3178 2505 ››
3239 2456 3406 2527 ἠρέμα
3479 2456 3763 2526 ὑπέψαλλε,
3836 2480 3865 2509 ιι
3913 2466 3995 2509 καί

2374 2543 2722 2606 ἐξεκαύθησαν
2793 2547 2861 2605 ὡς
2919 2552 3020 2617 πύρ
3080 2544 3127 2595 ἐν
3176 2543 3446 2609 ἀκάνθαις,
3495 2550 3585 2597 καὶ
3641 2554 3715 2614 τῷ
3778 2546 3997 2619 ὀνόματι

2376 2638 2569 2704 Κυρίου
2597 2634 2872 2703 ἠμυνάμην
2941 2632 3149 2697 αύτούς,
3186 2655 3209 2684 ν
3239 2641 3416 2685 Ταῦτα
3459 2636 3483 2685 ό
3550 2637 3638 2705 μεν
3685 2634 3812 2687 καθ’
3874 2636 3991 2688 ἑωλ-

2372 2726 2457 2772 τὸν
2505 2722 2754 2792 ύπεφωνει
2802 2738 2813 2750 ³
2859 2723 2907 2773 οἱ
2949 2718 3006 2774 δε
3059 2725 3190 2793 μετά
3248 2722 3433 2774 πολλοῦ
3481 2730 3572 2775 τοῦ
3612 2718 3771 2785 δέους
3829 2725 3990 2783 ἠλαύο

2370 2830 2532 2874 νοντο,
2592 2812 2823 2883 καθάπερ
2904 2814 3040 2872 τινὸς
3118 2820 3418 2885 στρατηγοῦ
3495 2817 3755 2883 γενναίου,
3851 2812 3990 2886 μηδὲ

2368 2899 2525 2970 ψιλὴν
2561 2898 2773 2959 ἀπειλὴν
2828 2901 3205 2971 ὑπομείναντες.
3255 2901 3431 2962 Οὕτως
3484 2905 3571 2973 μὲν
3629 2898 3718 2952 οὖν
3762 2904 3791 2953 ὁ
3856 2905 3991 2973 ἱερὸς

2368 2989 2517 3051 οὗτος
2575 2990 2861 3064 Ἀϐράμιος
2899 2995 2988 3042 καὶ
3050 2993 3175 3063 πρὸς
3231 2998 3477 3042 τοσοῦτον
3527 2989 3655 3060 ύψος
3710 2998 3803 3051 τῆς
3838 3011 3987 3043 πνεν-

2291 3115 2331 3171 C
2366 3087 2589 3151 ματικῆς
2621 3078 2811 3137 ἀνέπτη
2845 3079 3172 3151 φιλοσοφίας.

681 3164 837 3219 XVII.
876 3165 1050 3218 Porro
1080 3167 1279 3219 autem
1312 3164 1369 3218 in
1401 3162 1489 3228 iis,
1523 3179 1657 3235 quae
1686 3163 1759 3218 de
1789 3163 1888 3219 illo
1919 3168 2254 3230 narrantur,

2439 3167 2537 3221 IZ'.
2575 3168 2797 3220 Κάκεῖνα
2843 3166 2900 3218 δὲ
2953 3173 3061 3240 χρὴ
3120 3176 3229 3229 τοῖς
3282 3172 3399 3242 περὶ
3449 3167 3607 3219 αὑτοῦ
3649 3167 3837 3219 λοιπὸν
3883 3168 3983 3220 ἐπι

608 3250 736 3306 haec
766 3267 1006 3323 quoque
1036 3251 1257 3307 addere
1287 3257 1537 3323 oportet,
1568 3269 1726 3324 quas,
1757 3253 1918 3324 quod
1952 3253 2155 3308 attinet
2181 3253 2259 3307 ad

608 3340 1087 3406 admirationem,
1111 3341 1252 3396 nulli
1271 3342 1489 3397 cedunt
1516 3358 1585 3397 ex
1608 3342 1926 3411 prioribus,
1961 3341 2124 3410 quod
2153 3342 2260 3393 sci-

605 3428 738 3484 licet
758 3445 879 3485 non
903 3430 1097 3485 solum
1122 3431 1321 3485 laetum
1338 3430 1573 3485 radium
1594 3444 1828 3498 semper
1849 3444 1880 3482 e
1912 3428 2074 3482 vultu
2097 3429 2261 3483 emit-

607 3522 769 3581 teret,
795 3517 900 3573 etsi
931 3534 1052 3573 non
1075 3526 1231 3573 esset
1260 3517 1507 3573 robusto
1525 3533 1797 3588 corpore,
1821 3516 1940 3571 imo
1973 3532 2008 3573 a
2039 3532 2260 3586 magna

606 3605 969 3660 abstinentia
999 3607 1293 3662 videretur
1328 3612 1739 3678 consumptus,
1774 3610 1830 3662 et
1858 3606 2211 3674 liquefactus
2242 3624 2253 3655 :

2372 3258 2710 3326 σημήνασθαι
2761 3253 3111 3326 διηγήμασιν,
3164 3253 3374 3319 οὐδενὸς
3409 3256 3480 3318 εἰς
3532 3258 3799 3329 θαύματος
3834 3258 3986 3329 λόγον

2367 3352 2466 3395 τῶν
2525 3342 2882 3417 προλαϐόντων
2935 3344 3228 3416 λειπόμενα,
3303 3348 3369 3406 ὡς
3440 3346 3497 3397 ού
3565 3351 3718 3416 μόνον
3792 3346 3989 3400 ἀκτῖνα

2368 3436 2562 3503 πέμποι
2608 3430 2684 3483 ἀεὶ
2735 3429 2960 3507 φαιδρὰν
3010 3432 3109 3485 ἀπὸ
3166 3442 3257 3486 τοῦ
3314 3441 3620 3508 προσώπου,
3673 3439 3856 3487 καίτοι
3915 3444 3985 3509 μὴ

2369 3519 2661 3594 ἐρρωμένως
2721 3524 2857 3593 ἔχων
2911 3532 3001 3575 του
3063 3530 3316 3595 σώματος,
3378 3523 3483 3574 ἀλλ’
3543 3525 3642 3575 ὑπὸ
3697 3533 3794 3586 τῆς
3851 3528 3989 3597 ἄγαν

2368 3609 2668 3683 ἐγκρατείας
2717 3620 2939 3681 τακερῶς
3006 3631 3059 3664 τε
3127 3618 3215 3663 καὶ
3273 3612 3628 3684 ταλαιπώρως,
3712 3611 3819 3664 ἁλλ’
3911 3618 3990 3667 ὅτι

606 3694 710 3748 sed
732 3694 930 3756 etiam,
960 3695 1122 3764 quod
1153 3700 1416 3764 tempore
1446 3696 1665 3749 ultimae
1694 3696 2060 3764 migrationis
2088 3701 2143 3751 et
2171 3712 2257 3752 re-

606 3780 919 3836 solutionis
940 3782 989 3834 is
1012 3782 1211 3843 rubor,
1240 3797 1417 3850 quem
1437 3783 1646 3837 habuit
1668 3784 1723 3836 in
1743 3784 2063 3852 juventute,
2085 3801 2254 3839 suam

606 3884 729 3924 non
760 3869 1058 3937 ignoraret
1082 3872 1375 3936 naturam,
1400 3886 1536 3923 cum
1568 3870 1763 3924 adhuc
1794 3871 2033 3939 vigeret,
2064 3877 2119 3927 et
2149 3871 2255 3927 ﬂo-

604 3957 773 4011 ridus
804 3957 864 4011 in
897 3957 1063 4027 genis
1084 3955 1368 4012 insideret
1398 3974 1410 4012 :
1436 3958 1662 4029 etquod
1692 3964 1778 4013 est
1805 3958 1899 4013 his
1925 3958 2100 4028 longe
2130 3960 2251 4030 pul-

607 4045 824 4109 chrius,
860 4045 1063 4116 panni,
1097 4044 1317 4115 quibus
1349 4050 1475 4101 erat
1510 4046 1775 4115 indutus,
1818 4052 1939 4102 toto
1971 4047 2069 4102 illo
2100 4055 2255 4104 tem-

604 4149 769 4205 pore,
799 4149 920 4205 quo
951 4148 1011 4188 se
1042 4133 1303 4189 exercuit
1324 4135 1405 4204 (in
1436 4134 1855 4191 exercitatione
1881 4141 2080 4192 autem
2114 4138 2255 4192 vixit

604 4221 921 4276 Abramius
950 4222 1387 4295 quinquaginta
1410 4226 1620 4293 annos)
1652 4239 1769 4280 non
1791 4231 2098 4281 cesserunt
2123 4242 2249 4298 pro-

602 4308 808 4379 lixitati
835 4312 1137 4383 temporis,
1166 4328 1274 4367 nec
1297 4312 1670 4378 eﬁluxerunt,
1703 4314 1806 4368 sed
1835 4321 2120 4386 perpetuo
2149 4315 2252 4371 ﬂo-

603 4397 713 4452 ridi
747 4415 815 4453 ac
845 4405 1107 4454 recentes
1151 4402 1425 4468 tegebant
1465 4402 1652 4456 sancti
1684 4418 1923 4471 corpus.
1960 4407 2123 4459 Nunc
2151 4422 2253 4460 au-

604 4491 721 4542 tem
755 4492 989 4557 tempus
1021 4492 1108 4541 est
1139 4489 1482 4542 transeundi
1522 4489 1597 4543 ad
1630 4489 2044 4547 admirabilem
2090 4493 2251 4549 illam

603 4574 1027 4638 narrationem,
1060 4590 1194 4646 quae
1225 4575 1353 4645 ejus
1394 4592 1466 4632 ex
1498 4577 1615 4632 Deo
1647 4576 1772 4641 zeli,
1806 4584 1861 4633 et
1899 4580 2255 4649 apostolico-

604 4679 738 4718 rum
769 4663 1080 4729 viscerum,
1105 4668 1159 4717 et
1180 4665 1355 4743 bonae
1372 4663 1698 4721 affectionis
1716 4673 1801 4723 est
1828 4668 2089 4724 maxime
2119 4670 2252 4725 insi-

605 4768 737 4823 gne.
768 4751 830 4807 Id
860 4758 1058 4808 autem
1093 4753 1382 4825 principio
1414 4754 1657 4825 quidem
1700 4756 1933 4811 tristitia
1963 4765 2017 4813 et
2049 4758 2254 4814 dolore

608 4840 1131 4897 afﬁcietauditores
1154 4859 1165 4897 :
1190 4848 1489 4913 postremo
1508 4848 1703 4899 autem
1735 4845 1917 4901 multa
1934 4848 2250 4919 voluptate,

608 4933 663 4983 et
684 4930 867 4985 animi
890 4930 1310 5002 tranquillitate
1337 4932 1571 4986 animas
1598 4932 1865 5003 implebit
1898 4951 1908 4989 :
1935 4941 1990 4991 et
2016 4952 2253 5008 persua-

606 5016 767 5073 debit
794 5034 865 5073 ne
895 5018 1211 5090 desperent
1242 5019 1536 5083 homines,
1570 5021 1805 5077 etiamsi
1836 5023 1911 5077 ad
1951 5042 2253 5083 summam

608 5104 847 5161 deducti
872 5107 1086 5162 fuerint
1117 5107 1582 5180 improbitatem.
1627 5112 1707 5164 Ita
1737 5115 1934 5167 autem
1962 5112 2140 5169 habet
2168 5131 2179 5170 :

685 5283 860 5337 XVIII.
902 5285 1156 5339 Mortuus
1195 5289 1284 5341 est
1321 5285 1585 5341 Abramii
1626 5287 1956 5344 secundum
2014 5306 2255 5347 carnem

610 5368 823 5425 frater:
860 5376 1127 5426 mortuus
1157 5379 1245 5430 est
1278 5380 1497 5446 autem,
1542 5375 1719 5431 unica
1756 5376 1955 5434 relicta
1994 5379 2132 5436 ﬁlia.
2177 5383 2256 5436 Ea

684 5511 731 5547 ¹⁸
770 5511 923 5567 Psal.
965 5525 1152 5580 cxvui,
1194 5516 1245 5569 1.
1324 5518 1370 5552 ¹⁰
1410 5516 1558 5573 Psal.
1602 5533 1814 5590 cxxvu,
1858 5520 1944 5574 12.

2366 3698 2460 3751 κᾶν
2496 3707 2566 3769 τῷ
2618 3707 2783 3771 καιρῷ
2828 3709 2923 3761 τῆς
2966 3700 3197 3772 ἐσχάτης
3247 3698 3500 3773 ἐκδημίας
3540 3706 3627 3754 καὶ
3678 3701 3988 3767 ἀναλύσεως

2364 3792 2422 3841 τὸ
2462 3796 2694 3841 τοιοῦτον
2737 3790 2973 3859 ἐρύθημα
3016 3794 3110 3846 τὴν
3157 3790 3347 3842 οἰκείαν
3392 3791 3486 3842 ούκ
3530 3791 3758 3861 ἠγνόησε
3798 3796 3984 3863 φύσιν,

2367 3876 2474 3928 ἀλλ’
2523 3875 2743 3947 ἀκμαῖον
2792 3880 2866 3927 ἔτι
2917 3882 3005 3929 καὶ
3057 3878 3276 3951 ἀνθηρὸν
3336 3876 3448 3941 ταῖς
3496 3887 3735 3953 παρειαῖς
3794 3880 3983 3933 ἐπεκά-

2368 3966 2494 4021 θητο
2532 3986 2542 3996 ·
2588 3969 2759 4018 καὶτὸ
2793 3962 2860 4023 δὴ
2894 3970 3084 4018 τούτων
3114 3968 3283 4037 πολλῷ
3315 3973 3675 4041 χαριέστερον,
3720 3972 3801 4021 ὅτι
3833 3976 3930 4022 καὶ
3954 3972 3987 4022 ἀ

2364 4052 2696 4124 περιϐέϐλητο
2762 4055 2895 4128 ῥάκη
2958 4057 3077 4130 παρ’
3137 4056 3248 4108 ὅλον
3340 4057 3478 4127 αύτῷ
3542 4061 3627 4109 τὸν
3687 4057 3984 4115 ἀσκητικὸν

2369 4140 2553 4193 ἐκεῖνον
2611 4145 3013 4215 ὑπηρετήσαντα
3083 4144 3197 4216 βίον
3242 4146 3374 4217 (ἔτος
3428 4143 3487 4198 δὲ
3546 4151 3899 4203 πεντηκοστόν
3961 4152 3985 4200 ό

2374 4230 2648 4304 Αϐραμίος
2694 4234 2920 4304 ἤσκητο)
2978 4234 3070 4285 ούκ
3124 4230 3220 4296 εἶξε
3282 4243 3353 4304 τῷ
3407 4243 3498 4287 τοῦ
3564 4240 3759 4308 χρόνον
3823 4243 3985 4308 μήκει

2380 4325 2468 4372 καὶ
2500 4318 2736 4395 διερρύη,
2770 4320 2876 4373 ἀλλ’
2918 4322 2965 4374 ἐν
2996 4326 3083 4396 ἴση
3121 4321 3212 4375 διὰ
3254 4328 3445 4386 παντὸς
3472 4321 3530 4383 ἧν
3573 4324 3711 4396 ἀκμῇ
3755 4331 3847 4378 καὶ
3876 4347 3986 4378 νεο-

2379 4430 2503 4476 τντι,
2559 4414 2615 4462 τὸ
2662 4419 2813 4482 σῶμα
2861 4420 2931 4480 τῷ
2977 4411 3108 4483 ἁγίῳ
3158 4413 3619 4486 περικαλύπτοντα.
3677 4418 3873 4486 Καιρὸς
3927 4413 3986 4467 δὲ

2364 4497 2541 4549 λοιπόν
2592 4497 2672 4551 ἐπὶ
2715 4504 2771 4551 τό
2821 4504 2954 4570 μέγα
3002 4506 3090 4552 καὶ
3136 4502 3437 4571 θαυμαστόν
3483 4502 3643 4555 ἐκεῖνο
3689 4504 3985 4574 μεταϐῆναι

2368 4583 2631 4659 διήγημα,
2664 4593 2753 4639 καὶ
2793 4588 2817 4639 ὃ
2862 4597 2951 4640 τού
2983 4592 3113 4641 κατά
3158 4596 3284 4643 Θεὸν
3338 4590 3516 4661 ζήλου,
3570 4597 3656 4644 καὶ
3700 4602 3799 4644 τῶν
3848 4592 3981 4645 ἀπο-

2368 4675 2616 4727 στολικῶν
2671 4676 2829 4728 αὐτοῦ
2882 4675 3217 4748 σπλάγχνων,
3292 4684 3381 4731 καὶ
3446 4688 3535 4740 τῆς
3598 4680 3980 4755 φιλοστοργίας

2366 4762 2448 4816 ἐπὶ
2510 4769 2562 4817 τὸ
2616 4763 2999 4835 ἐπισημότατον
3056 4784 3068 4796 ·
3128 4774 3280 4818 τούτο
3343 4764 3401 4819 δὲ
3448 4772 3536 4819 καὶ
3584 4776 3736 4839 μόνον
3789 4769 3981 4841 λεχθὲν

2365 4856 2643 4924 κατηφείας
2695 4856 2783 4922 μὲν
2838 4852 2948 4923 οἶμα
3000 4858 3088 4905 καὶ
3146 4857 3339 4914 πάθους
3405 4861 3655 4930 πρότερον
3710 4860 3803 4921 τὰς
3864 4860 3975 4931 φιλ-

2365 4942 2661 5012 ανθρώπους
2713 4940 2976 5015 πληρώσει
3028 4944 3231 5013 ψυχας,
3288 4942 3483 5007 ἡδονῆς
3539 4943 3597 4999 δὲ
3663 4948 3817 4999 πάλιν
3875 4948 3977 5002 ἀπὸ

2365 5036 2455 5081 τοῦ
2502 5029 2677 5089 τέλους
2729 5035 2817 5081 καὶ
2885 5031 3153 5102 εὐθυμίας,
3214 5038 3303 5085 καὶ
3351 5040 3519 5086 πείσει
3576 5040 3646 5107 μὴ
3712 5035 3975 5109 ἀπογινω-

2369 5137 2506 5168 σκειν
2555 5117 2745 5169 ἑαυτῶν
2803 5118 2895 5169 κᾶν
2942 5119 3011 5181 εἰς
3058 5122 3285 5190 ἔσχατον
3330 5127 3513 5184 κακίας
3560 5130 3971 5198 κατενεχθῶσιν.

2366 5211 2517 5275 Ἔχει
2545 5201 2602 5256 δὲ
2643 5204 2802 5266 οὕτως
2836 5226 2848 5237 ·

2440 5293 2543 5345 ΙΗ’.
2593 5292 2949 5352 Ἐτελεύτησεν
2996 5292 3215 5368 ἁδελφός
3272 5300 3406 5350 κατὰ
3448 5301 3619 5371 σάρκα
3666 5311 3737 5373 τῷ
3780 5304 3972 5380 Ἀϐραο

2366 5384 2468 5452 μίῳ
2499 5398 2509 5409 ·
2544 5379 2839 5452 ἐτελεύτησε
2892 5379 2949 5435 δὲ
2994 5386 3073 5436 ἐπὶ
3126 5387 3347 5459 θυγατρὶ
3387 5392 3475 5440 καὶ
3507 5390 3535 5447 ἡ
3580 5397 3701 5451 παῖς
3742 5379 3971 5467 κομιδήν
