4110 6272
95 213 177 268 65
1488 213 1652 273 VITA
1696 216 1757 274 S.
1798 218 2107 276 ABRAMII
3405 229 3473 288 66

89 337 242 394 ἡπία
278 339 367 388 καὶ
395 334 588 408 ὀρφανὴ
635 339 937 390 παντάπασι
981 339 1344 393 καταλέλειπτο
1391 358 1407 372 ·

96 421 167 483 ἦν
218 430 309 478 καὶ
363 427 392 483 ἠ
435 429 608 500 μήτηρ
659 427 1058 500 προτεθνηκυία.
1136 431 1391 490 Λαϐόντες
1437 439 1711 504 τοιγαροῦν

97 516 152 566 οἱ
203 519 556 587 προσήκοντες
609 514 793 583 αὐτὴν,
843 513 1063 588 ἕϐδομον
1109 518 1228 590 ἄρτι
1269 526 1540 589 γεγονυῖαν
1579 523 1706 584 ἔτος,

98 604 306 674 ἄγουσι
335 605 476 676 παρά
522 606 608 654 τὸν
645 607 770 673 πρὸς
800 608 994 676 πατρὸς
1039 607 1188 671 θεῖον,
1236 610 1322 658 τὸν
1373 609 1504 660 θεῖον
1558 612 1712 670 ὄντως

98 691 423 764 Ἀϐράμιον.
471 691 530 744 Ὀ
575 688 634 744 δὲ
675 697 765 744 καὶ
819 698 910 751 τήν
958 701 1049 746 τοῦ
1101 692 1320 767 ἀδελφοῦ
1366 696 1560 768 ζημίαν
1607 716 1710 749 πα-

99 783 521 854 ραμυθόύμενος,
595 786 685 832 καὶ
739 785 832 839 τὴν
893 779 1062 834 παῖδα
1117 792 1210 845 τῆς
1273 783 1467 846 πολλῆς
1518 785 1713 847 ἐκείνης

100 875 353 931 νεότητος
396 875 484 922 καὶ
527 869 769 942 ὀρφανίας
820 870 1154 937 κατελεήσας,
1207 869 1526 944 ὑποδέχεται
1582 893 1712 949 χερ-

106 964 196 1011 σὶν
241 961 450 1019 ὑπτίαις
528 958 711 1023 αὐτὴν,
759 958 998 1031 ἀπονέμει
1044 980 1098 1012 τε
1153 960 1283 1033 αὐτῇ
1335 965 1421 1014 τὸν
1472 962 1565 1024 ἔξω
1619 971 1710 1015 τοῦ

103 1047 313 1100 κελλίου
367 1047 621 1110 οἰκίσκον,
673 1053 762 1100 καὶ
822 1043 883 1106 ἦν
951 1052 1008 1100 τὸ
1056 1049 1235 1101 λοιπόν
1276 1048 1354 1102 ἐπ’
1397 1050 1558 1109 αὐτὴν
1611 1053 1709 1104 ύπό

107 1134 297 1209 θυρίδι
355 1139 684 1210 προκύπτων,
740 1139 946 1209 Γραφάς
984 1157 1036 1190 τε
1093 1138 1252 1196 αὐτὴν
1307 1141 1395 1199 τάς
1449 1141 1586 1213 ἱερὰς
1631 1139 1711 1193 ἐκ·

105 1222 400 1294 παιδεύων,
457 1223 578 1278 ὀδόν
622 1245 675 1278 τε
728 1226 857 1298 αὐτῇ
908 1231 1003 1285 τὴν
1071 1225 1294 1300 ἀρίστην
1338 1225 1709 1297 ὑποδεικνύων,

103 1313 464 1388 ἐπιρῥωννύων
510 1333 565 1366 τε
604 1318 731 1388 πρὸς
778 1319 896 1376 τοὺς
944 1319 1323 1387 πνευματικούς
1374 1314 1578 1386 ἀγῶνας
1623 1321 1711 1368 καὶ

103 1402 404 1474 ὑπαλείφων
439 1421 450 1432 ·
484 1408 574 1456 καὶ
613 1403 740 1465 ὅλως
781 1405 1013 1476 καθάπερ
1057 1424 1138 1466 τις
1189 1404 1336 1465 ἀετός
1379 1401 1458 1469 ἧν,
1511 1403 1710 1474 ἀνέχων

100 1498 179 1560 τῷ
219 1499 392 1566 πτερῶ
438 1495 524 1543 τὸν
577 1496 822 1558 νεόττιον,
872 1493 1317 1564 συνεπικουφίζων
1347 1510 1419 1555 τε,
1470 1497 1559 1544 καὶ
1591 1489 1709 1544 δια-

103 1577 407 1646 ϐαστάζων,
453 1586 542 1633 καὶ
576 1585 766 1652 τέμνων
801 1584 891 1633 σὺν
936 1581 1064 1653 αύτῇ
1107 1584 1192 1632 τὸν
1237 1579 1383 1652 ἀέρα,
1436 1585 1523 1632 καὶ
1552 1581 1709 1641 οὕτως

103 1671 238 1741 πρὸς
268 1671 324 1720 τὸ
368 1677 456 1730 τῆς
504 1667 692 1741 ἀρετῆς
736 1669 868 1739 ὕψος
913 1666 1186 1721 διδάσκων
1235 1671 1392 1727 αὐτὴν
1433 1671 1706 1726 ἵπτασθαι.
1743 1703 1787 1758 B

101 1756 165 1808 Ἢ
223 1753 283 1809 δὲ
330 1762 417 1810 καὶ
487 1755 694 1830 σφόδρα
741 1761 815 1810 ἔτι
858 1762 943 1810 νέα
998 1763 1086 1809 xui
1131 1758 1293 1820 οὕτως
1335 1759 1502 1830 ἄωρος
1553 1759 1705 1824 οὖσα,

103 1847 252 1917 ὅμως
299 1843 546 1899 ἇπεδίδου
601 1851 727 1919 πρὸς
782 1855 944 1899 ταῦτα
994 1867 1082 1898 και
1137 1847 1350 1919 μείζονα
1402 1846 1568 1917 πολλῷ
1617 1855 1709 1909 τῆς

102 1935 321 1996 ἡλικίας
381 1940 474 1993 τὴν
549 1934 728 2010 ἀρετήν
796 1932 1144 2001 ἐπεδείκνυτο,
1206 1935 1276 2007 ἐφ’
1335 1936 1408 1996 οἷς
1464 1935 1710 2007 ἠγάλλετο

101 2027 199 2096 μὲν
262 2026 327 2076 τὰ
360 2024 644 2096 σπλάγχνα
681 2029 769 2076 καὶ
807 2029 899 2082 τήν
938 2021 1162 2100 καρδίαν
1210 2023 1506 2099 ’Δϐράμιος,
1551 2027 1710 2078 καθά·
1747 2077 1752 2081 ,

103 2133 204 2186 περ
249 2111 529 2185 ἔπιγνησίᾳ
576 2115 796 2187 θυγατρὶ
840 2118 1036 2187 πατὴρ,
1091 2118 1180 2165 καὶ
1233 2113 1574 2188 ἀπροσκόπως
1622 2115 1712 2166 αύ-

102 2207 204 2260 τὴν
235 2200 424 2253 ἀνύσαι
471 2205 556 2253 τόν
607 2198 800 2275 δρόμον
838 2210 932 2263 τῆς
965 2200 1232 2264 ἀσκήσεως
1275 2205 1492 2274 ηὔχετο.
1525 2201 1713 2274 Ἔχαι-

104 2310 201 2365 ρον
243 2286 301 2342 δε
345 2294 434 2342 καὶ
485 2291 692 2355 πάντες,
743 2292 823 2342 ὅτι
872 2290 922 2341 ἐν
967 2289 1148 2361 ἡλικίᾳ
1184 2293 1398 2362 τοιαύτη
1451 2295 1713 2348 τοσαύτην

107 2375 227 2449 εἶχε
251 2384 369 2451 περὶ
395 2382 460 2430 τα
488 2381 812 2450 πνευματικά
837 2375 1178 2450 εὐδοκίμησιν
1208 2383 1297 2430 καὶ
1317 2379 1482 2442 οὕτως
1512 2377 1572 2438 ἧν
1597 2384 1714 2452 περὶ

109 2466 250 2519 αύτά
281 2463 550 2519 σπουδαία
578 2485 631 2519 τε
657 2471 744 2519 καὶ
770 2466 1056 2538 φιλόπονος.

188 2554 291 2610 ΙΘ’.
351 2555 432 2607 Ἐν
479 2559 646 2626 τούτῳ
701 2555 887 2613 ἑαυτήν
935 2552 1095 2608 οὖσαν
1143 2559 1233 2608 καὶ
1283 2555 1416 2608 οὕτω
1451 2557 1713 2627 θαυμαζο-

108 2649 288 2716 μένην,
343 2641 521 2703 ἓπειδὴ
590 2649 678 2696 καὶ
731 2653 1016 2717 προϊοῦσαν
1078 2641 1191 2717 εἶχε
1240 2651 1331 2704 τήν
1377 2645 1581 2704 ἠλικίαν
1626 2649 1716 2698 καὶ

109 2734 348 2786 εἰκοστὸν
378 2730 485 2791 ἤδη
534 2737 736 2804 γέγονεν
786 2736 916 2799 ἔτος,
961 2733 1091 2806 ἀνήρ
1143 2754 1241 2800 τις,
1275 2738 1508 2805 μοναχὸς
1537 2736 1626 2806 μὶν
1656 2738 1713 2787 τό

113 2829 331 2892 σχῆμα,
372 2825 466 2879 τὴν
499 2818 557 2874 δε
603 2828 811 2893 γνώμην
861 2824 1048 2895 φθόρος
1085 2827 1173 2872 καὶ
1210 2826 1416 2894 μίαρὸς,
1471 2825 1606 2874 κατά
1637 2843 1716 2893 φι-

108 2909 231 2966 λίας
281 2912 434 2981 νόμον
483 2919 554 2979 τῷ
602 2913 843 2980 μακαρίῳ
875 2915 1081 2980 φοιτῶν,
1121 2914 1210 2960 καὶ
1259 2909 1538 2980 ὀφθαλμοῖς
1591 2907 1714 2961 ἰδὼν

112 3001 279 3056 αὑτήν
327 2996 652 3065 ἀκολάστοις,
700 2998 910 3060 ἄτοπον,
963 2997 1056 3048 οὐκ
1109 2993 1233 3048 οἰδα
1259 3005 1390 3058 πῶς,
1419 2999 1583 3070 ἔρωτα
1627 3003 1716 3049 καὶ

114 3086 250 3159 αὐτῇ
285 3086 488 3158 ἐμποιεῖ
536 3095 632 3148 τῆς
672 3089 804 3158 πρὸς
846 3085 1000 3137 αὐτὸν
1032 3085 1255 3157 ὁμιλίας,
1289 3090 1450 3158 τέχνη
1481 3083 1540 3138 δὲ
1565 3094 1718 3138 τούτο

113 3177 322 3238 πάντως
372 3180 462 3227 καὶ
521 3178 782 3248 σκαιωρίᾳ
823 3181 914 3226 τοῦ
962 3181 1210 3247 πονηροῦ,
1269 3175 1351 3225 ἱνα
1388 3181 1476 3226 καὶ
1532 3173 1716 3247 ἀρετήν

115 3267 379 3322 τοσαύτην
429 3269 667 3336 παίγνιον
710 3269 902 3338 πικρᾶς
943 3260 1243 3335 φιληδονίας
1289 3269 1576 3321 ποιήσηται
1628 3268 1716 3315 καὶ

115 3354 304 3425 ψυχῆς
344 3353 498 3406 πάλιν
551 3355 700 3427 ἱερᾶς,
741 3360 836 3413 τῆς
877 3351 1162 3426 Ἀϐραμίου
1205 3357 1358 3424 φημὶ,
1394 3348 1464 3404 δι’
1494 3351 1716 3424 ἀθυμίας

119 3442 255 3494 οὕτω
327 3447 580 3514 μεγίστης
641 3447 731 3494 καὶ
794 3448 1059 3514 συμφορᾶς
1124 3446 1454 3513 περιγένηται
1505 3459 1517 3471 ·
1567 3440 1717 3512 ἀναγ-

119 3533 377 3604 καζομίνη
431 3528 517 3584 οὖν
570 3533 670 3584 ὑπὸ
713 3539 804 3583 τοῦ
857 3529 1148 3583 ἀκολάστου
1202 3533 1386 3583 τούτου
1444 3532 1629 3604 ἔρωτος
1687 3532 1713 3588 ἡ

119 3623 386 3694 παρθένος,
426 3620 598 3691 ἐξάγει
643 3617 738 3672 διὰ
777 3629 866 3680 τῆς
911 3616 1121 3692 θυρίδος
1171 3619 1354 3678 ἑαυτήν
1397 3624 1486 3671 καὶ
1532 3638 1720 3690 συγγε-

118 3713 302 3782 νομένη
355 3717 426 3779 τῷ
484 3717 656 3782 μιαρῷ
706 3707 901 3779 ἐκείνῳ,
947 3713 1038 3760 καὶ
1090 3712 1184 3766 τήν
1259 3707 1495 3780 χαλεπήν
1542 3706 1717 3760 ἐπιθυ·

119 3803 244 3870 μίαν
298 3797 646 3872 πληρώσασα,
698 3796 896 3867 ἐπλήγη
978 3801 1065 3855 τήν
1118 3795 1302 3868 ψυχήν
1379 3796 1558 3857 εὐθέως
1622 3801 1712 3848 καὶ

124 3883 366 3961 σφοδρῶς
406 3888 490 3938 ἐπὶ
520 3893 624 3946 τοῖς
673 3885 979 3957 τολμηθεῖσι
1022 3893 1377 3957 κατανυγεῖσα
1425 3887 1720 3958 περιπαθῶς

121 3978 252 4046 ἄγαν
285 3975 448 4033 αὐτὴν
498 3975 783 4046 ὠλοφύρετο
839 3990 852 4002 '
909 3973 1044 4027 Ούαί
1096 3994 1205 4046 μοι,
1260 3973 1358 4044 ἐγὼ
1407 3977 1435 4032 ἡ
1496 3970 1718 4046 δειλαία,

121 4063 329 4137 βοῶσα,
359 4064 478 4116 ούαί
534 4082 641 4136 μοι,
697 4066 726 4122 ἡ
775 4065 842 4124 εἰς
890 4067 974 4116 τόν
1015 4071 1106 4116 τοῦ
1174 4072 1306 4117 Θεοῦ
1353 4077 1472 4116 ναόν
1525 4062 1720 4136 ἐνυϐρί-

123 4173 283 4219 σασα,
335 4155 364 4212 ἡ
415 4152 684 4225 μολύνασα
733 4157 825 4210 τήν
879 4153 1048 4205 εἰκόνα
1103 4157 1190 4211 τὴν
1246 4151 1546 4224 βασιλικήν,
1589 4153 1618 4210 ἡ
1664 4153 1722 4202 τὸ

119 4251 215 4303 τῆς
259 4245 436 4316 χειρὸς
485 4241 643 4294 αύτοϋ
685 4241 904 4314 πλάσμα
960 4243 1194 4313 μιάνασα
1227 4259 1238 4270 ·
1278 4249 1367 4313 φεῦ
1406 4260 1497 4312 μοι
1542 4248 1603 4311 τῇ
1638 4259 1725 4290 τα-

117 4330 412 4404 λαιπώρῳῐ
464 4338 554 4402 φεῦ
603 4338 663 4402 τῇ
724 4339 904 4382 πασῶν
957 4328 1250 4401 ἀθλιωτάτη
1309 4337 1586 4399 γυναικῶν,
1646 4329 1725 4379 ὅτι

1453 339 1561 400 ἤδη
1610 346 1710 416 γὰρ
1743 357 1788 410 Α
1821 359 1954 398 vero
2005 349 2130 400 erat
2169 345 2345 416 plane
2385 346 2597 419 infans,
2640 352 2698 404 et
2757 350 3056 407 ambobus
3119 356 3470 424 parentibus

1819 431 2004 498 orba;
2065 438 2254 490 mater
2293 438 2450 492 enim
2483 437 2612 507 jam
2653 442 2788 494 ante
2827 445 2953 496 erat
2991 447 3248 498 mortua.
3304 442 3470 500 Illam

1821 535 1960 589 ergo
1990 522 2366 594 accipientes,
2399 525 2501 595 qui
2532 525 2610 580 ad
2635 526 2829 598 ipsam
2851 527 3194 595 attinebant,
3225 531 3351 601 jam
3383 548 3470 588 se-

1821 607 2073 678 ptimum
2095 624 2321 666 annum
2339 617 2613 680 agentem
2629 612 2856 670 ducunt
2867 617 2940 670 ad
2963 622 3472 690 patruum,nempe

1820 695 1897 750 ad
1935 696 2204 753 divinum
2243 698 2616 755 Abramium.
2691 702 2799 767 Qui
2838 707 2895 758 et
2931 703 3125 759 fratris
3170 705 3470 776 jacturam

1820 784 2156 849 consolans,
2191 792 2245 842 et
2274 787 2551 843 misertus
2585 789 2795 859 puellae
2829 795 3042 848 teneras
3069 793 3260 849 aetatis
3289 799 3345 850 et
3373 810 3468 850 or-

1817 871 2036 941 bitatis,
2072 875 2299 946 supinis
2337 892 2471 932 eam
2512 878 2725 950 accipit
2760 880 3041 936 manibus
3077 897 3088 937 :
3131 886 3188 938 et
3221 882 3272 938 ei
3311 882 3472 939 attri-

1822 959 2409 1030 buitdomunculam,
2439 981 2574 1036 quas
2599 972 2725 1022 erat
2741 973 2905 1025 extra
2919 969 3131 1025 cellam
3158 986 3170 1024 :
3214 986 3470 1042 eamque

1819 1050 1892 1105 de
1921 1057 2129 1105 caetero
2158 1053 2559 1123 prospiciebat
2587 1070 2657 1109 ex
2698 1057 2972 1121 fenestra,
3009 1063 3064 1112 et
3096 1074 3230 1114 eam
3271 1075 3472 1116 sacras

1819 1137 2074 1194 docebat
2103 1139 2341 1210 litteras,
2380 1142 2791 1214 optimamque
2852 1146 3012 1201 viam
3053 1146 3106 1201 ei
3146 1147 3468 1212 indicabat,

1819 1241 1929 1281 nec
1960 1243 2079 1282 non
2106 1228 2501 1286 confirmabat
2521 1231 2881 1296 etexcitabat
2897 1235 2972 1288 ad
2999 1236 3323 1292 certamina
3350 1237 3469 1307 spi-

1819 1315 2052 1370 ritualia
2081 1331 2092 1368 :
2130 1332 2198 1372 ac
2229 1317 2288 1371 in
2320 1334 2577 1381 summa,
2608 1320 2820 1390 puellm
2847 1328 2969 1377 erat
2996 1323 3166 1378 veluti
3194 1324 3470 1396 quaedam

1820 1403 2041 1474 aquila,
2082 1419 2218 1475 quas
2264 1405 2494 1476 pullum
2547 1406 2656 1462 alis
2710 1410 2978 1475 sustinet,
3019 1410 3373 1484 allevatque,
3416 1417 3471 1468 et

1819 1496 2033 1562 portat,
2071 1497 2129 1546 et
2159 1509 2296 1548 cum
2327 1510 2397 1549 eo
2428 1495 2641 1550 scindit
2682 1512 2904 1561 aerem,
2954 1498 3155 1571 sicque
3186 1516 3320 1555 eam
3368 1501 3471 1556 do-

1818 1578 1991 1635 cebat
2047 1580 2248 1636 volare
2278 1581 2356 1637 ad
2383 1582 2608 1638 virtutis
2665 1584 3063 1642 altitudinem.
3098 1588 3200 1644 Illa
3244 1593 3467 1656 autem,

1819 1668 1925 1724 etsi
1955 1673 2624 1739 essetaetate,tenera,et
2647 1673 2988 1740 immatura,
3019 1676 3095 1731 ad
3117 1677 3237 1733 haec
3269 1681 3469 1733 tamen

1819 1759 2252 1814 incrementum
2273 1760 2623 1832 accipiebat,
2645 1769 2699 1817 et
2723 1763 3233 1836 majorem,quam
3256 1765 3471 1822 licebat

1820 1862 1928 1918 pro
1967 1853 2156 1912 astate,
2191 1848 2542 1906 ostendebat
2570 1854 2862 1908 virtutem.
2909 1855 3148 1925 Propter
3173 1869 3308 1926 quae
3348 1859 3469 1911 toto

1821 1935 1997 1990 corde
2015 1943 2071 1990 et
2093 1937 2414 1992 visceribus
2437 1940 2771 1996 exsultabat
2789 1941 3123 2006 Abramius,
3145 1957 3263 1997 non
3279 1958 3469 2008 secus,

1821 2029 1998 2095 atque
2039 2030 2205 2096 pater
2244 2032 2483 2097 pr0pter
2520 2044 2691 2084 suam
2731 2028 2955 2088 filiam:
2998 2034 3056 2084 et
3092 2030 3362 2099 rogabat,
3407 2036 3472 2086 ut

1822 2111 1948 2167 sine
1974 2110 2299 2168 offensione
2324 2121 2525 2185 posset
2542 2131 2784 2172 cursum
2801 2116 3081 2187 perﬁcere
3109 2118 3471 2174 exercitatio-

1822 2201 2466 2258 nis.L£etabaturautem
2479 2205 2713 2260 omnino
2727 2204 2846 2276 (Gr.
2865 2206 3467 2278 laetabanturomnes),

1823 2290 1989 2362 quod
2019 2291 2079 2346 in
2099 2296 2599 2348 eamtatetantum
2624 2295 2843 2350 valeret
2863 2295 2922 2349 in
2949 2293 3125 2348 rebus
3155 2295 3472 2366 spirituali-

1825 2379 1959 2442 bus,
1993 2385 2048 2435 et
2079 2379 2139 2434 in
2166 2380 2249 2435 eis
2270 2386 2423 2437 esset
2448 2381 2600 2438 adeo
2630 2382 2894 2438 studiosa
2923 2388 2978 2438 et
3016 2381 3290 2452 diligens.

1896 2554 2041 2609 XIX.
2085 2555 2228 2609 Cum
2260 2570 2329 2609 ea
2355 2559 2552 2609 autem
2579 2559 2732 2609 esset
2762 2554 3077 2623 ejusmodi,
3110 2561 3166 2613 et
3204 2557 3265 2612 in
3307 2561 3473 2613 tanta

1823 2643 2136 2698 haberetur
2165 2641 2573 2706 admiratione,
2604 2642 2704 2698 ubi
2733 2645 3017 2713 processit
3045 2649 3232 2714 aetate,
3267 2651 3322 2702 et
3343 2645 3474 2715 jam

1825 2731 2088 2803 pervenit
2109 2731 2186 2786 ad
2213 2747 2440 2786 annum
2466 2731 2838 2801 vicesimum,
2872 2731 2959 2786 vir
2987 2732 3234 2803 quidam
3267 2732 3471 2788 habitu

1824 2818 2061 2890 quidem
2093 2819 2442 2884 monachus,
2473 2824 2664 2874 mente
2694 2825 2892 2874 autem
2926 2820 3188 2890 perditus
3217 2827 3271 2876 et
3297 2819 3473 2876 scele—

1824 2912 2006 2972 ratus,
2031 2907 2159 2977 lege
2179 2908 2448 2964 amicitiae
2471 2907 2764 2962 accedens
2788 2908 2865 2964 ad
2887 2909 3154 2974 beatum,
3177 2925 3314 2964 cum
3335 2924 3470 2964 eam

1827 2998 2151 3067 aspexisset
2179 2999 2362 3052 oculis
2392 2998 2732 3068 impudicis,
2773 3005 3006 3070 turpem
3035 3014 3271 3070 quoque
3301 2999 3353 3054 ei
3382 2998 3475 3054 in-

1822 3085 1958 3156 jecit
1981 3101 2246 3140 amorem
2264 3102 2400 3141 cum
2421 3101 2491 3142 eo
2517 3086 2960 3156 congrediendi.
2986 3089 3120 3142 Erat
3139 3093 3337 3143 autem
3357 3087 3474 3144 hoc

1827 3173 2072 3228 omnino
2129 3190 2224 3228 ars
2247 3178 2304 3228 et
2330 3180 2494 3229 astus
2519 3173 2783 3243 maligni,
2825 3180 2890 3231 ut
2915 3180 3146 3231 tantam
3199 3176 3473 3232 virtutem

1827 3260 2082 3316 efﬁceret
2109 3261 2436 3317 ludibrium
2461 3261 2739 3318 obscenae
2769 3262 3050 3331 libidinis,
3084 3269 3140 3318 et
3167 3279 3476 3319 sacrosan-

1826 3357 1982 3405 ctam
1997 3349 2260 3405 Abramii
2279 3350 2548 3405 animam
2561 3355 2865 3420 superaret
2879 3366 2984 3422 per
2999 3354 3325 3406 maximam
3353 3353 3476 3407 ani-

1827 3439 1907 3494 mi
1937 3437 2342 3508 aegritudinem
2375 3443 2433 3493 et
2457 3437 2876 3493 calamitatem.
2901 3438 3307 3511 Abimpudico
3333 3455 3475 3509 ergo

1828 3542 2032 3583 amore
2057 3532 2264 3582 coacta
2290 3529 2474 3595 virgo,
2508 3527 2772 3596 seipsam
2803 3527 3001 3582 educit
3029 3533 3192 3583 extra
3218 3528 3481 3584 domun-

1829 3616 2048 3683 culam,
2089 3621 2144 3671 et
2191 3632 2326 3670 cum
2369 3614 2652 3670 scelerato
2699 3614 2798 3670 illo
2840 3619 2894 3670 et
2931 3616 3293 3672 exsecranda
3333 3632 3478 3673 con-

1829 3721 2053 3777 gressa,
2087 3705 2206 3760 acri
2227 3704 2457 3775 expleta
2478 3703 2820 3775 cupiditate,
2837 3704 3111 3774 protinus
3134 3705 3243 3760 fuit
3275 3706 3478 3762 animo

1830 3795 2070 3853 saucia:
2104 3799 2160 3849 et
2191 3798 2420 3865 pr0pter
2448 3809 2518 3848 ea
2555 3809 2689 3864 quae
2720 3792 3066 3860 admiserat,
3101 3795 3481 3850 vehementer

1831 3888 2203 3954 compuncta,
2220 3881 2472 3954 seipsam
2485 3881 2756 3945 deﬂebat,
2775 3881 2938 3937 valde
2952 3882 3353 3938 miserabiliter
3363 3882 3480 3939 cla-

1834 3988 2034 4037 mans;
2057 3971 2153 4026 Hei
2174 3970 2317 4025 mihi
2341 3970 2586 4034 miseras,
2603 3968 2700 4024 hei
2725 3969 2890 4033 mihi,
2915 3985 3049 4041 quae
3073 3971 3169 4025 Dei
3190 3971 3481 4042 templum

1833 4059 2066 4124 violavi,
2081 4075 2206 4130 qum
2217 4057 2559 4127 polluiillam
2574 4057 2789 4126 regiam
2804 4056 3132 4127 imaginem,
3150 4058 3480 4129 quminqui-

1832 4146 1970 4202 navi
1989 4146 2339 4214 ﬁgmentum
2355 4145 2482 4213 ejus
2498 4160 2799 4200 manuum.
2823 4145 2923 4200 Hei
2939 4145 3082 4200 mihi
3109 4146 3362 4211 miserae,
3383 4145 3478 4201 hei

1834 4235 2103 4290 omnium
2126 4232 2538 4288 infelicissimae
2559 4233 2940 4297 feminarum,
2963 4236 3126 4305 quod
3140 4234 3350 4289 violavi
3376 4250 3481 4306 pa-

1834 4331 1994 4379 ctum
2020 4338 2157 4378 cum
2191 4324 2306 4376 Deo
2320 4327 2693 4388 conventum,
2725 4322 2889 4393 quod
2914 4337 3088 4376 omne
3119 4323 3483 4392 praeteritum

120 4421 293 4471 πάντα
339 4422 424 4470 τὸν
468 4421 753 4491 ἔμπροσθεν
808 4426 898 4478 τῆς
947 4417 1222 4478 ἀσκήσεως
1276 4420 1465 4488 χρόνον
1518 4414 1717 4490 βραχυ-

1835 4417 2068 4484 tempus
2131 4410 2564 4466 exercitationis
2620 4410 2975 4466 brevissima
3014 4411 3251 4466 vendidi
3319 4411 3482 4468 volu-

119 4510 280 4568 τάτης
331 4505 529 4568 ἡδονῆς
579 4502 846 4577 ἀπεδόμην
892 4504 1056 4571 ῘΦεῦ,
1108 4506 1188 4556 ὄτι
1246 4507 1312 4556 τὰ
1362 4509 1479 4579 πρὶν
1525 4501 1724 4556 οἰκοδο-

121 4599 355 4670 μηθέντα
399 4615 490 4668 μοι
543 4597 713 4647 πάντα
763 4594 830 4654 εἰς
877 4597 998 4646 κενά
1042 4599 1131 4646 καὶ
1191 4596 1362 4667 μάτην
1390 4592 1718 4650 πεπόνηταιί

121 4691 295 4747 ποίοις
350 4683 630 4757 ὀφθαλμοῖς
683 4683 752 4746 εἰς
803 4687 886 4735 τὸν
931 4684 1143 4756 οὐρανὸν
1203 4682 1442 4750 ἀτενίσω,
1499 4681 1723 4755 τυφλώτσ

122 4793 304 4834 τοντας
362 4773 545 4833 αὐτοὺς
597 4771 899 4834 ἀκολάστοις
949 4771 1243 4846 βλέμμασιν
1297 4775 1502 4844 ἔχουσα
1542 4789 1555 4834 ;

123 4872 212 4916 τοῦ
267 4870 400 4917 Θεοῦ
432 4858 762 4932 δεηθήσομαι
790 4861 990 4935 γλώττῃ
1025 4879 1038 4929 ;
1069 4863 1222 4934 χείλη
1270 4858 1328 4914 δὲ
1355 4869 1481 4913 ποῖα
1524 4866 1723 4918 κινήσω

1598 4775 1724 4843 ποία

121 4956 250 5026 πρὸς
299 4953 517 5016 ἱκεσίαν,
573 4949 622 5001 ἐν
669 4947 882 5012 ἡδοναῖς
931 4952 1064 5004 αύτά
1109 4950 1469 5022 μεμολυσμένα
1513 4954 1602 5001 καὶ
1632 4949 1724 5022 ῥή-

121 5062 258 5112 μασι
305 5045 392 5092 καὶ
432 5038 691 5112 φιλήμασι
740 5045 1014 5114 φέρουσα;
1055 5042 1184 5111 μετά
1229 5043 1381 5100 ποίας
1420 5036 1479 5092 δὲ
1524 5036 1724 5112 παρῥη-

125 5136 242 5194 σίας
271 5138 332 5202 τῇ
373 5125 551 5203 θυρίδι
590 5128 878 5203 προσέλθω,
928 5125 1107 5202 θυρίδι
1147 5127 1333 5200 ὶεκινη,
1367 5125 1438 5180 δι’
1473 5128 1537 5189 ἧς
1579 5123 1723 5200 ἐπέβ-

123 5219 197 5290 ῥει
240 5237 346 5291 μου
375 5219 439 5269 τά
483 5217 678 5287 γλυκέα
719 5225 789 5286 τῷ
836 5215 1060 5290 λάρυγγι
1114 5217 1265 5287 λόγια
1320 5234 1333 5283 ;
1386 5223 1491 5275 πῶς
1549 5212 1607 5267 δε
1649 5222 1722 5283 τῷ

129 5308 240 5380 θείῳ
278 5305 671 5378 προσομιλήσω,
714 5308 743 5364 ἡ
792 5308 884 5366 τὰς
937 5304 1126 5358 ἐκείνου
1171 5304 1369 5364 ἐντολὰς
1416 5303 1719 5377 παραϐᾶσα,

130 5395 158 5453 ἡ
190 5399 283 5457 τὰς
328 5397 460 5468 πρὸς
497 5393 650 5446 αὑτὸν
697 5393 997 5466 ψευσαμένη
1048 5392 1375 5466 ἐπαγγελίας,
1427 5394 1456 5452 ἡ
1519 5391 1720 5464 ἕναγὴς,

132 5490 215 5537 καὶ
241 5482 437 5559 φαύλη,
467 5488 556 5535 καὶ
599 5485 783 5558 μιαρὰ,
829 5488 919 5536 καὶ
967 5491 1117 5556 σῶμα
1160 5483 1462 5558 ῥυπωθεῐσα
1491 5486 1578 5535 καὶ
1627 5485 1722 5539 τὴν

1832 4505 2010 4572 ptate.
2072 4499 2172 4554 Hei
2225 4498 2368 4553 mihi
2416 4497 2581 4569 quod
2619 4498 2843 4564 omnia,
2885 4514 3020 4570 quas
3068 4515 3104 4553 a
3159 4515 3252 4554 me
3304 4503 3484 4556 antea

1831 4589 2063 4645 fuerant
2125 4587 2434 4652 aedificata,
2513 4586 2716 4642 inania
2781 4592 3097 4643 evaserunt
3173 4593 3228 4643 et
3296 4587 3482 4645 irrita.

1832 4678 2056 4744 Quibus
2072 4676 2259 4733 oculis
2271 4692 2382 4746 ego
2399 4675 2615 4731 ccelum
2633 4676 2928 4740 intuebor,
2950 4691 3088 4731 eum
3105 4691 3206 4731 eos
3223 4676 3484 4734 habeam

1831 4767 2202 4824 caecutientes
2231 4765 2549 4837 impudicis
2565 4765 2906 4836 aspectibus
2925 4763 2953 4818 Τ
2975 4766 3246 4830 Quanam
3278 4764 3486 4836 lingua

1834 4860 2016 4913 Deum
2030 4856 2338 4927 precabor,
2353 4853 2740 4926 velquaanam
2771 4853 2940 4909 labra
2969 4853 3224 4909 movebo
3237 4854 3314 4910 ad
3345 4871 3484 4927 sup-

1830 4947 2229 5018 plicationem,
2262 4960 2399 5000 cum
2423 4959 2495 4998 ea
2515 4943 2698 4999 feram
2723 4941 3034 5013 inquinata
3054 4940 3394 4998 libidinosis
3427 4948 3485 5000 et

1831 5036 2024 5092 verbis
2045 5040 2100 5090 et
2115 5033 2332 5089 osculis
2351 5033 2378 5082 ?
2396 5034 2541 5088 Cum
2574 5047 2838 5104 quanam
2855 5034 3051 5084 autem
3072 5029 3294 5087 ﬁducia
3319 5047 3486 5087 acce-

1830 5125 1969 5180 dam
2004 5124 2080 5180 ad
2110 5123 2449 5193 fenestram,
2483 5122 2824 5182 fenestram,
2868 5119 3116 5190 inquam,
3150 5119 3334 5185 illam,
3378 5136 3485 5191 per

1829 5229 2014 5284 quam
2049 5228 2179 5267 meo
2210 5212 2427 5281 gutturi
2461 5209 2788 5264 afﬂuebant
2813 5207 3011 5262 dulcia
3035 5206 3307 5279 eloquia?
3332 5210 3485 5274 Quo.

1831 5301 2013 5357 modo
2052 5306 2248 5356 autem
2286 5304 2565 5370 patruum
2603 5296 2890 5366 alloquar,
2935 5311 3070 5368 quae
3111 5301 3486 5366 transgressa

1831 5407 1965 5446 sum
1992 5389 2149 5446 illius
2182 5387 2488 5452 mandata,
2519 5401 2652 5458 quae
2679 5398 2798 5440 non
2830 5384 3061 5440 servavi
3090 5382 3142 5441 ei
3168 5383 3326 5442 facta
3352 5400 3485 5457 pro-

1832 5479 2027 5548 missa,
2053 5493 2186 5550 quas
2217 5492 2350 5532 sum
2376 5475 2672 5549 improba,
2706 5471 2990 5540 scelerata
3014 5479 3070 5530 et
3094 5472 3484 5540 exsecranda,
