4110 6272
603 301 673 359 67

612 441 974 500 corporeque
1012 423 1239 496 polluta
1278 425 1332 477 et
1372 420 1575 478 animo
1613 419 1640 476 ?
1671 420 1771 477 Hei
1801 420 1967 486 mihi,
1994 418 2143 491 quid
2181 418 2255 473 de
2285 416 2331 471 A

606 534 702 574 me
719 516 858 572 ﬁet?
882 517 1009 581 Quo
1026 529 1122 569 me
1138 517 1362 567 vertam
1378 509 1405 565 ?
1419 513 1532 566 Cur
1545 527 1679 566 sum
1702 510 1899 567 adhuc
1917 501 2256 581 superstes?

600 608 826 663 utinam
853 620 1013 660 mors
1029 603 1105 658 ad
1126 617 1221 657 me
1238 600 1493 655 venisset
1509 605 1644 656 ante
1664 599 1992 655 libidinem.
2024 599 2251 653 Utinam

602 697 768 769 prius
804 700 977 767 rapta
1006 692 1250 747 fuissem
1280 707 1351 746 ex
1390 706 1656 762 corpore,
1690 696 1753 744 ut
1783 688 1989 745 mortis
2027 688 2252 742 donum

597 786 886 842 haberem
918 782 1237 855 puritatem
1268 779 1557 851 corporis.
1589 782 1752 835 Nunc
1779 783 1975 835 autem
2004 775 2251 849 quinam

604 876 797 931 fontes
837 872 1242 942 lacrymarum
1297 868 1442 924 mihi
1488 872 1766 940 poterunt
1804 872 2002 923 tantas
2051 864 2254 920 sordes

610 964 851 1019 abluere
877 961 904 1015 Ἰ
932 963 1069 1015 Eam
1102 958 1185 1013 sic
1215 957 1426 1013 acerbe
1455 956 1793 1023 deﬂentem,
1814 972 1914 1027 per
1927 972 2063 1011 eum
2092 952 2256 1009 dolo-

602 1068 731 1108 rem
772 1049 1075 1119 malignus
1105 1048 1309 1117 arripit
1337 1046 1413 1101 ad
1444 1046 1940 1117 desperationem,
1973 1043 2147 1099 veluti
2188 1042 2257 1098 ti-

600 1156 794 1206 mens,
828 1144 893 1193 ut
918 1136 1193 1203 arbitror,
1224 1150 1298 1190 ne
1319 1135 1840 1206 perpmnitentiam
1866 1134 2032 1189 fieret
2057 1148 2256 1204 prom-

597 1228 781 1302 ptiori
811 1233 866 1283 et
897 1224 1166 1281 alacriori
1197 1223 1421 1286 animo,
1454 1230 1507 1278 et
1536 1223 1709 1291 longe
1762 1223 1955 1291 magis
1987 1227 2045 1277 et
2081 1221 2255 1277 vehe-

605 1317 865 1375 mentius
922 1314 1227 1377 reluceret,
1256 1328 1439 1383 quam
1501 1313 1684 1383 prius.
1743 1315 2069 1383 Desperans
2112 1324 2253 1381 ergo

599 1424 772 1465 suam
794 1405 1078 1467 salutem,
1100 1400 1330 1469 aufugit
1344 1402 1403 1455 in
1420 1401 1711 1456 civitatem
1725 1401 2053 1471 quamdam
2068 1405 2250 1454 Asum

596 1495 862 1560 nomine,
885 1507 1017 1564 quae
1056 1490 1541 1546 aberatduorum
1565 1489 2051 1544 dierumitinere:
2084 1493 2137 1543 et
2170 1486 2255 1541 di-

595 1598 848 1641 versans
878 1583 939 1636 in
972 1579 1239 1652 quodam
1255 1578 1749 1641 diversorio,cum
1768 1583 2056 1632 mutasset
2087 1575 2251 1631 habi-

600 1680 750 1743 tum,
783 1676 841 1727 et
870 1676 1101 1725 vestem
1135 1666 1492 1737 sumpsisset
1520 1665 1885 1731 saecularem,
1916 1670 2041 1721 erat
2070 1664 2255 1721 cuivis

594 1761 814 1819 volenti
841 1762 1122 1830 prompta
1148 1755 1424 1811 ministra
1455 1754 1685 1810 acerbae
1712 1754 2052 1827 voluptatis.

666 1854 771 1907 XX.
813 1850 955 1904 Cum
985 1847 1084 1902 illa
1110 1860 1253 1915 ergo
1280 1843 1364 1899 sic
1402 1861 1465 1899 se
1492 1844 1766 1910 haberet,
1807 1843 1911 1899 etsi
1939 1848 2092 1899 esset
2120 1858 2254 1915 pro-

594 1940 788 2012 posita
820 1937 892 1993 ad
922 1935 1183 1992 lascivos
1214 1932 1544 1988 illiciendos
1570 1932 1792 1999 oculos,
1824 1932 2106 1988 Abramio
2127 1932 2254 2005 qui-

594 2027 813 2084 escenti
844 2026 904 2080 in
932 2023 1209 2080 interiore
1234 2022 1382 2077 cella
1411 2021 1641 2077 exsistit
1665 2022 1779 2077 tale
1808 2022 2141 2077 somnium:
2167 2022 2254 2075 Vi-

594 2116 843 2171 debatur
871 2113 924 2169 ei
955 2113 1138 2168 draco
1168 2110 1421 2181 ingentis
1444 2110 1893 2181 magnitudinis,
1921 2114 1980 2164 et
2008 2115 2255 2182 aspectu

590 2203 913 2267 horribilis,
947 2218 981 2257 a
1009 2216 1121 2257 sua
1141 2215 1396 2255 caverna
1412 2198 1801 2271 prorepsisse,
1826 2205 1883 2254 et
1903 2199 2147 2255 veniens
2176 2199 2249 2255 ad

591 2287 1506 2365 ejusdomunculam,qua3intus
1537 2293 1682 2351 erat,
1710 2287 2046 2344 columbam
2076 2288 2253 2344 devoc

590 2398 757 2438 rasse
788 2400 801 2435 :
844 2380 1058 2436 deinde
1088 2393 1294 2433 rursus
1323 2393 1497 2434 suam
1532 2377 1835 2450 repetiisse
1874 2378 2247 2449 speluncam.

589 2471 685 2526 Ille
713 2485 853 2539 ergo
877 2470 1163 2524 excitatus
1192 2483 1314 2539 prae
1355 2467 1584 2532 timore,
1640 2466 1789 2523 tristi
1847 2468 2051 2522 animo
2103 2472 2246 2537 erat,

591 2564 646 2615 et
671 2558 1025 2615 conturbato
1058 2574 1070 2612 :
1100 2561 1156 2612 et
1180 2557 1489 2627 suspicans
1520 2556 1681 2611 illam
1710 2556 2003 2610 visionem
2032 2554 2248 2627 signiﬁ—

590 2663 725 2703 care
757 2647 1226 2718 persecutionem
1265 2643 1536 2715 aliquam
1569 2644 1858 2699 adversus
1900 2641 2243 2709 Ecelesiam,

588 2735 664 2792 de
700 2739 914 2791 caetero
954 2739 1076 2789 erat
1111 2731 1515 2788 vehementius
1545 2732 1805 2787 intentus
1840 2732 2115 2798 orationi,
2156 2748 2246 2788 ro-

589 2839 739 2895 gans
766 2828 830 2879 ut
860 2823 912 2879 ei
939 2827 1140 2893 aperte
1176 2820 1537 2877 revelaretur
1564 2820 1738 2876 visio.
1764 2824 1889 2877 Non
1916 2820 2017 2875 diu
2046 2825 2245 2877 autem

588 2912 845 2969 tardavit
883 2916 1131 2967 eventus
1167 2928 1180 2963 :
1223 2909 1328 2964 sed
1347 2910 1515 2965 tertio
1556 2909 1650 2964 die
1688 2916 1895 2981 postea
1931 2909 2246 2966 videbatur

585 3017 793 3057 rursus
814 3000 1011 3055 videre
1032 2999 1199 3054 illum
1220 2999 1543 3053 draconem
1570 2998 1880 3053 emersisse
1904 3014 1974 3054 ex
1996 3014 2066 3054 eo
2088 2998 2239 3066 loco,

588 3105 768 3163 quem
810 3088 1074 3144 subierat
1115 3105 1128 3143 :
1171 3092 1227 3143 et
1266 3102 1405 3143 cum
1445 3085 1523 3142 ad
1562 3102 1698 3142 eum
1741 3087 2147 3159 prorepsisset,
2187 3094 2243 3146 et
2275 3115 2316 3174 ρ

588 3179 717 3249 ejus
731 3176 988 3250 pedibus
1013 3180 1193 3247 caput
1214 3176 1607 3241 submisisset,
1623 3175 1786 3231 illum
1801 3177 2047 3248 quidem
2066 3180 2240 3250 proti-

586 3282 700 3321 nus
714 3281 839 3321 esse
855 3266 1193 3337 disruptum
1216 3285 1227 3323 :
1249 3265 1591 3322 columbam
1610 3271 1806 3321 autem
1818 3308 1832 3334 ,
1845 3282 2030 3337 quam
2058 3266 2237 3322 fuisse

586 3355 744 3411 abeo
756 3354 1100 3410 devoratam
1117 3354 1456 3425 praecedens
1468 3354 1805 3410 ostenderat
1816 3355 2115 3409 somnium
2127 3396 2140 3419 ,
2155 3359 2239 3410 to-

584 3448 707 3499 tam
747 3459 960 3515 puram
997 3448 1054 3497 et
1082 3442 1527 3498 immaculatam
1568 3458 1599 3496 e
1637 3442 1835 3496 medio
1867 3442 1995 3511 ejus
2033 3448 2237 3498 ventre

585 3532 867 3589 evolasse.
894 3535 1017 3589 Haec
1032 3548 1168 3587 cum
1184 3530 1440 3593 vidisset,
1460 3530 1925 3587 etexistimasset
1947 3530 2235 3588 visionem

584 3622 920 3692 signiﬁcare
951 3621 1209 3691 aliquem
1234 3620 1473 3692 lapsum
1505 3619 1722 3676 animae
1754 3620 1888 3677 ﬁliai
1911 3620 2105 3677 fratris
2121 3622 2230 3687 sui,

584 3708 986 3775 conturbatus,
1001 3712 1058 3763 et
1071 3707 1247 3762 animi
1262 3708 1600 3776 aegritudine
1614 3708 1860 3764 affectus
1872 3711 2232 3781 prospiciens

584 3813 615 3853 e
654 3798 950 3853 fenestra:
993 3797 1191 3860 Maria,
1224 3795 1405 3850 Maria
1436 3812 1587 3860 mea,
1621 3797 1831 3867 inquit,
1864 3798 2007 3868 quid
2045 3804 2153 3863 est,
2197 3816 2233 3857 ο

582 3886 727 3946 ﬁlia.
758 3886 921 3958 quod
952 3885 1055 3941 tibi
1098 3889 1321 3941 tantam
1363 3884 1553 3940 attulit
1591 3886 1949 3953 socordiam,
1995 3892 2056 3943 ut
2084 3893 2231 3945 totos

581 3975 693 4031 hos
722 3975 876 4030 duos
906 3974 1030 4030 dies
1062 3990 1179 4029 non
1202 3975 1459 4029 moveris
1480 3989 1547 4030 os
1562 3974 1638 4030 ad
1656 3974 2018 4039 laudes,non
2036 3977 2227 4033 reddi-

582 4063 738 4119 deris
760 4069 1079 4119 consuetas
1102 4062 1581 4133 gloriﬁcationes,
1606 4078 1726 4119 non
1757 4064 1992 4135 petieris
2014 4064 2233 4122 doctri-

581 4169 746 4222 nam,
761 4168 881 4207 non
900 4152 1273 4224 eloquiorum
1292 4151 1526 4207 illorum
1549 4152 1935 4220 auditionem,
1956 4170 2088 4227 quae
2102 4155 2230 4212 fue-

580 4246 718 4297 runt
746 4241 917 4296 melle
944 4247 998 4297 et
1039 4240 1175 4297 favo
1215 4241 1301 4297 ori
1332 4245 1434 4297 tuo
1464 4241 1779 4299 dulciora?

1964 288 2225 351 MENSIS
2265 286 2586 348 MARTIUS

2362 416 2548 489 ψυχήν
2590 435 2603 484 ;
2638 422 2813 491 Οἵμοι,
2859 425 2939 482 τίς
2988 422 3262 491 γένωμαι;
3302 424 3393 470 ποῖ
3432 417 3726 490 τράπωμαι
3780 435 3795 483 ;
3851 420 3976 478 Eva-ri

2364 508 2439 557 ἔτι
2478 512 2702 582 περίειμι
2752 507 2971 580 ;ὅφελον
3020 507 3208 567 ἐπῆλθέ
3250 526 3339 579 μοι
3387 510 3489 580 πρό
3538 515 3637 569 τῆς
3688 505 3969 579 ἐπιθυμίας

2364 596 2389 646 ό
2445 597 2663 659 θάνατος
2712 596 2724 650 l
2768 597 2940 670 ὄφελον
3006 598 3452 671 προανηρπάσθην
3509 604 3603 648 τοῦ
3667 602 3966 668 πτώματος,
4038 588 4039 611 ξ

3910 293 3973 349 68

2366 682 2446 735 ἵνα
2479 684 2573 735 κᾶν
2628 687 2848 738 θανάτου
2890 683 3056 759 δῶρον
3098 682 3260 758 εἶχον,
3308 689 3401 743 τὴν
3445 684 3655 755 ἁγνείαν
3710 693 3817 737 τοῦ
3878 692 3968 737 σέρ-

2364 773 2569 843 ματοςε
2614 781 2719 827 Νῦν
2766 771 2825 827 δὲ
2876 780 3024 827 ποῖαί
3071 794 3161 847 μοι
3202 780 3373 845 πηγαὶ
3422 770 3671 847 δακρύων
3721 783 3965 827 τοσοῦτετ

2366 860 2654 915 ἀποπλῦναι
2706 864 2867 938 ῥῦπον
2930 861 3245 922 δυνήσονται
3305 880 3318 930 ;
3367 870 3545 916 Ταῦτα
3594 868 3691 915 καὶ
3757 872 3968 915 τοιαῦτα

2364 960 2563 1023 πικρῶς
2618 949 3010 1027 ἀποδυρομένην
3061 953 3389 1025 προαρπάζει
3436 949 3529 1004 διὰ
3579 960 3675 1005 τοῦ
3728 956 3965 1005 τοιοῦτος..

2365 1042 2564 1101 πάθους
2615 1042 2774 1100 αὑτὴν
2828 1045 2853 1094 ό
2904 1046 3127 1116 πονηρὸς
3204 1042 3269 1102 εἰς
3325 1040 3640 1112 ἀπόγνωσιν,
3730 1045 3967 1115 καθάπερ

2365 1126 2512 1201 οἶμαι
2543 1126 2792 1192 δεδοικὼς
2839 1136 2909 1203 μὴ
2962 1128 3287 1205 σφοδροτίρᾳ
3319 1136 3596 1204 χρήσηται
3627 1128 3729 1183 διά
3768 1140 3868 1191 τῆς
3892 1152 3965 1199 με·

2364 1223 2571 1280 τανοίας
2612 1227 2673 1291 τῇ
2726 1222 2994 1292 προθυμίᾳ
3035 1225 3124 1271 καὶ
3177 1221 3355 1291 μεῖζον
3396 1218 3579 1291 λάμψῃ
3632 1227 3733 1271 τοῦ
3794 1226 3965 1292 προτί-

2361 1326 2454 1381 ρου
2481 1310 2623 1381 παρὰ
2651 1308 2781 1360 πολὺ
2811 1313 2902 1360 καὶ
2930 1306 3275 1383 σφοδρότερον
3300 1347 3311 1358 .
3343 1307 3645 1379 ἀπογνοῦσα
3675 1314 3865 1360 τοίνυν
3886 1316 3963 1365 τῇ

2362 1396 2545 1458 ἑαυτῆς
2577 1403 2857 1473 σωτηρίαν,
2911 1398 2977 1458 εἰς
3007 1398 3161 1451 Ἀσόν
3199 1417 3315 1450 τινα
3351 1396 3497 1449 πόλίν
3543 1394 3965 1470 ἀποδιδράσκει,

2365 1481 2506 1537 δυεῖν
2537 1484 2659 1538 ὁδὸν
2698 1489 2900 1559 ἡμερῶν
2946 1485 3250 1558 ἀπέχουσαν
3280 1506 3292 1518 ·
3326 1491 3413 1538 καὶ
3445 1491 3570 1560 πρός
3599 1506 3709 1539 τινι
3740 1488 3967 1539 καταλὺ-

2367 1590 2508 1624 σασα
2527 1569 2828 1645 πανδοχείῳ
2854 1576 2911 1625 τὸ
2944 1574 3133 1646 σχῆμά
3153 1592 3203 1625 τε
3222 1569 3255 1625 δ
3260 1572 3552 1643 ιαμείψασα
3581 1578 3676 1625 καὶ
3702 1582 3966 1645 κοσμικὴν

2365 1660 2561 1720 ἐσθῆτα
2588 1659 2966 1733 μεταϐαλοῦσα,
2988 1667 3268 1735 πρόχειρος
3290 1658 3351 1721 ἦν
3367 1665 3431 1714 τά
3456 1660 3764 1735 βουλομένῳ
3792 1670 3965 1725 παντὶ,

2284 1766 2329 1822 Β
2362 1757 2552 1824 πικρᾶς
2576 1748 2771 1815 ἡδονῆς
2801 1753 3064 1826 ὑπηρέτις.

2437 1840 2509 1894 K'.
2541 1844 2715 1914 Ταύτῃ
2770 1846 2940 1893 τοίνυν
2993 1841 3189 1902 έκείνης
3256 1839 3489 1911 ἐχούσης
3544 1845 3637 1893 καὶ
3703 1843 3967 1916 θήρατρον

2362 1929 2497 1982 οὑτω
2547 1929 2745 2002 λίχνοις
2817 1930 3095 2003 ὀφθαλμοῖς
3151 1934 3509 2001 προκειμένης,
3584 1934 3797 2001 γίνεται
3851 1936 3967 2003 ὄναρ

2364 2018 2431 2079 εἰς
2504 2022 2587 2071 τόν
2670 2016 2920 2093 ἐνδοτέρω
2988 2020 3220 2071 οἰκίσκον
3286 2020 3620 2090 ἡσυχάζοντι
3689 2019 3963 2093 Ἀϐραμίῳ

2362 2116 2595 2161 τοιοῦτον
2649 2126 2662 2138 ·
2731 2105 2899 2161 ἐδόκει
2968 2105 3175 2183 δράκων
3241 2108 3380 2179 αὑτῷ
3450 2111 3653 2181 μεγέθει
3707 2114 3964 2181 μέγιστος

2363 2202 2452 2249 καὶ
2505 2194 2671 2250 δεινὸν
2731 2196 3029 2250 ὑποϐλέπων
3087 2195 3184 2249 τῶν
3226 2196 3425 2249 οἰκείων
3483 2196 3685 2269 φωλεῶν
3742 2196 3965 2273 ἀνερπύ-

2365 2306 2459 2349 σας
2510 2292 2598 2339 καὶ
2650 2289 2794 2359 παρά
2838 2290 2925 2338 τὸν
2956 2286 3114 2338 αὐτοῦ
3154 2285 3386 2338 οἰκίσκον
3438 2284 3594 2338 ἐλθὼν
3646 2292 3963 2363 περιστερὰν

2360 2374 2503 2429 ἔνδον
2550 2374 2710 2430 οὖσαν
2759 2383 3030 2428 καταπιεῖν
3074 2390 3089 2405 ⁶
3132 2371 3243 2427 εἶτα
3296 2378 3426 2447 πρὸς
3480 2379 3765 2449 χηραμοὺς
3814 2374 3965 2439 αὖθις

2358 2470 2474 2526 τούς
2514 2466 2698 2519 ἑαυτοῦ
2726 2462 3018 2517 καταδῦναι
3058 2482 3070 2494 °
3103 2460 3425 2525 διυπνισθιὶς
3471 2460 3559 2516 οὖν
3614 2464 3808 2527 ἐκεῖνος
3862 2469 3961 2519 ὑπὸ

2358 2564 2448 2608 τοῦ
2525 2552 2827 2628 δείγματος,
2904 2556 3102 2626 ἄθυμος
3160 2550 3221 2612 ἧν
3277 2559 3367 2606 καὶ
3415 2559 3812 2629 τεταραγμένος,
3870 2563 3959 2608 καὶ

2356 2649 2449 2703 τὴν
2496 2644 2615 2715 ὄψιν
2654 2641 2886 2715 διωγμόν
2932 2663 3048 2695 τινα
3092 2647 3462 2715 προσημαίνειν
3508 2646 3641 2695 κατά
3690 2652 3788 2705 τῆς
3849 2647 3961 2699 Ἐκ-

2354 2733 2578 2794 κλησίας
2642 2732 2933 2797 ὑπολαϐὼν,
3016 2732 3149 2804 εὐχῇ
3214 2739 3304 2783 τοῦ
3359 2732 3539 2784 λοιποῦ
3598 2739 3959 2809 συντονωτέρᾳ

2354 2826 2675 2895 προσέκειτο,
2736 2821 3114 2893 ἐκκαλυφθῆναι
3174 2829 3345 2893 σαφῶς
3412 2818 3650 2893 δεόμενος
3699 2822 3846 2893 αύτῷ
3895 2829 3961 2876 τὰ

2353 2921 2444 2973 τῆς
2468 2911 2634 2983 ὅψεως
2666 2930 2677 2941 ⁸
2712 2916 2802 2963 καὶ
2830 2913 2860 2969 ἡ
2903 2909 3117 2973 ἔκϐασις
3162 2910 3255 2962 οὑκ
3296 2907 3572 2984 έϐράδυνεν
3620 2930 3632 2943 ο
3663 2909 3795 2964 ἀλλά
3825 2918 3960 2983 μετὰ

2352 3007 2530 3077 τρίτην
2590 3001 2646 3064 ἐξ
2697 3000 2887 3054 ἐκείνου
2958 3002 3152 3072 ἡμέραν
3225 2996 3397 3052 έδόκει
3472 2995 3732 3072 δράκοντα
3798 3005 3957 3054 πάλιν

2352 3092 2536 3145 ἐκεῖνον
2593 3093 2737 3165 όρᾷν,
2797 3088 2993 3162 ἔχείθεν
3051 3090 3179 3141 ὅπου
3248 3088 3441 3141 κατέδυ
3522 3094 3767 3163 πρότερον
3831 3090 3959 3145 ἀνα-

2352 3179 2515 3234 δύντα
2540 3185 2629 3232 καὶ
2666 3180 2790 3251 παρ’
2822 3178 2977 3230 αὐτὸν
3021 3177 3321 3249 ἐρπύσαντα
3365 3184 3475 3241 τοῖς
3524 3178 3683 3231 αὑτοῦ
3722 3199 3774 3232 τε
3823 3188 3954 3234 ποσὶ

2350 3270 2565 3341 κεφαλὴν
2610 3270 2937 3339 ὑποσχόντα,
2996 3270 3083 3318 τὸν
3135 3269 3223 3337 μὲν
3277 3266 3466 3318 αὐτίκα
3522 3267 3661 3339 μα’λα
3719 3265 3953 3345 διαρρα-

2348 3366 2522 3431 γῆναι,
2599 3361 2691 3415 τῆν
2755 3353 2814 3408 δὲ
2876 3358 3203 3428 περιστερὰν,
3274 3354 3299 3413 ἣ
3367 3363 3637 3409 καταπιεῖν
3710 3358 3870 3411 αὑτὸν
3928 3361 3953 3411 ό

2348 3445 2616 3520 προλαϐὼν
2716 3440 2977 3507 ὑπέδειξεν
3068 3448 3277 3516 ὄνειρος,
3356 3443 3585 3519 ἄρρυπον
3658 3445 3779 3504 ὃλην
3861 3454 3952 3501 καὶ

2346 3539 2578 3611 καθαρὰν
2634 3533 2688 3586 ἐκ
2744 3538 2905 3606 μέσης
2960 3534 3122 3585 αὑτοῦ
3174 3542 3269 3595 τῆς
3317 3538 3543 3609 γαστρὸς
3593 3534 3892 3594 ἀναπτῆναι
3935 3555 3947 3567 ’

2343 3634 2509 3679 ταῦτα
2549 3620 2673 3676 ἰδὼν
2703 3628 2792 3675 καί
2828 3643 2943 3674 ma
2984 3627 3160 3694 κρίνας
3200 3630 3293 3683 τῆς
3344 3621 3559 3695 ἀνεψιᾶς
3605 3624 3815 3677 ὄλισϐον
3844 3627 3947 3697 ψυ-

2343 3725 2447 3788 χῆς
2499 3716 2795 3785 ὑποφαίνειν
2847 3716 2939 3769 τήν
2996 3714 3131 3777 θέαν,
3194 3710 3415 3787 θορύϐου
3462 3732 3517 3765 τε
3567 3717 3656 3766 καὶ
3715 3712 3949 3787 ἀθυμίας

2343 3805 2521 3863 εὐθέως
2572 3802 2923 3863 ὑποπλησθεὶς
2975 3805 3063 3852 καὶ
3123 3800 3284 3861 οὑτως
3336 3804 3404 3863 ὡς
3458 3798 3569 3874 εἶχε
3621 3810 3945 3879 τεταραγμέ-

2341 3912 2433 3953 νως
2484 3900 2580 3952 τῆς
2652 3888 2865 3964 θυρίδος
2926 3889 3195 3961 προκύψας
3264 3908 3276 3919 ·
3346 3897 3526 3966 Μαρία
3574 3912 3698 3964 μου,
3760 3897 3945 3967 Μαρίά

2340 4001 2460 4054 μου,
2508 3983 2659 4053 φησὶ,
2704 3984 2755 4032 τί
2797 3984 2897 4049 σοί,
2943 3976 2982 4029 ὦ
3023 3982 3211 4042 τέκνον,
3274 3977 3384 4032 ἐστὶ
3434 3984 3491 4032 τὸ
3540 3981 3805 4055 ῥᾳθυμίαν
3852 3982 3945 4055 έμ-

2339 4077 2565 4127 ποιῆσαν
2604 4070 2883 4133 τοσαύτην,
2926 4070 2990 4128 ὡς
3030 4069 3151 4141 παρ’
3198 4068 3318 4131 ὅλας
3372 4065 3468 4122 δύο
3506 4073 3696 4131 ταύτας
3741 4072 3942 4145 ἡμέρας

2339 4162 2411 4231 μὴ
2468 4162 2639 4230 στόμα
2690 4164 2906 4215 κινῆσαι
2975 4160 3098 4231 πρὸς
3154 4160 3367 4223 αῖνεσιν,
3422 4163 3493 4230 μὴ
3548 4160 3639 4221 τὰς
3701 4163 3941 4223 συνήθεις

2340 4243 2630 4300 ἀποδοῦναι
2679 4242 3000 4317 δοξολογίας,
3050 4250 3119 4318 μὴ
3175 4246 3473 4318 προσελθεῖν
3516 4254 3577 4319 τῇ
3628 4245 3828 4320 θυρίδι,
3861 4255 3935 4321 μη

580 4327 933 4383 διδασκαλίαν
972 4332 1213 4395 αἰτῆσαι,
1254 4334 1324 4403 μὴ
1374 4330 1560 4404 λογίων
1587 4331 1785 4385 ἐκείνων
1818 4333 2088 4407 ἀκρόασιν,
2122 4333 2156 4387 ἃ
2183 4340 2272 4389 καὶ
2299 4337 2591 4410 γλυκύτερα
2619 4338 2746 4410 ὑπερ
2789 4334 2902 4408 μέλι
2949 4340 3039 4387 καὶ
3068 4340 3246 4406 κηρίον
3275 4343 3347 4406 τῷ
3382 4340 3602 4409 στόματί
3643 4356 3737 4389 σου
3784 4340 3939 4391 καθί-

584 4438 769 4473 σταντο
804 4437 817 4485 ;

649 4509 795 4562 XXI.
837 4510 979 4562 Cum
1011 4509 1137 4563 hinc
1167 4507 1417 4563 dixisset
1455 4506 1646 4563 fratris
1677 4508 1830 4574 ﬁliae,
1871 4514 1927 4565 et
1958 4510 2102 4566 nihil
2142 4513 2219 4568 ab
2256 4516 2297 4569 D

578 4612 650 4652 ea
678 4596 1001 4652 audivisset
1023 4594 1352 4667 (quomodo
1383 4595 1562 4660 enim,
1596 4612 1731 4652 cum
1758 4596 1857 4653 illa
1883 4598 1942 4653 in
1964 4598 2221 4655 diverso-

576 4686 663 4742 rio
702 4690 1030 4741 versaretur
1067 4685 1125 4739 in
1186 4685 1491 4740 amoribus
1526 4692 1581 4741 et
1618 4687 2152 4744 comessationibus
2170 4690 2219 4762 ?)

576 4780 777 4846 aperte
803 4775 1078 4844 cognovit
1103 4774 1395 4829 visionem
1421 4774 1494 4829 de
1520 4790 1591 4830 ea
1616 4776 1978 4845 signiﬁcare:
2005 4783 2060 4833 et
2085 4794 2220 4845 pro-

575 4863 731 4918 tinus
763 4863 1117 4933 gravissimo
1156 4862 1361 4917 dolore
1400 4861 1667 4929 affectus,
1710 4870 1762 4919 et
1793 4863 1852 4919 in
1892 4865 2218 4923 visceribus

574 4966 757 5022 supra
796 4951 1041 5006 modum
1080 4950 1395 5013 cruciatus,
1442 4952 1695 5022 suspirio
1739 4953 1913 5008 veluti
1951 4956 2217 5026 quodam

574 5038 742 5094 fumo
770 5055 841 5094 ex
870 5040 1098 5095 interna
1115 5038 1367 5095 ﬂamma
1386 5039 1624 5103 emisso,
1650 5042 1832 5096 Deum
1863 5044 2130 5113 rogabat,
2157 5050 2218 5101 ut

575 5143 647 5183 ea
674 5128 1017 5199 respisceret
1046 5134 1099 5183 et
1129 5132 1489 5197 exsurgeret,
1533 5134 1587 5184 et
1613 5129 1824 5185 rediret
1852 5131 1927 5186 ad
1958 5132 2215 5203 priorem

573 5215 778 5287 probae
808 5217 940 5272 vitae
957 5218 1411 5275 institutionem.
1436 5220 1581 5273 Nam
1604 5219 1705 5273 etsi
1729 5223 1866 5273 tunc
1883 5220 2213 5288 ignorabat,

570 5305 880 5376 quomodo
910 5306 1308 5373 abscessisset,
1340 5312 1394 5363 et
1421 5307 1705 5372 locum,in
1735 5323 1854 5380 quo
1882 5309 2059 5365 Maria
2086 5326 2217 5366 ver-

571 5393 815 5449 sabatur
848 5412 861 5446 ε
900 5394 1064 5466 quod
1096 5400 1294 5452 tamen
1322 5397 1570 5453 latenter
1594 5398 1953 5463 recessisset,
1982 5404 2037 5454 et
2077 5414 2215 5469 pro-

570 5486 698 5553 pter
730 5480 1019 5537 visionem
1055 5482 1234 5551 illam,
1264 5500 1398 5554 que:
1429 5491 1807 5557 apparuerat,
1840 5502 1959 5541 non
1988 5487 2212 5544 bonam

570 5584 740 5641 spem
778 5569 852 5625 de
882 5585 952 5627 ea
983 5576 1352 5643 conceperat.
1386 5575 1540 5629 Duos
1565 5574 1762 5646 itaque
1791 5590 1983 5631 annos
2028 5578 2211 5633 Deum

2405 4515 2529 4571 KA’.
2577 4522 2757 4568 Ταῦτα
2805 4517 2936 4588 πρὸς
2981 4518 3074 4572 τὴν
3132 4512 3348 4585 ἀνεψιὰν
3410 4510 3569 4572 δῆθεν
3635 4513 3788 4566 εἰπὼν
3845 4520 3935 4569 καὶ

2331 4601 2495 4676 μηδὲν
2551 4606 2673 4676 παρ’
2733 4604 2896 4664 αὑτῆς
2950 4601 3174 4663 ἀκούσας
3228 4605 3358 4675 (πῶς
3410 4605 3507 4676 γάρ
3561 4618 3576 4669 ;
3628 4600 3827 4665 ἐκείνης
3885 4602 3933 4655 ἐν

2329 4699 2400 4762 τῷ
2456 4688 2758 4763 πανδοχείῳ
2812 4695 2927 4763 περὶ
2970 4694 3161 4765 ἔρωτας
3215 4696 3305 4743 καὶ
3349 4697 3551 4763 κώμους
3596 4689 3934 4764 ἀσχαλουμίο

2327 4780 2456 4850 νης),
2516 4783 2644 4852 ἔγνω
2696 4788 2890 4851 σαφῶς,
2951 4786 3042 4838 τὴν
3084 4779 3203 4851 ὅφιν
3256 4785 3374 4856 περὶ
3420 4780 3585 4842 αὐτῆς
3638 4781 3934 4834 ὑπαινίττε-

2330 4870 2453 4920 σθαι
2523 4873 2612 4920 καὶ
2680 4866 3038 4943 όδυνηρότατα
3118 4876 3454 4944 παραχρῆμα
3519 4864 3775 4930 διατεθεὶς
3866 4872 3932 4922 τὰ

2328 4957 2612 5029 σπλάγχνα
2684 4976 2737 5009 τε
2818 4957 3184 5029 ὑπεραλγήσας
3256 4963 3344 5010 καὶ
3402 4960 3704 5030 στεναγμόν,
3774 4960 3931 5011 οἱονεί

2323 5065 2436 5099 τινα
2492 5048 2682 5098 καπνὸν
2735 5053 2829 5106 τῆς
2875 5042 3074 5099 ἔνδοθεν
3116 5046 3317 5118 φλογὸς,
3376 5044 3700 5118 ἀναπέμψας,
3758 5043 3927 5100 ἐδεῖτο

2322 5142 2413 5187 τοῦ
2466 5141 2599 5187 Θεοῦ
2656 5138 2713 5186 τὸ
2767 5134 2962 5197 λοιπὸν,
3012 5136 3143 5187 ὥστε
3212 5133 3474 5205 ἀνανῆψαι
3527 5134 3681 5186 πάλιν
3736 5134 3919 5202 αὑτήν,

2324 5228 2413 5275 καὶ
2470 5219 2832 5287 διαναστῆναι,
2884 5228 2973 5275 καὶ
3034 5222 3100 5283 εἰς
3170 5228 3262 5281 τὴν
3320 5226 3570 5296 προτέραν
3636 5220 3925 5276 ἐπανελθεῖν

2325 5310 2667 5383 εὐδοκίμησιν
2701 5329 2713 5341 ⁸
2749 5312 2792 5364 εἰ
2840 5314 2942 5386 γὰρ
2984 5316 3071 5364 καὶ
3125 5315 3208 5363 τὸν
3256 5316 3444 5385 τρόπον
3498 5315 3623 5372 τέως
3665 5318 3761 5374 τῆς
3801 5311 3927 5365 ἀπο·

2326 5395 2521 5471 δημίας
2565 5400 2754 5471 ἠγνόει,
2788 5405 2875 5452 καὶ
2918 5404 3003 5453 τὸν
3047 5403 3223 5465 τόπον,
3256 5401 3305 5450 ἐν
3415 5407 3703 5456 τηνικαῦτα
3745 5402 3927 5475 Μαρία

2325 5487 2597 5561 διέτριϐεν,
2650 5488 2775 5539 ἀλλά
2816 5493 2872 5541 τὸ
2928 5490 3134 5548 λεληθὸς
3177 5495 3272 5550 τῆς
3317 5489 3709 5563 ὑποχωρήσεως
3753 5494 3841 5543 καὶ
3891 5494 3920 5549 ἡ

2324 5585 2539 5649 φανεῖσα
2566 5577 2686 5648 ὄψις
2729 5577 2891 5636 εκείνη
2942 5578 3034 5631 οὑκ
3075 5577 3275 5650 ἀγαθάς
3321 5586 3571 5653 παρεῖχεν
3619 5578 3761 5649 αὑτῷ
3803 5584 3924 5651 περὶ
