4110 6272
178 266 262 325 69
1562 267 1730 326 VITA
1768 268 1804 326 S

1915 268 2198 332 .BRAMII.
3476 286 3546 341 7o

176 394 344 454 αὐτῆς
386 393 480 453 τὰς
535 385 771 453 ἐλπίδας.
817 389 936 444 Ἐπὶ
982 386 1112 447 δυσὶ
1149 398 1239 466 μὶν
1277 393 1364 448 οὖν
1408 401 1570 450 ἔτεσιν
1614 394 1780 449 ἐδεῖτο

1915 413 2006 466 πυ
2023 414 2094 454 ea
2114 401 2366 470 rogavit.
2395 399 2621 460 Somnii
2643 401 2798 459 enim
2817 401 3542 476 duplex'visio,biennium

177 487 302 558 περὶ
359 481 518 541 αὐτῆς
573 487 665 532 τοῦ
719 486 873 533 Θεοῦ·
931 483 960 539 ἠ
1023 487 1124 557 γὰρ
1197 481 1355 544 διπλή
1397 493 1492 538 τοῦ
1532 486 1788 559 ὀνείρατος

180 572 306 643 ὄψις
354 575 414 624 τὸ
466 577 559 623 τοῦ
604 573 800 644 χρόνου
842 565 1002 632 δίετες
1053 573 1395 646 ὑπεσήμαινε·
1429 580 1546 648 περὶ
1595 571 1654 626 δε
1700 578 1787 632 τὴν

180 669 280 714 τοῦ
321 657 566 731 δευτέρου
611 661 757 720 ἔτους
795 659 1030 718 τελευτήν
1079 661 1312 716 ἐπάνεισί
1358 683 1433 724 τις
1483 673 1581 716 τῶν
1613 663 1785 734 φίλων,

185 753 244 812 ὃς
284 749 540 822 ἐτύγχανε
597 748 720 821 παρ’
781 749 939 802 αὐτοῦ
996 753 1132 802 κατά
1174 753 1398 812 ζήτησιν
1446 752 1641 814 ἐκείνης
1697 751 1790 804 ἀπο

188 840 512 904 εσταλμένος,
569 840 687 890 ὁποι
731 856 784 890 τε
840 840 870 896 ή
941 838 1126 910 ἀνεψιὰ
1183 839 1442 916 διατρίϐει
1497 847 1586 894 καὶ
1649 843 1791 914 παρὰ

188 933 294 982 τίνι
345 933 436 981 καὶ
486 929 640 996 ὅπως,
700 935 877 999 σαφῶς
915 930 1084 981 πάντα
1129 933 1336 1002 μηνύων
1371 940 1442 1002 τῷ
1499 930 1784 1005 Ἀϐραμίῳ·

189 1023 282 1070 καὶ
338 1026 675 1092 παραχρῆμα
739 1021 811 1088 μή
870 1016 1125 1088 μελλήσας
1168 1018 1354 1082 ἐκεῖνος
1405 1016 1590 1092 μηδεν,
1658 1015 1789 1092 μηδ’

193 1105 615 1178 ἀναϐαλλόμενος,
667 1103 795 1156 ἀλλά
823 1109 1002 1179 μακρὰ
1046 1113 1256 1181 χαίρειν
1299 1109 1450 1161 εἰπὼν
1500 1114 1589 1161 καὶ
1627 1113 1789 1182 γήρᾳ,

193 1201 282 1247 καὶ
313 1197 540 1267 ἡσυχίᾳ,
575 1199 663 1247 καὶ
693 1203 967 1267 μοναχικῷ
1015 1202 1103 1249 καὶ
1137 1204 1379 1270 σχήματι
1419 1203 1508 1250 καὶ
1537 1203 1790 1269 μνήματι,

194 1286 334 1344 ὅπως
389 1285 574 1355 ψυχὴν
627 1291 725 1335 τῶν
775 1279 1002 1335 δικτύων
1063 1284 1310 1358 ἐξελκύση
1370 1294 1461 1338 τοῦ
1523 1283 1790 1349 διαϐόλου,

191 1377 283 1423 καὶ
339 1379 685 1444 στρατιωτικῇ
741 1375 829 1441 μὶν
869 1376 1202 1445 χρησάμενος
1248 1382 1310 1446 τῇ
1361 1373 1542 1446 στολῇ,
1596 1372 1797 1445 ἐνθέμε-

190 1479 277 1522 νος
329 1457 387 1512 δε
443 1469 514 1531 τῷ
571 1459 745 1526 κόλπῳ
805 1465 894 1512 καὶ
961 1466 1196 1533 νόμισμα
1250 1464 1298 1514 ἓν
1357 1465 1628 1532 (τοσούτου
1692 1464 1793 1533 γὰρ

193 1548 477 1621 ἐτύγχανεν
531 1549 805 1621 εὐπορῶν),
893 1549 1049 1602 ἵππον
1101 1569 1155 1602 τε
1208 1552 1626 1622 μισθωσάμενος,
1707 1555 1796 1602 καὶ

195 1641 379 1690 τούτου
431 1641 490 1690 τό
531 1639 699 1710 τάχος
743 1636 944 1701 ἐπιϐὰς,
996 1642 1130 1692 κατά
1175 1643 1260 1691 τόν
1301 1647 1504 1713 πρῶτον
1533 1643 1623 1690 καὶ
1649 1633 1798 1698 οὖτος

193 1725 439 1800 ’Δϐραὰμ
485 1735 587 1795 τῆς,
631 1725 715 1780 ἐπὶ
766 1731 822 1780 τό
873 1723 1191 1800 πανδοχεῖον
1230 1731 1489 1802 φερούσης
1518 1726 1709 1797 ἥψατο.
1739 1724 1797 1778 Ὀ

203 1819 295 1889 μεν
337 1817 436 1888 γὰρ
505 1818 641 1867 κατὰ
717 1824 817 1868 τῶν
872 1821 1021 1869 πέντε
1092 1816 1349 1888 βασιλέων
1420 1815 1798 1888 ἐκστρατεύσας

203 1910 324 1958 Λὼτ
352 1910 438 1957 τόν
484 1908 669 1957 τούτου
700 1901 1013 1978 ἀδελφιδοῦν
1062 1904 1360 1958 ἀνεσώσατο
1389 1914 1480 1966 τῆς
1522 1902 1796 1976 αἰχμαλω-

199 1999 336 2060 σίας,
381 1995 408 2045 ό
456 1990 516 2046 δε
561 1997 689 2066 πρὸς
727 1993 895 2051 πάλην
925 2002 996 2064 τῷ
1046 1993 1376 2067 ἀντικειμένῳ
1423 1998 1682 2067 χωρήσας
1710 1995 1799 2044 καὶ

1898 488 2180 558 temporis
2221 490 2615 560 signiﬁcabat.
2659 492 2823 548 Circa
2856 494 3040 549 ﬁnem
3071 501 3267 550 autem
3299 497 3545 553 secundi

1899 575 2038 629 anni
2053 577 2358 634 revertitur
2373 579 2622 652 quidam
2640 581 2889 646 amicus,
2905 583 3010 654 qui
3039 582 3117 638 ad
3133 599 3261 639 eam
3275 601 3546 658 quaren-

1899 661 2040 719 dam
2066 664 2253 722 fuerat
2282 667 2361 723 ab
2382 669 2513 740 ipso
2547 669 2787 733 missus,
2807 668 3054 726 ubinam
3081 678 3408 728 versaretur
3428 673 3544 730 fra-

1901 751 2002 805 tris
2019 751 2154 822 ﬁlia,
2189 760 2246 810 et
2273 757 2436 826 apud
2462 773 2663 827 quem,
2691 763 2748 813 et
2775 758 3104 829 quomodo,
3123 761 3327 817 omnia
3347 768 3546 833 aperte

1899 840 2240 910 signiﬁcans
2269 844 2566 902 Abramio.
2600 845 2696 902 Ille
2723 862 2862 903 vero
2891 847 3090 904 statim
3121 848 3266 904 nihil
3305 857 3549 908 cuncta-

1902 939 2012 996 tus,
2031 932 2132 986 sed
2152 932 2408 989 multum
2425 935 2613 990 valere
2621 935 2841 1005 jubens
2858 941 2913 991 et
2930 937 3184 1003 senium,
3202 940 3548 996 etexercita-

1904 1017 2144 1088 tionem,
2175 1027 2231 1077 et
2262 1022 2581 1088 silentium,
2626 1025 3145 1097 monasticumque
3193 1025 3465 1083 habitum
3491 1037 3552 1093 et

1900 1107 2226 1174 incessum,
2257 1116 2322 1165 ut
2359 1111 2634 1167 liberaret
2662 1112 2926 1168 animam
2961 1128 2997 1168 a
3039 1112 3260 1184 laqueis
3298 1115 3548 1184 diaboli,

1901 1211 2039 1250 cum
2067 1203 2290 1254 vestem
2319 1199 2611 1254 induisset
2631 1199 2968 1269 militarem,
2995 1201 3127 1256 etin
3161 1203 3356 1258 sinum
3380 1219 3550 1259 num-

1907 1299 2072 1339 mum
2098 1301 2284 1342 unum
2316 1286 2661 1343 immisisset
2682 1289 2943 1358 (tantum
2966 1289 3122 1344 enim
3154 1298 3279 1347 erat
3295 1292 3347 1346 ei
3373 1291 3547 1364 opus)

1905 1377 1961 1427 et
1990 1389 2207 1444 equum
2238 1373 2639 1444 conduxisset,
2672 1382 2727 1431 et
2754 1393 2890 1432 eum
2933 1379 3385 1449 quamprimum
3412 1397 3550 1436 con-

1905 1461 2242 1530 scendisset,
2275 1461 2404 1534 ipse
2429 1479 2666 1535 quoque
2688 1465 2874 1520 instar
2895 1466 3068 1536 primi
3092 1467 3366 1532 Abraha,
3387 1469 3549 1524 viam

1906 1547 2052 1613 iniit,
2081 1565 2218 1621 qua
2249 1550 2499 1608 ducebat
2545 1552 2623 1608 ad
2653 1553 3068 1610 diversorium.
3118 1558 3264 1611 Nam
3287 1555 3382 1612 ille
3423 1560 3553 1629 qui-

1905 1635 2038 1691 dem
2069 1637 2441 1708 expeditione
2465 1644 2744 1712 suscepta
2766 1641 3054 1697 adversus
3070 1642 3337 1715 quinque
3359 1660 3548 1714 reges,

1909 1726 2012 1780 Lot
2036 1724 2230 1781 fratris
2261 1726 2451 1784 ﬁlium
2483 1729 2739 1785 servavit
2761 1745 2797 1786 a
2821 1729 3183 1801 captivitate.
3207 1732 3307 1787 Hic
3325 1738 3546 1798 autem,

1908 1828 2045 1868 cum
2079 1815 2138 1868 in
2161 1820 2460 1871 certamen
2492 1817 2874 1888 processisset
2899 1824 3104 1874 contra
3136 1819 3551 1877 adversarium

1907 1907 1964 1956 et
1987 1917 2126 1957 eum
2165 1901 2223 1957 vi
2249 1910 2673 1976 expugnasset,
2702 1906 2933 1961 reduxit
2955 1907 3044 1962 sui
3063 1907 3258 1963 fratris
3282 1907 3456 1964 ﬁliam
3473 1908 3551 1965 ad

1908 1989 2168 2060 priorem
2193 1991 2423 2048 virtutis
2453 1992 2952 2050 exercitationem.

193 2085 331 2134 κατά
397 2085 584 2155 κράτος
659 2089 840 2135 τοῦτον
917 2083 1057 2148 ἐλῶν,
1117 2087 1210 2143 τήν
1292 2083 1486 2136 οἰκείαν
1559 2076 1840 2153 ἀδελφιδῆν
1904 2082 2032 2152 πρὸς
2100 2083 2195 2138 τήν
2273 2085 2526 2155 προτέραν
2605 2081 2769 2144 αὐτῆς
2838 2081 3020 2158 ἀρετῆς
3102 2081 3330 2142 ἄσκησιν
3406 2085 3555 2138 ἐπαν-

194 2191 408 2244 vim".

273 2260 394 2313 KB'.
457 2259 771 2314 Καταλαϐὼν
827 2265 996 2314 τοίνυν
1065 2264 1125 2314 τό
1189 2257 1531 2333 πανδοχεῖον,
1589 2259 1673 2312 οἶά
1726 2277 1808 2320 τις

196 2351 444 2423 ἔμπειρος
501 2351 734 2422 θηρατής
793 2355 884 2402 καὶ
939 2348 1182 2410 πολλάκις
1235 2352 1484 2410 τοιαύτης
1543 2350 1703 2422 θήρας
1757 2365 1808 2397 τι

199 2444 402 2511 τυχὼν,
457 2444 738 2513 παρετήρει
793 2434 926 2511 τῇδε
977 2437 1207 2505 κάκεῖσε,
1260 2441 1431 2490 εἵπου
1471 2439 1655 2509 μικρὸν
1683 2437 1808 2487 61:0-

194 2527 384 2599 ϐλέψαι
434 2524 682 2586 δυνηθείη
729 2530 787 2580 τό
838 2529 1060 2602 θήραμα·
1120 2525 1226 2579 ἐπεὶ
1282 2523 1342 2579 δε
1376 2525 1536 2586 πολὺς
1576 2523 1806 2596 ἐτρίϐετο

200 2622 398 2692 χρόνος
447 2617 603 2687 αὐτῷ,
656 2622 748 2670 καὶ
796 2615 890 2670 οῦκ
938 2613 1100 2689 εἶχεν,
1160 2619 1294 2676 ὅπως
1344 2620 1436 2674 τήν
1488 2618 1805 2686 ζητουμένην

194 2708 474 2764 θεάσηται·
527 2725 780 2778 τοσουτῳο
835 2707 937 2779 γὰρ
986 2705 1152 2764 ἐκείνη
1206 2710 1473 2778 σώφρονας
1512 2702 1808 2776 ὀφθαλμοὺς

195 2795 522 2869 ἐφυλάττετο,
577 2796 683 2866 ὅσῳ
738 2795 1037 2848 τούναντίον
1097 2794 1302 2867 λίχνοις
1357 2799 1446 2846 καὶ
1498 2791 1807 2854 ἀκολάστοις

198 2884 494 2956 ἐπέτρεχεν·
553 2882 662 2935 ἐπεὶ
735 2887 903 2935 τοίνυν
960 2882 1120 2942 οὕτως
1176 2884 1289 2953 εἶχε
1355 2886 1446 2934 καὶ
1522 2885 1640 2955 περὶ
1712 2885 1806 2938 τήν

202 2973 320 3025 θέαν
390 2971 549 3031 αὐτῆς
598 2967 882 3035 ἀδυνάτως,
938 2971 1216 3022 ἐπινοεῖται
1262 2989 1314 3021 τι
1358 2974 1598 3042 πρᾶγμα.
1651 2970 1676 3020 6
1720 2972 1808 3019 καὶ

1985 2257 2157 2312 XXII.
2197 2257 2338 2314 Cum
2377 2260 2744 2331 pervenisset
2780 2261 2981 2333 itaque
3019 2260 3097 2317 ad
3135 2261 3554 2327 diversorium.

1915 2359 2036 2401 non
2047 2361 2216 2402 secus
2228 2363 2294 2403 ac
2307 2353 2554 2405 venator
2567 2349 2808 2420 peritus,
2825 2348 2938 2404 huc
2959 2355 3016 2404 et
3028 2349 3164 2405 illuc
3179 2350 3550 2416 observabat,

1917 2433 2100 2489 sicubi
2136 2441 2339 2506 posset
2373 2435 2644 2508 pradam
2670 2453 2991 2509 parumper
3019 2437 3302 2508 aspicere.
3334 2438 3552 2494 Verum

1916 2525 2151 2594 tempus
2175 2524 2253 2579 ad
2285 2539 2356 2580 eo
2389 2525 2705 2591 terebatur,
2761 2529 2819 2582 et
2847 2541 3003 2589 eam,
3025 2541 3207 2598 quam
3225 2526 3552 2599 quarebat,

1915 2626 2033 2666 non
2065 2618 2295 2683 poterat
2317 2613 2604 2685 aspicere.
2637 2613 2737 2670 Illa
2763 2614 2922 2670 enim
2941 2615 3192 2686 pudicos
3216 2621 3446 2671 tantum
3469 2616 3556 2671 vi-

1915 2699 2080 2755 tabat
2107 2701 2334 2770 oculos,
2357 2706 2652 2773 quantum
2680 2707 2889 2757 contra
2919 2701 3265 2759 accurrebat
3288 2702 3363 2758 ad
3395 2702 3559 2759 lasci-

1915 2803 2019 2842 vos
2043 2793 2100 2843 et
2118 2787 2476 2860 impudicos.
2507 2789 2653 2844 Cum
2686 2804 2828 2860 ergo
2859 2790 2944 2845 sic
2957 2805 3088 2846 eam
3108 2805 3229 2846 non
3256 2791 3560 2862 possetin-

1917 2876 2087 2944 tueri,
2130 2879 2424 2949 excogitat
2456 2893 2576 2933 rem
2604 2878 2957 2950 quamdam,
2989 2894 3125 2951 qua
3159 2879 3252 2934 vel
3299 2878 3426 2934 sola
3454 2894 3560 2950 po-

1917 2968 2031 3020 test
2088 2966 2398 3021 ostendere
2439 2981 2729 3038 magnum
2754 2965 2908 3022 illius
2933 2966 3142 3038 zelum,
3190 2971 3246 3022 et
3269 2966 3560 3039 quemad-

200 3065 354 3134 μόνον
427 3061 601 3112 ἱκανὸν
675 3067 1024 3133 παραστῆσαι
1069 3060 1154 3110 τὸν
1207 3057 1364 3108 πολὺν
1423 3056 1582 3108 αὐτοῦ
1655 3055 1804 3115 ζῆλον

1919 3053 2189 3120 modum,
2216 3060 2277 3110 ut
2295 3060 2554 3111 servaret
2569 3055 2855 3121 animam,
2870 3072 2906 3112 a
2924 3055 3090 3112 nulla
3108 3071 3170 3111 re
3195 3056 3440 3112 omnino
3458 3056 3560 3112 ab-

201 3147 390 3202 ἐκεῖνον
438 3153 528 3201 καὶ
580 3149 718 3210 ὅπως
765 3149 891 3219 ὑπὲρ
947 3153 1039 3199 τοῦ
1078 3154 1249 3198 σῶσαι
1286 3144 1473 3217 ψυχήν
1519 3140 1728 3205 οὐδενός
1753 3150 1809 3196 τὸ

200 3239 447 3311 παράπαν
489 3236 760 3309 ἀπείχετο·
823 3235 1104 3289 πλάττεται
1157 3237 1246 3306 μεν
1295 3236 1396 3309 γὰρ
1450 3232 1672 3305 ἐραστοῦ
1721 3237 1810 3285 καὶ

204 3335 396 3400 σχῆμα
447 3331 536 3379 καὶ
586 3331 793 3398 τρόπον,
854 3326 879 3377 6
929 3331 1121 3398 μικροῦ
1160 3332 1251 3384 τῆς
1292 3332 1392 3375 τῶν
1441 3321 1667 3394 ἀγγέλων
1713 3342 1810 3374 πα-

200 3421 521 3489 ραπτόμενος
567 3414 773 3481 ἀῦλίας,
821 3417 987 3489 ἔρωτά
1024 3433 1079 3467 τε
1120 3415 1367 3486 σαρκικὸν
1427 3411 1546 3486 ἐρᾴν
1597 3412 1809 3483 ὑποκρί-

200 3522 360 3557 νεται·
407 3509 497 3557 καὶ
550 3505 719 3577 ἠρέμα
764 3512 837 3575 τῷ
886 3500 1150 3575 πανδοχεῖ
1210 3500 1530 3576 προσελθών·
1609 3500 1808 3554 Ἀκούω

202 3597 362 3668 κόρην
409 3595 529 3646 τινὰ
565 3595 709 3666 παρά
769 3597 872 3660 σοὶ,
930 3597 1079 3665 φησὶ,
1127 3591 1300 3644 κάλλει
1349 3597 1640 3663 περιφανῶς
1693 3585 1810 3640 δια-

203 3687 507 3757 πρέπουσαν
558 3689 650 3735 τοῦ
712 3679 1036 3754 πανδοχείου
1089 3683 1492 3756 προίσταμένην,
1542 3677 1810 3752 ἐταιρικῶς

203 3774 328 3832 τοὺς
408 3769 753 3844 βουλομένους
830 3767 1111 3843 δέχεσθαι·
1179 3772 1372 3829 ταύτης
1427 3767 1570 3838 κάγὼ
1639 3772 1809 3819 τοίνυν

206 3859 332 3933 ἐρῶν
384 3859 667 3933 ἀφικόμην.
725 3864 825 3913 Καὶ
875 3861 900 3912 6
952 3856 1249 3930 πανδοχεὺς
1304 3861 1428 3930 πρὸς
1479 3861 1573 3914 τήν
1627 3855 1808 3908 πολιὰν

209 3948 413 4022 βλέψας
467 3957 559 4001 τοῦ
629 3947 939 4022 Ἀϐραμίου,
989 3947 1199 4019 ἄγνοιαν
1254 3943 1312 4000 δὲ
1387 3952 1480 3998 τοῦ
1541 3941 1808 4017 δράματος

207 4041 346 4110 ἔχων
404 4043 493 4090 καὶ
549 4036 645 4090 οῦκ
688 4033 837 4097 εἰδὼς
883 4041 935 4088 τί
983 4035 1293 4109 βουλόμενος
1331 4033 1448 4108 ἐρᾷν
1486 4035 1805 4107 ὑπεκρίνετο,

205 4127 531 4199 ἐμυσάττετο
583 4129 673 4200 μεν
727 4125 881 4178 αὐτόν
927 4135 989 4199 τῇ
1030 4125 1183 4199 ψυχῇ
1248 4129 1338 4177 καὶ
1392 4123 1575 4181 πολλὴν
1626 4121 1810 4174 ἀκολα-

207 4221 328 4268 σίαν
377 4215 537 4269 αὐτοῦ
593 4220 682 4268 καὶ
746 4213 1012 4286 ἀσέλγειαν
1082 4219 1477 4286 κατεγίνωσκεν,
1539 4213 1620 4264 ὅτι
1678 4207 1810 4283 μηδ’

205 4304 256 4356 ἐν
313 4310 455 4377 γήρᾳ
529 4307 761 4375 τοσούτῳ
841 4308 931 4356 καὶ
1000 4303 1157 4373 πολιᾴ
1220 4308 1494 4375 σωφρονεῖν
1550 4299 1807 4371 ἀνέχοιτο,

208 4395 317 4446 ἀλλ’
373 4395 538 4456 οὕτως
589 4390 805 4465 ἀπᾴδων
863 4391 992 4444 πολὺ
1070 4399 1167 4450 τῆς
1243 4389 1447 4448 ἡλικίας
1523 4390 1549 4439 6
1602 4392 1806 4460 τρόπος.
1842 4424 1888 4480 D

199 4482 379 4545 Ὀτως
441 4480 499 4536 δὲ
554 4487 624 4555 μή
676 4490 775 4534 τῶν
828 4483 911 4534 ἐπὶ
968 4487 1029 4552 τῇ
1086 4484 1212 4553 κόρη
1273 4479 1475 4550 μισθῶν
1522 4477 1810 4550 ἀποστερη-

209 4575 343 4636 θείη,
414 4569 718 4644 διερεθίζειν
781 4567 938 4629 δῆθεν
995 4566 1164 4621 ἐδόκει
1210 4572 1301 4619 καὶ
1351 4565 1662 4631 ῦποκνίζειν,
1721 4570 1810 4618 καὶ

205 4661 282 4724 εἰς
337 4661 548 4714 πλείονα
592 4664 680 4711 τόν
736 4659 884 4730 ἅγιον
941 4663 1033 4716 τήν
1091 4656 1372 4728 ἐπιθυμίαν
1423 4653 1663 4717 ἐκκαίειν,
1719 4659 1809 4713 τήν

205 4753 368 4824 κόρην
444 4752 516 4820 μή
575 4747 743 4807 ἁπλῶς
819 4750 1014 4821 ὡραίαν
1071 4750 1160 4797 καὶ
1229 4743 1390 4802 καλήν
1447 4739 1576 4795 εἶναι
1631 4742 1807 4814 λέγων,

210 4837 343 4891 ἀλλά
369 4842 461 4889 καὶ
500 4844 598 4888 τῶν
643 4835 806 4888 ἄλλων
842 4843 1103 4906 γυναικῶν
1133 4841 1377 4886 τοσοῦτον
1408 4831 1667 4904 ἀμείνονα,
1703 4833 1808 4903 ὅσῳ

207 4931 302 4980 καὶ
327 4933 429 4978 τῶν
457 4925 648 4978 λοιπῶν
679 4924 865 4978 ἀνθέων
895 4927 952 4976 τό
980 4920 1137 4996 ῥόδον
1169 4918 1526 4997 φαιδρότερον·
1563 4924 1722 4993 ὄνομα
1752 4916 1810 4973 δι

207 5015 344 5086 αὐτῇ
382 5016 580 5088 Μαρία.

288 5103 407 5156 Kl'".
462 5106 641 5158 Ταῦτα
683 5108 776 5154 τοῦ
803 5097 1108 5172 πανδοχέως
1151 5099 1400 5170 εἰπόντος,
1450 5097 1676 5159 ἀκούσας
1718 5106 1809 5150 τοῦ

215 5191 462 5264 ὀνόματος
513 5193 538 5243 6
603 5189 907 5263 Ἀϐράμιος,
968 5192 1094 5259 ἔγνω
1147 5191 1342 5246 ταύτην
1417 5189 1607 5246 ἐκείνην
1682 5184 1810 5239 εἶναι

213 5288 390 5352 σαφῶς
444 5285 533 5332 καὶ
589 5280 762 5332 οὐκέτι
818 5275 1132 5337 ἐπιδοιάζων
1195 5273 1277 5340 ἧν,
1336 5275 1444 5328 ἀλλ’
1517 5278 1542 5328 ό
1621 5275 1811 5338 κόλπος

211 5370 365 5431 εὐθὺς
416 5367 530 5440 εἶχε
578 5373 670 5427 τήν
722 5374 881 5441 χεῖρα
919 5371 1004 5419 καὶ
1060 5369 1117 5418 τό
1169 5370 1405 5437 νόμισμα
1442 5372 1514 5435 τῷ
1546 5361 1810 5436 ξενοδόχῳ

210 5457 538 5522 καταϐαλὼν,
599 5455 804 5510 δεῖπνόν
864 5475 918 5508 τε
973 5456 1282 5528 παραθεῖναι
1333 5457 1424 5505 καὶ
1499 5457 1594 5512 τήν
1651 5457 1808 5528 κόρην

213 5547 298 5602 ἐπὶ
406 5549 464 5599 τὸ
546 5542 749 5599 δεῖπνον
846 5543 1110 5616 ἐξαγαγεῖν
1178 5541 1452 5616 ἐπιτρέπει·
1525 5540 1809 5602 πολυτελῶς

1919 3142 2192 3198 stinebat.
2226 3143 2515 3198 Amatoris
2545 3144 2788 3216 quidem
2819 3144 3061 3201 simulat
3091 3151 3144 3200 et
3172 3143 3460 3210 habitum,
3503 3149 3561 3202 et

1919 3245 2140 3295 mores,
2172 3231 2275 3302 qui
2306 3246 2376 3286 eo
2416 3239 2784 3302 pervenerat,
2836 3241 2900 3288 ut
2939 3238 3112 3299 esset,
3144 3233 3296 3290 sicut
3338 3233 3556 3303 angeli,

1918 3333 2106 3390 prope
2135 3334 2344 3390 expers
2375 3320 2671 3378 materia:
2706 3325 2763 3375 et
2790 3320 2960 3390 ﬁngit
3013 3337 3076 3376 se
3108 3337 3311 3377 amare
3355 3337 3560 3378 amore

1918 3406 2164 3462 carnali.
2199 3408 2401 3479 Itaque
2415 3409 2628 3463 sensim
2644 3407 2924 3464 accedens
2944 3409 3022 3464 ad
3042 3409 3358 3464 dominum
3371 3409 3562 3466 diver-

1919 3495 2101 3551 sorii:
2131 3495 2342 3561 Audio,
2374 3496 2584 3568 inquit,
2618 3498 2778 3568 apud
2809 3502 2861 3552 te
2889 3513 3017 3553 esse
3044 3496 3307 3568 puellam
3341 3498 3560 3570 insigni

1919 3584 2372 3657 pulchritudine,
2413 3601 2544 3656 qua
2572 3591 2786 3657 praest
2814 3585 3163 3651 diversorio,
3193 3591 3248 3641 et
3299 3585 3560 3643 volentes

1919 3672 2168 3727 admittit
2186 3672 2858 3742 amatoreleliusigitur
2872 3690 3097 3746 quoque
3114 3681 3318 3746 captus
3330 3691 3554 3744 amore,

1917 3761 2035 3816 huc
2073 3761 2315 3816 accessi.
2370 3756 2680 3816 Prafeétus
2728 3769 2927 3817 autem
2967 3761 3273 3818 diversorii
3326 3762 3559 3819 intuens

1918 3849 1995 3905 ad
2033 3865 2217 3906 canos
2246 3849 2531 3918 Abramii,
2556 3865 2683 3905 rem
2710 3866 2846 3906 vero
2874 3851 3177 3920 ignorans,
3209 3856 3266 3908 et
3291 3851 3560 3908 nesciens

1917 3938 2207 4011 quidnam
2261 3937 2373 3993 sibi
2405 3937 2604 3993 volens
2634 3953 2696 3994 se
2737 3953 2941 3994 amare
2989 3939 3312 4005 simularet,
3353 3940 3558 3998 animo

1916 4026 2160 4098 quidem
2187 4042 2321 4082 eum
2345 4025 2828 4094 abominabatur,
2847 4033 3049 4083 etcum
3070 4043 3298 4098 magna
3314 4027 3562 4086 damna-

1919 4115 2415 4186 batimpudicitia
2428 4120 2484 4172 et
2499 4115 2968 4188 intemperantia
2985 4117 3169 4190 ,quod
3187 4133 3295 4172 nec
3318 4117 3378 4172 in
3396 4123 3562 4176 tanta

1920 4203 2163 4275 quidem
2186 4209 2484 4259 senectute
2511 4209 2568 4260 et
2593 4204 2808 4260 canitie
2829 4203 3142 4261 sustineret
3172 4221 3303 4260 esse
3331 4210 3560 4277 tempe-

1920 4307 2082 4358 rans,
2125 4291 2231 4346 sed
2258 4291 2385 4362 ejus
2416 4307 2613 4347 mores
2652 4291 2803 4347 adeo
2826 4292 3231 4364 discreparent
3261 4293 3338 4348 ab
3365 4298 3555 4350 atate.

1920 4383 1999 4436 Ne
2032 4383 2231 4436 autem
2261 4380 2591 4450 privaretur
2623 4381 3106 4452 mercede,quam
3136 4387 3378 4453 prOpter
3401 4380 3561 4453 puel-

1918 4468 2038 4525 lam
2066 4473 2190 4524 erat
2217 4467 2553 4534 habiturus,
2589 4469 2777 4525 visum
2805 4475 2894 4524 est
2914 4467 2990 4524 illi
3017 4485 3217 4525 senem
3237 4483 3560 4540 provocare

1918 4563 1974 4614 et
2003 4558 2263 4623 incitare,
2284 4573 2438 4630 aque
2464 4557 2542 4613 ad
2561 4559 2854 4629 majorem
2879 4559 3201 4614 accendere
3230 4557 3557 4627 libidinem,

1917 4645 2118 4702 dicens
2134 4662 2264 4702 esse
2280 4645 2518 4718 quidem
2542 4645 2801 4718 puellam
2815 4645 3142 4718 elegantem
3157 4654 3214 4702 et
3226 4645 3560 4718 pulchram,

1918 4741 1975 4791 et
1995 4735 2125 4791 aliis
2153 4735 2386 4790 feminis
2409 4739 2636 4791 tantum
2655 4734 3146 4806 prastantiorem,
3163 4740 3447 4806 quantum
3471 4741 3562 4792 est

1917 4839 2056 4880 rosa
2083 4823 2269 4880 latior
2297 4823 2513 4880 cateris
2542 4823 2786 4880 ﬂoribus
2817 4839 2828 4877 :
2857 4839 3079 4880 nomen
3109 4826 3308 4878 autem
3349 4823 3400 4879 ei
3431 4839 3562 4882 esse

1921 4913 2182 4970 Mariam.

1993 5091 2174 5146 XXIII.
2203 5090 2348 5148 Hac
2377 5105 2513 5146 cum
2537 5088 2781 5144 dixisset
2805 5086 3084 5142 dominus
3105 5086 3430 5156 diversorii,
3455 5105 3558 5147 au-

1918 5180 2039 5236 dito
2068 5179 2328 5245 nomine,
2363 5177 2674 5234 Abramius
2707 5179 2907 5247 aperte
2933 5175 3209 5246 cognovit
3238 5176 3394 5234 hanc
3433 5193 3561 5234 esse

1919 5271 2100 5335 illam,
2130 5285 2325 5341 neque
2355 5267 2674 5324 dubitabat
2695 5264 2976 5335 amplius.
3012 5266 3186 5320 Manu
3214 5266 3469 5336 igiturin
3483 5267 3563 5323 si-

1919 5375 2064 5415 num
2095 5357 2387 5423 immissa,
2411 5362 2730 5411 etnummo
2743 5351 2939 5408 soluto
2959 5353 3206 5408 domino
3228 5353 3558 5420 diversorii,

1915 5447 2086 5520 jubet
2109 5446 2308 5519 parari
2345 5459 2603 5510 canam,
2635 5448 2692 5498 et
2726 5440 3023 5496 introduci
3054 5441 3334 5512 puellam.
3378 5442 3562 5498 Cana

1920 5538 2113 5608 itaque
2142 5533 2384 5607 opipare
2413 5536 2638 5606 parata,
2670 5529 2973 5587 diversorii
3004 5527 3285 5585 dominus
3309 5528 3386 5586 ad
3415 5543 3555 5586 eum
