4110 6272
587 279 647 332 7i
1952 262 2209 323 MENSIS
2247 263 2584 324 MARTIUS.
3895 268 3959 323 72

586 403 783 459 educit
806 400 1088 474 puellam,
1119 415 1249 473 quae
1274 397 1447 454 valde
1475 400 1599 454 erat
1623 395 1898 460 delicata,
1940 391 2135 448 mollis
2175 406 2204 445 e

2341 398 2616 465 τοίγαροῦν
2644 397 2702 447 τὸ
2746 391 2949 447 δεῖπνον
2993 396 3018 446 ὁ
3062 389 3366 464 πανδοκεὺς
3410 393 3750 468 εὐτρεπίσας,
3789 392 3959 465 ἐξάγει

586 490 888 547 dissoluta.
923 492 1110 555 Quam
1138 505 1273 545 cum
1305 487 1545 542 vidisset
1574 485 1655 540 sic
1688 482 2009 539 meretricie
2059 496 2229 537 orna-

588 583 710 635 tam
740 579 1079 643 Abramius,
1104 576 1279 632 corde
1311 575 1508 631 medio
1540 572 1876 629 sauciatur:
1902 575 1958 625 et
1979 569 2230 625 conaba-

586 673 680 725 tur
697 668 940 740 quidem
974 666 1247 722 cohibere
1266 666 1581 736 lacrymas,
1604 679 1676 717 ne
1695 667 1889 717 actum
1911 660 2227 730 prodentes

585 756 846 827 puellam
890 756 1237 825 effugarent,
1270 768 1475 807 earum
1506 757 1703 806 tamen
1737 748 1980 803 minime
2002 749 2231 818 poterat

586 845 791 900 sistere
814 844 1161 908 ﬂuxionem,
1190 843 1424 897 victusa
1445 840 1662 896 doloris
1685 834 2229 903 necessitate,unde

586 932 761 988 etiam
793 932 1064 1003 guttatim
1090 929 1554 1001 laerymabatur,
1604 928 1665 983 in
1704 926 1946 982 alteram
1999 928 2227 995 partem

585 1026 934 1076 convertens
966 1019 1202 1087 faciem,
1235 1024 1291 1073 et
1323 1034 1357 1074 a
1386 1018 1554 1086 genis
1585 1015 1874 1087 repellens
1902 1014 2224 1082 lacrymas.

587 1111 655 1164 Ut
701 1114 896 1164 autem
924 1108 1103 1179 hujus
1130 1109 1211 1162 rei
1252 1122 1490 1161 omnem
1520 1106 1775 1160 auferret
1803 1101 2225 1173 suspicionem,

583 1198 886 1253 amatoriis
916 1197 1075 1267 apud
1106 1212 1233 1251 eam
1259 1195 1456 1249 verbis
1486 1193 1777 1261 utebatur,
1803 1189 2226 1259 annuebatque

582 1291 638 1341 et
678 1286 936 1341 suaviter
976 1284 1294 1348 arridebat,
1323 1288 1376 1338 et
1407 1283 1530 1338 alia
1558 1281 1759 1337 omnia
1788 1279 2056 1343 faciebat,
2087 1291 2224 1348 quas

579 1379 832 1445 possunt
861 1388 1206 1445 provocare,
1240 1378 1294 1427 et
1323 1371 1397 1426 ad
1431 1386 1697 1426 amorem
1738 1368 2079 1424 accendere.
2122 1364 2223 1420 Illa

582 1468 783 1517 autem
796 1462 1048 1517 vicissim
1065 1460 1346 1516 Abramio
1371 1458 1657 1515 offerebat
1674 1458 1967 1523 osculum,
1998 1459 2221 1509 etarcte

582 1552 801 1609 collum
832 1552 961 1621 ejus
988 1550 1475 1621 amplectebatur.
1505 1548 1736 1603 Interim
1764 1562 1903 1601 vero
1931 1560 2067 1600 cum
2091 1557 2221 1598 sen-

559 1642 690 1703 .sim
715 1639 1076 1694 redolentem
1100 1643 1390 1692 castorum
1414 1633 1876 1691 etexercitationi
1892 1630 2222 1685 deditorum

2340 486 2433 539 τὴν
2486 488 2643 557 κόρην
2690 483 2769 535 ἐπ’
2815 485 2960 551 αὐτὸ,
3014 486 3310 557 θρυπτικῶς
3354 479 3407 535 εὖ
3451 484 3591 556 μάλα
3642 489 3739 536 καὶ
3788 483 3955 558 ἁϐρῶς

2339 588 2392 621 τε
2438 577 2527 623 καὶ
2584 572 2853 644 ἀνειμένως
2899 576 3148 643 ἔχουσαν,
3202 575 3262 630 ἣν
3296 569 3421 624 ἰδὼν
3470 572 3639 634 οὕτως
3669 571 3953 647 ἑταιρικῶς

2341 654 2778 733 διεσκευασμένην
2851 661 3149 736 Ἀϐράμιος,
3227 665 3392 733 μέσην
3450 680 3819 735 τιτρωσκετοιι
3874 669 3954 719 τὴν

2338 748 2561 823 καρδίαν
2613 757 2700 803 καὶ
2759 760 2881 823 σιγῇ
2939 754 3027 822 μὲν
3075 749 3279 822 ἐπέχειν
3317 748 3553 825 ἐπειρᾶτο
3599 753 3672 802 τά
3711 748 3950 824 δάκρυ-α,

2338 846 2406 913 μή
2459 836 2833 911 φυγαδεύσωσι
2886 844 2979 898 τὴν
3043 844 3202 911 κόρην
3255 843 3311 891 τὸ
3371 835 3550 911 δρᾶμα
3601 843 3947 910 μηνύσαντα

2337 933 2401 981 τὰ
2433 927 2491 982 δὲ
2543 931 2679 1001 ὅμως
2733 937 2925 987 στῆσαι
2975 932 3069 986 τήν
3106 929 3226 1001 ῥοὴν
3265 927 3357 980 οὐκ
3404 924 3636 986 ἠδύνατο
3682 936 3951 1001 νικῶμενα

2336 1026 2397 1091 τῇ
2451 1027 2541 1070 τοῦ
2597 1021 2791 1078 πάθους
2839 1017 3059 1089 ἀνάγκη,
3120 1019 3230 1069 ὅθεν
3278 1013 3524 1091 ἐδάκρυεν
3580 1015 3843 1082 ἀστακτὶ,
3894 1022 3949 1068 τό

2336 1127 2610 1182 προσωπον
2655 1110 2740 1159 ἐπὶ
2803 1109 2991 1181 θάτερα
3044 1110 3271 1179 στρέφων
3318 1110 3407 1157 καὶ
3452 1109 3517 1158 τὰ
3567 1102 3791 1177 δάκρυα
3852 1116 3949 1157 τῶν

2335 1205 2557 1271 παρειῶν
2608 1196 2989 1265 ἀπωθούμενος.
3049 1200 3160 1246 Ἵνα
3204 1191 3276 1247 δὲ
3350 1194 3512 1266 κλιψη
3588 1200 3778 1246 πᾶσαν
3871 1194 3946 1246 ἐπὶ

2331 1288 2525 1338 τούτων
2572 1287 2837 1353 ὑπόνοιαν,
2896 1289 2985 1336 καὶ
3041 1283 3227 1354 λόγους
3274 1283 3403 1356 αὐτῇ
3450 1291 3725 1357 προσῆγεν
3756 1282 3947 1357 ἐρωτι-

2331 1380 2472 1440 κοὺς,
2524 1373 2709 1427 ἐνένευέ
2756 1394 2827 1437 τε,
2880 1377 2968 1425 καὶ
3011 1369 3116 1430 ἡδῦ
3169 1372 3474 1444 προσεγέλα,
3527 1377 3618 1424 καὶ
3676 1371 3801 1424 λὶαν
3858 1373 3946 1424 ἐπ-

2332 1468 2535 1534 αγωγὸν
2590 1460 2816 1534 ἐμειδία,
2872 1468 2962 1514 καὶ
3026 1456 3187 1513 τάλλα
3255 1464 3422 1513 πάντα
3491 1460 3674 1525 ἐποίει,
3737 1462 3942 1533 ὅσαπερ

2331 1553 2609 1603 ὑποκνίσαι
2661 1556 2750 1603 καὶ⁵
2804 1549 3075 1622 ἀναφλέξαι
3130 1552 3254 1622 πρὸς
3306 1552 3469 1619 ἔρωτα
3526 1546 3772 1608 δύναται,
3846 1550 3946 1603 Κά-

2330 1644 2469 1698 κείνη
2541 1639 2692 1692 πάλιν
2748 1638 3026 1711 ἀντεπῆγεν
3084 1638 3351 1712 Ἀϐραμίῳ
3435 1642 3493 1690 τὸ
3556 1639 3765 1710 φίλημα
3854 1647 3941 1692 καὶ

580 1729 988 1783 membrorum
1024 1726 1407 1797 fragrantiam
1432 1723 1729 1788 sensisset,
1762 1726 1817 1777 et
1844 1721 1979 1775 vitae
2006 1718 2209 1790 prioris

2330 1730 2706 1802 περιπλακεῖσα
2748 1738 3022 1803 προσφυῶς
3073 1733 3159 1782 τὸν
3211 1728 3476 1803 τράχηλον
3531 1732 3935 1792 κατησπάζετο·

579 1821 735 1871 esset
763 1814 1071 1870 recordata
1100 1821 1155 1869 et
1180 1813 1321 1868 boni
1353 1811 1657 1881 castitatis,
1690 1815 1745 1865 et
1771 1825 1807 1865 a
1858 1806 2095 1880 quantis
2122 1806 2221 1860 bo-

577 1905 670 1960 nis
701 1904 1012 1959 excidisset
1042 1901 1458 1967 misera,valde
1500 1898 1949 1971 lacrymabatur
1978 1901 2034 1951 et
2058 1896 2220 1964 inge-

577 1993 882 2057 miscebat,
918 1997 973 2047 et
1005 2009 1017 2047 :
1052 1995 1144 2046 Vae
1172 1990 1314 2046 mihi
1374 1991 1615 2054 miserae,
1645 1989 1895 2052 dicebat,
1930 2001 2019 2041 vas
2048 1984 2216 2052 mihi,

575 2097 708 2152 quae
735 2098 866 2136 sum
896 2080 1191 2152 implicata
1232 2085 1313 2134 tot
1364 2078 1609 2133 funibus
1665 2082 2062 2147 peccatorum.
2116 2072 2218 2127 Hei

577 2169 745 2233 mihi,
784 2169 927 2241 quid
946 2184 1122 2237 agam
1137 2166 1165 2221 ?
1180 2167 1494 2233 Quomodo
1510 2183 1603 2221 me
1628 2182 1785 2221 nunc
1809 2171 1962 2220 terra
1980 2179 2100 2218 non
2121 2162 2218 2217 de-

573 2257 787 2313 vorat?
800 2258 1041 2329 Propter
1053 2272 1189 2328 quae
1203 2257 1260 2310 in
1277 2270 1557 2325 magnam
1574 2255 1870 2310 adductus
1901 2252 2217 2308 dubitatio-

574 2361 710 2401 nem
740 2346 1013 2401 dominus
1044 2344 1374 2413 diversorii,
1404 2350 1465 2399 ut
1490 2344 1592 2416 qui
1618 2343 1762 2398 nihil
1793 2343 1962 2398 sciret
2008 2356 2211 2397 eorum

573 2450 709 2506 quas
736 2438 1153 2505 praecesserant
1187 2452 1199 2489 :
1232 2433 1438 2497 Maria,
1471 2432 1712 2488 domina
1755 2447 1910 2497 mea,
1960 2430 2211 2495 dicebat,

572 2522 678 2577 hoc
706 2529 893 2579 totum
923 2522 1147 2578 biennii
1168 2528 1399 2593 tempus
1422 2523 1546 2591 jam
1571 2527 1764 2576 tecum
1790 2522 2034 2589 degens,
2066 2535 2215 2573 nun-

572 2627 757 2683 quam
794 2619 842 2666 te
870 2612 984 2667 vidi
1013 2611 1089 2666 ad
1122 2617 1342 2666 tantam
1358 2610 1679 2665 adductam
1702 2611 1993 2665 tristitiam
2018 2614 2073 2662 et
2092 2608 2215 2663 ani-

572 2700 654 2754 mi
682 2700 1113 2769 aegritudinem.
1148 2700 1263 2753 Prae
1285 2698 1654 2753 dubitatione
1685 2698 1885 2769 itaque
1916 2696 2128 2751 deﬁcio
2159 2702 2215 2751 et

570 2790 983 2853 contremisco,
1015 2789 1632 2857 cogitans,undenam
1657 2793 1712 2842 et
1732 2802 1998 2859 quonam
2030 2786 2212 2841 modo

564 2878 698 2933 haec
727 2878 921 2932 dicere
943 2877 1051 2932 tibi
1080 2878 1302 2932 venerit
1328 2877 1389 2931 in
1414 2883 1695 2931 mentem.
1730 2875 2064 2939 Illaautem,
2085 2879 2212 2929 tan-

566 2981 753 3038 quam
773 2967 827 3021 ei
844 2982 1089 3022 causam
1109 2966 1450 3035 signiﬁcans
1465 2982 1476 3020 :
1490 2968 1742 3028 Utinam,
1759 2964 2211 3035 inquit,duobus

2330 1818 2377 1870 ἐν
2417 1822 2581 1890 τούτῳ
2614 1817 2672 1871 δὲ
2715 1827 2808 1880 τῆς
2840 1817 3141 1879 ἀποζούσης
3190 1827 3288 1869 τῶν
3337 1817 3502 1888 ἁγνῶν
3534 1836 3583 1869 τε
3629 1823 3723 1869 καὶ
3766 1816 3937 1875 ἀσκήο

2327 1917 2482 1961 τικῶν
2533 1909 2693 1981 μελῶν
2747 1905 2967 1968 εὐωδίας
3029 1909 3198 1980 ἠρέμα
3251 1909 3632 1977 ὐπαισθομένη,
3706 1916 3803 1967 τῆς
3883 1928 3935 1960 τε

2328 2002 2579 2072 προτέρας
2657 1997 2915 2059 πολιτείας
3002 1996 3393 2069 ἀναμνησθεῖσα
3491 2001 3576 2047 καὶ
3664 2003 3763 2048 τοῦ
3836 2006 3933 2057 τῆς

2329 2086 2532 2158 ἁγνείας
2580 2086 2737 2139 καλοῦ
2777 2091 2865 2139 καὶ
2913 2087 3029 2138 οἵων
3078 2088 3106 2144 ἡ
3164 2082 3445 2157 δυστυχὴς
3508 2084 3741 2147 ἐξέπεσεν
3795 2083 3933 2155 ἀγα-

2330 2178 2448 2241 θῶν,
2497 2173 2717 2249 ἐδάκρυε
2762 2176 2902 2248 μάλα
2955 2177 3158 2249 θερμὸν,
3190 2178 3274 2225 καὶ
3325 2176 3584 2237 ὑπέστενε,
3632 2179 3746 2236 καὶ,
3792 2175 3933 2225 Οὐαί

2324 2286 2434 2338 μοι,
2475 2265 2627 2337 ἔλεγε,
2658 2274 2719 2337 τῇ
2769 2264 2925 2336 ἀθλία
2957 2264 2967 2317 l
2999 2264 3114 2316 οὐαί
3155 2283 3265 2335 μοι,
3316 2271 3376 2334 τῇ
3430 2265 3688 2315 τοσούτων
3750 2264 3931 2337 αμαρ-

2323 2358 2565 2427 τημάτων
2613 2360 2828 2426 σχοινία
2858 2356 3179 2425 περικειμένῃ
3212 2352 3223 2406 l
3255 2354 3412 2424 οἴμοι,
3443 2356 3495 2403 τί
3536 2348 3719 2423 δράσω
3756 2370 3771 2416 ;
3816 2362 3932 2413 πῶς

2323 2444 2416 2496 οὐκ
2467 2446 2527 2495 οἰν
2573 2463 2633 2515 με
2662 2450 2747 2494 νῦν
2788 2444 2816 2500 ή
2863 2450 2931 2513 γῆ
2978 2446 3225 2494 καταπίοι
3255 2458 3268 2507 ;
3303 2440 3406 2513 Ἐφ’
3447 2442 3520 2500 οἷς
3550 2442 3575 2491 ό
3620 2437 3931 2511 πανδοχεῦς

2324 2531 2687 2605 ἀπορούμενος,
2745 2529 2827 2585 οἶα
2880 2527 3018 2603 μηδὲ
3070 2527 3224 2591 εἰδώς
3277 2550 3326 2583 τι
3377 2538 3477 2581 τῶν
3534 2528 3925 2603 προλαϐόντων·

2321 2627 2525 2694 Μαρία,
2574 2625 2772 2696 Μαρία,
2819 2625 2994 2692 κυρία,
3047 2619 3199 2691 ἔλεγε,
3256 2615 3400 2677 διετῆ
3456 2615 3520 2676 δή
3576 2626 3758 2670 τοῦτον
3802 2621 3928 2691 οῐρτι

2324 2706 2621 2781 συνδιάγων
2676 2729 2759 2761 σοι
2801 2714 3009 2781 χρόνον,
3070 2705 3318 2761 οὐδέποτέ
3378 2727 3435 2760 σε
3480 2710 3608 2780 πρὸς
3656 2712 3926 2766 τοσαύτην

2321 2804 2602 2870 κατήφειαν
2651 2802 2740 2849 καὶ
2803 2796 3027 2870 ἀθυμίαν
3083 2794 3220 2849 εἶδον
3268 2799 3690 2868 κατενεχθεῖσαν
3745 2795 3927 2849 ἐκλύο-

2321 2908 2415 2960 μαι
2462 2887 2549 2940 οὖν
2593 2889 2692 2940 ὑπὸ
2741 2896 2831 2947 τῆς
2862 2887 3080 2962 ἀπορίας
3128 2891 3216 2938 καὶ
3260 2889 3448 2960 τρέμω,
3480 2888 3632 2937 ποθεν
3675 2887 3782 2960 ἄρα
3830 2892 3923 2939 καὶ

2320 2981 2455 3039 ὅπως
2487 2980 2705 3029 τοιαυτὰ
2749 2977 2911 3048 λέγειν
2945 2975 3131 3035 ἐπῆλθέ
3180 2994 3284 3027 σοι.
3329 2974 3386 3027 Ἠ
3428 2972 3506 3038 δὲ,
3558 2976 3730 3047 ὥσπερ
3773 2974 3919 3045 αὐτῷ

568 3056 740 3110 annis
766 3060 901 3111 ante
919 3055 1323 3111 decessissem.
1360 3054 1452 3110 Sic
1482 3053 1640 3109 enim
1671 3054 1913 3110 fuissem
1968 3054 2209 3109 omnino

2321 3068 2648 3143 γνωρίζουσα
2695 3072 2783 3126 τήν
2827 3066 3016 3119 αἰτίαν·
3070 3068 3210 3117 Διότι
3257 3062 3344 3136 [Τί
3388 3065 3467 3116 ὅτι
3512 3062 3589 3136 ⁸2],
3630 3068 3781 3135 φησὶ,
3842 3068 3915 3134 μή

566 3143 719 3199 inter
754 3142 980 3199 beatas.

636 3338 820 3394 XXIV.
852 3338 1097 3411 Propter
1144 3338 1261 3394 haec
1312 3338 1527 3394 veritus
1587 3338 1824 3394 divinus
1868 3337 2203 3403 Abramius,

563 3444 637 3484 ne
668 3429 792 3499 ipse
824 3429 1096 3484 evaderet
1130 3429 1500 3491 manifestus,
1534 3428 1743 3482 deinde
1770 3425 2208 3494 aufugeretﬁlia

563 3518 692 3588 ejus
744 3518 962 3583 fratris,
999 3522 1060 3572 ut
1091 3533 1276 3588 quam
1309 3532 1532 3585 magna
1564 3515 1661 3571 illa
1683 3514 1982 3571 morderet
2022 3515 2205 3586 paeni-

561 3606 762 3672 tentia,
792 3612 847 3660 et
902 3623 1029 3675 quae
1076 3622 1195 3661 non
1243 3606 1503 3679 amplius
1552 3605 1723 3661 ferret
1783 3621 1918 3661 eum
1970 3602 2201 3673 intueri,

563 3695 732 3763 Cujus
783 3700 1068 3764 praecepta
1114 3699 1236 3748 tam
1276 3700 1470 3765 aperte
1508 3696 1980 3766 contempsisset,
2024 3699 2080 3749 et
2118 3695 2202 3750 sic

561 3781 870 3851 aufugeret
886 3781 1084 3851 praeda
1097 3797 1167 3835 ex
1181 3781 1387 3835 mediis
1400 3782 1526 3851 ejus
1542 3782 1841 3847 manibus,
1859 3782 2198 3853 priusquam

559 3876 972 3937 totam,escam
992 3869 1383 3935 devoraret;et
1403 3875 1716 3941 propterea
1732 3870 1937 3927 volens
1960 3885 2200 3925 omnem

560 3958 789 4015 auferre
809 3958 1232 4029 suspicionem,
1254 3958 1677 4030 petulantiores
1701 3976 1895 4014 mores
1920 3960 2202 4014 amatoris

560 4046 893 4119 suscipiens
927 4064 940 4101 :
966 4047 1255 4118 Reprime,
1290 4048 1546 4114 dicebat,
1571 4064 1606 4102 o
1625 4048 1993 4112 mulier,ha3c
2019 4047 2202 4103 tristia

556 4137 759 4193 verba.
791 4140 910 4192 Non
937 4135 1095 4191 enim
1128 4136 1260 4191 ideo
1290 4138 1409 4193 huc
1434 4137 1843 4207 convenimus,
1892 4143 1954 4193 ut
2005 4152 2199 4192 recor-

557 4226 782 4283 dareris
807 4241 1032 4291 eorum,
1066 4241 1199 4297 quae
1234 4226 1433 4282 fecisti.
1465 4229 1528 4285 Et
1558 4243 1873 4283 conversus
1905 4226 1982 4283 ad
2012 4225 2200 4283 domi-

555 4317 703 4371 'num
728 4314 1032 4370 diversorii
1057 4332 1069 4366 :
1113 4316 1328 4383 Amice,
1350 4317 1558 4387 inquit,
1582 4317 1727 4373 affer
1744 4319 1914 4373 nobis
1932 4317 2046 4372 cito
2064 4333 2197 4389 quas

2314 3161 2413 3232 πρό
2466 3155 2604 3209 δύων
2645 3160 2835 3209 τούτων
2881 3154 3186 3212 ἐτελεύτησα
3235 3157 3438 3228 χρόνων
3470 3152 3482 3208 l
3515 3152 3649 3205 οὕτω
3692 3154 3796 3225 γὰρ
3855 3154 3918 3205 ἄν

2315 3248 2453 3317 ἢμην
2481 3248 2680 3304 πάντως
2711 3243 2758 3296 ἐν
2789 3248 3090 3315 μακαρίαις.

2390 3334 2501 3387 ΚΔ“.
2554 3339 2691 3406 Πρὸς
2742 3340 2909 3383 ταῦτα
2975 3328 3156 3393 δείσας
3222 3333 3245 3383 ό
3307 3332 3439 3403 ἱερὸς
3485 3328 3788 3404 Ἀϐράμιος,
3838 3334 3913 3402 μὴ

2315 3428 2404 3475 καὶ
2446 3423 2599 3485 αὐτὸς
2628 3427 2825 3493 γένοιτο
2867 3418 3041 3485 δῆλος,
3077 3420 3186 3473 εἶτα
3226 3424 3390 3492 φυγὰς
3414 3422 3621 3491 οἴχοιτο
3652 3421 3681 3476 ἡ
3722 3420 3918 3491 ἀνεψιὰ

2315 3514 2414 3565 ὑπὸ
2464 3521 2553 3573 τῆς
2605 3510 2796 3572 πολλῆς
2842 3514 3035 3570 ἐκείνης
3084 3507 3371 3581 δακνομένη
3426 3507 3764 3580 μεταμελείας
3818 3513 3913 3560 καὶ

2312 3607 2499 3675 μηκέτι
2550 3605 2779 3674 φέρουσα
2818 3598 3020 3672 βλέπειν
3058 3598 3229 3663 αὐτὸν,
3287 3598 3345 3649 οὗ
3395 3599 3490 3658 τὰς
3539 3595 3740 3656 ἐντολὰς
3795 3594 3915 3650 οἵδε

2313 3699 2537 3766 φανερῶς
2585 3690 2889 3747 ἀθετήσασα
2940 3694 3028 3740 καὶ
3061 3688 3223 3748 οὕτως
3270 3686 3324 3739 ἐκ
3373 3689 3542 3758 μέσων
3587 3685 3743 3737 αὐτόν
3790 3706 3910 3757 χει-

2311 3791 2411 3854 ρῶν
2458 3784 2516 3832 τὸ
2563 3781 2773 3854 θήραμα
2820 3775 3071 3850 διαφύγοι
3141 3781 3261 3848 πρὶν
3330 3775 3440 3827 ὅλον
3519 3778 3771 3826 καταπίοι
3848 3778 3910 3826 τὸ

2314 3868 2512 3943 δέλεαρ,
2562 3874 2651 3920 καὶ
2697 3887 2869 3920 πασαν
2902 3864 2995 3919 διὰ
3024 3873 3173 3919 τοῦτο
3221 3864 3523 3937 βουλόμενος
3563 3862 3750 3915 ἀνελεῖν
3782 3864 3912 3915 ὑπο·-

2310 3959 2455 4029 ψίαν,
2499 3958 2571 4019 εἰς
2627 3953 3003 4028 αὐθαδέστερον
3061 3954 3282 4027 ἐραστοῦ
3334 3957 3521 4027 τρόπον
3578 3950 3905 4024 μεταϐαλών·

2310 4048 2520 4110 Ἔασον,
2594 4046 2776 4115 ἔλεγεν,
2850 4044 3070 4115 ἐπίσχες
3128 4046 3187 4095 τὰ
3245 4044 3530 4116 σκυθρωπά
3585 4046 3737 4093 ταυτὶ
3810 4041 3908 4114 p25-

2310 4155 2469 4208 ματα,
2542 4138 2714 4206 γύναι·
2756 4135 2813 4187 οὐ
2870 4137 2969 4209 γὰρ
3026 4132 3105 4184 ἐπὶ
3150 4134 3314 4202 τούτῳ
3372 4130 3712 4202 συνήλθομεν,
3767 4132 3907 4181 ὥστε

2313 4246 2370 4280 σε
2432 4230 2649 4299 τήμερον
2724 4223 3117 4295 ἀναμνησθῆναι
3178 4230 3274 4273 τῶν
3327 4223 3721 4293 πεπραγμένων.
3799 4222 3902 4270 Καὶ

2309 4319 2433 4390 πρὸς
2508 4318 2593 4367 τὸν
2666 4310 2940 4384 πανδοχέα
3010 4311 3185 4363 λοιπὸν
3261 4307 3596 4380 ἐπιστρέψας
3677 4307 3901 4380 Ἐταῖρε,

555 4405 801 4475 parasti,
835 4408 897 4457 ut
927 4403 1107 4458 ambo
1133 4404 1529 4472 collaetemur;
1557 4422 1586 4460 e
1640 4406 1969 4476 longinquo
2016 4406 2196 4470 enim,

2321 4411 2462 4459 πότον
2509 4406 2622 4457 τινὰ
2662 4408 2747 4455 καὶ
2798 4403 2947 4463 αὖθις
2999 4403 3121 4473 ἡμῖν
3155 4403 3532 4470 συγκρότησον,
3592 4399 3708 4468 ἔφη,
3761 4397 3903 4456 ὅπως

559 4499 619 4548 ut
647 4492 832 4559 vides,
863 4492 1089 4545 accessi
1121 4498 1354 4561 propter
1382 4494 1796 4564 ipsam.Lauto
1819 4494 2019 4566 itaque
2042 4494 2197 4549 exhi-

552 4581 677 4637 bito
704 4577 994 4645 convivio,
1026 4577 1126 4648 qui
1155 4583 1307 4633 totos
1335 4581 1774 4653 quinquaginta
1795 4597 1986 4638 annos
2012 4598 2084 4637 ne
2102 4599 2195 4637 su-

550 4669 837 4726 stinuerat
864 4664 1109 4738 quidem
1131 4668 1394 4738 aspicere
1416 4670 1745 4736 mulierem,
1773 4677 1829 4727 et
1850 4687 1957 4726 nec
1980 4687 2193 4743 panem

551 4758 817 4831 quidem,
852 4770 961 4811 nec
992 4770 1373 4828 aquam,quae
1400 4766 1536 4815 sunt
1558 4761 1817 4816 maxime
1839 4760 2192 4826 necessaria,

552 4853 883 4919 sumpserat
913 4850 989 4903 ad
1019 4847 1368 4912 satietatem,
1403 4848 1608 4904 vinum
1637 4848 1805 4915 bibit,
1833 4854 1889 4904 et
1942 4849 2196 4904 vescitur

552 4936 849 5008 carnibus,
886 4944 939 4993 et
964 4939 1311 4995 convivatur
1330 4952 1467 4991 cum
1500 4938 1821 4993 meretrice.
1857 4941 2003 4995 Nam
2052 4939 2196 4995 bea-

548 5030 675 5081 tum
702 5043 941 5099 quoque
969 5028 1189 5083 sciebat
1218 5024 1492 5094 Paulum,
1517 5026 1593 5081 ad
1623 5042 1803 5098 quem
1830 5028 1955 5099 ipse
2003 5028 2192 5082 intue-

547 5114 743 5180 batur,
778 5122 832 5171 et
861 5117 1029 5187 cujus
1072 5116 1362 5171 viscerum
1392 5120 1447 5170 et
1477 5114 1583 5170 zeli
1622 5116 2012 5171 contendebat
2063 5132 2193 5172 esse

542 5203 825 5281 imitator,
855 5221 917 5259 se
957 5205 1277 5277 aliquando
1308 5204 1673 5276 purificasse,
1716 5209 1772 5260 et
1801 5211 1978 5276 caput
2014 5206 2191 5261 etiam

547 5292 784 5357 rasisse,
824 5293 1193 5349 Timotheum
1224 5294 1400 5351 etiam
1433 5294 1890 5359 circumcidisse,
1928 5300 1983 5350 et
2012 5295 2091 5351 ita
2121 5311 2195 5351 ne

546 5380 859 5436 Judaismo
895 5382 1134 5453 quidem
1172 5384 1526 5455 pepercisse,
1556 5387 1620 5439 ut
1659 5382 1926 5440 infideles
1961 5384 2194 5441 animas

548 5468 863 5525 attraheret
888 5471 965 5524 ad
992 5471 1287 5541 pietatem.

615 5557 788 5613 XXV.
834 5558 979 5615 Cum
1002 5559 1084 5613 sic
1104 5572 1243 5627 ergo
1268 5565 1460 5616 essent
1494 5562 1811 5625 convivati,
1856 5578 1917 5618 se
1940 5562 2196 5621 invicem

2310 4494 2585 4570 ἀμφότεροι
2664 4494 3060 4561 συνησθείημεν·
3116 4488 3373 4562 πόρρωθεν
3439 4490 3563 4558 γὰρ,
3634 4488 3703 4546 ὡς
3754 4485 3899 4558 ὁρᾷς,

2305 4586 2520 4658 πάρειμι
2574 4580 2647 4635 δι’
2701 4583 2882 4639 αὐτήνο
2933 4586 3022 4631 τοῦ
3074 4582 3233 4630 πότου
3286 4582 3563 4648 τοιγαροῦν
3608 4572 3901 4632 πολυτελῶς

3062 4667 3206 4728 ὅλους
3272 4668 3591 4722 πεντήκοντα
3675 4666 3902 4735 χρόνους

3524 4748 3663 4823 μηδέ
3736 4752 3897 4824 ἄρτου

3732 4858 3896 4909 μεταο

2865 4669 2986 4742 παρ’

2856 4755 3213 4827 ἀνασχόμενος
3282 4752 3347 4823 ἄψ
3358 4772 3422 4815 ιν,

3207 4840 3627 4911 ἀναγκαιοτάτων

2305 4673 2638 4737 τελεσθέντος,
2747 4672 2772 4721 ό

2305 4758 2441 4833 μηδὲ
2518 4761 2763 4831 γυναικὸς

2302 4853 2424 4902 ποτε
2502 4844 2639 4921 μηδὲ
2720 4842 2914 4908 ὕδατος
3016 4852 3112 4896 τῶν

2306 4943 2451 5011 σχὼν
2481 4936 2614 5011 ἆχρι
2660 4940 2835 5009 κόρου,
2886 4936 3022 4986 οἴνου
3067 4936 3154 4984 καὶ
3202 4938 3360 5004 κρεῶν
3399 4934 3628 4981 κοινωνεῖ
3674 4932 3765 4979 καὶ
3808 4948 3898 4996 γυ-

2302 5032 2441 5080 ναικὶ
2491 5031 2650 5099 πόρνῃ
2692 5030 3043 5087 συνεστιᾶται,
3086 5021 3192 5073 ἐπεὶ
3239 5024 3322 5071 καὶ
3376 5017 3718 5090 ἂγνισάμενον
3777 5014 3896 5088 ᾖδει

2302 5120 2425 5169 ποτε
2452 5118 2651 5167 καὶτὸν
2682 5115 2935 5187 μακάριον
2968 5111 3187 5173 Παῦλον,
3221 5107 3347 5160 ἀλλά
3384 5112 3473 5159 καὶ
3504 5105 3642 5179 ξυρῷ
3675 5109 3799 5177 πρὸς
3830 5113 3891 5162 ri:

2301 5205 2491 5278 κεφαλῇ
2522 5207 2875 5279 χρησάμενον,
2905 5204 3028 5276 πρὸς
3071 5202 3123 5251 ὃν
3164 5195 3312 5259 οὗτος
3356 5196 3489 5271 ἐώρα
3518 5202 3606 5246 και
3637 5194 3697 5245 οὗ
3729 5214 3893 5266 μιμη-

2301 5300 2394 5357 τὴς
2418 5303 2516 5346 τῶν
2545 5294 2858 5365 σπλάγχνων
2878 5295 2967 5343 καὶ
2992 5297 3081 5341 τοῦ
3112 5288 3268 5351 ζήλου
3299 5289 3608 5348 καθίστατο,
3633 5288 3722 5335 καὶ
3754 5303 3893 5354 περι-

2304 5388 2520 5455 τεμόντα
2569 5385 2813 5455 Τιμόθεον
2866 5384 2953 5432 καὶ
3012 5379 3170 5438 οὕτως
3212 5372 3554 5446 Ἰουδαῑσμοῦ
3595 5377 3665 5445 μή
3718 5376 3899 5444 φεισά-

2305 5494 2469 5547 μενον,
2505 5475 2587 5524 ῖνα
2610 5472 2791 5543 ψυχὰς
2819 5468 3070 5528 ἀπίστους
3100 5467 3289 5537 ἐλκύσῃ
3332 5467 3455 5534 πρὸς
3483 5460 3794 5514 θεοσέϐειαν.

2356 5561 2476 5615 KE'.
2547 5561 2700 5614 Οὕτω
2766 5564 3037 5630 τοιγαροῦν
3115 5555 3553 5619 σννεστιαθέντες,
3614 5550 3897 5624 λαϐόμενοι

4058 5280 4061 5347 l

4058 5360 4061 5405 ς
