4110 6272
154 263 223 320 73
268 238 278 244 ’
1529 270 1697 327 νιτΑ
1737 271 1797 326 s.
1847 271 2158 332 ABRAMII
3447 283 3517 339 τι

153 398 246 451 τῆς
294 391 470 464 χειρός
508 387 734 448 ἀλλήλων
785 389 856 452 εἰς
902 393 991 443 τόν
1036 389 1291 447 ἕνδοτάτω
1330 395 1562 448 οἰκίσκον
1594 396 1754 469 εἰσέρ-

1867 414 2050 455 manu
2067 401 2439 473 accipientes,
2459 403 2520 458 in
2537 402 2809 460 intimam
2831 404 3242 475 ingrediuntur
3255 406 3514 464 domun-

154 497 340 550 χονται
368 497 381 512 ο
417 478 624 535 ἑστήκει
669 474 729 530 δέ
775 499 851 539 τις
898 478 945 531 ἐν
991 483 1159 552 τούτῳ
1201 483 1372 546 κλίνη,
1423 484 1667 554 μαλακῶς
1698 481 1751 537 εὖ

153 567 292 638 μάλα
342 569 428 618 τόν
482 565 857 620 κατακλιθέντα
907 565 1166 642 δυναμένη
1227 568 1586 624 διαναπαῦσαι
1633 591 1644 602 ⁸
1675 573 1750 646 ἐφ’

153 657 212 717 ἧς
237 657 550 717 καθίσαντος
588 655 754 729 ἁϐρῶς
800 657 1115 732 Ἀϐραμίου,
1148 668 1240 712 τοῦ
1287 671 1527 734 στρωμνῇ
1569 661 1648 714 ἀεὶ
1687 670 1748 734 τῇ

151 755 218 819 γῇ
273 750 600 822 κεχρημένου
662 764 674 776 °
734 745 962 814 Ἐπίδος,
1018 750 1047 806 ἠ
1108 752 1236 824 κόρη
1297 757 1445 822 φησὶ,
1505 752 1749 804 ὑπολύσω

154 856 246 890 σου
295 839 361 889 τά
414 833 752 908 ὑποδήματα.
798 836 857 889 Ὀ
908 834 967 890 δε
1010 842 1102 896 τήν
1145 840 1302 912 θύραν
1334 839 1555 912 μοχλοῖς
1583 843 1750 913 ἀσφα-

149 926 402 979 λίσασθαι
449 929 692 1000 πρότερον
732 924 1010 990 ἐπιτάττει,
1054 925 1291 988 κάκείνης
1333 932 1397 980 τὰ
1431 926 1752 1002 ὑποδήματα

149 1014 336 1086 μᾶλλον
390 1013 650 1067 ὑπολῦσαι
718 1011 1064 1089 σφοδρότερον
1131 1015 1448 1089 ἐγκειμένης,
1506 1020 1530 1069 6
1584 1019 1750 1089 μακά-

148 1123 258 1177 ριος
305 1103 401 1156 οῦκ
449 1103 706 1174 ἠνείχετο.
769 1105 1051 1156 Πεισθεῐσα
1101 1110 1270 1157 τοίνυν
1323 1104 1484 1164 ἐκείνη
1532 1113 1621 1159 καὶ
1655 1111 1748 1165 τὴν

151 1195 308 1266 θύραν
385 1190 622 1264 ἀσφαλῶς
694 1190 1116 1264 ἕπικλεισαμένη,
1170 1194 1534 1268 περιπλέκεται
1587 1215 1750 1262 προσ-

150 1290 286 1354 φυῶς
339 1300 411 1352 τῳ
464 1279 615 1352 ἁγίῳ.
668 1280 808 1334 Ἐπεὶ
851 1278 910 1334 δε
963 1279 1097 1334 εἶδεν
1141 1282 1191 1334 ἐν
1237 1281 1446 1354 ἀφύκτῳ
1493 1284 1748 1355 ἐχομένην

148 1370 433 1443 Ἀϐράμιος
479 1374 567 1422 καὶ
613 1369 778 1432 οὕτως
824 1368 965 1432 ἐντός
1015 1369 1219 1446 ἀρκύων
1260 1375 1316 1424 τό
1361 1374 1591 1446 θήραμα,
1636 1376 1750 1423 τότε

149 1455 216 1517 δή
261 1463 318 1511 τό
367 1464 459 1511 τοῦ
516 1459 740 1532 ἐραστοῦ
788 1467 1115 1533 προσωπεῖον
1152 1458 1420 1511 ἀποϐαλὼν
1461 1463 1547 1510 καὶ
1579 1466 1749 1511 πᾶσαν

148 1545 339 1606 ἐκείνην
392 1551 487 1605 τὴν
533 1549 729 1604 σκηνὴν
780 1552 870 1598 καὶ
921 1551 1016 1604 τὴν
1069 1548 1347 1620 ὑπόκρισιν
1411 1546 1593 1620 ῥίψας,
1661 1549 1748 1598 τὸν

150 1632 293 1688 ἔνδον
348 1635 478 1707 αὐτῇ
537 1633 884 1687 ἀνακαλύπτει
928 1634 1230 1708 Ἀϐράμιον,
1287 1639 1376 1688 καὶ
1418 1639 1502 1687 τόν
1551 1634 1634 1687 ἐπὶ
1684 1642 1744 1706 τῇ

1859 486 2082 545 cuiam.
2114 493 2174 545 ln
2200 506 2272 546 ea
2295 497 2498 547 autem
2525 491 2994 564 stabatquidam
3021 493 3229 560 lectus,
3261 495 3515 552 molliter

1861 579 2077 632 stratus
2107 578 2183 633 ad
2222 579 2482 651 quietem
2518 601 2532 636 :
2565 581 2626 635 in
2655 597 2776 653 quo
2807 597 2944 637 cum
2980 582 3235 638 molliter
3262 584 3515 640 sedisset

1859 665 2176 721 Abramius
2204 667 2306 739 qui
2347 684 2583 741 semper
2623 674 2777 726 terra
2808 687 2950 725 usus
2984 676 3114 730 erat
3143 687 3252 742 pro
3285 676 3508 729 strato:

1862 753 2014 825 Sine,
2048 755 2241 828 inquit
2271 757 2490 828 puella,
2522 763 2584 814 ut
2613 758 2718 814 tibi
2744 758 2976 816 solvam
3001 759 3252 816 calceos.
3283 761 3379 816 Ille
3410 777 3515 818 au-

1859 846 1978 899 tem
2001 844 2173 914 jubet
2197 845 2362 916 prius
2393 852 2617 903 vectem
2647 846 2791 902 obdi
2822 846 3075 903 foribus.
3109 851 3378 922 Cumque
3409 848 3514 906 illa

1857 931 2102 987 instaret
2115 934 2540 1000 vehementius,
2567 939 2629 990 ut
2651 935 2812 1007 prius
2827 935 3082 991 solveret
3099 935 3356 1002 calceos,
3375 936 3513 994 bea-

1858 1024 1953 1075 tus
1968 1019 2288 1076 Abramius
2311 1038 2432 1078 non
2446 1023 2738 1078 sustinuit.
2761 1023 3026 1079 Tandem
3041 1039 3183 1093 ergo
3201 1039 3508 1095 persuasa,

1857 1124 1996 1164 cum
2017 1109 2235 1165 ostium
2260 1115 2385 1166 tuto
2424 1111 2761 1176 clausisset,
2804 1111 2882 1167 ad
2921 1119 3197 1168 sanctum
3238 1114 3508 1170 accessit.

1857 1199 2180 1268 Postquam
2213 1213 2353 1253 vero
2379 1214 2514 1254 eam
2539 1215 2644 1270 per
2672 1214 2919 1254 manum
2940 1201 3098 1272 cepit
3118 1201 3436 1257 Abramius
3456 1205 3513 1258 et

1859 1286 2144 1341 viditeam
2159 1301 2276 1341 non
2294 1302 2466 1358 posse
2485 1287 2738 1358 amplius
2750 1286 3028 1356 eﬂ‘ugere,
3047 1293 3104 1344 et
3109 1289 3238 1359 jam
3253 1291 3511 1360 praedam

1858 1389 1990 1429 esse
2015 1373 2240 1430 retibus
2261 1375 2567 1443 irretitam,
2593 1383 2732 1430 tunc
2757 1377 3042 1432 amatoris
3072 1392 3390 1448 personam
3412 1378 3511 1433 de-

1857 1477 2107 1533 ponens,
2141 1467 2195 1516 et
2231 1461 2516 1533 abjiciens
2546 1478 2790 1518 omnem
2819 1479 3062 1520 scenam
3092 1470 3148 1519 et
3177 1465 3511 1522 simulatio-

1857 1562 2018 1616 nem,
2047 1549 2149 1620 qui
2187 1548 2540 1606 intrinsecus
2579 1550 2823 1619 latebat,
2874 1553 3064 1624 aperit
3099 1552 3452 1609 Abramium
3495 1571 3510 1610 :

1857 1641 1913 1692 et
1937 1636 2137 1692 ablato
2159 1637 2331 1709 pile‘o,
2362 1654 2540 1710 quem
2569 1638 2834 1696 habebat
2854 1640 2914 1695 in
2935 1640 3148 1712 capite,
3173 1644 3232 1697 et
3257 1642 3515 1711 graviter

149 1723 338 1798 κεφαλῇ
394 1733 491 1786 τῆς
533 1724 746 1794 ἀνεψιᾶς
797 1729 993 1796 κόσμον
1058 1723 1297 1797 περιελών
1363 1729 1450 1776 καί
1503 1743 1556 1776 τι
1609 1722 1748 1796 βαρὺ

1867 1725 2166 1796 suspirans
2199 1741 2212 1780 :
2248 1728 2358 1782 Cor
2387 1741 2607 1792 meum,
2637 1727 2851 1801 inquit,
2898 1729 3098 1795 Maria,
3133 1731 3325 1785 nescis
3354 1731 3516 1803 quis-

151 1819 238 1866 καὶ
284 1815 562 1886 περιπαθὲς
625 1811 909 1885 ἀνοιμώξας
959 1832 971 1844 ·
1011 1813 1316 1884 Σπλάγχνον
1373 1832 1493 1886 μου,
1548 1817 1746 1885 Μαρία,

151 1906 300 1974 φησὶ,
355 1902 449 1955 οῦκ
499 1897 652 1962 οἶδας
703 1902 847 1962 ὅστις
905 1901 1002 1973 ἐγώ
1058 1918 1071 1969 ;
1119 1901 1213 1953 ούκ
1269 1899 1608 1973 ἓπιγνώσκεις
1664 1903 1750 1952 τόν

153 1999 376 2064 συγγενῆ
412 1996 516 2059 ;Τί
583 2011 667 2044 σοι
708 1993 830 2064 οἷρα,
871 1990 1024 2062 ψυχή
1070 1989 1189 2064 ἐμὴ,
1235 1995 1293 2043 τὸ
1337 1989 1539 2063 συμϐάν
1575 2008 1696 2057 ;τις
1726 1991 1751 2041 6

149 2084 281 2154 πρὸς
328 2080 580 2132 ἀπώλειαν
632 2081 901 2153 ύποσύρας
954 2097 1052 2147 σε;
1090 2087 1190 2132 ποῦ
1239 2087 1326 2131 νῦν
1374 2083 1432 2132 τό
1483 2078 1752 2150 ἀγγελικόν

150 2168 306 2223 έκεῖνο
366 2177 557 2242 σχῆμα
607 2177 702 2229 τῆς
773 2171 1078 2242 παρθενίας,
1131 2176 1231 2221 ποῦ
1288 2169 1314 2220 6
1367 2167 1752 2240 ἐσταυρωμένος

151 2258 270 2332 βίος
319 2266 420 2312 ποῦ
477 2262 532 2311 τό
587 2265 680 2320 τῆς
748 2259 1067 2321 κατανύξεως
1127 2255 1355 2331 δάκρυον
1412 2277 1430 2329 ;
1489 2267 1596 2319 πῶς
1652 2256 1752 2308 ἀπὸ

148 2350 398 2402 τοσούτου
453 2356 552 2400 τῶν
623 2346 814 2421 ἀρετῶν
889 2347 1055 2419 ὕψους
1126 2348 1198 2409 εἰς
1257 2350 1486 2418 ἔσχατον
1550 2345 1754 2407 ἀπάτης

156 2437 422 2512 βάραθρον
465 2439 795 2508 κατηνέχθης
841 2452 855 2502 ;
889 2433 1037 2488 διατί
1073 2440 1145 2508 μή
1186 2455 1276 2508 μοι
1327 2440 1420 2492 τήν
1465 2433 1753 2506 ἀκήρυκτον

151 2525 344 2585 ἐκείνην
395 2533 486 2579 τοῦ
542 2524 737 2598 ἐχθροῦ
800 2527 984 2597 μάχην
1033 2523 1317 2600 ἕγνώρισας
1347 2543 1363 2595 ;
1398 2528 1546 2575 Διατί
1591 2527 1662 2594 μὴ
1695 2525 1752 2574 τὸ

152 2616 382 2688 χαλεπὸν
436 2615 594 2668 ἐκεῖνο
659 2623 848 2687 πτῶμα
899 2617 1042 2688 παρὰ
1110 2611 1282 2674 πόδας
1336 2614 1483 2674 εύθύς
1538 2611 1756 2684 ἐθριάμ-

153 2705 344 2767 ϐευσας
403 2723 417 2772 ;
482 2706 687 2766 πάντως
733 2703 792 2756 ἂν
845 2703 942 2776 ἐγώ
1003 2723 1088 2756 σοι
1133 2708 1224 2755 καὶ
1271 2703 1296 2754 6
1355 2702 1494 2774 φίλος
1533 2702 1756 2774 Ἐφραὶμ

154 2792 387 2869 δάκρυσι
438 2798 529 2846 καὶ
578 2790 797 2850 δεήσέσι
843 2795 908 2845 τὰ
954 2795 1085 2864 πρὸς
1126 2795 1214 2844 τὸν
1255 2795 1384 2844 Θεὸν
1417 2787 1758 2862 διεπρεσϐευ-

154 2885 362 2954 σάμεθα
412 2899 426 2912 ·
479 2883 610 2933 ἱνάτι
662 2888 910 2932 τοσοῦτον
956 2879 1247 2952 ἓμάκρυνας
1287 2879 1370 2947 ἀφ’
1416 2881 1561 2949 ἡμῶν
1615 2897 1628 2945 ;
1670 2883 1759 2929 καὶ

157 2973 291 3023 ἱνατί
330 2969 619 3028 ἐπελήσθην
668 2967 768 3020 ἀπό
816 2975 932 3033 σοῦ,
989 2969 1057 3028 ὡς
1107 2965 1207 3018 ἀπὸ
1261 2963 1488 3038 καρδίας
1534 2971 1756 3038 νεκρόςς

153 3063 219 3112 Τί
267 3066 521 3112 τοσοῦτον
572 3056 726 3117 ἑάλως
763 3064 825 3128 τῇ
883 3054 1199 3126 ἀπογνώσει,
1250 3057 1362 3114 ἣτις
1415 3052 1528 3105 ἐστὶ
1565 3057 1623 3104 τό
1671 3060 1760 3104 τοῦ

158 3155 390 3220 πονηροῦ
476 3148 702 3220 ἄφυκτον
767 3147 1075 3217 ἄγκιστρον,
1158 3145 1223 3203 ὡς
1290 3139 1429 3214 μηδὲ
1491 3138 1762 3214 φείδεσθαι

157 3235 337 3289 λοιπὸν
369 3235 572 3298 ἑαυτῆς,
616 3233 744 3286 ἀλλά
795 3236 860 3286 τὰ
897 3241 995 3285 τῶν
1026 3231 1324 3303 αἰσχίστων
1357 3226 1479 3282 ἀνεδ
1484 3250 1543 3288 ην
1569 3229 1760 3302 τολμᾷν

159 3332 249 3377 καὶ
271 3333 386 3387 ταῖς
414 3326 557 3398 παρὰ
581 3330 672 3376 τοῦ
699 3321 895 3397 ἐχθροῦ
926 3321 1155 3391 πληγαῖς
1184 3322 1278 3380 τάς
1298 3318 1419 3386 παρ’
1443 3318 1604 3379 αὐτῆς
1633 3337 1762 3392 προ-

165 3416 416 3483 στιθέναι,
445 3409 560 3465 δέον
592 3411 937 3469 διαναστῆναι
967 3409 1155 3482 μᾶλλον
1189 3413 1279 3460 καὶ
1321 3406 1505 3465 πολλὴν
1549 3406 1630 3458 ἐπὶ
1657 3414 1761 3468 τοῖς

164 3503 468 3575 τολμηθείσι
505 3506 600 3561 τήν
651 3499 986 3573 μεταμέλειαν
1027 3495 1392 3560 ἐπιδείξασθαι
1421 3513 1434 3564 ;
1465 3496 1575 3549 Ούκ
1614 3492 1760 3557 οἶδας

164 3595 230 3644 τὰ
283 3600 373 3645 τοῦ
423 3599 555 3645 Θεοῦ
611 3589 894 3661 σπλάγχνα
943 3593 1059 3662 περὶ
1117 3589 1251 3659 ἡμὰς
1316 3591 1401 3638 καὶ
1457 3588 1594 3646 ὃπως
1647 3583 1759 3637 ἐστὶ

167 3685 360 3756 μητρός
402 3677 898 3753 κηδεμονικώτερος,
949 3678 1106 3738 οὕτως
1148 3678 1280 3748 ἡμᾶς
1312 3676 1551 3746 συνάγειν
1582 3673 1760 3726 ἐθελων

169 3776 280 3832 (καὶ
339 3777 506 3822 ταῦτα
547 3769 1018 3840 καταφρονούμενος
1077 3765 1324 3824 πολλάκις
1380 3768 1470 3815 καὶ
1523 3767 1758 3835 παρορώο

169 3879 310 3932 μενος
365 3860 446 3930 ὑφ’
494 3857 662 3929 ἡμῶν)
705 3857 935 3929 καθάπερ
981 3856 1047 3906 τά
1096 3858 1287 3906 νοσσία
1339 3856 1476 3925 ὅρνις
1534 3853 1632 3903 ὑπὸ
1671 3853 1760 3911 τάς

173 3953 424 4022 πτέρυγας
464 3965 477 4014 ;
507 3949 600 3998 Διά
629 3951 794 3997 ταῦτα
822 3950 944 4015 γοῦν
975 3941 1110 4013 ἅψαι
1152 3942 1434 4014 παρακαλῶ
1466 3949 1562 4002 τῆς
1589 3939 1670 3992 ἐπὶ
1696 3942 1762 3992 τά

169 4042 382 4111 κρείττω
413 4037 684 4108 φερούσης,
715 4037 805 4084 καὶ
839 4036 967 4104 πρὸς
997 4039 1086 4091 τῆς
1117 4029 1244 4101 ἐμῆς
1289 4029 1488 4093 πολιᾶς,
1519 4035 1602 4080 ναὶ
1633 4032 1762 4101 πρὸς

169 4136 268 4179 τῶν
299 4125 382 4178 ἐπὶ
406 4129 487 4177 σοὶ
508 4127 672 4176 πόνων
702 4127 790 4174 καὶ
811 4129 910 4173 τῶν
938 4119 1209 4195 ἀφορήτων
1240 4127 1334 4180 τῆς
1353 4118 1539 4190 ψυχῆς
1563 4116 1760 4170 ὀδυνῶν

170 4215 369 4268 ἐκείνων
398 4217 488 4265 καὶ
516 4221 606 4272 τῆς
626 4211 815 4273 πολλῆς
844 4212 1039 4271 ταύτης
1089 4207 1310 4281 ἀθυμίας
1345 4227 1396 4260 τε
1425 4212 1514 4259 καὶ
1549 4209 1762 4278 συγχύ-

172 4323 320 4368 σεως,
352 4301 488 4372 ἅψαι
520 4307 616 4361 τῆς
639 4303 891 4373 προτέρας
931 4294 1198 4368 διαγωγῆς
1229 4314 1242 4327 ·
1283 4301 1372 4347 καὶ
1403 4292 1494 4356 δός
1529 4314 1619 4366 μοι
1648 4313 1763 4365 μικ-

169 4396 259 4468 ρὸν
286 4390 604 4443 ἀναπνεῦσαι
631 4393 722 4440 καὶ
750 4392 821 4460 μὴ
843 4388 972 4460 μετά
999 4385 1161 4445 λύπης
1187 4383 1258 4444 εἰς
1279 4381 1411 4454 ᾅδου
1433 4387 1488 4435 τό
1513 4391 1683 4455 γῆρας
1707 4384 1765 4433 τό

178 4480 298 4554 ἕμόν
328 4477 706 4552 παραπίμψης.

246 4567 366 4634 Κς’.
411 4573 591 4620 Ταῦτα
643 4567 776 4637 πρὸς
847 4567 940 4621 τήν
995 4561 1205 4634 ἀνεψιὰν
1260 4561 1418 4633 λέγων
1470 4559 1763 4633 Ἀϐράμιος,

173 4659 318 4733 παρὰ
364 4658 534 4726 κωφόν
581 4650 729 4725 ᾄδειν
779 4648 952 4705 ἐδόκει
1007 4669 1020 4681 ⁶
1070 4655 1300 4704 νεύσασα
1350 4651 1446 4724 γὰρ
1492 4652 1630 4701 κάτω
1679 4653 1768 4701 καὶ

173 4752 268 4806 τήν
299 4749 469 4819 φωνήν
517 4745 616 4796 ὑπὸ
657 4750 747 4804 τῆς
795 4741 988 4804 πολλῆς
1026 4739 1221 4803 ἐκείνης
1250 4739 1511 4810 αἰσχύνης
1557 4736 1770 4809 ἐπισχε-

177 4839 346 4902 θεῖσα,
401 4833 606 4891 ἑστήκει
637 4833 814 4905 ὁρῶσα
861 4830 927 4891 εἰς
972 4839 1072 4901 γῆν
1118 4834 1208 4881 καὶ
1257 4827 1418 4881 πολλά
1464 4835 1555 4880 τοῦ
1603 4846 1768 4900 προσ-

175 4931 317 4978 ώπου
376 4921 588 4995 ἀφιεῖσα
639 4927 919 4994 χρώματα,
975 4917 1027 4982 ἕξ
1083 4919 1149 4970 ὧν
1189 4921 1219 4976 ἣ
1278 4936 1330 4969 τε
1386 4916 1582 4988 ἀγωνία
1619 4920 1706 4968 καὶ
1735 4917 1764 4973 ἠ

174 5016 388 5088 ταραχὴ
441 5019 537 5073 τῆς
571 5009 759 5081 ψυχῆς
810 5005 1062 5066 ἐδηλοῦτο
1098 5045 1112 5058 .
1158 5005 1232 5078 ἐφ’
1277 5007 1355 5067 οἷς
1397 5004 1582 5066 ἕκεῖνος
1636 5004 1769 5056 οὕτω

175 5102 542 5174 συγχυθεῖσαν
595 5098 757 5156 αὐτὴν
815 5095 1186 5164 ἀνακτώμενος,
1243 5096 1376 5164 μετά
1433 5093 1624 5156 πολλῆς
1680 5101 1770 5153 τῆς

171 5195 469 5265 πραότητος
521 5190 610 5240 καὶ
688 5195 780 5247 τῆς
833 5183 1102 5245 ἓπιεικείας
1151 5199 1165 5214 ⁶
1222 5187 1391 5250 Διατί,
1473 5183 1513 5233 ὦ
1574 5186 1767 5246 τέκνον,

174 5276 296 5334 οῦδὶ
325 5278 578 5350 ἀποκρίνῃ
630 5294 717 5349 μοι
748 5291 762 5342 ;
795 5276 884 5348 ἕρη
941 5291 954 5304 ·
995 5272 1087 5326 οῦκ
1118 5268 1287 5339 οἶδας,
1322 5273 1399 5325 ὃτι
1429 5268 1522 5324 διὰ
1573 5273 1631 5324 σε
1676 5274 1770 5330 τήν

174 5370 438 5425 τοσαύτην
475 5362 598 5418 ὁδόν
640 5362 947 5436 ἕστειλάμην
1004 5378 1020 5430 ;
1059 5361 1152 5414 ούκ
1204 5357 1369 5426 οἶδας,
1412 5361 1495 5413 ότι
1541 5356 1636 5413 διὰ
1679 5363 1772 5419 τὴν

179 5462 273 5518 σήν
317 5463 486 5510 ταῦτα
536 5454 706 5507 πάντα
763 5455 1027 5526 σωτηρίαν
1080 5452 1453 5523 ὑπεκρινάμην,
1507 5451 1565 5501 τό
1617 5467 1773 5522 στρα-

180 5547 418 5599 τιωτικὸν
454 5551 550 5604 τῆς
599 5540 802 5608 στολῆς,
851 5543 938 5594 τὸν
982 5542 1164 5615 ἔρωτα,
1197 5543 1291 5597 τὴν
1319 5541 1682 5613 ξκρεωφαγίαν,
1716 5535 1770 5587 ὃν

466 5642 709 5696 ΡΔἸἬΟΒ.
751 5639 860 5693 Gn.
905 5639 1056 5692 CXV.

1856 1830 1998 1869 nam
2029 1829 2141 1884 ego
2172 1814 2282 1869 sim
2315 1815 2343 1869 ?
2372 1817 2498 1870 Non
2525 1817 2804 1885 agnoscis
2831 1822 3154 1886 cognatum
3183 1818 3212 1873 ?
3243 1818 3396 1884 Quid
3425 1822 3516 1874 est

1857 1903 2063 1959 anima
2088 1917 2242 1969 mea,
2273 1902 2438 1974 quod
2465 1903 2568 1959 tibi
2595 1904 2854 1959 accidit?
2879 1905 3020 1970 Quis
3045 1909 3150 1971 est,
3174 1909 3277 1977 qui
3309 1911 3364 1962 te
3391 1910 3512 1962 tra-

1857 1990 1940 2046 xit
1969 1992 2045 2046 ad
2077 1990 2376 2046 interitum
2400 1991 2430 2044 ‘2
2460 1992 2566 2047 Ubi
2597 2008 2752 2048 nunc
2773 1997 2864 2048 est
2896 1992 2990 2048 ille
3015 1993 3319 2065 angelicus
3343 1993 3508 2050 habi-

1859 2085 1950 2136 tus
1980 2079 2330 2150 virginitatis
2364 2080 2392 2135 ?
2420 2079 2528 2135 Ubi
2553 2086 2640 2135 est
2669 2081 2786 2136 vita
2816 2082 2976 2136 cruci
3005 2081 3191 2138 afﬁxa
3213 2082 3242 2136 ?
3274 2082 3380 2138 Ubi
3421 2088 3514 2138 est

1858 2168 2129 2240 lacryma
2146 2169 2621 2240 compunctionis
2644 2170 2671 2222 ?
2685 2170 2999 2235 Quomodo
3015 2173 3318 2226 tantarum
3333 2171 3513 2226 virtu-

1860 2261 1990 2312 tum
2020 2256 2327 2312 altitudine
2353 2257 2712 2313 descendisti
2743 2259 2820 2314 ad
2852 2258 3128 2314 ultimum
3159 2258 3511 2316 barathrum

1861 2345 2224 2416 deceptionis
2248 2345 2276 2399 ?
2301 2347 2413 2401 Cur
2443 2345 2587 2401 mihi
2619 2362 2740 2402 non
2768 2348 2963 2402 statim
2986 2347 3332 2415 signiﬁcasti
3359 2353 3514 2404 atro-

1861 2450 1991 2489 cem
2022 2434 2183 2489 illam
2213 2449 2475 2506 pugnam
2507 2434 2728 2490 inimici
2758 2435 2786 2489 ?
2811 2434 2924 2490 Cur
2953 2451 3072 2490 non
3103 2435 3177 2490 de
3214 2436 3380 2504 gravi
3411 2435 3510 2492 illo

1860 2522 2033 2594 lapsu
2062 2537 2093 2576 e
2127 2523 2370 2592 vestigio
2401 2523 2779 2595 triumphasti
2804 2521 2833 2576 7
2858 2524 3114 2580 Omnino
3144 2539 3256 2593 ego
3286 2529 3342 2579 et
3372 2525 3511 2580 cha-

1860 2611 2134 2667 rissimus
2161 2611 2433 2684 Ephraem
2465 2611 2749 2684 lacrymis
2770 2616 2827 2666 et
2847 2611 3123 2683 precibus
3149 2628 3257 2682 pro
3280 2617 3334 2668 te
3357 2613 3510 2684 apud

1864 2703 2047 2756 Deum
2079 2700 2640 2756 intercessissemus.
2672 2703 2784 2756 Cur
2813 2704 2868 2755 te
2892 2705 3125 2757 tantum
3155 2701 3448 2771 elongasti
3473 2717 3511 2758 a

1863 2789 2057 2854 nobis,
2089 2793 2147 2843 et
2183 2805 2288 2844 cur
2327 2804 2364 2844 a
2394 2794 2448 2844 te
2487 2788 2776 2844 oblivioni
2805 2789 2982 2844 datus
3022 2805 3176 2856 sum,
3219 2794 3511 2862 tanquam

1867 2883 2137 2933 mortuus
2175 2893 2211 2934 a
2249 2877 2426 2932 corde
2465 2877 2494 2932 εἴ
2533 2879 2644 2933 Cur
2674 2883 2728 2932 te
2767 2877 2918 2934 adeo
2959 2878 3112 2950 cepit
3148 2877 3508 2950 desperatio,

1866 2981 1997 3037 quae
2017 2968 2106 3020 est
2135 2965 2378 3035 maligni
2398 2966 2616 3022 hamus
2637 2966 3004 3031 inevitabilis,
3035 2973 3095 3022 ut
3113 2981 3221 3022 nec
3242 2967 3350 3023 tibi
3373 2966 3514 3039 qui-

1798 3089 1838 3146 ρ
1869 3054 2005 3108 dem
2037 3055 2370 3124 peperceris
2399 3054 2704 3126 deinceps,
2737 3055 2842 3110 sed
2879 3055 3275 3111 inverecunde
3307 3054 3514 3112 feceris

1870 3157 1938 3196 ea
1967 3157 2093 3212 quae
2119 3146 2255 3195 sunt
2280 3142 2637 3212 turpissima,
2658 3147 2714 3198 et
2733 3142 2950 3198 inimici
2975 3143 3168 3215 plagis
3189 3148 3322 3200 tuas
3349 3144 3518 3215 adje-

1871 3227 2057 3284 ceris:
2092 3244 2230 3283 cum
2264 3233 2559 3300 oporteret
2589 3231 2786 3299 potius
2826 3246 3158 3300 exsurgere,
3189 3236 3245 3286 et
3273 3237 3517 3303 propter

1870 3332 1940 3372 ea
1953 3333 2079 3388 quae
2091 3317 2161 3372 ad
2171 3315 2436 3382 miseras,
2454 3331 2738 3386 magnam
2753 3318 3055 3372 ostendere
3069 3320 3517 3390 paenitentiam?

1869 3408 1994 3461 Non
2034 3406 2191 3461 nosti
2233 3406 2330 3460 Dei
2372 3405 2432 3460 in
2472 3421 2581 3460 nos
2611 3406 2859 3473 viscera,
2901 3412 2957 3461 et
2995 3407 3516 3478 quemadmodum

1869 3494 2054 3549 nostri
2086 3509 2293 3548 curam
2323 3491 2468 3563 gerit
2492 3493 2684 3562 magis
2715 3510 2900 3565 quam
2946 3498 3157 3559 mater,
3191 3500 3252 3550 ut
3277 3494 3380 3566 qui
3407 3509 3517 3550 nos

1872 3581 2010 3637 velit
2037 3596 2401 3651 congregare
2431 3581 2634 3654 (idque
2666 3597 2804 3638 cum
2851 3598 3008 3654 saepe
3052 3598 3088 3638 a
3118 3583 3292 3638 nobis
3321 3590 3518 3639 conte-

1871 3675 2127 3734 mnatur,
2153 3675 2210 3725 et
2233 3669 2612 3742 despiciatur)
2639 3685 2759 3725 non
2783 3686 2954 3725 secus
2980 3686 3049 3726 ac
3075 3671 3299 3741 gallina
3325 3671 3519 3742 pullos

1870 3774 2009 3814 suos
2048 3757 2160 3812 sub
2191 3757 2298 3813 alis
2323 3758 2350 3813 ’ἱ
2383 3758 2701 3829 Propterea
2741 3774 2884 3830 ergo
2923 3774 3068 3828 rogo
3100 3764 3175 3823 te,
3209 3759 3288 3815 ini
3330 3759 3515 3825 viam,

1869 3864 2004 3920 quae
2034 3846 2196 3902 ducit
2233 3847 2311 3902 ad
2346 3846 2614 3903 meliora.
2657 3849 2841 3917 Rogo,
2877 3848 3149 3921 inquam,
3198 3864 3304 3921 per
3348 3864 3516 3905 meos

1869 3952 2074 4001 canos,
2107 3952 2213 4008 per
2250 3935 2485 3991 labores
2519 3939 2762 4006 propter
2810 3942 2862 3992 te
2908 3941 3241 4009 susceptos,
3289 3942 3346 3993 et
3388 3937 3520 3993 illas

1871 4023 2267 4080 intolerabiles
2293 4022 2474 4080 animi
2493 4023 2894 4094 (egritudines,
2926 4025 3152 4080 ethunc
3177 4041 3515 4092 maerorem,

1872 4119 1927 4169 et
1956 4113 2388 4178 confusionem,
2409 4111 2532 4167 redi
2560 4113 2635 4168 ad
2659 4113 2914 4183 priorem
2939 4112 3176 4169 vivendi
3199 4115 3514 4171 rationem.

1874 4201 2142 4258 Concede
2173 4201 2338 4266 mihi,
2373 4205 2433 4255 ut
2477 4200 2786 4271 paululum
2837 4202 3144 4272 respirem,
3196 4207 3254 4258 et
3276 4217 3350 4258 ne
3379 4219 3518 4260 cum

1874 4289 2078 4346 dolore
2118 4304 2315 4345 meam
2347 4293 2709 4344 senectutem
2756 4289 3125 4345 transmittas
3169 4289 3246 4345 ad
3288 4289 3511 4348 inferos

1945 4553 2116 4609 XXVI.
2148 4553 2277 4607 Haec
2313 4550 2450 4606 ﬁliae
2492 4549 2686 4606 fratris
2727 4551 2931 4607 dicens
2970 4551 3307 4620 Abramius,
3356 4554 3521 4612 vide-

1875 4643 2052 4700 batur
2078 4640 2260 4696 surdo
2281 4656 2512 4696 canere.
2545 4643 2832 4696 Deorsum
2855 4641 3015 4697 enim
3039 4641 3100 4696 in
3119 4648 3336 4699 terram
3354 4643 3522 4700 incli-

1875 4736 2018 4788 nata
2042 4729 2205 4795 facie,
2238 4735 2295 4785 et
2322 4745 2442 4800 prae
2475 4745 2693 4800 magno
2723 4729 2822 4784 illo
2848 4730 3078 4802 pudore
3107 4731 3238 4801 ejus
3268 4747 3408 4787 voce
3434 4748 3522 4789 re-

1876 4836 2104 4893 pressa,
2138 4819 2334 4874 stabat
2363 4822 2576 4873 terram
2615 4819 2852 4874 intuens
2899 4838 2910 4876 :
2946 4834 3016 4874 ex
3048 4819 3269 4890 quibus
3299 4819 3521 4890 signiﬁ-

1876 4909 2126 4965 cabatur
2153 4921 2341 4976 angor
2378 4911 2434 4962 et
2472 4905 2654 4962 animi
2695 4905 3076 4978 perturbatio.
3116 4908 3520 4973 Quamobrem

1875 4997 1970 5054 ille
1991 5012 2124 5052 eam
2149 4996 2234 5051 sic
2245 4994 2557 5051 confusam
2570 5010 2863 5060 recreans,
2884 5011 3022 5050 cum
3044 5011 3268 5064 magna
3284 4996 3522 5054 lenitate

1877 5092 1934 5144 et
1963 5085 2363 5142 moderatione
2405 5099 2418 5140 :
2461 5085 2592 5148 Cur,
2625 5084 2831 5156 inquit,
2865 5099 2902 5139 o
2933 5083 3076 5149 ﬁlia,
3116 5088 3183 5139 tu
3223 5085 3370 5141 mihi
3402 5103 3524 5144 non

1877 5173 2202 5246 respondes
2223 5171 2253 5228 ?
2282 5173 2480 5228 Nescis
2507 5188 2600 5228 me
2633 5176 2873 5242 propter
2905 5176 2956 5227 te
2997 5175 3227 5228 tantum
3257 5173 3365 5229 iter
3393 5190 3525 5231 esse

1877 5266 2212 5336 ingressum
2251 5261 2280 5318 ?
2319 5261 2517 5318 Nescis
2558 5277 2653 5316 me
2695 5264 2932 5332 propter
2970 5266 3043 5325 te,
3087 5267 3329 5333 propter
3358 5267 3526 5319 tuam

1880 5353 2133 5411 salutem
2163 5351 2292 5407 hac
2321 5350 2526 5406 omnia
2554 5347 2891 5414 simulasse,
2921 5353 3146 5406 vestem
3186 5349 3529 5416 militarem,

1881 5456 2167 5505 amorem,
2188 5453 2356 5494 esum
2374 5435 2666 5504 carnium,
2683 5451 2857 5508 quem
2871 5437 2982 5493 scis
2996 5437 3315 5493 nihilaliud
3327 5452 3529 5501 nosse,

1881 5534 2091 5605 praeter
2127 5527 2334 5584 cellam
2364 5531 2420 5581 et
2463 5524 2761 5581 silentium
2782 5526 2810 5582 7
2843 5525 2966 5581 Non
2997 5529 3084 5581 est
3113 5526 3299 5581 ullum
3322 5538 3532 5595 pecca-

3162 5623 3196 5679 3
